  <div class='ocr_page' id='page_1' title='image "/cluster/home/n/w/nwhite01/storage/ocr_20150623/11/pst.000005711918/096.png"; bbox 0 0 4118 6308; ppageno 0'>
   <div class='ocr_carea' id='block_1_1' title="bbox 229 454 338 522">
    <p class='ocr_par' dir='ltr' id='par_1_1' title="bbox 229 454 338 522">
     <span class='ocr_line' id='line_1_1' title="bbox 229 454 338 522; baseline 0.064 -7"><span class='ocrx_word' id='word_1_1' title='bbox 229 454 338 522; x_wconf 69' lang='lat'><strong>1-33</strong></span> 
     </span>
    </p>
   </div>
   <div class='ocr_carea' id='block_1_2' title="bbox 1590 462 2097 521">
    <p class='ocr_par' dir='ltr' id='par_1_2' title="bbox 1590 462 2097 521">
     <span class='ocr_line' id='line_1_2' title="bbox 1590 462 2097 521; baseline 0.008 -4"><span class='ocrx_word' id='word_1_2' title='bbox 1590 462 1788 519; x_wconf 78' lang='lat' dir='ltr'><strong>LIBER</strong></span> <span class='ocrx_word' id='word_1_3' title='bbox 1825 462 2097 521; x_wconf 77' lang='lat' dir='ltr'><strong>PRIMUS.</strong></span> 
     </span>
    </p>
   </div>
   <div class='ocr_carea' id='block_1_3' title="bbox 3326 466 3426 515">
    <p class='ocr_par' dir='ltr' id='par_1_3' title="bbox 3326 466 3426 515">
     <span class='ocr_line' id='line_1_3' title="bbox 3326 466 3426 515; baseline -0.02 0"><span class='ocrx_word' id='word_1_4' title='bbox 3326 466 3348 515; x_wconf 74' lang='grc'><strong>1</strong></span> <span class='ocrx_word' id='word_1_5' title='bbox 3360 467 3426 515; x_wconf 63' lang='grc' dir='ltr'>ω</span> 
     </span>
    </p>
   </div>
   <div class='ocr_carea' id='block_1_4' title="bbox 227 563 3421 648">
    <p class='ocr_par' dir='ltr' id='par_1_4' title="bbox 227 563 3421 648">
     <span class='ocr_line' id='line_1_4' title="bbox 227 563 3421 648; baseline -0.001 -21"><span class='ocrx_word' id='word_1_6' title='bbox 227 563 561 648; x_wconf 80' lang='lat' dir='ltr'><strong>deponentes</strong></span> <span class='ocrx_word' id='word_1_7' title='bbox 585 582 815 630; x_wconf 86' lang='lat' dir='ltr'><strong>veterem</strong></span> <span class='ocrx_word' id='word_1_8' title='bbox 845 573 1111 629; x_wconf 85' lang='lat' dir='ltr'><strong>hominem</strong></span> <span class='ocrx_word' id='word_1_9' title='bbox 1155 590 1274 629; x_wconf 92' lang='lat' dir='ltr'><strong>cum</strong></span> <span class='ocrx_word' id='word_1_10' title='bbox 1308 576 1514 629; x_wconf 78' lang='lat' dir='ltr'><strong>actibus</strong></span> <span class='ocrx_word' id='word_1_11' title='bbox 1551 577 1682 644; x_wconf 82' lang='lat' dir='ltr'><strong>suis,</strong></span> <span class='ocrx_word' id='word_1_12' title='bbox 1714 578 1769 630; x_wconf 93' lang='lat' dir='ltr'><strong>in</strong></span> <span class='ocrx_word' id='word_1_13' title='bbox 1799 586 1845 640; x_wconf 79' lang='grc' dir='ltr'><strong>Α</strong></span> <span class='ocrx_word' id='word_1_14' title='bbox 1875 578 2000 632; x_wconf 85' lang='grc' dir='ltr'><strong>ιιιῐιιί</strong></span> <span class='ocrx_word' id='word_1_15' title='bbox 2030 577 2154 632; x_wconf 85' lang='lat' dir='ltr'><strong>Jesn</strong></span> <span class='ocrx_word' id='word_1_16' title='bbox 2186 577 2383 633; x_wconf 91' lang='lat' dir='ltr'><strong>Christi</strong></span> <span class='ocrx_word' id='word_1_17' title='bbox 2416 576 2739 645; x_wconf 62' lang='lat' dir='ltr'><strong>przccipuum</strong></span> <span class='ocrx_word' id='word_1_18' title='bbox 2767 573 3035 643; x_wconf 85' lang='lat' dir='ltr'><strong>quoddam</strong></span> <span class='ocrx_word' id='word_1_19' title='bbox 3062 572 3421 628; x_wconf 76' lang='lat' dir='ltr'><strong>ministerium</strong></span> 
     </span>
    </p>
   </div>
   <div class='ocr_carea' id='block_1_5' title="bbox 230 666 1779 735">
    <p class='ocr_par' dir='ltr' id='par_1_5' title="bbox 230 666 1779 735">
     <span class='ocr_line' id='line_1_5' title="bbox 230 666 1779 735; baseline 0.001 -13"><span class='ocrx_word' id='word_1_20' title='bbox 230 668 471 722; x_wconf 85' lang='lat' dir='ltr'><strong>novitate</strong></span> <span class='ocrx_word' id='word_1_21' title='bbox 509 667 633 719; x_wconf 73' lang='lat' dir='ltr'><strong>vitae</strong></span> <span class='ocrx_word' id='word_1_22' title='bbox 683 667 947 735; x_wconf 68' lang='lat' dir='ltr'><strong>coeperint</strong></span> <span class='ocrx_word' id='word_1_23' title='bbox 995 666 1292 720; x_wconf 87' lang='lat' dir='ltr'><strong>ambulare.</strong></span> <span class='ocrx_word' id='word_1_24' title='bbox 1344 667 1407 721; x_wconf 87' lang='lat' dir='ltr'><strong>Et</strong></span> <span class='ocrx_word' id='word_1_25' title='bbox 1462 668 1581 722; x_wconf 89' lang='lat' dir='ltr'><strong>ideo</strong></span> <span class='ocrx_word' id='word_1_26' title='bbox 1613 670 1675 723; x_wconf 89' lang='lat' dir='ltr'><strong>de</strong></span> <span class='ocrx_word' id='word_1_27' title='bbox 1714 684 1779 723; x_wconf 90' lang='lat' dir='ltr'><strong>eo</strong></span> 
     </span>
    </p>
   </div>
   <div class='ocr_carea' id='block_1_6' title="bbox 228 757 1781 829">
    <p class='ocr_par' dir='ltr' id='par_1_6' title="bbox 228 757 1781 829">
     <span class='ocr_line' id='line_1_6' title="bbox 228 757 1781 829; baseline 0.004 -20"><span class='ocrx_word' id='word_1_28' title='bbox 228 766 597 828; x_wconf 86' lang='lat' dir='ltr'><strong>competenter</strong></span> <span class='ocrx_word' id='word_1_29' title='bbox 632 758 851 822; x_wconf 88' lang='lat' dir='ltr'><strong>dicitur,</strong></span> <span class='ocrx_word' id='word_1_30' title='bbox 885 757 1009 826; x_wconf 90' lang='lat' dir='ltr'><strong>quia</strong></span> <span class='ocrx_word' id='word_1_31' title='bbox 1046 772 1151 810; x_wconf 92' lang='lat' dir='ltr'><strong>non</strong></span> <span class='ocrx_word' id='word_1_32' title='bbox 1204 758 1255 810; x_wconf 94' lang='lat' dir='ltr'><strong>in</strong></span> <span class='ocrx_word' id='word_1_33' title='bbox 1304 758 1572 826; x_wconf 88' lang='lat' dir='ltr'><strong>omnibus,</strong></span> <span class='ocrx_word' id='word_1_34' title='bbox 1606 774 1781 829; x_wconf 91' lang='lat' dir='ltr'><strong>neque</strong></span> 
     </span>
    </p>
   </div>
   <div class='ocr_carea' id='block_1_7' title="bbox 224 848 1773 920">
    <p class='ocr_par' dir='ltr' id='par_1_7' title="bbox 224 848 1773 920">
     <span class='ocr_line' id='line_1_7' title="bbox 224 848 1773 920; baseline 0 -17"><span class='ocrx_word' id='word_1_35' title='bbox 224 848 281 903; x_wconf 76' lang='lat' dir='ltr'><strong>in</strong></span> <span class='ocrx_word' id='word_1_36' title='bbox 313 850 400 903; x_wconf 88' lang='lat' dir='ltr'><strong>his</strong></span> <span class='ocrx_word' id='word_1_37' title='bbox 439 850 527 916; x_wconf 89' lang='lat' dir='ltr'><strong>qui</strong></span> <span class='ocrx_word' id='word_1_38' title='bbox 563 864 691 902; x_wconf 90' lang='lat' dir='ltr'><strong>caro</strong></span> <span class='ocrx_word' id='word_1_39' title='bbox 716 856 859 913; x_wconf 89' lang='lat' dir='ltr'><strong>sunt,</strong></span> <span class='ocrx_word' id='word_1_40' title='bbox 894 848 987 901; x_wconf 92' lang='lat' dir='ltr'><strong>sed</strong></span> <span class='ocrx_word' id='word_1_41' title='bbox 1036 848 1087 901; x_wconf 92' lang='lat' dir='ltr'><strong>in</strong></span> <span class='ocrx_word' id='word_1_42' title='bbox 1120 848 1201 901; x_wconf 89' lang='lat' dir='ltr'><strong>his</strong></span> <span class='ocrx_word' id='word_1_43' title='bbox 1231 863 1458 917; x_wconf 85' lang='lat' dir='ltr'><strong>quorum</strong></span> <span class='ocrx_word' id='word_1_44' title='bbox 1504 858 1645 903; x_wconf 89' lang='lat' dir='ltr'><strong>terra</strong></span> <span class='ocrx_word' id='word_1_45' title='bbox 1691 866 1773 920; x_wconf 80' lang='lat' dir='ltr'><strong>re-</strong></span> 
     </span>
    </p>
   </div>
   <div class='ocr_carea' id='block_1_8' title="bbox 225 924 1781 1011">
    <p class='ocr_par' dir='ltr' id='par_1_8' title="bbox 225 924 1781 1011">
     <span class='ocr_line' id='line_1_8' title="bbox 225 924 1781 1011; baseline 0.004 -22"><span class='ocrx_word' id='word_1_46' title='bbox 225 948 423 992; x_wconf 87' lang='lat' dir='ltr'><strong>novata</strong></span> <span class='ocrx_word' id='word_1_47' title='bbox 469 938 647 1003; x_wconf 79' lang='lat' dir='ltr'><strong>fuerit,</strong></span> <span class='ocrx_word' id='word_1_48' title='bbox 680 939 911 1009; x_wconf 87' lang='lat' dir='ltr'><strong>Spiritus</strong></span> <span class='ocrx_word' id='word_1_49' title='bbox 949 948 1173 993; x_wconf 89' lang='lat' dir='ltr'><strong>sanctus</strong></span> <span class='ocrx_word' id='word_1_50' title='bbox 1210 939 1492 995; x_wconf 88' lang='lat' dir='ltr'><strong>habitabit.</strong></span> <span class='ocrx_word' id='word_1_51' title='bbox 1544 924 1781 1011; x_wconf 77' lang='lat' dir='ltr'><strong>Denique</strong></span> 
     </span>
    </p>
   </div>
   <div class='ocr_carea' id='block_1_9' title="bbox 226 1032 1778 1102">
    <p class='ocr_par' dir='ltr' id='par_1_9' title="bbox 226 1032 1778 1102">
     <span class='ocr_line' id='line_1_9' title="bbox 226 1032 1778 1102; baseline 0.004 -19"><span class='ocrx_word' id='word_1_52' title='bbox 226 1032 438 1086; x_wconf 83' lang='lat' dir='ltr'><strong>idcirco</strong></span> <span class='ocrx_word' id='word_1_53' title='bbox 491 1047 587 1101; x_wconf 88' lang='lat' dir='ltr'><strong>per</strong></span> <span class='ocrx_word' id='word_1_54' title='bbox 638 1033 1033 1101; x_wconf 89' lang='lat' dir='ltr'><strong>impositionem</strong></span> <span class='ocrx_word' id='word_1_55' title='bbox 1098 1049 1353 1088; x_wconf 86' lang='lat' dir='ltr'><strong>manuum</strong></span> <span class='ocrx_word' id='word_1_56' title='bbox 1415 1036 1778 1102; x_wconf 84' lang='lat' dir='ltr'><strong>apostolorum</strong></span> 
     </span>
    </p>
   </div>
   <div class='ocr_carea' id='block_1_10' title="bbox 224 1124 1780 1195">
    <p class='ocr_par' dir='ltr' id='par_1_10' title="bbox 224 1124 1780 1195">
     <span class='ocr_line' id='line_1_10' title="bbox 224 1124 1780 1195; baseline 0.005 -22"><span class='ocrx_word' id='word_1_57' title='bbox 224 1132 351 1193; x_wconf 84' lang='lat' dir='ltr'><strong>post</strong></span> <span class='ocrx_word' id='word_1_58' title='bbox 385 1124 710 1192; x_wconf 84' lang='lat' dir='ltr'><strong>baptismum</strong></span> <span class='ocrx_word' id='word_1_59' title='bbox 741 1126 913 1194; x_wconf 84' lang='lat' dir='ltr'><strong>gratia</strong></span> <span class='ocrx_word' id='word_1_60' title='bbox 950 1134 1005 1180; x_wconf 91' lang='lat' dir='ltr'><strong>et</strong></span> <span class='ocrx_word' id='word_1_61' title='bbox 1034 1125 1294 1180; x_wconf 82' lang='lat' dir='ltr'><strong>revelatio</strong></span> <span class='ocrx_word' id='word_1_62' title='bbox 1336 1127 1507 1180; x_wconf 89' lang='lat' dir='ltr'><strong>sancti</strong></span> <span class='ocrx_word' id='word_1_63' title='bbox 1548 1129 1780 1195; x_wconf 88' lang='lat' dir='ltr'><strong>Spiritus</strong></span> 
     </span>
    </p>
   </div>
   <div class='ocr_carea' id='block_1_11' title="bbox 225 1214 1780 1286">
    <p class='ocr_par' dir='ltr' id='par_1_11' title="bbox 225 1214 1780 1286">
     <span class='ocr_line' id='line_1_11' title="bbox 225 1214 1780 1286; baseline 0.004 -19"><span class='ocrx_word' id='word_1_64' title='bbox 225 1214 568 1270; x_wconf 82' lang='lat' dir='ltr'><strong>tradebatur.</strong></span> <span class='ocrx_word' id='word_1_65' title='bbox 601 1215 706 1270; x_wconf 90' lang='lat' dir='ltr'><strong>Sed</strong></span> <span class='ocrx_word' id='word_1_66' title='bbox 731 1225 785 1271; x_wconf 91' lang='lat' dir='ltr'><strong>et</strong></span> <span class='ocrx_word' id='word_1_67' title='bbox 806 1216 1058 1271; x_wconf 87' lang='lat' dir='ltr'><strong>Salvator</strong></span> <span class='ocrx_word' id='word_1_68' title='bbox 1080 1228 1261 1272; x_wconf 87' lang='lat' dir='ltr'><strong>noster</strong></span> <span class='ocrx_word' id='word_1_69' title='bbox 1290 1230 1407 1286; x_wconf 87' lang='lat' dir='ltr'><strong>post</strong></span> <span class='ocrx_word' id='word_1_70' title='bbox 1432 1222 1780 1275; x_wconf 81' lang='lat' dir='ltr'><strong>resurrectio-</strong></span> 
     </span>
    </p>
   </div>
   <div class='ocr_carea' id='block_1_12' title="bbox 222 1309 1780 1378">
    <p class='ocr_par' dir='ltr' id='par_1_12' title="bbox 222 1309 1780 1378">
     <span class='ocr_line' id='line_1_12' title="bbox 222 1309 1780 1378; baseline 0.004 -19"><span class='ocrx_word' id='word_1_71' title='bbox 222 1321 378 1370; x_wconf 86' lang='lat' dir='ltr'><strong>nem,</strong></span> <span class='ocrx_word' id='word_1_72' title='bbox 400 1323 526 1362; x_wconf 85' lang='lat' dir='ltr'><strong>cum</strong></span> <span class='ocrx_word' id='word_1_73' title='bbox 559 1318 738 1362; x_wconf 81' lang='lat' dir='ltr'><strong>vetera</strong></span> <span class='ocrx_word' id='word_1_74' title='bbox 764 1309 872 1378; x_wconf 85' lang='lat' dir='ltr'><strong>jam</strong></span> <span class='ocrx_word' id='word_1_75' title='bbox 906 1310 1254 1375; x_wconf 85' lang='lat' dir='ltr'><strong>transissent,</strong></span> <span class='ocrx_word' id='word_1_76' title='bbox 1282 1319 1335 1365; x_wconf 88' lang='lat' dir='ltr'><strong>et</strong></span> <span class='ocrx_word' id='word_1_77' title='bbox 1371 1310 1510 1364; x_wconf 78' lang='lat' dir='ltr'><strong>facta</strong></span> <span class='ocrx_word' id='word_1_78' title='bbox 1554 1312 1780 1365; x_wconf 85' lang='lat' dir='ltr'><strong>fuissent</strong></span> 
     </span>
    </p>
   </div>
   <div class='ocr_carea' id='block_1_13' title="bbox 222 1399 1777 1472">
    <p class='ocr_par' dir='ltr' id='par_1_13' title="bbox 222 1399 1777 1472">
     <span class='ocr_line' id='line_1_13' title="bbox 222 1399 1777 1472; baseline 0.005 -22"><span class='ocrx_word' id='word_1_79' title='bbox 222 1399 410 1452; x_wconf 61' lang='lat' dir='ltr'><strong>omnia</strong></span> <span class='ocrx_word' id='word_1_80' title='bbox 443 1414 601 1464; x_wconf 86' lang='lat' dir='ltr'><strong>nova,</strong></span> <span class='ocrx_word' id='word_1_81' title='bbox 634 1414 803 1455; x_wconf 91' lang='lat' dir='ltr'><strong>novus</strong></span> <span class='ocrx_word' id='word_1_82' title='bbox 845 1400 959 1468; x_wconf 92' lang='lat' dir='ltr'><strong>ipse</strong></span> <span class='ocrx_word' id='word_1_83' title='bbox 1000 1401 1160 1455; x_wconf 91' lang='lat' dir='ltr'><strong>homo</strong></span> <span class='ocrx_word' id='word_1_84' title='bbox 1197 1413 1251 1455; x_wconf 90' lang='lat' dir='ltr'><strong>et</strong></span> <span class='ocrx_word' id='word_1_85' title='bbox 1296 1402 1680 1472; x_wconf 89' lang='lat' dir='ltr'><strong>primogenitus</strong></span> <span class='ocrx_word' id='word_1_86' title='bbox 1710 1419 1777 1457; x_wconf 73' lang='lat' dir='ltr'><strong>ex</strong></span> 
     </span>
    </p>
   </div>
   <div class='ocr_carea' id='block_1_14' title="bbox 225 1490 1777 1560">
    <p class='ocr_par' dir='ltr' id='par_1_14' title="bbox 225 1490 1777 1560">
     <span class='ocr_line' id='line_1_14' title="bbox 225 1490 1777 1560; baseline 0.003 -20"><span class='ocrx_word' id='word_1_87' title='bbox 225 1490 459 1545; x_wconf 81' lang='lat' dir='ltr'><strong>mortuis</strong></span> <span class='ocrx_word' id='word_1_88' title='bbox 491 1490 893 1560; x_wconf 82' lang='lat' dir='ltr'><strong>renovatis(89)</strong></span> <span class='ocrx_word' id='word_1_89' title='bbox 918 1505 1131 1560; x_wconf 90' lang='lat' dir='ltr'><strong>quoque</strong></span> <span class='ocrx_word' id='word_1_90' title='bbox 1159 1506 1252 1560; x_wconf 90' lang='lat' dir='ltr'><strong>per</strong></span> <span class='ocrx_word' id='word_1_91' title='bbox 1274 1491 1431 1545; x_wconf 77' lang='lat' dir='ltr'><strong>(idem</strong></span> <span class='ocrx_word' id='word_1_92' title='bbox 1459 1507 1565 1545; x_wconf 65' lang='lat' dir='ltr'><strong>sure</strong></span> <span class='ocrx_word' id='word_1_93' title='bbox 1597 1508 1777 1546; x_wconf 85' lang='lat' dir='ltr'><strong>resur-</strong></span> 
     </span>
    </p>
   </div>
   <div class='ocr_carea' id='block_1_15' title="bbox 224 1582 1779 1654">
    <p class='ocr_par' dir='ltr' id='par_1_15' title="bbox 224 1582 1779 1654">
     <span class='ocr_line' id='line_1_15' title="bbox 224 1582 1779 1654; baseline 0.001 -19"><span class='ocrx_word' id='word_1_94' title='bbox 224 1582 489 1636; x_wconf 84' lang='lat' dir='ltr'><strong>rectionis</strong></span> <span class='ocrx_word' id='word_1_95' title='bbox 541 1583 796 1651; x_wconf 84' lang='lat' dir='ltr'><strong>apostolis</strong></span> <span class='ocrx_word' id='word_1_96' title='bbox 848 1584 923 1636; x_wconf 78' lang='lat' dir='ltr'><strong>ait</strong></span> <span class='ocrx_word' id='word_1_97' title='bbox 956 1598 971 1635; x_wconf 90' lang='lat'><strong>:</strong></span> <span class='ocrx_word' id='word_1_98' title='bbox 1004 1584 1288 1653; x_wconf 71' lang='lat' dir='ltr'><strong>«Accipite</strong></span> <span class='ocrx_word' id='word_1_99' title='bbox 1339 1584 1599 1654; x_wconf 87' lang='lat' dir='ltr'><strong>Spiritum</strong></span> <span class='ocrx_word' id='word_1_100' title='bbox 1656 1601 1779 1638; x_wconf 89' lang='lat' dir='ltr'><strong>san-</strong></span> 
     </span>
    </p>
   </div>
   <div class='ocr_carea' id='block_1_16' title="bbox 220 1674 1780 1745">
    <p class='ocr_par' dir='ltr' id='par_1_16' title="bbox 220 1674 1780 1745">
     <span class='ocr_line' id='line_1_16' title="bbox 220 1674 1780 1745; baseline 0.002 -17"><span class='ocrx_word' id='word_1_101' title='bbox 220 1674 454 1729; x_wconf 74' lang='lat' dir='ltr'><strong>ctum“.</strong></span> <span class='ocrx_word' id='word_1_102' title='bbox 481 1694 500 1726; x_wconf 81' lang='grc' dir='ltr'><strong>ι</strong></span> <span class='ocrx_word' id='word_1_103' title='bbox 547 1675 659 1729; x_wconf 89' lang='lat' dir='ltr'><strong>lloc</strong></span> <span class='ocrx_word' id='word_1_104' title='bbox 704 1684 788 1729; x_wconf 88' lang='lat' dir='ltr'><strong>est</strong></span> <span class='ocrx_word' id='word_1_105' title='bbox 820 1675 1073 1729; x_wconf 89' lang='lat' dir='ltr'><strong>nimirum</strong></span> <span class='ocrx_word' id='word_1_106' title='bbox 1123 1678 1260 1744; x_wconf 89' lang='lat' dir='ltr'><strong>quod</strong></span> <span class='ocrx_word' id='word_1_107' title='bbox 1292 1686 1346 1730; x_wconf 92' lang='lat' dir='ltr'><strong>et</strong></span> <span class='ocrx_word' id='word_1_108' title='bbox 1374 1678 1487 1745; x_wconf 88' lang='lat' dir='ltr'><strong>ipse</strong></span> <span class='ocrx_word' id='word_1_109' title='bbox 1532 1676 1780 1732; x_wconf 80' lang='lat' dir='ltr'><strong>Salvator</strong></span> 
     </span>
    </p>
   </div>
   <div class='ocr_carea' id='block_1_17' title="bbox 223 1761 1776 1836">
    <p class='ocr_par' dir='ltr' id='par_1_17' title="bbox 223 1761 1776 1836">
     <span class='ocr_line' id='line_1_17' title="bbox 223 1761 1776 1836; baseline 0.001 -19"><span class='ocrx_word' id='word_1_110' title='bbox 223 1761 489 1818; x_wconf 85' lang='lat' dir='ltr'><strong>Dominus</strong></span> <span class='ocrx_word' id='word_1_111' title='bbox 534 1765 589 1818; x_wconf 92' lang='lat' dir='ltr'><strong>in</strong></span> <span class='ocrx_word' id='word_1_112' title='bbox 639 1766 931 1836; x_wconf 88' lang='lat' dir='ltr'><strong>Evangelio</strong></span> <span class='ocrx_word' id='word_1_113' title='bbox 979 1765 1376 1834; x_wconf 72' lang='lat' dir='ltr'><strong>designabat”,</strong></span> <span class='ocrx_word' id='word_1_114' title='bbox 1426 1783 1546 1822; x_wconf 90' lang='lat' dir='ltr'><strong>cum</strong></span> <span class='ocrx_word' id='word_1_115' title='bbox 1592 1768 1776 1820; x_wconf 88' lang='lat' dir='ltr'><strong>vinum</strong></span> 
     </span>
    </p>
   </div>
   <div class='ocr_carea' id='block_1_18' title="bbox 220 1850 1777 1928">
    <p class='ocr_par' dir='ltr' id='par_1_18' title="bbox 220 1850 1777 1928">
     <span class='ocr_line' id='line_1_18' title="bbox 220 1850 1777 1928; baseline 0.001 -17"><span class='ocrx_word' id='word_1_116' title='bbox 220 1871 422 1911; x_wconf 76' lang='lat' dir='ltr'><strong>novum</strong></span> <span class='ocrx_word' id='word_1_117' title='bbox 452 1856 503 1909; x_wconf 93' lang='lat' dir='ltr'><strong>in</strong></span> <span class='ocrx_word' id='word_1_118' title='bbox 532 1866 683 1911; x_wconf 91' lang='lat' dir='ltr'><strong>utres</strong></span> <span class='ocrx_word' id='word_1_119' title='bbox 721 1850 861 1910; x_wconf 85' lang='lat' dir='ltr'><strong>mitti</strong></span> <span class='ocrx_word' id='word_1_120' title='bbox 898 1870 1057 1926; x_wconf 89' lang='lat' dir='ltr'><strong>posse</strong></span> <span class='ocrx_word' id='word_1_121' title='bbox 1088 1867 1300 1912; x_wconf 90' lang='lat' dir='ltr'><strong>veteres</strong></span> <span class='ocrx_word' id='word_1_122' title='bbox 1329 1859 1647 1928; x_wconf 71' lang='lat' dir='ltr'><strong>denegabat,</strong></span> <span class='ocrx_word' id='word_1_123' title='bbox 1680 1860 1777 1915; x_wconf 88' lang='lat' dir='ltr'><strong>sed</strong></span> 
     </span>
    </p>
   </div>
   <div class='ocr_carea' id='block_1_19' title="bbox 213 1947 1777 2019">
    <p class='ocr_par' dir='ltr' id='par_1_19' title="bbox 213 1947 1777 2019">
     <span class='ocr_line' id='line_1_19' title="bbox 213 1947 1777 2019; baseline 0.005 -21"><span class='ocrx_word' id='word_1_124' title='bbox 213 1947 446 2017; x_wconf 86' lang='lat' dir='ltr'><strong>jnbchat</strong></span> <span class='ocrx_word' id='word_1_125' title='bbox 490 1955 638 2003; x_wconf 84' lang='lat' dir='ltr'><strong>utres</strong></span> <span class='ocrx_word' id='word_1_126' title='bbox 684 1950 799 2003; x_wconf 82' lang='lat' dir='ltr'><strong>ﬁeri</strong></span> <span class='ocrx_word' id='word_1_127' title='bbox 849 1965 1014 2003; x_wconf 89' lang='lat' dir='ltr'><strong>novos</strong></span> <span class='ocrx_word' id='word_1_128' title='bbox 1037 1950 1172 2019; x_wconf 83' lang='lat'><strong>(90).</strong></span> <span class='ocrx_word' id='word_1_129' title='bbox 1227 1951 1279 2003; x_wconf 93' lang='lat' dir='ltr'><strong>id</strong></span> <span class='ocrx_word' id='word_1_130' title='bbox 1327 1962 1410 2005; x_wconf 91' lang='lat' dir='ltr'><strong>est</strong></span> <span class='ocrx_word' id='word_1_131' title='bbox 1445 1953 1689 2006; x_wconf 86' lang='lat' dir='ltr'><strong>homines</strong></span> <span class='ocrx_word' id='word_1_132' title='bbox 1725 1953 1777 2006; x_wconf 90' lang='lat' dir='ltr'><strong>in</strong></span> 
     </span>
    </p>
   </div>
   <div class='ocr_carea' id='block_1_20' title="bbox 219 2040 1778 2113">
    <p class='ocr_par' dir='ltr' id='par_1_20' title="bbox 219 2040 1778 2113">
     <span class='ocr_line' id='line_1_20' title="bbox 219 2040 1778 2113; baseline 0.003 -21"><span class='ocrx_word' id='word_1_133' title='bbox 219 2040 465 2094; x_wconf 84' lang='lat' dir='ltr'><strong>novitate</strong></span> <span class='ocrx_word' id='word_1_134' title='bbox 485 2040 610 2094; x_wconf 67' lang='lat' dir='ltr'><strong>vita:</strong></span> <span class='ocrx_word' id='word_1_135' title='bbox 633 2041 931 2105; x_wconf 88' lang='lat' dir='ltr'><strong>ambulare,</strong></span> <span class='ocrx_word' id='word_1_136' title='bbox 955 2052 1013 2095; x_wconf 92' lang='lat' dir='ltr'><strong>ut</strong></span> <span class='ocrx_word' id='word_1_137' title='bbox 1031 2042 1224 2095; x_wconf 87' lang='lat' dir='ltr'><strong>vinum-</strong></span> <span class='ocrx_word' id='word_1_138' title='bbox 1243 2058 1456 2107; x_wconf 89' lang='lat' dir='ltr'><strong>novum,</strong></span> <span class='ocrx_word' id='word_1_139' title='bbox 1479 2044 1530 2097; x_wconf 94' lang='lat' dir='ltr'><strong>id</strong></span> <span class='ocrx_word' id='word_1_140' title='bbox 1556 2052 1635 2098; x_wconf 88' lang='lat' dir='ltr'><strong>est</strong></span> <span class='ocrx_word' id='word_1_141' title='bbox 1660 2043 1778 2113; x_wconf 88' lang='lat' dir='ltr'><strong>Spi-</strong></span> 
     </span>
    </p>
   </div>
   <div class='ocr_carea' id='block_1_21' title="bbox 220 2133 1777 2203">
    <p class='ocr_par' dir='ltr' id='par_1_21' title="bbox 220 2133 1777 2203">
     <span class='ocr_line' id='line_1_21' title="bbox 220 2133 1777 2203; baseline 0.006 -20"><span class='ocrx_word' id='word_1_142' title='bbox 220 2133 361 2185; x_wconf 76' lang='lat' dir='ltr'><strong>ritus</strong></span> <span class='ocrx_word' id='word_1_143' title='bbox 391 2134 560 2185; x_wconf 89' lang='lat' dir='ltr'><strong>sancti</strong></span> <span class='ocrx_word' id='word_1_144' title='bbox 605 2134 789 2201; x_wconf 69' lang='lat' dir='ltr'><strong>gratia-</strong></span> <span class='ocrx_word' id='word_1_145' title='bbox 814 2135 1147 2202; x_wconf 86' lang='lat' dir='ltr'><strong>susciperent</strong></span> <span class='ocrx_word' id='word_1_146' title='bbox 1174 2136 1488 2191; x_wconf 87' lang='lat' dir='ltr'><strong>novitatem.</strong></span> <span class='ocrx_word' id='word_1_147' title='bbox 1518 2137 1624 2191; x_wconf 90' lang='lat' dir='ltr'><strong>lloc</strong></span> <span class='ocrx_word' id='word_1_148' title='bbox 1648 2152 1777 2203; x_wconf 77' lang='lat' dir='ltr'><strong>ergo</strong></span> 
     </span>
    </p>
   </div>
   <div class='ocr_carea' id='block_1_22' title="bbox 217 2225 1778 2292">
    <p class='ocr_par' dir='ltr' id='par_1_22' title="bbox 217 2225 1778 2292">
     <span class='ocr_line' id='line_1_22' title="bbox 217 2225 1778 2292; baseline 0.005 -19"><span class='ocrx_word' id='word_1_149' title='bbox 217 2232 383 2291; x_wconf 79' lang='lat' dir='ltr'><strong>pacto</strong></span> <span class='ocrx_word' id='word_1_150' title='bbox 410 2225 651 2292; x_wconf 86' lang='lat' dir='ltr'><strong>operatio</strong></span> <span class='ocrx_word' id='word_1_151' title='bbox 686 2227 894 2278; x_wconf 87' lang='lat' dir='ltr'><strong>virtutis</strong></span> <span class='ocrx_word' id='word_1_152' title='bbox 927 2226 1017 2279; x_wconf 85' lang='lat' dir='ltr'><strong>Dei</strong></span> <span class='ocrx_word' id='word_1_153' title='bbox 1044 2227 1219 2280; x_wconf 85' lang='lat' dir='ltr'><strong>Patris</strong></span> <span class='ocrx_word' id='word_1_154' title='bbox 1251 2237 1301 2279; x_wconf 90' lang='lat' dir='ltr'><strong>ct</strong></span> <span class='ocrx_word' id='word_1_155' title='bbox 1340 2227 1454 2280; x_wconf 83' lang='lat' dir='ltr'><strong>Filii</strong></span> <span class='ocrx_word' id='word_1_156' title='bbox 1489 2229 1778 2283; x_wconf 79' lang='lat' dir='ltr'><strong>indiscrete</strong></span> 
     </span>
    </p>
   </div>
   <div class='ocr_carea' id='block_1_23' title="bbox 217 2319 1777 2390">
    <p class='ocr_par' dir='ltr' id='par_1_23' title="bbox 217 2319 1777 2390">
     <span class='ocr_line' id='line_1_23' title="bbox 217 2319 1777 2390; baseline 0.006 -23"><span class='ocrx_word' id='word_1_157' title='bbox 217 2329 389 2381; x_wconf 75' lang='lat' dir='ltr'><strong>Super</strong></span> <span class='ocrx_word' id='word_1_158' title='bbox 415 2331 626 2369; x_wconf 88' lang='lat' dir='ltr'><strong>omnem</strong></span> <span class='ocrx_word' id='word_1_159' title='bbox 661 2319 998 2385; x_wconf 83' lang='lat' dir='ltr'><strong>protenditur</strong></span> <span class='ocrx_word' id='word_1_160' title='bbox 1024 2320 1135 2390; x_wconf 91' lang='grc'>(91)</span> <span class='ocrx_word' id='word_1_161' title='bbox 1162 2326 1469 2375; x_wconf 69' lang='lat' dir='ltr'><strong>creaturam</strong></span> <span class='ocrx_word' id='word_1_162' title='bbox 1498 2339 1511 2374; x_wconf 90' lang='lat'><strong>:</strong></span> <span class='ocrx_word' id='word_1_163' title='bbox 1543 2321 1777 2389; x_wconf 85' lang='lat' dir='ltr'><strong>Spiritus</strong></span> 
     </span>
    </p>
   </div>
   <div class='ocr_carea' id='block_1_24' title="bbox 215 2408 1853 2480">
    <p class='ocr_par' dir='ltr' id='par_1_24' title="bbox 215 2408 1853 2480">
     <span class='ocr_line' id='line_1_24' title="bbox 215 2408 1853 2480; baseline 0.005 -21"><span class='ocrx_word' id='word_1_164' title='bbox 215 2408 397 2459; x_wconf 74' lang='lat' dir='ltr'><strong>sancti</strong></span> <span class='ocrx_word' id='word_1_165' title='bbox 429 2423 553 2461; x_wconf 89' lang='lat' dir='ltr'><strong>vero</strong></span> <span class='ocrx_word' id='word_1_166' title='bbox 595 2410 1061 2480; x_wconf 85' lang='lat' dir='ltr'><strong>participationem</strong></span> <span class='ocrx_word' id='word_1_167' title='bbox 1085 2428 1121 2479; x_wconf 89' lang='lat' dir='ltr'><strong>_a</strong></span> <span class='ocrx_word' id='word_1_168' title='bbox 1152 2414 1356 2468; x_wconf 81' lang='lat' dir='ltr'><strong>sanctis</strong></span> <span class='ocrx_word' id='word_1_169' title='bbox 1408 2420 1776 2467; x_wconf 85' lang='lat' dir='ltr'><strong>tantummodo</strong></span> <span class='ocrx_word' id='word_1_170' title='bbox 1850 2428 1853 2430; x_wconf 83' lang='grc'><strong>·</strong></span> 
     </span>
    </p>
   </div>
   <div class='ocr_carea' id='block_1_25' title="bbox 218 2498 1776 2574">
    <p class='ocr_par' dir='ltr' id='par_1_25' title="bbox 218 2498 1776 2574">
     <span class='ocr_line' id='line_1_25' title="bbox 218 2498 1776 2574; baseline 0.004 -22"><span class='ocrx_word' id='word_1_171' title='bbox 218 2498 411 2574; x_wconf 83' lang='lat' dir='ltr'><strong>haberi</strong></span> <span class='ocrx_word' id='word_1_172' title='bbox 462 2498 784 2556; x_wconf 90' lang='lat' dir='ltr'><strong>invenimus.</strong></span> <span class='ocrx_word' id='word_1_173' title='bbox 836 2502 1060 2572; x_wconf 82' lang='lat' dir='ltr'><strong>Propter</strong></span> <span class='ocrx_word' id='word_1_174' title='bbox 1104 2510 1243 2574; x_wconf 91' lang='lat' dir='ltr'><strong>quod</strong></span> <span class='ocrx_word' id='word_1_175' title='bbox 1299 2506 1583 2560; x_wconf 70' lang='lat' dir='ltr'><strong>diciturzr</strong></span> <span class='ocrx_word' id='word_1_176' title='bbox 1611 2504 1776 2559; x_wconf 87' lang='lat' dir='ltr'><strong>Nemo</strong></span> 
     </span>
    </p>
   </div>
   <div class='ocr_carea' id='block_1_26' title="bbox 216 2588 1773 2666">
    <p class='ocr_par' dir='ltr' id='par_1_26' title="bbox 216 2588 1773 2666">
     <span class='ocr_line' id='line_1_26' title="bbox 216 2588 1773 2666; baseline 0.007 -25"><span class='ocrx_word' id='word_1_177' title='bbox 216 2601 399 2660; x_wconf 79' lang='lat' dir='ltr'><strong>potest</strong></span> <span class='ocrx_word' id='word_1_178' title='bbox 429 2594 609 2646; x_wconf 86' lang='lat' dir='ltr'><strong>dicere</strong></span> <span class='ocrx_word' id='word_1_179' title='bbox 642 2588 948 2648; x_wconf 55' lang='lat' dir='ltr'><strong>Dominum&#39;</strong></span> <span class='ocrx_word' id='word_1_180' title='bbox 972 2596 1154 2650; x_wconf 78' lang='lat' dir='ltr'><strong>Jesum</strong></span> <span class='ocrx_word' id='word_1_181' title='bbox 1189 2598 1293 2651; x_wconf 88' lang='lat' dir='ltr'><strong>nisi</strong></span> <span class='ocrx_word' id='word_1_182' title='bbox 1332 2598 1382 2651; x_wconf 92' lang='lat' dir='ltr'><strong>in</strong></span> <span class='ocrx_word' id='word_1_183' title='bbox 1422 2599 1619 2666; x_wconf 85' lang='lat' dir='ltr'><strong>Spiritu</strong></span> <span class='ocrx_word' id='word_1_184' title='bbox 1647 2615 1773 2653; x_wconf 89' lang='lat' dir='ltr'><strong>san-</strong></span> 
     </span>
    </p>
   </div>
   <div class='ocr_carea' id='block_1_27' title="bbox 216 2683 1773 2762">
    <p class='ocr_par' dir='ltr' id='par_1_27' title="bbox 216 2683 1773 2762">
     <span class='ocr_line' id='line_1_27' title="bbox 216 2683 1773 2762; baseline 0.008 -30"><span class='ocrx_word' id='word_1_185' title='bbox 216 2684 421 2737; x_wconf 61' lang='lat' dir='ltr'><strong>t-toB‘J</strong></span> <span class='ocrx_word' id='word_1_186' title='bbox 455 2683 519 2737; x_wconf 83' lang='lat' dir='ltr'><strong>Et</strong></span> <span class='ocrx_word' id='word_1_187' title='bbox 548 2686 637 2738; x_wconf 82' lang='lat' dir='ltr'><strong>vix</strong></span> <span class='ocrx_word' id='word_1_188' title='bbox 669 2686 956 2754; x_wconf 81' lang='lat' dir='ltr'><strong>aliquando</strong></span> <span class='ocrx_word' id='word_1_189' title='bbox 981 2687 1079 2756; x_wconf 83' lang='lat' dir='ltr'><strong>ipsi</strong></span> <span class='ocrx_word' id='word_1_190' title='bbox 1108 2691 1331 2757; x_wconf 77' lang='lat' dir='ltr'><strong>apostoli</strong></span> <span class='ocrx_word' id='word_1_191' title='bbox 1358 2691 1468 2762; x_wconf 73' lang='lat'><strong>(9‘2)</strong></span> <span class='ocrx_word' id='word_1_192' title='bbox 1506 2693 1649 2762; x_wconf 84' lang='lat' dir='ltr'><strong>digni</strong></span> <span class='ocrx_word' id='word_1_193' title='bbox 1681 2693 1773 2745; x_wconf 80' lang='lat' dir='ltr'><strong>ha-</strong></span> 
     </span>
    </p>
   </div>
   <div class='ocr_carea' id='block_1_28' title="bbox 219 2779 1774 2857">
    <p class='ocr_par' dir='ltr' id='par_1_28' title="bbox 219 2779 1774 2857">
     <span class='ocr_line' id='line_1_28' title="bbox 219 2779 1774 2857; baseline 0.008 -28"><span class='ocrx_word' id='word_1_194' title='bbox 219 2779 420 2831; x_wconf 81' lang='lat' dir='ltr'><strong>bentur</strong></span> <span class='ocrx_word' id='word_1_195' title='bbox 450 2781 637 2833; x_wconf 84' lang='lat' dir='ltr'><strong>audire</strong></span> <span class='ocrx_word' id='word_1_196' title='bbox 664 2798 676 2832; x_wconf 94' lang='lat'>:</span> <span class='ocrx_word' id='word_1_197' title='bbox 711 2798 730 2831; x_wconf 76' lang='lat' dir='ltr'><strong>t</strong></span> <span class='ocrx_word' id='word_1_198' title='bbox 752 2782 1046 2850; x_wconf 83' lang='lat' dir='ltr'><strong>Accipictis</strong></span> <span class='ocrx_word' id='word_1_199' title='bbox 1070 2786 1323 2839; x_wconf 80' lang='lat' dir='ltr'><strong>virtutem</strong></span> <span class='ocrx_word' id='word_1_200' title='bbox 1350 2788 1774 2857; x_wconf 83' lang='lat' dir='ltr'><strong>supervenientis</strong></span> 
     </span>
    </p>
   </div>
   <div class='ocr_carea' id='block_1_29' title="bbox 217 2869 1774 2947">
    <p class='ocr_par' dir='ltr' id='par_1_29' title="bbox 217 2869 1774 2947">
     <span class='ocr_line' id='line_1_29' title="bbox 217 2869 1774 2947; baseline 0.009 -27"><span class='ocrx_word' id='word_1_201' title='bbox 217 2869 459 2937; x_wconf 83' lang='lat' dir='ltr'><strong>Spiritus</strong></span> <span class='ocrx_word' id='word_1_202' title='bbox 496 2871 666 2924; x_wconf 90' lang='lat' dir='ltr'><strong>sancti</strong></span> <span class='ocrx_word' id='word_1_203' title='bbox 706 2872 756 2925; x_wconf 92' lang='lat' dir='ltr'><strong>in</strong></span> <span class='ocrx_word' id='word_1_204' title='bbox 810 2887 903 2926; x_wconf 89' lang='lat' dir='ltr'><strong>vos</strong></span> <span class='ocrx_word' id='word_1_205' title='bbox 919 2874 985 2925; x_wconf 79' lang='grc'><strong>⁸⁷.</strong></span> <span class='ocrx_word' id='word_1_206' title='bbox 1007 2893 1024 2923; x_wconf 78' lang='grc' dir='ltr'><strong>ι</strong></span> <span class='ocrx_word' id='word_1_207' title='bbox 1059 2874 1284 2946; x_wconf 84' lang='lat' dir='ltr'><strong>Propter</strong></span> <span class='ocrx_word' id='word_1_208' title='bbox 1315 2879 1453 2947; x_wconf 91' lang='lat' dir='ltr'><strong>quod</strong></span> <span class='ocrx_word' id='word_1_209' title='bbox 1498 2890 1552 2932; x_wconf 91' lang='lat' dir='ltr'><strong>et</strong></span> <span class='ocrx_word' id='word_1_210' title='bbox 1583 2895 1774 2933; x_wconf 87' lang='lat' dir='ltr'><strong>conse-</strong></span> 
     </span>
    </p>
   </div>
   <div class='ocr_carea' id='block_1_30' title="bbox 216 2963 1771 3037">
    <p class='ocr_par' dir='ltr' id='par_1_30' title="bbox 216 2963 1771 3037">
     <span class='ocr_line' id='line_1_30' title="bbox 216 2963 1771 3037; baseline 0.01 -28"><span class='ocrx_word' id='word_1_211' title='bbox 216 2976 398 3027; x_wconf 88' lang='lat' dir='ltr'><strong>quens</strong></span> <span class='ocrx_word' id='word_1_212' title='bbox 432 2972 576 3028; x_wconf 84' lang='lat' dir='ltr'><strong>puto,</strong></span> <span class='ocrx_word' id='word_1_213' title='bbox 608 2963 730 3030; x_wconf 84' lang='lat' dir='ltr'><strong>quia</strong></span> <span class='ocrx_word' id='word_1_214' title='bbox 767 2963 858 3031; x_wconf 88' lang='lat' dir='ltr'><strong>qui</strong></span> <span class='ocrx_word' id='word_1_215' title='bbox 904 2970 1207 3033; x_wconf 83' lang='lat' dir='ltr'><strong>peccaverit</strong></span> <span class='ocrx_word' id='word_1_216' title='bbox 1251 2971 1464 3037; x_wconf 88' lang='lat' dir='ltr'><strong>quidem</strong></span> <span class='ocrx_word' id='word_1_217' title='bbox 1497 2972 1547 3023; x_wconf 92' lang='lat' dir='ltr'><strong>in</strong></span> <span class='ocrx_word' id='word_1_218' title='bbox 1580 2970 1771 3024; x_wconf 86' lang='lat' dir='ltr'><strong>Filium</strong></span> 
     </span>
    </p>
   </div>
   <div class='ocr_carea' id='block_1_31' title="bbox 217 3055 1771 3130">
    <p class='ocr_par' dir='ltr' id='par_1_31' title="bbox 217 3055 1771 3130">
     <span class='ocr_line' id='line_1_31' title="bbox 217 3055 1771 3130; baseline 0.007 -22"><span class='ocrx_word' id='word_1_219' title='bbox 217 3055 461 3109; x_wconf 78' lang='lat' dir='ltr'><strong>hominis</strong></span> <span class='ocrx_word' id='word_1_220' title='bbox 495 3057 646 3109; x_wconf 90' lang='lat' dir='ltr'><strong>venia</strong></span> <span class='ocrx_word' id='word_1_221' title='bbox 671 3057 864 3128; x_wconf 81' lang='lat' dir='ltr'><strong>dignus</strong></span> <span class='ocrx_word' id='word_1_222' title='bbox 889 3069 1001 3122; x_wconf 89' lang='lat' dir='ltr'><strong>est;</strong></span> <span class='ocrx_word' id='word_1_223' title='bbox 1036 3076 1133 3130; x_wconf 80' lang='lat' dir='ltr'><strong>pro</strong></span> <span class='ocrx_word' id='word_1_224' title='bbox 1160 3077 1223 3115; x_wconf 93' lang='lat' dir='ltr'><strong>eo</strong></span> <span class='ocrx_word' id='word_1_225' title='bbox 1253 3064 1396 3129; x_wconf 86' lang='lat' dir='ltr'><strong>quod</strong></span> <span class='ocrx_word' id='word_1_226' title='bbox 1427 3064 1470 3117; x_wconf 93' lang='lat' dir='ltr'><strong>is</strong></span> <span class='ocrx_word' id='word_1_227' title='bbox 1496 3064 1582 3130; x_wconf 90' lang='lat' dir='ltr'><strong>qni</strong></span> <span class='ocrx_word' id='word_1_228' title='bbox 1612 3063 1771 3119; x_wconf 89' lang='lat' dir='ltr'><strong>Verbi</strong></span> 
     </span>
    </p>
   </div>
   <div class='ocr_carea' id='block_1_32' title="bbox 217 3149 1771 3221">
    <p class='ocr_par' dir='ltr' id='par_1_32' title="bbox 217 3149 1771 3221">
     <span class='ocr_line' id='line_1_32' title="bbox 217 3149 1771 3221; baseline 0.005 -19"><span class='ocrx_word' id='word_1_229' title='bbox 217 3149 314 3203; x_wconf 84' lang='lat' dir='ltr'><strong>Dei</strong></span> <span class='ocrx_word' id='word_1_230' title='bbox 347 3149 428 3203; x_wconf 89' lang='lat' dir='ltr'><strong>vel</strong></span> <span class='ocrx_word' id='word_1_231' title='bbox 458 3150 681 3203; x_wconf 89' lang='lat' dir='ltr'><strong>rationis</strong></span> <span class='ocrx_word' id='word_1_232' title='bbox 705 3162 786 3204; x_wconf 91' lang='lat' dir='ltr'><strong>est</strong></span> <span class='ocrx_word' id='word_1_233' title='bbox 813 3154 1102 3221; x_wconf 86' lang='lat' dir='ltr'><strong>particeps,</strong></span> <span class='ocrx_word' id='word_1_234' title='bbox 1129 3154 1172 3207; x_wconf 88' lang='lat' dir='ltr'><strong>si</strong></span> <span class='ocrx_word' id='word_1_235' title='bbox 1205 3155 1414 3208; x_wconf 82' lang='lat' dir='ltr'><strong>desinat</strong></span> <span class='ocrx_word' id='word_1_236' title='bbox 1440 3155 1771 3209; x_wconf 87' lang='lat' dir='ltr'><strong>rationabili-</strong></span> 
     </span>
    </p>
   </div>
   <div class='ocr_carea' id='block_1_33' title="bbox 216 3243 1769 3313">
    <p class='ocr_par' dir='ltr' id='par_1_33' title="bbox 216 3243 1769 3313">
     <span class='ocr_line' id='line_1_33' title="bbox 216 3243 1769 3313; baseline 0.004 -19"><span class='ocrx_word' id='word_1_237' title='bbox 216 3250 306 3295; x_wconf 74' lang='lat' dir='ltr'><strong>ter</strong></span> <span class='ocrx_word' id='word_1_238' title='bbox 334 3243 540 3309; x_wconf 87' lang='lat' dir='ltr'><strong>vivere,</strong></span> <span class='ocrx_word' id='word_1_239' title='bbox 584 3244 797 3297; x_wconf 91' lang='lat' dir='ltr'><strong>videtur</strong></span> <span class='ocrx_word' id='word_1_240' title='bbox 852 3247 901 3297; x_wconf 94' lang='lat' dir='ltr'><strong>in</strong></span> <span class='ocrx_word' id='word_1_241' title='bbox 953 3247 1305 3313; x_wconf 68' lang='lat' dir='ltr'><strong>ignorantiun</strong></span> <span class='ocrx_word' id='word_1_242' title='bbox 1356 3248 1439 3301; x_wconf 93' lang='lat' dir='ltr'><strong>vel</strong></span> <span class='ocrx_word' id='word_1_243' title='bbox 1490 3249 1769 3301; x_wconf 89' lang='lat' dir='ltr'><strong>stultitiam</strong></span> 
     </span>
    </p>
   </div>
   <div class='ocr_carea' id='block_1_34' title="bbox 215 3305 1843 3410">
    <p class='ocr_par' dir='ltr' id='par_1_34' title="bbox 215 3305 1843 3410">
     <span class='ocr_line' id='line_1_34' title="bbox 215 3305 1843 3410; baseline 0.004 -23"><span class='ocrx_word' id='word_1_244' title='bbox 215 3334 512 3399; x_wconf 85' lang='lat' dir='ltr'><strong>decidisse,</strong></span> <span class='ocrx_word' id='word_1_245' title='bbox 556 3345 610 3389; x_wconf 90' lang='lat' dir='ltr'><strong>et</strong></span> <span class='ocrx_word' id='word_1_246' title='bbox 659 3349 874 3405; x_wconf 85' lang='lat' dir='ltr'><strong>propter</strong></span> <span class='ocrx_word' id='word_1_247' title='bbox 919 3338 1019 3391; x_wconf 88' lang='lat' dir='ltr'><strong>hoe</strong></span> <span class='ocrx_word' id='word_1_248' title='bbox 1071 3342 1280 3393; x_wconf 78' lang='lat' dir='ltr'><strong>veniam</strong></span> <span class='ocrx_word' id='word_1_249' title='bbox 1306 3344 1648 3409; x_wconf 85' lang='lat' dir='ltr'><strong>promereri;</strong></span> <span class='ocrx_word' id='word_1_250' title='bbox 1681 3341 1769 3410; x_wconf 88' lang='lat' dir='ltr'><strong>qui</strong></span> <span class='ocrx_word' id='word_1_251' title='bbox 1802 3305 1843 3367; x_wconf 67' lang='grc' dir='ltr'>Ο</span> 
     </span>
    </p>
   </div>
   <div class='ocr_carea' id='block_1_35' title="bbox 213 3429 1773 3502">
    <p class='ocr_par' dir='ltr' id='par_1_35' title="bbox 213 3429 1773 3502">
     <span class='ocr_line' id='line_1_35' title="bbox 213 3429 1773 3502; baseline 0.004 -22"><span class='ocrx_word' id='word_1_252' title='bbox 213 3438 399 3482; x_wconf 78' lang='lat' dir='ltr'><strong>autem</strong></span> <span class='ocrx_word' id='word_1_253' title='bbox 430 3429 620 3498; x_wconf 81' lang='lat' dir='ltr'><strong>dignus</strong></span> <span class='ocrx_word' id='word_1_254' title='bbox 647 3431 760 3499; x_wconf 87' lang='lat' dir='ltr'><strong>jam</strong></span> <span class='ocrx_word' id='word_1_255' title='bbox 792 3430 1007 3485; x_wconf 88' lang='lat' dir='ltr'><strong>habitus</strong></span> <span class='ocrx_word' id='word_1_256' title='bbox 1034 3442 1117 3486; x_wconf 87' lang='lat' dir='ltr'><strong>est</strong></span> <span class='ocrx_word' id='word_1_257' title='bbox 1146 3433 1317 3486; x_wconf 86' lang='lat' dir='ltr'><strong>sancti</strong></span> <span class='ocrx_word' id='word_1_258' title='bbox 1349 3432 1580 3502; x_wconf 88' lang='lat' dir='ltr'><strong>Spiritus</strong></span> <span class='ocrx_word' id='word_1_259' title='bbox 1606 3437 1773 3501; x_wconf 90' lang='lat' dir='ltr'><strong>parti-</strong></span> 
     </span>
    </p>
   </div>
   <div class='ocr_carea' id='block_1_36' title="bbox 211 3520 1775 3597">
    <p class='ocr_par' dir='ltr' id='par_1_36' title="bbox 211 3520 1775 3597">
     <span class='ocr_line' id='line_1_36' title="bbox 211 3520 1775 3597; baseline 0.007 -24"><span class='ocrx_word' id='word_1_260' title='bbox 211 3520 510 3590; x_wconf 86' lang='lat' dir='ltr'><strong>cipatione,</strong></span> <span class='ocrx_word' id='word_1_261' title='bbox 552 3534 604 3575; x_wconf 92' lang='lat' dir='ltr'><strong>ct</strong></span> <span class='ocrx_word' id='word_1_262' title='bbox 641 3533 788 3577; x_wconf 87' lang='lat' dir='ltr'><strong>retro</strong></span> <span class='ocrx_word' id='word_1_263' title='bbox 830 3524 989 3577; x_wconf 75' lang='lat' dir='ltr'><strong>fuerit</strong></span> <span class='ocrx_word' id='word_1_264' title='bbox 1024 3541 1338 3589; x_wconf 87' lang='lat' dir='ltr'><strong>conversus,</strong></span> <span class='ocrx_word' id='word_1_265' title='bbox 1383 3528 1469 3582; x_wconf 89' lang='lat' dir='ltr'><strong>hic</strong></span> <span class='ocrx_word' id='word_1_266' title='bbox 1522 3531 1689 3597; x_wconf 90' lang='lat' dir='ltr'><strong>reipsa</strong></span> <span class='ocrx_word' id='word_1_267' title='bbox 1720 3540 1775 3584; x_wconf 90' lang='lat' dir='ltr'><strong>et</strong></span> 
     </span>
    </p>
   </div>
   <div class='ocr_carea' id='block_1_37' title="bbox 210 3613 1769 3685">
    <p class='ocr_par' dir='ltr' id='par_1_37' title="bbox 210 3613 1769 3685">
     <span class='ocr_line' id='line_1_37' title="bbox 210 3613 1769 3685; baseline 0.006 -20"><span class='ocrx_word' id='word_1_268' title='bbox 210 3628 383 3680; x_wconf 86' lang='lat' dir='ltr'><strong>opere</strong></span> <span class='ocrx_word' id='word_1_269' title='bbox 418 3613 823 3684; x_wconf 80' lang='lat' dir='ltr'><strong>blasphemasse</strong></span> <span class='ocrx_word' id='word_1_270' title='bbox 867 3616 1063 3669; x_wconf 84' lang='lat' dir='ltr'><strong>dicitur</strong></span> <span class='ocrx_word' id='word_1_271' title='bbox 1104 3618 1153 3669; x_wconf 94' lang='lat' dir='ltr'><strong>in</strong></span> <span class='ocrx_word' id='word_1_272' title='bbox 1196 3616 1451 3685; x_wconf 87' lang='lat' dir='ltr'><strong>Spiritum</strong></span> <span class='ocrx_word' id='word_1_273' title='bbox 1503 3630 1769 3675; x_wconf 90' lang='lat' dir='ltr'><strong>sanctum.</strong></span> 
     </span>
    </p>
   </div>
   <div class='ocr_carea' id='block_1_38' title="bbox 212 3699 1770 3780">
    <p class='ocr_par' dir='ltr' id='par_1_38' title="bbox 212 3699 1770 3780">
     <span class='ocr_line' id='line_1_38' title="bbox 212 3699 1770 3780; baseline 0.006 -25"><span class='ocrx_word' id='word_1_274' title='bbox 212 3699 293 3755; x_wconf 73' lang='lat' dir='ltr'><strong>Ne</strong></span> <span class='ocrx_word' id='word_1_275' title='bbox 320 3704 446 3771; x_wconf 87' lang='lat' dir='ltr'><strong>quis</strong></span> <span class='ocrx_word' id='word_1_276' title='bbox 468 3720 597 3759; x_wconf 86' lang='lat' dir='ltr'><strong>sane</strong></span> <span class='ocrx_word' id='word_1_277' title='bbox 622 3708 901 3761; x_wconf 76' lang='lat' dir='ltr'><strong>existimet</strong></span> <span class='ocrx_word' id='word_1_278' title='bbox 927 3723 1022 3761; x_wconf 89' lang='lat' dir='ltr'><strong>nos</strong></span> <span class='ocrx_word' id='word_1_279' title='bbox 1047 3723 1108 3761; x_wconf 77' lang='lat' dir='ltr'><strong>ex</strong></span> <span class='ocrx_word' id='word_1_280' title='bbox 1142 3726 1206 3762; x_wconf 90' lang='lat' dir='ltr'><strong>eo</strong></span> <span class='ocrx_word' id='word_1_281' title='bbox 1226 3712 1365 3777; x_wconf 91' lang='lat' dir='ltr'><strong>quod</strong></span> <span class='ocrx_word' id='word_1_282' title='bbox 1392 3711 1625 3763; x_wconf 71' lang='lat' dir='ltr'><strong>diximus</strong></span> <span class='ocrx_word' id='word_1_283' title='bbox 1648 3713 1770 3780; x_wconf 88' lang='lat' dir='ltr'><strong>Spi-</strong></span> 
     </span>
    </p>
   </div>
   <div class='ocr_carea' id='block_1_39' title="bbox 212 3793 1771 3866">
    <p class='ocr_par' dir='ltr' id='par_1_39' title="bbox 212 3793 1771 3866">
     <span class='ocr_line' id='line_1_39' title="bbox 212 3793 1771 3866; baseline 0.006 -19"><span class='ocrx_word' id='word_1_284' title='bbox 212 3793 381 3847; x_wconf 80' lang='lat' dir='ltr'><strong>ritum</strong></span> <span class='ocrx_word' id='word_1_285' title='bbox 427 3804 671 3849; x_wconf 86' lang='lat' dir='ltr'><strong>sanctum</strong></span> <span class='ocrx_word' id='word_1_286' title='bbox 721 3796 848 3851; x_wconf 88' lang='lat' dir='ltr'><strong>solis</strong></span> <span class='ocrx_word' id='word_1_287' title='bbox 895 3799 1098 3852; x_wconf 88' lang='lat' dir='ltr'><strong>sanctis</strong></span> <span class='ocrx_word' id='word_1_288' title='bbox 1129 3800 1391 3866; x_wconf 68' lang='lat' dir='ltr'><strong>praestari,</strong></span> <span class='ocrx_word' id='word_1_289' title='bbox 1436 3800 1613 3853; x_wconf 83' lang='lat' dir='ltr'><strong>Patris</strong></span> <span class='ocrx_word' id='word_1_290' title='bbox 1645 3818 1771 3856; x_wconf 87' lang='lat' dir='ltr'><strong>vero</strong></span> 
     </span>
    </p>
   </div>
   <div class='ocr_carea' id='block_1_40' title="bbox 210 3885 1771 3960">
    <p class='ocr_par' dir='ltr' id='par_1_40' title="bbox 210 3885 1771 3960">
     <span class='ocr_line' id='line_1_40' title="bbox 210 3885 1771 3960; baseline 0.005 -21"><span class='ocrx_word' id='word_1_291' title='bbox 210 3896 271 3939; x_wconf 83' lang='lat' dir='ltr'><strong>et</strong></span> <span class='ocrx_word' id='word_1_292' title='bbox 315 3885 444 3939; x_wconf 86' lang='lat' dir='ltr'><strong>Filii</strong></span> <span class='ocrx_word' id='word_1_293' title='bbox 493 3888 751 3943; x_wconf 84' lang='lat' dir='ltr'><strong>beneﬁcia</strong></span> <span class='ocrx_word' id='word_1_294' title='bbox 804 3890 886 3942; x_wconf 86' lang='lat' dir='ltr'><strong>vel</strong></span> <span class='ocrx_word' id='word_1_295' title='bbox 935 3891 1330 3959; x_wconf 82' lang='lat' dir='ltr'><strong>inoperatiunes</strong></span> <span class='ocrx_word' id='word_1_296' title='bbox 1380 3895 1658 3960; x_wconf 82' lang='lat' dir='ltr'><strong>pervenire</strong></span> <span class='ocrx_word' id='word_1_297' title='bbox 1706 3896 1771 3947; x_wconf 89' lang='lat' dir='ltr'><strong>ad</strong></span> 
     </span>
    </p>
   </div>
   <div class='ocr_carea' id='block_1_41' title="bbox 212 3968 1771 4054">
    <p class='ocr_par' dir='ltr' id='par_1_41' title="bbox 212 3968 1771 4054">
     <span class='ocr_line' id='line_1_41' title="bbox 212 3968 1771 4054; baseline 0.004 -22"><span class='ocrx_word' id='word_1_298' title='bbox 212 3978 392 4032; x_wconf 80' lang='lat' dir='ltr'><strong>bonos</strong></span> <span class='ocrx_word' id='word_1_299' title='bbox 435 3990 490 4034; x_wconf 89' lang='lat' dir='ltr'><strong>et</strong></span> <span class='ocrx_word' id='word_1_300' title='bbox 535 3981 722 4046; x_wconf 89' lang='lat' dir='ltr'><strong>malos,</strong></span> <span class='ocrx_word' id='word_1_301' title='bbox 755 3981 928 4050; x_wconf 82' lang='lat' dir='ltr'><strong>justus</strong></span> <span class='ocrx_word' id='word_1_302' title='bbox 975 3968 1031 4037; x_wconf 88' lang='lat' dir='ltr'><strong>et</strong></span> <span class='ocrx_word' id='word_1_303' title='bbox 1070 3983 1319 4050; x_wconf 77' lang='lat' dir='ltr'><strong>injustas,</strong></span> <span class='ocrx_word' id='word_1_304' title='bbox 1354 3986 1650 4051; x_wconf 69' lang='lat' dir='ltr'><strong>prutlulisse</strong></span> <span class='ocrx_word' id='word_1_305' title='bbox 1679 3984 1771 4054; x_wconf 83' lang='lat' dir='ltr'><strong>per</strong></span> 
     </span>
    </p>
   </div>
   <div class='ocr_carea' id='block_1_42' title="bbox 212 4067 1769 4145">
    <p class='ocr_par' dir='ltr' id='par_1_42' title="bbox 212 4067 1769 4145">
     <span class='ocr_line' id='line_1_42' title="bbox 212 4067 1769 4145; baseline 0.005 -24"><span class='ocrx_word' id='word_1_306' title='bbox 212 4067 320 4123; x_wconf 74' lang='lat' dir='ltr'><strong>hoc</strong></span> <span class='ocrx_word' id='word_1_307' title='bbox 348 4069 499 4123; x_wconf 87' lang='lat' dir='ltr'><strong>Patri</strong></span> <span class='ocrx_word' id='word_1_308' title='bbox 529 4083 581 4139; x_wconf 87' lang='lat' dir='ltr'><strong>et</strong></span> <span class='ocrx_word' id='word_1_309' title='bbox 614 4072 753 4127; x_wconf 80' lang='lat' dir='ltr'><strong>Filio</strong></span> <span class='ocrx_word' id='word_1_310' title='bbox 788 4074 1044 4143; x_wconf 87' lang='lat' dir='ltr'><strong>Spiritum</strong></span> <span class='ocrx_word' id='word_1_311' title='bbox 1093 4086 1362 4137; x_wconf 88' lang='lat' dir='ltr'><strong>sanctum,</strong></span> <span class='ocrx_word' id='word_1_312' title='bbox 1402 4078 1485 4130; x_wconf 90' lang='lat' dir='ltr'><strong>vel</strong></span> <span class='ocrx_word' id='word_1_313' title='bbox 1518 4077 1769 4145; x_wconf 83' lang='lat' dir='ltr'><strong>majorem</strong></span> 
     </span>
    </p>
   </div>
   <div class='ocr_carea' id='block_1_43' title="bbox 208 4162 1772 4239">
    <p class='ocr_par' dir='ltr' id='par_1_43' title="bbox 208 4162 1772 4239">
     <span class='ocr_line' id='line_1_43' title="bbox 208 4162 1772 4239; baseline 0.006 -24"><span class='ocrx_word' id='word_1_314' title='bbox 208 4162 335 4228; x_wconf 77' lang='lat' dir='ltr'><strong>eius</strong></span> <span class='ocrx_word' id='word_1_315' title='bbox 389 4178 489 4230; x_wconf 87' lang='lat' dir='ltr'><strong>per</strong></span> <span class='ocrx_word' id='word_1_316' title='bbox 532 4165 635 4218; x_wconf 89' lang='lat' dir='ltr'><strong>hoc</strong></span> <span class='ocrx_word' id='word_1_317' title='bbox 691 4180 935 4219; x_wconf 89' lang='lat' dir='ltr'><strong>asserere</strong></span> <span class='ocrx_word' id='word_1_318' title='bbox 990 4168 1303 4235; x_wconf 83' lang='lat' dir='ltr'><strong>dignitatem</strong></span> <span class='ocrx_word' id='word_1_319' title='bbox 1342 4187 1355 4223; x_wconf 87' lang='lat'><strong>:</strong></span> <span class='ocrx_word' id='word_1_320' title='bbox 1397 4172 1535 4239; x_wconf 86' lang='lat' dir='ltr'><strong>quod</strong></span> <span class='ocrx_word' id='word_1_321' title='bbox 1591 4173 1772 4239; x_wconf 89' lang='lat' dir='ltr'><strong>utique</strong></span> 
     </span>
    </p>
   </div>
   <div class='ocr_carea' id='block_1_44' title="bbox 214 4253 1773 4331">
    <p class='ocr_par' dir='ltr' id='par_1_44' title="bbox 214 4253 1773 4331">
     <span class='ocr_line' id='line_1_44' title="bbox 214 4253 1773 4331; baseline 0.006 -26"><span class='ocrx_word' id='word_1_322' title='bbox 214 4253 374 4307; x_wconf 88' lang='lat' dir='ltr'><strong>valde</strong></span> <span class='ocrx_word' id='word_1_323' title='bbox 406 4255 797 4324; x_wconf 88' lang='lat' dir='ltr'><strong>inconsequens</strong></span> <span class='ocrx_word' id='word_1_324' title='bbox 824 4267 927 4310; x_wconf 88' lang='lat' dir='ltr'><strong>est.</strong></span> <span class='ocrx_word' id='word_1_325' title='bbox 962 4258 1357 4327; x_wconf 85' lang='lat' dir='ltr'><strong>Proprietatem</strong></span> <span class='ocrx_word' id='word_1_326' title='bbox 1390 4278 1618 4330; x_wconf 84' lang='lat' dir='ltr'><strong>namque</strong></span> <span class='ocrx_word' id='word_1_327' title='bbox 1644 4279 1773 4331; x_wconf 78' lang='lat' dir='ltr'><strong>gra-</strong></span> 
     </span>
    </p>
   </div>
   <div class='ocr_carea' id='block_1_45' title="bbox 212 4344 1770 4418">
    <p class='ocr_par' dir='ltr' id='par_1_45' title="bbox 212 4344 1770 4418">
     <span class='ocr_line' id='line_1_45' title="bbox 212 4344 1770 4418; baseline 0.006 -19"><span class='ocrx_word' id='word_1_328' title='bbox 212 4345 307 4400; x_wconf 64' lang='lat' dir='ltr'><strong>tim</strong></span> <span class='ocrx_word' id='word_1_329' title='bbox 338 4344 457 4412; x_wconf 88' lang='lat' dir='ltr'><strong>ejus</strong></span> <span class='ocrx_word' id='word_1_330' title='bbox 499 4346 784 4417; x_wconf 86' lang='lat' dir='ltr'><strong>operisque</strong></span> <span class='ocrx_word' id='word_1_331' title='bbox 816 4349 1214 4418; x_wconf 80' lang='lat' dir='ltr'><strong>descripsimus.</strong></span> <span class='ocrx_word' id='word_1_332' title='bbox 1244 4353 1409 4405; x_wconf 85' lang='lat' dir='ltr'><strong>Porro</strong></span> <span class='ocrx_word' id='word_1_333' title='bbox 1440 4363 1616 4405; x_wconf 90' lang='lat' dir='ltr'><strong>autem</strong></span> <span class='ocrx_word' id='word_1_334' title='bbox 1641 4355 1770 4408; x_wconf 83' lang='lat' dir='ltr'><strong>nihil</strong></span> 
     </span>
    </p>
   </div>
   <div class='ocr_carea' id='block_1_46' title="bbox 212 4425 1768 4509">
    <p class='ocr_par' dir='ltr' id='par_1_46' title="bbox 212 4425 1768 4509">
     <span class='ocr_line' id='line_1_46' title="bbox 212 4425 1768 4509; baseline 0.005 -18"><span class='ocrx_word' id='word_1_335' title='bbox 212 4437 270 4491; x_wconf 89' lang='lat' dir='ltr'><strong>in</strong></span> <span class='ocrx_word' id='word_1_336' title='bbox 319 4438 590 4493; x_wconf 86' lang='lat' dir='ltr'><strong>Trinitate</strong></span> <span class='ocrx_word' id='word_1_337' title='bbox 628 4441 801 4509; x_wconf 87' lang='lat' dir='ltr'><strong>majus</strong></span> <span class='ocrx_word' id='word_1_338' title='bbox 860 4442 1102 4495; x_wconf 88' lang='lat' dir='ltr'><strong>minusve</strong></span> <span class='ocrx_word' id='word_1_339' title='bbox 1154 4444 1443 4498; x_wconf 88' lang='lat' dir='ltr'><strong>dicemlnm</strong></span> <span class='ocrx_word' id='word_1_340' title='bbox 1493 4425 1599 4507; x_wconf 85' lang='lat' dir='ltr'><strong>est,</strong></span> <span class='ocrx_word' id='word_1_341' title='bbox 1644 4461 1768 4499; x_wconf 90' lang='lat' dir='ltr'><strong>cum</strong></span> 
     </span>
    </p>
   </div>
   <div class='ocr_carea' id='block_1_47' title="bbox 210 4528 1771 4591">
    <p class='ocr_par' dir='ltr' id='par_1_47' title="bbox 210 4528 1771 4591">
     <span class='ocr_line' id='line_1_47' title="bbox 210 4528 1771 4591; baseline 0.006 -9"><span class='ocrx_word' id='word_1_342' title='bbox 210 4528 375 4583; x_wconf 80' lang='lat' dir='ltr'><strong>unius</strong></span> <span class='ocrx_word' id='word_1_343' title='bbox 415 4531 714 4586; x_wconf 87' lang='lat' dir='ltr'><strong>divinitatis</strong></span> <span class='ocrx_word' id='word_1_344' title='bbox 749 4532 869 4588; x_wconf 85' lang='lat' dir='ltr'><strong>fons</strong></span> <span class='ocrx_word' id='word_1_345' title='bbox 915 4536 1077 4589; x_wconf 87' lang='lat' dir='ltr'><strong>verbo</strong></span> <span class='ocrx_word' id='word_1_346' title='bbox 1117 4551 1180 4590; x_wconf 91' lang='lat' dir='ltr'><strong>ac</strong></span> <span class='ocrx_word' id='word_1_347' title='bbox 1228 4537 1440 4591; x_wconf 82' lang='lat' dir='ltr'><strong>ratione</strong></span> <span class='ocrx_word' id='word_1_348' title='bbox 1468 4553 1560 4591; x_wconf 89' lang='lat' dir='ltr'><strong>sua</strong></span> <span class='ocrx_word' id='word_1_349' title='bbox 1592 4548 1771 4591; x_wconf 89' lang='lat' dir='ltr'><strong>teneat</strong></span> 
     </span>
    </p>
   </div>
   <div class='ocr_carea' id='block_1_48' title="bbox 1887 663 3424 737">
    <p class='ocr_par' dir='ltr' id='par_1_48' title="bbox 1887 663 3424 737">
     <span class='ocr_line' id='line_1_48' title="bbox 1887 663 3424 737; baseline -0.005 -14"><span class='ocrx_word' id='word_1_350' title='bbox 1887 671 1938 723; x_wconf 94' lang='lat' dir='ltr'><strong>in</strong></span> <span class='ocrx_word' id='word_1_351' title='bbox 1966 684 2057 723; x_wconf 88' lang='lat' dir='ltr'><strong>eos</strong></span> <span class='ocrx_word' id='word_1_352' title='bbox 2085 670 2279 737; x_wconf 89' lang='lat' dir='ltr'><strong>quibus</strong></span> <span class='ocrx_word' id='word_1_353' title='bbox 2314 668 2627 721; x_wconf 89' lang='lat' dir='ltr'><strong>naturaliter</strong></span> <span class='ocrx_word' id='word_1_354' title='bbox 2658 677 2716 719; x_wconf 88' lang='lat' dir='ltr'><strong>ut</strong></span> <span class='ocrx_word' id='word_1_355' title='bbox 2752 663 3109 719; x_wconf 87' lang='lat' dir='ltr'><strong>rationabiles</strong></span> <span class='ocrx_word' id='word_1_356' title='bbox 3138 666 3268 729; x_wconf 85' lang='lat' dir='ltr'><strong>sint,</strong></span> <span class='ocrx_word' id='word_1_357' title='bbox 3292 678 3424 716; x_wconf 90' lang='lat' dir='ltr'><strong>con-</strong></span> 
     </span>
    </p>
   </div>
   <div class='ocr_carea' id='block_1_49' title="bbox 1884 756 3430 829">
    <p class='ocr_par' dir='ltr' id='par_1_49' title="bbox 1884 756 3430 829">
     <span class='ocr_line' id='line_1_49' title="bbox 1884 756 3430 829; baseline -0.005 -16"><span class='ocrx_word' id='word_1_358' title='bbox 1884 760 2003 822; x_wconf 77' lang='lat' dir='ltr'><strong>fert,</strong></span> <span class='ocrx_word' id='word_1_359' title='bbox 2037 776 2132 828; x_wconf 90' lang='lat' dir='ltr'><strong>per</strong></span> <span class='ocrx_word' id='word_1_360' title='bbox 2160 759 2296 829; x_wconf 89' lang='lat' dir='ltr'><strong>quod</strong></span> <span class='ocrx_word' id='word_1_361' title='bbox 2341 759 2407 811; x_wconf 85' lang='lat' dir='ltr'><strong>ad</strong></span> <span class='ocrx_word' id='word_1_362' title='bbox 2454 760 2567 811; x_wconf 59' lang='lat' dir='ltr'><strong>haec</strong></span> <span class='ocrx_word' id='word_1_363' title='bbox 2596 774 2717 827; x_wconf 66' lang='lat' dir='ltr'><strong>quae</strong></span> <span class='ocrx_word' id='word_1_364' title='bbox 2762 767 2886 814; x_wconf 84' lang='lat' dir='ltr'><strong>sunt</strong></span> <span class='ocrx_word' id='word_1_365' title='bbox 2923 765 3211 826; x_wconf 70' lang='lat' dir='ltr'><strong>prmstatur</strong></span> <span class='ocrx_word' id='word_1_366' title='bbox 3254 756 3336 810; x_wconf 89' lang='lat' dir='ltr'><strong>eis</strong></span> <span class='ocrx_word' id='word_1_367' title='bbox 3371 760 3430 806; x_wconf 89' lang='lat' dir='ltr'><strong>ut</strong></span> 
     </span>
    </p>
   </div>
   <div class='ocr_carea' id='block_1_50' title="bbox 1883 844 3427 919">
    <p class='ocr_par' dir='ltr' id='par_1_50' title="bbox 1883 844 3427 919">
     <span class='ocr_line' id='line_1_50' title="bbox 1883 844 3427 919; baseline -0.006 -12"><span class='ocrx_word' id='word_1_368' title='bbox 1883 853 2019 907; x_wconf 84' lang='lat' dir='ltr'><strong>bene</strong></span> <span class='ocrx_word' id='word_1_369' title='bbox 2045 853 2171 905; x_wconf 88' lang='lat' dir='ltr'><strong>sint.</strong></span> <span class='ocrx_word' id='word_1_370' title='bbox 2200 852 2291 905; x_wconf 86' lang='lat' dir='ltr'><strong>Est</strong></span> <span class='ocrx_word' id='word_1_371' title='bbox 2322 860 2374 903; x_wconf 85' lang='lat' dir='ltr'><strong>et</strong></span> <span class='ocrx_word' id='word_1_372' title='bbox 2403 849 2505 903; x_wconf 88' lang='lat' dir='ltr'><strong>alia</strong></span> <span class='ocrx_word' id='word_1_373' title='bbox 2536 865 2749 919; x_wconf 86' lang='lat' dir='ltr'><strong>quoque</strong></span> <span class='ocrx_word' id='word_1_374' title='bbox 2778 849 2940 904; x_wconf 91' lang='lat' dir='ltr'><strong>etiam</strong></span> <span class='ocrx_word' id='word_1_375' title='bbox 2979 848 3214 917; x_wconf 91' lang='lat' dir='ltr'><strong>Spiritus</strong></span> <span class='ocrx_word' id='word_1_376' title='bbox 3251 844 3427 900; x_wconf 89' lang='lat' dir='ltr'><strong>sancti</strong></span> 
     </span>
    </p>
   </div>
   <div class='ocr_carea' id='block_1_51' title="bbox 1885 930 3429 1012">
    <p class='ocr_par' dir='ltr' id='par_1_51' title="bbox 1885 930 3429 1012">
     <span class='ocr_line' id='line_1_51' title="bbox 1885 930 3429 1012; baseline -0.005 -17"><span class='ocrx_word' id='word_1_377' title='bbox 1885 945 2052 1011; x_wconf 85' lang='lat' dir='ltr'><strong>gratia</strong></span> <span class='ocrx_word' id='word_1_378' title='bbox 2080 958 2196 1011; x_wconf 76' lang='lat' dir='ltr'><strong>qua:</strong></span> <span class='ocrx_word' id='word_1_379' title='bbox 2225 941 2396 1009; x_wconf 82' lang='lat' dir='ltr'><strong>dignis</strong></span> <span class='ocrx_word' id='word_1_380' title='bbox 2422 930 2743 1012; x_wconf 43' lang='lat' dir='ltr'><strong>prmstatur,</strong></span> <span class='ocrx_word' id='word_1_381' title='bbox 2757 940 3061 994; x_wconf 88' lang='lat' dir='ltr'><strong>ministrata</strong></span> <span class='ocrx_word' id='word_1_382' title='bbox 3088 938 3303 1007; x_wconf 87' lang='lat' dir='ltr'><strong>quidem</strong></span> <span class='ocrx_word' id='word_1_383' title='bbox 3333 949 3429 1003; x_wconf 91' lang='lat' dir='ltr'><strong>per</strong></span> 
     </span>
    </p>
   </div>
   <div class='ocr_carea' id='block_1_52' title="bbox 1883 1023 3429 1102">
    <p class='ocr_par' dir='ltr' id='par_1_52' title="bbox 1883 1023 3429 1102">
     <span class='ocr_line' id='line_1_52' title="bbox 1883 1023 3429 1102; baseline -0.003 -15"><span class='ocrx_word' id='word_1_384' title='bbox 1883 1034 2175 1098; x_wconf 88' lang='lat' dir='ltr'><strong>Christum,</strong></span> <span class='ocrx_word' id='word_1_385' title='bbox 2202 1034 2473 1102; x_wconf 83' lang='lat' dir='ltr'><strong>ineperata</strong></span> <span class='ocrx_word' id='word_1_386' title='bbox 2501 1023 2686 1087; x_wconf 79' lang='lat' dir='ltr'><strong>autem</strong></span> <span class='ocrx_word' id='word_1_387' title='bbox 2709 1049 2737 1087; x_wconf 92' lang='lat' dir='ltr'><strong>a</strong></span> <span class='ocrx_word' id='word_1_388' title='bbox 2764 1032 2921 1086; x_wconf 84' lang='lat' dir='ltr'><strong>Patre</strong></span> <span class='ocrx_word' id='word_1_389' title='bbox 2947 1031 3239 1086; x_wconf 89' lang='lat' dir='ltr'><strong>secundum</strong></span> <span class='ocrx_word' id='word_1_390' title='bbox 3266 1028 3429 1083; x_wconf 91' lang='lat' dir='ltr'><strong>meri-</strong></span> 
     </span>
    </p>
   </div>
   <div class='ocr_carea' id='block_1_53' title="bbox 1888 1122 3427 1197">
    <p class='ocr_par' dir='ltr' id='par_1_53' title="bbox 1888 1122 3427 1197">
     <span class='ocr_line' id='line_1_53' title="bbox 1888 1122 3427 1197; baseline -0.004 -18"><span class='ocrx_word' id='word_1_391' title='bbox 1888 1138 1996 1181; x_wconf 90' lang='lat' dir='ltr'><strong>tum</strong></span> <span class='ocrx_word' id='word_1_392' title='bbox 2026 1141 2210 1180; x_wconf 90' lang='lat' dir='ltr'><strong>eorum</strong></span> <span class='ocrx_word' id='word_1_393' title='bbox 2237 1128 2325 1197; x_wconf 92' lang='lat' dir='ltr'><strong>qui</strong></span> <span class='ocrx_word' id='word_1_394' title='bbox 2344 1139 2581 1197; x_wconf 52' lang='lat' dir='ltr'><strong>capaces</strong></span> <span class='ocrx_word' id='word_1_395' title='bbox 2608 1125 2725 1193; x_wconf 84' lang='lat' dir='ltr'><strong>ejus</strong></span> <span class='ocrx_word' id='word_1_396' title='bbox 2751 1123 3080 1179; x_wconf 84' lang='lat' dir='ltr'><strong>elliciuntur.</strong></span> <span class='ocrx_word' id='word_1_397' title='bbox 3110 1122 3262 1188; x_wconf 83' lang='lat' dir='ltr'><strong>Quod</strong></span> <span class='ocrx_word' id='word_1_398' title='bbox 3307 1136 3427 1173; x_wconf 83' lang='lat' dir='ltr'><strong>ma-</strong></span> 
     </span>
    </p>
   </div>
   <div class='ocr_carea' id='block_1_54' title="bbox 1884 1216 3425 1287">
    <p class='ocr_par' dir='ltr' id='par_1_54' title="bbox 1884 1216 3425 1287">
     <span class='ocr_line' id='line_1_54' title="bbox 1884 1216 3425 1287; baseline -0.006 -15"><span class='ocrx_word' id='word_1_399' title='bbox 1884 1219 2227 1273; x_wconf 80' lang='lat' dir='ltr'><strong>nifestissime</strong></span> <span class='ocrx_word' id='word_1_400' title='bbox 2272 1216 2473 1273; x_wconf 69' lang='lat' dir='ltr'><strong>indicat</strong></span> <span class='ocrx_word' id='word_1_401' title='bbox 2514 1217 2787 1287; x_wconf 90' lang='lat' dir='ltr'><strong>apostolus</strong></span> <span class='ocrx_word' id='word_1_402' title='bbox 2828 1216 3048 1283; x_wconf 88' lang='lat' dir='ltr'><strong>Paulus,</strong></span> <span class='ocrx_word' id='word_1_403' title='bbox 3082 1229 3242 1267; x_wconf 88' lang='lat' dir='ltr'><strong>unam</strong></span> <span class='ocrx_word' id='word_1_404' title='bbox 3273 1227 3425 1266; x_wconf 90' lang='lat' dir='ltr'><strong>eam-</strong></span> 
     </span>
    </p>
   </div>
   <div class='ocr_carea' id='block_1_55' title="bbox 1886 1306 3425 1380">
    <p class='ocr_par' dir='ltr' id='par_1_55' title="bbox 1886 1306 3425 1380">
     <span class='ocr_line' id='line_1_55' title="bbox 1886 1306 3425 1380; baseline -0.006 -16"><span class='ocrx_word' id='word_1_405' title='bbox 1886 1313 2108 1380; x_wconf 89' lang='lat' dir='ltr'><strong>demque</strong></span> <span class='ocrx_word' id='word_1_406' title='bbox 2157 1313 2405 1364; x_wconf 88' lang='lat' dir='ltr'><strong>virtutem</strong></span> <span class='ocrx_word' id='word_1_407' title='bbox 2456 1310 2739 1364; x_wconf 87' lang='lat' dir='ltr'><strong>Trinitatis</strong></span> <span class='ocrx_word' id='word_1_408' title='bbox 2771 1322 3053 1377; x_wconf 70' lang='lat' dir='ltr'><strong>exponens</strong></span> <span class='ocrx_word' id='word_1_409' title='bbox 3104 1306 3158 1361; x_wconf 91' lang='lat' dir='ltr'><strong>in</strong></span> <span class='ocrx_word' id='word_1_410' title='bbox 3197 1320 3263 1359; x_wconf 91' lang='lat' dir='ltr'><strong>eo</strong></span> <span class='ocrx_word' id='word_1_411' title='bbox 3301 1306 3425 1357; x_wconf 89' lang='lat' dir='ltr'><strong>dum</strong></span> 
     </span>
    </p>
   </div>
   <div class='ocr_carea' id='block_1_56' title="bbox 1885 1395 3427 1470">
    <p class='ocr_par' dir='ltr' id='par_1_56' title="bbox 1885 1395 3427 1470">
     <span class='ocr_line' id='line_1_56' title="bbox 1885 1395 3427 1470; baseline -0.006 -15"><span class='ocrx_word' id='word_1_412' title='bbox 1885 1402 2012 1455; x_wconf 90' lang='lat' dir='ltr'><strong>dicit</strong></span> <span class='ocrx_word' id='word_1_413' title='bbox 2041 1421 2053 1455; x_wconf 93' lang='lat'><strong>:</strong></span> <span class='ocrx_word' id='word_1_414' title='bbox 2085 1426 2103 1453; x_wconf 76' lang='grc' dir='ltr'><strong>ι</strong></span> <span class='ocrx_word' id='word_1_415' title='bbox 2126 1402 2419 1458; x_wconf 73' lang='lat' dir='ltr'><strong>Divisiones</strong></span> <span class='ocrx_word' id='word_1_416' title='bbox 2472 1409 2597 1455; x_wconf 90' lang='lat' dir='ltr'><strong>sunt</strong></span> <span class='ocrx_word' id='word_1_417' title='bbox 2648 1401 2915 1454; x_wconf 90' lang='lat' dir='ltr'><strong>donorum</strong></span> <span class='ocrx_word' id='word_1_418' title='bbox 2950 1399 3086 1470; x_wconf 83' lang='lat'><strong>(9&#39;5),</strong></span> <span class='ocrx_word' id='word_1_419' title='bbox 3124 1395 3235 1468; x_wconf 64' lang='grc'><strong>64</strong></span> <span class='ocrx_word' id='word_1_420' title='bbox 3271 1396 3427 1449; x_wconf 81' lang='lat' dir='ltr'><strong>idem</strong></span> 
     </span>
    </p>
   </div>
   <div class='ocr_carea' id='block_1_57' title="bbox 1885 1490 3427 1564">
    <p class='ocr_par' dir='ltr' id='par_1_57' title="bbox 1885 1490 3427 1564">
     <span class='ocr_line' id='line_1_57' title="bbox 1885 1490 3427 1564; baseline -0.006 -16"><span class='ocrx_word' id='word_1_421' title='bbox 1885 1506 2059 1550; x_wconf 88' lang='lat' dir='ltr'><strong>autem</strong></span> <span class='ocrx_word' id='word_1_422' title='bbox 2095 1495 2358 1564; x_wconf 87' lang='lat' dir='ltr'><strong>Spiritus;</strong></span> <span class='ocrx_word' id='word_1_423' title='bbox 2406 1504 2460 1549; x_wconf 92' lang='lat' dir='ltr'><strong>et</strong></span> <span class='ocrx_word' id='word_1_424' title='bbox 2490 1494 2779 1550; x_wconf 88' lang='lat' dir='ltr'><strong>divisiones</strong></span> <span class='ocrx_word' id='word_1_425' title='bbox 2811 1502 2939 1547; x_wconf 91' lang='lat' dir='ltr'><strong>sunt</strong></span> <span class='ocrx_word' id='word_1_426' title='bbox 2978 1490 3427 1555; x_wconf 87' lang='lat' dir='ltr'><strong>ministeriorum,</strong></span> 
     </span>
    </p>
   </div>
   <div class='ocr_carea' id='block_1_58' title="bbox 1884 1580 3427 1651">
    <p class='ocr_par' dir='ltr' id='par_1_58' title="bbox 1884 1580 3427 1651">
     <span class='ocr_line' id='line_1_58' title="bbox 1884 1580 3427 1651; baseline -0.01 -8"><span class='ocrx_word' id='word_1_427' title='bbox 1884 1586 2021 1644; x_wconf 86' lang='lat' dir='ltr'><strong>idem</strong></span> <span class='ocrx_word' id='word_1_428' title='bbox 2071 1599 2245 1641; x_wconf 89' lang='lat' dir='ltr'><strong>autem</strong></span> <span class='ocrx_word' id='word_1_429' title='bbox 2295 1588 2581 1651; x_wconf 86' lang='lat' dir='ltr'><strong>Dominus;</strong></span> <span class='ocrx_word' id='word_1_430' title='bbox 2615 1592 2669 1638; x_wconf 87' lang='lat' dir='ltr'><strong>et</strong></span> <span class='ocrx_word' id='word_1_431' title='bbox 2717 1584 3011 1638; x_wconf 87' lang='lat' dir='ltr'><strong>divisiones</strong></span> <span class='ocrx_word' id='word_1_432' title='bbox 3058 1580 3427 1649; x_wconf 89' lang='lat' dir='ltr'><strong>operationnm</strong></span> 
     </span>
    </p>
   </div>
   <div class='ocr_carea' id='block_1_59' title="bbox 1883 1669 3430 1746">
    <p class='ocr_par' dir='ltr' id='par_1_59' title="bbox 1883 1669 3430 1746">
     <span class='ocr_line' id='line_1_59' title="bbox 1883 1669 3430 1746; baseline -0.01 -12"><span class='ocrx_word' id='word_1_433' title='bbox 1883 1690 2027 1745; x_wconf 90' lang='lat' dir='ltr'><strong>sunt,</strong></span> <span class='ocrx_word' id='word_1_434' title='bbox 2058 1682 2193 1734; x_wconf 88' lang='lat' dir='ltr'><strong>idem</strong></span> <span class='ocrx_word' id='word_1_435' title='bbox 2220 1689 2393 1733; x_wconf 88' lang='lat' dir='ltr'><strong>autem</strong></span> <span class='ocrx_word' id='word_1_436' title='bbox 2421 1679 2560 1732; x_wconf 88' lang='lat' dir='ltr'><strong>Deus</strong></span> <span class='ocrx_word' id='word_1_437' title='bbox 2581 1677 2671 1746; x_wconf 90' lang='lat' dir='ltr'><strong>qui</strong></span> <span class='ocrx_word' id='word_1_438' title='bbox 2695 1683 2952 1744; x_wconf 88' lang='lat' dir='ltr'><strong>operatur</strong></span> <span class='ocrx_word' id='word_1_439' title='bbox 2970 1672 3150 1727; x_wconf 90' lang='lat' dir='ltr'><strong>omnia</strong></span> <span class='ocrx_word' id='word_1_440' title='bbox 3175 1672 3227 1724; x_wconf 87' lang='lat' dir='ltr'><strong>in</strong></span> <span class='ocrx_word' id='word_1_441' title='bbox 3251 1669 3430 1723; x_wconf 86' lang='lat' dir='ltr'><strong>omni-</strong></span> 
     </span>
    </p>
   </div>
   <div class='ocr_carea' id='block_1_60' title="bbox 1883 1764 3430 1841">
    <p class='ocr_par' dir='ltr' id='par_1_60' title="bbox 1883 1764 3430 1841">
     <span class='ocr_line' id='line_1_60' title="bbox 1883 1764 3430 1841; baseline -0.008 -15"><span class='ocrx_word' id='word_1_442' title='bbox 1883 1773 2003 1827; x_wconf 92' lang='lat' dir='ltr'><strong>bus.</strong></span> <span class='ocrx_word' id='word_1_443' title='bbox 2032 1772 2332 1841; x_wconf 90' lang='lat' dir='ltr'><strong>Unicuique</strong></span> <span class='ocrx_word' id='word_1_444' title='bbox 2364 1780 2540 1824; x_wconf 88' lang='lat' dir='ltr'><strong>autem</strong></span> <span class='ocrx_word' id='word_1_445' title='bbox 2586 1772 2744 1824; x_wconf 89' lang='lat' dir='ltr'><strong>datur</strong></span> <span class='ocrx_word' id='word_1_446' title='bbox 2781 1764 3147 1823; x_wconf 81' lang='lat' dir='ltr'><strong>manifestatio</strong></span> <span class='ocrx_word' id='word_1_447' title='bbox 3195 1764 3430 1834; x_wconf 89' lang='lat' dir='ltr'><strong>Spiritus</strong></span> 
     </span>
    </p>
   </div>
   <div class='ocr_carea' id='block_1_61' title="bbox 1884 1856 3425 1932">
    <p class='ocr_par' dir='ltr' id='par_1_61' title="bbox 1884 1856 3425 1932">
     <span class='ocr_line' id='line_1_61' title="bbox 1884 1856 3425 1932; baseline -0.006 -14"><span class='ocrx_word' id='word_1_448' title='bbox 1884 1864 2171 1919; x_wconf 89' lang='lat' dir='ltr'><strong>secundum</strong></span> <span class='ocrx_word' id='word_1_449' title='bbox 2204 1864 2255 1917; x_wconf 93' lang='lat' dir='ltr'><strong>id</strong></span> <span class='ocrx_word' id='word_1_450' title='bbox 2282 1865 2423 1932; x_wconf 90' lang='lat' dir='ltr'><strong>quod</strong></span> <span class='ocrx_word' id='word_1_451' title='bbox 2463 1862 2756 1932; x_wconf 69' lang='lat' dir='ltr'><strong>expedit”.</strong></span> <span class='ocrx_word' id='word_1_452' title='bbox 2781 1880 2800 1913; x_wconf 79' lang='grc' dir='ltr'><strong>ι</strong></span> <span class='ocrx_word' id='word_1_453' title='bbox 2846 1860 2924 1913; x_wconf 74' lang='lat' dir='ltr'><strong>Ex</strong></span> <span class='ocrx_word' id='word_1_454' title='bbox 2954 1874 3061 1927; x_wconf 92' lang='lat' dir='ltr'><strong>quo</strong></span> <span class='ocrx_word' id='word_1_455' title='bbox 3090 1856 3425 1911; x_wconf 80' lang='lat' dir='ltr'><strong>manifestis-</strong></span> 
     </span>
    </p>
   </div>
   <div class='ocr_carea' id='block_1_62' title="bbox 1810 1941 3448 2034">
    <p class='ocr_par' dir='ltr' id='par_1_62' title="bbox 1810 1941 3448 2034">
     <span class='ocr_line' id='line_1_62' title="bbox 1810 1941 3448 2034; baseline -0.007 -22"><span class='ocrx_word' id='word_1_456' title='bbox 1810 1941 1854 1999; x_wconf 77' lang='grc' dir='ltr'><strong>Β</strong></span> <span class='ocrx_word' id='word_1_457' title='bbox 1885 1959 2015 2013; x_wconf 91' lang='lat' dir='ltr'><strong>sime</strong></span> <span class='ocrx_word' id='word_1_458' title='bbox 2049 1958 2359 2026; x_wconf 78' lang='lat' dir='ltr'><strong>designatur</strong></span> <span class='ocrx_word' id='word_1_459' title='bbox 2389 1956 2529 2025; x_wconf 89' lang='lat' dir='ltr'><strong>quod</strong></span> <span class='ocrx_word' id='word_1_460' title='bbox 2558 1955 2703 2009; x_wconf 88' lang='lat' dir='ltr'><strong>nulla</strong></span> <span class='ocrx_word' id='word_1_461' title='bbox 2736 1964 2820 2008; x_wconf 91' lang='lat' dir='ltr'><strong>est</strong></span> <span class='ocrx_word' id='word_1_462' title='bbox 2846 1955 2897 2007; x_wconf 93' lang='lat' dir='ltr'><strong>in</strong></span> <span class='ocrx_word' id='word_1_463' title='bbox 2926 1952 3196 2007; x_wconf 87' lang='lat' dir='ltr'><strong>Trinitate</strong></span> <span class='ocrx_word' id='word_1_464' title='bbox 3225 1950 3448 2034; x_wconf 2' lang='lat' dir='ltr'><strong>discre-p</strong></span> 
     </span>
    </p>
   </div>
   <div class='ocr_carea' id='block_1_63' title="bbox 1888 2039 3433 2119">
    <p class='ocr_par' dir='ltr' id='par_1_63' title="bbox 1888 2039 3433 2119">
     <span class='ocr_line' id='line_1_63' title="bbox 1888 2039 3433 2119; baseline -0.005 -16"><span class='ocrx_word' id='word_1_465' title='bbox 1888 2051 1980 2115; x_wconf 91' lang='lat' dir='ltr'><strong>tio,</strong></span> <span class='ocrx_word' id='word_1_466' title='bbox 2007 2051 2099 2105; x_wconf 89' lang='lat' dir='ltr'><strong>sed</strong></span> <span class='ocrx_word' id='word_1_467' title='bbox 2129 2051 2228 2105; x_wconf 92' lang='lat' dir='ltr'><strong>hoc</strong></span> <span class='ocrx_word' id='word_1_468' title='bbox 2261 2050 2402 2119; x_wconf 87' lang='lat' dir='ltr'><strong>quod</strong></span> <span class='ocrx_word' id='word_1_469' title='bbox 2449 2049 2646 2103; x_wconf 89' lang='lat' dir='ltr'><strong>donum</strong></span> <span class='ocrx_word' id='word_1_470' title='bbox 2690 2047 2925 2116; x_wconf 84' lang='lat' dir='ltr'><strong>Spiritus</strong></span> <span class='ocrx_word' id='word_1_471' title='bbox 2952 2046 3172 2111; x_wconf 90' lang='lat' dir='ltr'><strong>dicitur,</strong></span> <span class='ocrx_word' id='word_1_472' title='bbox 3204 2039 3433 2096; x_wconf 83' lang='lat' dir='ltr'><strong>manife-</strong></span> 
     </span>
    </p>
   </div>
   <div class='ocr_carea' id='block_1_64' title="bbox 1884 2135 3429 2211">
    <p class='ocr_par' dir='ltr' id='par_1_64' title="bbox 1884 2135 3429 2211">
     <span class='ocr_line' id='line_1_64' title="bbox 1884 2135 3429 2211; baseline -0.006 -15"><span class='ocrx_word' id='word_1_473' title='bbox 1884 2150 2056 2196; x_wconf 88' lang='lat' dir='ltr'><strong>statur</strong></span> <span class='ocrx_word' id='word_1_474' title='bbox 2083 2156 2175 2211; x_wconf 91' lang='lat' dir='ltr'><strong>per</strong></span> <span class='ocrx_word' id='word_1_475' title='bbox 2201 2142 2418 2205; x_wconf 77' lang='lat' dir='ltr'><strong>Filium,</strong></span> <span class='ocrx_word' id='word_1_476' title='bbox 2437 2149 2491 2195; x_wconf 90' lang='lat' dir='ltr'><strong>et</strong></span> <span class='ocrx_word' id='word_1_477' title='bbox 2516 2140 2830 2208; x_wconf 88' lang='lat' dir='ltr'><strong>inoperatur</strong></span> <span class='ocrx_word' id='word_1_478' title='bbox 2859 2154 2956 2207; x_wconf 89' lang='lat' dir='ltr'><strong>per</strong></span> <span class='ocrx_word' id='word_1_479' title='bbox 2993 2137 3159 2192; x_wconf 87' lang='lat' dir='ltr'><strong>Deum</strong></span> <span class='ocrx_word' id='word_1_480' title='bbox 3195 2135 3429 2188; x_wconf 90' lang='lat' dir='ltr'><strong>Patrem.</strong></span> 
     </span>
    </p>
   </div>
   <div class='ocr_carea' id='block_1_65' title="bbox 1890 2227 3427 2300">
    <p class='ocr_par' dir='ltr' id='par_1_65' title="bbox 1890 2227 3427 2300">
     <span class='ocr_line' id='line_1_65' title="bbox 1890 2227 3427 2300; baseline -0.003 -16"><span class='ocrx_word' id='word_1_481' title='bbox 1890 2252 1907 2284; x_wconf 83' lang='grc' dir='ltr'><strong>ι</strong></span> <span class='ocrx_word' id='word_1_482' title='bbox 1940 2232 2127 2287; x_wconf 87' lang='lat' dir='ltr'><strong>Omnia</strong></span> <span class='ocrx_word' id='word_1_483' title='bbox 2153 2234 2329 2286; x_wconf 87' lang='lat' dir='ltr'><strong>autem</strong></span> <span class='ocrx_word' id='word_1_484' title='bbox 2359 2238 2611 2300; x_wconf 90' lang='lat' dir='ltr'><strong>operatur</strong></span> <span class='ocrx_word' id='word_1_485' title='bbox 2638 2245 2774 2283; x_wconf 89' lang='lat' dir='ltr'><strong>unus</strong></span> <span class='ocrx_word' id='word_1_486' title='bbox 2803 2238 2966 2294; x_wconf 90' lang='lat' dir='ltr'><strong>atque</strong></span> <span class='ocrx_word' id='word_1_487' title='bbox 2999 2229 3140 2284; x_wconf 88' lang='lat' dir='ltr'><strong>idem</strong></span> <span class='ocrx_word' id='word_1_488' title='bbox 3173 2227 3427 2297; x_wconf 87' lang='lat' dir='ltr'><strong>Spiritus,</strong></span> 
     </span>
    </p>
   </div>
   <div class='ocr_carea' id='block_1_66' title="bbox 1884 2307 3042 2391">
    <p class='ocr_par' dir='ltr' id='par_1_66' title="bbox 1884 2307 3042 2391">
     <span class='ocr_line' id='line_1_66' title="bbox 1884 2307 3042 2391; baseline -0.009 -11"><span class='ocrx_word' id='word_1_489' title='bbox 1884 2325 2123 2380; x_wconf 82' lang='lat' dir='ltr'><strong>dividens</strong></span> <span class='ocrx_word' id='word_1_490' title='bbox 2151 2323 2435 2391; x_wconf 84' lang='lat' dir='ltr'><strong>unicuique</strong></span> <span class='ocrx_word' id='word_1_491' title='bbox 2464 2322 2573 2389; x_wconf 66' lang='grc'>(94)</span> <span class='ocrx_word' id='word_1_492' title='bbox 2603 2307 2906 2391; x_wconf 47' lang='grc' dir='ltr'><strong>ριοιιιλνιιη</strong></span> <span class='ocrx_word' id='word_1_493' title='bbox 2928 2320 2996 2371; x_wconf 72' lang='grc'><strong>³⁸.</strong></span> <span class='ocrx_word' id='word_1_494' title='bbox 3025 2338 3042 2369; x_wconf 82' lang='grc' dir='ltr'><strong>ι</strong></span> 
     </span>
    </p>
   </div>
   <div class='ocr_carea' id='block_1_67' title="bbox 1952 2408 3426 2485">
    <p class='ocr_par' dir='ltr' id='par_1_67' title="bbox 1952 2408 3426 2485">
     <span class='ocr_line' id='line_1_67' title="bbox 1952 2408 3426 2485; baseline -0.007 -13"><span class='ocrx_word' id='word_1_495' title='bbox 1952 2418 2002 2472; x_wconf 87' lang='grc'><strong>8.</strong></span> <span class='ocrx_word' id='word_1_496' title='bbox 2035 2417 2127 2471; x_wconf 89' lang='lat' dir='ltr'><strong>llis</strong></span> <span class='ocrx_word' id='word_1_497' title='bbox 2154 2416 2312 2485; x_wconf 75' lang='lat' dir='ltr'><strong>igitur</strong></span> <span class='ocrx_word' id='word_1_498' title='bbox 2345 2418 2411 2470; x_wconf 89' lang='lat' dir='ltr'><strong>de</strong></span> <span class='ocrx_word' id='word_1_499' title='bbox 2443 2415 2649 2470; x_wconf 86' lang='lat' dir='ltr'><strong>unitate</strong></span> <span class='ocrx_word' id='word_1_500' title='bbox 2680 2413 2878 2478; x_wconf 79' lang='lat' dir='ltr'><strong>Patris,</strong></span> <span class='ocrx_word' id='word_1_501' title='bbox 2910 2422 2965 2467; x_wconf 91' lang='lat' dir='ltr'><strong>et</strong></span> <span class='ocrx_word' id='word_1_502' title='bbox 2991 2412 3134 2475; x_wconf 85' lang='lat' dir='ltr'><strong>Filii,</strong></span> <span class='ocrx_word' id='word_1_503' title='bbox 3169 2421 3225 2465; x_wconf 90' lang='lat' dir='ltr'><strong>et</strong></span> <span class='ocrx_word' id='word_1_504' title='bbox 3254 2408 3426 2479; x_wconf 88' lang='lat' dir='ltr'><strong>Spiri-</strong></span> 
     </span>
    </p>
   </div>
   <div class='ocr_carea' id='block_1_68' title="bbox 1889 2501 3433 2578">
    <p class='ocr_par' dir='ltr' id='par_1_68' title="bbox 1889 2501 3433 2578">
     <span class='ocr_line' id='line_1_68' title="bbox 1889 2501 3433 2578; baseline -0.008 -13"><span class='ocrx_word' id='word_1_505' title='bbox 1889 2521 1969 2565; x_wconf 90' lang='lat' dir='ltr'><strong>tus</strong></span> <span class='ocrx_word' id='word_1_506' title='bbox 1996 2510 2163 2564; x_wconf 85' lang='lat' dir='ltr'><strong>sancti</strong></span> <span class='ocrx_word' id='word_1_507' title='bbox 2190 2508 2515 2578; x_wconf 87' lang='lat' dir='ltr'><strong>protestatis,</strong></span> <span class='ocrx_word' id='word_1_508' title='bbox 2545 2506 2827 2561; x_wconf 89' lang='lat' dir='ltr'><strong>redeamus</strong></span> <span class='ocrx_word' id='word_1_509' title='bbox 2850 2520 2991 2558; x_wconf 89' lang='lat' dir='ltr'><strong>nunc</strong></span> <span class='ocrx_word' id='word_1_510' title='bbox 3030 2503 3097 2557; x_wconf 79' lang='lat' dir='ltr'><strong>ad</strong></span> <span class='ocrx_word' id='word_1_511' title='bbox 3133 2518 3254 2557; x_wconf 89' lang='lat' dir='ltr'><strong>cum</strong></span> <span class='ocrx_word' id='word_1_512' title='bbox 3286 2501 3433 2554; x_wconf 92' lang='lat' dir='ltr'><strong>ordi-</strong></span> 
     </span>
    </p>
   </div>
   <div class='ocr_carea' id='block_1_69' title="bbox 1884 2593 3430 2670">
    <p class='ocr_par' dir='ltr' id='par_1_69' title="bbox 1884 2593 3430 2670">
     <span class='ocr_line' id='line_1_69' title="bbox 1884 2593 3430 2670; baseline -0.007 -15"><span class='ocrx_word' id='word_1_513' title='bbox 1884 2618 2002 2655; x_wconf 87' lang='lat' dir='ltr'><strong>nem</strong></span> <span class='ocrx_word' id='word_1_514' title='bbox 2037 2617 2191 2670; x_wconf 76' lang='lat' dir='ltr'><strong>quem</strong></span> <span class='ocrx_word' id='word_1_515' title='bbox 2228 2601 2493 2656; x_wconf 87' lang='lat' dir='ltr'><strong>disserere</strong></span> <span class='ocrx_word' id='word_1_516' title='bbox 2523 2612 2886 2666; x_wconf 74' lang='lat' dir='ltr'><strong>creperamus.</strong></span> <span class='ocrx_word' id='word_1_517' title='bbox 2912 2596 3055 2651; x_wconf 92' lang='lat' dir='ltr'><strong>Deus</strong></span> <span class='ocrx_word' id='word_1_518' title='bbox 3076 2596 3236 2649; x_wconf 87' lang='lat' dir='ltr'><strong>Pater</strong></span> <span class='ocrx_word' id='word_1_519' title='bbox 3254 2593 3430 2647; x_wconf 91' lang='lat' dir='ltr'><strong>onmi-</strong></span> 
     </span>
    </p>
   </div>
   <div class='ocr_carea' id='block_1_70' title="bbox 1882 2685 3429 2757">
    <p class='ocr_par' dir='ltr' id='par_1_70' title="bbox 1882 2685 3429 2757">
     <span class='ocr_line' id='line_1_70' title="bbox 1882 2685 3429 2757; baseline -0.003 -15"><span class='ocrx_word' id='word_1_520' title='bbox 1882 2690 1980 2743; x_wconf 89' lang='lat' dir='ltr'><strong>bus</strong></span> <span class='ocrx_word' id='word_1_521' title='bbox 2021 2698 2233 2757; x_wconf 65' lang='lat' dir='ltr'><strong>prtestat</strong></span> <span class='ocrx_word' id='word_1_522' title='bbox 2270 2698 2325 2743; x_wconf 91' lang='lat' dir='ltr'><strong>ut</strong></span> <span class='ocrx_word' id='word_1_523' title='bbox 2368 2691 2508 2754; x_wconf 83' lang='lat' dir='ltr'><strong>sint;</strong></span> <span class='ocrx_word' id='word_1_524' title='bbox 2542 2686 2883 2757; x_wconf 88' lang='lat' dir='ltr'><strong>participatio</strong></span> <span class='ocrx_word' id='word_1_525' title='bbox 2917 2701 3049 2741; x_wconf 87' lang='lat' dir='ltr'><strong>vero</strong></span> <span class='ocrx_word' id='word_1_526' title='bbox 3080 2685 3307 2750; x_wconf 82' lang='lat' dir='ltr'><strong>Christi,</strong></span> <span class='ocrx_word' id='word_1_527' title='bbox 3342 2698 3429 2738; x_wconf 82' lang='lat' dir='ltr'><strong>se—</strong></span> 
     </span>
    </p>
   </div>
   <div class='ocr_carea' id='block_1_71' title="bbox 1883 2778 3427 2851">
    <p class='ocr_par' dir='ltr' id='par_1_71' title="bbox 1883 2778 3427 2851">
     <span class='ocr_line' id='line_1_71' title="bbox 1883 2778 3427 2851; baseline -0.004 -16"><span class='ocrx_word' id='word_1_528' title='bbox 1883 2784 2110 2835; x_wconf 87' lang='lat' dir='ltr'><strong>cundum</strong></span> <span class='ocrx_word' id='word_1_529' title='bbox 2141 2782 2189 2835; x_wconf 92' lang='lat' dir='ltr'><strong>id</strong></span> <span class='ocrx_word' id='word_1_530' title='bbox 2216 2783 2354 2851; x_wconf 71' lang='lat' dir='ltr'><strong>quod</strong></span> <span class='ocrx_word' id='word_1_531' title='bbox 2381 2780 2614 2838; x_wconf 83' lang='lat' dir='ltr'><strong>Verbum</strong></span> <span class='ocrx_word' id='word_1_532' title='bbox 2648 2785 2730 2837; x_wconf 88' lang='lat' dir='ltr'><strong>vel</strong></span> <span class='ocrx_word' id='word_1_533' title='bbox 2763 2782 2904 2836; x_wconf 92' lang='lat' dir='ltr'><strong>ratio</strong></span> <span class='ocrx_word' id='word_1_534' title='bbox 2935 2778 3185 2846; x_wconf 81' lang='lat' dir='ltr'><strong>est,l&#39;acit</strong></span> <span class='ocrx_word' id='word_1_535' title='bbox 3215 2794 3276 2831; x_wconf 83' lang='lat' dir='ltr'><strong>ca</strong></span> <span class='ocrx_word' id='word_1_536' title='bbox 3307 2792 3427 2831; x_wconf 85' lang='lat' dir='ltr'><strong>esse</strong></span> 
     </span>
    </p>
   </div>
   <div class='ocr_carea' id='block_1_72' title="bbox 1882 2863 3432 2944">
    <p class='ocr_par' dir='ltr' id='par_1_72' title="bbox 1882 2863 3432 2944">
     <span class='ocr_line' id='line_1_72' title="bbox 1882 2863 3432 2944; baseline -0.001 -20"><span class='ocrx_word' id='word_1_537' title='bbox 1882 2874 2243 2929; x_wconf 88' lang='lat' dir='ltr'><strong>rationabilia.</strong></span> <span class='ocrx_word' id='word_1_538' title='bbox 2279 2874 2357 2929; x_wconf 78' lang='lat' dir='ltr'><strong>Ex</strong></span> <span class='ocrx_word' id='word_1_539' title='bbox 2386 2890 2492 2944; x_wconf 92' lang='lat' dir='ltr'><strong>quo</strong></span> <span class='ocrx_word' id='word_1_540' title='bbox 2538 2888 2877 2943; x_wconf 88' lang='lat' dir='ltr'><strong>consequens</strong></span> <span class='ocrx_word' id='word_1_541' title='bbox 2918 2883 3001 2927; x_wconf 88' lang='lat' dir='ltr'><strong>est</strong></span> <span class='ocrx_word' id='word_1_542' title='bbox 3044 2886 3108 2925; x_wconf 91' lang='lat' dir='ltr'><strong>ea</strong></span> <span class='ocrx_word' id='word_1_543' title='bbox 3147 2870 3231 2925; x_wconf 88' lang='lat' dir='ltr'><strong>vel</strong></span> <span class='ocrx_word' id='word_1_544' title='bbox 3274 2863 3432 2923; x_wconf 69' lang='lat' dir='ltr'><strong>laude</strong></span> 
     </span>
    </p>
   </div>
   <div class='ocr_carea' id='block_1_73' title="bbox 1882 2962 3433 3035">
    <p class='ocr_par' dir='ltr' id='par_1_73' title="bbox 1882 2962 3433 3035">
     <span class='ocr_line' id='line_1_73' title="bbox 1882 2962 3433 3035; baseline -0.005 -16"><span class='ocrx_word' id='word_1_545' title='bbox 1882 2966 2038 3035; x_wconf 83' lang='lat' dir='ltr'><strong>digna</strong></span> <span class='ocrx_word' id='word_1_546' title='bbox 2070 2980 2209 3029; x_wconf 87' lang='lat' dir='ltr'><strong>esse,</strong></span> <span class='ocrx_word' id='word_1_547' title='bbox 2241 2967 2325 3021; x_wconf 89' lang='lat' dir='ltr'><strong>vel</strong></span> <span class='ocrx_word' id='word_1_548' title='bbox 2368 2967 2545 3035; x_wconf 87' lang='lat' dir='ltr'><strong>culpa,</strong></span> <span class='ocrx_word' id='word_1_549' title='bbox 2589 2967 2713 3034; x_wconf 91' lang='lat' dir='ltr'><strong>quia</strong></span> <span class='ocrx_word' id='word_1_550' title='bbox 2746 2965 2960 3027; x_wconf 86' lang='lat' dir='ltr'><strong>virtutis</strong></span> <span class='ocrx_word' id='word_1_551' title='bbox 2981 2973 3035 3017; x_wconf 89' lang='lat' dir='ltr'><strong>et</strong></span> <span class='ocrx_word' id='word_1_552' title='bbox 3065 2962 3282 3016; x_wconf 71' lang='lat' dir='ltr'><strong>malitiae</strong></span> <span class='ocrx_word' id='word_1_553' title='bbox 3307 2968 3433 3014; x_wconf 92' lang='lat' dir='ltr'><strong>sunt</strong></span> 
     </span>
    </p>
   </div>
   <div class='ocr_carea' id='block_1_74' title="bbox 1881 3055 3430 3127">
    <p class='ocr_par' dir='ltr' id='par_1_74' title="bbox 1881 3055 3430 3127">
     <span class='ocr_line' id='line_1_74' title="bbox 1881 3055 3430 3127; baseline -0.004 -16"><span class='ocrx_word' id='word_1_554' title='bbox 1881 3058 2118 3125; x_wconf 83' lang='lat' dir='ltr'><strong>capacia.</strong></span> <span class='ocrx_word' id='word_1_555' title='bbox 2175 3055 2399 3127; x_wconf 89' lang='lat' dir='ltr'><strong>Propter</strong></span> <span class='ocrx_word' id='word_1_556' title='bbox 2458 3058 2559 3110; x_wconf 91' lang='lat' dir='ltr'><strong>hoc</strong></span> <span class='ocrx_word' id='word_1_557' title='bbox 2612 3067 3009 3125; x_wconf 88' lang='lat' dir='ltr'><strong>consequenter</strong></span> <span class='ocrx_word' id='word_1_558' title='bbox 3064 3055 3216 3108; x_wconf 90' lang='lat' dir='ltr'><strong>adest</strong></span> <span class='ocrx_word' id='word_1_559' title='bbox 3267 3055 3430 3108; x_wconf 88' lang='lat' dir='ltr'><strong>etiam</strong></span> 
     </span>
    </p>
   </div>
   <div class='ocr_carea' id='block_1_75' title="bbox 1880 3145 3432 3218">
    <p class='ocr_par' dir='ltr' id='par_1_75' title="bbox 1880 3145 3432 3218">
     <span class='ocr_line' id='line_1_75' title="bbox 1880 3145 3432 3218; baseline -0.003 -17"><span class='ocrx_word' id='word_1_560' title='bbox 1880 3150 2051 3217; x_wconf 78' lang='lat' dir='ltr'><strong>gratia</strong></span> <span class='ocrx_word' id='word_1_561' title='bbox 2095 3148 2330 3218; x_wconf 87' lang='lat' dir='ltr'><strong>Spiritus</strong></span> <span class='ocrx_word' id='word_1_562' title='bbox 2370 3148 2563 3213; x_wconf 89' lang='lat' dir='ltr'><strong>sancti,</strong></span> <span class='ocrx_word' id='word_1_563' title='bbox 2611 3158 2670 3200; x_wconf 92' lang='lat' dir='ltr'><strong>ut</strong></span> <span class='ocrx_word' id='word_1_564' title='bbox 2722 3162 2784 3201; x_wconf 89' lang='lat' dir='ltr'><strong>ea</strong></span> <span class='ocrx_word' id='word_1_565' title='bbox 2832 3162 2955 3215; x_wconf 66' lang='lat' dir='ltr'><strong>quae</strong></span> <span class='ocrx_word' id='word_1_566' title='bbox 2994 3145 3432 3200; x_wconf 89' lang='lat' dir='ltr'><strong>substantialiter</strong></span> 
     </span>
    </p>
   </div>
   <div class='ocr_carea' id='block_1_76' title="bbox 1880 3235 3429 3309">
    <p class='ocr_par' dir='ltr' id='par_1_76' title="bbox 1880 3235 3429 3309">
     <span class='ocr_line' id='line_1_76' title="bbox 1880 3235 3429 3309; baseline -0.002 -15"><span class='ocrx_word' id='word_1_567' title='bbox 1880 3251 2064 3295; x_wconf 86' lang='lat' dir='ltr'><strong>sancta</strong></span> <span class='ocrx_word' id='word_1_568' title='bbox 2094 3256 2197 3295; x_wconf 91' lang='lat' dir='ltr'><strong>non</strong></span> <span class='ocrx_word' id='word_1_569' title='bbox 2238 3250 2381 3308; x_wconf 82' lang='lat' dir='ltr'><strong>sunt,</strong></span> <span class='ocrx_word' id='word_1_570' title='bbox 2429 3240 2842 3309; x_wconf 86' lang='lat' dir='ltr'><strong>participatione</strong></span> <span class='ocrx_word' id='word_1_571' title='bbox 2868 3239 3055 3307; x_wconf 78' lang='lat' dir='ltr'><strong>ipsius</strong></span> <span class='ocrx_word' id='word_1_572' title='bbox 3093 3245 3279 3291; x_wconf 89' lang='lat' dir='ltr'><strong>sancta</strong></span> <span class='ocrx_word' id='word_1_573' title='bbox 3316 3235 3429 3291; x_wconf 77' lang='lat' dir='ltr'><strong>elli-</strong></span> 
     </span>
    </p>
   </div>
   <div class='ocr_carea' id='block_1_77' title="bbox 1875 3328 3431 3403">
    <p class='ocr_par' dir='ltr' id='par_1_77' title="bbox 1875 3328 3431 3403">
     <span class='ocr_line' id='line_1_77' title="bbox 1875 3328 3431 3403; baseline -0.001 -18"><span class='ocrx_word' id='word_1_574' title='bbox 1875 3334 2102 3385; x_wconf 86' lang='lat' dir='ltr'><strong>ciantur.</strong></span> <span class='ocrx_word' id='word_1_575' title='bbox 2133 3332 2263 3386; x_wconf 88' lang='lat' dir='ltr'><strong>Cum</strong></span> <span class='ocrx_word' id='word_1_576' title='bbox 2290 3348 2417 3402; x_wconf 86' lang='lat' dir='ltr'><strong>ergo</strong></span> <span class='ocrx_word' id='word_1_577' title='bbox 2449 3332 2621 3401; x_wconf 90' lang='lat' dir='ltr'><strong>primo</strong></span> <span class='ocrx_word' id='word_1_578' title='bbox 2670 3340 2727 3383; x_wconf 93' lang='lat' dir='ltr'><strong>ut</strong></span> <span class='ocrx_word' id='word_1_579' title='bbox 2774 3331 2904 3395; x_wconf 90' lang='lat' dir='ltr'><strong>sint,</strong></span> <span class='ocrx_word' id='word_1_580' title='bbox 2937 3330 3175 3403; x_wconf 75' lang='lat' dir='ltr'><strong>habeant</strong></span> <span class='ocrx_word' id='word_1_581' title='bbox 3208 3346 3275 3385; x_wconf 80' lang='lat' dir='ltr'><strong>ex</strong></span> <span class='ocrx_word' id='word_1_582' title='bbox 3322 3328 3431 3384; x_wconf 88' lang='lat' dir='ltr'><strong>Deo</strong></span> 
     </span>
    </p>
   </div>
   <div class='ocr_carea' id='block_1_78' title="bbox 1873 3423 3431 3489">
    <p class='ocr_par' dir='ltr' id='par_1_78' title="bbox 1873 3423 3431 3489">
     <span class='ocr_line' id='line_1_78' title="bbox 1873 3423 3431 3489; baseline 0.001 -13"><span class='ocrx_word' id='word_1_583' title='bbox 1873 3424 2063 3489; x_wconf 86' lang='lat' dir='ltr'><strong>Patre;</strong></span> <span class='ocrx_word' id='word_1_584' title='bbox 2121 3425 2352 3478; x_wconf 86' lang='lat' dir='ltr'><strong>secundo</strong></span> <span class='ocrx_word' id='word_1_585' title='bbox 2405 3436 2460 3478; x_wconf 92' lang='lat' dir='ltr'><strong>ut</strong></span> <span class='ocrx_word' id='word_1_586' title='bbox 2521 3423 2864 3479; x_wconf 79' lang='lat' dir='ltr'><strong>rationabilia</strong></span> <span class='ocrx_word' id='word_1_587' title='bbox 2919 3424 3049 3487; x_wconf 81' lang='lat' dir='ltr'><strong>sint,</strong></span> <span class='ocrx_word' id='word_1_588' title='bbox 3084 3423 3320 3477; x_wconf 87' lang='lat' dir='ltr'><strong>habeant</strong></span> <span class='ocrx_word' id='word_1_589' title='bbox 3361 3437 3431 3477; x_wconf 83' lang='lat' dir='ltr'><strong>ex</strong></span> 
     </span>
    </p>
   </div>
   <div class='ocr_carea' id='block_1_79' title="bbox 1873 3514 3428 3584">
    <p class='ocr_par' dir='ltr' id='par_1_79' title="bbox 1873 3514 3428 3584">
     <span class='ocr_line' id='line_1_79' title="bbox 1873 3514 3428 3584; baseline -0.001 -16"><span class='ocrx_word' id='word_1_590' title='bbox 1873 3514 2079 3581; x_wconf 80' lang='lat' dir='ltr'><strong>Verbo;</strong></span> <span class='ocrx_word' id='word_1_591' title='bbox 2110 3517 2262 3569; x_wconf 89' lang='lat' dir='ltr'><strong>tertio</strong></span> <span class='ocrx_word' id='word_1_592' title='bbox 2309 3526 2369 3569; x_wconf 93' lang='lat' dir='ltr'><strong>ut</strong></span> <span class='ocrx_word' id='word_1_593' title='bbox 2406 3517 2511 3569; x_wconf 91' lang='lat' dir='ltr'><strong>sint</strong></span> <span class='ocrx_word' id='word_1_594' title='bbox 2553 3525 2763 3579; x_wconf 87' lang='lat' dir='ltr'><strong>sancta,</strong></span> <span class='ocrx_word' id='word_1_595' title='bbox 2816 3515 3050 3569; x_wconf 88' lang='lat' dir='ltr'><strong>habeant</strong></span> <span class='ocrx_word' id='word_1_596' title='bbox 3105 3532 3173 3569; x_wconf 82' lang='lat' dir='ltr'><strong>ex</strong></span> <span class='ocrx_word' id='word_1_597' title='bbox 3224 3515 3428 3584; x_wconf 78' lang='lat' dir='ltr'><strong>Spiritu</strong></span> 
     </span>
    </p>
   </div>
   <div class='ocr_carea' id='block_1_80' title="bbox 1873 3605 3428 3676">
    <p class='ocr_par' dir='ltr' id='par_1_80' title="bbox 1873 3605 3428 3676">
     <span class='ocr_line' id='line_1_80' title="bbox 1873 3605 3428 3676; baseline 0.001 -18"><span class='ocrx_word' id='word_1_598' title='bbox 1873 3616 2081 3668; x_wconf 86' lang='lat' dir='ltr'><strong>sancto,</strong></span> <span class='ocrx_word' id='word_1_599' title='bbox 2114 3622 2321 3661; x_wconf 90' lang='lat' dir='ltr'><strong>rursum</strong></span> <span class='ocrx_word' id='word_1_600' title='bbox 2350 3606 2549 3661; x_wconf 88' lang='lat' dir='ltr'><strong>Christi</strong></span> <span class='ocrx_word' id='word_1_601' title='bbox 2580 3611 2875 3661; x_wconf 88' lang='lat' dir='ltr'><strong>secundum</strong></span> <span class='ocrx_word' id='word_1_602' title='bbox 2912 3607 3016 3661; x_wconf 87' lang='lat' dir='ltr'><strong>hoc</strong></span> <span class='ocrx_word' id='word_1_603' title='bbox 3047 3608 3187 3676; x_wconf 85' lang='lat' dir='ltr'><strong>quod</strong></span> <span class='ocrx_word' id='word_1_604' title='bbox 3213 3605 3428 3674; x_wconf 75' lang='lat' dir='ltr'><strong>iustitia</strong></span> 
     </span>
    </p>
   </div>
   <div class='ocr_carea' id='block_1_81' title="bbox 1878 3699 3427 3768">
    <p class='ocr_par' dir='ltr' id='par_1_81' title="bbox 1878 3699 3427 3768">
     <span class='ocr_line' id='line_1_81' title="bbox 1878 3699 3427 3768; baseline -0.001 -15"><span class='ocrx_word' id='word_1_605' title='bbox 1878 3702 1969 3754; x_wconf 89' lang='lat' dir='ltr'><strong>Dei</strong></span> <span class='ocrx_word' id='word_1_606' title='bbox 1994 3711 2094 3763; x_wconf 88' lang='lat' dir='ltr'><strong>est.</strong></span> <span class='ocrx_word' id='word_1_607' title='bbox 2136 3701 2347 3767; x_wconf 87' lang='lat' dir='ltr'><strong>capacia</strong></span> <span class='ocrx_word' id='word_1_608' title='bbox 2384 3700 2689 3753; x_wconf 84' lang='lat' dir='ltr'><strong>clliciuntur</strong></span> <span class='ocrx_word' id='word_1_609' title='bbox 2714 3716 2775 3755; x_wconf 90' lang='lat' dir='ltr'><strong>ea</strong></span> <span class='ocrx_word' id='word_1_610' title='bbox 2809 3699 3427 3768; x_wconf 64' lang='lat' dir='ltr'><strong>quaajamsanctilicata</strong></span> 
     </span>
    </p>
   </div>
   <div class='ocr_carea' id='block_1_82' title="bbox 1874 3792 3429 3868">
    <p class='ocr_par' dir='ltr' id='par_1_82' title="bbox 1874 3792 3429 3868">
     <span class='ocr_line' id='line_1_82' title="bbox 1874 3792 3429 3868; baseline 0.003 -26"><span class='ocrx_word' id='word_1_611' title='bbox 1874 3804 1994 3843; x_wconf 90' lang='lat' dir='ltr'><strong>ante</strong></span> <span class='ocrx_word' id='word_1_612' title='bbox 2027 3792 2223 3844; x_wconf 81' lang='lat' dir='ltr'><strong>fuerint</strong></span> <span class='ocrx_word' id='word_1_613' title='bbox 2246 3808 2338 3860; x_wconf 89' lang='lat' dir='ltr'><strong>per</strong></span> <span class='ocrx_word' id='word_1_614' title='bbox 2377 3792 2635 3859; x_wconf 90' lang='lat' dir='ltr'><strong>Spiritum</strong></span> <span class='ocrx_word' id='word_1_615' title='bbox 2662 3802 2945 3856; x_wconf 85' lang='lat' dir='ltr'><strong>sanetum;</strong></span> <span class='ocrx_word' id='word_1_616' title='bbox 2981 3802 3034 3847; x_wconf 90' lang='lat' dir='ltr'><strong>et</strong></span> <span class='ocrx_word' id='word_1_617' title='bbox 3068 3793 3157 3862; x_wconf 92' lang='lat' dir='ltr'><strong>qui</strong></span> <span class='ocrx_word' id='word_1_618' title='bbox 3200 3793 3251 3844; x_wconf 91' lang='lat' dir='ltr'><strong>in</strong></span> <span class='ocrx_word' id='word_1_619' title='bbox 3285 3794 3429 3868; x_wconf 82' lang='lat' dir='ltr'><strong>hunc</strong></span> 
     </span>
    </p>
   </div>
   <div class='ocr_carea' id='block_1_83' title="bbox 1872 3884 3427 3956">
    <p class='ocr_par' dir='ltr' id='par_1_83' title="bbox 1872 3884 3427 3956">
     <span class='ocr_line' id='line_1_83' title="bbox 1872 3884 3427 3956; baseline 0.003 -21"><span class='ocrx_word' id='word_1_620' title='bbox 1872 3885 2090 3951; x_wconf 83' lang='lat' dir='ltr'><strong>gradum</strong></span> <span class='ocrx_word' id='word_1_621' title='bbox 2135 3884 2399 3953; x_wconf 87' lang='lat' dir='ltr'><strong>prolicere</strong></span> <span class='ocrx_word' id='word_1_622' title='bbox 2450 3886 2746 3939; x_wconf 91' lang='lat' dir='ltr'><strong>meruerint</strong></span> <span class='ocrx_word' id='word_1_623' title='bbox 2792 3900 2889 3956; x_wconf 91' lang='lat' dir='ltr'><strong>per</strong></span> <span class='ocrx_word' id='word_1_624' title='bbox 2942 3886 3427 3941; x_wconf 84' lang='lat' dir='ltr'><strong>sanetilicationem</strong></span> 
     </span>
    </p>
   </div>
   <div class='ocr_carea' id='block_1_84' title="bbox 1874 3962 3426 4046">
    <p class='ocr_par' dir='ltr' id='par_1_84' title="bbox 1874 3962 3426 4046">
     <span class='ocr_line' id='line_1_84' title="bbox 1874 3962 3426 4046; baseline 0.003 -19"><span class='ocrx_word' id='word_1_625' title='bbox 1874 3962 2103 4043; x_wconf 64' lang='lat' dir='ltr'><strong>Spiritus</strong></span> <span class='ocrx_word' id='word_1_626' title='bbox 2139 3975 2337 4039; x_wconf 87' lang='lat' dir='ltr'><strong>sancti,</strong></span> <span class='ocrx_word' id='word_1_627' title='bbox 2382 3988 2781 4046; x_wconf 85' lang='lat' dir='ltr'><strong>consequentur</strong></span> <span class='ocrx_word' id='word_1_628' title='bbox 2831 3978 3181 4034; x_wconf 86' lang='lat' dir='ltr'><strong>nihilominus</strong></span> <span class='ocrx_word' id='word_1_629' title='bbox 3228 3979 3426 4032; x_wconf 83' lang='lat' dir='ltr'><strong>donum</strong></span> 
     </span>
    </p>
   </div>
   <div class='ocr_carea' id='block_1_85' title="bbox 1873 4070 3425 4141">
    <p class='ocr_par' dir='ltr' id='par_1_85' title="bbox 1873 4070 3425 4141">
     <span class='ocr_line' id='line_1_85' title="bbox 1873 4070 3425 4141; baseline -0.001 -20"><span class='ocrx_word' id='word_1_630' title='bbox 1873 4070 2148 4138; x_wconf 67' lang='lat' dir='ltr'><strong>sapientia:</strong></span> <span class='ocrx_word' id='word_1_631' title='bbox 2206 4073 2501 4124; x_wconf 88' lang='lat' dir='ltr'><strong>secundum</strong></span> <span class='ocrx_word' id='word_1_632' title='bbox 2552 4074 2807 4125; x_wconf 89' lang='lat' dir='ltr'><strong>virtutem</strong></span> <span class='ocrx_word' id='word_1_633' title='bbox 2870 4082 2926 4126; x_wconf 90' lang='lat' dir='ltr'><strong>et</strong></span> <span class='ocrx_word' id='word_1_634' title='bbox 2998 4073 3425 4141; x_wconf 81' lang='lat' dir='ltr'><strong>inoperationem</strong></span> 
     </span>
    </p>
   </div>
   <div class='ocr_carea' id='block_1_86' title="bbox 1875 4162 3426 4231">
    <p class='ocr_par' dir='ltr' id='par_1_86' title="bbox 1875 4162 3426 4231">
     <span class='ocr_line' id='line_1_86' title="bbox 1875 4162 3426 4231; baseline -0.001 -16"><span class='ocrx_word' id='word_1_635' title='bbox 1875 4162 2109 4231; x_wconf 87' lang='lat' dir='ltr'><strong>Spiritus</strong></span> <span class='ocrx_word' id='word_1_636' title='bbox 2141 4164 2256 4217; x_wconf 88' lang='lat' dir='ltr'><strong>Dei.</strong></span> <span class='ocrx_word' id='word_1_637' title='bbox 2292 4164 2359 4218; x_wconf 83' lang='lat' dir='ltr'><strong>Et</strong></span> <span class='ocrx_word' id='word_1_638' title='bbox 2386 4165 2485 4219; x_wconf 89' lang='lat' dir='ltr'><strong>hoc</strong></span> <span class='ocrx_word' id='word_1_639' title='bbox 2521 4175 2647 4231; x_wconf 87' lang='lat' dir='ltr'><strong>puto</strong></span> <span class='ocrx_word' id='word_1_640' title='bbox 2688 4165 2912 4219; x_wconf 87' lang='lat' dir='ltr'><strong>Paulum</strong></span> <span class='ocrx_word' id='word_1_641' title='bbox 2963 4166 3164 4229; x_wconf 87' lang='lat' dir='ltr'><strong>dicere,</strong></span> <span class='ocrx_word' id='word_1_642' title='bbox 3195 4180 3319 4219; x_wconf 86' lang='lat' dir='ltr'><strong>cum</strong></span> <span class='ocrx_word' id='word_1_643' title='bbox 3353 4162 3426 4215; x_wconf 88' lang='lat' dir='ltr'><strong>ait</strong></span> 
     </span>
    </p>
   </div>
   <div class='ocr_carea' id='block_1_87' title="bbox 1871 4238 3423 4325">
    <p class='ocr_par' dir='ltr' id='par_1_87' title="bbox 1871 4238 3423 4325">
     <span class='ocr_line' id='line_1_87' title="bbox 1871 4238 3423 4325; baseline 0.002 -19"><span class='ocrx_word' id='word_1_644' title='bbox 1871 4254 2187 4324; x_wconf 88' lang='lat' dir='ltr'><strong>quibusdam</strong></span> <span class='ocrx_word' id='word_1_645' title='bbox 2216 4238 2333 4308; x_wconf 88' lang='lat' dir='ltr'><strong>dari</strong></span> <span class='ocrx_word' id='word_1_646' title='bbox 2367 4271 2670 4311; x_wconf 89' lang='lat' dir='ltr'><strong>sermonem</strong></span> <span class='ocrx_word' id='word_1_647' title='bbox 2714 4258 3013 4325; x_wconf 60' lang='lat' dir='ltr'><strong>sapientiae,</strong></span> <span class='ocrx_word' id='word_1_648' title='bbox 3048 4256 3165 4309; x_wconf 90' lang='lat' dir='ltr'><strong>aliis</strong></span> <span class='ocrx_word' id='word_1_649' title='bbox 3218 4269 3423 4309; x_wconf 80' lang='lat' dir='ltr'><strong>sermo-</strong></span> 
     </span>
    </p>
   </div>
   <div class='ocr_carea' id='block_1_88' title="bbox 1873 4347 3429 4416">
    <p class='ocr_par' dir='ltr' id='par_1_88' title="bbox 1873 4347 3429 4416">
     <span class='ocr_line' id='line_1_88' title="bbox 1873 4347 3429 4416; baseline 0.002 -17"><span class='ocrx_word' id='word_1_650' title='bbox 1873 4363 1989 4401; x_wconf 90' lang='lat' dir='ltr'><strong>nem</strong></span> <span class='ocrx_word' id='word_1_651' title='bbox 2034 4348 2271 4400; x_wconf 86' lang='lat' dir='ltr'><strong>scientiae</strong></span> <span class='ocrx_word' id='word_1_652' title='bbox 2304 4348 2601 4402; x_wconf 89' lang='lat' dir='ltr'><strong>secundum</strong></span> <span class='ocrx_word' id='word_1_653' title='bbox 2636 4350 2884 4401; x_wconf 87' lang='lat' dir='ltr'><strong>eumdem</strong></span> <span class='ocrx_word' id='word_1_654' title='bbox 2934 4347 3216 4416; x_wconf 86' lang='lat' dir='ltr'><strong>Spiritum.</strong></span> <span class='ocrx_word' id='word_1_655' title='bbox 3247 4348 3315 4403; x_wconf 74' lang='lat' dir='ltr'><strong>Et</strong></span> <span class='ocrx_word' id='word_1_656' title='bbox 3334 4348 3429 4402; x_wconf 84' lang='lat' dir='ltr'><strong>de-</strong></span> 
     </span>
    </p>
   </div>
   <div class='ocr_carea' id='block_1_89' title="bbox 1871 4438 3425 4509">
    <p class='ocr_par' dir='ltr' id='par_1_89' title="bbox 1871 4438 3425 4509">
     <span class='ocr_line' id='line_1_89' title="bbox 1871 4438 3425 4509; baseline 0.001 -17"><span class='ocrx_word' id='word_1_657' title='bbox 1871 4440 2090 4506; x_wconf 69' lang='lat' dir='ltr'><strong>signans</strong></span> <span class='ocrx_word' id='word_1_658' title='bbox 2125 4452 2561 4507; x_wconf 86' lang='lat' dir='ltr'><strong>unamquamque</strong></span> <span class='ocrx_word' id='word_1_659' title='bbox 2589 4438 2971 4495; x_wconf 73' lang='lat' dir='ltr'><strong>discretionem</strong></span> <span class='ocrx_word' id='word_1_660' title='bbox 3020 4440 3306 4509; x_wconf 84' lang='lat' dir='ltr'><strong>donorum,</strong></span> <span class='ocrx_word' id='word_1_661' title='bbox 3338 4456 3425 4495; x_wconf 83' lang='lat' dir='ltr'><strong>re—</strong></span> 
     </span>
    </p>
   </div>
   <div class='ocr_carea' id='block_1_90' title="bbox 1873 4530 3426 4598">
    <p class='ocr_par' dir='ltr' id='par_1_90' title="bbox 1873 4530 3426 4598">
     <span class='ocr_line' id='line_1_90' title="bbox 1873 4530 3426 4598; baseline 0.001 -14"><span class='ocrx_word' id='word_1_662' title='bbox 1873 4530 1974 4586; x_wconf 82' lang='lat' dir='ltr'><strong>fert</strong></span> <span class='ocrx_word' id='word_1_663' title='bbox 2009 4532 2187 4585; x_wconf 88' lang='lat' dir='ltr'><strong>omnia</strong></span> <span class='ocrx_word' id='word_1_664' title='bbox 2218 4532 2282 4584; x_wconf 92' lang='lat' dir='ltr'><strong>ad</strong></span> <span class='ocrx_word' id='word_1_665' title='bbox 2312 4530 2684 4585; x_wconf 88' lang='lat' dir='ltr'><strong>universitatis</strong></span> <span class='ocrx_word' id='word_1_666' title='bbox 2720 4530 2952 4598; x_wconf 74' lang='lat' dir='ltr'><strong>fontem,</strong></span> <span class='ocrx_word' id='word_1_667' title='bbox 2995 4543 3049 4586; x_wconf 91' lang='lat' dir='ltr'><strong>et</strong></span> <span class='ocrx_word' id='word_1_668' title='bbox 3080 4532 3251 4588; x_wconf 89' lang='lat' dir='ltr'><strong>dicit:</strong></span> <span class='ocrx_word' id='word_1_669' title='bbox 3286 4551 3307 4585; x_wconf 71' lang='grc' dir='ltr'><strong>ι</strong></span> <span class='ocrx_word' id='word_1_670' title='bbox 3335 4532 3426 4589; x_wconf 88' lang='lat' dir='ltr'><strong>Di-</strong></span> 
     </span>
    </p>
   </div>
   <div class='ocr_carea' id='block_1_91' title="bbox 210 4618 3423 4704">
    <p class='ocr_par' dir='ltr' id='par_1_91' title="bbox 210 4618 3423 4704">
     <span class='ocr_line' id='line_1_91' title="bbox 210 4618 3423 4704; baseline 0.004 -34"><span class='ocrx_word' id='word_1_671' title='bbox 210 4618 488 4682; x_wconf 87' lang='lat' dir='ltr'><strong>nniversa,</strong></span> <span class='ocrx_word' id='word_1_672' title='bbox 514 4620 709 4688; x_wconf 90' lang='lat' dir='ltr'><strong>spiritu</strong></span> <span class='ocrx_word' id='word_1_673' title='bbox 741 4638 871 4678; x_wconf 86' lang='lat' dir='ltr'><strong>vero</strong></span> <span class='ocrx_word' id='word_1_674' title='bbox 908 4624 1018 4678; x_wconf 90' lang='lat' dir='ltr'><strong>oris</strong></span> <span class='ocrx_word' id='word_1_675' title='bbox 1047 4626 1127 4679; x_wconf 91' lang='lat' dir='ltr'><strong>sui</strong></span> <span class='ocrx_word' id='word_1_676' title='bbox 1159 4642 1280 4695; x_wconf 66' lang='lat' dir='ltr'><strong>qua:</strong></span> <span class='ocrx_word' id='word_1_677' title='bbox 1302 4628 1459 4695; x_wconf 78' lang='lat' dir='ltr'><strong>digna</strong></span> <span class='ocrx_word' id='word_1_678' title='bbox 1490 4639 1613 4683; x_wconf 88' lang='lat' dir='ltr'><strong>sunt</strong></span> <span class='ocrx_word' id='word_1_679' title='bbox 1640 4645 1763 4688; x_wconf 87' lang='lat' dir='ltr'><strong>san-</strong></span> <span class='ocrx_word' id='word_1_680' title='bbox 1798 4651 1840 4704; x_wconf 69' lang='grc' dir='ltr'><strong>Ι)</strong></span> <span class='ocrx_word' id='word_1_681' title='bbox 1871 4625 2100 4678; x_wconf 83' lang='lat' dir='ltr'><strong>visiones</strong></span> <span class='ocrx_word' id='word_1_682' title='bbox 2137 4633 2262 4677; x_wconf 88' lang='lat' dir='ltr'><strong>sunt</strong></span> <span class='ocrx_word' id='word_1_683' title='bbox 2307 4625 2760 4693; x_wconf 89' lang='lat' dir='ltr'><strong>inoperationum,</strong></span> <span class='ocrx_word' id='word_1_684' title='bbox 2807 4626 2901 4679; x_wconf 89' lang='lat' dir='ltr'><strong>sed</strong></span> <span class='ocrx_word' id='word_1_685' title='bbox 2962 4642 3100 4681; x_wconf 93' lang='lat' dir='ltr'><strong>unus</strong></span> <span class='ocrx_word' id='word_1_686' title='bbox 3147 4628 3302 4682; x_wconf 69' lang='lat' dir='ltr'><strong>Deus</strong></span> <span class='ocrx_word' id='word_1_687' title='bbox 3332 4630 3423 4696; x_wconf 91' lang='lat' dir='ltr'><strong>qui</strong></span> 
     </span>
    </p>
   </div>
   <div class='ocr_carea' id='block_1_92' title="bbox 206 4709 1760 4787">
    <p class='ocr_par' dir='ltr' id='par_1_92' title="bbox 206 4709 1760 4787">
     <span class='ocr_line' id='line_1_92' title="bbox 206 4709 1760 4787; baseline 0.004 -22"><span class='ocrx_word' id='word_1_688' title='bbox 206 4709 561 4770; x_wconf 69' lang='lat' dir='ltr'><strong>ctiﬁcntione,</strong></span> <span class='ocrx_word' id='word_1_689' title='bbox 588 4713 918 4777; x_wconf 82' lang='lat' dir='ltr'><strong>sanetilicet,</strong></span> <span class='ocrx_word' id='word_1_690' title='bbox 967 4716 1107 4768; x_wconf 90' lang='lat' dir='ltr'><strong>sicut</strong></span> <span class='ocrx_word' id='word_1_691' title='bbox 1153 4717 1204 4770; x_wconf 92' lang='lat' dir='ltr'><strong>in</strong></span> <span class='ocrx_word' id='word_1_692' title='bbox 1255 4719 1459 4786; x_wconf 86' lang='lat' dir='ltr'><strong>psalmo</strong></span> <span class='ocrx_word' id='word_1_693' title='bbox 1502 4720 1760 4787; x_wconf 88' lang='lat' dir='ltr'><strong>scriptum</strong></span> 
     </span>
    </p>
   </div>
   <div class='ocr_carea' id='block_1_93' title="bbox 205 4798 1761 4883">
    <p class='ocr_par' dir='ltr' id='par_1_93' title="bbox 205 4798 1761 4883">
     <span class='ocr_line' id='line_1_93' title="bbox 205 4798 1761 4883; baseline 0.006 -31"><span class='ocrx_word' id='word_1_694' title='bbox 205 4809 337 4857; x_wconf 83' lang='lat' dir='ltr'><strong>est:</strong></span> <span class='ocrx_word' id='word_1_695' title='bbox 368 4817 391 4850; x_wconf 64' lang='grc' dir='ltr'><strong>ε</strong></span> <span class='ocrx_word' id='word_1_696' title='bbox 418 4798 593 4854; x_wconf 84' lang='lat' dir='ltr'><strong>Verbo</strong></span> <span class='ocrx_word' id='word_1_697' title='bbox 638 4800 846 4856; x_wconf 89' lang='lat' dir='ltr'><strong>Domini</strong></span> <span class='ocrx_word' id='word_1_698' title='bbox 897 4806 1023 4858; x_wconf 74' lang='lat' dir='ltr'><strong>coeli</strong></span> <span class='ocrx_word' id='word_1_699' title='bbox 1064 4808 1258 4861; x_wconf 85' lang='lat' dir='ltr'><strong>ﬁrmati</strong></span> <span class='ocrx_word' id='word_1_700' title='bbox 1310 4820 1450 4872; x_wconf 91' lang='lat' dir='ltr'><strong>sunt,</strong></span> <span class='ocrx_word' id='word_1_701' title='bbox 1481 4820 1535 4863; x_wconf 93' lang='lat' dir='ltr'><strong>et</strong></span> <span class='ocrx_word' id='word_1_702' title='bbox 1574 4810 1761 4883; x_wconf 82' lang='lat' dir='ltr'><strong>spiritu</strong></span> 
     </span>
    </p>
   </div>
   <div class='ocr_carea' id='block_1_94' title="bbox 204 4893 1760 4971">
    <p class='ocr_par' dir='ltr' id='par_1_94' title="bbox 204 4893 1760 4971">
     <span class='ocr_line' id='line_1_94' title="bbox 204 4893 1760 4971; baseline 0.006 -26"><span class='ocrx_word' id='word_1_703' title='bbox 204 4893 323 4947; x_wconf 86' lang='lat' dir='ltr'><strong>oris</strong></span> <span class='ocrx_word' id='word_1_704' title='bbox 345 4893 462 4959; x_wconf 85' lang='lat' dir='ltr'><strong>ejus</strong></span> <span class='ocrx_word' id='word_1_705' title='bbox 486 4894 663 4947; x_wconf 91' lang='lat' dir='ltr'><strong>omnis</strong></span> <span class='ocrx_word' id='word_1_706' title='bbox 689 4896 859 4949; x_wconf 89' lang='lat' dir='ltr'><strong>virtus</strong></span> <span class='ocrx_word' id='word_1_707' title='bbox 882 4912 1065 4950; x_wconf 89' lang='lat' dir='ltr'><strong>eorum</strong></span> <span class='ocrx_word' id='word_1_708' title='bbox 1082 4900 1147 4953; x_wconf 82' lang='grc'><strong>⁸⁸.</strong></span> <span class='ocrx_word' id='word_1_709' title='bbox 1164 4919 1180 4950; x_wconf 77' lang='grc' dir='ltr'><strong>ι</strong></span> <span class='ocrx_word' id='word_1_710' title='bbox 1214 4901 1307 4955; x_wconf 86' lang='lat' dir='ltr'><strong>Est</strong></span> <span class='ocrx_word' id='word_1_711' title='bbox 1339 4904 1498 4956; x_wconf 89' lang='lat' dir='ltr'><strong>etiam</strong></span> <span class='ocrx_word' id='word_1_712' title='bbox 1522 4904 1760 4971; x_wconf 68' lang='lat' dir='ltr'><strong>quaedam</strong></span> 
     </span>
    </p>
   </div>
   <div class='ocr_carea' id='block_1_95' title="bbox 208 4972 1762 5063">
    <p class='ocr_par' dir='ltr' id='par_1_95' title="bbox 208 4972 1762 5063">
     <span class='ocr_line' id='line_1_95' title="bbox 208 4972 1762 5063; baseline 0.006 -25"><span class='ocrx_word' id='word_1_713' title='bbox 208 4985 520 5054; x_wconf 86' lang='lat' dir='ltr'><strong>inoperatio</strong></span> <span class='ocrx_word' id='word_1_714' title='bbox 574 4985 664 5039; x_wconf 89' lang='lat' dir='ltr'><strong>Dei</strong></span> <span class='ocrx_word' id='word_1_715' title='bbox 703 4986 880 5041; x_wconf 88' lang='lat' dir='ltr'><strong>Patris</strong></span> <span class='ocrx_word' id='word_1_716' title='bbox 926 4972 1194 5057; x_wconf 64' lang='lat' dir='ltr'><strong>praecipua</strong></span> <span class='ocrx_word' id='word_1_717' title='bbox 1239 5002 1437 5060; x_wconf 59' lang='lat' dir='ltr'><strong>pra‘tcr</strong></span> <span class='ocrx_word' id='word_1_718' title='bbox 1485 4994 1626 5047; x_wconf 87' lang='lat' dir='ltr'><strong>illam</strong></span> <span class='ocrx_word' id='word_1_719' title='bbox 1658 5011 1762 5063; x_wconf 87' lang='lat' dir='ltr'><strong>qua</strong></span> 
     </span>
    </p>
   </div>
   <div class='ocr_carea' id='block_1_96' title="bbox 206 5078 1757 5147">
    <p class='ocr_par' dir='ltr' id='par_1_96' title="bbox 206 5078 1757 5147">
     <span class='ocr_line' id='line_1_96' title="bbox 206 5078 1757 5147; baseline 0.007 -19"><span class='ocrx_word' id='word_1_720' title='bbox 206 5078 465 5130; x_wconf 78' lang='lat' dir='ltr'><strong>omnibus</strong></span> <span class='ocrx_word' id='word_1_721' title='bbox 496 5086 555 5130; x_wconf 92' lang='lat' dir='ltr'><strong>ut</strong></span> <span class='ocrx_word' id='word_1_722' title='bbox 580 5087 762 5131; x_wconf 88' lang='lat' dir='ltr'><strong>essent</strong></span> <span class='ocrx_word' id='word_1_723' title='bbox 791 5078 1109 5132; x_wconf 83' lang='lat' dir='ltr'><strong>naturaliter</strong></span> <span class='ocrx_word' id='word_1_724' title='bbox 1142 5083 1414 5147; x_wconf 79' lang='lat' dir='ltr'><strong>praestitit.</strong></span> <span class='ocrx_word' id='word_1_725' title='bbox 1454 5083 1546 5137; x_wconf 85' lang='lat' dir='ltr'><strong>Est</strong></span> <span class='ocrx_word' id='word_1_726' title='bbox 1575 5094 1629 5137; x_wconf 92' lang='lat' dir='ltr'><strong>et</strong></span> <span class='ocrx_word' id='word_1_727' title='bbox 1654 5086 1757 5139; x_wconf 90' lang='lat' dir='ltr'><strong>Do-</strong></span> 
     </span>
    </p>
   </div>
   <div class='ocr_carea' id='block_1_97' title="bbox 280 5192 1423 5258">
    <p class='ocr_par' dir='ltr' id='par_1_97' title="bbox 280 5192 1423 5258">
     <span class='ocr_line' id='line_1_97' title="bbox 280 5192 1423 5258; baseline 0 -11"><span class='ocrx_word' id='word_1_728' title='bbox 280 5193 327 5223; x_wconf 70' lang='lat'><strong>”</strong></span> <span class='ocrx_word' id='word_1_729' title='bbox 347 5192 505 5248; x_wconf 83' lang='lat' dir='ltr'><strong>Joan.</strong></span> <span class='ocrx_word' id='word_1_730' title='bbox 533 5209 623 5253; x_wconf 70' lang='lat' dir='ltr'><strong>xv,</strong></span> <span class='ocrx_word' id='word_1_731' title='bbox 647 5194 735 5247; x_wconf 73' lang='lat'><strong>2‘2.</strong></span> <span class='ocrx_word' id='word_1_732' title='bbox 811 5192 856 5224; x_wconf 78' lang='grc'><strong>⁸⁵</strong></span> <span class='ocrx_word' id='word_1_733' title='bbox 892 5193 1072 5247; x_wconf 83' lang='lat' dir='ltr'><strong>Matth.</strong></span> <span class='ocrx_word' id='word_1_734' title='bbox 1099 5209 1171 5257; x_wconf 80' lang='lat' dir='ltr'><strong>Ix,</strong></span> <span class='ocrx_word' id='word_1_735' title='bbox 1198 5195 1286 5258; x_wconf 80' lang='grc'><strong>16,</strong></span> <span class='ocrx_word' id='word_1_736' title='bbox 1339 5196 1423 5248; x_wconf 83' lang='lat' dir='ltr'><strong>l7.</strong></span> 
     </span>
    </p>
   </div>
   <div class='ocr_carea' id='block_1_98' title="bbox 206 5262 1135 5327">
    <p class='ocr_par' dir='ltr' id='par_1_98' title="bbox 206 5262 1135 5327">
     <span class='ocr_line' id='line_1_98' title="bbox 206 5262 1135 5327; baseline 0.006 -11"><span class='ocrx_word' id='word_1_737' title='bbox 206 5262 265 5327; x_wconf 68' lang='grc'><strong>4,</strong></span> <span class='ocrx_word' id='word_1_738' title='bbox 294 5263 347 5325; x_wconf 80' lang='lat'><strong>5,</strong></span> <span class='ocrx_word' id='word_1_739' title='bbox 372 5262 427 5318; x_wconf 87' lang='lat'><strong>6.</strong></span> <span class='ocrx_word' id='word_1_740' title='bbox 502 5265 547 5294; x_wconf 81' lang='lat'><strong>’°</strong></span> <span class='ocrx_word' id='word_1_741' title='bbox 576 5263 705 5319; x_wconf 87' lang='lat' dir='ltr'><strong>ibid.</strong></span> <span class='ocrx_word' id='word_1_742' title='bbox 741 5265 826 5321; x_wconf 86' lang='grc'><strong>11.</strong></span> <span class='ocrx_word' id='word_1_743' title='bbox 858 5266 900 5297; x_wconf 84' lang='grc'>⁹¹</span> <span class='ocrx_word' id='word_1_744' title='bbox 929 5267 1053 5321; x_wconf 88' lang='lat' dir='ltr'><strong>ibid.</strong></span> <span class='ocrx_word' id='word_1_745' title='bbox 1081 5268 1135 5322; x_wconf 71' lang='lat' dir='ltr'><strong>l5.</strong></span> 
     </span>
    </p>
   </div>
   <div class='ocr_carea' id='block_1_99' title="bbox 279 5408 1759 5481">
    <p class='ocr_par' dir='ltr' id='par_1_99' title="bbox 279 5408 1759 5481">
     <span class='ocr_line' id='line_1_99' title="bbox 279 5408 1759 5481; baseline 0.004 -17"><span class='ocrx_word' id='word_1_746' title='bbox 279 5408 396 5481; x_wconf 86' lang='lat'><strong>(89)</strong></span> <span class='ocrx_word' id='word_1_747' title='bbox 440 5408 741 5467; x_wconf 68' lang='lat' dir='ltr'><strong>Renovatis.</strong></span> <span class='ocrx_word' id='word_1_748' title='bbox 764 5412 856 5469; x_wconf 87' lang='lat' dir='ltr'><strong>Sic</strong></span> <span class='ocrx_word' id='word_1_749' title='bbox 899 5427 1083 5467; x_wconf 88' lang='lat' dir='ltr'><strong>onmes</strong></span> <span class='ocrx_word' id='word_1_750' title='bbox 1121 5428 1247 5469; x_wconf 82' lang='lat' dir='ltr'><strong>mss.</strong></span> <span class='ocrx_word' id='word_1_751' title='bbox 1278 5415 1444 5480; x_wconf 81' lang='lat' dir='ltr'><strong>Alias,</strong></span> <span class='ocrx_word' id='word_1_752' title='bbox 1490 5433 1508 5465; x_wconf 74' lang='grc' dir='ltr'><strong>ι</strong></span> <span class='ocrx_word' id='word_1_753' title='bbox 1534 5429 1759 5470; x_wconf 86' lang='lat' dir='ltr'><strong>renova-</strong></span> 
     </span>
    </p>
   </div>
   <div class='ocr_carea' id='block_1_100' title="bbox 202 5481 580 5538">
    <p class='ocr_par' dir='ltr' id='par_1_100' title="bbox 202 5481 580 5538">
     <span class='ocr_line' id='line_1_100' title="bbox 202 5481 580 5538; baseline -0.008 -1"><span class='ocrx_word' id='word_1_754' title='bbox 202 5490 324 5538; x_wconf 80' lang='lat' dir='ltr'><strong>tur.</strong></span> <span class='ocrx_word' id='word_1_755' title='bbox 353 5499 375 5533; x_wconf 77' lang='grc' dir='ltr'><strong>ι</strong></span> <span class='ocrx_word' id='word_1_756' title='bbox 422 5481 580 5534; x_wconf 86' lang='lat' dir='ltr'><strong>male.</strong></span> 
     </span>
    </p>
   </div>
   <div class='ocr_carea' id='block_1_101' title="bbox 280 5550 1757 5623">
    <p class='ocr_par' dir='ltr' id='par_1_101' title="bbox 280 5550 1757 5623">
     <span class='ocr_line' id='line_1_101' title="bbox 280 5550 1757 5623; baseline 0.003 -17"><span class='ocrx_word' id='word_1_757' title='bbox 280 5552 397 5623; x_wconf 87' lang='lat'><strong>(90)</strong></span> <span class='ocrx_word' id='word_1_758' title='bbox 439 5550 513 5603; x_wconf 90' lang='lat' dir='ltr'><strong>Ita</strong></span> <span class='ocrx_word' id='word_1_759' title='bbox 546 5552 689 5605; x_wconf 87' lang='lat' dir='ltr'><strong>hunc</strong></span> <span class='ocrx_word' id='word_1_760' title='bbox 715 5552 887 5607; x_wconf 90' lang='lat' dir='ltr'><strong>locum</strong></span> <span class='ocrx_word' id='word_1_761' title='bbox 913 5555 1202 5609; x_wconf 83' lang='lat' dir='ltr'><strong>restituunt</strong></span> <span class='ocrx_word' id='word_1_762' title='bbox 1226 5571 1415 5610; x_wconf 91' lang='lat' dir='ltr'><strong>omnes</strong></span> <span class='ocrx_word' id='word_1_763' title='bbox 1444 5557 1599 5609; x_wconf 87' lang='lat' dir='ltr'><strong>codd.</strong></span> <span class='ocrx_word' id='word_1_764' title='bbox 1632 5574 1757 5611; x_wconf 85' lang='lat' dir='ltr'><strong>mss.</strong></span> 
     </span>
    </p>
   </div>
   <div class='ocr_carea' id='block_1_102' title="bbox 201 5622 1761 5692">
    <p class='ocr_par' dir='ltr' id='par_1_102' title="bbox 201 5622 1761 5692">
     <span class='ocr_line' id='line_1_102' title="bbox 201 5622 1761 5692; baseline 0.003 -15"><span class='ocrx_word' id='word_1_765' title='bbox 201 5622 266 5677; x_wconf 81' lang='lat' dir='ltr'><strong>In</strong></span> <span class='ocrx_word' id='word_1_766' title='bbox 296 5622 479 5677; x_wconf 77' lang='lat' dir='ltr'><strong>antea</strong></span> <span class='ocrx_word' id='word_1_767' title='bbox 531 5623 691 5675; x_wconf 83' lang='lat' dir='ltr'><strong>editis</strong></span> <span class='ocrx_word' id='word_1_768' title='bbox 718 5691 721 5692; x_wconf 15' lang='grc' dir='ltr'><em>ν</em></span> <span class='ocrx_word' id='word_1_769' title='bbox 745 5623 978 5692; x_wconf 82' lang='lat' dir='ltr'><strong>legitur:</strong></span> <span class='ocrx_word' id='word_1_770' title='bbox 1016 5626 1185 5680; x_wconf 68' lang='lat' dir='ltr'><strong>(Cum</strong></span> <span class='ocrx_word' id='word_1_771' title='bbox 1241 5644 1432 5679; x_wconf 88' lang='lat' dir='ltr'><strong>novum</strong></span> <span class='ocrx_word' id='word_1_772' title='bbox 1486 5630 1668 5679; x_wconf 84' lang='lat' dir='ltr'><strong>vinum</strong></span> <span class='ocrx_word' id='word_1_773' title='bbox 1711 5632 1761 5683; x_wconf 89' lang='lat' dir='ltr'><strong>in</strong></span> 
     </span>
    </p>
   </div>
   <div class='ocr_carea' id='block_1_103' title="bbox 203 5691 1761 5769">
    <p class='ocr_par' dir='ltr' id='par_1_103' title="bbox 203 5691 1761 5769">
     <span class='ocr_line' id='line_1_103' title="bbox 203 5691 1761 5769; baseline 0.006 -24"><span class='ocrx_word' id='word_1_774' title='bbox 203 5702 360 5769; x_wconf 72' lang='lat' dir='ltr'><strong>utres</strong></span> <span class='ocrx_word' id='word_1_775' title='bbox 391 5707 563 5745; x_wconf 88' lang='lat' dir='ltr'><strong>novos</strong></span> <span class='ocrx_word' id='word_1_776' title='bbox 586 5691 725 5769; x_wconf 77' lang='lat' dir='ltr'><strong>mitti</strong></span> <span class='ocrx_word' id='word_1_777' title='bbox 750 5691 907 5769; x_wconf 85' lang='lat' dir='ltr'><strong>posse</strong></span> <span class='ocrx_word' id='word_1_778' title='bbox 933 5706 986 5748; x_wconf 89' lang='lat' dir='ltr'><strong>et</strong></span> <span class='ocrx_word' id='word_1_779' title='bbox 1014 5697 1067 5749; x_wconf 93' lang='lat' dir='ltr'><strong>in</strong></span> <span class='ocrx_word' id='word_1_780' title='bbox 1098 5706 1304 5752; x_wconf 79' lang='lat' dir='ltr'><strong>veteres</strong></span> <span class='ocrx_word' id='word_1_781' title='bbox 1329 5702 1644 5769; x_wconf 78' lang='lat' dir='ltr'><strong>denegabat,</strong></span> <span class='ocrx_word' id='word_1_782' title='bbox 1670 5702 1761 5755; x_wconf 69' lang='lat' dir='ltr'><strong>sed</strong></span> 
     </span>
    </p>
   </div>
   <div class='ocr_carea' id='block_1_104' title="bbox 202 5762 1033 5819">
    <p class='ocr_par' dir='ltr' id='par_1_104' title="bbox 202 5762 1033 5819">
     <span class='ocr_line' id='line_1_104' title="bbox 202 5762 1033 5819; baseline 0.002 -4"><span class='ocrx_word' id='word_1_783' title='bbox 202 5763 439 5818; x_wconf 71' lang='lat' dir='ltr'><strong>videbat</strong></span> <span class='ocrx_word' id='word_1_784' title='bbox 470 5774 617 5817; x_wconf 89' lang='lat' dir='ltr'><strong>utres</strong></span> <span class='ocrx_word' id='word_1_785' title='bbox 650 5762 764 5816; x_wconf 88' lang='lat' dir='ltr'><strong>lieri</strong></span> <span class='ocrx_word' id='word_1_786' title='bbox 806 5778 991 5819; x_wconf 91' lang='lat' dir='ltr'><strong>novos.</strong></span> <span class='ocrx_word' id='word_1_787' title='bbox 1014 5784 1033 5817; x_wconf 75' lang='grc' dir='ltr'><strong>ι</strong></span> 
     </span>
    </p>
   </div>
   <div class='ocr_carea' id='block_1_105' title="bbox 303 5833 1349 5901">
    <p class='ocr_par' dir='ltr' id='par_1_105' title="bbox 303 5833 1349 5901">
     <span class='ocr_line' id='line_1_105' title="bbox 303 5833 1349 5901; baseline 0.002 -14"><span class='ocrx_word' id='word_1_788' title='bbox 303 5834 397 5901; x_wconf 86' lang='grc'>91)</span> <span class='ocrx_word' id='word_1_789' title='bbox 440 5834 515 5887; x_wconf 88' lang='lat' dir='ltr'><strong>Ita</strong></span> <span class='ocrx_word' id='word_1_790' title='bbox 546 5848 678 5887; x_wconf 88' lang='lat' dir='ltr'><strong>tnss.</strong></span> <span class='ocrx_word' id='word_1_791' title='bbox 706 5833 872 5895; x_wconf 82' lang='lat' dir='ltr'><strong>Alias,</strong></span> <span class='ocrx_word' id='word_1_792' title='bbox 914 5854 931 5884; x_wconf 75' lang='grc' dir='ltr'><strong>ι</strong></span> <span class='ocrx_word' id='word_1_793' title='bbox 954 5836 1302 5901; x_wconf 83' lang='lat' dir='ltr'><strong>portenditur.</strong></span> <span class='ocrx_word' id='word_1_794' title='bbox 1331 5858 1349 5889; x_wconf 72' lang='grc' dir='ltr'><strong>ι</strong></span> 
     </span>
    </p>
   </div>
   <div class='ocr_carea' id='block_1_106' title="bbox 298 5836 1413 5977">
    <p class='ocr_par' dir='ltr' id='par_1_106' title="bbox 298 5836 1413 5977">
     <span class='ocr_line' id='line_1_106' title="bbox 303 5836 1349 5901; baseline 0.002 -14"><span class='ocrx_word' id='word_1_795' title='bbox 303 5836 365 5887; x_wconf 88' lang='grc'><strong>91</strong></span> <span class='ocrx_word' id='word_1_796' title='bbox 440 5836 515 5887; x_wconf 88' lang='lat' dir='ltr'><strong>Ita</strong></span> <span class='ocrx_word' id='word_1_797' title='bbox 546 5848 678 5887; x_wconf 88' lang='lat' dir='ltr'><strong>tnss.</strong></span> <span class='ocrx_word' id='word_1_798' title='bbox 706 5836 872 5895; x_wconf 81' lang='lat' dir='ltr'><strong>Alias,</strong></span> <span class='ocrx_word' id='word_1_799' title='bbox 914 5854 931 5884; x_wconf 75' lang='grc' dir='ltr'><strong>ι</strong></span> <span class='ocrx_word' id='word_1_800' title='bbox 954 5836 1302 5901; x_wconf 83' lang='lat' dir='ltr'><strong>portenditur.</strong></span> <span class='ocrx_word' id='word_1_801' title='bbox 1331 5858 1349 5889; x_wconf 72' lang='grc' dir='ltr'><strong>ι</strong></span> 
     </span>
     <span class='ocr_line' id='line_1_107' title="bbox 298 5836 1413 5977; baseline 0.006 -19"><span class='ocrx_word' id='word_1_802' title='bbox 298 5836 397 5975; x_wconf 51' lang='lat'><strong>92;</strong></span> <span class='ocrx_word' id='word_1_803' title='bbox 439 5905 529 5961; x_wconf 87' lang='lat' dir='ltr'><strong>Sic</strong></span> <span class='ocrx_word' id='word_1_804' title='bbox 562 5919 691 5962; x_wconf 83' lang='lat' dir='ltr'><strong>mss.</strong></span> <span class='ocrx_word' id='word_1_805' title='bbox 730 5904 895 5971; x_wconf 83' lang='lat' dir='ltr'><strong>Alias,</strong></span> <span class='ocrx_word' id='word_1_806' title='bbox 934 5922 954 5956; x_wconf 79' lang='grc' dir='ltr'><strong>ι</strong></span> <span class='ocrx_word' id='word_1_807' title='bbox 982 5908 1217 5977; x_wconf 66' lang='lat' dir='ltr'><strong>angeli,»</strong></span> <span class='ocrx_word' id='word_1_808' title='bbox 1262 5911 1413 5969; x_wconf 82' lang='lat' dir='ltr'><strong>male.</strong></span> 
     </span>
    </p>
   </div>
   <div class='ocr_carea' id='block_1_107' title="bbox 1500 5197 2341 5272">
    <p class='ocr_par' dir='ltr' id='par_1_107' title="bbox 1500 5197 2341 5272">
     <span class='ocr_line' id='line_1_108' title="bbox 1500 5197 2341 5272; baseline 0.012 -23"><span class='ocrx_word' id='word_1_809' title='bbox 1500 5197 1545 5228; x_wconf 81' lang='grc'>⁸⁸</span> <span class='ocrx_word' id='word_1_810' title='bbox 1572 5198 1588 5251; x_wconf 91' lang='grc'><strong>1</strong></span> <span class='ocrx_word' id='word_1_811' title='bbox 1613 5197 1732 5253; x_wconf 86' lang='lat' dir='ltr'><strong>Cor.</strong></span> <span class='ocrx_word' id='word_1_812' title='bbox 1760 5215 1858 5266; x_wconf 77' lang='lat' dir='ltr'><strong>xu,</strong></span> <span class='ocrx_word' id='word_1_813' title='bbox 1882 5203 1936 5257; x_wconf 82' lang='lat'><strong>&#39;5.</strong></span> <span class='ocrx_word' id='word_1_814' title='bbox 2004 5204 2049 5235; x_wconf 83' lang='grc'><strong>⁸⁷</strong></span> <span class='ocrx_word' id='word_1_815' title='bbox 2076 5204 2195 5259; x_wconf 80' lang='lat' dir='ltr'><strong>Act.</strong></span> <span class='ocrx_word' id='word_1_816' title='bbox 2224 5221 2262 5272; x_wconf 91' lang='grc' dir='ltr'><strong>ι,</strong></span> <span class='ocrx_word' id='word_1_817' title='bbox 2290 5205 2341 5260; x_wconf 89' lang='lat'><strong>8.</strong></span> 
     </span>
    </p>
   </div>
   <div class='ocr_carea' id='block_1_108' title="bbox 1866 4718 3425 4790">
    <p class='ocr_par' dir='ltr' id='par_1_108' title="bbox 1866 4718 3425 4790">
     <span class='ocr_line' id='line_1_109' title="bbox 1866 4718 3425 4790; baseline 0.003 -21"><span class='ocrx_word' id='word_1_818' title='bbox 1866 4729 2120 4784; x_wconf 84' lang='lat' dir='ltr'><strong>operatur</strong></span> <span class='ocrx_word' id='word_1_819' title='bbox 2145 4718 2323 4771; x_wconf 89' lang='lat' dir='ltr'><strong>omnia</strong></span> <span class='ocrx_word' id='word_1_820' title='bbox 2349 4719 2400 4771; x_wconf 93' lang='lat' dir='ltr'><strong>in</strong></span> <span class='ocrx_word' id='word_1_821' title='bbox 2429 4721 2797 4773; x_wconf 66' lang='lat' dir='ltr'><strong>ornnibus9‘.»</strong></span> <span class='ocrx_word' id='word_1_822' title='bbox 2836 4720 2991 4775; x_wconf 90' lang='lat' dir='ltr'><strong>Unde</strong></span> <span class='ocrx_word' id='word_1_823' title='bbox 3036 4730 3089 4775; x_wconf 88' lang='lat' dir='ltr'><strong>et</strong></span> <span class='ocrx_word' id='word_1_824' title='bbox 3129 4723 3425 4790; x_wconf 87' lang='lat' dir='ltr'><strong>inoperatio</strong></span> 
     </span>
    </p>
   </div>
   <div class='ocr_carea' id='block_1_109' title="bbox 1866 4808 3423 4887">
    <p class='ocr_par' dir='ltr' id='par_1_109' title="bbox 1866 4808 3423 4887">
     <span class='ocr_line' id='line_1_110' title="bbox 1866 4808 3423 4887; baseline 0.003 -26"><span class='ocrx_word' id='word_1_825' title='bbox 1866 4808 2041 4887; x_wconf 85' lang='lat' dir='ltr'><strong>Patris</strong></span> <span class='ocrx_word' id='word_1_826' title='bbox 2075 4826 2192 4878; x_wconf 71' lang='lat' dir='ltr'><strong>qua:</strong></span> <span class='ocrx_word' id='word_1_827' title='bbox 2221 4826 2340 4865; x_wconf 86' lang='lat' dir='ltr'><strong>esse</strong></span> <span class='ocrx_word' id='word_1_828' title='bbox 2366 4812 2478 4880; x_wconf 79' lang='lat'><strong>(95)</strong></span> <span class='ocrx_word' id='word_1_829' title='bbox 2507 4824 2729 4881; x_wconf 73' lang='lat' dir='ltr'><strong>prazstat</strong></span> <span class='ocrx_word' id='word_1_830' title='bbox 2781 4814 3056 4875; x_wconf 89' lang='lat' dir='ltr'><strong>omnibus,</strong></span> <span class='ocrx_word' id='word_1_831' title='bbox 3113 4814 3314 4867; x_wconf 89' lang='lat' dir='ltr'><strong>clarior</strong></span> <span class='ocrx_word' id='word_1_832' title='bbox 3360 4827 3423 4865; x_wconf 90' lang='lat' dir='ltr'><strong>ac</strong></span> 
     </span>
    </p>
   </div>
   <div class='ocr_carea' id='block_1_110' title="bbox 1863 4903 3425 4973">
    <p class='ocr_par' dir='ltr' id='par_1_110' title="bbox 1863 4903 3425 4973">
     <span class='ocr_line' id='line_1_111' title="bbox 1863 4903 3425 4973; baseline 0.003 -20"><span class='ocrx_word' id='word_1_833' title='bbox 1863 4903 2291 4972; x_wconf 85' lang='lat' dir='ltr'><strong>magnilicentior</strong></span> <span class='ocrx_word' id='word_1_834' title='bbox 2321 4904 2611 4968; x_wconf 88' lang='lat' dir='ltr'><strong>invenitur,</strong></span> <span class='ocrx_word' id='word_1_835' title='bbox 2631 4919 2751 4957; x_wconf 90' lang='lat' dir='ltr'><strong>cum</strong></span> <span class='ocrx_word' id='word_1_836' title='bbox 2780 4905 3152 4972; x_wconf 88' lang='lat' dir='ltr'><strong>unusquisque</strong></span> <span class='ocrx_word' id='word_1_837' title='bbox 3183 4919 3277 4973; x_wconf 82' lang='lat' dir='ltr'><strong>per</strong></span> <span class='ocrx_word' id='word_1_838' title='bbox 3300 4919 3425 4972; x_wconf 91' lang='lat' dir='ltr'><strong>par-</strong></span> 
     </span>
    </p>
   </div>
   <div class='ocr_carea' id='block_1_111' title="bbox 1866 4995 3420 5065">
    <p class='ocr_par' dir='ltr' id='par_1_111' title="bbox 1866 4995 3420 5065">
     <span class='ocr_line' id='line_1_112' title="bbox 1866 4995 3420 5065; baseline 0.001 -17"><span class='ocrx_word' id='word_1_839' title='bbox 1866 4996 2228 5064; x_wconf 81' lang='lat' dir='ltr'><strong>ticipationem</strong></span> <span class='ocrx_word' id='word_1_840' title='bbox 2278 4995 2481 5051; x_wconf 86' lang='lat' dir='ltr'><strong>Christi</strong></span> <span class='ocrx_word' id='word_1_841' title='bbox 2532 4998 2830 5049; x_wconf 89' lang='lat' dir='ltr'><strong>secundum</strong></span> <span class='ocrx_word' id='word_1_842' title='bbox 2877 4996 2925 5047; x_wconf 92' lang='lat' dir='ltr'><strong>id</strong></span> <span class='ocrx_word' id='word_1_843' title='bbox 2974 4998 3113 5064; x_wconf 91' lang='lat' dir='ltr'><strong>quod</strong></span> <span class='ocrx_word' id='word_1_844' title='bbox 3158 4998 3420 5065; x_wconf 90' lang='lat' dir='ltr'><strong>sapientia</strong></span> 
     </span>
    </p>
   </div>
   <div class='ocr_carea' id='block_1_112' title="bbox 1859 5083 3425 5156">
    <p class='ocr_par' dir='ltr' id='par_1_112' title="bbox 1859 5083 3425 5156">
     <span class='ocr_line' id='line_1_113' title="bbox 1859 5083 3425 5156; baseline 0.002 -17"><span class='ocrx_word' id='word_1_845' title='bbox 1859 5083 1965 5153; x_wconf 81' lang='lat' dir='ltr'><strong>est,</strong></span> <span class='ocrx_word' id='word_1_846' title='bbox 1998 5096 2051 5142; x_wconf 90' lang='lat' dir='ltr'><strong>et</strong></span> <span class='ocrx_word' id='word_1_847' title='bbox 2074 5089 2366 5143; x_wconf 89' lang='lat' dir='ltr'><strong>secundum</strong></span> <span class='ocrx_word' id='word_1_848' title='bbox 2400 5090 2452 5143; x_wconf 93' lang='lat' dir='ltr'><strong>id</strong></span> <span class='ocrx_word' id='word_1_849' title='bbox 2486 5088 2630 5156; x_wconf 89' lang='lat' dir='ltr'><strong>quod</strong></span> <span class='ocrx_word' id='word_1_850' title='bbox 2664 5087 2890 5141; x_wconf 87' lang='lat' dir='ltr'><strong>scientia</strong></span> <span class='ocrx_word' id='word_1_851' title='bbox 2927 5099 3009 5143; x_wconf 81' lang='lat' dir='ltr'><strong>est</strong></span> <span class='ocrx_word' id='word_1_852' title='bbox 3038 5098 3092 5143; x_wconf 90' lang='lat' dir='ltr'><strong>et</strong></span> <span class='ocrx_word' id='word_1_853' title='bbox 3118 5088 3425 5143; x_wconf 83' lang='lat' dir='ltr'><strong>sanctiﬁca-</strong></span> 
     </span>
    </p>
   </div>
   <div class='ocr_carea' id='block_1_113' title="bbox 2418 5202 3419 5275">
    <p class='ocr_par' dir='ltr' id='par_1_113' title="bbox 2418 5202 3419 5275">
     <span class='ocr_line' id='line_1_114' title="bbox 2418 5202 3419 5275; baseline 0.01 -21"><span class='ocrx_word' id='word_1_854' title='bbox 2418 5205 2460 5235; x_wconf 76' lang='grc'>⁸⁸</span> <span class='ocrx_word' id='word_1_855' title='bbox 2482 5202 2673 5257; x_wconf 84' lang='lat' dir='ltr'><strong>Psalm.</strong></span> <span class='ocrx_word' id='word_1_856' title='bbox 2741 5221 2908 5270; x_wconf 62' lang='grc' dir='ltr'><strong>χχχιι,</strong></span> <span class='ocrx_word' id='word_1_857' title='bbox 2934 5206 2982 5262; x_wconf 91' lang='grc'><strong>6.</strong></span> <span class='ocrx_word' id='word_1_858' title='bbox 3060 5208 3104 5240; x_wconf 68' lang='grc'>⁸9</span> <span class='ocrx_word' id='word_1_859' title='bbox 3132 5207 3151 5261; x_wconf 90' lang='grc'><strong>1</strong></span> <span class='ocrx_word' id='word_1_860' title='bbox 3175 5206 3299 5264; x_wconf 90' lang='lat' dir='ltr'><strong>Cor.</strong></span> <span class='ocrx_word' id='word_1_861' title='bbox 3324 5225 3419 5275; x_wconf 76' lang='grc' dir='ltr'><strong>ιιι,</strong></span> 
     </span>
    </p>
   </div>
   <div class='ocr_carea' id='block_1_114' title="bbox 1936 5418 3414 5491">
    <p class='ocr_par' dir='ltr' id='par_1_114' title="bbox 1936 5418 3414 5491">
     <span class='ocr_line' id='line_1_115' title="bbox 1936 5418 3414 5491; baseline 0.001 -17"><span class='ocrx_word' id='word_1_862' title='bbox 1936 5418 2043 5491; x_wconf 77' lang='grc'>(95)</span> <span class='ocrx_word' id='word_1_863' title='bbox 2064 5418 2208 5491; x_wconf 87' lang='lat' dir='ltr'><strong>Post</strong></span> <span class='ocrx_word' id='word_1_864' title='bbox 2230 5433 2437 5483; x_wconf 87' lang='lat' dir='ltr'><strong>vocem,</strong></span> <span class='ocrx_word' id='word_1_865' title='bbox 2483 5438 2500 5468; x_wconf 78' lang='grc' dir='ltr'><strong>ι</strong></span> <span class='ocrx_word' id='word_1_866' title='bbox 2527 5420 2806 5484; x_wconf 87' lang='lat' dir='ltr'><strong>donorum,</strong></span> <span class='ocrx_word' id='word_1_867' title='bbox 2832 5440 2850 5473; x_wconf 84' lang='grc' dir='ltr'><strong>ι</strong></span> <span class='ocrx_word' id='word_1_868' title='bbox 2880 5420 3007 5477; x_wconf 90' lang='lat' dir='ltr'><strong>libb.</strong></span> <span class='ocrx_word' id='word_1_869' title='bbox 3038 5424 3166 5478; x_wconf 88' lang='lat' dir='ltr'><strong>editi</strong></span> <span class='ocrx_word' id='word_1_870' title='bbox 3186 5424 3414 5483; x_wconf 86' lang='lat' dir='ltr'><strong>addunt.</strong></span> 
     </span>
    </p>
   </div>
   <div class='ocr_carea' id='block_1_115' title="bbox 1869 5490 3415 5562">
    <p class='ocr_par' dir='ltr' id='par_1_115' title="bbox 1869 5490 3415 5562">
     <span class='ocr_line' id='line_1_116' title="bbox 1869 5490 3415 5562; baseline 0.006 -23"><span class='ocrx_word' id='word_1_871' title='bbox 1869 5491 1992 5562; x_wconf 59' lang='lat' dir='ltr'><strong>rvet</strong></span> <span class='ocrx_word' id='word_1_872' title='bbox 2042 5490 2467 5562; x_wconf 64' lang='lat' dir='ltr'><strong>donatioiittiii,r</strong></span> <span class='ocrx_word' id='word_1_873' title='bbox 2507 5492 2646 5559; x_wconf 86' lang='lat' dir='ltr'><strong>quod</strong></span> <span class='ocrx_word' id='word_1_874' title='bbox 2696 5494 2746 5545; x_wconf 92' lang='lat' dir='ltr'><strong>in</strong></span> <span class='ocrx_word' id='word_1_875' title='bbox 2798 5508 2927 5547; x_wconf 90' lang='lat' dir='ltr'><strong>mss.</strong></span> <span class='ocrx_word' id='word_1_876' title='bbox 2975 5508 3081 5547; x_wconf 84' lang='lat' dir='ltr'><strong>non</strong></span> <span class='ocrx_word' id='word_1_877' title='bbox 3130 5496 3415 5562; x_wconf 84' lang='lat' dir='ltr'><strong>reperitur.</strong></span> 
     </span>
    </p>
   </div>
   <div class='ocr_carea' id='block_1_116' title="bbox 1866 5558 3419 5633">
    <p class='ocr_par' dir='ltr' id='par_1_116' title="bbox 1866 5558 3419 5633">
     <span class='ocr_line' id='line_1_117' title="bbox 1866 5558 3419 5633; baseline 0.003 -21"><span class='ocrx_word' id='word_1_878' title='bbox 1866 5559 2197 5633; x_wconf 68' lang='lat' dir='ltr'><strong>Pauloinl&#39;ra</strong></span> <span class='ocrx_word' id='word_1_879' title='bbox 2222 5558 2356 5633; x_wconf 84' lang='lat' dir='ltr'><strong>libb.</strong></span> <span class='ocrx_word' id='word_1_880' title='bbox 2389 5558 2562 5613; x_wconf 84' lang='lat' dir='ltr'><strong>editi:</strong></span> <span class='ocrx_word' id='word_1_881' title='bbox 2602 5582 2619 5611; x_wconf 71' lang='lat' dir='ltr'><strong>c</strong></span> <span class='ocrx_word' id='word_1_882' title='bbox 2643 5563 2748 5616; x_wconf 89' lang='lat' dir='ltr'><strong>Sed</strong></span> <span class='ocrx_word' id='word_1_883' title='bbox 2777 5564 2875 5616; x_wconf 90' lang='lat' dir='ltr'><strong>hoc</strong></span> <span class='ocrx_word' id='word_1_884' title='bbox 2905 5563 3045 5632; x_wconf 89' lang='lat' dir='ltr'><strong>quod</strong></span> <span class='ocrx_word' id='word_1_885' title='bbox 3076 5558 3274 5619; x_wconf 81' lang='lat' dir='ltr'><strong>donum</strong></span> <span class='ocrx_word' id='word_1_886' title='bbox 3297 5566 3419 5633; x_wconf 86' lang='lat' dir='ltr'><strong>Spi-</strong></span> 
     </span>
    </p>
   </div>
   <div class='ocr_carea' id='block_1_117' title="bbox 1868 5629 3412 5708">
    <p class='ocr_par' dir='ltr' id='par_1_117' title="bbox 1868 5629 3412 5708">
     <span class='ocr_line' id='line_1_118' title="bbox 1868 5629 3412 5708; baseline 0.006 -26"><span class='ocrx_word' id='word_1_887' title='bbox 1868 5630 2002 5708; x_wconf 72' lang='lat' dir='ltr'><strong>ritus</strong></span> <span class='ocrx_word' id='word_1_888' title='bbox 2045 5629 2136 5708; x_wconf 74' lang='lat' dir='ltr'><strong>Dei</strong></span> <span class='ocrx_word' id='word_1_889' title='bbox 2180 5629 2539 5708; x_wconf 72' lang='lat' dir='ltr'><strong>ministratur.</strong></span> <span class='ocrx_word' id='word_1_890' title='bbox 2570 5651 2589 5684; x_wconf 76' lang='grc' dir='ltr'><strong>ι</strong></span> <span class='ocrx_word' id='word_1_891' title='bbox 2644 5635 2712 5685; x_wconf 85' lang='lat' dir='ltr'><strong>At</strong></span> <span class='ocrx_word' id='word_1_892' title='bbox 2749 5629 3089 5708; x_wconf 39' lang='lat' dir='ltr'><strong>iussn—«sed</strong></span> <span class='ocrx_word' id='word_1_893' title='bbox 3137 5637 3239 5691; x_wconf 89' lang='lat' dir='ltr'><strong>hoc</strong></span> <span class='ocrx_word' id='word_1_894' title='bbox 3270 5629 3412 5708; x_wconf 66' lang='lat' dir='ltr'><strong>quod</strong></span> 
     </span>
    </p>
   </div>
   <div class='ocr_carea' id='block_1_118' title="bbox 1868 5699 3059 5766">
    <p class='ocr_par' dir='ltr' id='par_1_118' title="bbox 1868 5699 3059 5766">
     <span class='ocr_line' id='line_1_119' title="bbox 1868 5699 3059 5766; baseline 0.003 -14"><span class='ocrx_word' id='word_1_895' title='bbox 1868 5699 2065 5752; x_wconf 90' lang='lat' dir='ltr'><strong>donum</strong></span> <span class='ocrx_word' id='word_1_896' title='bbox 2101 5699 2332 5766; x_wconf 81' lang='lat' dir='ltr'><strong>Spiritus</strong></span> <span class='ocrx_word' id='word_1_897' title='bbox 2364 5702 2582 5764; x_wconf 89' lang='lat' dir='ltr'><strong>dicitur,</strong></span> <span class='ocrx_word' id='word_1_898' title='bbox 2619 5702 3016 5758; x_wconf 78' lang='lat' dir='ltr'><strong>manifestatur.</strong></span> <span class='ocrx_word' id='word_1_899' title='bbox 3040 5724 3059 5756; x_wconf 79' lang='grc' dir='ltr'><strong>ι</strong></span> 
     </span>
    </p>
   </div>
   <div class='ocr_carea' id='block_1_119' title="bbox 1934 5767 2877 5908">
    <p class='ocr_par' dir='ltr' id='par_1_119' title="bbox 1934 5767 2877 5908">
     <span class='ocr_line' id='line_1_120' title="bbox 1934 5767 2877 5908; baseline 0.003 -88"><span class='ocrx_word' id='word_1_900' title='bbox 1934 5767 2043 5908; x_wconf 39' lang='grc'>(91)</span> <span class='ocrx_word' id='word_1_901' title='bbox 2084 5767 2158 5822; x_wconf 87' lang='lat' dir='ltr'><strong>Ita</strong></span> <span class='ocrx_word' id='word_1_902' title='bbox 2194 5784 2320 5823; x_wconf 88' lang='lat' dir='ltr'><strong>mss.</strong></span> <span class='ocrx_word' id='word_1_903' title='bbox 2345 5772 2515 5834; x_wconf 76' lang='lat' dir='ltr'><strong>Alias,</strong></span> <span class='ocrx_word' id='word_1_904' title='bbox 2547 5791 2564 5823; x_wconf 77' lang='grc' dir='ltr'><strong>ι</strong></span> <span class='ocrx_word' id='word_1_905' title='bbox 2587 5773 2836 5842; x_wconf 84' lang='lat' dir='ltr'><strong>singulis.</strong></span> <span class='ocrx_word' id='word_1_906' title='bbox 2859 5791 2877 5823; x_wconf 75' lang='grc' dir='ltr'><strong>ι</strong></span> 
     </span>
     <span class='ocr_line' id='line_1_121' title="bbox 1934 5838 2877 5908; baseline 0.007 -15"><span class='ocrx_word' id='word_1_907' title='bbox 1934 5839 2019 5908; x_wconf 80' lang='grc'><strong>(95</strong></span> <span class='ocrx_word' id='word_1_908' title='bbox 2081 5838 2137 5893; x_wconf 93' lang='lat' dir='ltr'><strong>ln</strong></span> <span class='ocrx_word' id='word_1_909' title='bbox 2189 5849 2339 5898; x_wconf 86' lang='lat' dir='ltr'><strong>antea</strong></span> <span class='ocrx_word' id='word_1_910' title='bbox 2389 5843 2551 5898; x_wconf 87' lang='lat' dir='ltr'><strong>editis</strong></span> <span class='ocrx_word' id='word_1_911' title='bbox 2592 5844 2761 5908; x_wconf 85' lang='lat' dir='ltr'><strong>deest,</strong></span> <span class='ocrx_word' id='word_1_912' title='bbox 2804 5859 2877 5900; x_wconf 84' lang='lat' dir='ltr'><strong>te</strong></span> 
     </span>
    </p>
   </div>
   <div class='ocr_carea' id='block_1_120' title="bbox 1865 5838 3410 5921">
    <p class='ocr_par' dir='ltr' id='par_1_120' title="bbox 1865 5838 3410 5921">
     <span class='ocr_line' id='line_1_122' title="bbox 1865 5838 3410 5921; baseline 0.006 -29"><span class='ocrx_word' id='word_1_913' title='bbox 1865 5910 1874 5921; x_wconf 37' lang='lat'>&#39;</span> <span class='ocrx_word' id='word_1_914' title='bbox 1933 5838 2041 5910; x_wconf 80' lang='grc'>(95)</span> <span class='ocrx_word' id='word_1_915' title='bbox 2081 5838 2137 5893; x_wconf 93' lang='lat' dir='ltr'><strong>ln</strong></span> <span class='ocrx_word' id='word_1_916' title='bbox 2189 5849 2339 5898; x_wconf 87' lang='lat' dir='ltr'><strong>antea</strong></span> <span class='ocrx_word' id='word_1_917' title='bbox 2389 5843 2551 5898; x_wconf 88' lang='lat' dir='ltr'><strong>editis</strong></span> <span class='ocrx_word' id='word_1_918' title='bbox 2592 5838 2761 5910; x_wconf 74' lang='lat' dir='ltr'><strong>deest,</strong></span> <span class='ocrx_word' id='word_1_919' title='bbox 2804 5860 2822 5896; x_wconf 81' lang='grc' dir='ltr'><strong>ι</strong></span> <span class='ocrx_word' id='word_1_920' title='bbox 2847 5859 3025 5915; x_wconf 62' lang='lat' dir='ltr'><strong>esse,»</strong></span> <span class='ocrx_word' id='word_1_921' title='bbox 3063 5848 3202 5916; x_wconf 91' lang='lat' dir='ltr'><strong>quod</strong></span> <span class='ocrx_word' id='word_1_922' title='bbox 3236 5854 3410 5902; x_wconf 71' lang='lat' dir='ltr'><strong>exstat</strong></span> 
     </span>
    </p>
   </div>
   <div class='ocr_carea' id='block_1_121' title="bbox 1864 5926 2079 5966">
    <p class='ocr_par' dir='ltr' id='par_1_121' title="bbox 1864 5926 2079 5966">
     <span class='ocr_line' id='line_1_123' title="bbox 1864 5926 2079 5966; baseline 0.005 -1"><span class='ocrx_word' id='word_1_923' title='bbox 1864 5928 1912 5966; x_wconf 89' lang='grc'><strong>111</strong></span> <span class='ocrx_word' id='word_1_924' title='bbox 1952 5926 2079 5966; x_wconf 72' lang='lat' dir='ltr'><strong>mss.</strong></span> 
     </span>
    </p>
   </div>
  </div>
