4118 6308
669 409 772 465 155

1874 405 2188 464 ORIGENIS
2221 407 2377 461 ΠΕΡΙ
2414 402 2645 460 ΔΡΧΩΝ

668 525 744 577 tio
767 531 864 586 est,
906 523 1116 592 prolicit
1160 534 1212 579 et
1260 524 1314 578 iu
1371 524 1591 579 altiores
1635 524 1971 594 prolectuum
2013 525 2210 594 gradus
2235 529 2283 584 Α
2309 523 2659 578 similitudine
2688 518 2914 590 alicujus
2938 518 3162 588 exempli
3188 518 3266 572 uti
3297 531 3399 573 non
3425 517 3634 572 videtur
3653 514 3852 571 absus»

668 613 839 681 venit;
875 625 927 669 et
955 632 1048 685 per
1079 618 1178 671 boc
1211 615 1352 685 quod
1383 616 1788 685 participatione
1821 617 1990 670 sancti
2035 615 2205 684 Spiri-

669 715 757 759 tus
789 705 966 761 fat-tus
995 715 1077 762 est
1114 708 1235 776 quis
1264 708 1449 776 purior
1481 716 1640 777 atque
1673 708 1958 770 sincerior,
1988 705 2208 760 ell'ectus

668 798 860 867 dignus
892 800 1080 869 recipit
1109 801 1386 869 sapientia:
1409 815 1472 853 ac
1500 800 1736 853 scientite
1770 799 2018 867 gratiam,
2045 806 2099 850 ut
2124 799 2210 854 de-

667 888 838 956 pulsis
884 889 1134 942 omnibus
1194 889 1608 957 expurgatisque
1675 888 1986 957 pollutionis
2047 898 2208 957 atque

665 980 983 1050 ignorantia:
1023 979 1262 1045 maculis,
1301 989 1501 1035 tantum
1537 979 1835 1049 profectum
1884 979 2208 1032 sinceritatis

664 1083 731 1121 ac
762 1068 1014 1135 puritatis
1067 1068 1180 1138 (96)
1226 1069 1475 1138 accipiat,
1527 1079 1584 1121 ut
1629 1070 1731 1122 ltoc
1761 1068 1900 1135 quod
1941 1068 2144 1132 accepit
2177 1083 2205 1123 ιι

605 1199 608 1202 .
664 1161 775 1215 Deo
823 1170 881 1214 ιιι
927 1172 1089 1225 esset,
1131 1161 1236 1216 tale
1286 1163 1353 1214 sit
1400 1160 1558 1229 quale
1612 1161 1716 1213 Deo
1751 1159 1964 1227 dignum
2012 1167 2112 1220 est,
2143 1173 2206 1212 eo

663 1249 755 1315 qui
791 1256 848 1301 ut
876 1259 1018 1302 esset
1049 1264 1182 1317 pure
1215 1251 1398 1319 utique
1429 1249 1672 1316 prtestitit
1706 1249 1816 1318 (97)
1845 1263 1907 1301 ac
1939 1247 2202 1315 pcrl’cctc;

663 1348 723 1392 ιιι
753 1346 857 1391 tant
892 1340 1110 1407 dignum
1137 1341 1206 1394 sit
1233 1341 1284 1393 id
1313 1341 1452 1408 quod
1485 1348 1584 1398 est.
1619 1355 1776 1408 quam
1810 1350 1894 1393 est
1921 1339 2008 1392 ille
2031 1339 2118 1405 qui
2155 1337 2205 1390 id

661 1443 784 1482 esse
808 1428 950 1482 fecit.
972 1429 1044 1482 Ita
1071 1445 1302 1499 namque
1322 1440 1372 1484 et
1397 1431 1646 1484 virtutem
1675 1446 1885 1500 semper
1909 1446 2026 1485 esse
2047 1442 2206 1498 atque

660 1519 714 1570 iu
754 1529 1010 1572 :rteruum
1043 1537 1259 1575 manere
1286 1521 1542 1591 percipiet
1569 1538 1597 1572 a
1627 1524 1732 1576 lleo
1765 1523 1810 1574 is
1834 1521 1922 1588 qui
1960 1522 2077 1575 talis
2100 1531 2220 1581 est,

659 1609 870 1675 qualem
902 1625 1021 1664 eum
1055 1627 1172 1664 esse
1205 1611 1374 1664 voluit
1417 1612 1504 1665 ille
1545 1613 1632 1680 qui
1671 1613 1817 1666 fecit.
1855 1613 2006 1676 Quod
2038 1622 2092 1664 ut
2118 1627 2205 1665 ac-

659 1699 826 1759 cidat,
849 1711 902 1753 et
926 1711 982 1754 ut
1007 1701 1372 1756 indesinenter
1394 1713 1552 1770 atque
1579 1703 2006 1772 inseparabiliter
2029 1705 2204 1758 adsint

661 1790 709 1843 ei
737 1791 827 1860 qui
856 1802 936 1844 cst
963 1807 1024 1845 ea
1055 1808 1173 1860 quae
1197 1793 1261 1846 ab
1288 1795 1402 1862 ipso
1463 1794 1600 1847 facta
1646 1805 1791 1859 sunt,
1839 1797 2116 1863 sapientiae
2150 1798 2200 1848 id

659 1896 794 1948 opus
818 1891 900 1935 est
924 1882 1188 1938 instruere
1218 1895 1374 1952 atque
1401 1886 1616 1939 erudire
1636 1900 1717 1950 ea,
1743 1896 1797 1940 et
1823 1887 1887 1938 ad
1920 1875 2199 1953 perfectio-
2235 1877 2275 1931 Β

661 1988 781 2026 nem
832 1973 1123 2041 perducere
1167 1990 1232 2028 ex
1291 1975 1524 2045 Spiritus
1576 1978 1744 2038 sancti
1796 1980 2201 2033 conﬁrmatione

659 2073 820 2133 atque
853 2066 1170 2121 iudesinenti
1217 2060 1638 2122 sanctificatione
1681 2084 1774 2137 per
1821 2085 1981 2138 quant
2028 2070 2198 2124 solum

657 2155 824 2210 Deum
850 2173 1042 2225 capere
1068 2172 1308 2227 possunt.
1339 2161 1409 2215 Ita
1441 2176 1570 2231 ergo
1597 2163 1912 2215 iudesiueuti
1947 2177 2070 2232 erga
2097 2179 2199 2218 nos

652 2261 818 2315 opere
843 2248 954 2317 (98)
1004 2247 1197 2314 Patris,
1249 2260 1303 2304 et
1349 2251 1488 2313 Filii,
1536 2262 1588 2305 et
1635 2251 1870 2321 Spiritus
1900 2254 2068 2307 sancti
2106 2269 2201 2322 per

656 2340 899 2407 singulos
947 2355 1186 2410 quosque
1231 2341 1567 2410 profectuum
1615 2344 1808 2412 gradus
1869 2345 2195 2408 instaurato,

654 2431 744 2484 vix
779 2431 820 2484 si
860 2432 996 2486 forte
1025 2433 1311 2502 aliquando
1339 2436 1530 2488 intueri
1557 2451 1839 2504 possumus
1863 2446 2107 2490 sanctam
2135 2451 2198 2492 ac

654 2519 867 2576 beatam
900 2525 1061 2576 vitam
1089 2541 1102 2577 :
1132 2525 1184 2576 iu
1219 2542 1322 2594 qua
1364 2541 1483 2579 cum
1529 2536 1647 2594 post
1694 2541 1892 2593 agones
1920 2529 2113 2583 multos
2145 2530 2196 2582 in

653 2625 773 2664 eam
803 2613 1068 2679 perveniri
1113 2616 1368 2681 potuerit.
1412 2615 1482 2669 ita
1517 2617 1807 2684 perdurare
1846 2621 2100 2674 debemus
2141 2631 2199 2676 ut

654 2700 796 2754 nulla
825 2716 1054 2770 unquam
1081 2703 1190 2773 (99)
1219 2719 1316 2758 nos
1369 2706 1495 2759 boni
1518 2706 1682 2765 illius
1717 2710 1933 2764 satietas
1980 2712 2194 2782 capiat;

641 2793 750 2846 sed
776 2805 978 2860 quanto
1007 2797 1180 2863 magis
1228 2796 1292 2850 de
1340 2796 1426 2848 illa
1476 2797 1809 2854 beatitudine
1850 2803 2193 2871 percipimus,

656 2895 808 2940 tanto
832 2889 1000 2956 magis
1032 2888 1085 2941 iu
1115 2888 1270 2942 nobis
1294 2890 1376 2943 vel
1408 2891 1660 2946 dilatetur
1697 2894 1813 2962 ejus
1843 2897 2193 2964 desiderium,

653 2976 740 3031 vel
782 2988 1063 3047 augeatur,
1111 2981 1236 3032 dum
1291 2995 1500 3051 semper
1543 2985 1820 3041 ardentius
1859 3001 1912 3042 et
1950 2994 2197 3059 capacius

654 3068 993 3141 Patreutﬂ'),
1048 3080 1102 3124 et
1153 3072 1366 3136 Filium,
1423 3089 1486 3128 ac
1526 3074 1780 3144 Spiritum
1823 3090 2066 3136 sanctum
2112 3084 2194 3139 vel

652 3161 920 3229 capimus,
950 3162 1032 3215 vel
1065 3173 1328 3217 tenemus.
1365 3164 1422 3218 Si
1452 3178 1630 3220 autem
1657 3167 1940 3236 aliquando
1968 3174 2196 3229 satietas

654 3254 797 3322 capit
821 3243 1054 3320 aliquem
1081 3270 1146 3308 ex
1171 3255 1252 3308 Itis
1275 3257 1364 3322 qui
1395 3256 1446 3308 iu
1470 3272 1679 3312 summo
1705 3256 2047 3332 perfectoque
2069 3281 2196 3320 cou-

653 3343 889 3397 stiterint
915 3343 1106 3412 gradu,
1133 3361 1237 3399 non
1278 3345 1513 3399 arbitror
1546 3351 1688 3415 quod
1720 3350 1786 3404 ad
1816 3352 2048 3407 subitum
2076 3356 2194 3424 quis

653 3445 966 3499 evacuetcr,
996 3450 1058 3489 ac
1093 3436 1342 3491 decidat:
1369 3438 1459 3491 sed
1511 3438 1767 3505 paulatim
1809 3451 1864 3495 et
1899 3457 1992 3509 per
2020 3456 2198 3511 partes

655 3524 887 3578 deﬂuere
909 3543 1028 3579 eum
1061 3539 1277 3580 necesse
1301 3538 1419 3581 cst:
1452 3528 1524 3580 ita
1575 3537 1635 3580 ut
1678 3527 1792 3583 ﬁeri
1831 3532 1997 3598 possit
2032 3532 2198 3586 inter-

654 3616 799 3678 dum,
831 3627 889 3668 ut
938 3617 981 3670 si
1025 3617 1202 3673 brevis
1239 3618 1432 3686 aliqu?s
1477 3617 1655 3688 lapsus
1697 3621 1971 3687 accidet-it,
2003 3633 2056 3676 et
2091 3622 2197 3679 cito

653 3707 933 3775 resipiscat
957 3717 1116 3775 atque
1141 3708 1274 3764 inse
1304 3720 1626 3777 revertatur,
1653 3727 1756 3767 non
1785 3714 1996 3783 penitus
2021 3729 2197 3779 ruere,

653 3799 748 3853 sed
785 3813 1035 3853 revocare
1069 3801 1256 3869 pedem
1300 3811 1354 3855 et
1403 3804 1577 3857 redire
1611 3806 1676 3858 ad
1725 3813 1918 3858 statum
1946 3821 2122 3869 suum,
2145 3815 2201 3860 et

654 3903 868 3943 rursum
899 3897 1137 3944 statuere
1181 3892 1352 3960 possit
1395 3893 1446 3946 id
1485 3895 1625 3962 quod
1672 3909 1768 3964 per
1819 3894 2196 3964 negligentiam

656 3978 832 4033 fuerat
854 3979 1084 4048 lapsum.

1250 4092 1475 4149 CAPUT
1512 4093 1598 4151 IV.

1037 4182 1113 4237 De
1148 4183 1487 4238 diminutione
1525 4185 1601 4238 vel
1643 4185 1813 4253 lapsu.

727 4273 778 4328 1.
803 4272 872 4328 Ut
897 4282 1070 4329 autem
1120 4275 1271 4329 istaut
1314 4278 1718 4331 diminutionem
1751 4275 1832 4332 vel
1866 4275 2069 4346 lapsum
2103 4291 2197 4346 eo-

657 4380 775 4422 rum
807 4366 897 4434 qui
922 4381 979 4421 se
1010 4367 1359 4436 ucgligentius
1384 4370 1592 4439 egerint
1626 4371 1990 4439 ostendamus,
2026 4370 2190 4426 etiam

727 4477 832 4538 "Jl
855 4478 981 4534 Cor.
1007 4495 1088 4547 ιιι,
1119 4479 1204 4536 18.

726 4615 837 4684 (96)
878 4615 949 4669 lta
985 4631 1113 4672 mss.
1150 4615 1315 4679 Alias,
1354 4616 1669 4684 «pietatis.»

725 4687 835 4759 (97)
1020 4703 1146 4762 mss.
1193 4688 1361 4749 Alias,
1402 4687 1805 4762 sitmstileriln
1851 4688 2014 4746 Paulo
2065 4702 2186 4762 post

657 4757 789 4816 libb.
821 4757 947 4812 editi
980 4775 993 4810 :
1029 4778 1045 4808 ι
1071 4759 1142 4810 lta
1175 4757 1475 4830 natuqtteei
1506 4757 1755 4830 virttlleJ“
1787 4773 1996 4826 semper
2025 4757 2186 4830 “que

658 4833 710 4885 itt
744 4836 1250 4899 :elernuutnnanere
1279 4827 1572 4899 perciperet
1612 4840 1644 4899 ς)
1688 4826 1793 4899 Deo
1832 4831 1919 4895 qui
1960 4831 2076 4884 talis
2101 4826 2187 4886 est

657 4899 866 4968 qualem
894 4894 1018 4950 esse
1041 4897 1230 4949 voluit'
1256 4899 1341 4950 ille
1388 4897 1478 4968 qui
1527 4894 1670 4949 fecit.
1699 4894 1862 4968 Quod
1893 4907 1949 4949 ut
1974 4901 2184 4955 accidat

657 4965 816 5036 atque
857 4966 1216 5021 indesinenter
1246 4978 1404 5036 atque
1433 4965 1876 5036 inseparabiliter
1915 4968 2090 5020 atlsittl
2130 4979 2185 5023 et

656 5034 746 5116 qui
773 5037 852 5116 est
882 5045 933 5087 et
956 5051 1017 5086 ea
1049 5050 1164 5102 quae
1193 5037 1258 5088 ab
1286 5034 1398 5116 ipso
1425 5034 1567 5089 facta
1589 5043 1735 5116 sunt.
1758 5050 1949 5115 sapere
1976 5036 2026 5089 id
2052 5052 2183 5106 opus

655 5103 741 5159 est
780 5103 1138 5182 instrnere....
1191 5109 1482 5173 perducere
1520 5119 1585 5160 ex
1629 5103 1879 5175 Spiritus,
1903 5121 1923 5155 ι
1966 5103 2099 5172 ειε.;’
2132 5117 2189 5160 at

659 5189 790 5228 IIISS.
836 5179 893 5223 ιιι
925 5179 977 5222 ill
1017 5182 1194 5226 11081.Γο
1235 5185 1399 5230 textu.
1431 5210 1442 5217 λ»
1605 5211 1630 5240 ο.
1689 5211 1691 5213 ι

727 5241 840 5313 (98)
881 5240 972 5321 Sic
997 5256 1125 5295 mss.
1155 5243 1334 5321 Alias,_
1359 5263 1386 5321 Δι
1410 5259 1592 5314 opera.
1614 5264 1633 5296 ι
1668 5244 1866 5321 Ibidem
1900 5243 2029 5321 libb.
2063 5243 2194 5321 editi

658 5321 802 5385 post,
836 5326 854 5358 ι
881 5314 1233 5385 instaurato,»
1269 5314 1492 5381 addunt,
1545 5332 1566 5366 ι
1587 5317 1769 5380 corde,
1794 5333 1815 5368 ι
1850 5316 1991 5385 quod
2039 5319 2196 5370 abest

660 5380 728 5436 ab
760 5380 1008 5434 omnibus
1037 5396 1164 5435 mss.
1479 5380 1482 5381 ⁷
1652 5397 1656 5400 ‘

757 5449 844 5520 99)
879 5449 950 5520 lta
982 5464 1110 5507 mss.
1141 5450 1308 5515 Alias,
1345 5468 1364 5502 ι
1386 5453 1588 5520 utique.
1608 5473 1629 5508 ι

759 5519 1012 5596 ηλιιειε,
1060 5538 1078 5570 ι
1100 5522 1389 5596 dilatentur
1417 5519 1530 5596 ejus
1556 5523 1818 5579 desideria
1848 5525 1930 5582 vel
1958 5538 2196 5596 augean-

660 5599 751 5645 tur
785 5592 907 5642 dum
936 5603 1145 5658 semper
1175 5593 1448 5644 ardentius
1473 5592 1710 5658 Patrem,
1733 5614 1752 5646 ι
1780 5596 1876 5649 sed
1899 5592 2115 5654 mssfut
2139 5596 2194 5652 in

663 5671 847 5738 {nostro
891 5668 1062 5738 textu.
1113 5659 1277 5714 Paulo
1309 5670 1442 5738 post
1466 5678 1632 5738 _mss.,
1685 5681 1704 5716 ι
1725 5666 1944 5738 satietas
1975 5667 2136 5738 capit.
2164 5684 2185 5719 ι

663 5729 828 5795 Alias,
864 5746 883 5781 ι
904 5729 1121 5786 satietas
1147 5729 1370 5800 ceperit.
1394 5749 1413 5783 ι
1457 5733 1606 5800 Quod
1637 5744 1812 5790 autem
1845 5737 1946 5792 hoc
1972 5729 2090 5792 loco
2114 5738 2190 5792 ait

663 5800 920 5876 Origenes
945 5814 1100 5868 posse
1132 5801 1245 5859 ﬁeri
1276 5814 1336 5858 ut
1356 5803 1444 5874 qui
1477 5805 1542 5860 ad
1577 5806 1841 5863 summum
1863 5806 2189 5877 perlectum-

2312 617 2457 669 dutu.
2484 615 2646 683 Igitur
2671 615 2713 669 si
2745 614 2817 668 sit
2844 613 3040 682 aliquis
3074 613 3164 683 qui
3203 611 3395 682 peritia
3423 609 3502 663 vel
3529 619 3663 674 arte,
3689 606 3848 662 verbi

2313 709 2482 777 gratia
2506 706 2809 776 geometria:
2833 706 2914 761 vel
2957 706 3252 769 medicine,
3281 703 3537 773 paulatim
3560 702 3716 756 fuerit
3744 701 3851 754 im-

2313 799 2469 854 butus
2496 813 2768 869 usquequo
2791 799 3004 852 venerit
3020 798 3084 851 ad
3103 797 3423 866 perlectum,
3443 795 3611 848 multo
3632 791 3847 846 scilicet

2312 898 2546 956 tempore
2576 889 2996 942 institutionibus
3017 896 3177 956 atque
3199 886 3472 940 exercitiis
3498 883 3846 950 semetipsum

2314 980 2604 1035 informans
2633 989 2688 1034 ut
2717 980 2781 1034 ad
2813 979 3075 1047 integrum
3101 978 3426 1047 supradicta
3451 976 3584 1029 artis
3607 985 3853 1027 assume-

2314 1081 2391 1124 ret
2423 1070 2753 1140 disciplinam
2784 1088 2796 1122 :
2823 1070 2947 1124 huic
2995 1083 3266 1136 nunquam
3311 1049 3551 1137 profecto
3597 1063 3856 1118 accidere

2311 1165 2521 1232 poterit,
2543 1173 2598 1216 ut
2613 1178 2734 1217 cum
2758 1166 2958 1230 peritus
2984 1157 3283 1224 dormierit,
3301 1159 3517 1229 evigilet
3541 1155 3845 1226 imperitus.

2311 1255 2422 1310 Non
2453 1257 2592 1309 enim
2617 1270 2677 1308 ea
2701 1269 2820 1324 quae
2854 1269 2946 1324 per
2971 1253 3242 1306 hesioncm
3287 1251 3519 1321 aliquam
3545 1248 3626 1303 vel
3651 1246 3852 1300 debili-

2313 1357 2473 1400 tatem
2504 1345 2771 1407 acciduut,
2807 1343 2858 1396 in
2901 1342 3130 1397 ntedium
3179 1340 3445 1394 adducere
3483 1346 3576 1390 aut
3610 1346 3852 1389 comme-

2311 1453 2519 1491 morare
2569 1452 2705 1490 nuuc
2749 1429 3257 1500 convenit;’ueque
3303 1431 3450 1484 enim
3505 1422 3848 1483 similitudini

2309 1529 2594 1600 propositae
2633 1528 2981 1597 exemploque
3011 1525 3353 1580 conveniunt.
3389 1522 3688 1576 Secundum
3714 1529 3852 1585 ergo
3897 1552 3901 1554 ~

2309 1622 2359 1675 id
2393 1620 2531 1689 quod
2577 1620 2968 1689 proposuimus,
3017 1628 3318 1686 geometres
3347 1615 3435 1670 ille
3473 1613 3554 1667 vel
3581 1611 3849 1674 medicus,

2308 1713 2478 1767 donec
2515 1721 2730 1766 exercet
2779 1725 2835 1764 se
2875 1711 2926 1763 in
2975 1709 3412 1763 meditationibus
3455 1707 3589 1760 artis
3638 1717 3745 1757 sua:
3786 1711 3850 1757 et

2309 1803 2716 1862 rationabili‘bus
2761 1801 3044 1864 institutis,
3088 1809 3365 1868 permanet
3408 1799 3545 1867 apud
3571 1795 3676 1868 35
3716 1807 3847 1847 eum

2303 1895 2465 1947 etiam
2510 1891 2732 1948 scientia
2779 1891 3092 1961 disciplima.
3142 1890 3198 1943 Si
3250 1904 3378 1944 vero
3425 1882 3731 1943 dissimulet
3770 1888 3844 1938 ab
3910 1956 3916 1961 ν

2304 1982 2596 2050 exercitiis,
2621 1996 2675 2040 et
2697 1985 2930 2055 negligat
2956 1987 3022 2038 ab
3064 1983 3346 2041 industria.
3375 1981 3633 2052 paulatim
3666 1979 3850 2051 primo

2303 2095 2398 2148 per
2426 2077 2796 2148 negligentiam
2823 2059 2986 2145 paitca
3015 2075 3289 2138 excidunt,
3319 2084 3432 2127 tum
3458 2071 3649 2126 deinde
3677 2073 3850 2125 etiam

2304 2169 2479 2239 plura,
2522 2181 2574 2222 et
2605 2170 2676 2222 ita
2709 2184 2803 2238 per
2831 2167 3049 2222 multum
3093 2177 3301 2236 tempus
3322 2165 3398 2237 ('2)
3426 2165 3622 2218 abeunt
3661 2161 3846 2216 omnia

2311 2261 2734 2323 iri-oblivionem,
2773 2270 2930 2325 atque
2959 2260 3205 2314 universa
3239 2275 3300 2313 ex
3329 2257 3584 2312 memoria
3630 2255 3847 2325 penitus

2302 2355 2598 2410 abolentur.
2643 2353 2825 2406 Potest
2871 2366 3000 2405 sane
3040 2352 3174 2416 lieri,
3219 2359 3278 2404 ut
3323 2365 3445 2404 cum
3488 2348 3734 2403 decidere
3771 2343 3850 2398 ab

2276 2445 2454 2500 "iuitio
2489 2445 2710 2514 ctgperit
2733 2444 2807 2514 (3)
2850 2453 2904 2496 et
2949 2441 3100 2510 parva
3135 2441 3332 2499 adhuc
3370 2438 3640 2508 corrumpi
3670 2437 3853 2506 negli-

2301 2537 2496 2608 gentia,
2532 2537 2577 2590 si
2606 2536 2954 2591 resuscitetur
2985 2549 3040 2594 et
3077 2535 3241 2593 citius
3282 2534 3333 2586 in
3372 2533 3715 2600 semetipsum
3751 2544 3849 2582 re-

2300 2640 2564 2694 vertatur,
2600 2638 2815 2698 reparet
2845 2628 2921 2697 (4)
2947 2640 3010 2682 ea
3054 2635 3175 2696 quae
3221 2625 3397 2679 adhuc
3435 2638 3607 2692 nuper
3642 2621 3845 2676 amissa

2300 2730 2444 2782 aunt,
2470 2731 2522 2774 et
2553 2719 2753 2774 recolat
2775 2714 2836 2772 ea
2870 2735 2992 2788 qua:
3023 2719 3090 2770 ab
3132 2733 3197 2771 eo
3233 2716 3446 2770 fuerant
3480 2714 3621 2768 tenui
3663 2713 3849 2766 adhuc

2300 2814 2590 2868 abolitione
2632 2813 2860 2868 sublata.
2889 2807 3305 2864 Transferamus
3335 2820 3476 2884 nunc
3510 2805 3623 2859 haec
3653 2805 3718 2858 ad
3745 2818 3848 2857 eos

2300 2907 2388 2976 qui
2417 2903 2474 2960 se
2505 2907 2593 2960 Dei
2627 2905 2866 2960 scientiae
2897 2919 2960 2958 ac
2988 2903 3265 2970 sapientia:
3305 2899 3648 2962 dediderunt,
3688 2893 3858 2964 cujus

2299 2999 2528 3052 eruditio
2575 3009 2738 3068 atque
2784 2995 3050 3050 industria
3101 2990 3612 3061 iucomparabilibus
3655 3001 3846 3042 omnes

2300 3089 2535 3157 reliquas
2567 3089 2644 3158 (5)
2688 3086 3000 3155 disciplinas
3039 3084 3400 3158 supereminet
3437 3081 3632 3144 modis,
3674 3091 3725 3134 et
3757 3093 3856 3136 se»

2301 3181 2526 3236 cundum
2561 3178 2846 3247 propositae
2868 3162 3240 3230 similitudinis
3269 3174 3494 3227 formam
3522 3173 3604 3226 vel
3629 3184 3748 3240 qua
3770 3171 3853 3227 ειι

2299 3270 2588 3340 assumptio
2608 3269 2861 3333 scientias,
2881 3268 2967 3321 vel
2983 3276 3106 3334 "qua
3126 3267 3198 3319 sit
3219 3266 3334 3333 ejus
3359 3262 3578 3318 abolitio
3601 3250 3857 3318 contus

2299 3364 2537 3432 plemur;
2569 3362 2801 3416 maxime
2828 3375 2949 3413 cum
2991 3356 3273 3412 audiamus
3300 3357 3370 3412 ab
3409 3354 3665 3426 Apostolo
3697 3356 3851 3423 quod

2299 3457 2365 3508 de
2398 3453 2647 3524 perlectis
2687 3450 3004 3521 dicitur(6),
3031 3450 3172 3519 quod
3213 3448 3350 3504 facie
3390 3448 3458 3502 ad
3505 3447 3693 3501 faciem
3721 3446 3885 3515 glo-'

2301 3547 2432 3601 riam
2466 3527 2669 3600 Doiniui
2697 3558 2763 3600 ex
2785 3543 3160 3615 mysteriorum
3194 3541 3614 3596 revelationibus
3640 3537 3850 3608 'specu-

2300 3640 2615 3696 labuntur”.

2364 3734 2419 3788 2.
2458 3733 2652 3787 Verum
2698 3745 2794 3786 nos
2841 3728 3080 3784 volentes
3125 3726 3300 3780 divina
3343 3724 3398 3780 in
3443 3738 3544 3779 nos
3575 3721 3848 3777 beneﬁcia

2298 3825 2686 3888 demonstrare,
2713 3836 2833 3889 qua:
2865 3819 3020 3873 nobis
3067 3832 3160 3885 per
3201 3816 3410 3870 Patrem
3456 3823 3511 3868 et
3543 3812 3738 3869 Filium
3787 3821 3856 3866 et

2301 3915 2559 3984 Spiritum
2592 3921 2836 3966 sanctum
2885 3910 3212 3978 prtebentur,
3249 3921 3367 3975 quae
3392 3904 3632 3957 Trinitas
3675 3902 3855 3961 ιοιίιιι

2300 4022 2380 4060 εει
2407 4003 2706 4059 sanctitatis
2735 4000 2875 4066 fons,
2905 4012 3131 4054 excessu
3175 3999 3403 4066 quodam
3434 3997 3516 4052 usi
3552 3999 3662 4051 haec
3701 3997 3854 4052 dixis

2303 4109 2418 4149 tuus
2451 4093 2552 4168 (7),
2578 4101 2630 4147 et
2653 4105 2950 4148 sermonem
2977 4090 3042 4145 de
3069 4090 3244 4145 anima
3269 4089 3360 4159 qui
3394 4088 3676 4154 inciderat,
3712 4089 3856 4141 stri-

2300 4187 2449 4243 ctim-
2478 4187 2600 4239 licet
2641 4184 3052 4255 contingendam
3106 4183 3432 4252 putavimus,
3463 4181 3695 4234 vicinum
3753 4187 3852 4233 ut-

2298 4288 2418 4345 pote
2445 4275 2517 4348 (8)
2546 4277 2716 4330 locum
2763 4276 2829 4330 de
2872 4285 3061 4330 natura
3123 4271 3430 4327 rationabili
3490 4270 3845 4324 disserentes.

2297 4368 2659 4440 Opportunius
2686 4377 2862 4422 tamen
2892 4366 2944 4420 in
2981 4365 3100 4420 loco
3137 4362 3358 4433 proprio
3385 4363 3450 4417 de
3493 4361 3638 4415 omni
3668 4361 3842 4415 ratio-

2219 4627 2264 4684 ι)
2291 4633 2394 4690 que
2416 4616 2764 4674 beatitudinis
2790 4617 3034 4690 gradum
3056 4615 3384 4690 pervenerit,
3418 4612 3543 4669 inde
3566 4613 3838 4690 paulatim

2292 4683 2504 4745 decidat
2537 4702 2601 4741 ac
2641 4696 2779 4749 ruat,
2796 4683 2872 4741 'id
2910 4685 3122 4755 quidem
3169 4685 3411 4755 sequitur
3440 4700 3505 4739 ex
3533 4683 3648 4751 ejus
3685 4684 3861 4740 circa

2291 4758 2498 4814 arbitrii
2537 4758 2836 4810 libertatem
2862 4764 2917 4810 et
2947 4758 2998 4808 in
3040 4756 3185 4810 omni
3230 4765 3369 4808 statu
3401 4763 3842 4821 perseverantem

2290 4831 2423 4883 bene
2440 4826 2520 4880 vel
2549 4827 2686 4880 male
2713 4826 2902 4893 agendi
2935 4824 3242 4894 [acttltatem
3271 4823 3506 4894 placitis,
3527 4821 3841 4894 sed_catbo-

2289 4898 2405 4951 lica:
2455 4895 2574 4950 ﬁdei
2625 4889 2898 4964 repugnat.
2953 4893 3084 4951 Vide
3133 4889 3573 4964 Origénianorum
3625 4889 3722 4945 lib.
3767 4906 3838 4957 II,

2289 4975 2475 5019 auasst.
2515 4965 2599 5019 ll.
2635 4981 2688 5019 ιι.
2717 4967 2767 5019 1.
2864 4971 2867 4985 "

2329 4975 2475 5020 uasst.
2515 4967 2599 5022 ll.
2635 4981 2688 5019 ιι.
2717 4967 2767 5022 1.
2864 4971 2867 4985 "

2289 4981 2691 5105 φξξῗιῒεῖτῖῥιῖξζ
2710 4981 2864 5090 llleest
2879 5036 2931 5090 in
2949 5031 3264 5094 Iibb.e.ditis,
3279 5028 3372 5086 sed
3393 5027 3618 5083 habetur
3632 5027 3684 5084 in
3700 5044 3841 5089 mss.

2392 5105 2443 5170 '5)
2485 5106 2730 5160 Sientss.
2760 5107 2924 5168 Alias,
2964 5123 2984 5158 ι
3021 5105 3210 5170 coepit.
3249 5120 3268 5153 ι

2392 5104 2445 5244 ’5)
2485 5106 2730 5160 Sientss.
2760 5107 2924 5168 Alias,
2964 5123 2984 5158 ι
3021 5105 3210 5170 coepit.
3249 5120 3268 5153 ι

2392 5174 2423 5225 4
2489 5174 2722 5244 θέρηται.
2758 5176 2830 5228 Ita
2867 5189 2994 5228 mss.
3025 5174 3192 5244 Alias,
3228 5188 3248 5222 ι
3287 5177 3518 5244 repetat.
3555 5189 3576 5224 ι

2618 5246 2954 5308 utss.-Alias,
2995 5259 3015 5294 ι
3068 5233 3550 5315 dederttnt,'_cttjtts
3597 5238 3842 5297 conditio

2300 5310 2458 5382 atque
2487 5313 2744 5367 industria
2773 5310 3278 5381 iucomparabilibus
3309 5310 3566 5378 reliquas,
3599 5329 3621 5365 ι
3653 5319 3759 5367 etc.

2300 5451 2336 5455 __
2365 5383 2448 5455 (6)
2485 5383 2574 5436 Sic
2606 5397 2734 5437 mss.
2765 5384 2938 5447 Alias,
2967 5400 2985 5432 ι
3021 5381 3163 5455 quod
3192 5380 3256 5433 de
3280 5380 3778 5455 perlectisdicitur.
3807 5399 3832 5434 ο

2375 5396 2448 5455 (b‘)
2485 5396 2574 5436 Sic
2606 5397 2734 5437 mss.
2765 5396 2938 5447 Alias,
2967 5400 2985 5432 ι
3021 5396 3163 5450 quoa
3192 5396 3256 5433 ue
3280 5396 3532 5450 perlectis
3557 5396 3778 5436 dicitur.
3807 5399 3832 5434 ο

2300 5451 2495 5506 Ibidem
2544 5467 2694 5518 mss.,
2743 5471 2763 5506 ι
2809 5467 2874 5505 ex
2913 5449 3286 5520 mysteriorum
3316 5449 3766 5520 revelationiboa.
3805 5467 3834 5505 ο

2299 5521 2466 5588 Alias,
2493 5523 2588 5576 tab
2636 5518 2982 5578 interioribus
3014 5519 3483 5588 revelatiouibus.»
3512 5518 3675 5572 Paulo
3706 5530 3835 5588 post

2301 5532 2466 5588 Alias,
2493 5532 2588 5576 tab
2636 5532 2976 5578 interioribus
3014 5532 3483 5575 revelattombusa
3512 5532 3675 5572 Paulo
3811 5532 3835 5573 t

2301 5608 2457 5656 mss.,
2495 5610 2515 5645 ι
2549 5608 2668 5668 qua:
2716 5592 2870 5668 nobis
2899 5605 2996 5659 per
3029 5589 3238 5668 Patre-tu
3271 5601 3323 5644 et
3353 5587 3566 5643 Filium.
3606 5605 3627 5639 ι
3660 5532 3846 5657 Am

2299 5681 2320 5715 ι
2353 5678 2471 5717 ante
2498 5657 2650 5717 nobis
2678 5661 2746 5716 ad
2772 5657 2987 5714 Putrem
3014 5669 3070 5715 et
3101 5657 3312 5715 Filium.
3354 5678 3373 5712 ι

2388 5729 2438 5796 7)
2470 5733 2558 5796 Sic
2585 5746 2712 5786 mss.
2745 5729 2917 5794 Alias,
2942 5747 2961 5781 ι
2996 5733 3155 5784 etiam
3187 5729 3290 5785 hoc
3314 5729 3558 5785 dicimus.
3593 5740 3619 5782 ο

2387 5799 2439 5872 8)
2476 5802 2564 5858 Sic
2591 5817 2720 5857 mss.
2753 5799 2918 5872 Alias,
2953 5817 2972 5855 ι
3007 5810 3059 5856 ιιι
3089 5809 3236 5870 puta.
3270 5820 3288 5851 ι
