4118 6308
292 385 403 439 ιη

1634 394 1833 451 LIBER
1871 396 2150 459 PRIMUS.

3363 404 3466 463 158

290 502 457 557 stabili
486 513 674 558 natura
706 520 822 575 qua:
848 506 899 561 in
936 508 1036 563 tria
1068 522 1262 578 genera
1291 511 1600 581 speciesque
1626 514 1820 569 distin-
1848 519 1897 579 Δ
1924 514 2114 572 clinet:
2152 528 2370 588 propter
2388 519 2527 589 quod
2562 526 2707 573 recte
2730 519 2889 573 etiam
2913 518 3083 587 poenis
3110 528 3164 572 et
3187 518 3466 588 suppliciis

290 595 496 661 ςιιῑιιιιν,
536 594 641 648 Dee
674 598 825 653 nobis
864 612 957 667 per
997 597 1174 655 Jesum
1206 599 1475 655 Christum
1504 611 1559 659 et
1587 613 1828 662 sanctum

292 686 557 756 Spiritum
590 691 933 756 concedente,
967 691 1381 763 disputabimus.

848 840 1069 900 CAPUT
1109 845 1151 898 v
1184 846 1281 918 (9).

670 930 749 986 De
787 935 1182 992 rationabilibus
1225 940 1444 995 naturis.

356 1041 411 1097 Ι.
462 1041 591 1100 Post
662 1060 780 1100 eam
828 1047 1258 1107 dissertationem
1287 1058 1458 1124 jquam
1506 1056 1574 1111 de
1630 1057 1825 1125 Patre,

279 1144 343 1189 et
393 1132 575 1201 Filio,
630 1146 685 1191 et
756 1137 959 1206 Spiritu
1033 1154 1270 1211 sancto,
1330 1158 1585 1216 quantum
1654 1153 1827 1207 valui-

281 1243 444 1293 mus,
503 1229 735 1286 breviter
764 1233 1103 1305 digessimus,
1152 1252 1489 1310 censequens
1541 1252 1625 1297 est
1663 1246 1825 1301 etiam

278 1320 351 1374 de
388 1324 592 1377 naturis
630 1324 1037 1383 rationabilibus
1065 1368 1082 1393 ,
1127 1345 1191 1385 ac
1219 1331 1286 1386 de
1327 1334 1606 1399 speciebus
1638 1351 1824 1393 earum

277 1417 339 1463 et
382 1411 691 1491 ordinibus,
746 1415 831 1469 vel
880 1416 1072 1475 oﬂiciis
1134 1429 1243 1475 tam
1311 1436 1613 1479 sanctarum
1665 1440 1824 1496 quam

278 1500 450 1555 etiam
502 1504 849 1573 malignarum
898 1510 1192 1578 virtutum,
1244 1514 1339 1567 sed
1388 1525 1442 1569 et
1492 1518 1557 1571 de
1606 1517 1689 1572 bis
1732 1519 1823 1589 qui

280 1592 426 1646 inter
471 1594 569 1648 bas
613 1597 781 1652 bonas
829 1608 885 1653 et
929 1602 1095 1657 malas
1146 1605 1303 1659 medii
1347 1606 1560 1675 quidam
1601 1619 1722 1663 sunt
1767 1620 1823 1665 et

280 1684 588 1760 adbue(lO)
609 1688 661 1742 in
692 1705 858 1760 agone
880 1696 1104 1763 atquein
1133 1700 1429 1753 certamine
1456 1702 1638 1770 positi,
1658 1716 1823 1771 pauca

1929 612 2338 679 subjacet.Quod
2354 612 2513 666 etiam
2526 611 2590 665 de
2604 610 2998 680 ipsodiaboloet
3017 612 3098 663 bis
3112 613 3200 678 qui
3219 626 3335 664 cum
3355 612 3470 678 ipso

1930 713 2053 757 sunt
2074 716 2121 758 et
2140 706 2391 759 dicuntur
2404 705 2519 774 ejus
2544 703 2735 773 angeli,
2761 702 3088 758 sentiendum
3108 713 3188 756 est
3205 702 3336 771 (15).
3362 704 3467 758 Ex-

1928 794 2188 863 ponenda:
2220 804 2393 848 tamen
2427 804 2551 847 sunt
2577 793 2736 847 etiam
2759 790 3137 861 appellationes
3165 806 3373 855 eorum,
3408 800 3468 846 ut

1927 884 2158 938 sciamus
2176 900 2291 952 qua:
2322 886 2427 939 sint
2448 884 2543 939 ista
2567 886 2631 938 de
2647 884 2849 954 quibus
2864 896 3040 937 sermo
3065 884 3215 937 nobis
3248 897 3464 937 moven—

1926 976 2027 1031 dus
2057 986 2157 1030 est.
2192 976 2389 1030 Diaboli
2418 977 2578 1045 igitur
2601 991 2814 1037 nomen,
2836 986 2889 1031 et
2914 974 3142 1040 Saluum,
3164 984 3217 1029 et
3241 974 3461 1044 maligni

1928 1065 1980 1119 in
2004 1065 2185 1120 multis
2214 1065 2500 1134 Scriptura:
2522 1066 2651 1119 locis
2684 1065 3009 1134 designatur,
3041 1065 3129 1133 qui
3150 1064 3467 1134 etiuimicus

1934 1157 2027 1211 Dei
2060 1172 2178 1211 esse
2209 1156 2546 1210 describitur.
2580 1154 2797 1209 Necnon
2824 1162 2875 1206 et
2911 1155 3125 1222 quidam
3149 1155 3318 1224 angeli
3353 1153 3470 1207 dia-

1925 1248 2032 1303 boli
2085 1250 2444 1310 nominantur,
2477 1247 2568 1303 sed
2616 1257 2671 1301 et
2701 1249 2947 1317 princeps
2981 1248 3093 1316 (Νι)
3134 1247 3313 1301 mundi
3368 1246 3467 1300 hl-

1920 1336 2037 1406 jus,
2088 1336 2177 1405 qui
2224 1346 2400 1389 utrmn
2450 1335 2562 1404 ipse
2612 1337 2686 1391 sit
2730 1338 2975 1392 diabolus
3021 1353 3088 1392 an
3140 1338 3277 1391 alius
3319 1335 3465 1405 quis,

1924 1426 2159 1480 nondum
2186 1425 2464 1480 manifeste
2486 1426 2810 1480 declaratum
2836 1438 2938 1483 est.
2956 1428 3230 1496 Principes
3254 1439 3467 1496 quoque

1924 1517 2083 1586 hujus
2108 1520 2288 1571 mundi
2323 1519 2539 1588 quidam
2570 1519 2820 1573 dicuntur
2846 1520 3159 1587 sapientiam
3181 1519 3464 1587 quamdam

1923 1609 2184 1665 habentes
2212 1624 2329 1678 qua:
2370 1610 2708 1673 destruetur;
2739 1610 2830 1664 sed
2866 1620 3044 1663 utrum
3078 1611 3179 1679 ipsi
3214 1611 3321 1664 sint
3374 1610 3465 1665 isti

1922 1703 2226 1772 principes,
2274 1703 2365 1771 qui
2417 1711 2472 1757 et
2521 1702 2595 1756 illi
2649 1712 2772 1757 sunt
2827 1702 3155 1771 principatus
3199 1702 3463 1757 adversus

274 1773 563 1833 disserere.
609 1778 1006 1851 Quatnplurima
1056 1801 1284 1857 namque
1320 1789 1371 1843 in
1414 1794 1612 1847 sanctis
1664 1791 1824 1847 Scri-
1852 1855 1888 1864 ἢ
1925 1811 2059 1864 quos
2090 1795 2239 1848 nobis
2276 1804 2358 1849 est
2402 1795 2728 1858 colluctatio,
2774 1808 2841 1847 an
2872 1793 2960 1846 alii
3008 1793 3138 1857 sint,
3169 1808 3273 1848 non
3305 1781 3462 1847 facile

276 1868 459 1937 pturis
503 1869 800 1926 invenimus
843 1874 1087 1929 ordinum
1117 1855 1471 1946 quorumdam
1512 1893 1671 1953 atque
1701 1884 1815 1939 oili-
1848 1855 1891 1910 Β
1927 1855 2054 1941 mihi
2092 1885 2159 1939 ab
2205 1886 2380 1955 aliquo
2414 1855 2860 1955 pronuntiandum
2885 1855 3271 1939 videtttr.-Post
3307 1885 3459 1953 prin-

272 1961 486 2013 ciorum
515 1971 619 2015 tam
652 1975 958 2022 sanctorum
1004 1984 1163 2039 quam
1210 1974 1371 2028 etiam
1418 1978 1813 2032 contrariorum

272 2057 495 2108 nomina
525 2094 541 2121 ,
576 2071 696 2126 qua:
726 2058 836 2132 (11)
867 2062 1017 2130 prius
1057 2078 1437 2134 proponentes,
1468 2077 1581 2124 tum
1630 2070 1819 2128 deinde

268 2137 407 2208 quid
461 2141 562 2195 sibi
612 2145 737 2199 velit
800 2147 990 2203 borum
1047 2152 1400 2224 signiﬁcatio,
1461 2173 1559 2227 pro
1611 2160 1814 2219 viribus

268 2232 477 2288 nostris
506 2234 769 2299 discutere
796 2243 1237 2309 pertentabimus.
1286 2246 1422 2302 Sunt
1451 2250 1666 2319 quidam
1692 2269 1818 2307 san-

266 2325 345 2377 cti
393 2326 571 2395 angeli
620 2328 732 2393 Dei,
770 2346 908 2400 quos
949 2331 1145 2389 Paulus
1175 2337 1548 2397 ministeriales
1592 2342 1818 2412 spiritus

264 2415 513 2484 appellat
528 2418 595 2473 ad
634 2421 990 2477 ministerium
1017 2426 1332 2493 destinatos,
1360 2438 1577 2502 propter
1603 2448 1699 2490 eos
1726 2437 1815 2504 qui

264 2510 639 2568 hereditatem
688 2518 903 2585 capiunt
944 2519 999 2574 in
1048 2521 1271 2577 salutem
1320 2524 1389 2580 ⁸³.
1443 2526 1597 2596 Apud
1642 2529 1814 2597 ipsum

261 2616 489 2671 quoque
531 2616 780 2662 sanctum
821 2608 1043 2666 Paulum
1094 2614 1413 2682 invenimus,
1460 2619 1644 2674 nescio
1672 2621 1815 2676 unde

264 2705 596 2761 sumentem;
644 2699 1108 2767 eognominantem
1140 2712 1316 2758 tamen
1346 2709 1606 2776 quasdam
1637 2710 1810 2773 sedes,

261 2796 321 2839 et
363 2786 779 2853 dominationes,
826 2801 882 2845 et
915 2791 1270 2863 principatus,
1300 2806 1357 2851 et
1398 2807 1711 2866 potestates,
1759 2808 1815 2855 et

260 2870 389 2946 post
417 2880 878 2936 enumerationem
909 2882 1124 2949 borum,
1148 2885 1292 2940 velut
1336 2885 1438 2939 alia
1468 2890 1643 2943 adhuc
1668 2905 1813 2956 qua:-

259 2972 389 3024 dam
421 2970 762 3026 rationabilia
791 2972 969 3029 oﬂicia
994 2984 1155 3047 atque
1180 2977 1398 3033 ordines
1429 2992 1550 3033 esse
1577 2982 1813 3037 sentiens

257 3072 463 3130 praeter
505 3076 599 3118 eos
626 3078 763 3133 quos
802 3081 961 3137 supra
1000 3068 1230 3135 dixerat,
1263 3071 1337 3123 ait
1371 3071 1438 3124 de
1480 3070 1761 3130 Salvatore
1793 3096 1806 3130 :

264 3169 288 3203 s
324 3150 428 3219 Qui
474 3163 558 3256 est
605 3169 768 3226 super
809 3172 1023 3256 omnem
1055 3159 1434 3229 principatum,
1480 3173 1551 3217 et
1576 3173 1811 3232 potestne
1835 3194 1881 3256 ο

262 3256 401 3327 tem,
422 3253 478 3300 et
507 3246 777 3316 virtutem,
797 3259 855 3306 et
878 3250 1327 3317 dominationem,
1353 3264 1407 3309 et
1428 3272 1586 3312 omne
1614 3274 1809 3316 nomen

258 3338 407 3407 quod
427 3339 737 3395 nominatur
759 3355 863 3396 non
891 3342 1060 3398 solum
1086 3344 1138 3399 in
1162 3345 1266 3400 hoc
1290 3346 1504 3415 sarculo,
1536 3350 1628 3405 sed
1651 3351 1811 3407 etiam

259 3427 318 3483 ia
344 3426 529 3482 futuro
550 3429 619 3483 “.
656 3449 680 3484 ι
719 3430 796 3485 Es
829 3447 935 3501 quo
960 3433 1208 3507 videlicet
1239 3438 1475 3492 ostendit
1516 3453 1638 3495 esse
1664 3456 1812 3511 quaa-

258 3517 388 3572 dam
405 3521 722 3587 praterhac
733 3537 854 3592 qua
868 3526 1327 3589 commemoravit,
1344 3541 1462 3598 qua:
1474 3530 1812 3596 nominentur

258 3610 481 3680 quidem
514 3612 565 3665 in
601 3613 703 3667 boc
736 3616 959 3679 seculo,
990 3627 1305 3674 nontamen
1351 3621 1418 3675 ab
1447 3622 1560 3691 ipso
1587 3638 1809 3680 enume-

262 3708 382 3755 rata
416 3717 556 3757 nunc
590 3704 811 3769 fuerint,
854 3705 991 3765 forte
1029 3722 1137 3765 nec
1161 3709 1230 3764 ab
1278 3710 1387 3766 alio
1428 3712 1612 3783 aliquo
1650 3714 1810 3769 intel-

255 3794 447 3850 lecta:
477 3809 599 3850 esse
625 3811 753 3851 vero
797 3796 902 3852 alia
938 3814 1058 3867 qua
1092 3802 1144 3856 in
1196 3803 1300 3860 boc
1348 3804 1545 3859 saeculo
1590 3805 1806 3875 quidem

200 3948 203 3949 γ
257 3902 369 3942 non
413 3889 782 3981 nominentur.
815 3891 867 3946 in
898 3890 1080 3949 futuro
1107 3892 1218 3966 (η)
1245 3906 1425 3971 tamen
1458 3899 1808 3955 nominabun-

251 3987 368 4035 sur.

322 4070 384 4126 2.
425 4070 579 4128 Nunc
628 4073 821 4131 deinde
863 4073 1138 4130 sciendum
1164 4083 1268 4142 est,
1308 4078 1432 4147 quia
1462 4068 1622 4132 omne
1662 4072 1804 4148 quod

252 4164 580 4220 rationabile
628 4172 749 4231 est‘;
796 4176 853 4221 et
903 4167 1130 4223 rationis
1183 4169 1443 4224 terminos
1496 4177 1805 4237 statutaque

246 4257 530 4321 declinat,
578 4256 697 4313 sine
762 4256 925 4313 dubio
986 4273 1082 4328 per
1130 4261 1620 4329 praevaricationem
1671 4258 1802 4314 recti

243 4349 492 4419 iustique
518 4348 753 4403 eﬂicitur
787 4350 841 4405 in
872 4360 1114 4420 peccato.
1146 4349 1242 4404 Est
1286 4366 1417 4422 ergo
1447 4352 1624 4407 omnis
1650 4365 1803 4404 crea-

245 4448 371 4494 tura
418 4439 751 4494 rationabilis
786 4441 958 4496 laudis
986 4451 1043 4497 et
1085 4443 1254 4512 culpa:
1279 4459 1488 4513 capax;
1535 4442 1726 4508 laudis,
1754 4442 1799 4495 si

1916 1980 2124 2048 cipatus
2153 1988 2354 2047 autem,
2386 1978 2546 2032 etiam
2580 1988 2871 2047 potestates
2903 1979 3144 2047 quaedam
3180 1976 3460 2031 nominan-

1916 2082 2003 2127 tur
2057 2074 2312 2127 adversus
2358 2088 2493 2142 quas
2537 2070 2848 2127 colluctatio
2893 2069 3045 2124 nobis
3080 2079 3183 2134 est,
3227 2077 3282 2122 et
3322 2082 3458 2137 agon

1919 2161 2146 2232 geritur,
2196 2165 2289 2217 sed
2339 2172 2392 2221 et
2422 2162 2679 2217 adversus
2726 2163 2995 2232 principes
3046 2159 3228 2213 mundi
3278 2157 3460 2226 hujus,

1916 2262 1971 2308 et
1989 2264 2225 2308 rectores
2247 2254 2581 2307 tenebrarum
2612 2251 2797 2305 ltarutn
2824 2268 2838 2317 ;
2862 2250 3098 2319 quadam
3119 2249 3278 2302 etiam
3302 2247 3463 2317 spiri-

1916 2345 2044 2399 talia
2062 2344 2275 2398 malitia:
2292 2345 2342 2398 in
2365 2344 2664 2399 ctelestlbus
2683 2344 2750 2397 ab
2775 2343 2886 2412 ipso
2908 2340 3071 2397 Paulo
3092 2340 3455 2395 nominantur.

1915 2436 2053 2505 Quid
2104 2447 2283 2492 autem
2331 2435 2615 2491 dicendum
2669 2443 2751 2491 est
2810 2435 2973 2489 etiam
3023 2433 3089 2486 de
3134 2427 3461 2501 spiritalibus

1914 2529 2165 2601 malignis
2194 2528 2305 2601 (15)
2334 2522 2741 2585 et'darmouibns
2769 2524 3055 2578 immundis
3094 2522 3184 2593 qui
3210 2522 3262 2576 in
3292 2518 3463 2574 Evan-

1915 2622 2073 2693 geliis
2121 2619 2500 2677 nominantur?
2550 2616 2683 2672 Tum
2732 2616 2843 2689 66
2887 2615 3079 2670 deinde
3118 2612 3455 2682 appellantur

1913 2714 2077 2768 etiam
2128 2713 2372 2782 quedam
2420 2710 2583 2765 simili
2631 2711 2847 2763 nomine
2891 2707 3154 2771 calestia,
3200 2703 3292 2759 sed
3337 2716 3458 2773 qua:

1914 2805 2167 2859 dicuntur
2205 2820 2341 2874 genu
2370 2800 2602 2864 ﬂectere,
2642 2798 2724 2854 vel
2763 2812 2883 2876 esse
2908 2797 3113 2853 ﬂexura
3160 2797 3213 2850 in
3243 2793 3459 2849 nomine

1914 2892 2061 2956 Iesu,
2102 2895 2194 2949 sed
2220 2903 2275 2948 et
2312 2892 2587 2947 terrestria
2623 2902 2680 2947 et
2707 2889 2915 2945 inferna
2944 2904 3063 2959 quae
3092 2903 3189 2957 per
3214 2887 3454 2942 ordinem

1912 2981 2111 3038 Paulus
2142 2984 2188 3016 "
2232 2990 2514 3037 enumerat
2548 2981 2681 3054 (l6).
2734 2981 2789 3035 In
2834 2995 2900 3034 eo
2948 2994 3076 3055 sane
3119 2978 3236 3032 loco
3266 2980 3318 3033 in
3348 2992 3457 3048 quo

1912 3075 1980 3128 de
2027 3072 2379 3127 rationalibus
2430 3070 2638 3125 naturis
2689 3070 3026 3131 disserimus,
3079 3069 3306 3123 reticere
3348 3070 3458 3122 non”

1912 3165 2183 3229 convenit,
2216 3178 2317 3219 nec
2346 3164 2413 3217 de
2456 3162 2609 3217 nobis
2652 3161 2863 3228 quidem
2896 3160 3201 3215 hominibus
3222 3160 3315 3229 qui
3345 3162 3456 3214 uti-

1916 3270 2021 3325 que
2046 3255 2361 3309 rationabile
2391 3252 2586 3308 animal
2615 3266 2737 3308 esse
2768 3251 3028 3317 dicimur;
3081 3250 3176 3305 sed
3218 3265 3284 3306 ne
3326 3250 3457 3307 illud

1915 3347 2131 3418 quidem
2176 3345 2346 3402 otiose
2388 3345 2817 3416 prmtereundum
2861 3354 2965 3406 est,
2996 3342 3139 3410 quod
3185 3342 3347 3397 etiam
3384 3343 3454 3397 de

1915 3441 2070 3496 nobis
2094 3437 2224 3507 ipsis
2269 3437 2576 3493 hominibus
2623 3434 2819 3491 diversi
2848 3434 3068 3503 quidam
3113 3434 3329 3489 ordines
3357 3449 3456 3488 no-

1914 3533 2208 3596 minantur,
2251 3546 2372 3586 cum
2422 3529 2666 3585 dicitur:
2723 3545 2743 3578 t
2797 3524 2928 3580 Pars
2970 3525 3176 3580 Domini
3226 3524 3489 3593 populus,

1914 3624 2029 3695 ejus
2053 3621 2238 3687 Jacob,
2263 3620 2528 3675 funiculus
2556 3616 2882 3671 hzereditatis
2909 3616 3024 3682 ejus
3050 3613 3239 3672 lsrael.
3268 3633 3289 3668 ι
3319 3613 3453 3670 Pars

1913 3725 2091 3769 autem
2138 3711 2446 3781 angelorum
2480 3709 2729 3762 dicuntur
2756 3716 2965 3760 caetera
3008 3705 3271 3768 nationes,
3316 3720 3452 3775 quo-

1910 3806 2056 3860 niam
2089 3804 2302 3872 quidem
2338 3820 2358 3855 ι
2414 3816 2538 3858 cum
2569 3801 2829 3855 divideret
2878 3796 3131 3855 Excelsus
3169 3810 3353 3865 gentes
3396 3809 3452 3854 et

1909 3898 2245 3967 dispergeret
2274 3894 2414 3956 ﬁlios
2455 3895 2653 3958 Adam,
2704 3893 2894 3948 statuit
2929 3893 3059 3947 flues
3088 3892 3323 3961 gentium
3367 3907 3453 3946 se-

1908 3992 2139 4043 cundum
2198 4001 2479 4042 numerum
2525 3987 2835 4056 angelorum
2883 3984 2978 4039 Dei
2996 3984 3106 4039 ⁸⁸.»
3136 3983 3202 4039 Et
3246 3984 3452 4039 idcirco

1908 4093 2029 4134 cum
2075 4080 2288 4134 ceteris
2332 4078 2688 4133 rationalibus
2737 4075 2851 4147 (17)
2892 4076 3100 4132 naturis
3140 4077 3302 4131 etiam
3345 4074 3450 4131 bu-

1892 4184 2082 4225 -man:e
2111 4170 2301 4226 animte
2336 4171 2476 4225 ratio
2504 4169 2825 4238 pervidenda
2865 4177 2967 4224 est.

1974 4262 2033 4317 5.
2073 4261 2239 4333 Igitur
2270 4272 2349 4317 tot
2369 4272 2425 4317 et
2454 4262 2619 4317 tantis
2648 4261 2897 4317 ordinum
2927 4257 3327 4329 ofﬁciorumque
3352 4275 3452 4315 no-

1906 4356 2143 4411 minibus
2172 4356 2590 4427 cognominatis,
2634 4354 2827 4423 quibus
2859 4364 3065 4408 certum
3106 4363 3189 4410 est
3229 4356 3452 4409 subesse

1907 4448 2279 4513 substantias,
2328 4446 2707 4515 requirendum
2748 4456 2833 4501 est
2887 4456 3062 4502 utrum
3106 4446 3353 4501 conditor
3394 4451 3451 4501 et

240 4534 549 4588 secundum
590 4535 858 4589 rationem
886 4548 1045 4603 quam
1090 4535 1144 4590 in
1173 4552 1232 4592 se
1260 4538 1442 4603 habet,
1472 4538 1537 4591 ad
1579 4536 1799 4591 meliora
1830 4543 1876 4599 Ι)
1903 4548 2116 4594 creator
2142 4538 2383 4593 omnium
2417 4537 2578 4603 Deus,
2608 4537 2867 4607 quosdam
2906 4538 3124 4606 quidem
3165 4550 3231 4590 ex
3262 4534 3347 4590 his
3365 4534 3446 4589 ita

244 4625 534 4699 prolciat;
562 4626 752 4696 culpa,
785 4626 832 4681 si
861 4628 1123 4684 rationem
1157 4629 1295 4686 recti
1332 4628 1674 4699 tenorenique
1704 4630 1802 4685 de-

316 4768 712 4837 ”ﬂebJJL
784 4768 833 4802 “
901 4766 1097 4840 Ephes.
1118 4771 1270 4838 1,21.
1343 4773 1390 4805 ”
1413 4770 1808 4842 Pbilip.u,lo.

313 4908 397 4982 (9)
427 4908 596 4965 Caute
641 4904 927 4973 admodum
976 4906 1258 4977 legendum
1302 4907 1512 4982 esthoc
1545 4910 1811 4982 quintum~

240 4988 435 5049 eaput,
480 4994 579 5033 nec
608 4996 711 5034 non
742 4992 971 5103 SHLHOIIS
1012 4987 1245 5040 sextum,
1274 4981 1473 5047 quippe
1518 4981 1607 5033 ubi
1654 4982 1789 5034 nihil

239 5050 362 5106 fere
395 5060 477 5103 est
502 5051 640 5117 quod
670 5065 699 5104 a
724 5059 807 5103 ent
851 5048 1000 5103 tilica:
1028 5047 1147 5100 tidei
1177 5062 1361 5100 norma
1409 5063 1519 5117 non
1548 5051 1789 5115 recedat;

241 5136 349 5173 nec
384 5116 747 5175 escnSationis
779 5119 955 5182 locum
994 5117 1157 5174 ullum
1186 5116 1711 5188 ltaberetOrigeucs,
1744 5124 1788 5175 si

239 5192 360 5244 hac
412 5203 517 5240 non
556 5207 575 5239 s
603 5204 722 5243 cum
757 5204 949 5260 magno
979 5201 1117 5260 metu
1160 5197 1217 5243 et
1255 5187 1488 5247 cautela,
1522 5206 1542 5240 ι
1580 5198 1638 5242 ut
1667 5206 1790 5245 mox

234 5261 492 5313 dicturus
518 5270 619 5316 est.
638 5258 934 5314 discutiens
964 5258 1132 5330 magis
1157 5270 1208 5313 et
1227 5267 1568 5329 pertractans
1588 5275 1607 5309 ι
1631 5274 1791 5329 quam

237 5336 617 5400 praesagae
647 5330 872 5400 deniiito
904 5348 924 5382 ι
953 5330 1245 5385 statuisset.

346 5396 430 5457 l0)
469 5396 640 5457 Alias,
679 5416 698 5449 ι
736 5408 794 5450 ut
819 5399 923 5453 hic.
963 5418 982 5452 ι

346 5399 411 5448 l0
469 5398 640 5457 Alias,
679 5416 698 5449 ‹
736 5408 794 5450 ut
819 5399 923 5453 hic.
963 5418 982 5452 ι

310 5398 431 5541 in;
467 5464 524 5519 lu
547 5466 898 5541 _editis_l_i_bris
943 5470 1111 5539 deest,
1136 5487 1167 5541 ς
1202 5483 1342 5537 qua,
1388 5486 1408 5521 ι
1450 5476 1505 5524 et
1535 5478 1791 5540 praterea

224 5536 626 5607 ‘Geitehrardus
652 5536 873 5607 edidih}
911 5554 1006 5607 pro
1035 5536 1275 5596 virilibus
1304 5536 1580 5595 nostris.)

236 5634 239 5635 ν
308 5606 428 5683 (12)
465 5605 533 5660 In
584 5605 784 5675 futuro.
826 5605 987 5663 Deest
1028 5610 1085 5664 in
1113 5609 1242 5666 libb.
1276 5610 1457 5676 editis,
1496 5610 1590 5667 sed
1625 5611 1789 5666 habe-

236 5684 329 5733 tur
356 5679 417 5733 in
449 5691 577 5732 mss.

235 5689 329 5741 ωτ
356 5689 417 5733 tn
449 5691 577 5732 mss.

338 5746 433 5889 ἰδὲ
463 5746 557 5802 Sic
586 5757 716 5801 mss.
742 5742 914 5810 Alias,
945 5763 967 5798 ι
1002 5748 1273 5806 sciendum
1310 5759 1410 5806 est.
1452 5769 1473 5804 s

338 5820 401 5883 11
469 5813 855 5888 Ρνϋιιεριὸἒα
905 5826 1051 5878 recte
1092 5834 1258 5889 mss.;
1299 5821 1437 5879 male

338 5813 429 5889 tt)
469 5815 739 5888 Princeps.
763 5813 855 5874 Sic
905 5826 1051 5878 recte
1092 5834 1258 5889 mss.;
1299 5821 1437 5879 male
1477 5835 1604 5881 vero
1647 5820 1776 5881 libb.

1908 4628 2115 4696 fecerit,
2141 4639 2356 4687 sanctos
2383 4644 2449 4686 ac
2474 4628 2682 4696 beatos,
2714 4638 2773 4685 ut
2804 4629 2937 4685 nihil
2975 4629 3181 4700 possint
3205 4626 3447 4697 recipere

1882 4775 1928 4809 ⁹⁶
1953 4776 2110 4832 Deut.
2132 4791 2305 4843 x-xxn,
2328 4774 2382 4843 8,
2406 4774 2459 4832 9.

1896 4913 2052 4985 editi,
2083 4932 2103 4967 ι
2140 4912 2432 4985 principes.
2484 4926 2505 4961 ι
2541 4907 2661 4985 I_ox
2689 4920 2847 4985 tum,
2876 4922 2907 4985 s-
2936 4902 3202 4985 ρτὶηοεροο
3231 4917 3443 4985 quoque

1896 4973 2053 5057 iunius
2070 4973 2251 5038 mundi
2266 4973 2512 5057 quidam.
2528 4975 2796 5057 rimantes
2816 4973 2986 5057 editis
3005 4989 3101 5043 pro
3122 4991 3141 5025 ι
3156 4973 3390 5057 quidam
3418 4999 3437 5057 ε

1899 5044 2150 5124 legitur:
2189 5044 2450 5124 quii'letn._
2484 5066 2504 5100 ι
2528 5044 2866 5124 .lnfranlibb:
2902 5054 3058 5124 antea
3104 5045 3255 5124 editi,
3290 5062 3311 5096 ι
3350 5047 3447 5103 sed

1899 5115 2081 5178 utrum
2107 5115 2351 5177 isti'sunt
2370 5116 2638 5189 principes
2670 5115 2743 5170 illi
2773 5115 2863 5186 qui
2893 5123 3017 5169 sunt
3041 5115 3442 5185 principatus...
3478 5174 3479 5177 η

1899 5208 1966 5243 an
2000 5192 2088 5243 alii
2125 5199 2267 5243 sunt.
2301 5208 2321 5241 ο

1899 5208 1966 5248 an
2000 5206 2088 5245 8111
2125 5206 2267 5244 811111..
2301 5208 2321 5241 ο

1905 5284 1916 5300 '
1998 5261 2057 5316 l5
2114 5260 2205 5315 Sic
2237 5272 2389 5321 mss.;
2424 5254 2725 5323 libb.editi,
2759 5272 2779 5306 ι
2812 5254 3090 5326 spiritibus
3121 5256 3389 5328 malignis.
3420 5276 3441 5310 ι

1896 5334 1915 5405 '_
1967 5259 2079 5405 €16;
2117 5329 2243 5405 Post
2281 5347 2310 5405 i_
2334 5327 2989 5405 enumerat,__s_continua
3017 5326 3160 5405 serie
3194 5344 3293 5384 nec
3316 5329 3441 5405 _ul_la

1901 5396 2211 5470 infcrpocita
2263 5398 2462 5467 virgula
2513 5397 2563 5450 in
2614 5396 2764 5451 libris
2815 5397 2975 5452 editis
3021 5397 3217 5465 legitur
3251 5411 3269 5452 :
3316 5400 3337 5450 's
3366 5400 3441 5452 .ln

1901 5471 2015 5521 loco
2039 5483 2169 5521 sane
2194 5469 2246 5521 itt
2276 5482 2381 5521 uno
2406 5469 2473 5521 de
2499 5468 2832 5521 naturalibus
2856 5466 3062 5521 naturis
3092 5467 3437 5521 disseremus.

1897 5471 2015 5527 loco
2039 5483 2169 5522 sane
2194 5471 2246 5521 itt
2276 5482 2381 5538 quo
2406 5471 2473 5521 de
2499 5471 2832 5523 naturalibus
2856 5471 3062 5521 naturis
3092 5471 3437 5530 disseremus,

1896 5541 2125 5617 reticere
2155 5552 2279 5617 _non_
2296 5539 2566 5617 convenit,
2598 5554 2717 5617 cum
2749 5538 2815 5593 de
2844 5535 2995 5617 nobis
3015 5537 3233 5617 quidem
3266 5538 3436 5617 inomi-

1894 5609 2052 5689 nibus
2078 5606 2179 5689 qui
2203 5608 2390 5688 utique
2406 5609 2749 5689 “rationabile
2785 5605 2982 5689 animal
3020 5605 3143 5673 esse
3181 5607 3434 5689 dicimur,

1894 5675 2356 5749 pertractabimus.
2405 5676 2509 5733 Sed
2558 5692 2627 5732 ne
2672 5677 2802 5732 illud
2853 5676 3092 5745 quidem,
3139 5694 3160 5729 ι
3204 5685 3311 5735 etc.
3360 5675 3438 5740 Αι

1874 5746 2024 5803 'inss.
2056 5756 2115 5800 ut
2140 5746 2193 5801 in
2224 5757 2409 5803 nostro
2439 5756 2608 5804 textu.

1955 5815 2064 5889 (17)
2094 5815 2173 5873 lta
2204 5833 2331 5877 mss.
2365 5819 2529 5889 Alias,
2566 5837 2585 5876 ι
2620 5816 3091 5878 irrationabilibus.
3126 5833 3149 5871 s
