4118 6308
344 437 455 493 161

345 648 601 705 feremus
623 656 922 722 exemplum
942 694 955 718 ,
983 647 1046 707 ex
1076 669 1179 722 quo
1201 652 1638 707 manifestissime
1680 654 1902 707 demon-

343 752 565 796 stretur
591 745 889 798 contrarias
941 746 1071 800 istas
1118 745 1483 814 malignasque
1520 753 1749 799 v.rtutes
1800 760 1904 797 non

347 843 553 887 natura
588 834 716 887 tales
740 850 860 888 esse
882 834 1143 898 conditas,
1176 836 1255 889 vel
1306 845 1535 900 creatas,
1569 836 1659 888 sed
1697 836 1762 889 de
1792 851 1904 888 me-

345 924 840 985 lioribusvenisse
883 927 935 979 in
995 926 1174 995 pejus,
1222 936 1378 995 atque
1429 928 1479 979 in
1524 927 1758 981 deterius
1790 943 1906 982 esse

343 1031 685 1081 conversas;
740 1018 926 1072 beatas
972 1018 1316 1089 qnoque(27)
1366 1019 1489 1073 illas
1532 1020 1759 1073 virtutes
1798 1034 1902 1073 non

340 1124 480 1162 esse
528 1110 648 1162 talis
702 1120 910 1164 natura:
943 1127 1060 1181 qua)
1113 1110 1448 1165 contrarium
1504 1111 1745 1178 recipere
1798 1127 1902 1165 non

341 1200 529 1267 possit
562 1202 608 1255 si
644 1201 793 1264 velit,
828 1218 891 1257 ac
929 1204 1191 1271 negligat,
1219 1212 1273 1256 et
1303 1212 1473 1256 status
1497 1203 1577 1256 sui
1613 1202 1902 1257 beatitudi-

346 1306 484 1342 nem
516 1306 618 1345 non
650 1294 794 1347 omni
840 1297 1044 1348 cautela
1084 1296 1373 1350 custodiat.
1440 1296 1495 1348 Si
1539 1296 1679 1348 enim
1728 1297 1773 1349 is
1809 1297 1901 1364 qui

344 1381 560 1436 dicitur
596 1388 850 1454 princeps
889 1384 1057 1455 Tyri,
1103 1385 1333 1440 refertur
1360 1387 1485 1454 quia
1521 1387 1657 1440 inter
1687 1400 1903 1441 sanctos

342 1483 474 1527 erat
502 1482 556 1527 et
597 1476 969 1531 immaculatus
1002 1488 1149 1539 erat,
1182 1488 1233 1531 et
1276 1478 1327 1531 in
1369 1480 1618 1546 paradiso
1647 1472 1737 1533 Dei
1771 1496 1901 1532 eon~

342 1562 811 1632 stitutus,eoroua
830 1582 1041 1637 quoque
1064 1568 1275 1623 decoris
1294 1580 1343 1623 et
1362 1569 1773 1637 pulchritudinis
1790 1569 1899 1641 (9.8)

342 1666 684 1721 exornatus,
717 1659 759 1713 is
790 1658 880 1727 qui
920 1660 1051 1716 talis.
1097 1671 1213 1714 erat
1251 1664 1513 1728 quomodo
1557 1662 1737 1730 aliquo
1779 1678 1903 1715 san-

348 1760 578 1831 ctorum
625 1750 851 1806 inferior
884 1753 1045 1807 fuisse
1076 1754 1340 1822 putandus
1369 1756 1489 1809 est?
1527 1756 1731 1810 Corona
1758 1759 1898 1811 enim

344 1843 571 1898 decoris
592 1854 641 1898 et
674 1846 1086 1920 pttlcl.ritudinis
1108 1850 1219 1917 ipse
1260 1849 1446 1913 fuisse,
1483 1860 1535 1903 et
1565 1852 1615 1904 in
1653 1854 1901 1920 paradiso

1737 436 1933 494 LIBER
1974 438 2247 497 PRIMUS.

346 556 615 612 inferiora
668 573 731 613 ac
765 559 1034 615 deteriora
1086 558 1288 628 dejecta
1317 560 1429 629 (9.6)
1457 599 1470 622 ,
1539 576 1607 613 ex
1639 560 1750 629 ipsa
1807 565 1977 623 (ιε-,Α
2007 563 2123 619 Dei.

3461 457 3566 513 162

2220 563 2286 617 Ει
2354 564 2509 631 ejeeit
2564 576 2615 621 te
2673 568 2871 621 cheruh
2940 571 3003 625 de
3074 574 3248 629 medio
3327 577 3562 646 lapidum

2015 655 2473 727 ignitornm(55);
2523 667 2577 713 et
2632 661 2827 713 elatum
2872 674 2955 717 est
3003 683 3095 719 eor
3145 676 3293 721 tuum
3352 670 3405 724 in
3463 672 3563 726 de-

2014 763 2140 802 core
2189 758 2301 812 tuo,
2360 764 2615 820 corrupta
2672 764 2753 807 est
2800 758 3073 825 disciplina
3129 768 3214 813 tua
3264 776 3383 815 cum
3446 763 3565 833 pnis

2012 837 2320 891 ehritudine
2342 840 2453 909 (54)
2486 851 2605 908 tua;
2644 856 2862 914 propter
2891 849 3280 903 multitudinem
3313 861 3563 919 peccato-

2016 949 2129 986 rum
2163 943 2375 987 tuorum
2418 937 2470 991 in
2522 948 2722 993 terram
2757 941 2956 1009 projcci
3002 951 3051 995 te
3095 957 3276 995 coram
3308 942 3556 1011 regibus;

2012 1024 2132 1078 dedi
2165 1034 2216 1079 te
2264 1027 2315 1079 in
2349 1031 2767 1085 ostentationem
2808 1044 2967 1101 atque
3002 1035 3053 1087 in
3099 1034 3398 1088 illusionem
3430 1051 3559 1104 pro-

2016 1126 2136 1186 pter
2190 1120 2585 1177 niultitudincni
2656 1137 3001 1194 peccatorum
3073 1126 3451 1197 tuorum(55),
3502 1134 3560 1179 et

2022 1211 2363 1278 iniquitatum
2400 1224 2633 1286 tuarum,
2684 1231 2751 1269 ex
2808 1218 3167 1284 negotiatione
3200 1226 3285 1270 tua
3323 1217 3555 1288 polluisti

2025 1314 2206 1356 sancta
2241 1316 2349 1358 tua.
2380 1307 2442 1359 Et
2466 1309 2686 1360 educam
2714 1310 2884 1378 ignem
2918 1312 2981 1364 de
3028 1312 3200 1364 medio
3234 1311 3331 1374 tui,
3377 1319 3430 1364 et
3457 1326 3548 1364 eo-

2018 1398 2310 1457 medette,
2341 1408 2393 1451 et
2428 1401 2565 1453 dabo
2604 1410 2653 1454 te
2679 1404 2728 1454 in
2778 1404 3013 1456 cinerem
3046 1420 3107 1455 ac
3137 1402 3366 1457 favillam
3401 1418 3559 1472 super

2013 1498 2207 1541 terram
2275 1489 2325 1541 in
2367 1505 2655 1559 conspectu
2708 1495 2948 1547 omnium
3020 1496 3316 1548 videntium
3370 1507 3454 1558 te,
3503 1503 3558 1548 ct

2011 1596 2197 1632 omnes
2247 1582 2337 1648 qui
2384 1587 2625 1636 sciebant
2687 1586 2735 1637 in
2784 1588 3062 1653 gentibus.
3115 1587 3415 1662 monebunt
3465 1601 3555 1640 su-

2010 1688 2102 1739 per
2155 1682 2222 1725 te.
2280 1672 2520 1728 Perditio
2566 1675 2785 1729 etl‘ectus
2814 1693 2892 1745 es,
2920 1690 2971 1731 et
2999 1694 3100 1731 non
3132 1680 3388 1732 subsistes
3421 1677 3557 1732 ultra

2010 1767 2059 1819 in
2087 1764 2343 1820 aeternum
2386 1776 2595 1836 tempus
2613 1769 2679 1823 ’⁸.
2714 1789 2730 1819 ι
2786 1769 2914 1823 llzec
2962 1786 3079 1823 cum
3136 1771 3206 1823 ita
3240 1772 3379 1824 dicta
3414 1772 3554 1835 sint,

2007 1860 2126 1927 quis
2159 1870 2240 1912 cst
2265 1860 2355 1927 qui
2399 1860 2624 1914 audiens
2672 1878 2685 1913 :
2736 1881 2753 1911 ι
2780 1861 3123 1928 Signaenlnm
3153 1864 3551 1929 similitudinis,

343 1936 453 1989 Dei
498 1938 797 1992 ambulasse
848 1939 1221 1993 immaculatus
1249 1942 1610 2008 describitur;
1668 1955 1723 1998 et
1771 1960 1905 2013 qno~
1934 1935 1974 1987 ιῖ
2003 1964 2057 2006 et
2089 1967 2286 2005 cOrnna
2328 1954 2537 2007 decoris
2582 1954 2632 2006 in
2671 1954 2877 2008 deliciis
2926 1956 3159 2023 paradisi
3196 1958 3421 2022 fuistin
3474 1956 3553 2011 vel

346 2028 520 2080 modo
547 2029 611 2080 ab
641 2028 821 2097 aliquo
864 2032 1039 2097 putari
1087 2039 1259 2101 potest
1291 2032 1403 2103 (9.9)
1448 2036 1584 2103 quod
1642 2036 1740 2089 iste
1788 2039 1906 2092 talis

345 2133 466 2171 non
493 2135 627 2172 unus
649 2120 807 2174 fuerit
828 2121 892 2175 de
928 2122 1031 2176 illis
1056 2126 1256 2178 sanctis
1293 2127 1567 2194 beatisun
1596 2130 1903 2194 virtutibus,

342 2224 495 2278 quas
530 2213 710 2280 utique
756 2216 807 2267 in
838 2215 1171 2270 beatitudine
1218 2218 1442 2285 positas,
1477 2236 1575 2271 non
1610 2221 1714 2272 alio
1744 2237 1903 2287 quam

345 2300 454 2356 tali
484 2302 683 2357 honore
714 2305 970 2373 praiditas
1002 2321 1121 2360 esse
1163 2310 1485 2405 credendum
1517 2312 1644 2364 est?
1684 2310 1786 2365 Sed
1817 2316 1904 2368 vi-

345 2398 583 2451 deamus
603 2400 815 2451 tandem
842 2400 967 2468 quid
992 2402 1153 2453 etiam
1180 2398 1287 2469 ipsa
1318 2404 1611 2471 prophetite
1627 2407 1785 2460 verba
1810 2422 1905 2463 nos

344 2488 604 2543 doceant.
648 2490 763 2544 «Ει
812 2491 985 2546 factus
1044 2502 1160 2555 est,
1203 2494 1407 2562 inquit,
1466 2512 1643 2549 sermo
1698 2499 1901 2552 Domini

341 2582 425 2636 ad
475 2598 592 2648 me,
640 2586 871 2641 dicens:
917 2586 1015 2639 Fili
1065 2587 1323 2651 hominis,
1378 2590 1559 2656 accipe
1608 2590 1902 2644 [amentum

342 2689 519 2743 super
542 2676 836 2745 principem
858 2677 1006 2747 Tyri,
1033 2687 1087 2730 et
1114 2677 1201 2730 dic
1223 2679 1275 2731 ei
1310 2696 1320 2731 :
1351 2678 1473 2732 llzec
1499 2681 1621 2733 dicit
1652 2681 1905 2741 Dominus

344 2765 501 2820 Deus
528 2787 543 2821 :
578 2768 653 2822 Tu
681 2770 1015 2838 signaculum
1052 2772 1420 2824 similitudinis
1443 2812 1457 2835 ,
1491 2783 1545 2827 et
1575 2788 1770 2827 corona
1808 2775 1900 2826 de-

344 2859 505 2912 coris
558 2859 610 2913 in
645 2861 854 2915 deliciis
902 2864 1139 2929 paradisi
1194 2862 1376 2927 fuisti;
1422 2864 1565 2916 omni
1613 2865 1787 2932 lapide
1822 2865 1902 2918 vel

342 2967 568 3022 gemma
613 2953 748 3008 bona
786 2964 1077 3008 exornatus
1111 2970 1203 3019 es,
1251 2965 1303 3008 et
1341 2956 1557 3008 indutus
1588 2958 1787 3021 sardio,
1842 2968 1895 3011 et

346 3047 606 3116 topazio,
658 3058 714 3102 et
767 3048 1078 3117 smaragdo,
1139 3056 1195 3100 et
1249 3047 1613 3110 carbunculo,
1670 3058 1723 3102 et
1761 3064 1901 3129 ‘sap-

346 3139 671 3209 pl:iro(30),
707 3150 757 3194 et
783 3138 1016 3209 iaspide,
1053 3149 1274 3210 argento
1296 3151 1348 3194 et
1376 3158 1506 3193 auro
1530 3140 1897 3208 iusertis(5|),

2007 2046 2228 2099 audiens
2254 2048 2394 2114 quod
2434 2066 2451 2097 ι
2483 2062 2546 2101 ex
2565 2063 2671 2115 quo
2698 2057 2909 2101 creatus
2936 2063 2995 2101 es
3026 2059 3078 2102 tu
3108 2065 3227 2102 cum
3252 2050 3551 2111 cherubim,

2006 2140 2158 2209 posui
2218 2148 2267 2192 te
2321 2138 2372 2192 iii
2427 2148 2606 2192 monte
2656 2150 2841 2193 sancto
2895 2139 3029 2203 Dei,
3062 2159 3079 2191 ι
3141 2140 3279 2193 ultra
3332 2156 3551 2195 sensum

2005 2245 2158 2282 suum
2187 2229 2385 2297 poterit
2429 2230 2696 2292 relaxare,
2731 2238 2789 2279 ut
2821 2229 2885 2281 de
2924 2230 3103 2296 aliquo
3139 2230 3438 2291 hominum,
3468 2229 3553 2284 vel

2005 2331 2351 2386 sanctorum,
2411 2334 2514 2374 non
2564 2321 2736 2374 diram
2770 2321 2891 2392 Tyri
2929 2323 3185 2390 principe,
3234 2322 3342 2376 haec
3407 2322 3549 2376 dicta

2005 2428 2122 2468 esse
2155 2414 2501 2481 suspicetur?
2535 2402 2640 2466 Aut
2673 2429 2807 2481 quos
2843 2415 3046 2482 lapides
3084 2416 3267 2483 igneos
3316 2413 3549 2484 putabit,

2005 2506 2057 2559 in
2105 2520 2333 2572 quorum
2408 2506 2581 2557 medio
2638 2506 2799 2558 homo
2823 2506 2936 2575 (5(3)
2996 2506 3190 2575 aliquis
3238 2508 3551 2561 conversari

2007 2596 2252 2663 poterit?
2306 2598 2409 2647 Aut
2454 2582 2576 2663 quis
2627 2597 3003 2649 immaculatns
3050 2600 3116 2651 ab
3162 2598 3273 2666 ipsa
3321 2599 3404 2652 die
3443 2612 3548 2666 qua

2002 2696 2218 2741 creatus
2241 2697 2322 2740 est
2345 2687 2563 2755 intelligi
2582 2688 2789 2775 poterit
2811 2727 2825 2750 ,
2864 2688 2914 2740 iii
2940 2704 3045 2756 quo
3066 2700 3245 2757 postea
3269 2689 3552 2757 aliquando

2002 2780 2278 2846 injustitiae
2298 2779 2351 2831 in
2376 2780 2488 2847 ipso
2510 2776 2739 2831 inventuri
2763 2780 2887 2841 sint,
2911 2790 2964 2833 et
2986 2789 3108 2833 tunc
3135 2781 3185 2832 in
3211 2791 3402 2834 terram
3424 2796 3519 2848 pro
3541 2815 3553 2823 -

1994 2872 2171 2937 jectus
2197 2885 2315 2924 esse
2336 2870 2584 2922 dicatur?
2611 2870 2763 2935 Quod
2797 2871 2981 2938 utique
3020 2871 3307 2940 signiﬁcat,
3341 2874 3462 2941 quia
3486 2873 3551 2926 de

2001 2977 2064 3032 eo
2084 2961 2300 3024 dicitur,
2342 2961 2575 3028 quicum
2622 2976 2725 3013 non
2765 2972 2907 3014 esset
2944 2963 2994 3014 iii
3045 2974 3208 3026 terra,
3254 2966 3304 3016 in
3352 2974 3548 3018 terram

2000 3054 2270 3122 projectns
2308 3051 2551 3121 est(37);
2595 3052 2744 3120 cujus
2771 3053 2931 3104 etiam
2971 3065 3156 3106 sancta
3190 3057 3383 3122 polluta
3428 3072 3549 3109 esse

2000 3143 2272 3194 dicuntur.
2340 3139 2462 3193 Ihec
2506 3140 2722 3209 quidem
2767 3141 2831 3193 de
2863 3142 3104 3210 principe
3139 3142 3261 3213 Tyri
3312 3160 3376 3198 ex
3425 3160 3550 3213 pro-

344 3242 413 3286 et
447 3232 675 3293 achate,
703 3234 1028 3323 aJnethysto,
1054 3241 1107 3283 et
1137 3232 1488 3302 chrysolitho,
1521 3242 1564 3285 et
1599 3232 1821 3301 bet'yllo,
1847 3241 1899 3287 et
1927 3266 1966 3322 ο
2003 3233 2164 3299 pheta
2209 3230 2493 3285 Ezechiele
2520 3245 2638 3299 qua:
2672 3230 2722 3282 in
2756 3230 3119 3285 adversariam
3162 3234 3409 3286 rientem
3460 3250 3549 3288 re-

346 3326 617 3397 onycbio,
660 3342 793 3380 auro
822 3342 1035 3395 quoque
1082 3326 1299 3395 replesti
1336 3327 1613 3380 thesauros
1667 3338 1807 3392 tuos,
1846 3339 1900 3383 et

345 3419 852 3490 promptuaria'tna
889 3420 941 3471 in
989 3420 1288 3487 temetipso.
1331 3418 1404 3490 Ex
1433 3436 1537 3489 qua
1577 3420 1663 3474 die
1682 3430 1900 3476 creatus

348 3527 418 3565 es
450 3527 571 3563 cum
602 3510 906 3573 cherubim,
936 3511 1084 3579 posui
1136 3518 1184 3563 te
1227 3512 1276 3564 iii
1324 3488 1504 3566 monte
1551 3524 1738 3569 sancto
1782 3515 1895 3568 Dei.

346 3604 534 3660 Fuisti
566 3606 617 3658 in
648 3605 822 3658 medio
852 3605 1085 3673 lapidum
1120 3605 1427 3673 igneorum;
1461 3605 1605 3659 fuisti
1642 3608 1900 3661 immacu-

348 3701 501 3755 latus
546 3708 600 3754 ιιι
631 3700 683 3753 iii
711 3700 899 3754 diebus
933 3699 1035 3752 tuis
1060 3738 1075 3761 ,
1116 3714 1181 3751 ex
1206 3714 1308 3768 qua
1345 3701 1431 3753 die
1463 3710 1676 3756 creatus
1718 3718 1777 3756 es
1809 3713 1896 3767 ιιι,

347 3795 533 3849 donec
555 3792 912 3863 invent;e(52)
942 3800 1066 3845 sunt
1107 3778 1412 3859 iniquitates
1445 3792 1494 3845 in
1534 3802 1618 3858 te;
1667 3809 1730 3848 ex
1761 3795 1899 3849 mul-

347 3889 589 3943 titudine
619 3888 997 3965 negotiationis
1030 3897 1132 3940 tum
1170 3888 1385 3956 replesti
1413 3886 1694 3956 iniquitate
1718 3904 1891 3957 prom-

345 3981 567 4052 ptuaria
594 3989 681 4033 tua
706 4020 721 4042 ,
753 3987 807 4033 et
830 3979 1058 4048 peccasti
1082 4019 1096 4043 ,
1128 3989 1184 4032 et
1216 3978 1529 4033 vulneratus
1562 3993 1621 4033 es
1654 3994 1682 4032 a
1721 3988 1898 4051 monte

440 4089 490 4123 ⁸⁸
519 4088 714 4147 Ezecli.
738 4106 923 4156 xxvm,
948 4089 1011 4143 12
1034 4104 1179 4156 seqq.

349 4204 470 4259 bris
515 4203 674 4277 hujus
724 4205 885 4277 urbis
912 4204 1167 4277 regimini
1217 4205 1603 4277 praeposuerit,
1635 4198 1899 4277 queinque

347 4284 543 4343 postea
592 4276 661 4326 oh
713 4275 1014 4340 superbiam
1061 4290 1162 4343 qua
1210 4275 1378 4329 elatus
1414 4286 1529 4337 est,
1589 4278 1639 4330 in
1696 4275 1897 4331 inferos

324 4342 729 4414 -pr:ecipitarit.
756 4343 1030 4411 ‘Plerique
1075 4342 1235 4398 etiam
1284 4344 1473 4399 Patres
1504 4347 1569 4400 ad
1615 4358 1891 4414 peccatum

348 4424 406 4467 θ’
468 4412 671 4478 lapsum
713 4414 969 4482 (lanuginis
1010 4424 1169 4482 caput
1221 4415 1344 4468 illud
1383 4431 1551 4469 xxvnt
1596 4412 1892 4472 Ezechielis

349 4490 615 4552 fetet-unt.
681 4482 807 4535 Vide
835 4480 1145 4535 Tertulliani.
1172 4483 1359 4537 Contra
1393 4484 1753 4552 Marcionitas,
1801 4488 1890 4540 lib.

348 4568 386 4605 ιι
414 4592 430 4613 ,
461 4565 511 4602 c.
540 4550 641 4616 10;
677 4552 958 4619 Augustin.
989 4554 1081 4604 lib.
1114 4568 1164 4604 xi
1200 4553 1274 4604 De
1301 4556 1503 4607 civitate
1534 4556 1661 4619 Dei,
1704 4550 1751 4609 c.
1792 4557 1891 4619 15;

2006 3326 2250 3378 feruntur
2274 3326 2644 3389 ostendimus,
2680 3341 2774 3395 per
2812 3340 2931 3393 qum
2980 3325 3410 3379 manifestissime
3456 3326 3547 3380 tle-

2007 3426 2341 3470 monstratur
2364 3418 2506 3484 qnod
2531 3426 2713 3470 sancta
2748 3426 2873 3470 ante
2905 3416 3013 3487 (38)
3049 3418 3216 3471 virtus
3249 3418 3359 3472 i330
3388 3417 3549 3472 fuerit

2005 3520 2057 3565 et
2087 3511 2267 3573 beata,
2301 3510 2365 3563 de
2396 3527 2498 3580 qua
2534 3510 2892 3573 beatitudine,
2922 3525 2987 3563 ex
3014 3526 3116 3577 quo
3148 3511 3201 3563 in
3236 3527 3297 3564 ea
3330 3511 3545 3566 inventa

2003 3617 2087 3661 est
2137 3605 2427 3675 iniquitas,
2477 3604 2678 3666 rtterit,
2713 3603 2765 3655 in
2816 3612 3123 3671 terramque
3162 3605 3400 3657 demersa
3433 3604 3544 3667 sit,

2003 3709 2057 3753 et
2089 3712 2194 3751 non
2217 3712 2310 3766 per
2340 3706 2586 3749 naturam
2614 3696 3083 3764 conditionemqne
3112 3695 3231 3748 talis
3257 3696 3544 3750 exstiterit.

2005 3791 2348 3845 Arbitrantur
2376 3782 2507 3859 ergo
2538 3787 2643 3840 dici
2691 3787 2802 3840 huic
2831 3788 2897 3841 de
2944 3788 3130 3857 angelo
3154 3789 3410 3856 quedam,
3454 3788 3545 3855 qui

2004 3885 2288 3956 Tyriorum
2353 3882 2532 3951 gentis
2597 3881 2970 3949 dispensanda:
3028 3881 3368 3958 sit.sortitus
3424 3881 3545 3935 oltl-

2004 3981 2145 4034 cium
2178 3977 2292 4048 (.59)
2320 4018 2334 4043 ,
2392 3974 2478 4031 cui
2522 3974 2682 4029 etiam
2728 3976 2921 4029 anima:
2965 3989 3150 4029 eorum
3196 3975 3544 4045 procurandae

2011 4226 2029 4259 ι
2061 4205 2186 4275 quid
2218 4206 2381 4258 etiam
2410 4204 2517 4273 ipsa
2544 4201 2850 4275 pmphetica
2884 4201 3064 4275 verba.
3093 4219 3113 4253 ι

2074 4270 2185 4345 (.50)
2230 4276 2293 4327 Et
2325 4270 2604 4341 smaragdo
2628 4283 2675 4326 et
2702 4272 3018 4345 carbunculo
3040 4284 3085 4345 et
3112 4272 3380 4345 capp/tiro.
3419 4270 3542 4345 Hice

2003 4343 2379 4400 desiderantur
2409 4346 2460 4397 in
2486 4352 2641 4398 antea
2670 4343 2853 4407 editis,
2880 4344 2973 4396 sed
2998 4344 3261 4397 habentur
3288 4344 3340 4397 in
3363 4343 3534 4397 omni-

2003 4417 2102 4470 bus
2141 4431 2268 4469 mss.

2055 4486 2183 4554 .(Sl)
2225 4485 2315 4537 Sic
2356 4499 2483 4536 mss.
2518 4482 2688 4554 Alias,
2723 4481 3021 4554 ginsertus.
3050 4497 3069 4530 ι

2071 4549 2181 4624 (ὖὶ)
2223 4555 2314 4608 Sic
2387 4570 2517 4607 mss.
2572 4550 2951 4606 Genebrardus
3016 4565 3180 4615 vero,
3248 4567 3269 4604 ι
3312 4549 3538 4606 commi-

351 4623 673 4693 llierongin.
698 4618 762 4693 ald
788 4619 1072 4693 Damasum
1104 4631 1157 4693 et
1182 4624 1230 4674 in
1252 4622 1479 4693 Isai.lib.
1509 4641 1578 4688 iv;
1611 4618 1769 4693 Greg.
1791 4618 1885 4681 lib.
1920 4635 1963 4688 ο
1992 4618 2235 4678 numidae.
2260 4642 2278 4673 ι

352 4705 509 4745 sxxtt
562 4676 781 4751 Μήτι,
830 4704 881 4741 c.
908 4691 1010 4756 25;
1056 4690 1242 4744 Isidor.
1276 4691 1348 4744 De
1375 4676 1578 4745 summe
1604 4676 1798 4748 boutiJl.
1833 4711 1886 4758 ι,

347 4782 402 4815 εἴ·
444 4762 545 4822 ίέζ
582 4759 775 4813 Beda!“
807 4758 898 4812 "b-
932 4760 1151 4830 Quazst._,
1175 4776 1228 4827 (ι.
1257 4760 1327 4821 9;
1359 4762 1608 4815 Ambros.
1640 4763 1714 4815 De
1743 4780 1890 4830 pura-

346 4834 491 4895 diso,
525 4847 577 4885 c.
602 4830 658 4883 2.
695 4830 798 4883 Sed
826 4831 876 4881 iii
902 4831 1003 4884 hoc
1026 4831 1089 4882 ab
1110 4828 1335 4898 Origene
1362 4830 1633 4895 ditfernnt,
1668 4828 1806 4898 quod
1836 4843 1891 4886 ut

349 4905 470 4966 ille,
491 4912 691 4955 temere
712 4917 813 4954 non
843 4909 1039 4969 negent
1067 4900 1203 4951 hanc
1232 4900 1564 4965 prophetiam
1585 4903 1648 4953 de
1676 4903 1890 4955 homine

350 4988 486 5042 rege
524 4971 653 5042 Tyri
701 4985 857 5041 posse
901 4969 1571 5042 accipi,cumvgisimile
1604 4973 1887 5042 admodum

345 5039 458 5104 sit‘,
508 5039 588 5097 ηδ’
621 5039 796 5096 dicam
827 5039 1030 5095 certum
1050 5080 1065 5105 ,
1109 5039 1195 5094 hic
1223 5041 1288 5093 ab
1319 5039 1595 5093 Ezechiele
1624 5040 1887 5109 designari

347 5112 660 5183 Ithobalutn
710 5127 890 5182 regem
934 5111 1135 5183 f'l‘yri,‘
1161 5124 1269 5179 quo
1321 5118 1573 5183 regnante
1624 5107 1888 5183 Josepbus

344 5182 538 5250 Antiq.
572 5182 661 5235 lib.
692 5196 746 5247 ι,
772 5179 892 5250 cap.
922 5179 1008 5249 if,
1052 5192 1068 5231 1
1096 5179 1287 5236 Contra
1313 5180 1561 5243 Appiam,
1590 5194 1709 5249 pag.
1736 5181 1886 5244 1046,

346 5247 529 5306 refert
563 5253 745 5306 urbem
774 5247 971 5323 Tyrum
993 5247 1031 5308 Va
1064 5247 1888 5307 Nabuchodonosore’obsessam

344 5336 477 5375 esse
505 5328 562 5373 et
583 5332 811 5387 captam.

426 5388 539 5461 (26)
574 5389 647 5445 lta
676 5406 865 5446 omnes
892 5393 1048 5447 codd.
1079 5407 1204 5447 mss.
1232 5390 1379 5444 Alias
1398 5430 1414 5454 ,
1458 5408 1475 5440 ι
1497 5390 1569 5461 ad,
1601 5389 1888 5445 interiores

345 5472 407 5517 et
438 5460 1102 5529 addeteriora-dejccta.»
1171 5461 1335 5515 Paulo
1388 5469 1509 5529 post
1561 5460 1689 5515 libb.
1721 5463 1886 5526 editi,

348 5551 373 5584 ι
398 5531 706 5604 contrarias
738 5532 869 5584 istas
912 5548 1232 5604 magnasque
1272 5534 1514 5587 virtutes.
1540 5549 1557 5581 ι
1620 5532 1721 5587 Sed
1756 5548 1883 5587 mss.

345 5613 408 5654 ut
459 5603 513 5654 in
554 5609 735 5653 nostro
763 5610 930 5655 texui.

449 5669 542 5743 27)
577 5668 743 5743 Caute
772 5669 901 5743 lege.

453 5739 547 5810 28)
583 5742 659 5795 Ita
702 5756 833 5793 mss.
858 5739 1023 5801 Alias,
1065 5758 1083 5791 ι
1107 5742 1469 5809 plenitudinis.
1495 5762 1513 5795 ι

425 5810 547 5885 (29)
580 5810 730 5885 Il_ss.,
768 5826 800 5885 c_
815 5820 1005 5877 potest.
1034 5813 1254 5885 i._Alias,
1287 5834 1303 5863 ι
1329 5815 1480 5867 solet.
1505 5833 1523 5865 ι
1576 5812 1709 5867 Infra
1735 5829 1886 5877 mss.,

349 5902 377 5939 ι
402 5882 537 5955 quid
580 5883 740 5937 etiam
790 5882 899 5951 ipsa
944 5883 1235 5950 prophetia:
1260 5888 1438 5937 verba.
1462 5904 1480 5937 ι
1536 5886 1688 5939 Liba.
1717 5886 1883 5950 editi,

2062 4695 2174 4764 (3'5)
2218 4694 2308 4746 Sic
2332 4707 2482 4764 (mss.
2516 4689 2669 4743 Lilib.
2704 4689 2867 4754 editi,
2904 4688 3081 4761 reject
3124 4698 3176 4745 te
3218 4689 3423 4745 cberub
3467 4687 3536 4743 de

1992 4762 2166 4817 medio
2200 4763 2433 4829 lapidum
2468 4762 2763 4828 igueormn.
2786 4778 2804 4809 ι
2842 4828 2853 4829 7
2890 4828 2893 4829 ν
3376 4794 3377 4797 η

2057 4834 2172 4904 (54)
2209 4828 2280 4884 Ita
2317 4847 2443 4885 mss.
2470 4832 2615 4882 Alias
2638 4869 2657 4904 ,_
2698 4828 3103 4904 rmultitudine.
3131 4846 3150 4904 ι

2215 4907 2279 4954 lu
2313 4914 2507 4975 terram
2544 4899 2811 4975 pi'ojeci__te
2842 4914 3017 4975 eorum
3053 4898 3285 4966 regibus;
3321 4895 3443 4975 dedi:
3480 4904 3531 4951 te

1991 4975 2045 5027 in
2067 4966 2475 5028 ‘ost'entationem
2514 4966 2666 5038 atque
2715 4968 3013 5038 illusiouem
3056 4976 3263 5038 prapter
3290 4966 3533 5038 multitu-

1990 5045 2163 5097 dinem
2216 5053 2543 5109 peccatorum
2582 5035 2825 5091 tuorum.
2894 5035 3018 5090 litae
3047 5037 3240 5109 desunt
3276 5039 3329 5091 in
3380 5036 3531 5091 libris

1991 5123 2146 5167 antea
2178 5107 2367 5174 editis,
2400 5111 2494 5162 sed
2526 5110 2576 5159 in
2601 5110 2848 5160 omnibus
2873 5121 3001 5159 mss.
3039 5107 3404 5177 reperiuntur.

2060 5180 2170 5249 (56)
2209 5180 2397 5233 Homo.
2439 5179 2529 5232 Sic
2560 5194 2687 5230 mss.
2721 5180 2884 5243 Editi,
2915 5192 2935 5226 ι
2955 5177 3021 5228 ab
3044 5190 3143 5249 eo,
3174 5196 3193 5230 ι
3231 5178 3387 5232 male.

2060 5246 2170 5323 (57)
2212 5251 2315 5313 Qui
2336 5264 2462 5323 _.:um
2502 5264 2601 5323 neu
2631 5256 2758 5299 esset
2788 5246 3131 5323 in_ter_ru,_in
3173 5257 3372 5323 (errant
3405 5263 3527 5316 pro-

1981 5314 2276 5391 jeciits'est.
2336 5317 2411 5371 lia
2442 5318 2641 5386 optime
2690 5331 2816 5368 mss.
2854 5314 3095 5371 inlibris
3135 5318 3295 5373 editis
3341 5314 3523 5381 deest,

1997 5410 2015 5443 ι
2042 5394 2091 5445 iu
2125 5401 2286 5446 terra.
2310 5406 2330 5438 ι

2059 5460 2167 5533 (58)
2207 5460 2263 5512 ln
2297 5457 2446 5533 libris
2477 5456 2635 5509 editis
2657 5455 2844 5533 deest,
2879 5471 2896 5533 ε
2924 5464 3066 5533 ante.
3096 5474 3115 5509 ι

2068 5525 2178 5598 (59)
2216 5531 2548 5582 Arbitrantur
2566 5542 2701 5598 (ergo
2732 5526 2836 5577 dici
2875 5525 2982 5598 licet:
3008 5528 3070 5579 de
3093 5527 3277 5597 angelo
3300 5525 3522 5598 quodqui

1989 5594 2084 5675 qui
2124 5594 2395 5675 Tyriorum
2438 5596 2603 5675 geritis
2639 5595 3001 5675 dispensanda;
3019 5600 3091 5675 sit
3144 5594 3357 5651 acuitur
3403 5594 3524 5675 ofﬁ-

1992 5667 2291 5727 ciumXSic
2332 5685 2460 5723 mss.
2501 5667 2649 5719 Alias
2681 5681 2829 5737 vero,
2870 5667 3245 5737 {arbitrantur
3270 5682 3395 5737 ergo
3424 5668 3522 5717 huc

1991 5748 2054 5798 de
2080 5742 2298 5818 angelo,
2328 5758 2346 5790 ι
2370 5750 2472 5792 etc.
2511 5737 2775 5818 Cat-terum
2805 5736 2869 5790 de
2891 5733 2989 5818 hac
3012 5733 3257 5808 Origenis
3279 5733 3524 5818 opinioue

1991 5804 2181 5879 vide:
2206 5812 2250 5865 si
2304 5820 2493 5871 vacat.
2552 5808 2855 5878 Origcnian.
2928 5806 3023 5863 lib.
3096 5804 3173 5873 ii,
3228 5804 3416 5876 quaest.
3456 5804 3521 5867 5,

1992 5901 2137 5939 num.
2167 5883 2257 5936 26.
