4118 6308
1903 516 2220 576 ORIGENIS
2253 519 2409 574 ΠΕΡΙ
2447 518 2671 574 ΔΡΧΩΝ

3721 513 3829 570 ιω

660 636 924 690 videntur
951 650 1069 692 esse
1097 635 1412 691 commissa.
1471 635 1640 702 Quam
1671 650 1804 693 sane
1843 635 2044 710 Tyrum
2062 678 2080 704 ,
2124 637 2205 705 vel
2230 643 2280 701 Α
2305 639 2459 695 docet
2487 655 2584 696 nos
2609 640 2673 694 de
2701 635 2913 692 diabolo
2937 636 3153 693 dicens:
3184 654 3203 688 ι
3231 633 3366 692 Ecce
3394 633 3548 690 video
3569 629 3827 689 Satanam

665 742 802 796 quas
831 724 1114 800 Tyriorum
1159 731 1370 785 animas
1413 731 1615 786 sentire
1650 731 1972 798 debeamus,
2017 740 2197 786 utrum

667 814 805 873 banc
832 833 952 886 qua:
985 821 1037 872 in
1087 818 1368 875 Phoenices
1408 823 1694 890 provmcia‘.
1747 823 2056 892 regionibus
2096 821 2234 877 sita!

620 915 775 973 ,esl,
815 909 926 979 σε
970 925 1038 964 an
1103 909 1264 964 aliam
1308 911 1539 980 aliquam
1587 913 1740 981 cujus
1781 913 1895 967 inec.
1941 927 2099 983 quam
2144 913 2196 969 in

661 995 822 1051 terris
867 1000 1146 1063 novimus,
1186 999 1354 1053 forma
1399 1009 1516 1066 est;
1563 1011 1620 1056 et
1667 1001 1876 1055 animas
1908 1000 2197 1072 Tyriorum

661 1096 840 1142 utrum
870 1091 1060 1143 horum
1083 1131 1099 1152 ,
1142 1106 1208 1144 an
1241 1106 1426 1160 eorum
1466 1093 1559 1161 qui
1591 1093 1872 1149 domestici
1905 1104 2029 1149 sunt
2061 1095 2198 1150 illius

663 1177 787 1249 Tyri
833 1195 950 1252 qua:
982 1182 1297 1249 spiritaliter
1328 1181 1660 1252 intelligitur,
1695 1185 1747 1238 in
1784 1185 1884 1239 hoc
1929 1186 2047 1240 loco
2089 1202 2194 1240 non

660 1269 875 1325 videtut‘
903 1274 1280 1340 requirendum
1305 1292 1320 1339 ;
1347 1293 1412 1331 ne
1449 1277 1587 1332 forte
1618 1277 1766 1332 velut
1796 1277 1848 1332 in
1881 1279 2104 1332 transitu
2129 1279 2198 1334 de

665 1361 828 1415 tantis
853 1373 905 1415 et
931 1373 1034 1416 tam
1064 1365 1396 1421 absconditis
1421 1369 1580 1423 rebus
1601 1369 1880 1423 videamur
1902 1368 2192 1440 inquirere,

658 1453 804 1520 quod
836 1453 1015 1522 utique
1044 1455 1318 1522 proprium
1352 1457 1436 1510 vel
1458 1471 1592 1525 Opus
1615 1457 1800 1527 exigit,
1823 1458 1905 1512 vel
1931 1458 2192 1515 laborem.

726 1542 782 1596 5.
841 1541 1072 1609 Rursum
1118 1555 1295 1600 tamen
1343 1549 1502 1601 etiam
1553 1549 1618 1603 de
1666 1549 1769 1603 alia
1823 1551 2020 1605 virtute
2068 1567 2195 1605 con-

661 1636 828 1688 traria
850 1636 962 1704 (40)
985 1637 1053 1690 ab
1071 1635 1488 1708 lsaia‘proplieta
1517 1640 1639 1693 talia
1666 1642 1904 1709 quaedam
1922 1643 2192 1701 docemur.

655 1726 750 1781 Ait
769 1727 909 1779 enim
943 1741 958 1779 :
998 1746 1017 1778 ι
1051 1727 1324 1793 Quomodo
1351 1730 1667 1800 cecidit(tl)
1697 1733 1762 1786 de
1790 1733 1928 1786 caelo
1957 1731 2193 1796 Lucifer,

660 1818 751 1884 qui
799 1833 954 1871 mane
985 1819 1306 1873 oriebatur?
1343 1819 1661 1877 Confractus
1693 1832 1774 1876 est
1805 1833 1858 1879 et
1889 1823 2102 1878 collisus
2140 1824 2193 1876 in

662 1915 866 1959 terram
898 1908 987 1974 qui
1022 1909 1337 1963 immittehat
1373 1909 1438 1963 ad
1482 1926 1667 1965 omnes
1706 1925 1908 1980 gentes.
1948 1910 2028 1966 Tu
2062 1928 2191 1968 vero

663 1996 848 2050 dixisti
886 1998 936 2051 in
971 2014 1125 2052 sensu
1168 1999 1277 2070 (42)
1321 2010 1409 2054 tuo
1455 2018 1469 2054 :

661 2101 825 2156 super
853 2089 1040 2143 stellas
1062 2091 1182 2144 caeli
1214 2106 1401 2159 ponam
1426 2107 1599 2147 meum
1626 2094 1896 2156 thronum,
1922 2094 2119 2148 sedebo
2141 2095 2191 2148 in

664 2195 842 2235 monte
881 2183 1090 2236 excelso
1137 2200 1294 2254 super
1321 2197 1528 2241 montes
1555 2187 1796 2242 excelsos
1843 2189 1934 2256 qui
1974 2197 2096 2242 sunt
2127 2190 2194 2244 ad

666 2274 976 2341 Aquilonem
1009 2275 1149 2345 (43),
1188 2277 1470 2330 ascendam
1511 2293 1671 2347 super
1710 2280 1898 2340 nubes,
1923 2293 2015 2333 ero
2045 2280 2196 2334 simi-

659 2363 731 2419 lis
759 2366 1052 2436 Altissinm.
1094 2367 1242 2424 Nunc
1265 2379 1439 2424 autem
1473 2371 1523 2422 in
1550 2370 1814 2423 infernum
1841 2355 2190 2440 demergeris,

667 2464 720 2508 et
752 2455 803 2509 in
853 2455 1194 2512 fundamenta
1225 2470 1398 2513 terra}.
1439 2459 1539 2526 Qui
1574 2468 1624 2512 te
1656 2460 1925 2525 viderint‘,
1958 2461 2191 2516 admira-

659 2547 855 2600 buntur
880 2562 1040 2614 super
1082 2557 1157 2614 te,
1193 2559 1248 2602 et
1276 2551 1492 2604 dicent:
1533 2549 1629 2606 Hic
1657 2561 1740 2605 est
1763 2552 1922 2605 homo
1950 2554 2041 2621 qui
2067 2568 2192 2607 exa-

656 2639 914 2692 cerbabat
970 2649 1134 2693 tutam
1187 2649 1426 2705 terram,
1465 2642 1556 2710 qui
1605 2644 1848 2697 movebat
1878 2658 2052 2710 reges,
2099 2645 2190 2712 qui

661 2727 788 2785 fecit
821 2730 1126 2784 universum
1176 2732 1360 2785 orbem
1406 2733 1670 2787 desertum
1699 2773 1716 2798 ,
1763 2735 1854 2802 qui
1887 2737 2044 2789 urbes
2093 2735 2187 2789 de-

660 2822 896 2883 struxit,
929 2836 1026 2875 nec
1070 2835 1162 2875 eos
1208 2825 1299 2890 qui
1353 2825 1403 2876 in
1458 2824 1683 2879 vinculis
1730 2813 1892 2889 sunt,
1951 2827 2189 2882 resolvit.

657 2908 856 2965 Omnes
885 2927 1033 2980 reges
1062 2914 1305 2981 gentium,
1330 2916 1658 2970 dormierunt
1681 2918 1732 2972 in
1767 2919 1988 2984 honore,
2026 2935 2190 2974 unus-

660 3005 888 3073 quisque
937 3007 987 3058 in
1025 3004 1182 3058 domo
1210 3020 1304 3058 sua
1339 3023 1353 3059 :
1405 3017 1458 3060 tu
1485 3023 1606 3061 vero
1632 3008 1928 3078 projicieris
1961 3011 2010 3063 in
2042 3025 2190 3087 mqu-

661 3093 803 3148 tibus
828 3095 964 3148 sicut
984 3105 1226 3150 mortuus
1247 3098 1600 3153 exsecrabilis
1617 3115 1736 3153 cum
1763 3100 1943 3154 multis
1967 3102 2188 3154 mortuis

659 3185 751 3256 qui
781 3186 1055 3241 transfossi
1089 3197 1215 3242 sunt
1252 3189 1474 3256 gladiis,
1502 3198 1555 3242 et
1591 3190 1980 3245 descenderunt
2007 3194 2058 3244 in
2104 3193 2188 3245 in-

658 3277 889 3328 fernum.
933 3277 1082 3329 Sicut
1108 3279 1481 3331 vestimentum
1507 3280 1764 3347 sanguine
1792 3291 2098 3334 concretum
2126 3289 2182 3334 et

659 3365 913 3419 infectum
938 3380 1041 3419 non
1072 3367 1175 3419 erit
1201 3367 1475 3428 mundum,
1506 3368 1576 3420 ita
1607 3381 1702 3422 nec
1740 3378 1791 3422 tu
1819 3371 2035 3434 quidem
2073 3373 2183 3426 eris
2212 3365 2224 3432 ε

657 3457 887 3510 mundus
918 3469 1013 3522 pro
1057 3470 1119 3508 eo
1163 3457 1303 3523 quod
1355 3466 1550 3508 terram
1585 3472 1754 3510 meam
1786 3459 2096 3525 perdidisti,
2129 3470 2184 3514 et

656 3549 908 3615 populum
941 3562 1114 3600 meum
1137 3547 1410 3610 occidisti,
1436 3563 1537 3600 non
1571 3550 1806 3602 manebis
1843 3551 1895 3602 in
1926 3560 2182 3605 aeternum

658 3651 886 3705 tempus,
933 3653 1112 3692 semen
1159 3638 1468 3707 pessimum.
1525 3637 1767 3707 Prarpara
1803 3639 1936 3694 filios
1973 3650 2089 3696 tuos
2117 3645 2182 3697 ad

659 3730 1086 3785 interfectionem
1119 3744 1214 3798 pro
1239 3731 1478 3798 peccatis
1501 3733 1668 3798 patris
1692 3731 1787 3794 tui,
1816 3746 1881 3785 ne
1906 3745 2185 3800 resurgant

654 3831 710 3875 et
736 3832 933 3874 terram
962 3821 1267 3874 haereditate
1294 3812 1622 3888 possidea'itt,
1643 3832 1696 3874 et
1723 3823 1960 3891 rcpleant
1985 3835 2180 3876 terram

653 3914 805 3968 bellis
825 3953 840 3979 ,
876 3923 930 3968 et
961 3914 1230 3991 insprgam
1257 3913 1307 3965 in
1335 3926 1446 3978 eos,
1485 3913 1614 3968 dicit
1643 3915 1896 4002 Dominus
1922 3915 2177 3978 Sabaoth,

649 4017 707 4059 et
733 4005 975 4072 deperire
1009 4005 1196 4058 faciam
1229 4020 1420 4059 nomen
1459 4011 1716 4074 ipsorum,
1749 4017 1795 4060 el
1828 4009 2097 4078 reliquias,
2123 4019 2178 4062 et

653 4109 832 4148 semen
858 4109 1039 4148 eorum
1055 4095 1147 4154 ⁸ο.»
1175 4095 1602 4149 Mauifestissime
1627 4111 1721 4165 per
1747 4098 1856 4151 haec
1879 4101 2178 4152 ostenditur

653 4187 912 4240 cecidisse
945 4187 1009 4238 de
1051 4188 1202 4240 cmlis
1236 4189 1417 4256 utique
1454 4189 1544 4256 qui
1595 4187 1744 4256 prius
1787 4201 1902 4243 erat
1943 4189 2174 4254 Lucifer,

646 4287 706 4330 et
733 4280 820 4345 qui
851 4293 1006 4333 mane
1048 4280 1339 4332 oriebatur.
1384 4279 1436 4331 Si
1469 4281 1634 4342 enim,
1680 4291 1735 4332 ut
1770 4290 1952 4348 putant
1991 4284 2174 4349 aliqui,

657 4379 842 4421 natura
876 4369 984 4440 (Η)
1018 4372 1356 4424 tenebrarum
1382 4380 1529 4434 erat,
1558 4372 1820 4439 quomodo
1860 4383 1980 4428 ante
2014 4375 2177 4429 fuisse

653 4459 870 4515 Lucifer
899 4462 1126 4518 dicitur?
1182 4461 1269 4516 Vel
1301 4464 1563 4530 quomodo
1593 4474 1799 4530 poterat
1847 4465 1973 4518 oriri
2024 4482 2178 4520 mane

647 4553 736 4622 qui
774 4553 906 4606 nihil
932 4554 982 4606 in
1014 4568 1072 4607 se
1119 4554 1345 4607 habebat.
1376 4569 1440 4608 ex
1488 4553 1646 4609 luce?
1699 4555 1802 4608 Sed
1849 4567 1904 4610 et
1933 4556 2178 4633 Salvator

2301 732 2558 787 cecidisse
2604 731 2671 786 de
2715 731 2852 786 ctelo
2893 731 3030 784 sicut
3060 728 3290 798 fulgur'.
3319 747 3340 780 ι
3382 725 3495 781 Lux
3539 725 3680 782 enim
3707 733 3832 780 erat

2301 821 2608 890 aliquando.
2647 821 2752 876 Sed
2780 830 2834 876 et
2871 821 3122 874 Dominus
3161 832 3344 874 noster
3365 819 3455 890 qui
3494 815 3697 872 verilas
3719 825 3828 884 est,

2301 911 2519 982 gloriosi
2555 913 2814 966 adventus
2863 911 2946 964 sui
2986 909 3094 981 (ιὸ)
3137 909 3430 978 potentiam
3479 907 3830 962 nihilominus

2300 1003 2496 1073 fulguri
2546 1000 2878 1070 comparavit
2923 1001 3144 1053 dicens:
3183 1016 3202 1049 ι
3227 998 3377 1052 Sient
3419 997 3561 1051 enim
3593 994 3769 1065 fulgur
3796 1010 3831 1049 ι

2291 1108 2509 1153 summo
2540 1093 2676 1147 calo
2703 1091 2865 1160 fulget
2897 1105 3062 1158 usque
3083 1089 3149 1143 ad
3175 1087 3602 1158 summumcjus,
3627 1086 3698 1140 ita
3727 1086 3836 1140 erit

2299 1185 2555 1239 adventus
2602 1182 2721 1237 Filii
2774 1181 3053 1236 hominis’.
3085 1199 3104 1232 ο
3183 1179 3251 1235 Et
3297 1180 3642 1234 nihilominus
3669 1178 3835 1232 -hunc

2299 1273 2494 1344 fulguri
2517 1282 2818 1343 comparat,
2863 1281 2918 1326 et
2955 1271 3084 1325 dicit
3117 1285 3238 1325 eum
3273 1269 3531 1324 cecidisse
3557 1269 3621 1322 de
3653 1267 3831 1332 calo;

2299 1376 2358 1420 ut
2386 1367 2692 1422 ostenderet
2723 1380 2815 1436 per
2840 1365 2942 1419 hoc
2973 1362 3135 1426 fuisse
3159 1369 3213 1416 et
3243 1361 3414 1430 ipsum
3455 1360 3746 1428 aliquando
3772 1361 3832 1412 in

2298 1457 2458 1523 calo,
2479 1466 2532 1510 et
2580 1456 2828 1510 habuisse
2859 1453 3030 1508 locum
3079 1451 3217 1505 inter
3262 1460 3496 1512 sanctus,
3531 1461 3586 1504 et
3615 1449 3833 1518 partici-

2298 1563 2456 1618 passe
2483 1549 2550 1602 de
2579 1548 2678 1601 hac
2706 1547 2842 1609 luce,
2861 1546 2926 1599 de
2954 1560 3056 1613 qua
3080 1558 3263 1598 omnes
3291 1543 3457 1596 sancti
3483 1540 3830 1610 participant,

2299 1654 2365 1694 ex
2389 1653 2496 1708 qua
2519 1637 2692 1706 angeli
2729 1636 2864 1691 lucis
2894 1634 3222 1698 efficiuntur,
3252 1641 3307 1686 et
3341 1629 3569 1702 apostoli
3597 1631 3682 1683 lus
3711 1628 3829 1702 (46)

2299 1731 2481 1785 mundi
2514 1729 2764 1783 dicuntur
2813 1741 2846 1781 a
2890 1726 3135 1780 Domino.
3205 1724 3318 1779 lloc
3351 1738 3480 1792 ergo
3508 1726 3663 1777 modo
3709 1731 3833 1776 erat

2295 1822 2460 1876 etiam
2493 1820 2594 1873 iste
2621 1819 2711 1872 lux
2746 1819 3031 1887 aliquando
3057 1826 3340 1886 antequam
3383 1816 3832 1886 praevaricaretur

2297 1920 2351 1966 et
2381 1909 2598 1965 caderet
2635 1909 2686 1964 in
2719 1893 2860 1964 hunc
2887 1909 3096 1972 locum,
3126 1917 3180 1962 et
3212 1893 3382 1975 gloria
3410 1905 3524 1975 ejus
3551 1914 3832 1960 converte-

1517 2001 1816 2056 Ascendam
1853 2004 1905 2056 in
1957 2003 2154 2058 ctelnm
2176 2043 2191 2067 ,
2225 1989 2267 2044 Β
2299 2016 2447 2056 rezur
2477 2002 2529 2055 in
2556 2002 2850 2070 pulverem,
2871 2001 3009 2070 quod
3030 2008 3110 2054 est
3136 1999 3349 2070 proprie
3375 1998 3675 2066 impiorum,
3693 1997 3833 2050 sicut

2299 2103 2354 2148 et
2386 2093 2640 2164 prapheta
2665 2092 2813 2156 dicit,
2848 2107 2912 2144 ex
2936 2106 3043 2160 quo
3078 2100 3132 2145 et
3164 2093 3412 2158 princeps
3436 2088 3594 2156 hujus
3619 2087 3826 2150 mundi,

2300 2187 2350 2240 id
2384 2194 2467 2238 est
2510 2193 2733 2238 terrena:
2762 2181 3449 2261 babitatiouisuappellatus
3468 2189 3586 2244 est;
3617 2177 3835 2248 princi-

2297 2284 2480 2346 patum
2540 2291 2769 2347 namque
2812 2275 2921 2344 egit
2971 2274 3023 2326 in
3064 2287 3154 2327 eos
3183 2273 3271 2340 qui
3305 2271 3420 2339 ejus
3464 2271 3681 2325 malitia:
3729 2271 3832 2326 ob-

2297 2365 2468 2419 secuti
2495 2373 2642 2428 sunt,
2671 2365 2921 2432 quoniam
2950 2361 3058 2434 (i7)
3097 2363 3310 2431 quidem
3345 2379 3366 2413 ι
3391 2371 3530 2416 totus
3557 2361 3644 2416 hic
3674 2376 3831 2415 mun-

2297 2458 2396 2512 dus
2452 2457 2724 2528 (mundum
2777 2466 2956 2510 autem
2994 2471 3132 2523 nunc
3200 2465 3469 2510 terrenum
3527 2453 3686 2509 istum
3731 2468 3835 2525 ap-

2295 2548 2436 2618 pello
2471 2532 2682 2617 locum)
2719 2545 2770 2598 in
2806 2545 3036 2613 maligno
3079 2543 3281 2612 positus
3313 2555 3394 2599 est
3412 2543 3454 2610 ³,
3485 2561 3504 2596 ι
3545 2553 3600 2598 et
3643 2545 3695 2599 in
3725 2544 3831 2599 hoc

2297 2647 2560 2710 apostata.
2601 2635 2752 2702 Quod
2791 2647 2966 2689 autem
3007 2645 3242 2703 apostata
3278 2636 3350 2689 sit
3378 2636 3502 2701 iste,
3531 2636 3584 2689 id
3625 2644 3706 2690 est
3733 2650 3828 2690 re-

2295 2730 2438 2799 fuga,
2467 2729 2626 2782 etiam
2654 2725 2906 2782 Dominus
2929 2727 2978 2779 iu
2997 2725 3093 2782 Job
3115 2727 3185 2780 ita
3214 2726 3341 2780 dicit
3371 2739 3389 2780 :
3414 2745 3432 2777 ι
3453 2727 3692 2781 Adduees
3711 2724 3828 2800 (i8)

2295 2831 2472 2876 autem
2525 2820 2811 2874 draconem
2864 2821 2916 2872 in
2972 2821 3127 2872 hamo
3187 2820 3559 2890 apostatam",
3593 2839 3612 2872 ι
3657 2818 3707 2873 id
3741 2828 3832 2873 est

2296 2913 2556 2982 refugam.
2597 2912 2814 2966 Certum
2845 2923 2926 2966 est
2977 2924 3154 2967 autem
3195 2913 3318 2981 quia
3351 2916 3514 2967 draco
3564 2913 3677 2981 ipse
3703 2912 3823 2966 dia-
3885 2911 3889 2920 ³

2295 3004 2449 3059 holus
2493 3004 2823 3072 intelligitur.
2878 3004 2935 3058 Si
2981 3019 3108 3072 ergo
3144 3004 3428 3058 conti-asia:
3459 3005 3678 3057 virtutes
3721 3017 3826 3055 no-

2293 3097 2566 3149 minantur
2589 3105 2642 3149 et
2675 3094 3030 3148 immaculata:
3062 3092 3226 3147 fuisse
3250 3093 3534 3162 aliquando
3549 3093 3825 3156 dicuntur,

2296 3185 2694 3238 immaculatum
2727 3196 2902 3237 autem
2933 3199 3050 3236 esse
3075 3193 3264 3252 praeter
3294 3182 3507 3236 Patrem
3534 3191 3587 3236 et
3626 3181 3828 3236 Filium
3881 3231 3884 3235 ,

2303 3285 2358 3329 et
2389 3275 2644 3344 Spiritum
2675 3285 2914 3328 sanctum
2953 3274 3080 3326 nulli
3103 3272 3524 3326 substantialiter
3545 3272 3704 3338 inest,
3727 3274 3827 3329 sed

2291 3367 2549 3420 sanctitas
2581 3367 2632 3418 in
2661 3365 2805 3418 omni
2847 3373 3091 3418 creatura
3122 3363 3369 3415 accidens
3406 3361 3493 3416 res
3524 3371 3638 3424 est,
3680 3365 3828 3430 quod

2288 3469 2464 3513 autem
2491 3458 2714 3521 accidit,
2744 3465 2798 3510 et
2825 3455 3070 3509 decidere
3107 3463 3310 3523 p0test,
3361 3467 3414 3508 et
3449 3455 3564 3507 ista:
3594 3455 3828 3511 virtutes
3860 3441 3872 3450 ’

2289 3550 2573 3603 contraria:
2605 3545 2960 3602 immaculata:
2999 3545 3280 3615 aliquando
3308 3543 3556 3609 fuerunt,
3601 3556 3654 3600 et
3681 3549 3830 3600 inter

2290 3638 2406 3692 illas
2439 3639 2617 3706 utique
2663 3638 2877 3692 fuerunt
2915 3651 3032 3705 quae
3079 3635 3254 3690 adhuc
3301 3637 3656 3690 immaculata:
3702 3653 3860 3714 per-_

2288 3739 2539 3791 manent,
2583 3743 2678 3798 per
2709 3730 2810 3782 hoc
2834 3725 3134 3781 ostenditur
3166 3739 3339 3794 neque
3372 3725 3824 3794 substantialiter,

2287 3820 2370 3874 vel
2424 3822 2738 3874 naturaliter
2788 3833 2907 3875 esse
2959 3818 3190 3886 aliquem
3237 3815 3346 3887 (49)
3394 3817 3822 3885 immaculatum,

2287 3926 2458 3979 neque
2505 3910 2930 3966 substantialiter
2960 3922 3079 3962 esse
3109 3907 3366 3976 pollutum
3407 3923 3420 3959 :

2355 4004 2418 4057 Et
2443 4020 2532 4074 per
2555 4006 2655 4059 hoc
2682 4015 3016 4069 consequens
3203 4012 3414 4053 ntsnou.
3451 4013 3693 4054 ιιιτειρι.

2283 4107 2364 4151 est
2407 4098 2456 4150 in
2494 4098 2647 4151 nobis
2682 4110 2819 4158 esse,
2859 4102 3016 4160 atque
3155 4089 3354 4155 Quibus
3407 4093 3534 4144 moti
3581 4094 3827 4160 disputa-

2284 4190 2337 4243 in
2362 4190 2556 4243 nostris
2577 4188 2826 4248 motibus,
2853 4194 2908 4236 ut
2931 4183 3012 4236 vel
3084 4182 3307 4235 tionibus
3349 4183 3460 4251 (50)
3499 4185 3823 4239 arbitramur

2284 4282 2526 4336 beativel
2547 4280 2713 4334 sancti
2733 4276 3014 4341 simus,vel
3081 4289 3178 4327 sua
3226 4285 3402 4339 sponte
3438 4276 3572 4330 alios
3612 4294 3719 4332 esse
3758 4281 3819 4334 in

2282 4386 2378 4442 per
2397 4361 2649 4426 desidiam
2673 4377 2722 4420 et
2748 4367 3014 4437 negligen-
3083 4380 3291 4418 numero
3319 4377 3612 4422 sanctorum
3639 4379 3688 4423 et
3714 4371 3821 4424 tui-

2285 4458 3011 4515 tiamabeatitudiueinma-
3082 4460 3291 4514 nisterio
3360 4462 3490 4526 Dei;
3553 4464 3683 4518 alios
3747 4467 3816 4518 ob

2283 4552 2516 4606 litiamet
2537 4549 2878 4619 perditionem
2896 4565 3012 4602 ver-
3084 4552 3284 4621 culpam
3312 4555 3572 4624 propriam
3600 4555 3663 4609 de
3689 4572 3816 4610 sats-

653 4787 659 4794 ,
713 4732 758 4762 ’⁸
790 4729 889 4782 lsa.
920 4745 1024 4792 le,
1050 4728 1114 4782 12
1137 4744 1285 4797 seqq.
1362 4734 1377 4759 ¹
1407 4730 1537 4786 Luc.
1565 4748 1618 4798 ι,
1650 4732 1731 4787 18.
1805 4736 1826 4766 ⁸
1859 4734 2043 4790 Matth.
2069 4754 2213 4803 xxiv,

2297 4738 2321 4790 ’.
2398 4735 2415 4764 ³
2447 4731 2637 4786 lJoan.
2661 4745 2712 4796 v,
2741 4731 2819 4785 19.
2895 4731 2916 4763 ⁸
2942 4731 3039 4787 Job
3065 4751 3151 4796 XL.
3173 4733 3261 4790 20.

712 4871 827 4943 (40)
866 4871 1041 4926 Etiam
1073 4872 1135 4925 de
1158 4874 1263 4926 alia
1291 4874 1482 4926 virtute
1517 4877 1801 4930 contraria.
1842 4877 1988 4933 Isaiae
2017 4884 2177 4935 verba
2210 4889 2252 4942 [ἱ

712 4871 827 4997 (Διοἒ
866 4871 1041 4926 Etiam
1073 4872 1135 4925 de
1158 4874 1263 4926 alia
1291 4874 1482 4926 virtute
1517 4877 1801 4930 contraria.
1842 4877 1988 4933 Isaiae
2017 4884 2171 4935 verba

641 4959 753 5025 τινε
795 4943 877 5024 .2.
916 4957 1104 5064 seqq.”
1165 4957 1285 4996 mox
1339 4944 1577 5021 laudata“,
1627 4947 1690 4999 de
1752 4949 1964 5010 diabolo
2011 4953 2171 5030 etiam

641 5025 835 5064 acetnit
869 5014 1003 5064 tnlra
1057 5015 1126 5064 ib.
1162 5027 1212 5064 Iv
1244 5014 1377 5064 Hsol
1411 5011 1627 5064 ἀογων.
1655 5030 1772 5064 can.
1795 5017 1860 5064 2-
1896 5032 1989 5064 nec
2014 5022 2171 5064 aIIlﬂr

640 5014 841 5084 accipit
869 5013 1003 5084 infra
1036 5011 1126 5064 lib.
1162 5027 1212 5084 tv
1243 5014 1377 5080 Περὶ
1410 5011 1627 5084 ᾀρχῶν.
1655 5030 1772 5084 cap.
1795 5017 1860 5082 2,
1896 5032 1989 5070 nec
2014 5022 2172 5074 aliter

639 5079 876 5155 '_I_‘ertull._
907 5081 997 5132 lib.
1043 5096 1074 5155 _v
1115 5079 1356 5135 adversus
1400 5079 1656 5155 Marcion.
1679 5124 1694 5146 ,
1722 5079 1855 5155 'cap.
1894 5088 1949 5139 11
1983 5091 2168 5153 etl't';

640 5149 833 5223 Euseb.
866 5151 916 5223 i_u
947 5149 1132 5223 psalm.
1166 5167 1323 5205 LXXXI
1347 5169 1369 5223 ς(
1402 5152 1651 5209 Ambros.
1689 5155 1736 5207 in
1765 5149 1950 5220 pSalm.
1971 5149 2162 5223 cxvmj

636 5217 1313 5294 étnadash-«pluribusin
1361 5222 1521 5294 locis,
1550 5225 1720 5294 ifireg.
1752 5217 1883 5293 Mag.
1933 5217 2161 5294 saepiusi

639 5288 959 5363 :i'lietidoret.
1018 5289 1156 5363 liie;_
1193 5290 1424 5363 lsidorns
1471 5292 1641 5347 Peius.
1675 5288 1768 5346 ῙιΙ).
1809 5288 2023 5363 ιέριδιξ
2061 5288 2160 5356 liii

637 5358 898 5410 Bernard.
931 5371 1092 5408 sertn.
1127 5357 1160 5409 3
1194 5360 1242 5410 in
1276 5360 1465 5414 vision.
1500 5363 1615 5415 Isai.
1673 5367 1776 5416 Sed
1825 5357 1928 5418 nuit
1972 5369 2165 5418 desunt

634 5426 740 5502 alii
774 5424 957 5479 Patres
983 5436 1036 5502 et
1079 5425 1362 5502 Scriptura:
1393 5447 1561 5484 sacra!
1590 5434 1908 5501 interpretes
1933 5437 2027 5502 qui
2051 5436 2163 5486 haec

634 5496 958 5572 adlttteram
992 5495 1326 5572 intelligenda
1373 5513 1556 5572 putent
1591 5504 1654 5556 de
1697 5495 1815 5570 régc
1850 5495 2157 5572 Babylonis,

633 5565 816 5636 aliide
853 5564 1400 5636 haburhodunosme,
1453 5571 1538 5621 alti
1574 5575 1638 5625 de
1690 5564 2021 5636 lla‘l‘tltasar'e,
2068 5564 2156 5623 alii

635 5639 702 5709 de
735 5634 1132 5709 Setina-cherib,
1179 5640 1535 5709 unusquisque
1592 5642 1742 5707 juxta
1788 5659 1937 5695 suam
1988 5634 2156 5709 hypo-

633 5704 843 5756 thesint.
881 5702 988 5770 Ego
1015 5717 1141 5757 Vero
1160 5707 1224 5758 de
1255 5707 1562 5778 Baltliasare
1591 5702 1789 5777 accipio
1809 5753 1823 5777 ,
1853 5712 1941 5778 qui
1970 5702 2154 5764 eadem

628 5783 786 5849 nocte
817 5786 917 5838 qua
947 5785 1108 5849 Capta.
1135 5787 1222 5849 est
1244 5778 1522 5849 dolo‘urbs
1548 5777 1784 5848 Babylon
1811 5797 1840 5836 a
1871 5777 2036 5849 Cyro,
2071 5782 2155 5835 itt-

631 5839 886 5914 terfeetus
908 5839 1026 5896 εει(
1053 5843 1180 5896 Vide
1209 5845 1477 5898 Danielem
1504 5861 1622 5914 cap.
1658 5839 1708 5902 v.

693 5909 807 5983 (61)
845 5912 920 5966 lta
953 5926 1082 5969 mss.
1112 5914 1292 5981 Alias,
1327 5934 1345 5968 ι
1369 5909 1700 5989 descendit...

2376 4877 2463 4940 Δ12)
2503 4877 2575 4929 ita
2607 4890 2734 4930 mss.
2763 4877 2906 4930 Alias
2928 4919 2941 4940 ,
2979 4897 2998 4928 ι
3023 4880 3197 4933 corde.
3228 4898 3246 4931 ι

2376 4878 2443 4930 42
2503 4878 2575 4929 ita
2607 4890 2734 4930 mss.
2763 4878 2906 4930 Alias
2928 4919 2941 4940 ,
2979 4897 2998 4928 ι
3023 4880 3197 4933 corde.
3228 4898 3246 4931 ι

2352 4878 2463 5018 i455)
2499 4947 2651 5000 Libb.
2681 4948 2833 5007 editi,
2865 4966 2882 4998 ι
2910 4963 3069 5017 super
3092 4963 3276 5003 omnes
3304 4947 3543 5002 excelsos
3567 4948 3666 5018 qui
3681 4961 3810 5006 sunt

2279 5020 2334 5072 in
2367 5018 2657 5083 Aquilone;
2693 5035 2710 5067 ι
2761 5018 2854 5071 sed
2883 5033 3008 5070 mss.
3036 5027 3091 5071 ut
3125 5020 3176 5071 in
3209 5027 3386 5072 nostro
3409 5025 3576 5071 textu.

2349 5086 2455 5156 (44)
2497 5086 2647 5139 Ltbil.
2679 5087 2846 5148 editi,
2896 5105 2913 5136 ι
2939 5097 2994 5138 ut
3040 5093 3264 5154 putant,
3299 5086 3475 5156 aliqua
3529 5095 3743 5146 natura.
3775 5108 3800 5141 ο

2275 5156 2338 5210 At
2377 5173 2501 5207 mss.
2537 5166 2590 5207 ut
2621 5157 2671 5208 in
2703 5166 2887 5208 nostro
2915 5165 3080 5210 testu.

2343 5226 2452 5294 (45)
2493 5226 2607 5279 Sui.
2647 5225 2800 5277 Deest
2827 5226 2874 5276 iu
2903 5236 3058 5276 antea
3084 5226 3259 5286 editis.
3279 5226 3370 5280 sed
3392 5236 3566 5282 exstat
3587 5226 3637 5280 in
3661 5241 3801 5284 mss.

2340 5293 2449 5363 (⁷46)
2490 5295 2621 5348 Lux.
2657 5295 2812 5347 Deest
2840 5295 2893 5347 in
2925 5303 3081 5347 antea
3119 5297 3312 5368 editis,
3342 5296 3436 5351 sed
3484 5301 3704 5352 habetur
3738 5300 3799 5352 in

2269 5380 2393 5418 mss.

2297 5433 2304 5441 ”
2338 5433 2446 5571 (l7)
2489 5431 2638 5498 Mss.,
2672 5451 2691 5484 ‹
2716 5434 2991 5502 quoniam.
3015 5450 3034 5485 ι
3069 5433 3239 5498 Alias,
3285 5453 3303 5486 ε
3326 5438 3608 5504 quomodo.
3631 5455 3652 5490 ι

2335 5504 2421 5571 (48
2485 5503 2632 5567 Mss,
2684 5507 3015 5557 taddncesu
3071 5504 3236 5569 Alias,
3283 5509 3583 5561 reduces.»
3626 5505 3652 5560 Ι

2335 5503 2443 5572 (48)
2485 5503 2632 5567 Mss,
2684 5507 3015 5557 tadducesu
3071 5504 3236 5569 Alias,
3283 5503 3583 5561 reduces.»
3626 5505 3796 5562 Paulo
3869 5551 3882 5564 .

2263 5585 2386 5638 post
2414 5589 2567 5634 mss.,
2605 5590 2621 5621 t
2647 5577 2930 5625 contraria:
2952 5574 3175 5627 virtutes
3201 5580 3557 5630 nominantur.
3583 5595 3599 5626 ι
3634 5576 3793 5633 Libb.

2262 5643 2433 5714 editi,
2463 5644 2786 5714 «contrariae
2820 5646 3044 5697 virtutes
3074 5645 3278 5714 refuga:
3308 5646 3667 5699 nominantur.
3695 5663 3718 5696 s

2356 5712 2445 5777 49)
2486 5711 2604 5763 Mss.
2628 5750 2642 5772 ,
2685 5731 2700 5760 ‹
2723 5713 2971 5778 aliquem.
2995 5731 3012 5762 ι
3073 5711 3227 5768 Libe
3279 5715 3403 5769 editi
3427 5753 3441 5776 ,
3478 5734 3496 5764 ι
3520 5714 3745 5781 aliquid.
3765 5733 3790 5769 ι

2356 5715 2445 5777 49)
2486 5715 2604 5763 Mss.
2628 5750 2642 5772 ,
2685 5715 2971 5778 «aliquem.
2995 5731 3012 5762 ι
3073 5715 3227 5768 Libb.
3279 5715 3403 5769 editi
3427 5753 3441 5776 ,
3478 5734 3496 5764 ι
3520 5715 3790 5781 aliquid.)

2333 5715 2442 5850 iiii!)
2485 5781 2681 5843 Quibus
2709 5783 2832 5850 moti
2872 5781 3343 5848 disputationibus,
3375 5793 3482 5837 etc.
3523 5781 3671 5836 Hunc
3705 5783 3792 5838 loc

2262 5849 2381 5922 cum
2418 5850 2496 5922 sic
2523 5850 2679 5901 vertit
2707 5849 3054 5922 Hieronymus
3085 5855 3302 5922 epistola
3329 5853 3396 5908 9b
3443 5855 3508 5906 ad
3537 5854 3750 5922 Avitum
3771 5872 3788 5903 ε

2263 5920 2398 5973 unde
2428 5920 2592 5988 liquet
2611 5933 2769 5988 quant
2792 5919 2964 5975 dubia:
2991 5924 3060 5979 sit
3089 5919 3211 5980 fidei
3245 5923 3508 5992 interpres
3529 5921 3788 5981 'liufinus.
