4118 6308
336 518 449 578 ίΰό

334 648 531 703 gamus
570 633 625 688 in
668 641 870 688 tantum
904 642 961 689 ut
993 634 1076 690 ni-

336 729 487 781 mius
506 726 796 796 protectus,
824 735 880 780 ιιι
901 728 971 781 ita
992 728 1075 780 di-

339 816 543 879 xerim,
559 815 796 880 malitiae,
818 816 861 870 si
881 816 1000 885 quis
1023 816 1074 871 in

336 918 550 963 tantum
566 910 645 963 sui
661 910 970 978 neglexerit,
987 926 1079 966 us-

334 1016 449 1069 que
469 1002 535 1055 ad
561 1019 683 1056 eum
703 1010 893 1056 statum
922 1003 1081 1057 deve-

338 1091 494 1154 niat,
543 1101 599 1144 ιιι
633 1106 694 1145 ea
731 1107 848 1161 quin
884 1094 1079 1148 dicitur

319 1184 611 1238 contraria
626 1184 791 1238 virtus
802 1184 1075 1240 elliciatur.

860 1276 969 1348 69
1006 1275 1227 1332 CAPUT
1266 1278 1352 1332 vr.

697 1365 769 1419 De
813 1368 917 1435 ﬁne
956 1367 1030 1420 vel
1080 1369 1537 1423 consummatione.

411 1455 465 1511 Ι.
499 1455 650 1511 Finis
695 1457 777 1511 vel
832 1459 1237 1521 consotnmatio,
1284 1474 1456 1512 rerum
1511 1456 1872 1529 perfectarum

320 1555 945 1616 eonsummatarumque
992 1563 1111 1602 esse
1169 1550 1379 1603 videtur
1435 1550 1689 1605 indicium
1741 1553 1871 1621 (51).

332 1636 473 1703 Quae
499 1652 581 1693 res
607 1638 767 1692 etiam
806 1653 903 1691 nos
930 1639 978 1690 in
1004 1639 1105 1692 hoc
1134 1639 1249 1693 loco
1272 1652 1592 1706 commouet,
1622 1642 1759 1711 quod
1808 1644 1873 1697 ad

336 1730 602 1783 haec‘tam
636 1729 801 1781 ardua
832 1740 882 1781 ct
909 1730 1141 1784 tliﬂicilia
1182 1732 1538 1800 intelligenda,
1569 1734 1610 1786 si
1642 1735 1759 1801 quis
1788 1735 1874 1790 ille

327 1820 535 1887 estqui
574 1818 775 1889 legendi
811 1820 1000 1875 horum
1037 1830 1090 1875 et
1114 1818 1239 1875 talia
1280 1827 1637 1892 cognoscendi
1668 1828 1874 1881 deside-

320 1910 479 1962 rium
516 1911 739 1976 ceperit,
772 1897 1064 1979 perfectum
1100 1923 1150 1967 et
1174 1917 1439 1969 eruditum
1472 1930 1689 1970 sensum
1719 1918 1873 1971 debet

1147 736 1346 779 tantam
1377 726 1732 796 negligentior»
1759 746 1875 781 cor-

1148 817 1343 886 ruisse,
1384 831 1437 875 tu
1475 823 1630 875 etiam
1666 823 1719 876 in
1756 839 1879 878 con-

1148 912 1336 967 trarias
1397 914 1875 983 [ortitudines'ver—

1149 1016 1390 1062 terentur.

1713 521 1911 579 LIBER
1944 519 2218 581 PKtMUS.

1148 636 1393 690 etimonia
1451 646 1777 700 carmentes,
1832 638 1885 690 in
1913 644 1959 699 Α
1987 638 2232 692 inimicos
2264 637 2363 690 sub
2396 636 2620 706 pedibus
2647 636 2755 689 suis
2783 636 2823 688 ⁸.
2861 654 2880 685 ι
2910 634 3063 701 Quod
3093 635 3137 688 si
3167 649 3234 689 ne
3267 635 3363 691 ista
3392 622 3522 707 qui:

3414 524 3515 584 168

1986 730 2104 782 dem
2154 728 2385 795 Apostoli
2420 736 2525 781 tam
2570 736 2749 796 aperta
2785 727 3044 780 sententia
3078 727 3211 781 satis
3257 744 3352 781 nos
3390 732 3518 783 edo-

1982 818 2109 878 cuit,
2135 819 2261 886 quid
2292 817 2359 870 sit
2388 816 2633 869 inimicos
2659 815 2782 884 poni
2809 817 2906 869 sub
2926 816 3166 883 pedibus,
3188 816 3308 868 audi
3342 817 3515 869 adhuc.

1982 924 2101 963 eum
2148 909 2198 961 in
2246 908 2691 977 consequentibus
2737 923 2752 959 :
2785 922 2807 956 ι
2846 904 3067 973 Oportet
3093 907 3233 959 enim
3259 908 3306 960 ei
3334 909 3512 960 omnia

1981 1014 2099 1054 esse
2128 999 2363 1067 subjecta
2394 1000 2434 1051 ".
2476 1017 2494 1049 ι
2529 999 2654 1064 Quae
2683 1013 2810 1067 ergo
2836 1008 2916 1051 est
2943 998 3202 1061 subiectio
3230 1013 3329 1064 qua
3358 998 3517 1052 Chri-

1986 1099 2068 1143 sto
2095 1090 2291 1143 debent
2336 1103 2452 1144 esse
2491 1090 2665 1142 omnia
2709 1088 2985 1153 subjecta?
3014 1089 3121 1155 Ego
3151 1089 3379 1141 arbitror
3403 1087 3515 1159 (tio)

1934 1186 1943 1193 ‘
1982 1182 2103 1248 quia
2136 1182 2245 1235 ha-c
2269 1182 2378 1248 ipsa
2409 1197 2507 1247 qua
2537 1196 2628 1234 nos
2656 1196 2869 1249 quoque
2901 1191 3150 1248 Optamus
3174 1182 3219 1233 ei
3244 1196 3361 1233 esse
3387 1182 3515 1234 sub-

1981 1270 2125 1338 iecti,
2157 1287 2265 1337 qua
2297 1271 2514 1335 subjecti
2547 1270 2592 1323 ei
2622 1281 2744 1322 sont
2776 1279 2826 1321 et
2852 1271 3072 1337 apostoli
3097 1280 3148 1322 et
3177 1283 3362 1323 ormics
3391 1284 3516 1322 san-

1980 1354 2187 1420 cti,qui
2219 1358 2385 1409 secuti
2434 1366 2555 1409 sunt
2607 1357 2910 1409 Christum.
2964 1356 3325 1423 Subjectionis
3370 1358 3513 1410 cnim

1979 1459 2169 1497 nomen
2195 1460 2296 1512 qua
2324 1445 2535 1499 Christo
2561 1446 2889 1512 subjiciuntur,
2919 1447 3138 1499 salutem
3161 1464 3278 1515 qua:
3305 1465 3332 1500 a
3361 1449 3517 1501 Chri-

1979 1544 2061 1585 sto
2095 1542 2195 1602 est,
2227 1535 2425 1589 indiCat
2451 1536 2810 1601 subjectorum
2834 1537 3037 1599 rsicut
3082 1546 3134 1589 et
3180 1536 3345 1590 David
3372 1539 3515 1591 dice-

1978 1622 2068 1675 bat
2103 1637 2118 1675 :
2152 1642 2169 1673 ι
2227 1623 2410 1677 Nonne
2461 1611 2567 1678 Deo
2599 1626 2838 1691 subjecta
2878 1629 2985 1679 erit
3038 1626 3217 1678 anima
3260 1626 3416 1679 mea?
3446 1627 3514 1680 ab

1980 1707 2264 1782 ipsoeniiu
2304 1714 2538 1770 Salutare
2570 1733 2741 1769 meum
2779 1718 2821 1769 ⁸.
2859 1738 2877 1769 ι

2044 1806 2096 1859 2.
2134 1804 2314 1858 Talem
2370 1806 2532 1875 igitur
2562 1807 2717 1859 linem
2747 1808 3007 1873 videntes,
3034 1823 3154 1869 cum
3186 1823 3370 1862 omnes
3408 1808 3512 1863 ini-

1980 1895 2099 1948 mici
2155 1894 2377 1966 subjecti
2418 1904 2577 1947 erunt
2635 1896 2968 1958 Christo,.et
3025 1912 3142 1948 cum
3192 1897 3513 1951 novissimus

331 2002 597 2057 adbibere
625 2018 639 2054 :
668 2020 733 2056 ne
767 2004 904 2058 forte
928 2004 973 2059 si
1010 2017 1101 2058 aut
1136 2007 1335 2060 nullum
1372 2024 1522 2061 usum
1557 2010 1607 2061 iu
1634 2010 1867 2078 hujusce-

1916 1978 1945 2032 Β
1977 1986 2221 2039 inimicus
2253 1985 2564 2039 destruetur
2593 2001 2756 2049 mors,
2792 1997 2842 2040 et
2874 2002 2993 2039 cum
3028 1989 3269 2038 tradetur
3293 2004 3320 2038 a
3355 1987 3512 2042 Chri-

327 2093 481 2146 modi
505 2095 889 2162 quaestionibus
934 2096 1115 2149 habttit
1148 2096 1278 2166 (52),
1323 2114 1458 2151 vana
1490 2102 1730 2168 quaedam
1767 2103 1877 2157 hate

328 2182 415 2235 illi
449 2194 505 2237 et
525 2183 788 2252 superﬂua
821 2185 1135 2244 vidcantur:
1180 2197 1270 2241 aut
1312 2189 1357 2243 si
1402 2189 1513 2257 jam
1559 2190 1874 2258 praeiudica-

330 2288 452 2328 tum
493 2284 545 2329 et
582 2284 908 2343 praeventum
951 2278 1001 2330 iu
1032 2277 1149 2330 aliis
1176 2278 1285 2347 (53)
1315 2281 1549 2333 animqu
1579 2283 1737 2351 gerit,
1770 2284 1875 2337 ha:-

322 2366 502 2419 retica
534 2365 645 2420 haec
676 2374 731 2420 et
757 2375 940 2443 contra
975 2366 1129 2421 ﬁdem
1169 2369 1729 2439 ecclesiasticamtsii)
1778 2387 1876 2442 pu-

314 2463 436 2519 tet,
472 2465 714 2539 nontam
748 2457 954 2510 ratione
1000 2458 1322 2525 convincens
1364 2474 1523 2529 quam
1574 2461 1740 2513 animi
1791 2462 1871 2527 sui

318 2545 644 2616 prajudicio
666 2547 944 2601 deﬁniens.
960 2548 1087 2613 Quae
1111 2550 1323 2617 quidem
1346 2566 1373 2604 a
1392 2553 1541 2605 nobis
1565 2555 1724 2607 etiam
1750 2569 1870 2607 cum

316 2652 531 2705 magno
585 2647 724 2692 metu
771 2647 824 2692 et
869 2640 1071 2694 cautela
1133 2641 1408 2707 dicuntur,
1460 2645 1871 2701 discutientibus

312 2728 506 2795 magis
534 2736 586 2779 et
610 2731 1061 2795 pet-tractantibus
1090 2746 1247 2798 quam
1273 2748 1368 2801 pro
1386 2744 1532 2787 certo
1566 2751 1628 2789 ac
1653 2719 1869 2791 deﬁnito

314 2816 705 2869 statuentibus.
737 2815 1026 2870 ludicatum
1056 2834 1284 2887 namque
1315 2836 1342 2872 a
1375 2821 1523 2873 nobis
1553 2822 1601 2873 in
1628 2824 1868 2889 superio-

318 2907 481 2959 tibus
508 2916 591 2959 est
628 2922 745 2975 qua:
801 2908 907 2959 sint
952 2908 1064 2976 (55)
1095 2911 1159 2962 de
1210 2911 1399 2977 quibus
1447 2911 1724 2965 manifesto
1768 2912 1867 2967 do—

313 3006 511 3067 gmate
559 2996 949 3051 terminandum
1000 2999 1089 3058 sit,
1121 3000 1262 3066 quod
1302 3011 1351 3053 et
1395 3014 1488 3066 pro
1517 3001 1717 3055 viribus
1771 3017 1868 3057 nos

313 3086 524 3141 fecisse
554 3098 700 3157 puto,
754 3104 874 3141 cum
921 3089 986 3142 de
1040 3089 1302 3142 Trinitate
1341 3088 1448 3159 (56)
1501 3090 1862 3159 loqueremur.

319 3177 484 3233 Nunc
515 3189 692 3233 autem
743 3180 1050 3247 disputandi
1084 3181 1260 3248 specie
1313 3181 1484 3249 magis
1532 3197 1688 3249 quam
1733 3184 1865 3236 deli-

318 3270 541 3335 niendi,
589 3278 743 3339 prout
800 3286 1098 3338 possumus,
1147 3286 1477 3324 exercemur.
1541 3270 1687 3325 Finis
1726 3287 1865 3340 ergo

321 3360 599 3415 mnudiet
644 3363 1031 3414 consummatio
1062 3362 1298 3425 dabitur,
1338 3378 1458 3415 eum
1500 3365 1861 3430 unusquisque

312 3465 421 3520 pro
456 3450 645 3502 merito
696 3460 1031 3517 peccatorum
1093 3452 1253 3504 etiam
1298 3452 1468 3517 poenis
1510 3452 1855 3520 subiicietur;

314 3541 461 3609 quod
514 3550 719 3608 tempus
770 3540 910 3593 Deus
964 3541 1108 3593 solus
1163 3544 1424 3608 agnoscit,
1456 3546 1666 3610 quando
1696 3560 1861 3599 unus-

307 3632 555 3699 quisque
608 3630 749 3697 quod
821 3640 1054 3681 meretur
1104 3620 1382 3697 expendet.
1440 3630 1492 3683 lu
1543 3648 1701 3684 unum
1749 3634 1857 3701 (57)

316 3738 455 3778 sane
483 3722 640 3776 tinem
672 3731 918 3790 putamus
940 3721 1049 3791 (58)
1076 3724 1213 3789 quod
1238 3722 1447 3775 bonitas
1480 3723 1565 3775 Dei
1596 3739 1689 3791 per
1714 3725 1861 3779 Chri-

313 3824 460 3865 stum
486 3828 641 3866 suum
673 3813 976 3865 universam
1020 3821 1234 3866 revocet
1267 3823 1588 3878 creaturam,
1622 3815 1856 3870 subactis

306 3916 370 3960 et
403 3904 632 3958 subditis
662 3905 822 3958 etiam
875 3904 1133 3957 inimicis.
1187 3904 1275 3958 Sic
1309 3906 1449 3959 enim
1491 3908 1618 3960 dicit
1668 3918 1853 3961 sancta

318 3999 606 4068 Scriptura
644 4017 656 4049 :
695 4016 713 4048 ι
747 3996 887 4051 Dixit
938 3998 1195 4051 Dominus
1230 3999 1453 4051 Domino
1498 4014 1635 4064 meo,
1661 3999 1798 4053 Sede
1824 4016 1853 4054 a

314 4092 527 4144 dextris
576 4091 732 4153 meis,
765 4091 932 4144 donec
972 4104 1160 4157 ponam
1198 4090 1443 4144 inimicos
1478 4101 1596 4144 tuos
1646 4092 1853 4145 scabel-

308 4182 433 4234 Iuni
453 4182 651 4250 pedum
685 4193 893 4233 tuorum
914 4181 953 4231 ⁵.
992 4200 1010 4231 ι
1045 4181 1199 4245 Quod
1227 4181 1270 4233 si
1300 4184 1474 4234 minus
1502 4181 1652 4233 nobis
1689 4172 1855 4259 mani-

308 4272 515 4325 festum
549 4282 631 4325 est
662 4274 786 4339 quid
836 4271 887 4324 in
916 4272 1014 4325 hoc
1065 4272 1262 4324 indicet
1291 4274 1628 4340 propheticus
1656 4288 1851 4343 sermo,

309 4364 487 4419 Paulo
518 4365 756 4433 apostolo
777 4366 1041 4418 discamus
1066 4365 1174 4433 (59)
1202 4367 1437 4429 apertius
1453 4367 1677 4427 dicente,
1700 4367 1847 4431 'quod

307 4476 333 4507 4
379 4465 595 4523 oportet
627 4455 942 4523 (Chrismtn)
974 4470 1213 4523 regnare,
1245 4458 1414 4510 donec
1446 4468 1628 4524 ponat
1664 4472 1847 4509 ortincs

372 4587 404 4619 ³
429 4586 569 4641 Psal.
593 4602 678 4652 cx,
708 4587 756 4640 l.

1974 2086 2056 2130 sto
2082 2077 2164 2130 cui
2199 2078 2375 2129 omnia
2403 2069 2645 2141 subjecta
2674 2091 2820 2143 sunt,
2853 2093 3068 2145 regnum
3114 2078 3220 2130 Deo
3250 2077 3410 2140 Patri,
3443 2080 3511 2131 ab

1973 2167 2454 2237 isto,inquam,tali
2489 2169 2589 2219 line
2626 2182 2805 2219 rerum
2866 2171 3290 2235 contemplemur
3336 2169 3507 2222 initia.

1975 2259 2196 2328 Semper
2221 2260 2363 2312 enim
2416 2258 2526 2327 (61)
2562 2258 2752 2310 similis
2784 2268 2865 2309 est
2916 2260 3033 2311 linis
3084 2260 3252 2312 initiis
3278 2259 3424 2329 (0'2);
3455 2268 3511 2313 et

1971 2345 2089 2399 ideo
2117 2346 2255 2399 sicut
2284 2360 2418 2398 unus
2448 2346 2683 2397 omnium
2710 2345 2855 2407 linis,
2882 2346 2950 2397 ita
2981 2361 3139 2397 uutttu
3171 2349 3404 2400 omnium
3437 2350 3512 2400 itt-

1969 2437 2133 2501 telligi
2162 2435 2318 2489 debet
2344 2435 2593 2497 initium;
2626 2443 2680 2485 et
2717 2436 2855 2486 sicut
2880 2422 3172 2486 multorum
3205 2450 3339 2488 unus
3367 2435 3508 2501 linis,

1967 2527 2042 2580 ita
2091 2528 2157 2579 ab
2204 2540 2311 2589 uno
2366 2525 2519 2579 initio
2566 2524 2744 2577 multa:
2768 2524 3077 2578 ditiereotiac
3110 2540 3171 2579 ac
3201 2530 3507 2589 varietates,

1967 2633 2083 2687 quae
2142 2633 2354 2671 rursum
2410 2632 2505 2685 per
2551 2616 2838 2669 bonitatem
2891 2617 2979 2669 Dei
3037 2625 3090 2669 et
3126 2614 3506 2683 subiectionem

1966 2711 2189 2778 Christi,
2234 2719 2393 2778 atque
2444 2708 2699 2762 unitatem
2750 2707 2978 2777 Spiritus
3024 2709 3192 2762 sancti
3245 2710 3297 2763 in
3348 2724 3509 2761 unum

1967 2800 2128 2856 linem
2166 2803 2256 2869 qui
2289 2802 2357 2855 sit
2386 2800 2537 2854 initio
2569 2800 2759 2853 similis
2786 2810 3106 2853 revocantur
3134 2817 3149 2851 :
3178 2815 3361 2853 omnes
3402 2801 3506 2853 sci-

1965 2894 2091 2947 licet
2119 2897 2167 2946 ιιι
2196 2896 2283 2961 qui
2317 2894 2369 2946 in
2401 2894 2614 2967 nomine
2642 2892 2764 2946 Jesu
2794 2908 2928 2962 genu
2957 2893 3252 2955 ﬂectentes,
3288 2908 3380 2960 per
3403 2894 3504 2946 hoc

1964 2984 2136 3053 ipsum
2192 2984 2539 3049 subjectionis
2571 2998 2678 3064 εμπ
2720 2984 2948 3049 insignia
2996 2982 3377 3047 declararunt;
3410 2984 3503 3052 qui

1964 3085 2088 3127 sunt
2118 3075 2439 3135 C(Blcstilltll,
2474 3077 2804 3127 terrestrium
2826 3084 2879 3126 et
2908 3076 3232 3126 internarum
3259 3091 3273 3137 ;
3311 3076 3358 3126 in
3382 3076 3501 3141 qui-

1963 3163 2063 3216 bus
2092 3167 2262 3219 tribus
2285 3152 2767 3234 signiﬁcationibus
2800 3166 2971 3218 omnis
2999 3165 3316 3216 universitas
3359 3164 3499 3216 indi-

1972 3266 2143 3321 catur,
2187 3255 2240 3308 hi
2304 3256 2542 3308 videlicet
2592 3257 2679 3323 qui
2717 3254 2779 3306 ab
2811 3255 2899 3307 illo
2937 3269 3039 3306 uno
3090 3255 3240 3306 initio
3272 3268 3363 3321 pro
3390 3253 3500 3307 suis

1968 3346 2333 3415 unusquisque
2364 3348 2593 3397 HIOIlltllS
2618 3355 2670 3398 et
2701 3346 3048 3397 varietatibus
3075 3342 3185 3412 (65)
3217 3345 3500 3409 perdit-er-

1965 3452 2052 3491 sos
2082 3438 2295 3490 ordines
2324 3451 2417 3505 pro
2451 3440 2640 3489 merito
2686 3437 2977 3504 dispensati
3025 3446 3182 3500 sunt;
3216 3451 3318 3489 non
3354 3437 3495 3487 enim

1965 3526 2019 3579 in
2054 3526 2139 3580 his
2163 3525 2376 3579 bonitas
2430 3518 2861 3579 substantialiter
2897 3526 3087 3587 inerat,
3124 3525 3262 3576 sicut
3302 3524 3352 3574 in
3392 3524 3497 3576 Deo

1963 3628 2014 3671 et
2044 3617 2258 3670 Christo
2290 3618 2428 3685 eius,
2452 3620 2508 3671 et
2541 3620 2592 3670 in
2626 3618 2826 3684 Spiritu
2865 3628 3071 3670 sancto.
3101 3617 3154 3669 lu
3208 3616 3303 3667 hac
3350 3616 3497 3666 enim

1963 3707 2075 3759 sola
2121 3705 2403 3769 Trinitate,
2436 3723 2552 3775 qua:
2601 3718 2681 3759 est
2728 3717 2916 3759 auctor
2970 3706 3231 3767 omnium,
3286 3704 3498 3758 bonitas

1960 3796 2383 3849 substantialiter
2408 3797 2546 3848 inest
2570 3813 2584 3859 ;
2612 3797 2788 3849 carteri
2820 3811 2943 3848 vero
2988 3795 3320 3847 accidentem
3374 3810 3494 3847 eam

1960 3899 2023 3938 ae
2048 3886 2381 3940 decidentem
2416 3886 2614 3960 habent
2646 3886 2779 3954 (64),
2805 3894 2856 3937 et
2889 3895 3011 3939 tunc
3034 3902 3157 3937 sunt
3186 3886 3235 3937 in
3260 3885 3497 3939 beatitu-

1959 3975 2098 4038 dine,
2132 3991 2251 4027 cum
2281 3977 2343 4028 de
2367 3978 2652 4029 sanctitate
2688 3992 2749 4029 ac
2779 3976 3036 4043 sapientia
3067 3986 3119 4028 et
3149 3976 3212 4027 de
3259 3976 3374 4043 ipsa
3409 3978 3493 4029 di—

1957 4064 2181 4119 vinitate
2209 4068 2551 4135 participant.
2589 4071 2643 4121 Si
2676 4085 2800 4121 vero
2828 4070 2893 4120 ab
2927 4066 3228 4134 hujusmodi
3270 4070 3491 4136 partici-

1952 4158 2162 4223 patione
2214 4158 2484 4227 negligant
2530 4169 2690 4228 atque
2748 4160 3084 4227 dissimulent
3124 4199 3138 4223 ,
3195 4170 3318 4212 tunc
3364 4160 3493 4213 vitio

1953 4248 1972 4319 [η
2017 4249 2125 4318 (65)
2179 4250 2265 4315 Ἐξ
2325 4251 2457 4314 ἰδίας
2516 4253 2689 4313 αἰτίας

1950 4319 2055 4401 τῷν
2092 4320 2163 4399 μιὴ
2188 4323 2551 4407 προσεχόντῳν
2574 4325 2691 4373 ἑαυ-

1950 4405 2060 4460 ττιις
2115 4406 2398 4460 αγρυπνως
2456 4405 2690 4458 γίνονται

1952 4458 2131 4526 τάχιον
2267 4461 2476 4531 βράδιον
2524 4479 2687 4531 μετα-

2759 4278 2983 4343 propria:
3006 4275 3217 4328 desidiae
3248 4274 3383 4328 alius
3412 4277 3492 4328 cio

2765 4370 2891 4429 tius,
2926 4369 3062 4419 alius
3105 4366 3331 4431 tardius,
3373 4366 3491 4434 plus

2761 4462 2917 4528 alius,
2955 4460 3089 4515 alius
3140 4460 3336 4527 minus,
3378 4460 3492 4529 ipse

835 4589 855 4619 ⁸
879 4587 899 4641 ι
920 4587 1042 4641 Cor.
1069 4603 1154 4655 xv,
1180 4588 1267 4643 25.
1342 4591 1360 4620 ⁷
1385 4590 1512 4645 ibid.
1538 4590 1625 4645 26.
1696 4580 1719 4623 ’⁸
1744 4592 1883 4645 l‘sal.
1914 4609 2019 4658 ιιι,
2047 4596 2094 4650 1.

376 4727 494 4800 (5|)
521 4726 686 4804 Abas,
723 4745 742 4778 ι
773 4726 983 4780 videtur
1014 4740 1133 4782 esse
1157 4726 1439 4795 judicium.
1482 4749 1500 4781 ι
1531 4731 1634 4785 Sed
1660 4745 1844 4787 omnes
1877 4737 1919 4790 D
2004 4698 2129 4804 ’(60)
2152 4736 2317 4789 Caute
2344 4735 2474 4803 lege.

299 4798 443 4854 mss.
475 4809 532 4850 ut
561 4798 611 4851 in
639 4806 820 4851 nostro
857 4806 1022 4850 textu.
1413 4821 1417 4825 ν

404 4867 493 4935 5'2)
527 4867 642 4922 Lib.
670 4867 824 4929 editi,
851 4883 869 4916 ι
906 4866 1170 4919 habuerit.
1211 4880 1230 4913 ι
1265 4866 1411 4930 Mss.,
1462 4888 1478 4918 ι
1508 4870 1714 4925 habuit.
1753 4890 1769 4921 ι

404 4868 493 4935 5'2)
527 4868 642 4922 Lib.
670 4868 824 4929 editi,
851 4883 869 4916 ι
906 4868 1170 4919 habuerit.
1211 4880 1230 4913 ι
1265 4868 1411 4930 Mss.,
1462 4888 1478 4918 ι
1508 4870 1714 4925 habuit.
1753 4890 1769 4921 ι

377 4868 493 5008 (55)
527 4936 591 4991 1η
632 4937 769 4991 aliis.
801 4936 958 4990 Deest
1004 4938 1055 4989 in
1091 4944 1246 4990 antea
1282 4938 1458 5001 editis,
1488 4942 1581 4993 sed
1619 4940 1847 4996 habetur

299 5025 358 5063 In
406 5022 539 5060 lItSS.

376 5077 496 5144 (Si)
524 5076 611 5129 Sic
632 5090 786 5139 mss;
813 5083 865 5128 at
890 5074 1017 5128 libb.
1057 5075 1204 5140 editi,
1240 5092 1257 5125 ι
1292 5074 1629 5129 catholicam.
1670 5097 1688 5129 ι

301 5216 316 5230 .
378 5146 497 5216 (55)
528 5145 655 5210 Qum
682 5148 803 5199 sint.
839 5147 992 5199 Deest
1016 5146 1070 5199 in
1100 5156 1255 5198 antea
1278 5146 1454 5208 editis,
1488 5148 1580 5199 sed
1614 5150 1844 5204 habetur

297 5231 356 5272 In
400 5230 534 5268 lltss.

377 5284 491 5354 (56)
517 5282 591 5337 De
618 5282 889 5340 Trinitate.
921 5281 1010 5338 Sic
1036 5299 1163 5339 mss.
1185 5282 1351 5349 Alias,
1381 5304 1397 5336 ι
1424 5285 1799 5353 determinate,
1817 5307 1834 5340 ι

297 5357 470 5413 male.

374 5424 490 5493 (57)
519 5421 683 5493 Caute
713 5422 846 5493 lege.

372 5491 489 5564 (58)
524 5491 585 5544 In
614 5491 785 5564 unum
811 5509 933 5545 sane
956 5494 1109 5562 finem
1131 5503 1387 5560 putamus,
1411 5504 1513 5547 etc.
1538 5492 1670 5546 Vide
1696 5492 1839 5549 Hoe-

298 5561 439 5617 tiuin
468 5566 561 5615 lib.
602 5576 637 5613 ιι
664 5561 1112 5632 Qrigeniamirum,
1140 5574 1327 5632 quzest.
1360 5564 1658 5628 undecima,
1686 5581 1829 5619 num.

295 5633 355 5698 9,
389 5644 444 5683 εει
469 5642 657 5697 quaest.
690 5630 743 5691 ὅ,
773 5647 915 5681 ιιυιιι.
941 5632 1025 5684 50.

371 5702 489 5772 (59)
518 5700 605 5755 Sic
630 5714 780 5772 ‘mss.
836 5700 1000 5772 Alias,
1034 5720 1053 5751 ι
1100 5702 1165 5755 ab
1188 5703 1439 5771 Apostolo
1480 5702 1770 5756 discamus.
1808 5722 1825 5753 ι

295 5768 608 5840 Ρθίιωροει
629 5768 757 5823 libb.
786 5770 935 5835 editi,
970 5789 987 5821 ι
1019 5777 1157 5839 quod
1181 5768 1309 5826 sane
1338 5775 1431 5826 ista
1462 5774 1675 5841 quidem
1700 5777 1838 5840 Apo-

294 5841 495 5896 uoli...
521 5854 620 5896 nos
648 5841 862 5895 edocuit
897 5844 1037 5909 quod
1063 5843 1155 5896 sit.
1183 5860 1203 5897 ι
1231 5846 1300 5897 At
1325 5860 1450 5899 mss.
1486 5854 1543 5899 ut
1566 5844 1619 5897 in
1649 5854 1836 5898 nostro

291 5917 472 5964 textu.
1324 5926 1327 5930 ’

2047 4807 2130 4859 liii
2153 4807 2317 4859 (laute
2350 4808 2484 4859 leae.

2153 4810 2521 4931 (έέἓξῗεξνιέἷέιη
2548 4873 2730 4927 similis
2753 4884 2825 4927 est
2849 4874 2968 4941 finis
2993 4871 3302 4943 initiis,elc.
3334 4868 3482 4943 Hunc

1950 4940 2122 4999 locum
2159 4946 2375 5010 respicit
2409 4953 2460 4994 et
2504 4945 2675 5009 carpit
2723 4940 3077 5011 Hieronymus
3107 4942 3261 5009 epist.
3300 4941 3369 4994 94
3414 4940 3481 5011 ad

1946 5016 2179 5074 Avitum,
2216 5030 2334 5066 cum
2370 5013 2652 5080 Origenem
2696 5014 2893 5065 sentire
2926 5010 3050 5076 ait,t
3081 5026 3289 5065 rursum
3332 5010 3480 5062 nasci

1947 5100 2011 5137 ex
2054 5083 2158 5136 line
2206 5083 2543 5151 principium,
2572 5091 2623 5133 et
2665 5096 2728 5134 ex
2766 5082 3025 5149 principio
3060 5081 3258 5137 ﬁnem:
3302 5088 3363 5151 et,
3404 5080 3480 5151 ita

1948 5154 2138 5205 concta
2176 5148 2392 5213 variari,
2429 5148 2484 5201 nt
2518 5161 2569 5201 et
2599 5153 2686 5215 qui
2731 5148 2871 5203 nunc
2913 5152 3070 5202 homo
3097 5160 3199 5213 est,
3226 5150 3393 5217 p0--Sit
3423 5148 3477 5199 in

1898 5252 1904 5257 -
1948 5222 2052 5275 alio
2086 5222 2277 5273 mundo
2313 5223 2511 5272 dmtnon
2541 5221 2686 5283 lieri;
2718 5229 2770 5271 et
2808 5220 2895 5286 qui
2930 5221 3133 5271 dtetnon
3165 5230 3267 5278 est,
3293 5229 3345 5271 et
3378 5232 3476 5286 "6f

1947 5291 2235 5360 glzgeutius
2254 5290 2442 5357 egerit,
2477 5290 2539 5360 ιιι
2560 5285 2835 5341 crassiora
2851 5304 3076 5355 Corpora
3105 5288 3389 5360 relegetur,
3420 5285 3473 5360 id

1947 5356 2049 5424 Est,
2084 5370 2141 5410 ιιι
2179 5356 2337 5412 homo
2367 5360 2474 5409 liat.
2509 5357 2701 5425 Sicque
2746 5360 3029 5422 permisuet
3056 5358 3253 5417 ottmia,
3302 5366 3357 5407 ut
3407 5356 3471 5425 de

1947 5428 2131 5497 angi-lo
2184 5430 2346 5493 possit
2374 5423 2628 5480 diabolus
2658 5429 2801 5492 lieri,
2834 5438 2888 5481 et
2922 5442 3106 5481 rursus
3134 5425 3376 5479 diabolus
3416 5423 3467 5473 in

1942 5500 2520 5568 angelumrerertatur.
2555 5516 2572 5547 ι
2721 5564 2747 5568 Α
3043 5562 3108 5568 ___
3418 5556 3430 5568 _

2009 5562 2118 5632 (0'5)
2178 5564 2245 5616 Et
2314 5568 2663 5621 varietatibus.
2715 5564 2807 5621 Sic
2836 5576 2966 5620 mss.
3028 5562 3214 5629 Alias,
3250 5580 3269 5613 ι
3321 5562 3468 5614 varie

1940 5650 2063 5689 ac”.
2101 5654 2122 5684 ι

2010 5704 2118 5775 (lii)
2151 5704 2312 5757 Caute
2353 5705 2483 5775 lege.

2012 5768 2118 5844 (6⁵)
2164 5775 2259 5838 Ἐξ
2288 5768 2435 5841 ὶδίαξ
2459 5777 2669 5842 αἰτίας,
2693 5785 2796 5831 etc.
2815 5776 3001 5831 Graeca
3032 5773 3185 5827 uncis
3214 5768 3463 5844 conclusa

1940 5838 2151 5915 exstant
2194 5853 2257 5897 ad
2285 5838 2481 5899 calcetn
2521 5838 2761 5915 epistolae
2804 5838 3465 5911 Justiniani'imperatoris

1945 5915 2011 5969 ad
2038 5913 2241 5971 Menam
2270 5913 2629 5985 patriarcham
2655 5915 3324 5983 Constantinopolitanum.
