4118 6308
703 432 801 493 187

689 544 937 606 πτώσεις..
954 539 1040 595 καῖ
1060 540 1149 592 ἐπὶ
1171 537 1423 607 πλεῖον,

631 662 634 665 .
688 617 775 670 ἐπ’
804 612 878 674 ὡς
902 612 1134 665 ἔλαττον·
1180 609 1286 662 ἀπὸ
1309 607 1431 659 ταύ-

689 701 787 755 της
841 681 937 751 τῆς
1009 679 1187 741 αἰτίας
1251 678 1426 755 κρίσει,

690 747 811 824 Οέξᾳ
846 822 856 824 ᾼ
894 747 1424 824 συμπαραμεςτρὸύσῃ

689 818 797 883 τοῖέ
840 818 1063 875 ἑκάστου
1090 818 1348 887 βελτίοσιν
1391 818 1431 938 i1

690 893 889 938 νεὶοοσι
928 893 1184 938 κινήμασι
1237 888 1330 938 καὶ
1372 904 1400 937 τ

690 893 895 963 χείροσι
908 893 1184 963 Δκινήμασι
1237 888 1346 963 κίκιΔ
1360 904 1400 963 _r

692 956 808 1015 32:17:"
833 959 1004 1023 ἀξίαν,
1038 956 1067 1009 6
1093 959 1188 1028 μέν
1220 975 1301 1020 τις
1325 956 1432 1019 ἔξει

692 1036 747 1084 ἐν
770 1035 852 1110 τῇ.
871 1028 1431 1110 ξσομένῃβψοεςεὲή-

692 1120 771 1153 σει
796 1096 944 1162 ’ἔάξιν
968 1096 1257 1167 ἆγγξςλικὴν
1283 1098 1315 1166 ἢ
1342 1096 1431 1167 δύ-

689 1189 849 1240 ναμιν
874 1171 1034 1237 ἁρχικ
1047 1172 1100 1238 ην
1130 1168 1163 1238 ἢ
1186 1166 1432 1240 Αέξσυσίαν

690 1237 785 1309 τὴν
817 1240 905 1291 ἐπί
928 1256 1109 1300 τινων,
1232 1237 1430 1309 σορόνον

688 1308 777 1362 τὸν
809 1311 899 1362 ἐπὶ
926 1308 1369 1378 βασιλευομένων,
1395 1308 1428 1377 ἢ

691 1381 913 1448 κυρείαν
930 1377 1028 1447 τὴν
1048 1379 1186 1430 κατὰ
1214 1377 1427 1429 δούλων·

689 1453 738 1503 οἱ
764 1450 827 1503 δὲ
845 1450 980 1502 πάνυ
1006 1466 1055 1498 τι
1083 1449 1428 1509 ἐκπετὸντες,

689 1522 784 1591 τήν
834 1520 923 1591 ἐπὶἼ
968 1521 1077 1580 τοῖς
1130 1519 1433 1591 εἰρημένοις

689 1588 991 1658 οἰκονομίαν
1029 1606 1087 1639 τε
1115 1629 1129 1649 ,
1170 1589 1262 1639 καὶ
1313 1588 1436 1658 βοή-

692 1663 839 1713 Οειαν
871 1659 1068 1723 ἕξουσι.
1118 1658 1223 1709 Καὶ
1266 1657 1435 1718 οὕτως

692 1731 831 1784 κατὰ
854 1730 951 1797 μὲν
974 1728 1032 1780 τὸ
1064 1728 1308 1780 πλεῖστον
1334 1726 1438 1777 ἀπὸ

692 1801 798 1851 τῶν
845 1798 948 1852 ὑπὸ
1002 1797 1098 1859 τὰς
1138 1798 1313 1869 apud;
1348 1797 1437 1848 καὶ
1483 1832 1488 1837 ι

693 1869 933 1933 ἐξουσίας
958 1869 1048 1921 καὶ
1073 1867 1195 1929 τοὺς
1220 1867 1437 1937 (ip/mou;

695 1942 786 1992 καὶ
810 1940 904 1999 τὰς
937 1936 1274 2007 κυριότηταςζ
1301 1936 1437 2004 τάχα

694 2008 748 2061 δὲ
781 2009 886 2061 ἔστ’
918 2006 1017 2060 ὃτεί
1051 2008 1144 2059 καὶ
1186 2009 1300 2059 ἀντ’
1342 2006 1438 2057 αὐ-

694 2081 799 2132 τῶν
846 2082 1165 2149 συστήσεται
1221 2076 1279 2149 τὸ
1331 2075 1437 2149 τῶν

693 2144 1009 2238 ἀνρριέπων
1026 2147 1197 2238 ’γένος
1248 2148 1305 2198 ὲν
1362 2144 1438 2215 τῷ

694 2219 813 2273 καθ’
846 2220 940 2273 ἕνα
983 2219 1188 2287 κόσμῳ.

850 2446 853 2451 _
936 2375 989 2429 LI
1029 2387 1112 2430 est
1145 2396 1156 2428 :

703 2519 781 2571 Ea:
822 2518 1027 2583 propria
1070 2533 1243 2568 eorum
1284 2532 1436 2581 cmpa

701 2590 784 2657 qui
814 2587 1142 2657 mininteisibi
1167 2586 1434 2653 vigilantes

700 2659 986 2716 attendunt,
1007 2656 1137 2722 ﬁunt
1172 2657 1322 2707 citius
1346 2664 1439 2706 aut

700 2729 861 2780 serius
887 2726 1226 2792 delapsiones,
1269 2741 1438 2791 ea'que

701 2797 777 2850 vel
810 2794 1033 2863 majores
1056 2795 1133 2846 vel
1176 2795 1435 2855 minores;

699 2881 908 2933 eamque
947 2865 1007 2916 ob
1034 2880 1245 2916 causam
1271 2864 1440 2933 divino

704 2932 898 3001 iudicio
968 2934 1110 2985 bonis
1159 2934 1236 2986 ret
1292 2932 1439 2985 matis

703 3003 1105 3071 uniuscujusque
1123 3004 1345 3055 molibus
1367 3003 1444 3054 di-

701 3090 854 3142 gnam
884 3088 1237 3125 commensura
1246 3083 1326 3123 nte
1358 3088 1439 3124 re—

700 3144 1050 3203 tributionem,
1104 3144 1186 3194 hic
1230 3142 1438 3210 quidem

704 3232 757 3264 in
789 3214 967 3279 fututa
1011 3214 1189 3263 muniti
1218 3213 1441 3278 disposi-

704 3286 843 3335 tione
869 3282 1067 3333 habebit
1093 3284 1322 3333 atdinem
1350 3296 1443 3332 an-

705 3353 943 3421 gelicum,
1028 3362 1119 3403 aut
1203 3352 1443 3403 uirtutem

638 3467 643 3472 .
707 3422 1047 3490 principatus,
1095 3432 1181 3473 aut
1223 3428 1444 3490 potestn-

709 3506 807 3543 tem
838 3489 892 3542 in
925 3491 1147 3558 aliquos,
1178 3498 1267 3540 aut
1307 3489 1449 3538 thro-

710 3577 828 3614 num
848 3576 1003 3625 supra
1020 3574 1173 3625 regno
1191 3558 1444 3617 subditos,

708 3642 798 3684 aut
823 3630 1227 3681 dominationem
1265 3628 1318 3678 in
1340 3642 1449 3678 ser-

707 3717 813 3754 vos.
845 3698 945 3762 Qui
974 3715 1089 3750 vero
1110 3715 1208 3750 non
1235 3696 1450 3748 multum

710 3768 1274 3827 exciderintJtabelmnt
1296 3782 1450 3831 quam

713 3839 939 3891 diximus
1004 3836 1340 3888 wconomium
1404 3844 1449 3885 et

711 3908 1087 3977 adjumentum.
1145 3907 1308 3977 Atque
1378 3904 1450 3977 ita

713 3973 787 4028 ιη’
819 3976 1100 4043 plurimum
1144 3991 1207 4026 ex
1252 3975 1317 4025 iis
1364 3973 1452 4039 qni

713 4056 831 4098 sunt
862 4046 954 4097 sub
990 4044 1357 4106 principatibus
1403 4052 1449 4092 et

1930 418 2251 475 ORIGLNIS
2289 419 2443 472 ΠΕΡΙ
2485 418 2705 470 ΑΡΧΩΝ

3788 416 3893 470 {Gs

1499 538 1596 589 sihi
1624 550 1784 589 causa
1824 536 1905 589 sui
1940 536 2119 604 lapsus
2143 535 2225 587 vel
2255 539 2301 593 Α
2330 533 2452 583 siam
2478 529 3065 604 aliquandoeorunzlaco
3137 546 3239 597 que
3308 530 3646 600 profecerant
3730 529 3883 599 (69)-

1500 644 1652 683 casus
1705 627 1947 682 edicitur.
1992 628 2055 681 Et
2096 643 2228 695 quo-

1499 726 1663 785 niam,
1720 732 1776 773 ιιι
1829 722 2060 775 diximus
2091 720 2223 791 ((36),

1498 831 1653 869 casus
1679 817 1777 868 iste
1797 814 1878 867 vel
1903 813 2101 881 lapsus,
2124 830 2228 881 quo

1500 909 1564 963 de
1596 918 1736 962 statu
1768 922 1863 961 suo
1891 908 2115 974 quisque
2140 907 2229 958 de-

1500 1002 1682 1065 clinat,
1705 999 2149 1068 quamplurimum
2177 1000 2227 1051 in

1501 1109 1560 1148 se
1632 1093 1791 1146 habet
1863 1092 2227 1146 diversitatem

1502 1198 1595 1251 pro
1624 1184 1815 1235 mentis
1862 1188 1937 1234 ac'
1970 1183 2229 1249 propositi

1504 1274 1757 1334 motibus.
1790 1275 1926 1341 quod
1976 1275 2114 1327 alius
2151 1276 2229 1324 le-

1502 1370 1637 1434 vius,
1668 1368 1803 1421 alius
1826 1368 2035 1435 gravius
2058 1369 2123 1420 ad
2155 1370 2233 1420 in—

1505 1465 1697 1517 feriora
1743 1464 1993 1527 declinat,
2034 1463 2084 1516 in
2132 1464 2233 1516 hoc

1500 1562 1608 1627 jam
1635 1558 2109 1626 justuu.judicimu
2139 1558 2231 1611 Dei

1508 1655 1851 1721 providentite
1878 1696 1891 1717 ,
1928 1666 1981 1707 ιιι
2028 1654 2235 1707 unicui-

1506 1764 1611 1815 que
1633 1751 1915 1803 secundum
1947 1750 2235 1803 diversita-

1510 1853 1612 1898 tem
1647 1855 1883 1897 motuum
1916 1861 2011 1913 pro
2044 1847 2235 1899 merito

1506 1937 1588 1989 Sui
1614 1938 1861 1991 decessus
1899 1946 1952 1990 et
2000 1953 2236 1991 commo-

1510 2028 1667 2081 tionis
1698 2028 1802 2096 70
1827 2039 2093 2081 occurrat.
2160 2030 2235 2083 Ex

1509 2120 1591 2173 bis
1614 2134 1743 2174 sane
1768 2121 1856 2188 qui
1886 2125 1937 2174 ιιι
1967 2121 2055 2173 illo
2090 2124 2238 2175 initio
2270 2130 2273 2131 '

1506 2221 1931 2279 permanserunt,
1974 2213 2113 2283 quod
2158 2214 2238 2265 fn—

1507 2316 1628 2359 turo
1664 2306 1756 2359 fini
1782 2296 1959 2361 simile
1998 2323 2117 2361 esse
2146 2310 2260 2382 den

1506 2402 1839 2468 scripsimus,
1897 2401 2113 2471 quidam
2172 2416 2237 2456 ex

1510 2496 1640 2563 ipsis
1662 2497 1734 2565 ,in
1764 2497 2099 2551 ordinatione
2130 2498 2238 2567 (67)

1510 2605 1570 2642 ac
1613 2585 2012 2658 dispensationi:
2058 2591 2238 2643 mundi

1508 2682 1749 2735 ordinem
1791 2683 2091 2751 angelicum
2124 2698 2241 2735 sor-

1512 2780 1740 2839 tiuntur,
1804 2778 1891 2828 alii
1947 2777 2239 2842 virtutum,

1512 2868 1601 2920 alii
1664 2868 2092 2935 principatuum.
2149 2868 2241 2921 alii

1514 2971 1851 3029 potestatum,
1886 2964 2024 3029 quod
2070 2962 2119 3013 ιιι
2148 2976 2265 3017 ροεσ

1513 3052 1759 3105 videlicet
1781 3063 2063 3107 exerceant
2093 3063 2244 3121 pote-

1513 3154 1701 3197 statem
1736 3146 1825 3213 qui
1858 3147 2052 3200 habere
2085 3164 2245 3217 Super

1513 3249 1673 3306 eaput
1731 3241 1969 3307 indigent
2012 3251 2248 3308 potesta-
2276 3251 2321 3308 (ἶ

1517 3340 1622 3383 tem
1655 3351 1667 3385 :
1703 3331 1794 3385 alii
1829 3334 2135 3387 thronorum
2167 3352 2248 3388 or-

1516 3426 1546 3478 d
1574 3442 1716 3492 nem,
1765 3428 1815 3479 id
1844 3438 1943 3493 est,
1973 3429 2244 3495 judicandi

1520 3520 1600 3573 vel
1630 3523 1847 3590 regendi
1878 3537 1971 3576 eos
2014 3525 2105 3591 qui
2146 3525 2249 3579 hoc

1523 3616 1780 3684 indigent.
1833 3619 2089 3673 habentes
2138 3620 2252 3672 oili—

1523 3712 1693 3775 cium;
1718 3713 1805 3765 alii
1834 3714 2249 3767 dominationem

1524 3806 1657 3878 (68)
1705 3808 1820 3859 sine
1880 3808 2042 3861 dubio
2095 3824 2252 3877 super

1524 3912 1743 3961 servos;
1783 3913 1901 3964 qua:
1951 3898 2127 3951 omnia
2176 3900 2253 3954 eis

1520 4010 1619 4061 pro
1644 3994 1835 4046 merito
1858 4002 1909 4047 et
1929 3995 2253 4061 profectibus

2332 603 2667 654 constituetur
2701 616 2857 661 genus
2883 600 3066 650 Imma-

2486 622 3066 692 ἒΨεὲἯ-ἕζῗΡῗῗῗηῗῖῐέἶῗαζ
3138 637 3289 692 πριιυο
3310 623 3558 692 ἱυειοίιιιθ
3578 623 3779 690 ludia"
3812 622 3891 674 ⁸η·

2333 688 2453 724 num
2481 672 2533 724 in
2560 670 2775 740 singulis
2800 668 3020 721 mundis.
3048 667 3069 739 ]

3144 715 3263 768 vina
3286 715 3886 782 contulitprovidenlia.

2332 810 2396 863 lli
2423 800 2548 864 vero
2580 810 2669 877 qui
2710 809 2775 862 de
2814 816 2955 861 statu
2997 806 3187 875 prima:
3234 806 3580 875 beatitudinis;
3610 806 3739 859 moti
3768 806 3892 871 qui-

2333 903 2451 956 dem
2499 912 2623 956 sunt
2679 900 2809 969 (70),
2863 915 2968 953 non
3015 909 3187 951 tamen
3240 897 3704 951 irretnediabiliter
3731 899 3887 959 moti,

2334 995 2438 1048 illis
2467 1010 2601 1062 quos
2635 1009 2795 1062 supra
2826 992 3230 1058 descripsimus,
3255 990 3457 1043 sanctis
3484 991 3767 1058 beatisque
3788 1005 3887 1041 or-

2335 1086 2546 1138 dinibus
2596 1083 2935 1151 dispt-nsautli
2980 1080 3204 1146 subjecti
3235 1090 3358 1134 sunt
3396 1096 3459 1132 ac
3488 1074 3713 1149 regendi
3748 1080 3891 1150 (7i);

2335 1190 2560 1237 quorum
2586 1174 2727 1240 atljul
2746 1173 2849 1225 )rio
2880 1172 2986 1235 usi,
3013 1182 3065 1224 et
3099 1171 3524 1225 institutionilnts
3552 1190 3614 1226 ac
3646 1172 3894 1242 discipli—

2337 1266 2421 1318 nis
2452 1264 2727 1318 salutaribt
2753 1279 2777 1319 s
2808 1244 3108 1326 reformati,
3133 1262 3308 1316 redire
3337 1278 3400 1317 ac
3433 1262 3643 1316 restitui
3673 1266 3737 1315 ad
3771 1274 3891 1318 sta-

2343 1364 2451 1406 tum
2480 1371 2587 1407 sua:
2612 1352 2963 1407 beatitudinis
3002 1353 3227 1421 possint.
3265 1354 3341 1406 Ex
3387 1354 3581 1422 quibus
3609 1356 3890 1420 existimo,

2339 1455 2499 1514 prout
2528 1461 2629 1514 ego
2679 1444 2882 1498 sentire
2913 1458 3149 1513 possmn,
3196 1444 3336 1498 hunc
3384 1447 3627 1499 ordinem
3666 1447 3890 1500 humani

2338 1538 2551 1608 generis
2611 1538 2933 1599 institutum,
2967 1537 3056 1605 qui
3104 1536 3289 1605 utique
3340 1537 3391 1589 in
3436 1536 3614 1590 futuro
3667 1539 3891 1602 szeculo,

2338 1630 2421 1684 vel
2450 1630 2951 1697 supervenientibus
2982 1628 3211 1695 smculis,
3243 1644 3363 1682 cum
3392 1628 3582 1681 ρωιιιιιι
3609 1645 3807 1683 novum
3837 1638 3896 1683 et

2343 1731 2482 1777 terra
2511 1736 2649 1775 nova
2678 1722 2971 1775 secundum
3013 1722 3201 1775 Isaiam
3230 1721 3250 1751 ’
3273 1720 3378 1773 erit
3410 1721 3545 1784 17%),
3574 1724 3897 1775 restituetur

2341 1812 2395 1865 in
2449 1811 2593 1864 illam
2629 1812 2886 1866 unitatem
2931 1827 3089 1880 quam
3136 1811 3398 1878 promittit
3434 1810 3689 1866 Dominus
3728 1821 3895 1868 Jesus

2271 1900 2311 1953 Β
2342 1903 2523 1957 dicens
2574 1903 2639 1956 ad
2692 1905 2855 1956 Dium
2908 1902 3120 1955 Patrem
3153 1902 3216 1955 de
3253 1902 3364 1954 suis
3405 1902 3683 1970 discipulis
3709 1903 3827 1973 (75)
3882 1918 3896 1954 :

2350 2014 2368 2045 ι
2411 1993 2522 2047 Non
2552 2011 2648 2062 pro
2677 1995 2792 2049 istis
2826 2011 2955 2064 rogo
2983 1995 3178 2057 solum,
3209 1997 3300 2047 sed
3324 2005 3378 2048 et
3401 2009 3497 2062 pro
3521 1999 3773 2050 omnibus
3796 1997 3895 2065 qtti

2342 2088 2601 2141 credituri
2627 2097 2755 2142 sunt
2798 2103 2893 2156 per
2923 2089 3143 2142 verbum
3176 2102 3360 2140 eorum
3406 2089 3457 2139 in
3488 2103 3592 2150 me,
3620 2100 3679 2141 ιιι
3702 2103 3896 2142 omnes

2345 2198 2508 2243 unum
2554 2182 2681 2246 sint,
2711 2182 2851 2235 sicut
2892 2196 2991 2249 ego
3018 2182 3068 2233 in
3102 2191 3171 2243 te,
3202 2179 3387 2240 Pater,
3420 2188 3475 2232 et
3505 2190 3556 2232 tu
3587 2180 3637 2231 iu
3675 2196 3783 2243 me,
3820 2180 3895 2232 ita

2344 2286 2395 2329 et
2424 2275 2511 2328 isti
2545 2276 2596 2327 in
2636 2275 2786 2328 nobis
2822 2289 2983 2326 unum
3012 2273 3119 2327 sint
3167 2272 3229 2325 ¹⁰.
3266 2290 3283 2322 ι
3313 2271 3379 2323 Ει
3406 2271 3599 2322 iterum
3632 2270 3721 2321 ubi
3768 2269 3844 2321 ait
3877 2284 3894 2318 :

2352 2385 2369 2417 ι
2399 2366 2468 2421 Ut
2500 2367 2605 2420 sint
2638 2380 2823 2430 unum,
2855 2368 2993 2419 sicut
3033 2376 3087 2419 et
3126 2378 3221 2418 nos
3245 2377 3409 2415 unmn
3458 2378 3670 2447 sumus,
3707 2374 3811 2427 ego
3842 2361 3897 2412 in

2347 2456 2495 2525 ipsis,
2528 2464 2582 2507 et
2608 2466 2662 2508 tu
2695 2455 2745 2506 in
2796 2468 2904 2514 me,
2932 2462 2988 2506 ut
3034 2454 3142 2506 sint
3180 2463 3235 2506 et
3286 2452 3384 2519 ipsi
3434 2450 3803 2503 consummati
3844 2449 3897 2500 iu

2348 2562 2453 2597 uno
2505 2545 2565 2597 “.
2624 2564 2643 2595 ›
2690 2544 2753 2597 Et
2807 2544 2945 2597 sicut
2994 2542 3278 2596 cenhrmat
3328 2541 3676 2595 nihilominus
3728 2543 3900 2595 etiam

2350 2636 2541 2689 Paulus
2574 2634 2846 2703 apostolus
2893 2635 3116 2687 dicens:
3154 2655 3172 2686 ι
3213 2635 3387 2688 Donec
3414 2648 3764 2686 occurramus
3792 2647 3907 2685 om-

2350 2742 2445 2781 nes
2473 2728 2524 2781 in
2560 2728 2818 2781 unitatem
2868 2726 2987 2778 fidei
3022 2727 3072 2776 in
3098 2727 3267 2778 virum
3300 2724 3616 2793 perfectum,
3646 2725 3699 2775 in
3742 2737 3902 2775 men-

2350 2834 2529 2873 suram
2588 2822 2759 2874 aetatis
2819 2819 3161 2887 plenitudinis
3216 2818 3415 2871 Christi
3454 2818 3519 2868 ι’,
3560 2836 3581 2869 ι
3635 2815 3701 2868 Ει
3754 2816 3903 2868 sicut

2352 2911 2488 2963 idem
2522 2911 2932 2977 APOSIOIIIijleII
2962 2924 3059 2962 nos
3091 2909 3201 2977 (76)
3236 2909 3395 2962 etiam
3426 2908 3478 2960 in
3510 2906 3765 2977 ptmscttti
3792 2906 3903 2958 vita

2353 3000 2403 3053 in
2428 3001 2663 3055 Ecclesia
2700 3002 2925 3069 positos,
2960 3001 3009 3052 in
3039 3016 3138 3067 qua
3170 3000 3350 3066 utique
3398 2989 3563 3050 fttturi
3629 2996 3786 3065 regni
3821 3006 3909 3049 est

2352 3093 2544 3153 forma.
2581 3095 2643 3144 ad
2676 3094 2812 3145 hanc
2843 3092 3084 3145 eamdem
3118 3091 3337 3143 unitatis
3360 3088 3773 3142 similitudinem
3807 3104 3908 3143 co-

2354 3185 2600 3236 hortatur
2630 3184 2853 3235 dicens:
2888 3202 2904 3231 ‹
2938 3181 3004 3236 Ut
3026 3183 3213 3235 eadem
3245 3181 3436 3233 dicatis
3463 3194 3673 3242 omnes,
3708 3189 3763 3233 et
3798 3196 3907 3234 non

2352 3276 2456 3327 sint
2481 3276 2531 3327 in
2564 3275 2714 3328 vobis
2746 3275 3055 3336 schismata,
3090 3273 3208 3326 sitis
3232 3283 3412 3325 autem
3446 3270 3670 3338 perfecti
3708 3272 3759 3324 itt
3798 3287 3911 3325 uno

2353 3365 2850 3432 CtNlOIthIlCSCtlSl,
2905 3373 3061 3431 atque
3115 3364 3165 3415 in
3218 3377 3319 3414 una
3346 3362 3644 3429 cadentque
3681 3370 3912 3415 senten—

2357 3456 2429 3507 tia
2455 3455 2516 3506 ¹³.
2552 3473 2571 3506 ι

2423 3547 2475 3599 5.
2507 3548 2788 3601 Sciendum
2825 3557 3004 3601 tamen
3032 3556 3111 3599 est
3146 3546 3255 3616 (75')
3288 3545 3551 3613 quosdam
3586 3546 3677 3614 qui
3704 3560 3771 3600 ex
3803 3561 3915 3600 uno

2356 3637 2639 3705 principio,
2675 3640 2813 3704 quod
2844 3638 3274 3705 supradiximus,
3304 3637 3503 3704 delapsi
3529 3646 3677 3699 sunt,
3704 3636 3760 3690 in
3791 3649 3917 3691 tan-

2360 3736 2465 3779 tam
2513 3728 2878 3796 indignitatem
2929 3743 2991 3782 ac
3034 3727 3296 3779 malitiam
3343 3741 3402 3781 se
3443 3727 3659 3781 dedisse
3704 3726 3821 3796 (76)
3857 3734 3944 3779 ut“

2359 3819 2559 3886 indigni
2599 3820 2763 3872 habiti
2796 3822 2906 3872 sint
2934 3819 3269 3873 institutione
3321 3820 3439 3883 hac,
3492 3818 3573 3871 vel
3601 3818 3917 3873 eruditione

2358 3926 2463 3979 qua
2495 3924 2589 3979 per
2626 3925 2840 3963 carnem
2891 3912 3182 3963 humanum
3225 3924 3392 3976 genus
3419 3908 3693 3978 adjutorio
3741 3909 3917 3961 virtu-

2362 3994 2472 4053 tum
2507 4000 2796 4054 cmlestium
2827 4000 3124 4054 instituitur
3152 4011 3315 4068 atque
3336 3982 3600 4062 eruditur,
3625 3999 3721 4052 sed
3746 4011 3885 4052 econ
3906 4026 3919 4035 -

1404 4086 1455 4163 et
1526 4087 1637 4139 suis
1666 4086 1859 4153 (ιυῑὺυε
1893 4087 1943 4137 ill
1973 4086 2063 4138 Dei
2089 4088 2253 4153 parti-
2284 4126 2291 4129 Α
2368 4094 2535 4146 trario
2558 4094 2718 4146 etiam
2750 4092 3049 4146 adversarii
3075 4102 3233 4160 atque
3288 4102 3657 4161 repugnantes
3694 4090 3781 4145 bis
3821 4091 3920 4160 qui

712 4181 1171 4247 dominationibus,
1228 4181 1361 4249 forte
1405 4197 1461 4232 e-

1295 4298 1338 4330 ¹⁰
1357 4296 1511 4352 Joan.
1535 4311 1662 4361 xvn,
1684 4292 1775 4357 20,
1797 4291 1885 4349 2L

785 4301 808 4334 ⁹
837 4299 938 4355 lsa.
962 4300 1216 4362 mnia.

1530 4174 1845 4243 cipationem
1879 4175 2261 4229 itttilationetn-

1961 4293 2001 4322 ¹¹
2026 4290 2182 4346 Joan.
2208 4309 2328 4357 xvn,
2353 4296 2443 4362 22,
2466 4297 2553 4351 23.

2372 4181 2694 4237 erudiuntur
2745 4192 2906 4250 atque
2960 4181 3293 4245 imbuuntur,
3345 4182 3633 4235 exsistant.
3680 4181 3841 4237 Unde
3865 4190 3922 4238 et

2633 4296 2674 4326 “
2704 4295 2896 4365 Ephes.
2922 4311 2993 4362 tv,
3018 4296 3105 4350 15.
3180 4295 3224 4327 ⁸³
3253 4294 3419 4350 [Con
3446 4310 3487 4361 1,
3511 4293 3597 4349 li).

787 4392 897 4473 (βϐ)
920 4390 1068 4473 Libb.
1094 4392 1245 4473 editi,
1274 4409 1292 4441 ι
1321 4388 1586 4459 quomodo
1620 4396 1675 4439 ut
1700 4385 1950 4448 dicimus,
1985 4403 2002 4436 ι
2039 4386 2107 4437 At
2132 4402 2261 4441 mss.
2298 4395 2339 4447 Ι)
2369 4391 2448 4446 sic
2477 4390 2541 4443 ad
2573 4391 2847 4473 antiquum
2880 4391 3055 4444 redire
3086 4389 3402 4460 principium
3430 4406 3444 4453 ;
3476 4388 3836 4473 ita.dunta_xat
3863 4400 3924 4473 ut

719 4472 781 4514 ut
807 4469 861 4514 in
892 4471 1071 4513 nostro
1101 4469 1271 4513 textu.

796 4530 907 4603 (6:1)
935 4530 1025 4603 Sic
1058 4546 1190 4584 mss.
1223 4530 1388 4603 Alias,
1428 4546 1445 4577 ι
1487 4526 1571 4603 vel
1595 4526 1955 4603 ordinatione,
1994 4544 2012 4576 ι
2042 4526 2201 4581 male.

742 4644 743 4647 η
806 4596 899 4654 ’ὅδ’
931 4601 1021 4652 Sic
1056 4615 1183 4652 mss.
1211 4602 1379 4661 Alias,
1418 4616 1435 4647 ι
1468 4596 1916 4652 dominationum.
1957 4614 1976 4647 ι

662 4682 665 4683 ⁷
791 4604 902 4743 iiii);
936 4669 1009 4721 lta
1047 4684 1191 4743 _mss.
1224 4668 1389 4730 Alias,
1433 4684 1451 4716 ι
1512 4664 1967 4734 imututatiouemq

812 4668 900 4730 69)
936 4669 1009 4721 lta
1063 4684 1191 4723 mss.
1224 4668 1389 4730 Alias,
1433 4684 1451 4716 ι

720 4738 868 4804 runt,
883 4738 888 4739 ⁷
905 4758 922 4789 ι
959 4738 1113 4789 male.

1512 4664 2041 4734 imututatiouemque
2080 4666 2261 4736 profe-

794 4802 904 4881 (70)
937 4808 1005 4858 lli
1029 4823 1145 4859 vero
1172 4805 1349 4881 quiﬂde
1378 4812 1518 4856 statu
1562 4804 1744 4869 prima:
1771 4802 2103 4858 beatitudinis
2134 4807 2260 4881 moti

722 4874 1092 4949 quidentsunt,
1128 4874 1229 4929 etc.
1258 4874 1382 4949 "me
1409 4884 1459 4926 et
1493 4888 1609 4949 qua)
1640 4882 1940 4949 sequuntur
1957 4877 2259 4949 summatim

727 4943 888 5002 i'eiert
919 4946 1273 5013 Hieronymus
1302 4946 1459 5012 epist.
1490 4943 1552 4994 91
1589 4944 1651 4995 ad
1680 4944 1891 5013 Avitum
1929 4944 2012 5013 his
2046 4946 2257 4999 verbis:

733 5038 751 5068 ι
791 5017 891 5081 Qui
927 5030 1053 5068 vero
1099 5011 1477 5067 fluctuaveriut
1518 5023 1571 5065 et
1621 5011 1777 5064 motis
1805 5012 2026 5077 pedibus
2056 5030 2260 5079 nequa-

727 5096 892 5154 quam
921 5085 1245 5146 eorrueriut,
1283 5085 1638 5154 subjicientur
1668 5086 1888 5154 omnino
1916 5082 2261 5154 dispensandi
2288 5138 2289 5145 η

735 5151 798 5208 et‘
829 5156 1041 5221 regendi
1086 5163 1243 5220 atque
1273 5156 1337 5206 ad
1373 5153 1587 5207 meliora
1618 5151 1968 5221 gubernandi,
1998 5152 2263 5221 principa-

729 5220 1284 5293 tibus,potestatibus,
1310 5220 1995 5293 thronis,doiuimttiouibus
2012 5237 2026 5285 ;
2042 5220 2263 5293 etforsi-

735 5308 823 5346 tan
852 5307 922 5345 ex
946 5294 1026 5345 his
1060 5292 1329 5345 hominum
1355 5292 1625 5348 constabit
1648 5305 1834 5358 genus,
1865 5292 1917 5342 iu
1946 5306 2052 5343 uno
2082 5292 2263 5357 aliquo

731 5380 797 5415 ex
826 5364 1065 5424 mundis;
1116 5364 1329 5429 quando
1371 5364 1519 5430 juxta
1551 5359 1739 5415 lentant
1769 5362 1961 5413 C(Bltllll
2010 5370 2066 5413 et
2122 5370 2264 5412 terra

737 5448 869 5485 nova
904 5434 1049 5483 fient.
1082 5433 1181 5496 Qui
1213 5446 1342 5484 vero
1373 5447 1478 5485 nou
1506 5430 1702 5484 fuerint
1740 5432 1934 5493 meriti,
1966 5440 2024 5483 ut
2047 5444 2141 5497 per
2172 5444 2265 5497 ge-

736 5517 834 5553 nus
884 5501 1156 5552 hominum
1211 5511 1554 5553 tevertantur
1596 5500 1675 5567 ad,
1708 5501 1991 5564 pristinum
2041 5510 2262 5561 statum,

736 5574 862 5623 tient
891 5570 1149 5625 diabolus.
1176 5580 1227 5623 et
1252 5570 1593 5637 attgeli'eius,
1619 5580 1670 5621 et
1707 5569 1920 5635 pessimi
1947 5575 2217 5621 dtemoues
2246 5586 2260 5633 ;

737 5654 800 5691 ac
826 5653 923 5704 pro
958 5641 1217 5692 varietate
1248 5641 1556 5691 meritorum
1585 5641 1633 5689 ιιι
1678 5640 1898 5705 singulis
1941 5642 2152 5690 mundis
2185 5638 2265 5689 di—

738 5722 888 5761 versa
933 5709 1105 5760 ollicia
1145 5710 1459 5762 sortientur.
1493 5708 1739 5773 Ipsosque
1774 5714 2038 5760 dzemones
2073 5723 2135 5759 ac.
2176 5724 2263 5757 re—

739 5790 913 5829 tiores
948 5779 1313 5838 tenebrarum.
1345 5778 1397 5831 in
1436 5781 1613 5845 aliquo
1648 5782 1867 5842 mundo,
1901 5778 1979 5829 vel
2033 5778 2262 5834 mundis,

737 5863 779 5899 tu
810 5845 1067 5903 voiuet‘int
1098 5848 1161 5901 ad
1208 5847 1425 5903 meliora
1464 5849 1717 5913 converti,
1760 5849 1869 5900 fieri
1912 5848 2170 5910 homines,
2207 5854 2260 5898 et

2404 4475 2464 4514 er
2489 4463 2748 4530 supplicia
2798 4472 2959 4528 atque
3012 4458 3296 4522 tormenta,
3336 4474 3456 4527 qua:
3488 4458 3568 4511 vel
3624 4458 3796 4511 multo
3830 4464 3921 4516 vel
3966 4516 3969 4521 _

2364 4477 2515 4584 Brevi
2569 4542 2809 4584 tempore
2869 4529 3244 4584 sustinuerint.
3291 4529 3343 4581 iu
3394 4529 3670 4580 hominum
3712 4531 3918 4584 eruditi

2406 4532 2515 4584 revi
2558 4529 2809 4598 tempore
2869 4529 3244 4593 sustinuerint,
3291 4529 3343 4581 in
3394 4529 3918 4598 hominunt_eruditi

2365 4596 2705 4669 corporibus,
2744 4614 2957 4652 rursum
2989 4600 3203 4652 veniant
3234 4599 3297 4650 ad
3332 4596 3640 4669 angelorum
3672 4596 3920 4667 fastigia.

2363 4670 2442 4724 Ex
2464 4666 2585 4739 'quo
2613 4669 2961 4737 consequenti
2992 4670 3211 4739 ratione
3233 4666 3545 4739 monstrari,
3585 4679 3776 4719 omnes
3812 4666 3924 4739 rat-3

2368 4734 2650 4793 tionabiles
2672 4734 2947 4791 creaiuras
2973 4751 3037 4789 ex
3070 4737 3379 4790 hominibus
3427 4736 3566 4800 fieri,
3596 4749 3705 4786 non
3748 4734 3923 4789 semel

2366 4820 2423 4863 et
2449 4810 2645 4869 subito,
2690 4808 2782 4861 sed
2819 4808 3169 4875 frequentius;
3203 4819 3408 4875 nosque
3425 4812 3479 4856 et
3510 4803 3735 4872 angelos
3766 4803 3922 4857 futu-

2367 4894 2456 4931 ros
2486 4879 2773 4947 unanimes,
2828 4880 2873 4932 si
2928 4879 3197 4947 egerimus
3244 4875 3634 4947 negligentius;
3690 4881 3747 4925 et
3791 4888 3923 4928 rur-
3978 4920 3980 4922 ,

2367 4963 2485 5000 sum
2517 4946 2785 5003 daemones
2809 4949 2852 5001 si
2886 4944 3153 5001 voluerint
3181 4959 3375 5014 capere
3415 4944 3669 5006 virtutes,
3717 4955 3923 5011 perve-

2370 5019 2486 5070 nire
2508 5019 2588 5087 ratl
2620 5018 2914 5087 angelicam
2943 5016 3278 5087 dignitatem.
3319 5032 3338 5065 ι

2439 5086 2546 5155 (7|)
2578 5087 2649 5141 Ita
2694 5078 2834 5144 inss.
2884 5078 3053 5155 Libli.
3100 5085 3252 5155 editi,
3297 5101 3316 5133 ι
3353 5078 3923 5155 ordinibussubjecti

2370 5148 2493 5227 sunt
2520 5148 2585 5210 ad
2636 5160 2947 5227 regendum.
2985 5173 3003 5227 ι
3034 5153 3196 5227 Paulo
3226 5161 3344 5227 post
3374 5151 3537 5203 iidem
3580 5148 3717 5227 libb.
3756 5152 3918 5215 editi,

2376 5245 2393 5275 ε
2426 5224 2639 5280 restitui
2670 5221 2733 5280 ad
2765 5238 2960 5281 statum
2993 5223 3333 5279 beatitudinis
3358 5229 3600 5289 possunt.
3639 5237 3660 5272 ι
3686 5221 3758 5274 At
3784 5235 3922 5276 mss.

2368 5297 2499 5349 utin
2532 5309 2714 5351 nostro
2742 5307 2909 5351 textu.

2437 5364 2547 5437 (72)
2574 5367 2729 5421 Lihb.
2764 5367 2909 5427 editi,
2936 5384 2952 5414 ι
2972 5363 3261 5417 secundum
3283 5359 3603 5427 omnesjam
3629 5360 3920 5429 cmperit.»

2369 5433 2491 5488 Mss.
2530 5433 2587 5489 ut
2618 5441 2668 5489 in
2700 5445 2884 5488 nostro
2913 5444 3077 5487 textu.

2436 5505 2546 5575 (75)
2572 5507 2641 5559 Ita
2680 5520 2808 5559 mss.
2841 5504 2957 5575 Lib.
2988 5504 3137 5566 editi,
3171 5520 3190 5554 ι
3224 5518 3320 5573 pro
3342 5501 3455 5556 Suis
3477 5500 3783 5571 discipulis.
3822 5516 3849 5553 ι

2436 5578 2547 5643 (Ν)
2576 5577 2649 5627 Ita
2678 5590 2805 5627 mss.
2838 5574 3007 5639 Alius,
3037 5592 3054 5623 ι
3090 5590 3206 5627 eos.
3238 5594 3256 5625 ι

2436 5645 2547 5715 (75)
2578 5648 2647 5715 ita
2678 5660 2807 5697 mss.
2834 5644 2999 5715 Alias,
3029 5664 3045 5693 ι
3084 5660 3221 5697 esse.
3266 5662 3285 5696 ι

2440 5708 2548 5785 (7‘5)
2573 5714 2638 5767 Se
2667 5716 2894 5766 dedisse.
2936 5714 3058 5765 [nec
3105 5715 3294 5769 desunt
3334 5714 3387 5767 in
3417 5717 3575 5766 antea
3605 5708 3797 5778 editis,
3818 5709 3917 5763 sed

2369 5795 2579 5840 exstant
2604 5790 2651 5837 in
2678 5785 2923 5839 omnibus
2953 5799 3080 5838 ωδε.
