  <div class='ocr_page' id='page_1' title='image "/cluster/home/n/w/nwhite01/storage/ocr_20150623/11/pst.000005711918/104.png"; bbox 0 0 4136 6310; ppageno 0'>
   <div class='ocr_carea' id='block_1_1' title="bbox 257 408 370 466">
    <p class='ocr_par' dir='ltr' id='par_1_1' title="bbox 257 408 370 466">
     <span class='ocr_line' id='line_1_1' title="bbox 257 408 370 466; baseline 0.035 -4"><span class='ocrx_word' id='word_1_1' title='bbox 257 408 370 466; x_wconf 65' lang='grc'><strong>169</strong></span> 
     </span>
    </p>
   </div>
   <div class='ocr_carea' id='block_1_2' title="bbox 1669 380 2187 488">
    <p class='ocr_par' dir='ltr' id='par_1_2' title="bbox 1669 380 2187 488">
     <span class='ocr_line' id='line_1_2' title="bbox 1669 380 2187 488; baseline 0.012 -6"><span class='ocrx_word' id='word_1_2' title='bbox 1669 380 1869 484; x_wconf 67' lang='lat' dir='ltr'><strong>Linea</strong></span> <span class='ocrx_word' id='word_1_3' title='bbox 1910 428 2187 488; x_wconf 78' lang='lat' dir='ltr'><strong>panius.</strong></span> 
     </span>
    </p>
   </div>
   <div class='ocr_carea' id='block_1_3' title="bbox 3413 459 3513 513">
    <p class='ocr_par' dir='ltr' id='par_1_3' title="bbox 3413 459 3513 513">
     <span class='ocr_line' id='line_1_3' title="bbox 3413 459 3513 513; baseline 0 0"><span class='ocrx_word' id='word_1_4' title='bbox 3413 459 3513 513; x_wconf 76' lang='grc'><strong>170</strong></span> 
     </span>
    </p>
   </div>
   <div class='ocr_carea' id='block_1_4' title="bbox 254 526 3513 644">
    <p class='ocr_par' dir='ltr' id='par_1_4' title="bbox 254 526 3513 644">
     <span class='ocr_line' id='line_1_4' title="bbox 254 526 3513 644; baseline 0.007 -65"><span class='ocrx_word' id='word_1_5' title='bbox 254 542 472 596; x_wconf 82' lang='lat' dir='ltr'><strong>agones</strong></span> <span class='ocrx_word' id='word_1_6' title='bbox 501 530 765 600; x_wconf 88' lang='lat' dir='ltr'><strong>quosdam</strong></span> <span class='ocrx_word' id='word_1_7' title='bbox 808 542 969 603; x_wconf 88' lang='lat' dir='ltr'><strong>atque</strong></span> <span class='ocrx_word' id='word_1_8' title='bbox 993 526 1293 594; x_wconf 84' lang='lat' dir='ltr'><strong>certamina</strong></span> <span class='ocrx_word' id='word_1_9' title='bbox 1325 542 1502 621; x_wconf 87' lang='lat' dir='ltr'><strong>omnis</strong></span> <span class='ocrx_word' id='word_1_10' title='bbox 1529 543 1643 599; x_wconf 66' lang='lat' dir='ltr'><strong>hcce</strong></span> <span class='ocrx_word' id='word_1_11' title='bbox 1675 547 1835 602; x_wconf 97' lang='lat' dir='ltr'><strong>habet</strong></span> <span class='ocrx_word' id='word_1_12' title='bbox 1870 559 1910 608; x_wconf 84' lang='grc' dir='ltr'><strong>Α</strong></span> <span class='ocrx_word' id='word_1_13' title='bbox 1944 549 2047 604; x_wconf 89' lang='lat' dir='ltr'><strong>culi</strong></span> <span class='ocrx_word' id='word_1_14' title='bbox 2071 551 2262 619; x_wconf 77' lang='lat' dir='ltr'><strong>spatiis</strong></span> <span class='ocrx_word' id='word_1_15' title='bbox 2297 553 2406 624; x_wconf 64' lang='lat'><strong>(85)</strong></span> <span class='ocrx_word' id='word_1_16' title='bbox 2433 595 2446 619; x_wconf 85' lang='lat'><strong>,</strong></span> <span class='ocrx_word' id='word_1_17' title='bbox 2489 559 2686 624; x_wconf 60' lang='lat' dir='ltr'><strong>quib&quot;,</strong></span> <span class='ocrx_word' id='word_1_18' title='bbox 2727 563 2991 633; x_wconf 56' lang='lat' dir='ltr'><strong>dispersio</strong></span> <span class='ocrx_word' id='word_1_19' title='bbox 3036 567 3126 622; x_wconf 68' lang='lat' dir='ltr'><strong>ma</strong></span> <span class='ocrx_word' id='word_1_20' title='bbox 3168 574 3326 627; x_wconf 63' lang='lat' dir='ltr'><strong>&quot;nius</strong></span> <span class='ocrx_word' id='word_1_21' title='bbox 3366 579 3513 644; x_wconf 51' lang='lat' dir='ltr'><strong>mw</strong></span> 
     </span>
     <span class='ocr_line' id='line_1_5' title="bbox 255 617 2062 644; baseline 0 0"><span class='ocrx_word' id='word_1_22' title='bbox 255 617 375 644; x_wconf 65' lang='grc' dir='ltr'><strong>ι-ἶιι.</strong></span> <span class='ocrx_word' id='word_1_23' title='bbox 410 621 713 644; x_wconf 67' lang='grc' dir='ltr'><strong>ηιΑ-ιιιιε..--.</strong></span> <span class='ocrx_word' id='word_1_24' title='bbox 775 623 886 644; x_wconf 38' lang='grc' dir='ltr'>..-1η</span> <span class='ocrx_word' id='word_1_25' title='bbox 910 636 971 644; x_wconf 63' lang='lat'><strong>_.-</strong></span> <span class='ocrx_word' id='word_1_26' title='bbox 1026 628 1080 644; x_wconf 75' lang='grc' dir='ltr'><strong>,οι</strong></span> <span class='ocrx_word' id='word_1_27' title='bbox 1255 630 1306 644; x_wconf 80' lang='grc' dir='ltr'><strong>οι·</strong></span> <span class='ocrx_word' id='word_1_28' title='bbox 1386 641 1393 644; x_wconf 90' lang='grc'><strong>.</strong></span> <span class='ocrx_word' id='word_1_29' title='bbox 1469 643 1475 644; x_wconf 61' lang='lat'><strong><em>,</em></strong></span> <span class='ocrx_word' id='word_1_30' title='bbox 1977 640 1988 644; x_wconf 85' lang='lat'><em>_</em></span> <span class='ocrx_word' id='word_1_31' title='bbox 2035 642 2062 644; x_wconf 33' lang='grc' dir='ltr'><strong>,Α</strong></span> 
     </span>
    </p>
   </div>
   <div class='ocr_carea' id='block_1_5' title="bbox 255 617 1833 704">
    <p class='ocr_par' dir='ltr' id='par_1_5' title="bbox 255 617 1833 704">
     <span class='ocr_line' id='line_1_6' title="bbox 255 617 1833 704; baseline 0.016 -39"><span class='ocrx_word' id='word_1_32' title='bbox 255 617 377 668; x_wconf 81' lang='lat' dir='ltr'><strong>vita</strong></span> <span class='ocrx_word' id='word_1_33' title='bbox 409 621 742 685; x_wconf 76' lang='lat' dir='ltr'><strong>mortalium,</strong></span> <span class='ocrx_word' id='word_1_34' title='bbox 775 623 1168 688; x_wconf 68' lang='lat' dir='ltr'><strong>reluctantibus</strong></span> <span class='ocrx_word' id='word_1_35' title='bbox 1194 630 1402 685; x_wconf 91' lang='lat' dir='ltr'><strong>scilicet</strong></span> <span class='ocrx_word' id='word_1_36' title='bbox 1427 618 1483 688; x_wconf 83' lang='lat' dir='ltr'><strong>et</strong></span> <span class='ocrx_word' id='word_1_37' title='bbox 1525 651 1833 704; x_wconf 82' lang='lat' dir='ltr'><strong>repugnan-</strong></span> 
     </span>
    </p>
   </div>
   <div class='ocr_carea' id='block_1_6' title="bbox 254 708 1834 796">
    <p class='ocr_par' dir='ltr' id='par_1_6' title="bbox 254 708 1834 796">
     <span class='ocr_line' id='line_1_7' title="bbox 254 708 1834 796; baseline 0.015 -37"><span class='ocrx_word' id='word_1_38' title='bbox 254 708 410 762; x_wconf 89' lang='lat' dir='ltr'><strong>tibus</strong></span> <span class='ocrx_word' id='word_1_39' title='bbox 449 712 734 767; x_wconf 88' lang='lat' dir='ltr'><strong>adversum</strong></span> <span class='ocrx_word' id='word_1_40' title='bbox 776 731 874 771; x_wconf 89' lang='lat' dir='ltr'><strong>nos</strong></span> <span class='ocrx_word' id='word_1_41' title='bbox 926 718 1008 772; x_wconf 90' lang='lat' dir='ltr'><strong>his</strong></span> <span class='ocrx_word' id='word_1_42' title='bbox 1042 721 1136 789; x_wconf 88' lang='lat' dir='ltr'><strong>qui</strong></span> <span class='ocrx_word' id='word_1_43' title='bbox 1169 721 1286 775; x_wconf 83' lang='lat' dir='ltr'><strong>sine</strong></span> <span class='ocrx_word' id='word_1_44' title='bbox 1327 723 1434 778; x_wconf 92' lang='lat' dir='ltr'><strong>ullo</strong></span> <span class='ocrx_word' id='word_1_45' title='bbox 1479 741 1725 796; x_wconf 78' lang='lat' dir='ltr'><strong>reSpecm</strong></span> <span class='ocrx_word' id='word_1_46' title='bbox 1767 731 1834 783; x_wconf 91' lang='lat' dir='ltr'><strong>de</strong></span> 
     </span>
    </p>
   </div>
   <div class='ocr_carea' id='block_1_7' title="bbox 252 803 1832 883">
    <p class='ocr_par' dir='ltr' id='par_1_7' title="bbox 252 803 1832 883">
     <span class='ocr_line' id='line_1_8' title="bbox 252 803 1832 883; baseline 0.016 -34"><span class='ocrx_word' id='word_1_47' title='bbox 252 808 406 853; x_wconf 77' lang='lat' dir='ltr'><strong>statu</strong></span> <span class='ocrx_word' id='word_1_48' title='bbox 437 803 643 859; x_wconf 83' lang='lat' dir='ltr'><strong>meliori</strong></span> <span class='ocrx_word' id='word_1_49' title='bbox 672 807 875 876; x_wconf 79' lang='lat' dir='ltr'><strong>delapsi</strong></span> <span class='ocrx_word' id='word_1_50' title='bbox 903 819 1049 871; x_wconf 88' lang='lat' dir='ltr'><strong>sunt,</strong></span> <span class='ocrx_word' id='word_1_51' title='bbox 1088 813 1176 879; x_wconf 89' lang='lat' dir='ltr'><strong>qui</strong></span> <span class='ocrx_word' id='word_1_52' title='bbox 1211 815 1554 883; x_wconf 81' lang='lat' dir='ltr'><strong>appellantur</strong></span> <span class='ocrx_word' id='word_1_53' title='bbox 1585 820 1832 874; x_wconf 79' lang='lat' dir='ltr'><strong>diabolus</strong></span> 
     </span>
    </p>
   </div>
   <div class='ocr_carea' id='block_1_8' title="bbox 251 893 1830 976">
    <p class='ocr_par' dir='ltr' id='par_1_8' title="bbox 251 893 1830 976">
     <span class='ocr_line' id='line_1_9' title="bbox 251 893 1830 976; baseline 0.013 -35"><span class='ocrx_word' id='word_1_54' title='bbox 251 899 309 941; x_wconf 87' lang='lat' dir='ltr'><strong>et</strong></span> <span class='ocrx_word' id='word_1_55' title='bbox 363 893 532 960; x_wconf 80' lang='lat' dir='ltr'><strong>angeli</strong></span> <span class='ocrx_word' id='word_1_56' title='bbox 581 895 718 963; x_wconf 86' lang='lat' dir='ltr'><strong>ejus,</strong></span> <span class='ocrx_word' id='word_1_57' title='bbox 775 899 1064 967; x_wconf 66' lang='lat' dir='ltr'><strong>caeterique</strong></span> <span class='ocrx_word' id='word_1_58' title='bbox 1117 902 1340 957; x_wconf 79' lang='lat' dir='ltr'><strong>ordines</strong></span> <span class='ocrx_word' id='word_1_59' title='bbox 1398 906 1636 973; x_wconf 66' lang='lat' dir='ltr'><strong>malitiae,</strong></span> <span class='ocrx_word' id='word_1_60' title='bbox 1696 898 1830 976; x_wconf 88' lang='lat' dir='ltr'><strong>quos</strong></span> 
     </span>
    </p>
   </div>
   <div class='ocr_carea' id='block_1_9' title="bbox 254 982 1826 1053">
    <p class='ocr_par' dir='ltr' id='par_1_9' title="bbox 254 982 1826 1053">
     <span class='ocr_line' id='line_1_10' title="bbox 254 982 1826 1053; baseline 0.012 -21"><span class='ocrx_word' id='word_1_61' title='bbox 254 982 555 1049; x_wconf 76' lang='lat' dir='ltr'><strong>Apostolus</strong></span> <span class='ocrx_word' id='word_1_62' title='bbox 582 987 648 1039; x_wconf 92' lang='lat' dir='ltr'><strong>de</strong></span> <span class='ocrx_word' id='word_1_63' title='bbox 682 988 980 1046; x_wconf 77' lang='lat' dir='ltr'><strong>virtutibus</strong></span> <span class='ocrx_word' id='word_1_64' title='bbox 1012 995 1303 1047; x_wconf 74' lang='lat' dir='ltr'><strong>contrariis</strong></span> <span class='ocrx_word' id='word_1_65' title='bbox 1332 997 1652 1053; x_wconf 80' lang='lat' dir='ltr'><strong>nominavit.</strong></span> <span class='ocrx_word' id='word_1_66' title='bbox 1709 998 1826 1053; x_wconf 83' lang='lat' dir='ltr'><strong>Jam</strong></span> 
     </span>
    </p>
   </div>
   <div class='ocr_carea' id='block_1_10' title="bbox 252 1075 1828 1158">
    <p class='ocr_par' dir='ltr' id='par_1_10' title="bbox 252 1075 1828 1158">
     <span class='ocr_line' id='line_1_11' title="bbox 252 1075 1828 1158; baseline 0.013 -35"><span class='ocrx_word' id='word_1_67' title='bbox 252 1087 393 1126; x_wconf 83' lang='lat' dir='ltr'><strong>vero</strong></span> <span class='ocrx_word' id='word_1_68' title='bbox 420 1075 463 1127; x_wconf 89' lang='lat' dir='ltr'><strong>si</strong></span> <span class='ocrx_word' id='word_1_69' title='bbox 489 1075 651 1144; x_wconf 85' lang='lat' dir='ltr'><strong>aliqui</strong></span> <span class='ocrx_word' id='word_1_70' title='bbox 687 1093 754 1133; x_wconf 76' lang='lat' dir='ltr'><strong>ex</strong></span> <span class='ocrx_word' id='word_1_71' title='bbox 801 1080 884 1135; x_wconf 90' lang='lat' dir='ltr'><strong>bis</strong></span> <span class='ocrx_word' id='word_1_72' title='bbox 913 1084 1199 1138; x_wconf 85' lang='lat' dir='ltr'><strong>ordinibus</strong></span> <span class='ocrx_word' id='word_1_73' title='bbox 1236 1087 1347 1154; x_wconf 90' lang='grc'>(77)</span> <span class='ocrx_word' id='word_1_74' title='bbox 1374 1088 1464 1155; x_wconf 88' lang='lat' dir='ltr'><strong>qtti</strong></span> <span class='ocrx_word' id='word_1_75' title='bbox 1492 1091 1592 1142; x_wconf 88' lang='lat' dir='ltr'><strong>sub</strong></span> <span class='ocrx_word' id='word_1_76' title='bbox 1625 1090 1828 1158; x_wconf 85' lang='lat' dir='ltr'><strong>princi-</strong></span> 
     </span>
    </p>
   </div>
   <div class='ocr_carea' id='block_1_11' title="bbox 245 1167 1828 1250">
    <p class='ocr_par' dir='ltr' id='par_1_11' title="bbox 245 1167 1828 1250">
     <span class='ocr_line' id='line_1_12' title="bbox 245 1167 1828 1250; baseline 0.011 -34"><span class='ocrx_word' id='word_1_77' title='bbox 245 1173 390 1232; x_wconf 84' lang='lat' dir='ltr'><strong>patu</strong></span> <span class='ocrx_word' id='word_1_78' title='bbox 428 1167 623 1222; x_wconf 88' lang='lat' dir='ltr'><strong>diaboli</strong></span> <span class='ocrx_word' id='word_1_79' title='bbox 680 1182 871 1240; x_wconf 86' lang='lat' dir='ltr'><strong>agunt,</strong></span> <span class='ocrx_word' id='word_1_80' title='bbox 910 1191 972 1227; x_wconf 89' lang='lat' dir='ltr'><strong>ac</strong></span> <span class='ocrx_word' id='word_1_81' title='bbox 1022 1176 1243 1231; x_wconf 70' lang='lat' dir='ltr'><strong>malitia:</strong></span> <span class='ocrx_word' id='word_1_82' title='bbox 1280 1178 1397 1244; x_wconf 86' lang='lat' dir='ltr'><strong>ejus</strong></span> <span class='ocrx_word' id='word_1_83' title='bbox 1444 1181 1828 1250; x_wconf 85' lang='lat' dir='ltr'><strong>obtemperant</strong></span> 
     </span>
    </p>
   </div>
   <div class='ocr_carea' id='block_1_12' title="bbox 245 1260 1822 1334">
    <p class='ocr_par' dir='ltr' id='par_1_12' title="bbox 245 1260 1822 1334">
     <span class='ocr_line' id='line_1_13' title="bbox 245 1260 1822 1334; baseline 0.011 -23"><span class='ocrx_word' id='word_1_84' title='bbox 245 1260 392 1329; x_wconf 82' lang='grc'>(78),</span> <span class='ocrx_word' id='word_1_85' title='bbox 424 1272 680 1330; x_wconf 90' lang='lat' dir='ltr'><strong>poterunt</strong></span> <span class='ocrx_word' id='word_1_86' title='bbox 706 1265 1000 1334; x_wconf 89' lang='lat' dir='ltr'><strong>aliquando</strong></span> <span class='ocrx_word' id='word_1_87' title='bbox 1032 1269 1083 1321; x_wconf 91' lang='lat' dir='ltr'><strong>in</strong></span> <span class='ocrx_word' id='word_1_88' title='bbox 1116 1269 1314 1326; x_wconf 79' lang='lat' dir='ltr'><strong>futuris</strong></span> <span class='ocrx_word' id='word_1_89' title='bbox 1344 1274 1557 1326; x_wconf 69' lang='lat' dir='ltr'><strong>saeculis</strong></span> <span class='ocrx_word' id='word_1_90' title='bbox 1583 1275 1822 1328; x_wconf 89' lang='lat' dir='ltr'><strong>converti</strong></span> 
     </span>
    </p>
   </div>
   <div class='ocr_carea' id='block_1_13' title="bbox 243 1351 1825 1432">
    <p class='ocr_par' dir='ltr' id='par_1_13' title="bbox 243 1351 1825 1432">
     <span class='ocr_line' id='line_1_14' title="bbox 243 1351 1825 1432; baseline 0.011 -29"><span class='ocrx_word' id='word_1_91' title='bbox 243 1351 316 1403; x_wconf 83' lang='lat' dir='ltr'><strong>ad</strong></span> <span class='ocrx_word' id='word_1_92' title='bbox 357 1354 671 1420; x_wconf 87' lang='lat' dir='ltr'><strong>bonitatem,</strong></span> <span class='ocrx_word' id='word_1_93' title='bbox 700 1372 798 1426; x_wconf 89' lang='lat' dir='ltr'><strong>pro</strong></span> <span class='ocrx_word' id='word_1_94' title='bbox 845 1373 909 1413; x_wconf 90' lang='lat' dir='ltr'><strong>eo</strong></span> <span class='ocrx_word' id='word_1_95' title='bbox 948 1362 1090 1428; x_wconf 93' lang='lat' dir='ltr'><strong>quod</strong></span> <span class='ocrx_word' id='word_1_96' title='bbox 1117 1363 1274 1416; x_wconf 89' lang='lat' dir='ltr'><strong>estin</strong></span> <span class='ocrx_word' id='word_1_97' title='bbox 1313 1364 1440 1432; x_wconf 85' lang='lat' dir='ltr'><strong>ipsis</strong></span> <span class='ocrx_word' id='word_1_98' title='bbox 1473 1365 1627 1418; x_wconf 85' lang='lat' dir='ltr'><strong>liberi</strong></span> <span class='ocrx_word' id='word_1_99' title='bbox 1650 1365 1825 1420; x_wconf 84' lang='lat' dir='ltr'><strong>.l&#39;acul-</strong></span> 
     </span>
    </p>
   </div>
   <div class='ocr_carea' id='block_1_14' title="bbox 244 1450 1841 1522">
    <p class='ocr_par' dir='ltr' id='par_1_14' title="bbox 244 1450 1841 1522">
     <span class='ocr_line' id='line_1_15' title="bbox 244 1450 1841 1522; baseline 0.011 -24"><span class='ocrx_word' id='word_1_100' title='bbox 244 1457 340 1501; x_wconf 78' lang='lat' dir='ltr'><strong>tas</strong></span> <span class='ocrx_word' id='word_1_101' title='bbox 367 1450 616 1514; x_wconf 87' lang='lat' dir='ltr'><strong>arbitrii;</strong></span> <span class='ocrx_word' id='word_1_102' title='bbox 668 1467 734 1506; x_wconf 91' lang='lat' dir='ltr'><strong>au</strong></span> <span class='ocrx_word' id='word_1_103' title='bbox 771 1467 899 1508; x_wconf 89' lang='lat' dir='ltr'><strong>vero</strong></span> <span class='ocrx_word' id='word_1_104' title='bbox 944 1470 1265 1522; x_wconf 89' lang='lat' dir='ltr'><strong>permanens</strong></span> <span class='ocrx_word' id='word_1_105' title='bbox 1287 1470 1342 1512; x_wconf 85' lang='lat' dir='ltr'><strong>et</strong></span> <span class='ocrx_word' id='word_1_106' title='bbox 1372 1459 1667 1514; x_wconf 82' lang='lat' dir='ltr'><strong>inveterata</strong></span> <span class='ocrx_word' id='word_1_107' title='bbox 1705 1478 1841 1515; x_wconf 68' lang='lat' dir='ltr'><strong>ma—a</strong></span> 
     </span>
    </p>
   </div>
   <div class='ocr_carea' id='block_1_15' title="bbox 241 1539 1821 1617">
    <p class='ocr_par' dir='ltr' id='par_1_15' title="bbox 241 1539 1821 1617">
     <span class='ocr_line' id='line_1_16' title="bbox 241 1539 1821 1617; baseline 0.012 -26"><span class='ocrx_word' id='word_1_108' title='bbox 241 1539 370 1592; x_wconf 86' lang='lat' dir='ltr'><strong>litia</strong></span> <span class='ocrx_word' id='word_1_109' title='bbox 406 1542 552 1596; x_wconf 87' lang='lat' dir='ltr'><strong>velut</strong></span> <span class='ocrx_word' id='word_1_110' title='bbox 604 1543 656 1596; x_wconf 93' lang='lat' dir='ltr'><strong>in</strong></span> <span class='ocrx_word' id='word_1_111' title='bbox 698 1556 948 1600; x_wconf 82' lang='lat' dir='ltr'><strong>naturam</strong></span> <span class='ocrx_word' id='word_1_112' title='bbox 978 1551 1272 1617; x_wconf 88' lang='lat' dir='ltr'><strong>quamdam</strong></span> <span class='ocrx_word' id='word_1_113' title='bbox 1308 1566 1376 1606; x_wconf 83' lang='lat' dir='ltr'><strong>ex</strong></span> <span class='ocrx_word' id='word_1_114' title='bbox 1425 1557 1821 1610; x_wconf 85' lang='lat' dir='ltr'><strong>consuetudine</strong></span> 
     </span>
    </p>
   </div>
   <div class='ocr_carea' id='block_1_16' title="bbox 239 1638 1820 1712">
    <p class='ocr_par' dir='ltr' id='par_1_16' title="bbox 239 1638 1820 1712">
     <span class='ocr_line' id='line_1_17' title="bbox 239 1638 1820 1712; baseline 0.011 -28"><span class='ocrx_word' id='word_1_115' title='bbox 239 1642 624 1701; x_wconf 79' lang='lat' dir='ltr'><strong>convertatur,</strong></span> <span class='ocrx_word' id='word_1_116' title='bbox 665 1638 832 1690; x_wconf 88' lang='lat' dir='ltr'><strong>etiam</strong></span> <span class='ocrx_word' id='word_1_117' title='bbox 877 1648 930 1692; x_wconf 84' lang='grc' dir='ltr'><strong>ιιι</strong></span> <span class='ocrx_word' id='word_1_118' title='bbox 964 1642 1054 1709; x_wconf 94' lang='lat' dir='ltr'><strong>qui</strong></span> <span class='ocrx_word' id='word_1_119' title='bbox 1110 1642 1242 1711; x_wconf 85' lang='lat' dir='ltr'><strong>legis</strong></span> <span class='ocrx_word' id='word_1_120' title='bbox 1277 1644 1523 1712; x_wconf 88' lang='lat' dir='ltr'><strong>probato,</strong></span> <span class='ocrx_word' id='word_1_121' title='bbox 1560 1646 1604 1699; x_wconf 89' lang='lat' dir='ltr'><strong>si</strong></span> <span class='ocrx_word' id='word_1_122' title='bbox 1645 1649 1820 1701; x_wconf 82' lang='lat' dir='ltr'><strong>omni-</strong></span> 
     </span>
    </p>
   </div>
   <div class='ocr_carea' id='block_1_17' title="bbox 241 1726 1816 1805">
    <p class='ocr_par' dir='ltr' id='par_1_17' title="bbox 241 1726 1816 1805">
     <span class='ocr_line' id='line_1_18' title="bbox 241 1726 1816 1805; baseline 0.012 -29"><span class='ocrx_word' id='word_1_123' title='bbox 241 1727 409 1778; x_wconf 84' lang='lat' dir='ltr'><strong>mode</strong></span> <span class='ocrx_word' id='word_1_124' title='bbox 439 1740 614 1795; x_wconf 89' lang='lat' dir='ltr'><strong>neque</strong></span> <span class='ocrx_word' id='word_1_125' title='bbox 645 1726 697 1781; x_wconf 92' lang='lat' dir='ltr'><strong>in</strong></span> <span class='ocrx_word' id='word_1_126' title='bbox 739 1730 841 1783; x_wconf 88' lang='lat' dir='ltr'><strong>bis&#39;</strong></span> <span class='ocrx_word' id='word_1_127' title='bbox 866 1746 986 1798; x_wconf 75' lang='lat' dir='ltr'><strong>qua:</strong></span> <span class='ocrx_word' id='word_1_128' title='bbox 1018 1734 1269 1788; x_wconf 91' lang='lat' dir='ltr'><strong>videntur</strong></span> <span class='ocrx_word' id='word_1_129' title='bbox 1298 1739 1684 1805; x_wconf 86' lang='lat' dir='ltr'><strong>temporalibus</strong></span> <span class='ocrx_word' id='word_1_130' title='bbox 1715 1756 1816 1794; x_wconf 63' lang='lat' dir='ltr'><strong>sae-</strong></span> 
     </span>
    </p>
   </div>
   <div class='ocr_carea' id='block_1_18' title="bbox 235 1817 1816 1898">
    <p class='ocr_par' dir='ltr' id='par_1_18' title="bbox 235 1817 1816 1898">
     <span class='ocr_line' id='line_1_19' title="bbox 235 1817 1816 1898; baseline 0.01 -28"><span class='ocrx_word' id='word_1_131' title='bbox 235 1817 412 1881; x_wconf 90' lang='lat' dir='ltr'><strong>culis,</strong></span> <span class='ocrx_word' id='word_1_132' title='bbox 437 1834 606 1887; x_wconf 85' lang='lat' dir='ltr'><strong>neque</strong></span> <span class='ocrx_word' id='word_1_133' title='bbox 634 1823 684 1874; x_wconf 88' lang='lat' dir='ltr'><strong>in</strong></span> <span class='ocrx_word' id='word_1_134' title='bbox 714 1821 798 1874; x_wconf 90' lang='lat' dir='ltr'><strong>his</strong></span> <span class='ocrx_word' id='word_1_135' title='bbox 820 1837 940 1891; x_wconf 65' lang='lat' dir='ltr'><strong>qua:</strong></span> <span class='ocrx_word' id='word_1_136' title='bbox 967 1841 1070 1878; x_wconf 86' lang='lat' dir='ltr'><strong>non</strong></span> <span class='ocrx_word' id='word_1_137' title='bbox 1096 1826 1346 1881; x_wconf 88' lang='lat' dir='ltr'><strong>videntur</strong></span> <span class='ocrx_word' id='word_1_138' title='bbox 1369 1837 1420 1882; x_wconf 90' lang='lat' dir='ltr'><strong>et</strong></span> <span class='ocrx_word' id='word_1_139' title='bbox 1450 1840 1650 1885; x_wconf 63' lang='lat' dir='ltr'><strong>aeterna</strong></span> <span class='ocrx_word' id='word_1_140' title='bbox 1671 1841 1816 1898; x_wconf 91' lang='lat' dir='ltr'><strong>sunt,</strong></span> 
     </span>
    </p>
   </div>
   <div class='ocr_carea' id='block_1_19' title="bbox 1942 640 3512 739">
    <p class='ocr_par' dir='ltr' id='par_1_19' title="bbox 1942 640 3512 739">
     <span class='ocr_line' id='line_1_20' title="bbox 1942 640 3512 739; baseline 0.018 -46"><span class='ocrx_word' id='word_1_141' title='bbox 1942 640 2065 710; x_wconf 89' lang='lat' dir='ltr'><strong>cipii</strong></span> <span class='ocrx_word' id='word_1_142' title='bbox 2095 652 2258 711; x_wconf 88' lang='lat' dir='ltr'><strong>atque</strong></span> <span class='ocrx_word' id='word_1_143' title='bbox 2286 645 2483 701; x_wconf 87' lang='lat' dir='ltr'><strong>divisio</strong></span> <span class='ocrx_word' id='word_1_144' title='bbox 2515 651 2579 700; x_wconf 87' lang='lat' dir='ltr'><strong>ad</strong></span> <span class='ocrx_word' id='word_1_145' title='bbox 2613 668 2776 705; x_wconf 86' lang='lat' dir='ltr'><strong>unum</strong></span> <span class='ocrx_word' id='word_1_146' title='bbox 2823 666 2875 708; x_wconf 89' lang='lat' dir='ltr'><strong>et</strong></span> <span class='ocrx_word' id='word_1_147' title='bbox 2911 654 3159 715; x_wconf 79' lang='lat' dir='ltr'><strong>eumdem</strong></span> <span class='ocrx_word' id='word_1_148' title='bbox 3205 640 3377 719; x_wconf 71' lang='lat' dir='ltr'><strong>lineui</strong></span> <span class='ocrx_word' id='word_1_149' title='bbox 3403 669 3512 739; x_wconf 82' lang='grc'>(85)</span> 
     </span>
    </p>
   </div>
   <div class='ocr_carea' id='block_1_20' title="bbox 1941 733 3513 823">
    <p class='ocr_par' dir='ltr' id='par_1_20' title="bbox 1941 733 3513 823">
     <span class='ocr_line' id='line_1_21' title="bbox 1941 733 3513 823; baseline 0.019 -39"><span class='ocrx_word' id='word_1_150' title='bbox 1941 745 2004 786; x_wconf 87' lang='lat' dir='ltr'><strong>ac</strong></span> <span class='ocrx_word' id='word_1_151' title='bbox 2035 733 2449 792; x_wconf 84' lang='lat' dir='ltr'><strong>similitudinem</strong></span> <span class='ocrx_word' id='word_1_152' title='bbox 2478 753 2760 808; x_wconf 83' lang='lat' dir='ltr'><strong>reparetur</strong></span> <span class='ocrx_word' id='word_1_153' title='bbox 2788 765 2799 799; x_wconf 86' lang='lat'>:</span> <span class='ocrx_word' id='word_1_154' title='bbox 2833 765 2897 800; x_wconf 86' lang='lat' dir='ltr'><strong>an</strong></span> <span class='ocrx_word' id='word_1_155' title='bbox 2930 765 3101 818; x_wconf 89' lang='lat' dir='ltr'><strong>proco</strong></span> <span class='ocrx_word' id='word_1_156' title='bbox 3125 757 3266 823; x_wconf 90' lang='lat' dir='ltr'><strong>quod</strong></span> <span class='ocrx_word' id='word_1_157' title='bbox 3295 733 3513 814; x_wconf 82' lang='lat' dir='ltr'><strong>habitus</strong></span> 
     </span>
    </p>
   </div>
   <div class='ocr_carea' id='block_1_21' title="bbox 1938 825 3511 911">
    <p class='ocr_par' dir='ltr' id='par_1_21' title="bbox 1938 825 3511 911">
     <span class='ocr_line' id='line_1_22' title="bbox 1938 825 3511 911; baseline 0.018 -36"><span class='ocrx_word' id='word_1_158' title='bbox 1938 825 2158 892; x_wconf 89' lang='lat' dir='ltr'><strong>quidem</strong></span> <span class='ocrx_word' id='word_1_159' title='bbox 2186 841 2372 882; x_wconf 92' lang='lat' dir='ltr'><strong>eorum</strong></span> <span class='ocrx_word' id='word_1_160' title='bbox 2402 845 2520 900; x_wconf 77' lang='lat' dir='ltr'><strong>quae</strong></span> <span class='ocrx_word' id='word_1_161' title='bbox 2562 835 2830 902; x_wconf 88' lang='lat' dir='ltr'><strong>videntur,</strong></span> <span class='ocrx_word' id='word_1_162' title='bbox 2887 851 3153 911; x_wconf 85' lang='lat' dir='ltr'><strong>transeat,</strong></span> <span class='ocrx_word' id='word_1_163' title='bbox 3187 862 3292 902; x_wconf 92' lang='lat' dir='ltr'><strong>non</strong></span> <span class='ocrx_word' id='word_1_164' title='bbox 3331 859 3511 905; x_wconf 90' lang='lat' dir='ltr'><strong>tamen</strong></span> 
     </span>
    </p>
   </div>
   <div class='ocr_carea' id='block_1_22' title="bbox 1938 920 3510 1003">
    <p class='ocr_par' dir='ltr' id='par_1_22' title="bbox 1938 920 3510 1003">
     <span class='ocr_line' id='line_1_23' title="bbox 1938 920 3510 1003; baseline 0.02 -36"><span class='ocrx_word' id='word_1_165' title='bbox 1938 931 2125 970; x_wconf 91' lang='lat' dir='ltr'><strong>eorum</strong></span> <span class='ocrx_word' id='word_1_166' title='bbox 2153 920 2457 976; x_wconf 85' lang='lat' dir='ltr'><strong>substantia</strong></span> <span class='ocrx_word' id='word_1_167' title='bbox 2487 927 2796 981; x_wconf 80' lang='lat' dir='ltr'><strong>Onmimode</strong></span> <span class='ocrx_word' id='word_1_168' title='bbox 2831 946 3236 1003; x_wconf 85' lang='lat' dir='ltr'><strong>corrumpatur.</strong></span> <span class='ocrx_word' id='word_1_169' title='bbox 3270 940 3334 993; x_wconf 89' lang='lat' dir='ltr'><strong>Et</strong></span> <span class='ocrx_word' id='word_1_170' title='bbox 3373 941 3510 997; x_wconf 86' lang='lat' dir='ltr'><strong>Pau-</strong></span> 
     </span>
    </p>
   </div>
   <div class='ocr_carea' id='block_1_23' title="bbox 1939 1007 3510 1096">
    <p class='ocr_par' dir='ltr' id='par_1_23' title="bbox 1939 1007 3510 1096">
     <span class='ocr_line' id='line_1_24' title="bbox 1939 1007 3510 1096; baseline 0.02 -38"><span class='ocrx_word' id='word_1_171' title='bbox 1939 1007 2024 1061; x_wconf 90' lang='lat' dir='ltr'><strong>lus</strong></span> <span class='ocrx_word' id='word_1_172' title='bbox 2051 1011 2265 1077; x_wconf 85' lang='lat' dir='ltr'><strong>quidem</strong></span> <span class='ocrx_word' id='word_1_173' title='bbox 2297 1014 2507 1068; x_wconf 85' lang='lat' dir='ltr'><strong>videtur</strong></span> <span class='ocrx_word' id='word_1_174' title='bbox 2540 1018 2612 1080; x_wconf 88' lang='lat' dir='ltr'><strong>id,</strong></span> <span class='ocrx_word' id='word_1_175' title='bbox 2640 1022 2779 1085; x_wconf 90' lang='lat' dir='ltr'><strong>quod</strong></span> <span class='ocrx_word' id='word_1_176' title='bbox 2800 1027 3070 1090; x_wconf 84' lang='lat' dir='ltr'><strong>posterius</strong></span> <span class='ocrx_word' id='word_1_177' title='bbox 3089 1029 3347 1096; x_wconf 81' lang='lat' dir='ltr'><strong>diximus,</strong></span> <span class='ocrx_word' id='word_1_178' title='bbox 3373 1048 3510 1088; x_wconf 86' lang='lat' dir='ltr'><strong>con-</strong></span> 
     </span>
    </p>
   </div>
   <div class='ocr_carea' id='block_1_24' title="bbox 1945 1100 3508 1194">
    <p class='ocr_par' dir='ltr' id='par_1_24' title="bbox 1945 1100 3508 1194">
     <span class='ocr_line' id='line_1_25' title="bbox 1945 1100 3508 1194; baseline 0.017 -41"><span class='ocrx_word' id='word_1_179' title='bbox 1945 1100 2193 1167; x_wconf 80' lang='lat' dir='ltr'><strong>firmare.</strong></span> <span class='ocrx_word' id='word_1_180' title='bbox 2226 1121 2348 1158; x_wconf 85' lang='lat' dir='ltr'><strong>cum</strong></span> <span class='ocrx_word' id='word_1_181' title='bbox 2375 1107 2503 1161; x_wconf 89' lang='lat' dir='ltr'><strong>dicit</strong></span> <span class='ocrx_word' id='word_1_182' title='bbox 2540 1129 2550 1162; x_wconf 90' lang='lat'><strong>:</strong></span> <span class='ocrx_word' id='word_1_183' title='bbox 2583 1127 2600 1160; x_wconf 85' lang='lat' dir='ltr'><strong>t</strong></span> <span class='ocrx_word' id='word_1_184' title='bbox 2644 1111 2866 1168; x_wconf 84' lang='lat' dir='ltr'><strong>Transit</strong></span> <span class='ocrx_word' id='word_1_185' title='bbox 2908 1118 3054 1171; x_wconf 89' lang='lat' dir='ltr'><strong>enim</strong></span> <span class='ocrx_word' id='word_1_186' title='bbox 3093 1121 3309 1178; x_wconf 89' lang='lat' dir='ltr'><strong>habitus</strong></span> <span class='ocrx_word' id='word_1_187' title='bbox 3349 1125 3508 1194; x_wconf 82' lang='lat' dir='ltr'><strong>huius</strong></span> 
     </span>
    </p>
   </div>
   <div class='ocr_carea' id='block_1_25' title="bbox 1937 1193 3504 1284">
    <p class='ocr_par' dir='ltr' id='par_1_25' title="bbox 1937 1193 3504 1284">
     <span class='ocr_line' id='line_1_26' title="bbox 1937 1193 3504 1284; baseline 0.02 -41"><span class='ocrx_word' id='word_1_188' title='bbox 1937 1193 2118 1246; x_wconf 88' lang='lat' dir='ltr'><strong>mundi</strong></span> <span class='ocrx_word' id='word_1_189' title='bbox 2141 1194 2203 1247; x_wconf 77' lang='grc'><strong>¹⁸.</strong></span> <span class='ocrx_word' id='word_1_190' title='bbox 2228 1214 2246 1246; x_wconf 87' lang='grc'><strong>›</strong></span> <span class='ocrx_word' id='word_1_191' title='bbox 2271 1195 2376 1250; x_wconf 87' lang='lat' dir='ltr'><strong>Sed</strong></span> <span class='ocrx_word' id='word_1_192' title='bbox 2417 1206 2469 1252; x_wconf 88' lang='lat' dir='ltr'><strong>et</strong></span> <span class='ocrx_word' id='word_1_193' title='bbox 2495 1198 2666 1256; x_wconf 77' lang='lat' dir='ltr'><strong>David</strong></span> <span class='ocrx_word' id='word_1_194' title='bbox 2692 1221 2811 1258; x_wconf 90' lang='lat' dir='ltr'><strong>cum</strong></span> <span class='ocrx_word' id='word_1_195' title='bbox 2840 1207 3000 1265; x_wconf 81' lang='lat' dir='ltr'><strong>dicit:</strong></span> <span class='ocrx_word' id='word_1_196' title='bbox 3027 1229 3044 1261; x_wconf 84' lang='lat'><strong>(</strong></span> <span class='ocrx_word' id='word_1_197' title='bbox 3071 1211 3204 1266; x_wconf 56' lang='lat' dir='ltr'><strong>Caeli</strong></span> <span class='ocrx_word' id='word_1_198' title='bbox 3231 1193 3504 1284; x_wconf 85' lang='lat' dir='ltr'><strong>peribunt,</strong></span> 
     </span>
    </p>
   </div>
   <div class='ocr_carea' id='block_1_26' title="bbox 1936 1291 3502 1363">
    <p class='ocr_par' dir='ltr' id='par_1_26' title="bbox 1936 1291 3502 1363">
     <span class='ocr_line' id='line_1_27' title="bbox 1936 1291 3502 1363; baseline 0.019 -29"><span class='ocrx_word' id='word_1_199' title='bbox 1936 1291 1989 1335; x_wconf 92' lang='lat' dir='ltr'><strong>tu</strong></span> <span class='ocrx_word' id='word_1_200' title='bbox 2024 1294 2201 1339; x_wconf 90' lang='lat' dir='ltr'><strong>autem</strong></span> <span class='ocrx_word' id='word_1_201' title='bbox 2230 1291 2599 1356; x_wconf 86' lang='lat' dir='ltr'><strong>permanebis,</strong></span> <span class='ocrx_word' id='word_1_202' title='bbox 2637 1304 2689 1348; x_wconf 93' lang='lat' dir='ltr'><strong>et</strong></span> <span class='ocrx_word' id='word_1_203' title='bbox 2712 1310 2902 1352; x_wconf 90' lang='lat' dir='ltr'><strong>omnes</strong></span> <span class='ocrx_word' id='word_1_204' title='bbox 2929 1302 3071 1355; x_wconf 90' lang='lat' dir='ltr'><strong>sicut</strong></span> <span class='ocrx_word' id='word_1_205' title='bbox 3115 1307 3502 1363; x_wconf 78' lang='lat' dir='ltr'><strong>vestimentum</strong></span> 
     </span>
    </p>
   </div>
   <div class='ocr_carea' id='block_1_27' title="bbox 1931 1382 3506 1460">
    <p class='ocr_par' dir='ltr' id='par_1_27' title="bbox 1931 1382 3506 1460">
     <span class='ocr_line' id='line_1_28' title="bbox 1931 1382 3506 1460; baseline 0.021 -36"><span class='ocrx_word' id='word_1_206' title='bbox 1931 1384 2274 1430; x_wconf 87' lang='lat' dir='ltr'><strong>veterascent</strong></span> <span class='ocrx_word' id='word_1_207' title='bbox 2299 1419 2314 1442; x_wconf 91' lang='lat'><strong>,</strong></span> <span class='ocrx_word' id='word_1_208' title='bbox 2347 1382 2581 1460; x_wconf 5' lang='lat' dir='ltr'><strong>etpvelut</strong></span> <span class='ocrx_word' id='word_1_209' title='bbox 2630 1388 2888 1443; x_wconf 85' lang='lat' dir='ltr'><strong>amictum</strong></span> <span class='ocrx_word' id='word_1_210' title='bbox 2925 1396 3157 1449; x_wconf 89' lang='lat' dir='ltr'><strong>mutabis</strong></span> <span class='ocrx_word' id='word_1_211' title='bbox 3199 1414 3327 1460; x_wconf 90' lang='lat' dir='ltr'><strong>eos.</strong></span> <span class='ocrx_word' id='word_1_212' title='bbox 3362 1403 3506 1457; x_wconf 88' lang='lat' dir='ltr'><strong>sicut</strong></span> 
     </span>
    </p>
   </div>
   <div class='ocr_carea' id='block_1_28' title="bbox 1930 1456 3504 1548">
    <p class='ocr_par' dir='ltr' id='par_1_28' title="bbox 1930 1456 3504 1548">
     <span class='ocr_line' id='line_1_29' title="bbox 1930 1456 3504 1548; baseline 0.02 -30"><span class='ocrx_word' id='word_1_213' title='bbox 1930 1468 2313 1523; x_wconf 84' lang='lat' dir='ltr'><strong>vestimentum</strong></span> <span class='ocrx_word' id='word_1_214' title='bbox 2343 1456 2695 1529; x_wconf 85' lang='lat' dir='ltr'><strong>mutabuntur</strong></span> <span class='ocrx_word' id='word_1_215' title='bbox 2719 1480 2815 1544; x_wconf 81' lang='grc' dir='ltr'><strong>¹³,ι</strong></span> <span class='ocrx_word' id='word_1_216' title='bbox 2854 1485 3044 1538; x_wconf 88' lang='lat' dir='ltr'><strong>eadem</strong></span> <span class='ocrx_word' id='word_1_217' title='bbox 3075 1489 3288 1543; x_wconf 90' lang='lat' dir='ltr'><strong>videtur</strong></span> <span class='ocrx_word' id='word_1_218' title='bbox 3318 1503 3504 1548; x_wconf 84' lang='lat' dir='ltr'><strong>osten-</strong></span> 
     </span>
    </p>
   </div>
   <div class='ocr_carea' id='block_1_29' title="bbox 1930 1559 3502 1652">
    <p class='ocr_par' dir='ltr' id='par_1_29' title="bbox 1930 1559 3502 1652">
     <span class='ocr_line' id='line_1_30' title="bbox 1930 1559 3502 1652; baseline 0.019 -42"><span class='ocrx_word' id='word_1_219' title='bbox 1930 1559 2076 1612; x_wconf 85' lang='lat' dir='ltr'><strong>dere.</strong></span> <span class='ocrx_word' id='word_1_220' title='bbox 2112 1559 2168 1613; x_wconf 90' lang='lat' dir='ltr'><strong>Si</strong></span> <span class='ocrx_word' id='word_1_221' title='bbox 2197 1562 2339 1615; x_wconf 89' lang='lat' dir='ltr'><strong>enim</strong></span> <span class='ocrx_word' id='word_1_222' title='bbox 2374 1566 2731 1622; x_wconf 85' lang='lat' dir='ltr'><strong>mutabuntur</strong></span> <span class='ocrx_word' id='word_1_223' title='bbox 2761 1571 2885 1626; x_wconf 69' lang='grc' dir='ltr'><strong>οωιί</strong></span> <span class='ocrx_word' id='word_1_224' title='bbox 2908 1614 2921 1635; x_wconf 85' lang='grc'>,</span> <span class='ocrx_word' id='word_1_225' title='bbox 2970 1577 3153 1644; x_wconf 87' lang='lat' dir='ltr'><strong>utique</strong></span> <span class='ocrx_word' id='word_1_226' title='bbox 3201 1596 3306 1634; x_wconf 92' lang='lat' dir='ltr'><strong>non</strong></span> <span class='ocrx_word' id='word_1_227' title='bbox 3358 1587 3502 1652; x_wconf 91' lang='lat' dir='ltr'><strong>perit</strong></span> 
     </span>
    </p>
   </div>
   <div class='ocr_carea' id='block_1_30' title="bbox 1928 1647 3497 1737">
    <p class='ocr_par' dir='ltr' id='par_1_30' title="bbox 1928 1647 3497 1737">
     <span class='ocr_line' id='line_1_31' title="bbox 1928 1647 3497 1737; baseline 0.018 -40"><span class='ocrx_word' id='word_1_228' title='bbox 1928 1647 2069 1715; x_wconf 89' lang='lat' dir='ltr'><strong>quod</strong></span> <span class='ocrx_word' id='word_1_229' title='bbox 2125 1658 2397 1717; x_wconf 87' lang='lat' dir='ltr'><strong>mutatur;</strong></span> <span class='ocrx_word' id='word_1_230' title='bbox 2437 1662 2491 1707; x_wconf 92' lang='lat' dir='ltr'><strong>et</strong></span> <span class='ocrx_word' id='word_1_231' title='bbox 2540 1656 2584 1709; x_wconf 86' lang='lat' dir='ltr'><strong>si</strong></span> <span class='ocrx_word' id='word_1_232' title='bbox 2619 1657 2834 1714; x_wconf 90' lang='lat' dir='ltr'><strong>habitus</strong></span> <span class='ocrx_word' id='word_1_233' title='bbox 2891 1666 3073 1716; x_wconf 91' lang='lat' dir='ltr'><strong>mundi</strong></span> <span class='ocrx_word' id='word_1_234' title='bbox 3128 1647 3497 1737; x_wconf 19' lang='lat' dir='ltr'><strong>transitinon</strong></span> 
     </span>
    </p>
   </div>
   <div class='ocr_carea' id='block_1_31' title="bbox 1927 1738 3497 1818">
    <p class='ocr_par' dir='ltr' id='par_1_31' title="bbox 1927 1738 3497 1818">
     <span class='ocr_line' id='line_1_32' title="bbox 1927 1738 3497 1818; baseline 0.015 -29"><span class='ocrx_word' id='word_1_235' title='bbox 1927 1738 2234 1794; x_wconf 90' lang='lat' dir='ltr'><strong>omnimode</strong></span> <span class='ocrx_word' id='word_1_236' title='bbox 2302 1745 2682 1799; x_wconf 77' lang='lat' dir='ltr'><strong>exterminatio</strong></span> <span class='ocrx_word' id='word_1_237' title='bbox 2745 1751 2826 1802; x_wconf 91' lang='lat' dir='ltr'><strong>vel</strong></span> <span class='ocrx_word' id='word_1_238' title='bbox 2896 1755 3125 1818; x_wconf 87' lang='lat' dir='ltr'><strong>perditio</strong></span> <span class='ocrx_word' id='word_1_239' title='bbox 3177 1758 3497 1812; x_wconf 73' lang='lat' dir='ltr'><strong>substantiae</strong></span> 
     </span>
    </p>
   </div>
   <div class='ocr_carea' id='block_1_32' title="bbox 1929 1830 3494 1916">
    <p class='ocr_par' dir='ltr' id='par_1_32' title="bbox 1929 1830 3494 1916">
     <span class='ocr_line' id='line_1_33' title="bbox 1929 1830 3494 1916; baseline 0.015 -36"><span class='ocrx_word' id='word_1_240' title='bbox 1929 1830 2224 1884; x_wconf 82' lang='lat' dir='ltr'><strong>tnaterialis</strong></span> <span class='ocrx_word' id='word_1_241' title='bbox 2255 1834 2596 1902; x_wconf 88' lang='lat' dir='ltr'><strong>ostenditur,</strong></span> <span class='ocrx_word' id='word_1_242' title='bbox 2646 1840 2740 1893; x_wconf 90' lang='lat' dir='ltr'><strong>sed</strong></span> <span class='ocrx_word' id='word_1_243' title='bbox 2782 1841 3088 1899; x_wconf 88' lang='lat' dir='ltr'><strong>immutatio</strong></span> <span class='ocrx_word' id='word_1_244' title='bbox 3139 1850 3388 1916; x_wconf 79' lang='lat' dir='ltr'><strong>quaedam</strong></span> <span class='ocrx_word' id='word_1_245' title='bbox 3431 1851 3494 1903; x_wconf 83' lang='lat' dir='ltr'><strong>lit</strong></span> 
     </span>
    </p>
   </div>
   <div class='ocr_carea' id='block_1_33' title="bbox 235 1911 1812 2011">
    <p class='ocr_par' dir='ltr' id='par_1_33' title="bbox 235 1911 1812 1994">
     <span class='ocr_line' id='line_1_34' title="bbox 235 1911 1812 1994; baseline 0.014 -35"><span class='ocrx_word' id='word_1_246' title='bbox 235 1911 465 1975; x_wconf 84' lang='lat' dir='ltr'><strong>penitus</strong></span> <span class='ocrx_word' id='word_1_247' title='bbox 498 1928 626 1979; x_wconf 89' lang='lat' dir='ltr'><strong>pars</strong></span> <span class='ocrx_word' id='word_1_248' title='bbox 661 1913 763 1966; x_wconf 90' lang='lat' dir='ltr'><strong>ista</strong></span> <span class='ocrx_word' id='word_1_249' title='bbox 793 1917 860 1968; x_wconf 92' lang='lat' dir='ltr'><strong>ab</strong></span> <span class='ocrx_word' id='word_1_250' title='bbox 895 1915 985 1968; x_wconf 91' lang='lat' dir='ltr'><strong>illa</strong></span> <span class='ocrx_word' id='word_1_251' title='bbox 1015 1917 1178 1971; x_wconf 88' lang='lat' dir='ltr'><strong>etiam</strong></span> <span class='ocrx_word' id='word_1_252' title='bbox 1209 1920 1353 1973; x_wconf 88' lang='lat' dir='ltr'><strong>linali</strong></span> <span class='ocrx_word' id='word_1_253' title='bbox 1405 1923 1613 1977; x_wconf 88' lang='lat' dir='ltr'><strong>unitate</strong></span> <span class='ocrx_word' id='word_1_254' title='bbox 1658 1934 1812 1994; x_wconf 84' lang='lat' dir='ltr'><strong>atque</strong></span> 
     </span>
    </p>
   </div>
   <div class='ocr_carea' id='block_1_34' title="bbox 1916 1911 3496 2011">
    <p class='ocr_par' dir='ltr' id='par_1_34' title="bbox 1925 1920 3496 2011">
     <span class='ocr_line' id='line_1_35' title="bbox 1925 1920 3496 2011; baseline 0.018 -42"><span class='ocrx_word' id='word_1_255' title='bbox 1925 1920 2223 1989; x_wconf 83' lang='lat' dir='ltr'><strong>qualitatis,</strong></span> <span class='ocrx_word' id='word_1_256' title='bbox 2257 1933 2418 1992; x_wconf 88' lang='lat' dir='ltr'><strong>atque</strong></span> <span class='ocrx_word' id='word_1_257' title='bbox 2449 1928 2669 1985; x_wconf 89' lang='lat' dir='ltr'><strong>habitus</strong></span> <span class='ocrx_word' id='word_1_258' title='bbox 2699 1934 3130 1992; x_wconf 74' lang='lat' dir='ltr'><strong>transformatio.</strong></span> <span class='ocrx_word' id='word_1_259' title='bbox 3168 1940 3332 1995; x_wconf 88' lang='lat' dir='ltr'><strong>Isaias</strong></span> <span class='ocrx_word' id='word_1_260' title='bbox 3363 1958 3496 2011; x_wconf 89' lang='lat' dir='ltr'><strong>quo-</strong></span> 
     </span>
    </p>
   </div>
   <div class='ocr_carea' id='block_1_35' title="bbox 234 2000 1818 2086">
    <p class='ocr_par' dir='ltr' id='par_1_35' title="bbox 234 2000 1818 2086">
     <span class='ocr_line' id='line_1_36' title="bbox 234 2000 1818 2086; baseline 0.014 -38"><span class='ocrx_word' id='word_1_261' title='bbox 234 2000 622 2053; x_wconf 79' lang='lat' dir='ltr'><strong>t-onvenientia</strong></span> <span class='ocrx_word' id='word_1_262' title='bbox 653 2003 1010 2073; x_wconf 85' lang='lat' dir='ltr'><strong>discrepabit.</strong></span> <span class='ocrx_word' id='word_1_263' title='bbox 1069 2006 1295 2062; x_wconf 82' lang='lat' dir='ltr'><strong>Interim</strong></span> <span class='ocrx_word' id='word_1_264' title='bbox 1335 2021 1442 2064; x_wconf 89' lang='lat' dir='ltr'><strong>tam</strong></span> <span class='ocrx_word' id='word_1_265' title='bbox 1472 2013 1523 2066; x_wconf 92' lang='lat' dir='ltr'><strong>in</strong></span> <span class='ocrx_word' id='word_1_266' title='bbox 1564 2013 1648 2068; x_wconf 89' lang='lat' dir='ltr'><strong>bis</strong></span> <span class='ocrx_word' id='word_1_267' title='bbox 1697 2032 1818 2086; x_wconf 69' lang='lat' dir='ltr'><strong>quae</strong></span> 
     </span>
    </p>
   </div>
   <div class='ocr_carea' id='block_1_36' title="bbox 236 2089 1815 2172">
    <p class='ocr_par' dir='ltr' id='par_1_36' title="bbox 236 2089 1815 2172">
     <span class='ocr_line' id='line_1_37' title="bbox 236 2089 1815 2172; baseline 0.015 -32"><span class='ocrx_word' id='word_1_268' title='bbox 236 2089 500 2145; x_wconf 78' lang='lat' dir='ltr'><strong>videntur</strong></span> <span class='ocrx_word' id='word_1_269' title='bbox 535 2094 646 2162; x_wconf 87' lang='lat'><strong>(79)</strong></span> <span class='ocrx_word' id='word_1_270' title='bbox 675 2105 733 2150; x_wconf 89' lang='lat' dir='ltr'><strong>et</strong></span> <span class='ocrx_word' id='word_1_271' title='bbox 761 2100 1147 2167; x_wconf 86' lang='lat' dir='ltr'><strong>temporalibus</strong></span> <span class='ocrx_word' id='word_1_272' title='bbox 1172 2103 1383 2156; x_wconf 74' lang='lat' dir='ltr'><strong>Saeculis</strong></span> <span class='ocrx_word' id='word_1_273' title='bbox 1411 2120 1571 2172; x_wconf 87' lang='lat' dir='ltr'><strong>quam</strong></span> <span class='ocrx_word' id='word_1_274' title='bbox 1609 2108 1660 2160; x_wconf 91' lang='lat' dir='ltr'><strong>in</strong></span> <span class='ocrx_word' id='word_1_275' title='bbox 1712 2110 1815 2164; x_wconf 90' lang='lat' dir='ltr'><strong>illis</strong></span> 
     </span>
    </p>
   </div>
   <div class='ocr_carea' id='block_1_37' title="bbox 232 2186 1816 2268">
    <p class='ocr_par' dir='ltr' id='par_1_37' title="bbox 232 2186 1816 2268">
     <span class='ocr_line' id='line_1_38' title="bbox 232 2186 1816 2268; baseline 0.013 -35"><span class='ocrx_word' id='word_1_276' title='bbox 232 2197 365 2249; x_wconf 78' lang='lat' dir='ltr'><strong>qua:</strong></span> <span class='ocrx_word' id='word_1_277' title='bbox 390 2199 495 2237; x_wconf 92' lang='lat' dir='ltr'><strong>non</strong></span> <span class='ocrx_word' id='word_1_278' title='bbox 552 2186 806 2241; x_wconf 87' lang='lat' dir='ltr'><strong>videntur</strong></span> <span class='ocrx_word' id='word_1_279' title='bbox 844 2198 898 2243; x_wconf 86' lang='lat' dir='ltr'><strong>et</strong></span> <span class='ocrx_word' id='word_1_280' title='bbox 942 2199 1145 2245; x_wconf 68' lang='lat' dir='ltr'><strong>interna</strong></span> <span class='ocrx_word' id='word_1_281' title='bbox 1199 2205 1347 2258; x_wconf 90' lang='lat' dir='ltr'><strong>sunt,</strong></span> <span class='ocrx_word' id='word_1_282' title='bbox 1373 2210 1563 2250; x_wconf 91' lang='lat' dir='ltr'><strong>omnes</strong></span> <span class='ocrx_word' id='word_1_283' title='bbox 1593 2201 1680 2252; x_wconf 90' lang='lat' dir='ltr'><strong>isti</strong></span> <span class='ocrx_word' id='word_1_284' title='bbox 1719 2217 1816 2268; x_wconf 90' lang='lat' dir='ltr'><strong>pro</strong></span> 
     </span>
    </p>
   </div>
   <div class='ocr_carea' id='block_1_38' title="bbox 231 2275 1816 2359">
    <p class='ocr_par' dir='ltr' id='par_1_38' title="bbox 231 2275 1816 2359">
     <span class='ocr_line' id='line_1_39' title="bbox 231 2275 1816 2359; baseline 0.01 -33"><span class='ocrx_word' id='word_1_285' title='bbox 231 2275 456 2339; x_wconf 89' lang='lat' dir='ltr'><strong>ordine,</strong></span> <span class='ocrx_word' id='word_1_286' title='bbox 503 2292 600 2345; x_wconf 90' lang='lat' dir='ltr'><strong>pro</strong></span> <span class='ocrx_word' id='word_1_287' title='bbox 630 2280 861 2346; x_wconf 88' lang='lat' dir='ltr'><strong>ratione,</strong></span> <span class='ocrx_word' id='word_1_288' title='bbox 896 2297 992 2350; x_wconf 86' lang='lat' dir='ltr'><strong>pro</strong></span> <span class='ocrx_word' id='word_1_289' title='bbox 1031 2285 1191 2338; x_wconf 82' lang='lat' dir='ltr'><strong>modo</strong></span> <span class='ocrx_word' id='word_1_290' title='bbox 1215 2295 1268 2338; x_wconf 86' lang='lat' dir='ltr'><strong>et</strong></span> <span class='ocrx_word' id='word_1_291' title='bbox 1304 2289 1617 2342; x_wconf 82' lang='lat' dir='ltr'><strong>meritorum</strong></span> <span class='ocrx_word' id='word_1_292' title='bbox 1649 2292 1816 2359; x_wconf 83' lang='lat' dir='ltr'><strong>digni-</strong></span> 
     </span>
    </p>
   </div>
   <div class='ocr_carea' id='block_1_39' title="bbox 233 2365 1812 2448">
    <p class='ocr_par' dir='ltr' id='par_1_39' title="bbox 233 2365 1812 2448">
     <span class='ocr_line' id='line_1_40' title="bbox 233 2365 1812 2448; baseline 0.013 -33"><span class='ocrx_word' id='word_1_293' title='bbox 233 2365 450 2419; x_wconf 88' lang='lat' dir='ltr'><strong>tatibus</strong></span> <span class='ocrx_word' id='word_1_294' title='bbox 492 2368 912 2438; x_wconf 89' lang='lat' dir='ltr'><strong>dispensantur;</strong></span> <span class='ocrx_word' id='word_1_295' title='bbox 950 2385 1009 2429; x_wconf 91' lang='lat' dir='ltr'><strong>ut</strong></span> <span class='ocrx_word' id='word_1_296' title='bbox 1056 2377 1146 2430; x_wconf 89' lang='lat' dir='ltr'><strong>alii</strong></span> <span class='ocrx_word' id='word_1_297' title='bbox 1178 2376 1479 2448; x_wconf 62' lang='lat' dir='ltr'><strong>imprimis,</strong></span> <span class='ocrx_word' id='word_1_298' title='bbox 1511 2381 1600 2432; x_wconf 92' lang='lat' dir='ltr'><strong>alii</strong></span> <span class='ocrx_word' id='word_1_299' title='bbox 1638 2382 1688 2433; x_wconf 85' lang='lat' dir='ltr'><strong>in</strong></span> <span class='ocrx_word' id='word_1_300' title='bbox 1725 2385 1812 2437; x_wconf 47' lang='lat' dir='ltr'><strong>se:</strong></span> 
     </span>
    </p>
   </div>
   <div class='ocr_carea' id='block_1_40' title="bbox 227 2459 1813 2541">
    <p class='ocr_par' dir='ltr' id='par_1_40' title="bbox 227 2459 1813 2541">
     <span class='ocr_line' id='line_1_41' title="bbox 227 2459 1813 2541; baseline 0.011 -32"><span class='ocrx_word' id='word_1_301' title='bbox 227 2459 456 2524; x_wconf 83' lang='lat' dir='ltr'><strong>cundis,</strong></span> <span class='ocrx_word' id='word_1_302' title='bbox 485 2462 730 2515; x_wconf 92' lang='lat' dir='ltr'><strong>nonnulli</strong></span> <span class='ocrx_word' id='word_1_303' title='bbox 759 2464 923 2517; x_wconf 88' lang='lat' dir='ltr'><strong>etiam</strong></span> <span class='ocrx_word' id='word_1_304' title='bbox 958 2466 1008 2520; x_wconf 90' lang='lat' dir='ltr'><strong>itt</strong></span> <span class='ocrx_word' id='word_1_305' title='bbox 1036 2466 1239 2523; x_wconf 88' lang='lat' dir='ltr'><strong>ultimis</strong></span> <span class='ocrx_word' id='word_1_306' title='bbox 1267 2470 1618 2540; x_wconf 88' lang='lat' dir='ltr'><strong>temporibus,</strong></span> <span class='ocrx_word' id='word_1_307' title='bbox 1639 2483 1690 2524; x_wconf 92' lang='lat' dir='ltr'><strong>et</strong></span> <span class='ocrx_word' id='word_1_308' title='bbox 1716 2488 1813 2541; x_wconf 87' lang='lat' dir='ltr'><strong>per</strong></span> 
     </span>
    </p>
   </div>
   <div class='ocr_carea' id='block_1_41' title="bbox 155 2547 1832 2626">
    <p class='ocr_par' dir='ltr' id='par_1_41' title="bbox 155 2547 1832 2626">
     <span class='ocr_line' id='line_1_42' title="bbox 155 2547 1832 2626; baseline 0.01 -26"><span class='ocrx_word' id='word_1_309' title='bbox 155 2550 158 2551; x_wconf 66' lang='grc'><strong><em>⁷</em></strong></span> <span class='ocrx_word' id='word_1_310' title='bbox 229 2547 446 2616; x_wconf 85' lang='lat' dir='ltr'><strong>majora</strong></span> <span class='ocrx_word' id='word_1_311' title='bbox 477 2565 539 2603; x_wconf 91' lang='lat' dir='ltr'><strong>ac</strong></span> <span class='ocrx_word' id='word_1_312' title='bbox 567 2555 812 2620; x_wconf 82' lang='lat' dir='ltr'><strong>graviora</strong></span> <span class='ocrx_word' id='word_1_313' title='bbox 866 2555 970 2624; x_wconf 81' lang='lat'><strong>71</strong></span> <span class='ocrx_word' id='word_1_314' title='bbox 1016 2558 1301 2626; x_wconf 89' lang='lat' dir='ltr'><strong>supplicia,</strong></span> <span class='ocrx_word' id='word_1_315' title='bbox 1348 2576 1557 2615; x_wconf 89' lang='lat' dir='ltr'><strong>necnon</strong></span> <span class='ocrx_word' id='word_1_316' title='bbox 1603 2574 1651 2616; x_wconf 93' lang='lat' dir='ltr'><strong>ct</strong></span> <span class='ocrx_word' id='word_1_317' title='bbox 1689 2565 1832 2617; x_wconf 83' lang='lat' dir='ltr'><strong>diu--</strong></span> 
     </span>
    </p>
   </div>
   <div class='ocr_carea' id='block_1_42' title="bbox 229 2640 1811 2723">
    <p class='ocr_par' dir='ltr' id='par_1_42' title="bbox 229 2640 1811 2723">
     <span class='ocr_line' id='line_1_43' title="bbox 229 2640 1811 2723; baseline 0.013 -32"><span class='ocrx_word' id='word_1_318' title='bbox 229 2649 403 2693; x_wconf 88' lang='lat' dir='ltr'><strong>turna</strong></span> <span class='ocrx_word' id='word_1_319' title='bbox 428 2656 491 2694; x_wconf 91' lang='lat' dir='ltr'><strong>ac</strong></span> <span class='ocrx_word' id='word_1_320' title='bbox 523 2643 724 2708; x_wconf 88' lang='lat' dir='ltr'><strong>multis,</strong></span> <span class='ocrx_word' id='word_1_321' title='bbox 751 2656 810 2699; x_wconf 92' lang='lat' dir='ltr'><strong>ut</strong></span> <span class='ocrx_word' id='word_1_322' title='bbox 836 2648 906 2701; x_wconf 88' lang='lat' dir='ltr'><strong>ita</strong></span> <span class='ocrx_word' id='word_1_323' title='bbox 929 2648 1131 2714; x_wconf 88' lang='lat' dir='ltr'><strong>dicam,</strong></span> <span class='ocrx_word' id='word_1_324' title='bbox 1157 2652 1370 2709; x_wconf 66' lang='lat' dir='ltr'><strong>saeculis</strong></span> <span class='ocrx_word' id='word_1_325' title='bbox 1402 2653 1630 2709; x_wconf 90' lang='lat' dir='ltr'><strong>tolerata</strong></span> <span class='ocrx_word' id='word_1_326' title='bbox 1664 2640 1811 2723; x_wconf 85' lang='lat' dir='ltr'><strong>aspe-</strong></span> 
     </span>
    </p>
   </div>
   <div class='ocr_carea' id='block_1_43' title="bbox 227 2732 1807 2811">
    <p class='ocr_par' dir='ltr' id='par_1_43' title="bbox 227 2732 1807 2811">
     <span class='ocr_line' id='line_1_44' title="bbox 227 2732 1807 2811; baseline 0.011 -28"><span class='ocrx_word' id='word_1_327' title='bbox 227 2732 477 2786; x_wconf 89' lang='lat' dir='ltr'><strong>rioribus</strong></span> <span class='ocrx_word' id='word_1_328' title='bbox 510 2736 981 2794; x_wconf 86' lang='lat' dir='ltr'><strong>emendationibus</strong></span> <span class='ocrx_word' id='word_1_329' title='bbox 1019 2747 1262 2811; x_wconf 80' lang='lat' dir='ltr'><strong>reparali</strong></span> <span class='ocrx_word' id='word_1_330' title='bbox 1297 2753 1350 2799; x_wconf 91' lang='lat' dir='ltr'><strong>et</strong></span> <span class='ocrx_word' id='word_1_331' title='bbox 1387 2743 1627 2800; x_wconf 88' lang='lat' dir='ltr'><strong>restituti</strong></span> <span class='ocrx_word' id='word_1_332' title='bbox 1679 2762 1807 2801; x_wconf 80' lang='lat' dir='ltr'><strong>cru-</strong></span> 
     </span>
    </p>
   </div>
   <div class='ocr_carea' id='block_1_44' title="bbox 224 2821 1810 2908">
    <p class='ocr_par' dir='ltr' id='par_1_44' title="bbox 224 2821 1810 2908">
     <span class='ocr_line' id='line_1_45' title="bbox 224 2821 1810 2908; baseline 0.013 -34"><span class='ocrx_word' id='word_1_333' title='bbox 224 2821 539 2878; x_wconf 86' lang='lat' dir='ltr'><strong>ditiouibus</strong></span> <span class='ocrx_word' id='word_1_334' title='bbox 568 2826 743 2892; x_wconf 89' lang='lat' dir='ltr'><strong>primo</strong></span> <span class='ocrx_word' id='word_1_335' title='bbox 775 2829 1054 2898; x_wconf 79' lang='lat' dir='ltr'><strong>angelicis,</strong></span> <span class='ocrx_word' id='word_1_336' title='bbox 1089 2841 1200 2888; x_wconf 89' lang='lat' dir='ltr'><strong>tum</strong></span> <span class='ocrx_word' id='word_1_337' title='bbox 1231 2837 1426 2892; x_wconf 85' lang='lat' dir='ltr'><strong>deinde</strong></span> <span class='ocrx_word' id='word_1_338' title='bbox 1451 2839 1616 2894; x_wconf 90' lang='lat' dir='ltr'><strong>etiam</strong></span> <span class='ocrx_word' id='word_1_339' title='bbox 1649 2854 1810 2908; x_wconf 90' lang='lat' dir='ltr'><strong>supe-</strong></span> 
     </span>
    </p>
   </div>
   <div class='ocr_carea' id='block_1_45' title="bbox 227 2915 1806 3003">
    <p class='ocr_par' dir='ltr' id='par_1_45' title="bbox 227 2915 1806 3003">
     <span class='ocr_line' id='line_1_46' title="bbox 227 2915 1806 3003; baseline 0.011 -37"><span class='ocrx_word' id='word_1_340' title='bbox 227 2915 447 2981; x_wconf 82' lang='lat' dir='ltr'><strong>rjorum</strong></span> <span class='ocrx_word' id='word_1_341' title='bbox 477 2918 590 2986; x_wconf 88' lang='grc'>(80)</span> <span class='ocrx_word' id='word_1_342' title='bbox 621 2919 891 2988; x_wconf 81' lang='lat' dir='ltr'><strong>graduum</strong></span> <span class='ocrx_word' id='word_1_343' title='bbox 935 2922 1250 2991; x_wconf 83' lang='lat' dir='ltr'><strong>virtutibus,</strong></span> <span class='ocrx_word' id='word_1_344' title='bbox 1276 2936 1330 2981; x_wconf 91' lang='lat' dir='ltr'><strong>et</strong></span> <span class='ocrx_word' id='word_1_345' title='bbox 1365 2929 1442 2983; x_wconf 85' lang='lat' dir='ltr'><strong>sic</strong></span> <span class='ocrx_word' id='word_1_346' title='bbox 1467 2931 1570 2998; x_wconf 55' lang='lat' dir='ltr'><strong>per&quot;</strong></span> <span class='ocrx_word' id='word_1_347' title='bbox 1595 2932 1806 3003; x_wconf 81' lang='lat' dir='ltr'><strong>singula</strong></span> 
     </span>
    </p>
   </div>
   <div class='ocr_carea' id='block_1_46' title="bbox 225 3008 1810 3088">
    <p class='ocr_par' dir='ltr' id='par_1_46' title="bbox 225 3008 1810 3088">
     <span class='ocr_line' id='line_1_47' title="bbox 225 3008 1810 3088; baseline 0.011 -29"><span class='ocrx_word' id='word_1_348' title='bbox 225 3008 303 3062; x_wconf 86' lang='lat' dir='ltr'><strong>ad</strong></span> <span class='ocrx_word' id='word_1_349' title='bbox 330 3010 616 3078; x_wconf 86' lang='lat' dir='ltr'><strong>superiora</strong></span> <span class='ocrx_word' id='word_1_350' title='bbox 654 3012 900 3082; x_wconf 85' lang='lat' dir='ltr'><strong>provecti</strong></span> <span class='ocrx_word' id='word_1_351' title='bbox 944 3029 1116 3083; x_wconf 88' lang='lat' dir='ltr'><strong>usque</strong></span> <span class='ocrx_word' id='word_1_352' title='bbox 1156 3021 1222 3071; x_wconf 84' lang='lat' dir='ltr'><strong>ad</strong></span> <span class='ocrx_word' id='word_1_353' title='bbox 1263 3033 1326 3073; x_wconf 89' lang='lat' dir='ltr'><strong>ea</strong></span> <span class='ocrx_word' id='word_1_354' title='bbox 1358 3035 1477 3088; x_wconf 65' lang='lat' dir='ltr'><strong>quae</strong></span> <span class='ocrx_word' id='word_1_355' title='bbox 1513 3019 1810 3077; x_wconf 79' lang='lat' dir='ltr'><strong>sunt’invt-</strong></span> 
     </span>
    </p>
   </div>
   <div class='ocr_carea' id='block_1_47' title="bbox 226 3101 1808 3185">
    <p class='ocr_par' dir='ltr' id='par_1_47' title="bbox 226 3101 1808 3185">
     <span class='ocr_line' id='line_1_48' title="bbox 226 3101 1808 3185; baseline 0.009 -30"><span class='ocrx_word' id='word_1_356' title='bbox 226 3101 416 3156; x_wconf 78' lang='lat' dir='ltr'><strong>sibilia</strong></span> <span class='ocrx_word' id='word_1_357' title='bbox 450 3111 504 3155; x_wconf 91' lang='lat' dir='ltr'><strong>et</strong></span> <span class='ocrx_word' id='word_1_358' title='bbox 526 3108 1099 3176; x_wconf 67' lang='lat' dir='ltr'><strong>aeternaperveniant,</strong></span> <span class='ocrx_word' id='word_1_359' title='bbox 1128 3107 1361 3177; x_wconf 85' lang='lat' dir='ltr'><strong>singulis</strong></span> <span class='ocrx_word' id='word_1_360' title='bbox 1391 3111 1648 3183; x_wconf 86' lang='lat' dir='ltr'><strong>videlicet</strong></span> <span class='ocrx_word' id='word_1_361' title='bbox 1687 3118 1808 3185; x_wconf 47' lang='lat' dir='ltr'><strong>qui;</strong></span> 
     </span>
    </p>
   </div>
   <div class='ocr_carea' id='block_1_48' title="bbox 1921 2019 3495 2101">
    <p class='ocr_par' dir='ltr' id='par_1_48' title="bbox 1921 2019 3495 2101">
     <span class='ocr_line' id='line_1_49' title="bbox 1921 2019 3495 2101; baseline 0.018 -36"><span class='ocrx_word' id='word_1_362' title='bbox 1921 2028 2026 2082; x_wconf 90' lang='lat' dir='ltr'><strong>que</strong></span> <span class='ocrx_word' id='word_1_363' title='bbox 2049 2030 2173 2068; x_wconf 89' lang='lat' dir='ltr'><strong>cunt</strong></span> <span class='ocrx_word' id='word_1_364' title='bbox 2203 2033 2298 2086; x_wconf 85' lang='lat' dir='ltr'><strong>per</strong></span> <span class='ocrx_word' id='word_1_365' title='bbox 2323 2019 2664 2086; x_wconf 86' lang='lat' dir='ltr'><strong>prophetiam</strong></span> <span class='ocrx_word' id='word_1_366' title='bbox 2699 2026 2825 2080; x_wconf 89' lang='lat' dir='ltr'><strong>dicit</strong></span> <span class='ocrx_word' id='word_1_367' title='bbox 2849 2027 2960 2091; x_wconf 78' lang='lat'><strong>(86)</strong></span> <span class='ocrx_word' id='word_1_368' title='bbox 2983 2070 2996 2094; x_wconf 90' lang='lat'><strong>,</strong></span> <span class='ocrx_word' id='word_1_369' title='bbox 3037 2033 3162 2101; x_wconf 89' lang='lat' dir='ltr'><strong>quia</strong></span> <span class='ocrx_word' id='word_1_370' title='bbox 3203 2053 3221 2085; x_wconf 84' lang='grc'><strong>‹</strong></span> <span class='ocrx_word' id='word_1_371' title='bbox 3261 2038 3495 2093; x_wconf 71' lang='grc' dir='ltr'><strong>(ϊὶιςω-</strong></span> 
     </span>
    </p>
   </div>
   <div class='ocr_carea' id='block_1_49' title="bbox 1922 2106 3493 2184">
    <p class='ocr_par' dir='ltr' id='par_1_49' title="bbox 1922 2106 3493 2184">
     <span class='ocr_line' id='line_1_50' title="bbox 1922 2106 3493 2184; baseline 0.016 -26"><span class='ocrx_word' id='word_1_372' title='bbox 1922 2106 2029 2159; x_wconf 87' lang='grc' dir='ltr'><strong>Ιιιιιι</strong></span> <span class='ocrx_word' id='word_1_373' title='bbox 2064 2125 2280 2176; x_wconf 88' lang='lat' dir='ltr'><strong>novum,</strong></span> <span class='ocrx_word' id='word_1_374' title='bbox 2315 2120 2368 2165; x_wconf 90' lang='lat' dir='ltr'><strong>et</strong></span> <span class='ocrx_word' id='word_1_375' title='bbox 2397 2120 2540 2166; x_wconf 91' lang='lat' dir='ltr'><strong>terra</strong></span> <span class='ocrx_word' id='word_1_376' title='bbox 2578 2131 2715 2169; x_wconf 88' lang='lat' dir='ltr'><strong>nova</strong></span> <span class='ocrx_word' id='word_1_377' title='bbox 2740 2118 2802 2184; x_wconf 62' lang='lat'><strong>‘5,</strong></span> <span class='ocrx_word' id='word_1_378' title='bbox 2847 2140 2864 2170; x_wconf 79' lang='grc' dir='ltr'><strong>ι</strong></span> <span class='ocrx_word' id='word_1_379' title='bbox 2910 2122 3140 2180; x_wconf 86' lang='lat' dir='ltr'><strong>similem</strong></span> <span class='ocrx_word' id='word_1_380' title='bbox 3176 2129 3292 2183; x_wconf 87' lang='lat' dir='ltr'><strong>sine</strong></span> <span class='ocrx_word' id='word_1_381' title='bbox 3329 2131 3493 2184; x_wconf 89' lang='lat' dir='ltr'><strong>dubio</strong></span> 
     </span>
    </p>
   </div>
   <div class='ocr_carea' id='block_1_50' title="bbox 1921 2202 3492 2285">
    <p class='ocr_par' dir='ltr' id='par_1_50' title="bbox 1921 2202 3492 2285">
     <span class='ocr_line' id='line_1_51' title="bbox 1921 2202 3492 2285; baseline 0.016 -32"><span class='ocrx_word' id='word_1_382' title='bbox 1921 2202 2161 2268; x_wconf 79' lang='lat' dir='ltr'><strong>suggerit</strong></span> <span class='ocrx_word' id='word_1_383' title='bbox 2217 2203 2578 2259; x_wconf 88' lang='lat' dir='ltr'><strong>intellectum.</strong></span> <span class='ocrx_word' id='word_1_384' title='bbox 2630 2207 2911 2265; x_wconf 85' lang='lat' dir='ltr'><strong>lnnovatio</strong></span> <span class='ocrx_word' id='word_1_385' title='bbox 2973 2231 3202 2285; x_wconf 90' lang='lat' dir='ltr'><strong>namque</strong></span> <span class='ocrx_word' id='word_1_386' title='bbox 3258 2223 3374 2274; x_wconf 67' lang='lat' dir='ltr'><strong>coeli</strong></span> <span class='ocrx_word' id='word_1_387' title='bbox 3440 2236 3492 2278; x_wconf 93' lang='lat' dir='ltr'><strong>ct</strong></span> 
     </span>
    </p>
   </div>
   <div class='ocr_carea' id='block_1_51' title="bbox 1920 2297 3487 2376">
    <p class='ocr_par' dir='ltr' id='par_1_51' title="bbox 1920 2297 3487 2376">
     <span class='ocr_line' id='line_1_52' title="bbox 1920 2297 3487 2376; baseline 0.011 -33"><span class='ocrx_word' id='word_1_388' title='bbox 1920 2301 2077 2344; x_wconf 74' lang='lat' dir='ltr'><strong>terrae</strong></span> <span class='ocrx_word' id='word_1_389' title='bbox 2103 2302 2158 2345; x_wconf 93' lang='lat' dir='ltr'><strong>et</strong></span> <span class='ocrx_word' id='word_1_390' title='bbox 2222 2297 2604 2352; x_wconf 89' lang='lat' dir='ltr'><strong>transmutatio</strong></span> <span class='ocrx_word' id='word_1_391' title='bbox 2652 2299 2884 2355; x_wconf 88' lang='lat' dir='ltr'><strong>ltabitus-</strong></span> <span class='ocrx_word' id='word_1_392' title='bbox 2921 2302 3029 2373; x_wconf 85' lang='lat'><strong>(87)</strong></span> <span class='ocrx_word' id='word_1_393' title='bbox 3080 2306 3235 2375; x_wconf 82' lang='lat' dir='ltr'><strong>hujus</strong></span> <span class='ocrx_word' id='word_1_394' title='bbox 3282 2314 3487 2376; x_wconf 78' lang='lat' dir='ltr'><strong>mutuli,</strong></span> 
     </span>
    </p>
   </div>
   <div class='ocr_carea' id='block_1_52' title="bbox 1917 2384 3482 2468">
    <p class='ocr_par' dir='ltr' id='par_1_52' title="bbox 1917 2384 3482 2468">
     <span class='ocr_line' id='line_1_53' title="bbox 1917 2384 3482 2468; baseline 0.013 -34"><span class='ocrx_word' id='word_1_395' title='bbox 1917 2395 1970 2435; x_wconf 92' lang='lat' dir='ltr'><strong>et</strong></span> <span class='ocrx_word' id='word_1_396' title='bbox 1995 2384 2303 2440; x_wconf 87' lang='lat' dir='ltr'><strong>immutatio</strong></span> <span class='ocrx_word' id='word_1_397' title='bbox 2328 2387 2613 2456; x_wconf 68' lang='lat' dir='ltr'><strong>cmlorum,</strong></span> <span class='ocrx_word' id='word_1_398' title='bbox 2641 2389 2723 2444; x_wconf 90' lang='lat' dir='ltr'><strong>his</strong></span> <span class='ocrx_word' id='word_1_399' title='bbox 2750 2393 2868 2446; x_wconf 84' lang='lat' dir='ltr'><strong>sine</strong></span> <span class='ocrx_word' id='word_1_400' title='bbox 2896 2395 3056 2449; x_wconf 90' lang='lat' dir='ltr'><strong>dubio</strong></span> <span class='ocrx_word' id='word_1_401' title='bbox 3077 2402 3482 2468; x_wconf 73' lang='lat' dir='ltr'><strong>przepat&#39;abitur,</strong></span> 
     </span>
    </p>
   </div>
   <div class='ocr_carea' id='block_1_53' title="bbox 1915 2472 3488 2553">
    <p class='ocr_par' dir='ltr' id='par_1_53' title="bbox 1915 2472 3488 2553">
     <span class='ocr_line' id='line_1_54' title="bbox 1915 2472 3488 2553; baseline 0.015 -30"><span class='ocrx_word' id='word_1_402' title='bbox 1915 2472 2007 2539; x_wconf 91' lang='lat' dir='ltr'><strong>qui</strong></span> <span class='ocrx_word' id='word_1_403' title='bbox 2057 2488 2155 2540; x_wconf 91' lang='lat' dir='ltr'><strong>per</strong></span> <span class='ocrx_word' id='word_1_404' title='bbox 2192 2474 2334 2527; x_wconf 90' lang='lat' dir='ltr'><strong>illam</strong></span> <span class='ocrx_word' id='word_1_405' title='bbox 2367 2477 2541 2543; x_wconf 82' lang='lat' dir='ltr'><strong>viam,</strong></span> <span class='ocrx_word' id='word_1_406' title='bbox 2582 2494 2743 2546; x_wconf 88' lang='lat' dir='ltr'><strong>quant</strong></span> <span class='ocrx_word' id='word_1_407' title='bbox 2787 2497 2944 2550; x_wconf 84' lang='lat' dir='ltr'><strong>supra</strong></span> <span class='ocrx_word' id='word_1_408' title='bbox 2997 2490 3349 2553; x_wconf 84' lang='lat' dir='ltr'><strong>ostendimus,</strong></span> <span class='ocrx_word' id='word_1_409' title='bbox 3385 2493 3488 2547; x_wconf 86' lang='lat' dir='ltr'><strong>iter</strong></span> 
     </span>
    </p>
   </div>
   <div class='ocr_carea' id='block_1_54' title="bbox 1916 2565 3484 2643">
    <p class='ocr_par' dir='ltr' id='par_1_54' title="bbox 1916 2565 3484 2643">
     <span class='ocr_line' id='line_1_55' title="bbox 1916 2565 3484 2643; baseline 0.016 -32"><span class='ocrx_word' id='word_1_410' title='bbox 1916 2571 2164 2629; x_wconf 82' lang='lat' dir='ltr'><strong>agentes,</strong></span> <span class='ocrx_word' id='word_1_411' title='bbox 2225 2566 2292 2618; x_wconf 88' lang='lat' dir='ltr'><strong>ad</strong></span> <span class='ocrx_word' id='word_1_412' title='bbox 2347 2565 2492 2618; x_wconf 90' lang='lat' dir='ltr'><strong>illum</strong></span> <span class='ocrx_word' id='word_1_413' title='bbox 2539 2567 2699 2622; x_wconf 88' lang='lat' dir='ltr'><strong>linem</strong></span> <span class='ocrx_word' id='word_1_414' title='bbox 2735 2570 3087 2629; x_wconf 86' lang='lat' dir='ltr'><strong>beatitudinis</strong></span> <span class='ocrx_word' id='word_1_415' title='bbox 3120 2580 3360 2643; x_wconf 90' lang='lat' dir='ltr'><strong>tendunt,</strong></span> <span class='ocrx_word' id='word_1_416' title='bbox 3401 2586 3484 2636; x_wconf 91' lang='lat' dir='ltr'><strong>cui</strong></span> 
     </span>
    </p>
   </div>
   <div class='ocr_carea' id='block_1_55' title="bbox 1914 2649 3487 2737">
    <p class='ocr_par' dir='ltr' id='par_1_55' title="bbox 1914 2649 3487 2737">
     <span class='ocr_line' id='line_1_56' title="bbox 1914 2649 3487 2737; baseline 0.016 -35"><span class='ocrx_word' id='word_1_417' title='bbox 1914 2652 2076 2703; x_wconf 85' lang='lat' dir='ltr'><strong>etiam</strong></span> <span class='ocrx_word' id='word_1_418' title='bbox 2112 2653 2213 2718; x_wconf 88' lang='lat' dir='ltr'><strong>ipsi</strong></span> <span class='ocrx_word' id='word_1_419' title='bbox 2251 2655 2453 2709; x_wconf 90' lang='lat' dir='ltr'><strong>inimici</strong></span> <span class='ocrx_word' id='word_1_420' title='bbox 2489 2649 2814 2719; x_wconf 86' lang='lat' dir='ltr'><strong>subiiciendi</strong></span> <span class='ocrx_word' id='word_1_421' title='bbox 2845 2664 3126 2729; x_wconf 88' lang='lat' dir='ltr'><strong>dicuntur,</strong></span> <span class='ocrx_word' id='word_1_422' title='bbox 3162 2668 3213 2721; x_wconf 91' lang='lat' dir='ltr'><strong>in</strong></span> <span class='ocrx_word' id='word_1_423' title='bbox 3245 2685 3350 2737; x_wconf 81' lang='lat' dir='ltr'><strong>quo</strong></span> <span class='ocrx_word' id='word_1_424' title='bbox 3380 2671 3487 2727; x_wconf 89' lang='lat' dir='ltr'><strong>line</strong></span> 
     </span>
    </p>
   </div>
   <div class='ocr_carea' id='block_1_56' title="bbox 1913 2744 3481 2830">
    <p class='ocr_par' dir='ltr' id='par_1_56' title="bbox 1913 2744 3481 2830">
     <span class='ocr_line' id='line_1_57' title="bbox 1913 2744 3481 2830; baseline 0.016 -37"><span class='ocrx_word' id='word_1_425' title='bbox 1913 2744 2095 2797; x_wconf 87' lang='lat' dir='ltr'><strong>omnia</strong></span> <span class='ocrx_word' id='word_1_426' title='bbox 2120 2753 2176 2797; x_wconf 90' lang='lat' dir='ltr'><strong>et</strong></span> <span class='ocrx_word' id='word_1_427' title='bbox 2213 2745 2264 2797; x_wconf 91' lang='lat' dir='ltr'><strong>in</strong></span> <span class='ocrx_word' id='word_1_428' title='bbox 2298 2747 2784 2830; x_wconf 52' lang='lat' dir='ltr'><strong>omnibusldicitur</strong></span> <span class='ocrx_word' id='word_1_429' title='bbox 2808 2769 2929 2808; x_wconf 89' lang='lat' dir='ltr'><strong>esse</strong></span> <span class='ocrx_word' id='word_1_430' title='bbox 2955 2755 3117 2810; x_wconf 87' lang='lat' dir='ltr'><strong>Deus.</strong></span> <span class='ocrx_word' id='word_1_431' title='bbox 3151 2759 3204 2812; x_wconf 88' lang='grc' dir='ltr'><strong>Ιιι</strong></span> <span class='ocrx_word' id='word_1_432' title='bbox 3241 2761 3340 2816; x_wconf 90' lang='lat' dir='ltr'><strong>hoc</strong></span> <span class='ocrx_word' id='word_1_433' title='bbox 3375 2764 3481 2819; x_wconf 90' lang='lat' dir='ltr'><strong>line</strong></span> 
     </span>
    </p>
   </div>
   <div class='ocr_carea' id='block_1_57' title="bbox 1911 2833 3486 2922">
    <p class='ocr_par' dir='ltr' id='par_1_57' title="bbox 1911 2833 3486 2922">
     <span class='ocr_line' id='line_1_58' title="bbox 1911 2833 3486 2922; baseline 0.012 -34"><span class='ocrx_word' id='word_1_434' title='bbox 1911 2833 1956 2888; x_wconf 88' lang='lat' dir='ltr'><strong>si</strong></span> <span class='ocrx_word' id='word_1_435' title='bbox 1987 2835 2112 2903; x_wconf 83' lang='lat' dir='ltr'><strong>quis</strong></span> <span class='ocrx_word' id='word_1_436' title='bbox 2145 2836 2481 2891; x_wconf 87' lang='lat' dir='ltr'><strong>materialem</strong></span> <span class='ocrx_word' id='word_1_437' title='bbox 2512 2851 2787 2905; x_wconf 89' lang='lat' dir='ltr'><strong>naturam,</strong></span> <span class='ocrx_word' id='word_1_438' title='bbox 2821 2843 2873 2898; x_wconf 90' lang='lat' dir='ltr'><strong>id</strong></span> <span class='ocrx_word' id='word_1_439' title='bbox 2903 2855 2984 2900; x_wconf 88' lang='lat' dir='ltr'><strong>est</strong></span> <span class='ocrx_word' id='word_1_440' title='bbox 3013 2863 3358 2920; x_wconf 89' lang='lat' dir='ltr'><strong>corpoream,</strong></span> <span class='ocrx_word' id='word_1_441' title='bbox 3391 2870 3486 2922; x_wconf 78' lang='lat' dir='ltr'><strong>pe-</strong></span> 
     </span>
    </p>
   </div>
   <div class='ocr_carea' id='block_1_58' title="bbox 1914 2926 3484 3007">
    <p class='ocr_par' dir='ltr' id='par_1_58' title="bbox 1914 2926 3484 3007">
     <span class='ocr_line' id='line_1_59' title="bbox 1914 2926 3484 3007; baseline 0.01 -26"><span class='ocrx_word' id='word_1_442' title='bbox 1914 2926 2056 2982; x_wconf 86' lang='lat' dir='ltr'><strong>nitus</strong></span> <span class='ocrx_word' id='word_1_443' title='bbox 2083 2929 2426 2984; x_wconf 91' lang='lat' dir='ltr'><strong>intcrituram</strong></span> <span class='ocrx_word' id='word_1_444' title='bbox 2465 2938 2641 3000; x_wconf 80' lang='lat' dir='ltr'><strong>putet,</strong></span> <span class='ocrx_word' id='word_1_445' title='bbox 2677 2933 2824 2989; x_wconf 91' lang='lat' dir='ltr'><strong>nullo</strong></span> <span class='ocrx_word' id='word_1_446' title='bbox 2856 2938 3078 2992; x_wconf 89' lang='lat' dir='ltr'><strong>omnino</strong></span> <span class='ocrx_word' id='word_1_447' title='bbox 3100 2955 3294 3007; x_wconf 84' lang='lat' dir='ltr'><strong>genere</strong></span> <span class='ocrx_word' id='word_1_448' title='bbox 3326 2946 3484 2999; x_wconf 81' lang='lat' dir='ltr'><strong>intel-</strong></span> 
     </span>
    </p>
   </div>
   <div class='ocr_carea' id='block_1_59' title="bbox 1913 3019 3483 3097">
    <p class='ocr_par' dir='ltr' id='par_1_59' title="bbox 1913 3019 3483 3097">
     <span class='ocr_line' id='line_1_60' title="bbox 1913 3019 3483 3097; baseline 0.011 -25"><span class='ocrx_word' id='word_1_449' title='bbox 1913 3019 2077 3074; x_wconf 87' lang='lat' dir='ltr'><strong>lectui</strong></span> <span class='ocrx_word' id='word_1_450' title='bbox 2106 3034 2225 3074; x_wconf 88' lang='lat' dir='ltr'><strong>meo</strong></span> <span class='ocrx_word' id='word_1_451' title='bbox 2257 3036 2549 3079; x_wconf 88' lang='lat' dir='ltr'><strong>occurrere</strong></span> <span class='ocrx_word' id='word_1_452' title='bbox 2613 3035 2792 3093; x_wconf 89' lang='lat' dir='ltr'><strong>potest</strong></span> <span class='ocrx_word' id='word_1_453' title='bbox 2820 3026 2966 3097; x_wconf 84' lang='lat'>(88),</span> <span class='ocrx_word' id='word_1_454' title='bbox 2999 3032 3265 3096; x_wconf 90' lang='lat' dir='ltr'><strong>quomodo</strong></span> <span class='ocrx_word' id='word_1_455' title='bbox 3313 3043 3387 3087; x_wconf 87' lang='lat' dir='ltr'><strong>tet</strong></span> <span class='ocrx_word' id='word_1_456' title='bbox 3429 3049 3483 3090; x_wconf 91' lang='lat' dir='ltr'><strong>et</strong></span> 
     </span>
    </p>
   </div>
   <div class='ocr_carea' id='block_1_60' title="bbox 1911 3112 3477 3186">
    <p class='ocr_par' dir='ltr' id='par_1_60' title="bbox 1911 3112 3477 3186">
     <span class='ocr_line' id='line_1_61' title="bbox 1911 3112 3477 3186; baseline 0.011 -22"><span class='ocrx_word' id='word_1_457' title='bbox 1911 3119 2074 3166; x_wconf 61' lang='lat' dir='ltr'><strong>tantae</strong></span> <span class='ocrx_word' id='word_1_458' title='bbox 2109 3112 2423 3167; x_wconf 79' lang='lat' dir='ltr'><strong>substantiae</strong></span> <span class='ocrx_word' id='word_1_459' title='bbox 2474 3116 2637 3171; x_wconf 86' lang='lat' dir='ltr'><strong>vitam</strong></span> <span class='ocrx_word' id='word_1_460' title='bbox 2690 3133 2854 3186; x_wconf 86' lang='lat' dir='ltr'><strong>agere</strong></span> <span class='ocrx_word' id='word_1_461' title='bbox 2905 3129 2960 3173; x_wconf 94' lang='lat' dir='ltr'><strong>et</strong></span> <span class='ocrx_word' id='word_1_462' title='bbox 3018 3122 3314 3177; x_wconf 88' lang='lat' dir='ltr'><strong>subsistere</strong></span> <span class='ocrx_word' id='word_1_463' title='bbox 3361 3127 3477 3181; x_wconf 86' lang='lat' dir='ltr'><strong>sine</strong></span> 
     </span>
    </p>
   </div>
   <div class='ocr_carea' id='block_1_61' title="bbox 226 3193 3483 3301">
    <p class='ocr_par' dir='ltr' id='par_1_61' title="bbox 226 3193 3483 3301">
     <span class='ocr_line' id='line_1_62' title="bbox 226 3193 3483 3301; baseline 0.008 -55"><span class='ocrx_word' id='word_1_464' title='bbox 226 3193 446 3262; x_wconf 89' lang='lat' dir='ltr'><strong>busque</strong></span> <span class='ocrx_word' id='word_1_465' title='bbox 471 3194 774 3250; x_wconf 79' lang='lat' dir='ltr'><strong>ctelestium</strong></span> <span class='ocrx_word' id='word_1_466' title='bbox 805 3197 1063 3251; x_wconf 90' lang='lat' dir='ltr'><strong>virtutum</strong></span> <span class='ocrx_word' id='word_1_467' title='bbox 1101 3197 1292 3254; x_wconf 78' lang='lat' dir='ltr'><strong>oliiciis</strong></span> <span class='ocrx_word' id='word_1_468' title='bbox 1343 3203 1576 3268; x_wconf 88' lang='lat' dir='ltr'><strong>quadam</strong></span> <span class='ocrx_word' id='word_1_469' title='bbox 1618 3208 1802 3283; x_wconf 79' lang='lat' dir='ltr'><strong>erudi-</strong></span> <span class='ocrx_word' id='word_1_470' title='bbox 1832 3240 1878 3301; x_wconf 68' lang='grc' dir='ltr'>ο</span> <span class='ocrx_word' id='word_1_471' title='bbox 1911 3203 2230 3272; x_wconf 90' lang='lat' dir='ltr'><strong>corporibus</strong></span> <span class='ocrx_word' id='word_1_472' title='bbox 2255 3216 2505 3274; x_wconf 91' lang='lat' dir='ltr'><strong>possunt,</strong></span> <span class='ocrx_word' id='word_1_473' title='bbox 2534 3224 2653 3261; x_wconf 89' lang='lat' dir='ltr'><strong>cum</strong></span> <span class='ocrx_word' id='word_1_474' title='bbox 2689 3208 2858 3263; x_wconf 89' lang='lat' dir='ltr'><strong>solius</strong></span> <span class='ocrx_word' id='word_1_475' title='bbox 2884 3209 3000 3276; x_wconf 89' lang='lat' dir='ltr'><strong>Dei,</strong></span> <span class='ocrx_word' id='word_1_476' title='bbox 3033 3212 3084 3265; x_wconf 93' lang='lat' dir='ltr'><strong>id</strong></span> <span class='ocrx_word' id='word_1_477' title='bbox 3115 3223 3197 3268; x_wconf 89' lang='lat' dir='ltr'><strong>est</strong></span> <span class='ocrx_word' id='word_1_478' title='bbox 3224 3215 3402 3272; x_wconf 84' lang='lat' dir='ltr'><strong>Patris</strong></span> <span class='ocrx_word' id='word_1_479' title='bbox 3429 3228 3483 3273; x_wconf 91' lang='lat' dir='ltr'><strong>ct</strong></span> 
     </span>
    </p>
   </div>
   <div class='ocr_carea' id='block_1_62' title="bbox 225 3287 1803 3364">
    <p class='ocr_par' dir='ltr' id='par_1_62' title="bbox 225 3287 1803 3364">
     <span class='ocr_line' id='line_1_63' title="bbox 225 3287 1803 3364; baseline 0.01 -28"><span class='ocrx_word' id='word_1_480' title='bbox 225 3287 446 3338; x_wconf 90' lang='lat' dir='ltr'><strong>tionnm</strong></span> <span class='ocrx_word' id='word_1_481' title='bbox 487 3289 668 3354; x_wconf 91' lang='lat' dir='ltr'><strong>specie</strong></span> <span class='ocrx_word' id='word_1_482' title='bbox 706 3289 817 3359; x_wconf 91' lang='lat'><strong>(8|)</strong></span> <span class='ocrx_word' id='word_1_483' title='bbox 860 3292 1181 3360; x_wconf 86' lang='lat' dir='ltr'><strong>peragratis.</strong></span> <span class='ocrx_word' id='word_1_484' title='bbox 1222 3291 1298 3345; x_wconf 78' lang='lat' dir='ltr'><strong>Ex</strong></span> <span class='ocrx_word' id='word_1_485' title='bbox 1331 3309 1458 3362; x_wconf 89' lang='lat' dir='ltr'><strong>quo,</strong></span> <span class='ocrx_word' id='word_1_486' title='bbox 1501 3304 1559 3348; x_wconf 91' lang='lat' dir='ltr'><strong>ut</strong></span> <span class='ocrx_word' id='word_1_487' title='bbox 1606 3298 1803 3364; x_wconf 89' lang='lat' dir='ltr'><strong>opinor</strong></span> 
     </span>
    </p>
   </div>
   <div class='ocr_carea' id='block_1_63' title="bbox 226 3376 1797 3452">
    <p class='ocr_par' dir='ltr' id='par_1_63' title="bbox 226 3376 1797 3452">
     <span class='ocr_line' id='line_1_64' title="bbox 226 3376 1797 3452; baseline 0.008 -23"><span class='ocrx_word' id='word_1_488' title='bbox 226 3376 373 3445; x_wconf 70' lang='lat'><strong>(82).</strong></span> <span class='ocrx_word' id='word_1_489' title='bbox 426 3379 527 3433; x_wconf 89' lang='lat' dir='ltr'><strong>hoc</strong></span> <span class='ocrx_word' id='word_1_490' title='bbox 592 3383 982 3448; x_wconf 82' lang='lat' dir='ltr'><strong>consequentia</strong></span> <span class='ocrx_word' id='word_1_491' title='bbox 1034 3383 1150 3452; x_wconf 90' lang='lat' dir='ltr'><strong>ipsa</strong></span> <span class='ocrx_word' id='word_1_492' title='bbox 1220 3383 1431 3438; x_wconf 86' lang='lat' dir='ltr'><strong>videtur</strong></span> <span class='ocrx_word' id='word_1_493' title='bbox 1483 3386 1797 3452; x_wconf 85' lang='lat' dir='ltr'><strong>ostendere,</strong></span> 
     </span>
    </p>
   </div>
   <div class='ocr_carea' id='block_1_64' title="bbox 224 3473 1800 3544">
    <p class='ocr_par' dir='ltr' id='par_1_64' title="bbox 224 3473 1800 3544">
     <span class='ocr_line' id='line_1_65' title="bbox 224 3473 1800 3544; baseline 0.008 -24"><span class='ocrx_word' id='word_1_494' title='bbox 224 3485 666 3539; x_wconf 87' lang='lat' dir='ltr'><strong>unamquamque</strong></span> <span class='ocrx_word' id='word_1_495' title='bbox 696 3473 1076 3527; x_wconf 81' lang='lat' dir='ltr'><strong>rationabilem</strong></span> <span class='ocrx_word' id='word_1_496' title='bbox 1130 3483 1374 3528; x_wconf 81' lang='lat' dir='ltr'><strong>naturam</strong></span> <span class='ocrx_word' id='word_1_497' title='bbox 1410 3491 1567 3544; x_wconf 91' lang='lat' dir='ltr'><strong>posse</strong></span> <span class='ocrx_word' id='word_1_498' title='bbox 1600 3477 1665 3531; x_wconf 90' lang='lat' dir='ltr'><strong>ab</strong></span> <span class='ocrx_word' id='word_1_499' title='bbox 1695 3493 1800 3532; x_wconf 92' lang='lat' dir='ltr'><strong>uno</strong></span> 
     </span>
    </p>
   </div>
   <div class='ocr_carea' id='block_1_65' title="bbox 223 3560 1797 3642">
    <p class='ocr_par' dir='ltr' id='par_1_65' title="bbox 223 3560 1797 3642">
     <span class='ocr_line' id='line_1_66' title="bbox 223 3560 1797 3642; baseline 0.007 -28"><span class='ocrx_word' id='word_1_500' title='bbox 223 3563 282 3614; x_wconf 87' lang='lat' dir='ltr'><strong>in</strong></span> <span class='ocrx_word' id='word_1_501' title='bbox 308 3560 541 3612; x_wconf 87' lang='lat' dir='ltr'><strong>alterum</strong></span> <span class='ocrx_word' id='word_1_502' title='bbox 569 3563 814 3618; x_wconf 90' lang='lat' dir='ltr'><strong>ordinem</strong></span> <span class='ocrx_word' id='word_1_503' title='bbox 851 3571 1220 3620; x_wconf 87' lang='lat' dir='ltr'><strong>transeuntem</strong></span> <span class='ocrx_word' id='word_1_504' title='bbox 1271 3579 1366 3635; x_wconf 89' lang='lat' dir='ltr'><strong>per</strong></span> <span class='ocrx_word' id='word_1_505' title='bbox 1409 3569 1651 3638; x_wconf 85' lang='lat' dir='ltr'><strong>singulos</strong></span> <span class='ocrx_word' id='word_1_506' title='bbox 1685 3571 1797 3642; x_wconf 84' lang='lat'><strong>(8&#39;5)</strong></span> 
     </span>
    </p>
   </div>
   <div class='ocr_carea' id='block_1_66' title="bbox 224 3655 1798 3728">
    <p class='ocr_par' dir='ltr' id='par_1_66' title="bbox 224 3655 1798 3728">
     <span class='ocr_line' id='line_1_67' title="bbox 224 3655 1798 3728; baseline 0.007 -23"><span class='ocrx_word' id='word_1_507' title='bbox 224 3655 284 3706; x_wconf 88' lang='lat' dir='ltr'><strong>in</strong></span> <span class='ocrx_word' id='word_1_508' title='bbox 316 3668 537 3716; x_wconf 89' lang='lat' dir='ltr'><strong>omnes,</strong></span> <span class='ocrx_word' id='word_1_509' title='bbox 568 3664 618 3707; x_wconf 87' lang='lat' dir='ltr'><strong>et</strong></span> <span class='ocrx_word' id='word_1_510' title='bbox 643 3655 710 3708; x_wconf 92' lang='lat' dir='ltr'><strong>ab</strong></span> <span class='ocrx_word' id='word_1_511' title='bbox 731 3657 985 3711; x_wconf 91' lang='lat' dir='ltr'><strong>omnibus</strong></span> <span class='ocrx_word' id='word_1_512' title='bbox 1009 3658 1060 3710; x_wconf 92' lang='lat' dir='ltr'><strong>in</strong></span> <span class='ocrx_word' id='word_1_513' title='bbox 1085 3657 1323 3728; x_wconf 82' lang='lat' dir='ltr'><strong>singulos</strong></span> <span class='ocrx_word' id='word_1_514' title='bbox 1350 3662 1656 3728; x_wconf 87' lang='lat' dir='ltr'><strong>pervenire,</strong></span> <span class='ocrx_word' id='word_1_515' title='bbox 1674 3663 1798 3716; x_wconf 90' lang='lat' dir='ltr'><strong>dum</strong></span> 
     </span>
    </p>
   </div>
   <div class='ocr_carea' id='block_1_67' title="bbox 223 3745 1798 3819">
    <p class='ocr_par' dir='ltr' id='par_1_67' title="bbox 223 3745 1798 3819">
     <span class='ocr_line' id='line_1_68' title="bbox 223 3745 1798 3819; baseline 0.004 -20"><span class='ocrx_word' id='word_1_516' title='bbox 223 3760 486 3799; x_wconf 86' lang='lat' dir='ltr'><strong>accessus</strong></span> <span class='ocrx_word' id='word_1_517' title='bbox 516 3745 857 3814; x_wconf 82' lang='lat' dir='ltr'><strong>prolectuutn</strong></span> <span class='ocrx_word' id='word_1_518' title='bbox 891 3747 1265 3803; x_wconf 88' lang='lat' dir='ltr'><strong>del&#39;ectuuntve</strong></span> <span class='ocrx_word' id='word_1_519' title='bbox 1299 3751 1484 3807; x_wconf 89' lang='lat' dir='ltr'><strong>varios</strong></span> <span class='ocrx_word' id='word_1_520' title='bbox 1533 3766 1629 3819; x_wconf 94' lang='lat' dir='ltr'><strong>pro</strong></span> <span class='ocrx_word' id='word_1_521' title='bbox 1683 3767 1798 3806; x_wconf 82' lang='lat' dir='ltr'><strong>mo-</strong></span> 
     </span>
    </p>
   </div>
   <div class='ocr_carea' id='block_1_68' title="bbox 225 3838 1794 3914">
    <p class='ocr_par' dir='ltr' id='par_1_68' title="bbox 225 3838 1794 3914">
     <span class='ocr_line' id='line_1_69' title="bbox 225 3838 1794 3914; baseline 0.004 -21"><span class='ocrx_word' id='word_1_522' title='bbox 225 3839 374 3894; x_wconf 87' lang='lat' dir='ltr'><strong>tibus</strong></span> <span class='ocrx_word' id='word_1_523' title='bbox 399 3838 480 3892; x_wconf 81' lang='lat' dir='ltr'><strong>vel</strong></span> <span class='ocrx_word' id='word_1_524' title='bbox 506 3839 788 3893; x_wconf 88' lang='lat' dir='ltr'><strong>conatibus</strong></span> <span class='ocrx_word' id='word_1_525' title='bbox 820 3839 1054 3907; x_wconf 89' lang='lat' dir='ltr'><strong>propriis</strong></span> <span class='ocrx_word' id='word_1_526' title='bbox 1080 3843 1452 3912; x_wconf 82' lang='lat' dir='ltr'><strong>unusquisque</strong></span> <span class='ocrx_word' id='word_1_527' title='bbox 1493 3860 1591 3914; x_wconf 89' lang='lat' dir='ltr'><strong>pro</strong></span> <span class='ocrx_word' id='word_1_528' title='bbox 1640 3845 1794 3899; x_wconf 89' lang='lat' dir='ltr'><strong>liberi</strong></span> 
     </span>
    </p>
   </div>
   <div class='ocr_carea' id='block_1_69' title="bbox 222 3931 1087 4001">
    <p class='ocr_par' dir='ltr' id='par_1_69' title="bbox 222 3931 1087 4001">
     <span class='ocr_line' id='line_1_70' title="bbox 222 3931 1087 4001; baseline 0.003 -17"><span class='ocrx_word' id='word_1_529' title='bbox 222 3931 445 3986; x_wconf 88' lang='lat' dir='ltr'><strong>arbitrii</strong></span> <span class='ocrx_word' id='word_1_530' title='bbox 475 3931 738 3985; x_wconf 79' lang='lat' dir='ltr'><strong>facultate</strong></span> <span class='ocrx_word' id='word_1_531' title='bbox 763 3933 1087 4001; x_wconf 88' lang='lat' dir='ltr'><strong>perpetitur.</strong></span> 
     </span>
    </p>
   </div>
   <div class='ocr_carea' id='block_1_70' title="bbox 294 4023 1834 4092">
    <p class='ocr_par' dir='ltr' id='par_1_70' title="bbox 294 4023 1834 4092">
     <span class='ocr_line' id='line_1_71' title="bbox 294 4023 1834 4092; baseline 0.003 -15"><span class='ocrx_word' id='word_1_532' title='bbox 294 4024 354 4077; x_wconf 72' lang='grc'>4.</span> <span class='ocrx_word' id='word_1_533' title='bbox 417 4023 680 4090; x_wconf 85' lang='lat' dir='ltr'><strong>Quoniam</strong></span> <span class='ocrx_word' id='word_1_534' title='bbox 742 4038 872 4078; x_wconf 87' lang='lat' dir='ltr'><strong>sane</strong></span> <span class='ocrx_word' id='word_1_535' title='bbox 919 4024 1150 4078; x_wconf 84' lang='lat' dir='ltr'><strong>visibilia</strong></span> <span class='ocrx_word' id='word_1_536' title='bbox 1197 4025 1442 4092; x_wconf 67' lang='lat' dir='ltr'><strong>quaedam</strong></span> <span class='ocrx_word' id='word_1_537' title='bbox 1495 4028 1625 4080; x_wconf 88' lang='lat' dir='ltr'><strong>dicit</strong></span> <span class='ocrx_word' id='word_1_538' title='bbox 1673 4042 1834 4092; x_wconf 62' lang='lat' dir='ltr'><strong>esse;</strong></span> 
     </span>
    </p>
   </div>
   <div class='ocr_carea' id='block_1_71' title="bbox 221 4116 1801 4186">
    <p class='ocr_par' dir='ltr' id='par_1_71' title="bbox 221 4116 1801 4186">
     <span class='ocr_line' id='line_1_72' title="bbox 221 4116 1801 4186; baseline 0.003 -16"><span class='ocrx_word' id='word_1_539' title='bbox 221 4118 428 4171; x_wconf 78' lang='lat' dir='ltr'><strong>Paulus</strong></span> <span class='ocrx_word' id='word_1_540' title='bbox 455 4127 511 4171; x_wconf 90' lang='lat' dir='ltr'><strong>et</strong></span> <span class='ocrx_word' id='word_1_541' title='bbox 537 4117 876 4185; x_wconf 75' lang='lat' dir='ltr'><strong>temporalia,</strong></span> <span class='ocrx_word' id='word_1_542' title='bbox 920 4116 1027 4169; x_wconf 90' lang='lat' dir='ltr'><strong>alia</strong></span> <span class='ocrx_word' id='word_1_543' title='bbox 1063 4131 1192 4171; x_wconf 88' lang='lat' dir='ltr'><strong>vero</strong></span> <span class='ocrx_word' id='word_1_544' title='bbox 1231 4127 1432 4186; x_wconf 69' lang='lat' dir='ltr'><strong>praeter</strong></span> <span class='ocrx_word' id='word_1_545' title='bbox 1463 4119 1575 4172; x_wconf 82' lang='lat' dir='ltr'><strong>haec</strong></span> <span class='ocrx_word' id='word_1_546' title='bbox 1611 4119 1801 4183; x_wconf 60' lang='lat' dir='ltr'><strong>invisi:</strong></span> 
     </span>
    </p>
   </div>
   <div class='ocr_carea' id='block_1_72' title="bbox 224 4197 1792 4279">
    <p class='ocr_par' dir='ltr' id='par_1_72' title="bbox 224 4197 1792 4279">
     <span class='ocr_line' id='line_1_73' title="bbox 224 4197 1792 4279; baseline 0 -17"><span class='ocrx_word' id='word_1_547' title='bbox 224 4210 354 4262; x_wconf 89' lang='lat' dir='ltr'><strong>bilia</strong></span> <span class='ocrx_word' id='word_1_548' title='bbox 373 4219 426 4263; x_wconf 91' lang='lat' dir='ltr'><strong>et</strong></span> <span class='ocrx_word' id='word_1_549' title='bbox 449 4219 671 4274; x_wconf 71' lang='lat' dir='ltr'><strong>aeterna,</strong></span> <span class='ocrx_word' id='word_1_550' title='bbox 692 4210 979 4278; x_wconf 76' lang='lat' dir='ltr'><strong>quzerimus</strong></span> <span class='ocrx_word' id='word_1_551' title='bbox 1007 4207 1274 4277; x_wconf 90' lang='lat' dir='ltr'><strong>quomodo</strong></span> <span class='ocrx_word' id='word_1_552' title='bbox 1297 4197 1432 4276; x_wconf 68' lang='lat' dir='ltr'><strong>hate,</strong></span> <span class='ocrx_word' id='word_1_553' title='bbox 1457 4225 1579 4279; x_wconf 83' lang='lat' dir='ltr'><strong>quae</strong></span> <span class='ocrx_word' id='word_1_554' title='bbox 1603 4207 1792 4264; x_wconf 82' lang='lat' dir='ltr'><strong>viden-</strong></span> 
     </span>
    </p>
   </div>
   <div class='ocr_carea' id='block_1_73' title="bbox 225 4301 1793 4372">
    <p class='ocr_par' dir='ltr' id='par_1_73' title="bbox 225 4301 1793 4372">
     <span class='ocr_line' id='line_1_74' title="bbox 225 4301 1793 4372; baseline -0.001 -17"><span class='ocrx_word' id='word_1_555' title='bbox 225 4317 340 4367; x_wconf 86' lang='lat' dir='ltr'><strong>tur,</strong></span> <span class='ocrx_word' id='word_1_556' title='bbox 397 4303 715 4372; x_wconf 87' lang='lat' dir='ltr'><strong>temporalia</strong></span> <span class='ocrx_word' id='word_1_557' title='bbox 749 4303 891 4368; x_wconf 88' lang='lat' dir='ltr'><strong>sint;</strong></span> <span class='ocrx_word' id='word_1_558' title='bbox 926 4313 1181 4357; x_wconf 89' lang='lat' dir='ltr'><strong>utrumne</strong></span> <span class='ocrx_word' id='word_1_559' title='bbox 1227 4316 1326 4371; x_wconf 93' lang='lat' dir='ltr'><strong>pro</strong></span> <span class='ocrx_word' id='word_1_560' title='bbox 1363 4315 1429 4355; x_wconf 91' lang='lat' dir='ltr'><strong>eo</strong></span> <span class='ocrx_word' id='word_1_561' title='bbox 1481 4301 1624 4369; x_wconf 86' lang='lat' dir='ltr'><strong>quod</strong></span> <span class='ocrx_word' id='word_1_562' title='bbox 1660 4301 1793 4354; x_wconf 82' lang='lat' dir='ltr'><strong>nihil</strong></span> 
     </span>
    </p>
   </div>
   <div class='ocr_carea' id='block_1_74' title="bbox 221 4384 1791 4464">
    <p class='ocr_par' dir='ltr' id='par_1_74' title="bbox 221 4384 1791 4464">
     <span class='ocr_line' id='line_1_75' title="bbox 221 4384 1791 4464; baseline -0.002 -13"><span class='ocrx_word' id='word_1_563' title='bbox 221 4396 457 4451; x_wconf 89' lang='lat' dir='ltr'><strong>omnino</strong></span> <span class='ocrx_word' id='word_1_564' title='bbox 497 4407 614 4464; x_wconf 88' lang='lat' dir='ltr'><strong>post</strong></span> <span class='ocrx_word' id='word_1_565' title='bbox 643 4389 755 4451; x_wconf 63' lang='lat' dir='ltr'><strong>hinc</strong></span> <span class='ocrx_word' id='word_1_566' title='bbox 786 4405 949 4451; x_wconf 91' lang='lat' dir='ltr'><strong>erunt</strong></span> <span class='ocrx_word' id='word_1_567' title='bbox 989 4397 1046 4451; x_wconf 90' lang='lat' dir='ltr'><strong>in</strong></span> <span class='ocrx_word' id='word_1_568' title='bbox 1075 4384 1330 4450; x_wconf 79' lang='lat' dir='ltr'><strong>Omnibus</strong></span> <span class='ocrx_word' id='word_1_569' title='bbox 1361 4394 1466 4449; x_wconf 90' lang='lat' dir='ltr'><strong>illis</strong></span> <span class='ocrx_word' id='word_1_570' title='bbox 1488 4392 1656 4447; x_wconf 83' lang='lat' dir='ltr'><strong>futuri</strong></span> <span class='ocrx_word' id='word_1_571' title='bbox 1688 4409 1791 4448; x_wconf 72' lang='lat' dir='ltr'><strong>ste—</strong></span> 
     </span>
    </p>
   </div>
   <div class='ocr_carea' id='block_1_75' title="bbox 294 4480 1848 4579">
    <p class='ocr_par' dir='ltr' id='par_1_75' title="bbox 294 4480 1848 4579">
     <span class='ocr_line' id='line_1_76' title="bbox 294 4480 1848 4579; baseline 0.008 -14"><span class='ocrx_word' id='word_1_572' title='bbox 294 4480 344 4543; x_wconf 62' lang='grc' dir='ltr'>¹ί</span> <span class='ocrx_word' id='word_1_573' title='bbox 382 4513 398 4566; x_wconf 94' lang='grc'><strong>1</strong></span> <span class='ocrx_word' id='word_1_574' title='bbox 423 4513 548 4569; x_wconf 87' lang='lat' dir='ltr'><strong>Cor.</strong></span> <span class='ocrx_word' id='word_1_575' title='bbox 572 4528 665 4576; x_wconf 88' lang='lat' dir='ltr'><strong>vn,</strong></span> <span class='ocrx_word' id='word_1_576' title='bbox 690 4514 778 4568; x_wconf 79' lang='lat' dir='ltr'><strong>5i.</strong></span> <span class='ocrx_word' id='word_1_577' title='bbox 855 4515 897 4546; x_wconf 81' lang='grc'><strong>¹⁵</strong></span> <span class='ocrx_word' id='word_1_578' title='bbox 926 4515 1070 4569; x_wconf 88' lang='lat' dir='ltr'><strong>Psal.</strong></span> <span class='ocrx_word' id='word_1_579' title='bbox 1096 4530 1191 4579; x_wconf 88' lang='lat' dir='ltr'><strong>cu,</strong></span> <span class='ocrx_word' id='word_1_580' title='bbox 1215 4513 1305 4569; x_wconf 73' lang='lat'><strong>27.</strong></span> <span class='ocrx_word' id='word_1_581' title='bbox 1382 4513 1425 4544; x_wconf 81' lang='grc'>¹⁶</span> <span class='ocrx_word' id='word_1_582' title='bbox 1460 4513 1562 4568; x_wconf 74' lang='lat'><strong>133.</strong></span> <span class='ocrx_word' id='word_1_583' title='bbox 1590 4528 1736 4574; x_wconf 71' lang='lat' dir='ltr'><strong>LW.</strong></span> <span class='ocrx_word' id='word_1_584' title='bbox 1757 4511 1848 4565; x_wconf 67' lang='grc'><strong>⁸22-</strong></span> 
     </span>
    </p>
   </div>
   <div class='ocr_carea' id='block_1_76' title="bbox 1909 3291 3482 3373">
    <p class='ocr_par' dir='ltr' id='par_1_76' title="bbox 1909 3291 3482 3373">
     <span class='ocr_line' id='line_1_77' title="bbox 1909 3291 3482 3373; baseline 0.013 -30"><span class='ocrx_word' id='word_1_585' title='bbox 1909 3291 2030 3344; x_wconf 88' lang='lat' dir='ltr'><strong>Filii</strong></span> <span class='ocrx_word' id='word_1_586' title='bbox 2057 3305 2110 3346; x_wconf 90' lang='lat' dir='ltr'><strong>et</strong></span> <span class='ocrx_word' id='word_1_587' title='bbox 2143 3294 2382 3363; x_wconf 89' lang='lat' dir='ltr'><strong>Spiritus</strong></span> <span class='ocrx_word' id='word_1_588' title='bbox 2407 3299 2586 3352; x_wconf 90' lang='lat' dir='ltr'><strong>sancti</strong></span> <span class='ocrx_word' id='word_1_589' title='bbox 2616 3309 2825 3355; x_wconf 82' lang='lat' dir='ltr'><strong>naturae</strong></span> <span class='ocrx_word' id='word_1_590' title='bbox 2875 3301 2924 3356; x_wconf 92' lang='lat' dir='ltr'><strong>id</strong></span> <span class='ocrx_word' id='word_1_591' title='bbox 2958 3306 3238 3373; x_wconf 89' lang='lat' dir='ltr'><strong>proprium</strong></span> <span class='ocrx_word' id='word_1_592' title='bbox 3278 3310 3384 3372; x_wconf 89' lang='lat' dir='ltr'><strong>sit,</strong></span> <span class='ocrx_word' id='word_1_593' title='bbox 3424 3323 3482 3364; x_wconf 91' lang='lat' dir='ltr'><strong>ut</strong></span> 
     </span>
    </p>
   </div>
   <div class='ocr_carea' id='block_1_77' title="bbox 1910 3381 3480 3467">
    <p class='ocr_par' dir='ltr' id='par_1_77' title="bbox 1910 3381 3480 3467">
     <span class='ocr_line' id='line_1_78' title="bbox 1910 3381 3480 3467; baseline 0.013 -33"><span class='ocrx_word' id='word_1_594' title='bbox 1910 3381 2029 3434; x_wconf 88' lang='lat' dir='ltr'><strong>sine</strong></span> <span class='ocrx_word' id='word_1_595' title='bbox 2071 3383 2334 3436; x_wconf 83' lang='lat' dir='ltr'><strong>materiali</strong></span> <span class='ocrx_word' id='word_1_596' title='bbox 2359 3385 2665 3441; x_wconf 84' lang='lat' dir='ltr'><strong>substantia</strong></span> <span class='ocrx_word' id='word_1_597' title='bbox 2712 3398 2764 3443; x_wconf 93' lang='lat' dir='ltr'><strong>et</strong></span> <span class='ocrx_word' id='word_1_598' title='bbox 2809 3391 3015 3459; x_wconf 89' lang='lat' dir='ltr'><strong>absque</strong></span> <span class='ocrx_word' id='word_1_599' title='bbox 3048 3394 3155 3448; x_wconf 89' lang='lat' dir='ltr'><strong>ulla</strong></span> <span class='ocrx_word' id='word_1_600' title='bbox 3210 3411 3480 3467; x_wconf 71' lang='lat' dir='ltr'><strong>corporea:</strong></span> 
     </span>
    </p>
   </div>
   <div class='ocr_carea' id='block_1_78' title="bbox 1909 3470 3480 3548">
    <p class='ocr_par' dir='ltr' id='par_1_78' title="bbox 1909 3470 3480 3548">
     <span class='ocr_line' id='line_1_79' title="bbox 1909 3470 3480 3548; baseline 0.014 -25"><span class='ocrx_word' id='word_1_601' title='bbox 1909 3470 2231 3540; x_wconf 87' lang='lat' dir='ltr'><strong>adjectionis</strong></span> <span class='ocrx_word' id='word_1_602' title='bbox 2262 3475 2527 3530; x_wconf 89' lang='lat' dir='ltr'><strong>societate</strong></span> <span class='ocrx_word' id='word_1_603' title='bbox 2573 3476 2913 3548; x_wconf 80' lang='lat' dir='ltr'><strong>intelligatur</strong></span> <span class='ocrx_word' id='word_1_604' title='bbox 2964 3485 3280 3540; x_wconf 87' lang='lat' dir='ltr'><strong>subsistere.</strong></span> <span class='ocrx_word' id='word_1_605' title='bbox 3327 3490 3480 3545; x_wconf 87' lang='lat' dir='ltr'><strong>Alius</strong></span> 
     </span>
    </p>
   </div>
   <div class='ocr_carea' id='block_1_79' title="bbox 1909 3562 3478 3635">
    <p class='ocr_par' dir='ltr' id='par_1_79' title="bbox 1909 3562 3478 3635">
     <span class='ocr_line' id='line_1_80' title="bbox 1909 3562 3478 3635; baseline 0.015 -22"><span class='ocrx_word' id='word_1_606' title='bbox 1909 3562 2145 3618; x_wconf 77' lang='lat' dir='ltr'><strong>fortasse</strong></span> <span class='ocrx_word' id='word_1_607' title='bbox 2175 3565 2341 3629; x_wconf 89' lang='lat' dir='ltr'><strong>dicet,</strong></span> <span class='ocrx_word' id='word_1_608' title='bbox 2363 3569 2618 3634; x_wconf 87' lang='lat' dir='ltr'><strong>quoniam</strong></span> <span class='ocrx_word' id='word_1_609' title='bbox 2653 3570 2704 3622; x_wconf 89' lang='lat' dir='ltr'><strong>itt</strong></span> <span class='ocrx_word' id='word_1_610' title='bbox 2743 3570 2834 3623; x_wconf 91' lang='lat' dir='ltr'><strong>illo</strong></span> <span class='ocrx_word' id='word_1_611' title='bbox 2877 3572 2983 3626; x_wconf 89' lang='lat' dir='ltr'><strong>line</strong></span> <span class='ocrx_word' id='word_1_612' title='bbox 3014 3578 3190 3630; x_wconf 92' lang='lat' dir='ltr'><strong>omnis</strong></span> <span class='ocrx_word' id='word_1_613' title='bbox 3222 3580 3478 3635; x_wconf 89' lang='lat' dir='ltr'><strong>substan-</strong></span> 
     </span>
    </p>
   </div>
   <div class='ocr_carea' id='block_1_80' title="bbox 1912 3653 3478 3732">
    <p class='ocr_par' dir='ltr' id='par_1_80' title="bbox 1912 3653 3478 3732">
     <span class='ocr_line' id='line_1_81' title="bbox 1912 3653 3478 3732; baseline 0.011 -25"><span class='ocrx_word' id='word_1_614' title='bbox 1912 3653 1980 3707; x_wconf 89' lang='lat' dir='ltr'><strong>tia</strong></span> <span class='ocrx_word' id='word_1_615' title='bbox 2015 3657 2319 3724; x_wconf 89' lang='lat' dir='ltr'><strong>corporalis</strong></span> <span class='ocrx_word' id='word_1_616' title='bbox 2347 3658 2420 3709; x_wconf 90' lang='lat' dir='ltr'><strong>ita</strong></span> <span class='ocrx_word' id='word_1_617' title='bbox 2449 3673 2586 3725; x_wconf 87' lang='lat' dir='ltr'><strong>pura</strong></span> <span class='ocrx_word' id='word_1_618' title='bbox 2621 3659 2730 3712; x_wconf 91' lang='lat' dir='ltr'><strong>erit</strong></span> <span class='ocrx_word' id='word_1_619' title='bbox 2758 3670 2923 3729; x_wconf 86' lang='lat' dir='ltr'><strong>atque</strong></span> <span class='ocrx_word' id='word_1_620' title='bbox 2946 3675 3193 3732; x_wconf 85' lang='lat' dir='ltr'><strong>purgata,</strong></span> <span class='ocrx_word' id='word_1_621' title='bbox 3225 3677 3276 3720; x_wconf 92' lang='lat' dir='ltr'><strong>ut</strong></span> <span class='ocrx_word' id='word_1_622' title='bbox 3307 3672 3478 3726; x_wconf 76' lang='lat' dir='ltr'><strong>a2tlie-</strong></span> 
     </span>
    </p>
   </div>
   <div class='ocr_carea' id='block_1_81' title="bbox 1906 3745 3475 3830">
    <p class='ocr_par' dir='ltr' id='par_1_81' title="bbox 1906 3745 3475 3830">
     <span class='ocr_line' id='line_1_82' title="bbox 1906 3745 3475 3830; baseline 0.012 -33"><span class='ocrx_word' id='word_1_623' title='bbox 1906 3745 1984 3798; x_wconf 89' lang='lat' dir='ltr'><strong>ris</strong></span> <span class='ocrx_word' id='word_1_624' title='bbox 2022 3749 2074 3798; x_wconf 90' lang='lat' dir='ltr'><strong>in</strong></span> <span class='ocrx_word' id='word_1_625' title='bbox 2113 3747 2331 3800; x_wconf 89' lang='lat' dir='ltr'><strong>modum</strong></span> <span class='ocrx_word' id='word_1_626' title='bbox 2370 3756 2423 3801; x_wconf 85' lang='lat' dir='ltr'><strong>et</strong></span> <span class='ocrx_word' id='word_1_627' title='bbox 2454 3748 2697 3805; x_wconf 77' lang='lat' dir='ltr'><strong>caelestis</strong></span> <span class='ocrx_word' id='word_1_628' title='bbox 2727 3753 3007 3819; x_wconf 86' lang='lat' dir='ltr'><strong>cujusdam</strong></span> <span class='ocrx_word' id='word_1_629' title='bbox 3035 3756 3289 3822; x_wconf 89' lang='lat' dir='ltr'><strong>puritatis</strong></span> <span class='ocrx_word' id='word_1_630' title='bbox 3312 3771 3475 3830; x_wconf 86' lang='lat' dir='ltr'><strong>atque</strong></span> 
     </span>
    </p>
   </div>
   <div class='ocr_carea' id='block_1_82' title="bbox 1903 3840 3476 3918">
    <p class='ocr_par' dir='ltr' id='par_1_82' title="bbox 1903 3840 3476 3918">
     <span class='ocr_line' id='line_1_83' title="bbox 1903 3840 3476 3918; baseline 0.01 -26"><span class='ocrx_word' id='word_1_631' title='bbox 1903 3840 2235 3893; x_wconf 84' lang='lat' dir='ltr'><strong>sinceritatis</strong></span> <span class='ocrx_word' id='word_1_632' title='bbox 2279 3842 2454 3910; x_wconf 77' lang='lat' dir='ltr'><strong>possit</strong></span> <span class='ocrx_word' id='word_1_633' title='bbox 2482 3842 2734 3912; x_wconf 89' lang='lat' dir='ltr'><strong>intelligi.</strong></span> <span class='ocrx_word' id='word_1_634' title='bbox 2763 3845 2978 3899; x_wconf 77' lang='lat' dir='ltr'><strong>Certius</strong></span> <span class='ocrx_word' id='word_1_635' title='bbox 3023 3855 3201 3901; x_wconf 88' lang='lat' dir='ltr'><strong>tamen</strong></span> <span class='ocrx_word' id='word_1_636' title='bbox 3243 3851 3476 3918; x_wconf 90' lang='lat' dir='ltr'><strong>qualiter</strong></span> 
     </span>
    </p>
   </div>
   <div class='ocr_carea' id='block_1_83' title="bbox 1901 3929 3472 4006">
    <p class='ocr_par' dir='ltr' id='par_1_83' title="bbox 1901 3929 3472 4006">
     <span class='ocr_line' id='line_1_84' title="bbox 1901 3929 3472 4006; baseline 0.005 -24"><span class='ocrx_word' id='word_1_637' title='bbox 1901 3941 1962 3982; x_wconf 84' lang='lat' dir='ltr'><strong>se</strong></span> <span class='ocrx_word' id='word_1_638' title='bbox 1986 3929 2234 3981; x_wconf 88' lang='lat' dir='ltr'><strong>habitura</strong></span> <span class='ocrx_word' id='word_1_639' title='bbox 2261 3929 2330 3983; x_wconf 91' lang='lat' dir='ltr'><strong>sit</strong></span> <span class='ocrx_word' id='word_1_640' title='bbox 2366 3945 2472 3994; x_wconf 77' lang='lat' dir='ltr'><strong>res,</strong></span> <span class='ocrx_word' id='word_1_641' title='bbox 2501 3930 2604 3984; x_wconf 89' lang='lat' dir='ltr'><strong>scit</strong></span> <span class='ocrx_word' id='word_1_642' title='bbox 2632 3931 2779 3984; x_wconf 87' lang='lat' dir='ltr'><strong>solus</strong></span> <span class='ocrx_word' id='word_1_643' title='bbox 2812 3930 2987 3997; x_wconf 86' lang='lat' dir='ltr'><strong>Deus,</strong></span> <span class='ocrx_word' id='word_1_644' title='bbox 3034 3942 3087 3986; x_wconf 93' lang='lat' dir='ltr'><strong>ct</strong></span> <span class='ocrx_word' id='word_1_645' title='bbox 3139 3935 3182 3987; x_wconf 86' lang='lat' dir='ltr'><strong>si</strong></span> <span class='ocrx_word' id='word_1_646' title='bbox 3229 3937 3319 4003; x_wconf 89' lang='lat' dir='ltr'><strong>qui</strong></span> <span class='ocrx_word' id='word_1_647' title='bbox 3353 3937 3472 4006; x_wconf 86' lang='lat' dir='ltr'><strong>ejus</strong></span> 
     </span>
    </p>
   </div>
   <div class='ocr_carea' id='block_1_84' title="bbox 1901 4020 3328 4091">
    <p class='ocr_par' dir='ltr' id='par_1_84' title="bbox 1901 4020 3328 4091">
     <span class='ocr_line' id='line_1_85' title="bbox 1901 4020 3328 4091; baseline 0.004 -17"><span class='ocrx_word' id='word_1_648' title='bbox 1901 4037 1997 4091; x_wconf 89' lang='lat' dir='ltr'><strong>per</strong></span> <span class='ocrx_word' id='word_1_649' title='bbox 2028 4020 2304 4078; x_wconf 83' lang='lat' dir='ltr'><strong>Christum</strong></span> <span class='ocrx_word' id='word_1_650' title='bbox 2345 4031 2398 4074; x_wconf 88' lang='lat' dir='ltr'><strong>et</strong></span> <span class='ocrx_word' id='word_1_651' title='bbox 2425 4021 2689 4090; x_wconf 91' lang='lat' dir='ltr'><strong>Spiritum</strong></span> <span class='ocrx_word' id='word_1_652' title='bbox 2719 4033 2964 4076; x_wconf 91' lang='lat' dir='ltr'><strong>sanctum</strong></span> <span class='ocrx_word' id='word_1_653' title='bbox 3000 4025 3159 4078; x_wconf 88' lang='lat' dir='ltr'><strong>amici</strong></span> <span class='ocrx_word' id='word_1_654' title='bbox 3182 4035 3328 4080; x_wconf 90' lang='lat' dir='ltr'><strong>sunt.</strong></span> 
     </span>
    </p>
   </div>
   <div class='ocr_carea' id='block_1_85' title="bbox 2493 4133 2870 4190">
    <p class='ocr_par' dir='ltr' id='par_1_85' title="bbox 2493 4133 2870 4190">
     <span class='ocr_line' id='line_1_86' title="bbox 2493 4133 2870 4190; baseline 0.008 -3"><span class='ocrx_word' id='word_1_655' title='bbox 2493 4133 2721 4189; x_wconf 74' lang='lat' dir='ltr'>CAPUT</span> <span class='ocrx_word' id='word_1_656' title='bbox 2760 4133 2870 4190; x_wconf 87' lang='lat' dir='ltr'><strong>Vll.</strong></span> 
     </span>
    </p>
   </div>
   <div class='ocr_carea' id='block_1_86' title="bbox 2280 4204 3093 4271">
    <p class='ocr_par' dir='ltr' id='par_1_86' title="bbox 2280 4204 3093 4271">
     <span class='ocr_line' id='line_1_87' title="bbox 2280 4204 3093 4271; baseline 0.005 -14"><span class='ocrx_word' id='word_1_657' title='bbox 2280 4204 2350 4257; x_wconf 86' lang='lat' dir='ltr'><strong>De</strong></span> <span class='ocrx_word' id='word_1_658' title='bbox 2379 4204 2699 4271; x_wconf 81' lang='lat' dir='ltr'><strong>incorporeis</strong></span> <span class='ocrx_word' id='word_1_659' title='bbox 2738 4217 2785 4256; x_wconf 78' lang='lat' dir='ltr'><strong>et</strong></span> <span class='ocrx_word' id='word_1_660' title='bbox 2814 4208 3093 4271; x_wconf 81' lang='lat' dir='ltr'><strong>corporeis.</strong></span> 
     </span>
    </p>
   </div>
   <div class='ocr_carea' id='block_1_87' title="bbox 1972 4296 3470 4370">
    <p class='ocr_par' dir='ltr' id='par_1_87' title="bbox 1972 4296 3470 4370">
     <span class='ocr_line' id='line_1_88' title="bbox 1972 4296 3470 4370; baseline 0.002 -17"><span class='ocrx_word' id='word_1_661' title='bbox 1972 4302 2024 4353; x_wconf 75' lang='lat' dir='ltr'><strong>l.</strong></span> <span class='ocrx_word' id='word_1_662' title='bbox 2059 4298 2184 4353; x_wconf 72' lang='lat' dir='ltr'><strong>llazc</strong></span> <span class='ocrx_word' id='word_1_663' title='bbox 2212 4297 2427 4366; x_wconf 90' lang='lat' dir='ltr'><strong>quidem</strong></span> <span class='ocrx_word' id='word_1_664' title='bbox 2452 4310 2569 4364; x_wconf 83' lang='lat' dir='ltr'><strong>quae</strong></span> <span class='ocrx_word' id='word_1_665' title='bbox 2601 4296 2850 4365; x_wconf 89' lang='lat' dir='ltr'><strong>superius</strong></span> <span class='ocrx_word' id='word_1_666' title='bbox 2884 4299 3264 4361; x_wconf 87' lang='lat' dir='ltr'><strong>disseruimus,</strong></span> <span class='ocrx_word' id='word_1_667' title='bbox 3304 4315 3470 4370; x_wconf 85' lang='lat' dir='ltr'><strong>gene-</strong></span> 
     </span>
    </p>
   </div>
   <div class='ocr_carea' id='block_1_88' title="bbox 1905 4389 3471 4461">
    <p class='ocr_par' dir='ltr' id='par_1_88' title="bbox 1905 4389 3471 4461">
     <span class='ocr_line' id='line_1_89' title="bbox 1905 4389 3471 4461; baseline 0.002 -18"><span class='ocrx_word' id='word_1_668' title='bbox 1905 4390 2005 4443; x_wconf 90' lang='lat' dir='ltr'><strong>rali</strong></span> <span class='ocrx_word' id='word_1_669' title='bbox 2035 4390 2192 4444; x_wconf 88' lang='lat' dir='ltr'><strong>nobis</strong></span> <span class='ocrx_word' id='word_1_670' title='bbox 2215 4404 2466 4444; x_wconf 89' lang='lat' dir='ltr'><strong>sermone</strong></span> <span class='ocrx_word' id='word_1_671' title='bbox 2488 4389 2600 4459; x_wconf 81' lang='lat'><strong>(89)</strong></span> <span class='ocrx_word' id='word_1_672' title='bbox 2625 4389 2832 4458; x_wconf 81' lang='lat' dir='ltr'><strong>digesta</strong></span> <span class='ocrx_word' id='word_1_673' title='bbox 2861 4390 2988 4452; x_wconf 89' lang='lat' dir='ltr'><strong>sint,</strong></span> <span class='ocrx_word' id='word_1_674' title='bbox 3018 4405 3112 4457; x_wconf 87' lang='lat' dir='ltr'><strong>per</strong></span> <span class='ocrx_word' id='word_1_675' title='bbox 3131 4405 3471 4461; x_wconf 84' lang='lat' dir='ltr'><strong>consequen-</strong></span> 
     </span>
    </p>
   </div>
   <div class='ocr_carea' id='block_1_89' title="bbox 294 4624 1812 4704">
    <p class='ocr_par' dir='ltr' id='par_1_89' title="bbox 294 4630 1796 4704">
     <span class='ocr_line' id='line_1_90' title="bbox 294 4630 1796 4704; baseline 0.001 -22"><span class='ocrx_word' id='word_1_676' title='bbox 294 4631 413 4704; x_wconf 83' lang='grc'>(77)</span> <span class='ocrx_word' id='word_1_677' title='bbox 439 4630 569 4704; x_wconf 13' lang='lat' dir='ltr'><strong>71am</strong></span> <span class='ocrx_word' id='word_1_678' title='bbox 606 4646 723 4704; x_wconf 71' lang='lat' dir='ltr'><strong>_t&#39;_e_,ro</strong></span> <span class='ocrx_word' id='word_1_679' title='bbox 753 4631 796 4683; x_wconf 69' lang='lat' dir='ltr'><strong>si</strong></span> <span class='ocrx_word' id='word_1_680' title='bbox 824 4630 1004 4704; x_wconf 71' lang='lat' dir='ltr'><strong>aliqui</strong></span> <span class='ocrx_word' id='word_1_681' title='bbox 1029 4648 1093 4685; x_wconf 79' lang='lat' dir='ltr'><strong>ea:</strong></span> <span class='ocrx_word' id='word_1_682' title='bbox 1116 4632 1193 4704; x_wconf 76' lang='lat' dir='ltr'><strong>Itis</strong></span> <span class='ocrx_word' id='word_1_683' title='bbox 1222 4632 1515 4694; x_wconf 81' lang='lat' dir='ltr'><strong>ordinibus,</strong></span> <span class='ocrx_word' id='word_1_684' title='bbox 1549 4631 1796 4685; x_wconf 81' lang='lat' dir='ltr'><strong>etc.Vidc</strong></span> 
     </span>
    </p>
   </div>
   <div class='ocr_carea' id='block_1_90' title="bbox 1916 4624 3468 4704">
    <p class='ocr_par' dir='ltr' id='par_1_90' title="bbox 1977 4624 3468 4704">
     <span class='ocr_line' id='line_1_91' title="bbox 1977 4624 3468 4704; baseline 0.003 -22"><span class='ocrx_word' id='word_1_685' title='bbox 1977 4626 2085 4704; x_wconf 61' lang='lat'><strong>(8(5)</strong></span> <span class='ocrx_word' id='word_1_686' title='bbox 2121 4625 2196 4704; x_wconf 86' lang='lat' dir='ltr'><strong>l_ta</strong></span> <span class='ocrx_word' id='word_1_687' title='bbox 2234 4641 2363 4704; x_wconf 78' lang='lat' dir='ltr'><strong>mss.</strong></span> <span class='ocrx_word' id='word_1_688' title='bbox 2416 4624 2573 4680; x_wconf 89' lang='lat' dir='ltr'><strong>Libb.</strong></span> <span class='ocrx_word' id='word_1_689' title='bbox 2606 4625 2760 4690; x_wconf 89' lang='lat' dir='ltr'><strong>editi,</strong></span> <span class='ocrx_word' id='word_1_690' title='bbox 2813 4643 2830 4675; x_wconf 73' lang='grc' dir='ltr'><strong>ι</strong></span> <span class='ocrx_word' id='word_1_691' title='bbox 2862 4624 3027 4680; x_wconf 76' lang='lat' dir='ltr'><strong>lsaias</strong></span> <span class='ocrx_word' id='word_1_692' title='bbox 3081 4641 3297 4696; x_wconf 87' lang='lat' dir='ltr'><strong>quoque</strong></span> <span class='ocrx_word' id='word_1_693' title='bbox 3342 4644 3468 4686; x_wconf 88' lang='lat' dir='ltr'><strong>cum</strong></span> 
     </span>
    </p>
   </div>
   <div class='ocr_carea' id='block_1_91' title="bbox 220 4700 1523 4772">
    <p class='ocr_par' dir='ltr' id='par_1_91' title="bbox 220 4700 1523 4772">
     <span class='ocr_line' id='line_1_92' title="bbox 220 4700 1523 4772; baseline -0.001 -15"><span class='ocrx_word' id='word_1_694' title='bbox 220 4700 539 4772; x_wconf 77' lang='lat' dir='ltr'><strong>Origenittn.</strong></span> <span class='ocrx_word' id='word_1_695' title='bbox 561 4740 576 4766; x_wconf 94' lang='lat'><strong>,</strong></span> <span class='ocrx_word' id='word_1_696' title='bbox 605 4700 699 4772; x_wconf 85' lang='lat' dir='ltr'><strong>lib.</strong></span> <span class='ocrx_word' id='word_1_697' title='bbox 731 4717 790 4764; x_wconf 87' lang='lat' dir='ltr'><strong>tt,</strong></span> <span class='ocrx_word' id='word_1_698' title='bbox 820 4701 1114 4767; x_wconf 58' lang='lat' dir='ltr'><strong>quaestione</strong></span> <span class='ocrx_word' id='word_1_699' title='bbox 1141 4703 1226 4764; x_wconf 82' lang='lat' dir='ltr'><strong>ll,</strong></span> <span class='ocrx_word' id='word_1_700' title='bbox 1257 4719 1402 4756; x_wconf 90' lang='lat' dir='ltr'><strong>num.</strong></span> <span class='ocrx_word' id='word_1_701' title='bbox 1438 4704 1523 4756; x_wconf 82' lang='grc'>18.</span> 
     </span>
    </p>
   </div>
   <div class='ocr_carea' id='block_1_92' title="bbox 293 4771 785 4846">
    <p class='ocr_par' dir='ltr' id='par_1_92' title="bbox 293 4771 785 4846">
     <span class='ocr_line' id='line_1_93' title="bbox 293 4771 785 4846; baseline 0.008 -27"><span class='ocrx_word' id='word_1_702' title='bbox 447 4771 616 4846; x_wconf 50' lang='lat' dir='ltr'><strong>{laute</strong></span> <span class='ocrx_word' id='word_1_703' title='bbox 646 4771 785 4841; x_wconf 85' lang='lat' dir='ltr'><strong>lege.</strong></span> 
     </span>
    </p>
   </div>
   <div class='ocr_carea' id='block_1_93' title="bbox 289 4839 1792 4916">
    <p class='ocr_par' dir='ltr' id='par_1_93' title="bbox 289 4839 1792 4916">
     <span class='ocr_line' id='line_1_94' title="bbox 289 4839 1792 4916; baseline -0.001 -21"><span class='ocrx_word' id='word_1_704' title='bbox 289 4839 412 4916; x_wconf 84' lang='grc'>(79)</span> <span class='ocrx_word' id='word_1_705' title='bbox 440 4840 657 4894; x_wconf 83' lang='lat' dir='ltr'><strong>I&#39;nterim</strong></span> <span class='ocrx_word' id='word_1_706' title='bbox 689 4839 794 4892; x_wconf 68' lang='lat' dir='ltr'><strong>{om</strong></span> <span class='ocrx_word' id='word_1_707' title='bbox 813 4839 866 4916; x_wconf 68' lang='lat' dir='ltr'><strong>in</strong></span> <span class='ocrx_word' id='word_1_708' title='bbox 895 4839 973 4891; x_wconf 79' lang='lat' dir='ltr'><strong>Itis</strong></span> <span class='ocrx_word' id='word_1_709' title='bbox 989 4855 1105 4906; x_wconf 68' lang='lat' dir='ltr'><strong>qua:</strong></span> <span class='ocrx_word' id='word_1_710' title='bbox 1133 4841 1388 4916; x_wconf 55' lang='lat' dir='ltr'><strong>videntur.</strong></span> <span class='ocrx_word' id='word_1_711' title='bbox 1417 4839 1792 4916; x_wconf 33' lang='lat' dir='ltr'><strong>ett-(Fonsule</strong></span> 
     </span>
    </p>
   </div>
   <div class='ocr_carea' id='block_1_94' title="bbox 223 4910 1787 4979">
    <p class='ocr_par' dir='ltr' id='par_1_94' title="bbox 223 4910 1787 4979">
     <span class='ocr_line' id='line_1_95' title="bbox 223 4910 1787 4979; baseline -0.005 -9"><span class='ocrx_word' id='word_1_712' title='bbox 223 4910 435 4970; x_wconf 53' lang='lat' dir='ltr'><strong>ite&#39;ruut</strong></span> <span class='ocrx_word' id='word_1_713' title='bbox 468 4910 776 4979; x_wconf 81' lang='lat' dir='ltr'><strong>Origenian.</strong></span> <span class='ocrx_word' id='word_1_714' title='bbox 813 4910 901 4962; x_wconf 89' lang='lat' dir='ltr'><strong>lib.</strong></span> <span class='ocrx_word' id='word_1_715' title='bbox 939 4924 995 4968; x_wconf 95' lang='lat' dir='ltr'><strong>Il,</strong></span> <span class='ocrx_word' id='word_1_716' title='bbox 1031 4921 1220 4977; x_wconf 70' lang='lat' dir='ltr'><strong>qztzest.</strong></span> <span class='ocrx_word' id='word_1_717' title='bbox 1259 4912 1310 4971; x_wconf 77' lang='grc' dir='ltr'>ό,</span> <span class='ocrx_word' id='word_1_718' title='bbox 1345 4927 1490 4962; x_wconf 85' lang='lat' dir='ltr'><strong>nmn.</strong></span> <span class='ocrx_word' id='word_1_719' title='bbox 1523 4911 1587 4964; x_wconf 73' lang='grc'><strong>14</strong></span> <span class='ocrx_word' id='word_1_720' title='bbox 1617 4923 1670 4963; x_wconf 89' lang='lat' dir='ltr'><strong>et</strong></span> <span class='ocrx_word' id='word_1_721' title='bbox 1697 4910 1787 4962; x_wconf 70' lang='lat'><strong>22.</strong></span> 
     </span>
    </p>
   </div>
   <div class='ocr_carea' id='block_1_95' title="bbox 216 4979 1645 5051">
    <p class='ocr_par' dir='ltr' id='par_1_95' title="bbox 216 4979 1645 5051">
     <span class='ocr_line' id='line_1_96' title="bbox 216 4979 1645 5051; baseline 0.006 -28"><span class='ocrx_word' id='word_1_722' title='bbox 216 4989 359 5040; x_wconf 69' lang='grc' dir='ltr'><strong>ιιριιι</strong></span> <span class='ocrx_word' id='word_1_723' title='bbox 399 4982 521 5034; x_wconf 54' lang='lat' dir='ltr'><strong>miri</strong></span> <span class='ocrx_word' id='word_1_724' title='bbox 547 4981 788 5051; x_wconf 77' lang='lat' dir='ltr'><strong>ejusdem</strong></span> <span class='ocrx_word' id='word_1_725' title='bbox 816 4990 1008 5047; x_wconf 67' lang='lat' dir='ltr'><strong>quaast.</strong></span> <span class='ocrx_word' id='word_1_726' title='bbox 1038 4979 1573 5051; x_wconf 77' lang='lat' dir='ltr'><strong>nndccitnam,_num.</strong></span> <span class='ocrx_word' id='word_1_727' title='bbox 1592 4979 1645 5032; x_wconf 71' lang='grc'>4.</span> 
     </span>
    </p>
   </div>
   <div class='ocr_carea' id='block_1_96' title="bbox 292 5048 1789 5128">
    <p class='ocr_par' dir='ltr' id='par_1_96' title="bbox 292 5048 1789 5128">
     <span class='ocr_line' id='line_1_97' title="bbox 292 5048 1789 5128; baseline -0.003 -21"><span class='ocrx_word' id='word_1_728' title='bbox 445 5048 807 5128; x_wconf 58' lang='lat' dir='ltr'><strong>Superiorum.</strong></span> <span class='ocrx_word' id='word_1_729' title='bbox 844 5051 1004 5104; x_wconf 87' lang='lat' dir='ltr'><strong>Deest</strong></span> <span class='ocrx_word' id='word_1_730' title='bbox 1037 5048 1089 5101; x_wconf 88' lang='lat' dir='ltr'><strong>in</strong></span> <span class='ocrx_word' id='word_1_731' title='bbox 1117 5048 1248 5101; x_wconf 86' lang='lat' dir='ltr'><strong>libb.</strong></span> <span class='ocrx_word' id='word_1_732' title='bbox 1284 5048 1467 5111; x_wconf 82' lang='lat' dir='ltr'><strong>editis,</strong></span> <span class='ocrx_word' id='word_1_733' title='bbox 1499 5051 1595 5103; x_wconf 90' lang='lat' dir='ltr'><strong>sed</strong></span> <span class='ocrx_word' id='word_1_734' title='bbox 1624 5049 1789 5103; x_wconf 80' lang='lat' dir='ltr'><strong>habe-</strong></span> 
     </span>
    </p>
   </div>
   <div class='ocr_carea' id='block_1_97' title="bbox 214 5123 1695 5196">
    <p class='ocr_par' dir='ltr' id='par_1_97' title="bbox 214 5123 1695 5196">
     <span class='ocr_line' id='line_1_98' title="bbox 214 5123 1695 5196; baseline 0.005 -15"><span class='ocrx_word' id='word_1_735' title='bbox 214 5123 393 5181; x_wconf 45' lang='lat' dir='ltr'><strong>tur&#39;in</strong></span> <span class='ocrx_word' id='word_1_736' title='bbox 423 5123 674 5196; x_wconf 76' lang='lat' dir='ltr'><strong>omnibus</strong></span> <span class='ocrx_word' id='word_1_737' title='bbox 704 5136 832 5174; x_wconf 87' lang='lat' dir='ltr'><strong>mss.</strong></span> <span class='ocrx_word' id='word_1_738' title='bbox 998 5191 1008 5196; x_wconf 90' lang='lat'>_</span> <span class='ocrx_word' id='word_1_739' title='bbox 1121 5187 1174 5196; x_wconf 76' lang='lat'>__</span> <span class='ocrx_word' id='word_1_740' title='bbox 1445 5185 1492 5196; x_wconf 65' lang='grc' dir='ltr'>η</span> <span class='ocrx_word' id='word_1_741' title='bbox 1535 5186 1545 5196; x_wconf 85' lang='lat'><strong>_</strong></span> <span class='ocrx_word' id='word_1_742' title='bbox 1663 5186 1695 5196; x_wconf 82' lang='grc'><em>,,</em></span> 
     </span>
    </p>
   </div>
   <div class='ocr_carea' id='block_1_98' title="bbox 292 5185 1786 5263">
    <p class='ocr_par' dir='ltr' id='par_1_98' title="bbox 292 5185 1786 5263">
     <span class='ocr_line' id='line_1_99' title="bbox 292 5185 1786 5263; baseline -0.005 -15"><span class='ocrx_word' id='word_1_743' title='bbox 292 5191 812 5263; x_wconf 76' lang='lat' dir='ltr'><strong>(8i)Eruditionum</strong></span> <span class='ocrx_word' id='word_1_744' title='bbox 869 5191 1059 5258; x_wconf 73' lang='lat' dir='ltr'><strong>specie.</strong></span> <span class='ocrx_word' id='word_1_745' title='bbox 1119 5187 1211 5243; x_wconf 87' lang='lat' dir='ltr'><strong>Sic</strong></span> <span class='ocrx_word' id='word_1_746' title='bbox 1260 5204 1393 5244; x_wconf 90' lang='lat' dir='ltr'><strong>mss.</strong></span> <span class='ocrx_word' id='word_1_747' title='bbox 1444 5185 1581 5240; x_wconf 83' lang='lat' dir='ltr'><strong>Male</strong></span> <span class='ocrx_word' id='word_1_748' title='bbox 1626 5186 1786 5250; x_wconf 87' lang='lat' dir='ltr'><strong>alias,</strong></span> 
     </span>
    </p>
   </div>
   <div class='ocr_carea' id='block_1_99' title="bbox 219 5263 945 5330">
    <p class='ocr_par' dir='ltr' id='par_1_99' title="bbox 219 5263 945 5330">
     <span class='ocr_line' id='line_1_100' title="bbox 219 5263 945 5330; baseline -0.007 -12"><span class='ocrx_word' id='word_1_749' title='bbox 219 5287 239 5318; x_wconf 68' lang='grc' dir='ltr'><strong>ς</strong></span> <span class='ocrx_word' id='word_1_750' title='bbox 271 5263 585 5320; x_wconf 86' lang='lat' dir='ltr'><strong>eruditione</strong></span> <span class='ocrx_word' id='word_1_751' title='bbox 609 5263 661 5316; x_wconf 88' lang='lat' dir='ltr'><strong>in</strong></span> <span class='ocrx_word' id='word_1_752' title='bbox 685 5264 891 5330; x_wconf 89' lang='lat' dir='ltr'><strong>specie.</strong></span> <span class='ocrx_word' id='word_1_753' title='bbox 928 5281 945 5313; x_wconf 78' lang='grc' dir='ltr'><strong>ι</strong></span> 
     </span>
    </p>
   </div>
   <div class='ocr_carea' id='block_1_100' title="bbox 294 5331 1694 5409">
    <p class='ocr_par' dir='ltr' id='par_1_100' title="bbox 294 5331 1694 5409">
     <span class='ocr_line' id='line_1_101' title="bbox 294 5331 1694 5409; baseline 0.001 -28"><span class='ocrx_word' id='word_1_754' title='bbox 294 5333 416 5409; x_wconf 49' lang='grc' dir='ltr'>(δέ.)</span> <span class='ocrx_word' id='word_1_755' title='bbox 443 5331 609 5409; x_wconf 59' lang='lat' dir='ltr'><strong>Eaute</strong></span> <span class='ocrx_word' id='word_1_756' title='bbox 642 5332 779 5401; x_wconf 84' lang='lat' dir='ltr'><strong>lege.</strong></span> <span class='ocrx_word' id='word_1_757' title='bbox 998 5402 1009 5409; x_wconf 86' lang='lat'><strong>_</strong></span> <span class='ocrx_word' id='word_1_758' title='bbox 1129 5401 1137 5409; x_wconf 82' lang='lat'><strong>_</strong></span> <span class='ocrx_word' id='word_1_759' title='bbox 1283 5397 1336 5409; x_wconf 51' lang='grc' dir='ltr'><strong>Μ</strong></span> <span class='ocrx_word' id='word_1_760' title='bbox 1624 5396 1637 5409; x_wconf 43' lang='grc' dir='ltr'>ι</span> <span class='ocrx_word' id='word_1_761' title='bbox 1663 5395 1694 5409; x_wconf 80' lang='lat'><strong>__</strong></span> 
     </span>
    </p>
   </div>
   <div class='ocr_carea' id='block_1_101' title="bbox 290 5395 1785 5475">
    <p class='ocr_par' dir='ltr' id='par_1_101' title="bbox 290 5395 1785 5475">
     <span class='ocr_line' id='line_1_102' title="bbox 290 5395 1785 5475; baseline -0.001 -24"><span class='ocrx_word' id='word_1_762' title='bbox 290 5395 411 5475; x_wconf 72' lang='lat'><strong>(‘85)</strong></span> <span class='ocrx_word' id='word_1_763' title='bbox 443 5395 815 5475; x_wconf 66' lang='lat' dir='ltr'><strong>Transeutiteut</strong></span> <span class='ocrx_word' id='word_1_764' title='bbox 843 5417 934 5475; x_wconf 78' lang='lat' dir='ltr'><strong>per</strong></span> <span class='ocrx_word' id='word_1_765' title='bbox 966 5401 1218 5472; x_wconf 83' lang='lat' dir='ltr'><strong>singulos.</strong></span> <span class='ocrx_word' id='word_1_766' title='bbox 1283 5397 1375 5453; x_wconf 90' lang='lat' dir='ltr'><strong>Sic</strong></span> <span class='ocrx_word' id='word_1_767' title='bbox 1430 5413 1559 5451; x_wconf 89' lang='lat' dir='ltr'><strong>mss.</strong></span> <span class='ocrx_word' id='word_1_768' title='bbox 1611 5395 1785 5460; x_wconf 85' lang='lat' dir='ltr'><strong>Alias,</strong></span> 
     </span>
    </p>
   </div>
   <div class='ocr_carea' id='block_1_102' title="bbox 220 5470 1576 5544">
    <p class='ocr_par' dir='ltr' id='par_1_102' title="bbox 220 5470 1576 5544">
     <span class='ocr_line' id='line_1_103' title="bbox 220 5470 1576 5544; baseline -0.003 -16"><span class='ocrx_word' id='word_1_769' title='bbox 220 5498 238 5528; x_wconf 78' lang='grc' dir='ltr'><strong>ι</strong></span> <span class='ocrx_word' id='word_1_770' title='bbox 281 5470 606 5544; x_wconf 26' lang='grc' dir='ltr'><strong>ιἰ-ειιδξιζᾳλθι</strong></span> <span class='ocrx_word' id='word_1_771' title='bbox 642 5473 1022 5544; x_wconf 13' lang='lat' dir='ltr'><strong>perisingulos.</strong></span> <span class='ocrx_word' id='word_1_772' title='bbox 1053 5470 1078 5524; x_wconf 66' lang='grc' dir='ltr'><strong>ἰ</strong></span> <span class='ocrx_word' id='word_1_773' title='bbox 1212 5540 1247 5544; x_wconf 77' lang='lat'><strong>__</strong></span> <span class='ocrx_word' id='word_1_774' title='bbox 1545 5536 1576 5544; x_wconf 47' lang='grc' dir='ltr'>η</span> 
     </span>
    </p>
   </div>
   <div class='ocr_carea' id='block_1_103' title="bbox 290 5536 1790 5614">
    <p class='ocr_par' dir='ltr' id='par_1_103' title="bbox 290 5536 1790 5614">
     <span class='ocr_line' id='line_1_104' title="bbox 290 5536 1790 5614; baseline -0.006 -17"><span class='ocrx_word' id='word_1_775' title='bbox 290 5542 410 5614; x_wconf 72' lang='grc'>(84)</span> <span class='ocrx_word' id='word_1_776' title='bbox 439 5540 591 5596; x_wconf 86' lang='lat' dir='ltr'><strong>Libb.</strong></span> <span class='ocrx_word' id='word_1_777' title='bbox 622 5536 752 5614; x_wconf 78' lang='lat' dir='ltr'><strong>editi</strong></span> <span class='ocrx_word' id='word_1_778' title='bbox 779 5581 792 5604; x_wconf 91' lang='lat'><strong>,</strong></span> <span class='ocrx_word' id='word_1_779' title='bbox 821 5536 1068 5596; x_wconf 61' lang='lat' dir='ltr'><strong>(futuris</strong></span> <span class='ocrx_word' id='word_1_780' title='bbox 1091 5540 1278 5610; x_wconf 89' lang='lat' dir='ltr'><strong>spatiis</strong></span> <span class='ocrx_word' id='word_1_781' title='bbox 1305 5556 1367 5594; x_wconf 90' lang='lat' dir='ltr'><strong>ac</strong></span> <span class='ocrx_word' id='word_1_782' title='bbox 1397 5536 1626 5593; x_wconf 68' lang='lat' dir='ltr'><strong>sareulis.</strong></span> <span class='ocrx_word' id='word_1_783' title='bbox 1671 5554 1687 5586; x_wconf 82' lang='grc' dir='ltr'><strong>ι</strong></span> <span class='ocrx_word' id='word_1_784' title='bbox 1720 5536 1790 5588; x_wconf 84' lang='lat' dir='ltr'><strong>At</strong></span> 
     </span>
    </p>
   </div>
   <div class='ocr_carea' id='block_1_104' title="bbox 214 5611 1197 5672">
    <p class='ocr_par' dir='ltr' id='par_1_104' title="bbox 214 5611 1197 5672">
     <span class='ocr_line' id='line_1_105' title="bbox 214 5611 1197 5672; baseline -0.007 0"><span class='ocrx_word' id='word_1_785' title='bbox 214 5611 360 5672; x_wconf 71' lang='lat' dir='ltr'><strong>mss.</strong></span> <span class='ocrx_word' id='word_1_786' title='bbox 392 5611 590 5667; x_wconf 83' lang='lat' dir='ltr'><strong>omnes</strong></span> <span class='ocrx_word' id='word_1_787' title='bbox 622 5622 680 5662; x_wconf 91' lang='lat' dir='ltr'><strong>ut</strong></span> <span class='ocrx_word' id='word_1_788' title='bbox 720 5611 772 5661; x_wconf 79' lang='grc' dir='ltr'><strong>ιιι</strong></span> <span class='ocrx_word' id='word_1_789' title='bbox 810 5623 997 5664; x_wconf 86' lang='lat' dir='ltr'><strong>nostro</strong></span> <span class='ocrx_word' id='word_1_790' title='bbox 1029 5622 1197 5665; x_wconf 79' lang='lat' dir='ltr'><strong>textu.</strong></span> 
     </span>
    </p>
   </div>
   <div class='ocr_carea' id='block_1_105' title="bbox 291 5677 1788 5756">
    <p class='ocr_par' dir='ltr' id='par_1_105' title="bbox 291 5677 1788 5756">
     <span class='ocr_line' id='line_1_106' title="bbox 291 5677 1788 5756; baseline -0.009 -16"><span class='ocrx_word' id='word_1_791' title='bbox 291 5686 413 5756; x_wconf 79' lang='grc'>(83)</span> <span class='ocrx_word' id='word_1_792' title='bbox 447 5681 536 5756; x_wconf 60' lang='lat' dir='ltr'><strong>Sic</strong></span> <span class='ocrx_word' id='word_1_793' title='bbox 560 5696 692 5756; x_wconf 85' lang='lat' dir='ltr'><strong>mss.</strong></span> <span class='ocrx_word' id='word_1_794' title='bbox 728 5678 886 5733; x_wconf 85' lang='lat' dir='ltr'><strong>Libb.</strong></span> <span class='ocrx_word' id='word_1_795' title='bbox 940 5697 1071 5735; x_wconf 88' lang='lat' dir='ltr'><strong>vero</strong></span> <span class='ocrx_word' id='word_1_796' title='bbox 1115 5679 1269 5742; x_wconf 89' lang='lat' dir='ltr'><strong>editi,</strong></span> <span class='ocrx_word' id='word_1_797' title='bbox 1329 5697 1348 5730; x_wconf 81' lang='lat' dir='ltr'><strong>t</strong></span> <span class='ocrx_word' id='word_1_798' title='bbox 1378 5677 1628 5733; x_wconf 86' lang='lat' dir='ltr'><strong>eumdem</strong></span> <span class='ocrx_word' id='word_1_799' title='bbox 1675 5688 1788 5756; x_wconf 83' lang='lat' dir='ltr'><strong>mo-</strong></span> 
     </span>
    </p>
   </div>
   <div class='ocr_carea' id='block_1_106' title="bbox 215 5747 1788 5827">
    <p class='ocr_par' dir='ltr' id='par_1_106' title="bbox 215 5747 1788 5827">
     <span class='ocr_line' id='line_1_107' title="bbox 215 5747 1788 5827; baseline -0.008 -15"><span class='ocrx_word' id='word_1_800' title='bbox 215 5747 418 5812; x_wconf 61' lang='grc' dir='ltr'><strong>ἀμίαι</strong></span> <span class='ocrx_word' id='word_1_801' title='bbox 453 5750 622 5805; x_wconf 86' lang='lat' dir='ltr'><strong>Paulo</strong></span> <span class='ocrx_word' id='word_1_802' title='bbox 652 5757 774 5827; x_wconf 78' lang='lat' dir='ltr'><strong>post</strong></span> <span class='ocrx_word' id='word_1_803' title='bbox 810 5765 962 5817; x_wconf 86' lang='lat' dir='ltr'><strong>mss.,</strong></span> <span class='ocrx_word' id='word_1_804' title='bbox 1000 5771 1018 5801; x_wconf 74' lang='grc' dir='ltr'><strong>ι</strong></span> <span class='ocrx_word' id='word_1_805' title='bbox 1052 5767 1156 5804; x_wconf 83' lang='lat' dir='ltr'><strong>non</strong></span> <span class='ocrx_word' id='word_1_806' title='bbox 1196 5761 1633 5827; x_wconf 30' lang='lat' dir='ltr'><strong>tameuueoruind</strong></span> <span class='ocrx_word' id='word_1_807' title='bbox 1660 5747 1788 5799; x_wconf 86' lang='lat' dir='ltr'><strong>sub-</strong></span> 
     </span>
    </p>
   </div>
   <div class='ocr_carea' id='block_1_107' title="bbox 214 5817 1789 5884">
    <p class='ocr_par' dir='ltr' id='par_1_107' title="bbox 214 5817 1789 5884">
     <span class='ocr_line' id='line_1_108' title="bbox 214 5817 1789 5884; baseline -0.01 -1"><span class='ocrx_word' id='word_1_808' title='bbox 214 5826 429 5883; x_wconf 79' lang='lat' dir='ltr'><strong>stantia</strong></span> <span class='ocrx_word' id='word_1_809' title='bbox 459 5820 770 5879; x_wconf 88' lang='lat' dir='ltr'><strong>omnimode</strong></span> <span class='ocrx_word' id='word_1_810' title='bbox 803 5831 1194 5883; x_wconf 87' lang='lat' dir='ltr'><strong>corrumpatur.</strong></span> <span class='ocrx_word' id='word_1_811' title='bbox 1225 5837 1243 5871; x_wconf 81' lang='grc' dir='ltr'><strong>ι</strong></span> <span class='ocrx_word' id='word_1_812' title='bbox 1263 5819 1320 5874; x_wconf 90' lang='lat' dir='ltr'><strong>ln</strong></span> <span class='ocrx_word' id='word_1_813' title='bbox 1349 5818 1479 5877; x_wconf 88' lang='lat' dir='ltr'><strong>libb.</strong></span> <span class='ocrx_word' id='word_1_814' title='bbox 1509 5817 1669 5874; x_wconf 88' lang='lat' dir='ltr'><strong>editis</strong></span> <span class='ocrx_word' id='word_1_815' title='bbox 1693 5829 1789 5884; x_wconf 89' lang='lat' dir='ltr'><strong>pro</strong></span> 
     </span>
    </p>
   </div>
   <div class='ocr_carea' id='block_1_108' title="bbox 219 5889 1278 5959">
    <p class='ocr_par' dir='ltr' id='par_1_108' title="bbox 219 5889 1278 5959">
     <span class='ocr_line' id='line_1_109' title="bbox 219 5889 1278 5959; baseline -0.015 -3"><span class='ocrx_word' id='word_1_816' title='bbox 219 5917 242 5954; x_wconf 71' lang='grc' dir='ltr'><strong>ι</strong></span> <span class='ocrx_word' id='word_1_817' title='bbox 271 5892 583 5954; x_wconf 79' lang='lat' dir='ltr'><strong>substantia</strong></span> <span class='ocrx_word' id='word_1_818' title='bbox 629 5909 649 5942; x_wconf 83' lang='grc' dir='ltr'><strong>ι</strong></span> <span class='ocrx_word' id='word_1_819' title='bbox 687 5889 878 5959; x_wconf 76' lang='lat' dir='ltr'><strong>legitur</strong></span> <span class='ocrx_word' id='word_1_820' title='bbox 912 5904 933 5941; x_wconf 72' lang='grc' dir='ltr'><strong>ι</strong></span> <span class='ocrx_word' id='word_1_821' title='bbox 967 5889 1218 5957; x_wconf 84' lang='lat' dir='ltr'><strong>qualitas.</strong></span> <span class='ocrx_word' id='word_1_822' title='bbox 1258 5907 1278 5940; x_wconf 82' lang='grc' dir='ltr'><strong>ι</strong></span> 
     </span>
    </p>
   </div>
   <div class='ocr_carea' id='block_1_109' title="bbox 502 5979 1095 6047">
    <p class='ocr_par' dir='ltr' id='par_1_109' title="bbox 502 5979 1095 6047">
     <span class='ocr_line' id='line_1_110' title="bbox 502 5979 1095 6047; baseline -0.01 0"><span class='ocrx_word' id='word_1_823' title='bbox 502 5984 777 6047; x_wconf 63' lang='grc' dir='ltr'><strong>Ρλτιιοι..</strong></span> <span class='ocrx_word' id='word_1_824' title='bbox 823 5979 940 6047; x_wconf 79' lang='lat' dir='ltr'><strong>Gn.</strong></span> <span class='ocrx_word' id='word_1_825' title='bbox 986 5981 1095 6042; x_wconf 84' lang='lat' dir='ltr'><strong>XI.</strong></span> 
     </span>
    </p>
   </div>
   <div class='ocr_carea' id='block_1_110' title="bbox 1904 4697 3155 4775">
    <p class='ocr_par' dir='ltr' id='par_1_110' title="bbox 1904 4697 3155 4775">
     <span class='ocr_line' id='line_1_111' title="bbox 1904 4697 3155 4775; baseline 0 0"><span class='ocrx_word' id='word_1_826' title='bbox 1904 4697 2510 4775; x_wconf 53' lang='lat' dir='ltr'><strong>crepitetiemdicatn</strong></span> <span class='ocrx_word' id='word_1_827' title='bbox 2589 4767 2600 4775; x_wconf 93' lang='lat'><strong>.</strong></span> <span class='ocrx_word' id='word_1_828' title='bbox 2771 4765 2781 4775; x_wconf 95' lang='lat'><strong>.</strong></span> <span class='ocrx_word' id='word_1_829' title='bbox 2915 4773 2923 4775; x_wconf 94' lang='lat'>_</span> 
     </span>
    </p>
   </div>
   <div class='ocr_carea' id='block_1_111' title="bbox 1974 4763 3470 4835">
    <p class='ocr_par' dir='ltr' id='par_1_111' title="bbox 1974 4763 3470 4835">
     <span class='ocr_line' id='line_1_112' title="bbox 1974 4763 3470 4835; baseline -0.005 -17"><span class='ocrx_word' id='word_1_830' title='bbox 1974 4764 2085 4835; x_wconf 88' lang='lat'><strong>(87)</strong></span> <span class='ocrx_word' id='word_1_831' title='bbox 2120 4765 2371 4818; x_wconf 81' lang='lat' dir='ltr'><strong>Habitus.</strong></span> <span class='ocrx_word' id='word_1_832' title='bbox 2403 4766 2561 4818; x_wconf 76' lang='lat' dir='ltr'><strong>Deest</strong></span> <span class='ocrx_word' id='word_1_833' title='bbox 2589 4767 2639 4817; x_wconf 89' lang='lat' dir='ltr'><strong>itt</strong></span> <span class='ocrx_word' id='word_1_834' title='bbox 2664 4765 2815 4817; x_wconf 88' lang='lat' dir='ltr'><strong>libris</strong></span> <span class='ocrx_word' id='word_1_835' title='bbox 2838 4773 2994 4817; x_wconf 86' lang='lat' dir='ltr'><strong>antea</strong></span> <span class='ocrx_word' id='word_1_836' title='bbox 3025 4763 3210 4830; x_wconf 89' lang='lat' dir='ltr'><strong>editis,</strong></span> <span class='ocrx_word' id='word_1_837' title='bbox 3240 4767 3333 4818; x_wconf 88' lang='lat' dir='ltr'><strong>sed</strong></span> <span class='ocrx_word' id='word_1_838' title='bbox 3371 4768 3470 4822; x_wconf 81' lang='lat' dir='ltr'><strong>ha-</strong></span> 
     </span>
    </p>
   </div>
   <div class='ocr_carea' id='block_1_112' title="bbox 1901 4837 3072 4910">
    <p class='ocr_par' dir='ltr' id='par_1_112' title="bbox 1901 4837 3072 4910">
     <span class='ocr_line' id='line_1_113' title="bbox 1901 4837 3072 4910; baseline -0.009 -18"><span class='ocrx_word' id='word_1_839' title='bbox 1901 4839 2056 4910; x_wconf 74' lang='lat' dir='ltr'><strong>betur</strong></span> <span class='ocrx_word' id='word_1_840' title='bbox 2091 4837 2590 4910; x_wconf 79' lang='lat' dir='ltr'><strong>in_o_mnibus_tnss.</strong></span> <span class='ocrx_word' id='word_1_841' title='bbox 2788 4903 2798 4910; x_wconf 82' lang='lat'>_</span> <span class='ocrx_word' id='word_1_842' title='bbox 2899 4900 2930 4910; x_wconf 52' lang='grc' dir='ltr'>η</span> <span class='ocrx_word' id='word_1_843' title='bbox 3059 4903 3072 4910; x_wconf 87' lang='lat'>_</span> 
     </span>
    </p>
   </div>
   <div class='ocr_carea' id='block_1_113' title="bbox 1970 4900 3468 4981">
    <p class='ocr_par' dir='ltr' id='par_1_113' title="bbox 1970 4900 3468 4981">
     <span class='ocr_line' id='line_1_114' title="bbox 1970 4900 3468 4981; baseline -0.003 -20"><span class='ocrx_word' id='word_1_844' title='bbox 1970 4906 2081 4976; x_wconf 89' lang='lat'><strong>(88)</strong></span> <span class='ocrx_word' id='word_1_845' title='bbox 2116 4904 2280 4958; x_wconf 86' lang='lat' dir='ltr'><strong>Nullo</strong></span> <span class='ocrx_word' id='word_1_846' title='bbox 2310 4907 2520 4981; x_wconf 62' lang='lat' dir='ltr'><strong>_0_ml_til10</strong></span> <span class='ocrx_word' id='word_1_847' title='bbox 2555 4919 2736 4981; x_wconf 65' lang='lat' dir='ltr'><strong>genere</strong></span> <span class='ocrx_word' id='word_1_848' title='bbox 2783 4900 3080 4981; x_wconf 53' lang='lat' dir='ltr'><strong>intellectui</strong></span> <span class='ocrx_word' id='word_1_849' title='bbox 3122 4917 3232 4954; x_wconf 83' lang='lat' dir='ltr'><strong>meo</strong></span> <span class='ocrx_word' id='word_1_850' title='bbox 3268 4918 3468 4981; x_wconf 53' lang='lat' dir='ltr'><strong>occur-</strong></span> 
     </span>
    </p>
   </div>
   <div class='ocr_carea' id='block_1_114' title="bbox 1901 4969 3462 5042">
    <p class='ocr_par' dir='ltr' id='par_1_114' title="bbox 1901 4969 3462 5042">
     <span class='ocr_line' id='line_1_115' title="bbox 1901 4969 3462 5042; baseline -0.002 -13"><span class='ocrx_word' id='word_1_851' title='bbox 1901 4969 2014 5033; x_wconf 70' lang='lat' dir='ltr'><strong>rere</strong></span> <span class='ocrx_word' id='word_1_852' title='bbox 2042 4969 2230 5042; x_wconf 74' lang='lat' dir='ltr'><strong>potest.</strong></span> <span class='ocrx_word' id='word_1_853' title='bbox 2266 4972 2425 5026; x_wconf 88' lang='lat' dir='ltr'><strong>Aliud</strong></span> <span class='ocrx_word' id='word_1_854' title='bbox 2452 4969 2590 5025; x_wconf 82' lang='lat' dir='ltr'><strong>forte</strong></span> <span class='ocrx_word' id='word_1_855' title='bbox 2616 4972 2748 5042; x_wconf 84' lang='lat' dir='ltr'><strong>vidit</strong></span> <span class='ocrx_word' id='word_1_856' title='bbox 2785 4972 3018 5042; x_wconf 76' lang='lat' dir='ltr'><strong>in_textu</strong></span> <span class='ocrx_word' id='word_1_857' title='bbox 3043 4969 3232 5025; x_wconf 65' lang='lat' dir='ltr'><strong>Graeco</strong></span> <span class='ocrx_word' id='word_1_858' title='bbox 3266 4971 3462 5027; x_wconf 85' lang='lat' dir='ltr'><strong>Hiero-</strong></span> 
     </span>
    </p>
   </div>
   <div class='ocr_carea' id='block_1_115' title="bbox 1903 5039 3468 5115">
    <p class='ocr_par' dir='ltr' id='par_1_115' title="bbox 1903 5039 3468 5115">
     <span class='ocr_line' id='line_1_116' title="bbox 1903 5039 3468 5115; baseline -0.001 -17"><span class='ocrx_word' id='word_1_859' title='bbox 1903 5039 2121 5115; x_wconf 76' lang='lat' dir='ltr'><strong>nymus,</strong></span> <span class='ocrx_word' id='word_1_860' title='bbox 2160 5044 2251 5109; x_wconf 89' lang='lat' dir='ltr'><strong>qui</strong></span> <span class='ocrx_word' id='word_1_861' title='bbox 2283 5042 2440 5115; x_wconf 88' lang='lat' dir='ltr'><strong>epist.</strong></span> <span class='ocrx_word' id='word_1_862' title='bbox 2473 5042 2538 5093; x_wconf 91' lang='lat' dir='ltr'><strong>ad</strong></span> <span class='ocrx_word' id='word_1_863' title='bbox 2572 5040 2787 5115; x_wconf 81' lang='lat' dir='ltr'><strong>Avitum</strong></span> <span class='ocrx_word' id='word_1_864' title='bbox 2835 5039 3123 5115; x_wconf 78' lang='lat' dir='ltr'><strong>Origencm</strong></span> <span class='ocrx_word' id='word_1_865' title='bbox 3152 5042 3349 5115; x_wconf 83' lang='lat' dir='ltr'><strong>docere</strong></span> <span class='ocrx_word' id='word_1_866' title='bbox 3383 5059 3468 5096; x_wconf 86' lang='lat' dir='ltr'><strong>re-</strong></span> 
     </span>
    </p>
   </div>
   <div class='ocr_carea' id='block_1_116' title="bbox 1900 5110 3465 5182">
    <p class='ocr_par' dir='ltr' id='par_1_116' title="bbox 1900 5110 3465 5182">
     <span class='ocr_line' id='line_1_117' title="bbox 1900 5110 3465 5182; baseline 0.001 -17"><span class='ocrx_word' id='word_1_867' title='bbox 1900 5110 2381 5182; x_wconf 59' lang='lat' dir='ltr'><strong>fc&#39;rt,tCorporales</strong></span> <span class='ocrx_word' id='word_1_868' title='bbox 2403 5125 2616 5182; x_wconf 75' lang='lat' dir='ltr'><strong>quoque</strong></span> <span class='ocrx_word' id='word_1_869' title='bbox 2636 5110 2971 5182; x_wconf 86' lang='lat' dir='ltr'><strong>substantias</strong></span> <span class='ocrx_word' id='word_1_870' title='bbox 2994 5112 3210 5176; x_wconf 85' lang='lat' dir='ltr'><strong>penitus</strong></span> <span class='ocrx_word' id='word_1_871' title='bbox 3229 5112 3465 5182; x_wconf 86' lang='lat' dir='ltr'><strong>dilapsu-</strong></span> 
     </span>
    </p>
   </div>
   <div class='ocr_carea' id='block_1_117' title="bbox 1900 5181 3464 5262">
    <p class='ocr_par' dir='ltr' id='par_1_117' title="bbox 1900 5181 3464 5262">
     <span class='ocr_line' id='line_1_118' title="bbox 1900 5181 3464 5262; baseline -0.001 -23"><span class='ocrx_word' id='word_1_872' title='bbox 1900 5202 1986 5239; x_wconf 86' lang='lat' dir='ltr'><strong>ras</strong></span> <span class='ocrx_word' id='word_1_873' title='bbox 2017 5203 2030 5249; x_wconf 86' lang='lat'><strong>;</strong></span> <span class='ocrx_word' id='word_1_874' title='bbox 2066 5192 2158 5236; x_wconf 88' lang='lat' dir='ltr'><strong>aut</strong></span> <span class='ocrx_word' id='word_1_875' title='bbox 2179 5192 2324 5262; x_wconf 73' lang='lat' dir='ltr'><strong>certe</strong></span> <span class='ocrx_word' id='word_1_876' title='bbox 2351 5181 2402 5233; x_wconf 92' lang='lat' dir='ltr'><strong>in</strong></span> <span class='ocrx_word' id='word_1_877' title='bbox 2433 5181 2539 5234; x_wconf 86' lang='lat' dir='ltr'><strong>line</strong></span> <span class='ocrx_word' id='word_1_878' title='bbox 2563 5181 2803 5262; x_wconf 80' lang='lat' dir='ltr'><strong>omnium</strong></span> <span class='ocrx_word' id='word_1_879' title='bbox 2842 5181 2943 5233; x_wconf 90' lang='lat' dir='ltr'><strong>hoc</strong></span> <span class='ocrx_word' id='word_1_880' title='bbox 2967 5195 3088 5262; x_wconf 78' lang='lat' dir='ltr'><strong>esse</strong></span> <span class='ocrx_word' id='word_1_881' title='bbox 3124 5182 3304 5262; x_wconf 77' lang='lat' dir='ltr'><strong>futura</strong></span> <span class='ocrx_word' id='word_1_882' title='bbox 3341 5181 3464 5262; x_wconf 46' lang='lat' dir='ltr'><strong>cor:</strong></span> 
     </span>
    </p>
   </div>
   <div class='ocr_carea' id='block_1_118' title="bbox 1898 5251 3463 5330">
    <p class='ocr_par' dir='ltr' id='par_1_118' title="bbox 1898 5251 3463 5330">
     <span class='ocr_line' id='line_1_119' title="bbox 1898 5251 3463 5330; baseline 0.001 -24"><span class='ocrx_word' id='word_1_883' title='bbox 1898 5271 2058 5325; x_wconf 86' lang='lat' dir='ltr'><strong>pora,</strong></span> <span class='ocrx_word' id='word_1_884' title='bbox 2113 5251 2256 5318; x_wconf 91' lang='lat' dir='ltr'><strong>quod</strong></span> <span class='ocrx_word' id='word_1_885' title='bbox 2302 5266 2444 5330; x_wconf 79' lang='lat' dir='ltr'><strong>nunc</strong></span> <span class='ocrx_word' id='word_1_886' title='bbox 2493 5260 2575 5330; x_wconf 74' lang='lat' dir='ltr'><strong>est</strong></span> <span class='ocrx_word' id='word_1_887' title='bbox 2606 5251 2777 5330; x_wconf 82' lang='lat' dir='ltr'><strong>aether</strong></span> <span class='ocrx_word' id='word_1_888' title='bbox 2801 5259 2855 5330; x_wconf 75' lang='lat' dir='ltr'><strong>et</strong></span> <span class='ocrx_word' id='word_1_889' title='bbox 2889 5251 3201 5330; x_wconf 72' lang='lat' dir='ltr'><strong>cmluttt_,__et</strong></span> <span class='ocrx_word' id='word_1_890' title='bbox 3241 5251 3285 5306; x_wconf 88' lang='lat' dir='ltr'><strong>si</strong></span> <span class='ocrx_word' id='word_1_891' title='bbox 3319 5254 3463 5321; x_wconf 91' lang='lat' dir='ltr'><strong>quod</strong></span> 
     </span>
    </p>
   </div>
   <div class='ocr_carea' id='block_1_119' title="bbox 1898 5321 3459 5402">
    <p class='ocr_par' dir='ltr' id='par_1_119' title="bbox 1898 5321 3459 5402">
     <span class='ocr_line' id='line_1_120' title="bbox 1898 5321 3459 5402; baseline -0.001 -25"><span class='ocrx_word' id='word_1_892' title='bbox 1898 5321 2043 5377; x_wconf 80' lang='lat' dir='ltr'><strong>aliud</strong></span> <span class='ocrx_word' id='word_1_893' title='bbox 2097 5336 2293 5390; x_wconf 79' lang='lat' dir='ltr'><strong>corpus</strong></span> <span class='ocrx_word' id='word_1_894' title='bbox 2323 5321 2592 5401; x_wconf 79' lang='lat' dir='ltr'><strong>sincerius</strong></span> <span class='ocrx_word' id='word_1_895' title='bbox 2629 5329 2686 5400; x_wconf 78' lang='lat' dir='ltr'><strong>et</strong></span> <span class='ocrx_word' id='word_1_896' title='bbox 2737 5321 3202 5402; x_wconf 79' lang='lat' dir='ltr'><strong>purius_intelligi</strong></span> <span class='ocrx_word' id='word_1_897' title='bbox 3259 5334 3459 5402; x_wconf 73' lang='lat' dir='ltr'><strong>potest.</strong></span> 
     </span>
    </p>
   </div>
   <div class='ocr_carea' id='block_1_120' title="bbox 1898 5383 3464 5460">
    <p class='ocr_par' dir='ltr' id='par_1_120' title="bbox 1898 5383 3464 5460">
     <span class='ocr_line' id='line_1_121' title="bbox 1898 5383 3464 5460; baseline 0.001 -15"><span class='ocrx_word' id='word_1_898' title='bbox 1898 5395 2050 5460; x_wconf 84' lang='lat' dir='ltr'><strong>Quod</strong></span> <span class='ocrx_word' id='word_1_899' title='bbox 2082 5383 2210 5445; x_wconf 80' lang='lat' dir='ltr'><strong>cuni</strong></span> <span class='ocrx_word' id='word_1_900' title='bbox 2241 5394 2311 5444; x_wconf 89' lang='lat' dir='ltr'><strong>ita</strong></span> <span class='ocrx_word' id='word_1_901' title='bbox 2344 5390 2433 5454; x_wconf 91' lang='lat' dir='ltr'><strong>sit,</strong></span> <span class='ocrx_word' id='word_1_902' title='bbox 2481 5408 2499 5440; x_wconf 86' lang='grc' dir='ltr'><strong>ι</strong></span> <span class='ocrx_word' id='word_1_903' title='bbox 2539 5390 2716 5459; x_wconf 90' lang='lat' dir='ltr'><strong>inquit</strong></span> <span class='ocrx_word' id='word_1_904' title='bbox 2738 5383 2886 5443; x_wconf 83' lang='lat' dir='ltr'><strong>idem</strong></span> <span class='ocrx_word' id='word_1_905' title='bbox 2924 5392 3133 5455; x_wconf 87' lang='lat' dir='ltr'><strong>doctor,</strong></span> <span class='ocrx_word' id='word_1_906' title='bbox 3155 5383 3191 5442; x_wconf 64' lang='grc' dir='ltr'><strong>ἰ</strong></span> <span class='ocrx_word' id='word_1_907' title='bbox 3235 5383 3362 5460; x_wconf 77' lang='lat' dir='ltr'><strong>quid</strong></span> <span class='ocrx_word' id='word_1_908' title='bbox 3395 5392 3464 5446; x_wconf 80' lang='lat' dir='ltr'><strong>de</strong></span> 
     </span>
    </p>
   </div>
   <div class='ocr_carea' id='block_1_121' title="bbox 1899 5461 3119 5528">
    <p class='ocr_par' dir='ltr' id='par_1_121' title="bbox 1899 5461 3119 5528">
     <span class='ocr_line' id='line_1_122' title="bbox 1899 5461 3119 5528; baseline -0.005 -12"><span class='ocrx_word' id='word_1_909' title='bbox 1899 5463 2303 5518; x_wconf 85' lang='lat' dir='ltr'><strong>resurrectione</strong></span> <span class='ocrx_word' id='word_1_910' title='bbox 2329 5462 2551 5526; x_wconf 84' lang='lat' dir='ltr'><strong>sentiat,</strong></span> <span class='ocrx_word' id='word_1_911' title='bbox 2587 5461 2931 5528; x_wconf 84' lang='lat' dir='ltr'><strong>perspicuum</strong></span> <span class='ocrx_word' id='word_1_912' title='bbox 2962 5470 3062 5516; x_wconf 85' lang='lat' dir='ltr'><strong>est.</strong></span> <span class='ocrx_word' id='word_1_913' title='bbox 3101 5479 3119 5511; x_wconf 81' lang='grc' dir='ltr'><strong>ι</strong></span> 
     </span>
    </p>
   </div>
   <div class='ocr_carea' id='block_1_122' title="bbox 1969 5529 3464 5602">
    <p class='ocr_par' dir='ltr' id='par_1_122' title="bbox 1969 5529 3464 5602">
     <span class='ocr_line' id='line_1_123' title="bbox 1969 5529 3464 5602; baseline -0.003 -15"><span class='ocrx_word' id='word_1_914' title='bbox 1969 5533 2082 5602; x_wconf 82' lang='lat'><strong>(89)</strong></span> <span class='ocrx_word' id='word_1_915' title='bbox 2112 5530 2353 5602; x_wconf 12' lang='lat' dir='ltr'><strong>Generiali</strong></span> <span class='ocrx_word' id='word_1_916' title='bbox 2383 5533 2528 5583; x_wconf 81' lang='lat' dir='ltr'><strong>nobis</strong></span> <span class='ocrx_word' id='word_1_917' title='bbox 2554 5546 2810 5602; x_wconf 76' lang='lat' dir='ltr'><strong>sermone,</strong></span> <span class='ocrx_word' id='word_1_918' title='bbox 2857 5542 2961 5584; x_wconf 88' lang='lat' dir='ltr'><strong>etc.</strong></span> <span class='ocrx_word' id='word_1_919' title='bbox 2999 5530 3268 5602; x_wconf 81' lang='lat' dir='ltr'><strong>lutegram</strong></span> <span class='ocrx_word' id='word_1_920' title='bbox 3301 5529 3464 5597; x_wconf 88' lang='lat' dir='ltr'><strong>phra-</strong></span> 
     </span>
    </p>
   </div>
   <div class='ocr_carea' id='block_1_123' title="bbox 1899 5599 3460 5664">
    <p class='ocr_par' dir='ltr' id='par_1_123' title="bbox 1899 5599 3460 5664">
     <span class='ocr_line' id='line_1_124' title="bbox 1899 5599 3460 5664; baseline -0.003 -9"><span class='ocrx_word' id='word_1_921' title='bbox 1899 5599 1999 5656; x_wconf 86' lang='lat' dir='ltr'><strong>sitn</strong></span> <span class='ocrx_word' id='word_1_922' title='bbox 2031 5618 2110 5655; x_wconf 81' lang='lat' dir='ltr'><strong>SlC</strong></span> <span class='ocrx_word' id='word_1_923' title='bbox 2141 5601 2402 5654; x_wconf 71' lang='lat' dir='ltr'><strong>exhibent</strong></span> <span class='ocrx_word' id='word_1_924' title='bbox 2444 5619 2594 5664; x_wconf 78' lang='lat' dir='ltr'><strong>lttSS.,</strong></span> <span class='ocrx_word' id='word_1_925' title='bbox 2627 5599 2757 5653; x_wconf 87' lang='lat' dir='ltr'><strong>libb.</strong></span> <span class='ocrx_word' id='word_1_926' title='bbox 2808 5611 2988 5654; x_wconf 88' lang='lat' dir='ltr'><strong>autem</strong></span> <span class='ocrx_word' id='word_1_927' title='bbox 3029 5600 3155 5654; x_wconf 86' lang='lat' dir='ltr'><strong>editi</strong></span> <span class='ocrx_word' id='word_1_928' title='bbox 3205 5601 3406 5654; x_wconf 84' lang='lat' dir='ltr'><strong>habent</strong></span> <span class='ocrx_word' id='word_1_929' title='bbox 3447 5615 3460 5651; x_wconf 91' lang='lat'><strong>:</strong></span> 
     </span>
    </p>
   </div>
   <div class='ocr_carea' id='block_1_124' title="bbox 1905 5667 3467 5739">
    <p class='ocr_par' dir='ltr' id='par_1_124' title="bbox 1905 5667 3467 5739">
     <span class='ocr_line' id='line_1_125' title="bbox 1905 5667 3467 5739; baseline -0.002 -18"><span class='ocrx_word' id='word_1_930' title='bbox 1905 5691 1921 5721; x_wconf 85' lang='lat' dir='ltr'><strong>t</strong></span> <span class='ocrx_word' id='word_1_931' title='bbox 1960 5674 2013 5724; x_wconf 90' lang='lat' dir='ltr'><strong>in</strong></span> <span class='ocrx_word' id='word_1_932' title='bbox 2040 5669 2279 5739; x_wconf 83' lang='lat' dir='ltr'><strong>generali</strong></span> <span class='ocrx_word' id='word_1_933' title='bbox 2323 5673 2479 5725; x_wconf 87' lang='lat' dir='ltr'><strong>nobis</strong></span> <span class='ocrx_word' id='word_1_934' title='bbox 2507 5667 2764 5725; x_wconf 80' lang='lat' dir='ltr'><strong>set-mene</strong></span> <span class='ocrx_word' id='word_1_935' title='bbox 2802 5671 3009 5739; x_wconf 86' lang='lat' dir='ltr'><strong>digesta</strong></span> <span class='ocrx_word' id='word_1_936' title='bbox 3039 5681 3166 5723; x_wconf 90' lang='lat' dir='ltr'><strong>sunt</strong></span> <span class='ocrx_word' id='word_1_937' title='bbox 3197 5684 3292 5737; x_wconf 89' lang='lat' dir='ltr'><strong>per</strong></span> <span class='ocrx_word' id='word_1_938' title='bbox 3337 5683 3467 5724; x_wconf 79' lang='lat' dir='ltr'><strong>can-</strong></span> 
     </span>
    </p>
   </div>
   <div class='ocr_carea' id='block_1_125' title="bbox 1900 5739 3468 5819">
    <p class='ocr_par' dir='ltr' id='par_1_125' title="bbox 1900 5739 3468 5819">
     <span class='ocr_line' id='line_1_126' title="bbox 1900 5739 3468 5819; baseline -0.004 -23"><span class='ocrx_word' id='word_1_939' title='bbox 1900 5740 2242 5809; x_wconf 83' lang='lat' dir='ltr'><strong>sequentiatn</strong></span> <span class='ocrx_word' id='word_1_940' title='bbox 2271 5744 2442 5810; x_wconf 88' lang='lat' dir='ltr'><strong>magis</strong></span> <span class='ocrx_word' id='word_1_941' title='bbox 2468 5739 2752 5819; x_wconf 70' lang='lat' dir='ltr'><strong>intellecta</strong></span> <span class='ocrx_word' id='word_1_942' title='bbox 2775 5757 2935 5819; x_wconf 84' lang='lat' dir='ltr'><strong>quam</strong></span> <span class='ocrx_word' id='word_1_943' title='bbox 2962 5739 3189 5819; x_wconf 72' lang='lat' dir='ltr'><strong>deliuito</strong></span> <span class='ocrx_word' id='word_1_944' title='bbox 3216 5741 3468 5819; x_wconf 73' lang='lat' dir='ltr'><strong>dogmate</strong></span> 
     </span>
    </p>
   </div>
   <div class='ocr_carea' id='block_1_126' title="bbox 1897 5809 3464 5881">
    <p class='ocr_par' dir='ltr' id='par_1_126' title="bbox 1897 5809 3464 5881">
     <span class='ocr_line' id='line_1_127' title="bbox 1897 5809 3464 5881; baseline -0.003 -16"><span class='ocrx_word' id='word_1_945' title='bbox 1897 5817 2226 5881; x_wconf 83' lang='lat' dir='ltr'><strong>pertractata</strong></span> <span class='ocrx_word' id='word_1_946' title='bbox 2265 5821 2424 5880; x_wconf 89' lang='lat' dir='ltr'><strong>atque</strong></span> <span class='ocrx_word' id='word_1_947' title='bbox 2448 5812 2691 5866; x_wconf 88' lang='lat' dir='ltr'><strong>discussa</strong></span> <span class='ocrx_word' id='word_1_948' title='bbox 2723 5811 2787 5864; x_wconf 90' lang='lat' dir='ltr'><strong>de</strong></span> <span class='ocrx_word' id='word_1_949' title='bbox 2825 5809 3233 5866; x_wconf 78' lang='lat' dir='ltr'><strong>rationabilibus</strong></span> <span class='ocrx_word' id='word_1_950' title='bbox 3251 5809 3464 5862; x_wconf 71' lang='lat' dir='ltr'><strong>naturis</strong></span> 
     </span>
    </p>
   </div>
   <div class='ocr_carea' id='block_1_127' title="bbox 1901 5882 2785 5949">
    <p class='ocr_par' dir='ltr' id='par_1_127' title="bbox 1901 5882 2785 5949">
     <span class='ocr_line' id='line_1_128' title="bbox 1901 5882 2785 5949; baseline -0.005 -12"><span class='ocrx_word' id='word_1_951' title='bbox 1901 5882 2201 5938; x_wconf 86' lang='lat' dir='ltr'><strong>secundum</strong></span> <span class='ocrx_word' id='word_1_952' title='bbox 2233 5894 2354 5937; x_wconf 89' lang='lat' dir='ltr'><strong>eum</strong></span> <span class='ocrx_word' id='word_1_953' title='bbox 2390 5883 2588 5949; x_wconf 91' lang='lat' dir='ltr'><strong>locum,</strong></span> <span class='ocrx_word' id='word_1_954' title='bbox 2623 5900 2641 5933; x_wconf 86' lang='grc' dir='ltr'><strong>ι</strong></span> <span class='ocrx_word' id='word_1_955' title='bbox 2679 5889 2785 5936; x_wconf 90' lang='lat' dir='ltr'><strong>etc.</strong></span> 
     </span>
    </p>
   </div>
   <div class='ocr_carea' id='block_1_128' title="bbox 3111 5971 3149 6030">
    <p class='ocr_par' dir='ltr' id='par_1_128' title="bbox 3111 5971 3149 6030">
     <span class='ocr_line' id='line_1_129' title="bbox 3111 5971 3149 6030; baseline 0 0"><span class='ocrx_word' id='word_1_956' title='bbox 3111 5971 3149 6030; x_wconf 86' lang='lat'>6</span> 
     </span>
    </p>
   </div>
  </div>
