4118 6308
728 517 817 570 l7!
1958 519 2278 576 ORIGENIS

2389 526 2464 578 IPI
2505 527 2730 579 ΑΡΧΩΝ

3841 531 3951 586 179.

726 635 853 684 tiam
895 629 1066 699 magis
1114 630 1486 684 intellectuum
1542 645 1701 698 quam
1755 631 1987 708 deﬁnito
2037 634 2284 702 dogmate
2314 640 2356 693 Α
2393 647 2541 698 sunt,
2574 638 2718 704 quod
2747 637 2938 690 caelum
2979 637 3160 706 utique
3187 637 3507 704 appellatur,
3547 639 3598 692 in
3636 656 3746 708 quo
3791 640 3963 693 lumi-

725 730 1049 793 pertractat:I
1082 731 1246 790 alque
1276 721 1517 775 discussa
1553 724 1618 774 de
1667 722 2088 776 rationabilibns
2120 734 2275 776 uatu-

727 814 824 875 ris.
854 823 974 882 post
1003 828 1123 865 eum
1149 812 1322 866 locum
1358 827 1513 880 quem
1543 814 1606 864 de
1634 812 1795 865 Patre
1823 824 1876 866 et
1911 815 2052 868 Filio
2088 825 2139 870 et
2161 816 2279 883 Spi-

729 906 831 956 ritu
859 912 1046 956 sancto
1073 917 1168 971 pro
1197 903 1398 956 nostris
1439 902 1640 956 viribus
1687 905 2052 972 exposuimus.
2125 905 2276 958 Nunc

725 1008 854 1059 ergo
876 994 1155 1046 videamus
1181 1007 1300 1058 qua:
1331 991 1441 1044 sint
1470 993 1534 1044 de
1558 993 1752 1060 quibus
1781 995 2045 1047 disserere
2073 998 2122 1046 in
2155 1011 2280 1048 con-

728 1080 1079 1149 sequentibus
1115 1082 1363 1134 convenit
1394 1083 1684 1134 secundum
1710 1084 1900 1152 dogma
1936 1098 2197 1148 nostrmu,
2228 1087 2278 1138 id

730 1183 810 1224 est
841 1173 1132 1225 secundum
1170 1171 1418 1224 Ecclesia:
1445 1173 1621 1224 (idem.
1655 1172 1856 1226 Omnes
1898 1175 2090 1227 anima:
2119 1185 2278 1243 atque

729 1275 918 1312 omnes
966 1259 1317 1312 rationabiles
1369 1259 1750 1316 naturatfacta:
1780 1262 2011 1316 suntvel
2059 1274 2275 1327 creatae,

729 1352 840 1402 sive
864 1359 1062 1402 sancta:
1090 1351 1216 1415 sint,
1250 1351 1362 1402 sive
1393 1364 1660 1417 nequam;
1700 1367 1817 1418 quin
1849 1368 2037 1407 omnes
2083 1369 2277 1407 secun-

731 1441 857 1491 dum
907 1439 1174 1506 propriam
1228 1447 1474 1489 na'ttram
1510 1437 1841 1504 incorporea:
1888 1448 2012 1490 sunt
2051 1457 2063 1491 :
2099 1439 2190 1492 sed
2226 1451 2277 1493 et

729 1529 943 1596 perhoc
977 1529 1170 1592 ipsmn,
1211 1526 1351 1593 quod
1381 1525 1712 1594 incorporea:
1754 1527 2277 1587 sunt,'nihilominus

729 1618 880 1670 facta:
906 1626 1031 1669 sunt
1059 1617 1204 1683 (90);
1236 1617 1487 1682 quoniatn
1519 1617 1736 1682 quidem
1761 1617 1942 1668 omnia
1985 1635 2012 1668 a
2055 1618 2161 1669 Deo
2185 1633 2277 1684 per

729 1709 996 1762 Christum
1037 1708 1174 1760 facta
1204 1717 1351 1767 sunt,
1385 1707 1523 1760 sicut
1552 1707 1882 1776 generaliter
1913 1705 2276 1760 Joa'ttnes'tlo-

731 1809 816 1851 eet
845 1800 894 1851 iu
923 1799 1229 1865 Evangelii),
1262 1797 1445 1849 dicens
1481 1815 1493 1848 :
1537 1815 1553 1845 ι
1598 1797 1649 1849 lit
1693 1796 1956 1865 principio
1989 1808 2105 1849 erat
2139 1798 2266 1850 Ver-

731 1901 854 1948 hum
901 1892 1362 1946 ctVethumerat
1418 1893 1554 1959 apud
1613 1893 1798 1953 Deum,
1860 1902 1912 1944 et
1967 1892 2106 1944 Deus
2162 1901 2276 1944 erat

2396 728 2544 778 naria
2573 729 2672 780 ista
2706 730 2876 793 posita
2906 744 3022 782 esse
3055 731 3326 793 dicuntur,
3381 731 3520 783 inter
3565 733 3816 784 eatlestia
3851 749 3962 784 nu-

2393 825 2695 870 nterentur.
2728 816 2860 868 Tum
2892 818 3084 871 deinde
3110 833 3230 872 cum
3263 821 3444 873 omnia
3478 819 3588 890 (οι)
3631 821 3770 874 facta
3804 837 3964 881 esse.

2388 906 2468 958 vel
2500 915 2699 969 creata,
2724 907 2855 960 etin
2885 908 2968 961 his
2999 924 3116 974 quin
3141 909 3279 963 facta
3312 891 3467 973 sunt,
3494 911 3628 962 nihil
3655 925 3779 963 esse
3804 914 3960 978 quod

2388 1009 2490 1046 non
2526 994 2724 1046 bonum
2769 995 3077 1062 malumque
3132 997 3394 1066 recipiat,
3434 1008 3598 1065 atque
3654 1001 3966 1067 utriusque

2387 1098 2559 1151 capax
2598 1085 2692 1147 sit,
2716 1086 2997 1137 evidenter
3021 1086 3144 1155 (95).
3172 1103 3352 1140 sermo
3380 1089 3767 1156 disputationis
3802 1092 3965 1142 inve-

2389 1176 2563 1241 nerit;
2597 1179 2872 1244 quomodo
2910 1179 3187 1247 putabitur
3219 1195 3564 1248 consequens
3601 1182 3748 1246 quod
3779 1168 3967 1234 etiam

2387 1277 2690 1319 nostrorum
2736 1269 2955 1335 quidam
3003 1269 3070 1321 de
3110 1270 3221 1323 sole
3262 1282 3312 1322 ct
3351 1272 3474 1322 luna
3503 1308 3520 1336 ,
3555 1271 3639 1322 vel
3672 1269 3968 1323 sideribus

2384 1357 2698 1422 Opinantttr,
2724 1366 2780 1408 ut
2813 1357 3244 1411 iuconvertibiles
3279 1359 3388 1411 sint
3419 1368 3474 1412 et
3496 1358 3764 1410 contrarii
3802 1358 3967 1410 inca-

2387 1444 2588 1511 paccs?
2622 1443 2782 1512 quue
2804 1446 3040 1499 nonnulli
3069 1446 3228 1498 etiam
3253 1447 3317 1500 de
3338 1447 3537 1500 sanctis
3565 1445 3806 1514 angelis,
3838 1446 3964 1497 ha:-

2394 1537 2542 1587 retici
2575 1551 2700 1590 vero
2736 1539 2897 1590 etiam
2927 1539 2990 1591 de
3015 1537 3319 1600 anintabus,
3356 1552 3474 1604 qua:
3504 1538 3643 1603 apud
3681 1537 3810 1589 illos
3843 1535 3970 1603 spi-

2385 1626 2567 1678 vitales
2612 1637 2817 1680 natura:
2875 1629 3212 1696 appellantur
3271 1626 3405 1695 (96),
3461 1627 3961 1680 existimaverunt.

2382 1712 2562 1766 Primo
2607 1729 2734 1782 ergo
2791 1716 3062 1770 videmnus
3101 1716 3228 1785 qttid
3283 1719 3398 1785 ipsa
3432 1719 3573 1771 ratio
3621 1719 3691 1772 de
3728 1718 3852 1771 sole
3902 1729 3969 1772 et

2384 1806 2506 1859 luna
2533 1821 2594 1859 ac
2620 1807 2791 1861 stellis
2816 1809 3076 1870 inveniat,
3115 1810 3156 1862 si
3196 1819 3400 1864 rectum
3430 1821 3514 1862 est
3542 1812 3687 1876 qnol
3724 1810 3965 1876 quidam

2386 1905 2598 1964 putant,
2632 1897 3102 1950 convcrtibilitatis
3135 1914 3226 1952 cos
3259 1915 3377 1952 esse
3410 1899 3617 1950 alienos
3644 1939 3659 1961 ,
3697 1909 3753 1951 et
3779 1914 3970 1966 quau-

731 1985 983 2037 \'erlntm.
1031 1985 1138 2036 lloe
1167 1992 1282 2035 erat
1318 1983 1367 2034 in
1404 1983 1664 2049 principio
1691 1983 1828 2049 apud
1859 1983 2044 2034 Deum.
2087 1981 2275 2033 Omnia
2320 1964 2357 2014 Β
2391 1996 2496 2036 tum
2529 1985 2641 2037 ﬁeri
2674 1995 2846 2052 potest
2877 1987 2942 2039 de
2968 1988 3174 2040 sanctis
3199 1989 3496 2056 Scripturis
3528 1981 3768 2056 primum
3797 1989 3936 2042 adlti
3957 2018 3970 2026 -

732 2092 823 2143 per
876 2077 1044 2142 ipsum
1079 2075 1212 2126 facta
1247 2084 1402 2134 sunt,
1449 2083 1498 2123 et
1538 2075 1651 2126 sittc
1697 2073 1811 2138 ipso
1843 2071 2042 2125 factum
2083 2083 2162 2126 cst
2199 2076 2279 2126 tti—

735 2167 884 2217 liii”.
925 2186 939 2214 ι
978 2165 1074 2217 Per
1099 2180 1307 2231 spectes
1334 2173 1510 2217 autem
1553 2174 1602 2217 et
1631 2179 1884 2218 numeros
1923 2165 2278 2231 ordinemque

733 2257 1048 2308 describens
1077 2271 1136 2307 ea
1165 2271 1280 2321 qua:
1314 2254 1451 2306 facta
1487 2252 1844 2319 sunt,l‘aulus
1871 2255 2144 2322 apostolus
2167 2256 2275 2310 dis-

733 2347 860 2396 st't'it
898 2346 994 2397 hoc
1030 2341 1208 2402 tuodo‘,
1244 2359 1349 2408 quo
1381 2345 1558 2395 omnia
1591 2345 1838 2397 ostendat
1869 2345 2010 2398 facta
2044 2360 2160 2398 esse
2187 2361 2279 2413 per

733 2436 1000 2490 tlhristum
1034 2437 1217 2486 dicens
1264 2452 1274 2484 :
1316 2450 1332 2480 ς
1367 2434 1430 2484 Et
1461 2435 1636 2485 omnia
1676 2435 1725 2486 iit
1768 2436 1885 2502 ipso
1925 2447 2106 2488 creata
2157 2447 2280 2489 sunt

731 2541 846 2592 qum
880 2526 931 2576 in
964 2524 1114 2576 cmlis
1146 2534 1288 2587 sunt,
1337 2533 1385 2573 et
1436 2539 1551 2588 qua:
1597 2524 1645 2575 in
1680 2533 1846 2585 terra,
1888 2527 1999 2579 sive
2027 2527 2276 2588 visibilia,

732 2614 844 2664 sive
870 2613 1176 2674 invisibilia,
1216 2613 1326 2663 sive
1369 2611 1543 2672 sedes,
1578 2611 1688 2664 sive
1717 2613 2132 2677 dominationes,
2169 2617 2281 2669 sive

732 2703 1086 2768 principatus,
1117 2704 1230 2752 sive
1273 2709 1585 2766 potestates,
1611 2702 1790 2752 omnia
1825 2719 1918 2769 per
1947 2704 2118 2769 ipsum
2153 2706 2280 2757 etin

733 2795 847 2859 ipso
870 2805 1047 2844 creata
1085 2805 1233 2853 sunt,
1266 2804 1319 2844 et
1342 2794 1452 2860 ipse
1483 2804 1560 2846 est
1592 2803 1713 2845 ante
1744 2809 1949 2856 omnes,
1983 2804 2035 2846 et
2067 2796 2177 2860 ipsc
2203 2806 2284 2849 est

732 2883 973 2952 caput”.
1018 2902 1034 2932 ι
1068 2881 1344 2935 Manifeste
1381 2899 1507 2949 ergo
1553 2884 1603 2936 in
1649 2883 1864 2938 Christo
1904 2896 1954 2936 et
2001 2900 2098 2952 per
2125 2886 2282 2939 Chri-

731 2983 869 3025 stum
916 2973 1051 3025 [ιι-ιδ
1089 2987 1204 3026 esse
1235 2975 1414 3024 omnia
1453 2985 1502 3026 ct
1549 2984 1727 3028 creata
1784 2977 2092 3041 pronuntiat
2119 3016 2132 3039 ,
2171 2977 2283 3031 sive

733 3061 957 3114 visibilia
989 3078 1104 3128 quae
1130 3075 1252 3114 sant
1280 3065 1617 3131 corporalia,
1649 3065 1760 3117 sive
1806 3055 2095 3117 ittvisilnlia
2119 3104 2132 3128 ,
2165 3079 2284 3132 qum

733 3167 835 3204 non
869 3153 968 3204 alia
997 3153 1156 3205 etiam
1194 3154 1431 3205 arbitror
1456 3169 1612 3222 quam
1649 3155 1996 3221 incorporeas
2027 3156 2282 3222 spiritua—

732 3241 914 3310 lesqt'e
950 3243 1194 3296 virtutes.
1232 3243 1430 3296 llorum
1459 3255 1640 3296 autem
1667 3259 1784 3312 qum
1804 3246 1884 3298 vel
1915 3260 2168 3312 corporea
2201 3244 2283 3297 vel

733 3334 1046 3400 incorporea
1097 3334 1420 3400 generaliter
1475 3333 1704 3398 dixerat,
1755 3342 1810 3385 ιιι
1857 3334 1986 3387 mihi
2051 3335 2279 3398 videtur,

731 3422 836 3489 72
868 3423 920 3473 in
954 3423 1296 3490 sequentibus
1330 3433 1606 3475 enumerat
1633 3423 1840 3488 species
1865 3463 1878 3488 ,
1909 3423 1960 3476 id
1991 3432 2071 3477 est
2106 3425 2279 3490 sedes,

733 3512 1150 3572 dominationes,
1209 3511 1578 3578 principatus,
1643 3520 1968 3576 potestates,
2032 3515 2279 3569 virtutes.

733 3596 856 3650 lla‘c
896 3611 1070 3650 autem
1103 3615 1130 3650 a
1161 3599 1313 3651 nobis
1345 3600 1596 3666 przedicta
1629 3599 1733 3650 sint
1759 3601 2168 3670 volentihnsper
2198 3617 2284 3655 or-

735 3689 910 3741 dinem
947 3692 1008 3740 ad
1059 3689 1460 3754 inquisitionem
1519 3690 1646 3741 solis
1673 3697 1725 3742 et
1778 3688 1936 3750 laure,
1970 3690 2051 3743 vel
2101 3691 2272 3744 stella-

736 3793 853 3830 rum
909 3779 1018 3849 (9|)
1079 3794 1172 3846 per
1203 3781 1642 3847 consequentiam
1700 3781 1983 3847 pervenire
2031 3797 2044 3832 :
2103 3791 2280 3834 utrum

733 3869 894 3920 etiam
931 3870 1043 3936 ipsa
1080 3871 1223 3923 inter
1250 3870 1360 3938 (02)
1391 3872 1724 3938 principatus
1765 3868 1951 3922 haberi
2000 3873 2281 3923 conveniat

698 3991 703 3995 -
735 3973 830 4026 pro
858 3973 920 4012 eo
946 3960 1089 4026 quod
1129 3961 1382 4013 dicuntur
1413 3962 1464 4013 in
1495 3961 1690 4028 ἀρχὰς,
1725 3961 1772 4012 id
1801 3972 1904 4022 cst,
1938 3961 1987 4012 in
2015 3960 2283 4025 principa-

735 4054 843 4098 tum
873 4048 974 4100 diei
1014 4047 1173 4112 facta,
1204 4050 1284 4102 vel
1329 4051 1539 4112 noctis;
1571 4065 1636 4100 an
1689 4050 1921 4115 putanda
1972 4053 2077 4102 sint
2121 4051 2278 4102 istum

735 4137 904 4190 solum
954 4137 1066 4207 (95)
1110 4138 1307 4192 habere
1349 4139 1707 4206 principatum
1763 4139 1865 4190 diei
1912 4153 1973 4191 ac
2019 4141 2190 4192 noctis
2217 4142 2280 4202 '9,

735 4243 866 4295 quas
900 4227 1251 4282 illttntinando
1284 4229 1516 4280 otlicium
1550 4239 1763 4296 gerunt,
1811 4243 1914 4281 non
1969 4237 2145 4282 tamen
2175 4231 2278 4283 sint

737 4322 800 4372 de
843 4319 932 4371 illo
967 4320 1155 4371 ordine
1187 4319 1582 4386 principatuum
1617 4318 1907 4385 principes.

805 4407 858 4460 2.
892 4407 1268 4460 Verumtamen
1317 4423 1437 4460 cum
1493 4409 1692 4462 dicitur
1719 4407 1839 4474 quia
1871 4407 2046 4460 omnia
2076 4422 2169 4475 per
2203 4409 2283 4474 ip-

742 4514 856 4549 sum
894 4498 1035 4550 facta
1067 4507 1265 4551 suntet
1297 4499 1347 4550 iit
1374 4499 1489 4566 ipso
1526 4510 1706 4552 creata
1749 4505 1873 4551 sunt
1911 4499 2132 4562 omnia,
2171 4500 2282 4551 sive

2385 2077 2574 2130 beatur
2604 2078 2852 2129 assertio.
2889 2075 3238 2145 Jobuamque
3273 2079 3346 2130 ita
3383 2080 3598 2131 videtur
3629 2082 3968 2136 ostendere.

2384 2166 2523 2232 quod
2549 2181 2650 2217 non
2686 2167 2856 2218 solum
2881 2167 3046 2220 stella:
3079 2179 3298 2233 possunt
3331 2183 3454 2220 esse
3488 2168 3721 2220 subdita:
3751 2183 3972 2234 pecca-

2387 2257 2475 2317 tis,
2511 2257 2888 2309 verunt-ctiam
2930 2259 3073 2325 quod
3108 2259 3318 2311 mundte
3349 2274 3454 2310 non
3507 2267 3640 2310 sunt
3686 2274 3717 2309 a
3770 2256 3975 2311 curita-

2386 2345 2541 2414 giOne
2583 2346 2808 2412 peccati.
2841 2347 2916 2398 lta
2947 2362 3175 2414 namque
3227 2349 3486 2414 scriptum
3529 2356 3610 2400 est
3644 2365 3658 2400 :
3706 2365 3726 2397 ι
3771 2345 3974 2398 διοίιιιι

2390 2449 2603 2502 quoque
2659 2450 2760 2486 non
2795 2446 2916 2487 sunt
2973 2438 3182 2489 munda:
3232 2437 3282 2488 itt
3327 2449 3620 2504 conspectu
3675 2436 3804 2502 ejus
3824 2437 3968 2502 3°.)

2387 2522 2537 2587 Quod
2565 2539 2669 2575 non
2709 2523 2893 2589 utique
2923 2523 2988 2574 de
3018 2525 3260 2591 corporis
3283 2539 3472 2593 earum
3513 2523 3809 2589 splendore
3837 2537 3975 2574 sen-

2389 2613 2517 2664 titttr
2547 2632 2558 2663 :
2595 2612 2742 2665 verbi
2779 2627 2970 2675 causa,
3003 2622 3059 2662 ut
3097 2613 3138 2665 si
3166 2613 3471 2666 dieeretnus
3498 2651 3514 2675 ,
3554 2612 3972 2664 vestimentum

2390 2715 2492 2756 non
2531 2711 2610 2754 est
2648 2703 2935 2766 mundum;
2973 2703 3112 2770 quod
3155 2705 3198 2755 si
3231 2705 3300 2755 ila
3333 2701 3688 2771 in'elligatur,
3714 2703 3788 2754 ad
3825 2716 3972 2754 cun-

2343 2812 2348 2814 ‘
2390 2795 2580 2847 ditoris
2611 2795 2725 2846 sine
2763 2793 2927 2846 dubio
2956 2802 3240 2846 revocatur
3273 2792 3560 2860 injuriam,
3597 2792 3643 2844 si
3683 2791 3824 2859 quid
3860 2791 3975 2842 int-

2392 2884 2648 2936 tnundum
2698 2885 2748 2936 itt
2780 2883 3061 2950 spleudore
3094 2897 3274 2934 earum
3331 2884 3577 2949 corporis
3632 2892 3973 2936 accusetur.

2392 2974 2448 3026 Si
2480 2975 2624 3026 cnim
2655 2989 2750 3042 per
2780 2975 3098 3026 industriam
3155 2989 3304 3026 suam
3357 2989 3535 3041 neque
3577 2973 3825 3025 lucidius
3855 2974 3974 3025 sibi

2391 3077 2588 3130 corpus
2611 3079 2906 3126 assumere,
2934 3077 3102 3132 neque
3133 3065 3307 3116 minus
3332 3080 3528 3130 purum
3557 3078 3649 3130 per
3683 3063 3977 3117 desidiam

2390 3161 2666 3218 poterunt,
2700 3168 2794 3204 cur
2819 3151 2971 3219 quasi
3003 3167 3108 3204 nou
3137 3152 3346 3204 mundae
3370 3151 3538 3204 stella:
3567 3150 3899 3217 culpentur,
3929 3149 3978 3202 si

2393 3256 2585 3308 neque,
2617 3241 2742 3307 quia
2779 3242 2987 3294 munda:
3016 3249 3161 3305 sunt,
3193 3240 3558 3293 laudabuntur
3583 3238 3741 3309 (97)?

2459 3331 2512 3384 5.
2573 3332 2675 3384 Sed
2737 3340 2793 3383 ut
2859 3333 2970 3386 hate
3028 3331 3364 3384 manifestius
3415 3329 3642 3395 intelligi
3713 3329 3976 3395 possint,

2391 3420 2554 3472 etiam
2587 3420 2712 3474 illud
2749 3421 2922 3490 primo
2958 3419 3212 3474 debemus
3251 3420 3561 3487 inquirere,
3609 3418 3655 3474 si
3702 3419 3946 3471 animati
3970 3450 3982 3456 -

2393 3511 2462 3562 tia
2494 3511 2604 3563 lta'c
2637 3525 2756 3564 csse
2786 3519 2840 3564 et
2893 3500 3231 3564 rationabilia
3266 3509 3489 3576 intelligi
3545 3509 3625 3561 las
3668 3517 3790 3573 est;
3853 3520 3982 3562 tum

2390 3602 2581 3655 deinde
2615 3612 2793 3658 utrum
2820 3603 3012 3654 anima:
3053 3601 3289 3669 ipsarum
3325 3602 3531 3667 pariter
3562 3601 3681 3654 suis
3706 3604 3983 3669 corpori-

2390 3691 2487 3744 bus
2519 3692 2876 3752 exstiteruut,
2926 3704 2992 3741 an
3025 3690 3325 3742 anteriores
3359 3690 3472 3743 suis
3515 3691 3852 3758 corporibus
3889 3694 3984 3744 vi-

2391 3783 2659 3843 deantur;
2698 3780 2791 3832 sed
2835 3787 2888 3831 et
2944 3790 3063 3846 post
3111 3780 3634 3834 consummationem
3684 3783 3892 3835 smeuli
3932 3785 3981 3835 si

2392 3871 2665 3934 intelligen
2689 3870 2794 3922 lum
2826 3878 2906 3923 est
2945 3883 3037 3922 eas
3080 3869 3403 3922 relaxandas
3429 3883 3553 3922 esse
3587 3874 3979 3938 corporibus;

2390 3972 2442 4012 et
2489 3960 2627 4011 sicut
2673 3974 2767 4013 nos
2804 3973 3076 4012 cessamus
3121 3960 3186 4012 ab
3229 3959 3328 4010 hac
3376 3959 3512 4020 vita,
3569 3959 3612 4010 si
3659 3960 3739 4011 ita
3788 3965 3979 4015 etiam

2390 4051 2516 4116 ipSte
2549 4064 2574 4099 a
2615 4049 2794 4100 mttndi
2829 4049 3219 4100 illuminatioue
3250 4046 3361 4114 (98)
3392 4047 3713 4099 cessabunt.
3750 4048 3983 4114 Quam-

2391 4137 2468 4189 vis
2509 4138 2606 4189 hoc
2639 4137 2906 4203 inquirere
2937 4137 3171 4187 audaciae
3195 4132 3476 4198 cujusdam
3511 4133 3793 4198 videatur,
3829 4153 3983 4205 quo-

2391 4227 2532 4278 niam
2557 4233 2732 4277 tamen
2762 4225 3036 4292 captanda‘
3065 4223 3310 4276 veritatis
3344 4223 3524 4274 studio
3557 4238 3979 4289 provocamur,

2403 4332 2522 4383 qua:
2556 4315 2830 4382 possibilia
2865 4314 3014 4366 nobis
3042 4322 3184 4374 sunt,
3221 4314 3515 4365 secundum
3550 4314 3800 4381 gratiam
3843 4320 3982 4386 Spi-

2396 4408 2528 4460 ritus
2574 4408 2743 4458 sancti
2775 4405 3002 4458 scrutari
3031 4413 3084 4456 et
3124 4413 3430 4472 pertentare
3467 4420 3571 4457 non
3608 4406 3837 4461 videtur
3873 4413 3979 4462 ah-

2391 4497 2629 4551 surdum.
2665 4495 2918 4547 Putamus
2948 4508 3077 4560 ergo
3100 4508 3254 4560 posse
3280 4509 3341 4546 ea
3374 4508 3470 4560 per
3505 4496 3608 4549 hoc
3642 4498 3978 4555 animantia

737 4603 854 4652 qum
896 4588 946 4638 iit
981 4587 1130 4639 caelis
1168 4596 1323 4648 sunt,
1369 4589 1483 4642 sive
1527 4603 1644 4656 quae
1681 4597 1802 4640 sunt
1847 4588 1897 4640 itt
1945 4595 2116 4648 terra,
2175 4603 2278 4640 non
2318 4606 2357 4659 ι)
2394 4585 2686 4655 designari,
2735 4583 2873 4649 quod
2925 4591 2977 4636 et
3028 4582 3277 4634 mandata
3325 4583 3582 4638 dicuntur
3635 4590 3910 4656 accipere
3951 4608 3979 4641 a

739 4685 910 4743 potest
951 4675 1176 4728 dubitari
1207 4677 1344 4743 qqu
1374 4677 1533 4728 etiam
1581 4691 1640 4729 ea
1681 4691 1796 4743 quae
1833 4678 1883 4730 in
1932 4678 2278 4738 ﬁrmamento

810 4795 1086 4857 ‘-".loan.r,
1120 4795 1321 4857 1.2,5.
1405 4793 1447 4825 ¹⁶
1477 4793 1587 4847 Col.
1614 4810 1649 4855 t,
1677 4793 1760 4856 16,
1793 4794 1876 4846 l7.
1958 4794 1997 4824 ⁸³
2033 4793 2168 4847 Gen.
2195 4811 2229 4847 t.

809 4903 915 4974 (90)
947 4906 1038 4959 γει
1061 4918 1263 4970 crentw,
1290 4909 1390 4959 sive.
1415 4917 1605 4958 smtrla'
1639 4905 1740 4957 sint
1768 4906 1867 4956 sive
1900 4921 2116 4973 nequam
2136 4921 2153 4967 ;
2176 4923 2289 4971 qui?

741 4993 911 5028 omnes
943 4979 1218 5027 secandum
1250 4977 1508 5039 proprium
1537 4988 1776 5026 nu'ttram
1803 4975 2118 5038 incorporate
2143 4986 2286 5033 sum;

741 5046 828 5095 scd
859 5053 902 5094 et
935 5059 1023 5103 per
1049 5045 1141 5094 hoc
1193 5046 1354 5107 ipsum
1384 5046 1517 5108 quod
1564 5045 1880 5105 incorporate
1913 5050 2050 5099 sunt,
2100 5043 2288 5091 nihilo-

741 5114 912 5164 minus
943 5111 1096 5176 [αι-ιιι»
1129 5121 1265 5163 sum.
1305 5111 1422 5162 Ihec
1453 5113 1631 5162 omnia
1658 5110 1853 5160 omissa
1888 5120 2007 5161 sunt
2029 5110 2096 5160 ‘in
2133 5109 2287 5160 libris

744 5193 900 5232 antea
928 5179 1108 5239 editis,
1137 5178 1228 5229 sed
1258 5181 1595 5244 reperiuntur
1625 5179 1673 5229 itt
1705 5178 1954 5228 omnibus
1989 5192 2117 5228 mss.

814 5247 922 5316 (9')
969 5246 1045 5296 Ad
1073 5243 1469 5316 kinqttisiiuuem
1523 5246 1645 5316 solis
1696 5256 1749 5316 et,
1794 5245 1932 5296 (urire
1988 5245 2064 5296 vel
2108 5243 2285 5316 stelio-

745 5313 859 5368 runt
885 5313 1026 5378 ,ete.
1060 5314 1194 5377 Quid
1225 5315 1581 5382 Origenes‘de
1623 5315 1786 5365 astris
1820 5313 2282 5382 commenlns‘sit,

743 5387 974 5450 disputat
1007 5381 1226 5435 llnetius
1258 5379 1349 5433 lih'.
1395 5397 1430 5434 ll
1480 5380 1947 5449 Origent’anorum,
1992 5379 2287 5446 quaastione

745 5465 954 5504 Octava.
991 5450 1168 5514 lpsum
1197 5453 1335 5502 vide.
2255 5453 2259 5458 ’

816 5519 927 5585 (θῖ)
969 5518 1140 5568 Etiam
1169 5519 1279 5584 ipsa
1322 5530 1412 5571 est.
1457 5520 1613 5572 Deest
1661 5518 1712 5569 itt
1756 5518 1879 5569 libb.
1913 5525 2067 5568 antea
2102 5514 2282 5574 editis,

747 5594 846 5650 sed.
883 5589 1108 5639 habetur
1159 5587 1210 5637 in
1266 5602 1392 5638 mss.
1426 5589 1690 5638 omnibus.
1747 5585 1862 5635 Mox
1899 5585 2093 5636 iloidem
2128 5598 2282 5642 mss,

748 5674 766 5705 ι
806 5657 1054 5708 dit-untur
1085 5655 1133 5706 in
1174 5655 1367 5723 ἀρχὰς,
1412 5655 1460 5706 id
1490 5663 1571 5706 est
1602 5656 1649 5704 in
1678 5653 2055 5719 principatum.
2095 5669 2114 5701 ι
2143 5651 2287 5702 Alias

748 5723 1324 5796 deestdittdpxdga
1385 5789 1442 5796 ω
1536 5789 1547 5796 _
1728 5786 1738 5796 ,
1819 5786 1832 5796 ,

816 5791 923 5861 (93)
951 5790 1025 5843 lla
1066 5785 1356 5861 m'sl'codex
1385 5786 1868 5861 V_irodunensis_._ln
1903 5785 2019 5837 aliis
2039 5799 2162 5836 mss.
2185 5797 2288 5861 pro

750 5877 768 5907 ι
810 5853 977 5925 suntm
1030 5877 1048 5910 ι
1085 5859 1277 5925 legitur
1310 5876 1326 5907 4
1359 5857 1564 5917 solem,
1608 5874 1625 5905 ι
1661 5855 1898 5925 inlibris
1930 5867 2082 5925 ivero
2131 5853 2288 5925 editis

751 5913 829 5978 sic
862 5945 874 5979 :
917 5945 938 5981 ι
973 5943 1037 5981 an
1073 5913 1306 5997 puianda
1338 5926 1443 5981 sint
1470 5913 1629 5980 istum
1658 5922 1824 5978 solem
1856 5922 2052 5975 habere
2084 5920 2285 5988 princi-

2391 4679 2520 4738 Deo,
2563 4674 2706 4740 quod
2740 4671 2922 4739 utique
2950 4687 3053 4724 non
3088 4671 3188 4724 nisi
3237 4673 3657 4732 rationabilibus
3699 4682 3983 4735 animan-

2308 4798 2350 4828 ²⁰
2394 4794 2492 4847 Joh
2519 4806 2641 4854 xxv,
2665 4791 2714 4843 5.

2396 4913 2576 4970 patum
2603 4901 2702 4970 diei
2738 4915 2795 4953 ac
2822 4900 2998 4951 lunam
3025 4902 3201 4955 noctis
3231 4918 3364 4968 quos
3392 4905 3782 4970 illuminanda,
3811 4925 3830 4958 ι
3859 4919 3979 4962 etc.

2467 4968 2577 5038 (95)
2630 4969 2720 5020 Sic
2752 4985 2877 5022 mss.
2919 4970 3053 5019 ιςάὶιί
3105 4985 3248 5031 vero,
3287 4991 3303 5020 ι
3354 4972 3494 5024 inter
3531 4968 3786 5028 cmlcstia
3845 4993 3984 5032 esse

2400 5045 2764 5093 numerentur,
2807 5053 2924 5088 cum
2963 5038 3153 5089 deinde
3185 5039 3388 5088 omnia.
3430 5057 3447 5088 ι

2465 5105 2571 5174 (95)
2609 5104 2902 5157 Evidenter.
2932 5105 3085 5156 Deest
3110 5104 3161 5156 iit
3193 5113 3350 5156 antea
3383 5108 3568 5167 editis,
3596 5111 3696 5162 sed
3727 5113 3981 5170 habetur

2396 5191 2448 5226 Ill
2485 5188 2610 5224 ιιιες.

2461 5236 2571 5308 (96)
2609 5239 2852 5318 lintre-fici
2879 5255 2992 5291 vero
3038 5238 3194 5289 etiam
3231 5239 3296 5318 de
3340 5243 3786 5318 an'ntubus__qurc
3824 5260 3979 5318 apud

2392 5309 2508 5362 illos
2555 5307 2816 5373 'spiritnlcs
2851 5319 3050 5358 natura:
3094 5307 3448 5368 appellantur,
3479 5321 3588 5365 etc.
3622 5307 3982 5373 Vitletttiitia-

2393 5392 2488 5428 nos
2515 5376 2752 5450 designat
2790 5390 3022 5450 quorum
3058 5377 3384 5427 sententiain-
3408 5377 3526 5434 [use
3567 5384 3821 5450 εκιιιίεειι
3864 5387 3981 5443 Ire-

2395 5459 2538 5495 nrens
2572 5442 2661 5494 lib.
2703 5459 2714 5494 l
2743 5446 2983 5560 tractuum“
3007 5442 3222 5492 luei'eses
3250 5479 3266 5506 ,
3311 5458 3434 5513 cap.
3466 5459 3624 5503 sexto
3644 5442 3826 5507 ἰιυνω
3857 5442 3981 5512 edi-

2398 5514 2578 5560 tionis.
2608 5525 2725 5560 narz.
2795 5513 2844 5560 8.

2398 5514 2578 5571 tionis,
2608 5525 2725 5571 pag.
2756 5513 2844 5561 28.

2465 5526 2556 5561 uns
2629 5526 2668 5559 HI
2715 5548 2725 5560 .
2756 5525 2844 5561 ιδ.

2465 5549 2578 5694 (Ἦ)
2604 5525 2892 5629 Ιιιιεοιιιιιρδ
2913 5575 3066 5628 codd.
3103 5589 3227 5628 mss.
3265 5577 3420 5632 Libb.
3455 5596 3588 5638 vero
3619 5588 3782 5646 editi.
3823 5592 3982 5645 (cuiq

2489 5659 2688 5694 nmtur.
2720 5646 2831 5694 sive
2861 5660 2975 5694 ana:
3003 5647 3209 5694 munda:
3233 5657 3378 5694 sunt.
3409 5649 3791 5694 Ιιιιιιιειιιιιιιιιιι-
3811 5659 3838 5694 τ
3880 5677 3900 5694 ι

2402 5646 2688 5712 ρειὶιιιιιιιιι·,
2720 5646 2831 5696 sive
2861 5660 2975 5708 qua:
3003 5647 3209 5695 munda:
3233 5657 3378 5703 sunt.
3409 5649 3791 5708 laudabuntur
3811 5659 3838 5710 τ
3879 5677 3901 5709 ι

2471 5712 2761 5790 (98LLihb.
2796 5713 2944 5790 editi,
2981 5728 2997 5759 ι
3027 5712 3184 5790 etiam
3218 5714 3327 5780 ipsa
3358 5725 3414 5768 et
3445 5732 3473 5769 ει
3518 5725 3714 5790 mundi
3758 5725 3983 5780 illumi-

2389 5778 2636 5860 natione,
2674 5799 2690 5828 ι
2725 5778 2815 5830 sed
2857 5793 2983 5830 mss.
3019 5788 3074 5829 ιιι
3111 5779 3160 5830 itt
3194 5778 3384 5860 nostro
3421 5797 3596 5840 textu.
3641 5788 3768 5842 Mox
3810 5778 3981 5860 mss.,

2403 5866 2420 5896 ι
2471 5848 2730 5920 Quoniam
2776 5855 2959 5920 tamen
2988 5850 3286 5920 captandm,
3329 5871 3346 5900 ι
3388 5865 3499 5907 etc.
3558 5855 3614 5909 lu
3653 5860 3831 5914 editis
3879 5848 3983 5920 pro

2401 5933 2418 5966 ι
2458 5915 2706 5983 quoniam
2741 5931 2758 5965 ι
2794 5913 2985 5981 legitur
3016 5930 3032 5963 ι
3055 5913 3297 5981 quando.
3336 5938 3349 5968 ι
