4136 6310
232 451 334 509 I73

224 665 396 722 stellis
436 675 687 743 praecepi.
728 694 748 728 ι
799 678 928 745 Quae
958 694 1136 740 autem
1168 700 1292 746 sunt
1337 692 1424 748 illa
1448 665 1780 769 vprmceptai

220 756 436 812 scilicet
464 768 523 813 ut
550 770 965 839 unumquodque
988 785 1195 831 astrum
1228 797 1324 836 suo
1341 785 1530 841 ordine
1558 790 1779 860 suisque

220 848 483 903 cursibus
508 851 733 910 indulta:
770 859 869 914 sibi
906 867 1229 931 quantitatis
1264 873 1607 940 splendorem
1636 896 1777 949 pras-

217 935 352 990 beat
382 944 594 998 mundo.
631 947 763 1004 Aliis
790 953 935 1005 enim
962 958 1054 1025 qui
1089 935 1351 1027 vocantur
1382 966 1606 1032 planetae
1620 935 1778 1033 ,Imoo

215 1037 417 1081 ventur
438 1033 743 1100 ordinibus,
772 1039 893 1096 aliis
914 1044 967 1097 bi
1002 1061 1137 1114 quos
1167 1050 1421 1119 ἀπλανεῖς
1462 1070 1679 1115 vocant.
1712 1064 1769 1116 In

212 1132 329 1180 quo
356 1120 405 1172 id
436 1124 872 1187 manifestissime
887 1138 1374 1211 ostenditur,‘quod
1398 1163 1572 1216 neque
1598 1164 1773 1210 motus

212 1206 365 1263 iliitts
394 1210 633 1283 corporis
668 1221 786 1278 sine
814 1226 993 1280 anima
1024 1230 1167 1285 effici
1204 1248 1411 1301 petest;
1446 1255 1622 1311 neque
1652 1260 1771 1314 qum

206 1298 513 1358 animantia
545 1321 694 1375 sunt,
727 1329 948 1382 possunt
975 1321 1265 1390 aliquando
1297 1344 1416 1385 esse
1441 1333 1558 1387 sine
1596 1350 1768 1394 motu.

206 1386 401 1459 Stella:
433 1410 557 1451 vero
586 1416 707 1458 cum
740 1416 884 1463 tanto
913 1412 1102 1468 ordine
1141 1428 1376 1475 ac-tanta
1415 1427 1625 1483 ratione
1648 1447 1768 1487 mo‘

206 1492 465 1551 veantur,
491 1499 549 1541 ttt
576 1492 628 1544 in
660 1498 803 1552 nullo
823 1514 1042 1567 prorsus
1064 1522 1252 1565 cursus
1278 1528 1464 1569 earum
1480 1519 1770 1589 aliquando

203 1573 361 1629 visus
391 1577 802 1655 sit‘impeditus,
828 1597 1096 1661 quomodo
1130 1616 1237 1656 non
1274 1615 1357 1659 est
1382 1607 1523 1663 ultra
1552 1626 1764 1670 omnem

203 1666 560 1727 stoliditatem
590 1685 795 1735 tantum
830 1686 1093 1754 ordinem,
1128 1700 1439 1767 tantamque
1471 1703 1765 1774 disciplinae

199 1769 272 1808 ac
306 1761 533 1817 rationis
554 1765 956 1826 observantiam
986 1776 1167 1833 dicere
1200 1783 1269 1837 ab
1299 1785 1764 1850 irrationabilibus

197 1847 350 1917 exigi
381 1851 461 1905 vel
496 1856 742 1924 expleri?
790 1863 943 1933 Apud
989 1866 1279 1927 Jeremiam
1316 1891 1447 1933 sane
1477 1881 1640 1937 etiam
1674 1901 1762 1941 re-

196 1939 329 2007 gina
362 1943 487 1997 cceli
512 1946 633 2001 luna
658 1965 777 2006 esse
802 1957 1185 2014 nominatur“.
1208 1964 1360 2031 Quod
1384 1970 1427 2023 si
1456 1974 1759 2032 animantes
1799 1966 1838 2020 Β

195 2040 331 2083 sunt
354 2035 523 2089 stella?
538 2048 588 2091 et
610 2042 958 2102 rationabiles
975 2052 1296 2122 animantes,
1323 2061 1627 2121 sinedubio
1644 2068 1755 2141 (99)

195 2121 245 2141 -ε
275 2118 342 2141 ,Α
367 2124 403 2141 .,
510 2130 521 2139 .
571 2138 579 2141 .

1284 2118 1292 2122 -
1645 2118 1751 2141 ι--ι

193 2118 477 2179 videbitur
508 2130 648 2185 inter
668 2148 760 2190 eas
789 2147 843 2191 et
867 2141 1143 2207 profecws
1174 2148 1371 2219 aliquis
1397 2165 1454 2209 et
1480 2158 1751 2218 decessus.

188 2210 316 2267 Hoc
339 2216 481 2271 enim
512 2223 650 2289 quod
680 2226 753 2279 ait
784 2226 884 2285 Job
924 2249 938 2285 :
972 2251 993 2284 ‹
1033 2235 1218 2294 Stella:
1252 2210 1354 2295 non
1389 2210 1754 2309 suntvmvundie

187 2300 246 2355 in
268 2315 562 2375 conspectu
593 2312 793 2384 ejus",
830 2337 850 2371 ο
882 2324 1041 2380 talem
1071 2331 1201 2385 mibi
1225 2338 1510 2403 quemdam
1536 2344 1753 2403 videtur

158 2392 440 2453 indicare
467 2400 830 2468 intellectum.

257 2485 318 2542 4.
350 2486 473 2543 Jam
509 2507 637 2549 vero
665 2512 727 2552 ea
754 2512 874 2570 quae
902 2507 1196 2568 animantia
1223 2530 1341 2574 esse
1368 2529 1422 2574 et
1453 2525 1751 2585 rationabi-

179 2574 689 2653 lia,consequentia
729 2594 1111 2663 disputationis
1146 2606 1372 2679 invenit,
1408 2624 1587 2674 utrum
1624 2636 1745 2677 cum

177 2665 509 2739 cerporibus
533 2680 736 2745 pariter
772 2687 1009 2744 animata
1043 2696 1328 2754 videantur
1364 2718 1429 2759 eo
1470 2716 1744 2781 tempore,

175 2772 309 2813 cum
348 2763 483 2819 dicit
518 2768 797 2842 Scriptura
830 2781 956 2847 quia
989 2799 1010 2834 α
1047 2786 1175 2840 fecit
1204 2790 1346 2848 Deus
1388 2797 1495 2853 duo
1519 2763 1745 2860 lutrnina:

174 2850 262 2903 ria
291 2868 510 2923 magna,
533 2862 877 2925 etluminare
901 2874 1076 2942 majus
1118 2880 1168 2933 in
1218 2885 1578 2958 principatum
1609 2897 1739 2964 diei,

174 2947 229 2964 Α.
266 2939 433 2964 1----8Α
452 2962 463 2964 -
626 2952 638 2963 ⁸
790 2957 800 2964 ·
959 2962 967 2964 “

987 2939 999 2942 _
1218 2939 1229 2950 .
1353 2939 1577 2958 "r"“"'
1611 2939 1739 2964 ww:

168 2947 235 2993 et
266 2939 537 3001 luminare
568 2952 745 3009 minus
788 2957 839 3012 in
892 2962 1245 3035 principatum
1286 2979 1461 3033 noctis
1482 3021 1499 3046 ,
1530 2992 1583 3037 ct
1612 2988 1743 3041 stel-

171 3030 335 3098 las";
367 3055 385 3086 ι
409 3052 586 3094 annon
606 3059 726 3099 cum
754 3049 883 3116 ipsis
907 3062 1246 3129 corporibus,
1277 3069 1370 3121 sed
1400 3075 1738 3135 extrinsecus

170 3121 342 3179 factis
393 3126 505 3195 jam
564 3138 882 3207 corporibus
933 3145 1158 3205 inseruit
1216 3158 1505 3227 spiritum,
1557 3169 1735 3233 pervi-

176 3214 233 3233 ,Δ
302 3216 315 3233 ,
704 3231 731 3233 ε

166 3214 410 3274 dentium
437 3231 521 3279 est
547 3226 644 3299 (l).
696 3231 806 3304 Ego
844 3240 1058 3307 quidem
1104 3214 1353 3317 suspicor
1397 3214 1732 3318 extrinsecus

168 3305 443 3363 insertum
473 3328 596 3369 esse
621 3305 890 3391 spiritum,
923 3330 1015 3383 sed
1042 3305 1218 3402 operte
1243 3340 1475 3405 pretium
1520 3345 1729 3401 videbi-

168 3404 264 3449 tur
291 3398 358 3452 de
389 3401 687 3474 Scripturis
714 3411 815 3468 boc
840 3398 1147 3489 ostendere.
1174 3398 1305 3482 Nam
1334 3446 1430 3499 per
1456 3436 1733 3503 conjectu-

163 3499 287 3540 ram
333 3488 513 3549 facilis
558 3504 795 3559 assertio
828 3522 949 3563 esse
993 3513 1293 3584 videbitur;
1330 3520 1728 3594 Scripturarum

163 3586 353 3633 autem
404 3582 728 3670 testimoniis
759 3598 948 3666 utique
981 3601 1057 3673 (2)
1090 3582 1370 3669 difficilius
1402 3582 1727 3678 afﬁrmatur.

160 3664 300 3723 Nam
346 3687 443 3741 per
489 3664 830 3750 conjecturas
862 3664 931 3745 ita
979 3664 1234 3761 possibile
1266 3664 1375 3759 est
1403 3664 1635 3767 (“is-tendi.
1669 3714 1725 3769 Si

163 3759 406 3818 hominis
436 3768 616 3826 anima
651 3789 767 3843 quae
796 3759 1233 3851 utique—inferior
1260 3805 1365 3859 est,
1400 3801 1524 3854 dum
1549 3804 1723 3860 bomi-

156 3868 249 3921 nis
296 3872 475 3927 anima
522 3887 625 3939 est,
656 3895 765 3936 non
809 3899 931 3939 cum
973 3895 1284 3961 corporibus
1332 3903 1598 3973 iicta_(5),
1630 3908 1722 3961 sed

156 3960 501 4019 extrinsecus
556 3973 770 4038 proprie
818 3960 1081 4043 probatur
1125 3982 1356 4051 inserta,
1402 3960 1570 4047 multo
1619 3996 1720 4065 73

155 4050 332 4119 magis
358 4066 546 4109 eorum
572 4059 923 4117 animantium
948 4082 1066 4135 quae
1089 4072 1324 4127 coelestia
1352 4076 1718 4148 designantur.

151 4138 293 4193 Nam
342 4153 601 4210 quantum
646 4151 711 4203 ad
756 4152 1001 4211 homines
1049 4171 1254 4228 spectat
1303 4165 1410 4235 (4),
1456 4138 1722 4237 quomodo

149 4244 281 4283 cum
327 4247 552 4302 corpore
602 4240 759 4295 simul
808 4243 927 4300 ﬁcta
970 4249 1043 4319 (5)
1085 4252 1261 4307 anima
1295 4257 1563 4314 videbitur
1604 4264 1719 4331 ejus

149 4322 250 4389 qui
283 4322 340 4375 in
374 4334 560 4382 ventre
595 4345 748 4385 suum
778 4334 996 4392 fratrem
1026 4343 1404 4414 supplantavit,
1441 4351 1493 4410 id
1520 4361 1603 4407 est
1628 4354 1715 4408 Ja-

220 4917 415 4992 st_,!er,
440 4935 539 4992 int,
575 4922 657 4977 I8.
732 4926 775 4956 ”
798 4923 897 4981 Job
920 4945 1042 4992 xxv,
1076 4933 1126 4986 5.

148 5001 224 5050 xx,
264 4988 357 5041 ﬂ.
434 4991 477 5022 "
502 4990 661 5046 Rom.
692 5011 750 5061 ll,
779 4996 864 5051 11.
938 5000 983 5032 ³³
1011 4988 1164 5056 Rom.
1193 4988 1421 5072 νιιιξέὗξ

220 5124 357 5224 (99).
373 5124 458 5183 Sic
485 5104 998 5224 mancipamur,
1028 5158 1431 5224 cmemoratur.
1478 5151 1629 5216 Quod
1662 5160 1705 5211 si

146 5204 406 5273 animat}:
437 5213 564 5257 sunt
589 5208 773 5273 stellae,
810 5209 925 5265 sine
951 5213 1130 5267 dubio.
1171 5234 1189 5265 ›

218 5263 713 5361 ρλΡετυιάεηάξίηι
745 5263 838 5332 est.
888 5263 1144 5338 Deest—in
1172 5263 1343 5343 antea
1385 5291 1558 5361 editis,
1612 5298 1704 5350 sed

146 5334 389 5404 habetur
414 5337 468 5390 in
497 5345 745 5399 omnibus
772 5364 898 5404 mss.

243 5404 302 5473 2)
342 5402 427 5502 Sic
469 5423 597 5465 mss.
632 5402 1272 5502 uterumsc-testimonio
1298 5430 1497 5502 utique.
1543 5454 1560 5485 ι
1599 5436 1702 5491 Ge-

259 5475 472 5544 ras-dus,
513 5496 531 5527 ‹
567 5483 871 5541 testimonio
900 5475 1048 5544 uti.i

332 5543 418 5636 Sic
446 5560 637 5636 omnes
663 5567 789 5607 mss.
815 5543 977 5627 Alias,
1010 5581 1027 5611 ι
1062 5562 1216 5619 facta.
1250 5570 1287 5636 r,"

243 5615 301 5679 4)
334 5613 499 5669 Caute
532 5616 668 5739 lege.

214 5616 300 5825 35)
329 5682 491 5764 Alias,
524 5704 543 5737 ε
600 5701 663 5739 ac

238 5752 297 5825 6)
345 5752 429 5809 Stc
472 5769 601 5810 mss.
651 5760 668 5810 Α

244 5684 300 5752 5)
329 5682 491 5749 Alias,
524 5704 543 5737 ε
579 5682 737 5742 facta.
776 5716 789 5737 ρ

1623 489 1820 547 LIBER
1855 494 2133 557 PRIMUS.

229 571 372 629 tibus
394 573 507 630 fleri
535 579 694 637 solet.
720 583 811 639 Ait
836 601 961 659 ergo
988 608 1004 646 :
1041 610 1057 643 t
1078 591 1388 656 Mandatum
1415 618 1514 675 ego
1535 610 1783 668 omnibus
1812 617 1859 674 Δ

1216 4937 1261 4967 ’³
1290 4938 1421 4993 Gen.
1452 4961 1489 5004 ι,
1522 4947 1605 5001 I6.
1682 4953 1724 4981 "‘
1756 4953 1887 5009 Gen.
1919 4976 2038 5019 xxv,
2068 4962 2154 5013 2‘2.
2246 4966 2288 4995 ’⁵

1216 5021 1309 5072 tm,
1334 5011 1420 5072 20,
1451 5015 1537 5067 2|.
1613 5018 1657 5048 '°
1684 5020 1809 5077 ibid.
1841 5026 1922 5082 1,9.
2000 5030 2041 5059 “
2069 5030 2193 5083 ibid.
2228 5033 2314 5087 23.

3349 522 3453 581 m

1889 617 2229 679 salutationis
2262 639 2364 681 vox
2396 624 2577 684 Maria:
2600 632 2666 686 ad
2696 648 2857 691 aures
2882 635 3165 696 Elizabetb
3198 654 3309 699 sua
3329 657 3446 701 ma-

1839 709 1981 763 ‘tris
2036 710 2420 773 advenerat".
2477 706 2753 787 Quomodo
2811 742 2934 781 cum
2989 744 3221 803 corpore
3279 734 3439 790 simul

1883 802 2006 855 beta
2036 801 2110 875 (8)
2137 813 2218 859 est
2247 819 2302 862 et
2326 809 2588 877 plasmata
2615 815 2774 869 etiam
2806 817 2949 872 illius
2971 801 3175 887 anima,
3212 825 3308 900 qui
3336 842 3435 880 an-

1885 895 2099 956 tequam
2131 894 2185 947 in
2216 905 2370 952 utero
2396 899 2740 970 formarctur,
2764 914 2919 959 notus
2937 922 3054 971 esse
3077 909 3186 964 Deo
3216 913 3435 980 dicitur,
3527 973 3534 985 ,

1880 988 1935 1031 et
1963 990 2255 1051 antequam
2289 989 2357 1043 de
2384 987 2537 1045 vulva
2568 995 2884 1060 procederet
2912 1038 2927 1062 ,
2956 1000 3326 1058 sanctificatus
3355 1014 3437 1060 est

1879 1068 1946 1121 ab
1976 1085 2040 1125 eo
2058 1072 2142 1126 '°?
2169 1074 2244 1130 Ne
2273 1077 2411 1134 forte
2446 1096 2552 1136 non
2585 1083 2791 1150 judicio
2817 1127 2830 1150 ,
2855 1103 2956 1169 nec
2990 1106 3087 1160 pro
3114 1094 3321 1151 meritis
3348 1110 3434 1151 re-

1879 1159 2026 1227 plere
2049 1164 2259 1233 aliquos
2291 1170 2709 1229 Deus‘videatur
2735 1166 2940 1247 Spiritu
2972 1159 3180 1250 sancto,
3212 1194 3269 1241 et
3299 1200 3429 1243 san-

1878 1253 2114 1310 ctiﬁcare
2141 1272 2243 1312 non
2274 1263 2486 1318 merito.
2522 1265 2584 1318 Et
2619 1260 2894 1335 quomodo
2933 1271 3247 1342 eli‘ugiemus
3285 1275 3427 1330 illam

1878 1357 2060 1402 vocem
2102 1363 2220 1416 qua:
2248 1350 2323 1403 ait
2379 1373 2389 1406 :
2455 1372 2475 1403 ε
2534 1353 2787 1425 Nunquid
2841 1361 3105 1431 injustilia
3156 1359 3240 1419 e'st
3290 1367 3429 1436 apud

1878 1437 2081 1492 Deum?
2104 1442 2339 1499 Absit".
2369 1464 2387 1497 ι
2421 1444 2511 1501 Vel
2545 1448 2673 1502 illud
2699 1468 2714 1503 :
2742 1469 2762 1501 ι
2796 1450 3045 1522 Nunquid
3074 1470 3428 1525 personarum

1874 1534 2115 1600 acceptio
2169 1544 2250 1589 est
2298 1537 2438 1604 apud
2498 1538 2664 1593 Deum
2688 1543 2776 1595 '3?
2815 1564 2834 1595 ι
2889 1544 2996 1599 Iloc
3044 1547 3187 1601 enim
3235 1564 3428 1605 consc-

1880 1620 2066 1688 quitur
2117 1637 2237 1677 eam
2291 1625 2694 1695 defensiOnem,
2746 1646 2864 1699 quae
2906 1633 3112 1688 animas
3132 1636 3426 1724 subsistere

1870 1712 2029 1764 simul
2084 1729 2206 1767 cum
2252 1721 2575 1789 corporibus
2622 1731 2914 1776 asseverat.
2963 1723 3233 1790 Quantum
3286 1742 3418 1798 ergo

1870 1810 1969 1881 [(9)
1988 1812 2104 1866 Ὅτι
2119 1815 2173 1867 δὲ
2213 1819 2610 1893 πρεσϐυτέραή
2683 1826 2745 1865 ex
2772 1816 3177 1882 comparatione
3201 1818 3419 1899 humani

1865 1902 2387 1979 ψυχὴτοῠήλίουτῆς
2406 1913 2613 1967 ὲνδέσεκ
2682 1911 2857 1957 δίθίηε
2902 1906 3109 1975 θοηοίβί
3158 1906 3269 1979 (ίθ)
3326 1925 3420 1979 Ρ⁰⁶

1867 2011 1941 2057 ως
1958 1996 2118 2048 αὑτοῦ
2136 1998 2233 2068 τῆς
2259 2001 2338 2063 εἰς
2353 2002 2412 2054 τὸ
2430 2005 2606 2077 σῶμα,
2681 2004 2781 2051 test
2813 2036 2829 2064 ,
2912 2013 3241 2071 consequens
3289 2014 3433 2073 puto.

1870 2083 2006 2151 μετὰ
2033 2085 2091 2138 τὸ
2118 2087 2607 2157 συλλσγίσασθᾱιὲκ
2680 2091 2845 2145 Immo
2879 2094 3050 2164 magis
3070 2095 3184 2151 [NEC
3212 2096 3278 2151 de
3306 2112 3414 2154 οωο

1863 2176 2490 2251 συγκρίσεωςάνθρὼπου
2508 2185 2605 2256 τῆς
2676 2184 2898 2241 lestibus
2945 2190 3250 2256 sentienda,
3293 2206 3414 2261 quae

1861 2265 1995 2335 πρὸς
2031 2268 2210 2335 αὑτὸν,
2237 2274 2328 2326 καὶ
2354 2275 2602 2331 ἐντεῦθεν
2672 2280 2831 2334 etiam
2860 2282 2911 2335 itt
2940 2282 3246 2341 hominibus
3273 2288 3412 2342 ratio

1858 2344 1965 2408 ὰτέὸ
2009 2357 2115 2412 τῶν
2170 2360 2398 2432 Γραφῶν
2449 2362 2599 2438 οἶμαι
2672 2372 2861 2438 ipsa"et
2896 2374 3193 2447 Scriptura:
3223 2391 3410 2436 aucto-

1856 2447 2131 2516 ἀποδεῖξαι
2204 2452 2480 2512 δύνασθαι.
2545 2462 2597 2517 Id
2675 2467 2807 2521 ritas
2846 2470 3058 2525 videtur
3098 2475 3403 2530 ostendere.

1855 2547 1937 2592 est
1964 2557 1977 2592 :
2010 2541 2247 2599 Animam
2287 2562 2458 2604 autem
2481 2553 2607 2609 solis
2634 2559 2979 2629 antiquiorem
3018 2579 3125 2619 esse
3146 2564 3336 2636 alliga-

1856 2629 1997 2684 tione
2025 2634 2140 2701 ejus
2170 2637 2238 2689 ad
2272 2655 2460 2709 corpus
2482 2685 2496 2709 ,
2532 2650 2835 2702 conclusum
2860 2652 2977 2721 jam
3010 2665 3083 2709 est
3104 2672 3168 2711 ea:
3190 2674 3331 2712 com-

1850 2724 2120 2787 paratione
2162 2729 2423 2797 Itomim's;
2454 2751 2627 2791 rerum
2678 2756 2705 2794 e
2754 2741 3049 2813 Scripturts
3094 2750 3316 2803 arbitror

1848 2828 1997 2879 posse
2029 2818 2323 2876 demonstra
2332 2823 2425 2896 ri

1916 2904 1970 2960 5.
2014 2907 2118 2962 Sed
2146 2913 2546 2991 videamus(ll)
2569 2922 2611 2975 si
2633 2939 2793 2993 quam
2826 2932 3040 2999 proprie
3062 2933 3219 2988 etiam
3237 2936 3399 3008 deip-

1846 2994 1921 3049 sis
1948 2999 2255 3059 coelestibus
2285 3008 2700 3077 signiﬁcantiam
2736 2994 2847 3085 jam
2890 2994 3027 3089 apud
3062 2994 3395 3095 Scripturain

1843 3097 2083 3143 sanctam
2146 3096 2411 3163 possimus
2443 3100 2702 3159 invenire.
2754 3104 2952 3166 Paulus
3004 3120 3274 3185 apostolus
3319 3124 3395 3178 ait

1842 3176 1931 3242 ita,
1965 3182 2245 3250 quoniam,
2288 3187 2483 3258 inquit,
2518 3211 2538 3246 ε
2604 3201 2819 3256 vanitati
2864 3215 3110 3262 creatura
3155 3212 3391 3280 subjecta

1838 3277 1919 3322 est
1952 3284 2057 3324 non
2088 3274 2294 3341 volens,
2320 3280 2413 3334 sed
2438 3296 2656 3356 propter
2680 3308 2801 3346 eum
2830 3296 2919 3364 qui
2942 3297 3172 3366 subjecit
3196 3303 3249 3359 in
3272 3321 3388 3375 spe,

1758 3381 1801 3441 ο
1837 3362 1957 3430 quia
1987 3371 2040 3417 et
2070 3364 2181 3453 ipsa
2214 3379 2459 3457 creatura
2489 3376 2804 3439 liberabitur
2824 3362 2861 3440 a
2876 3362 3135 3447 servitute
3163 3409 3389 3469 corrup-

1833 3454 1990 3509 tionis
2017 3457 2068 3510 in
2089 3446 2389 3519 libertatem
2418 3465 2527 3539 (l2)
2547 3462 2733 3541 'gloria:
2764 3472 2991 3538 filiorum
3017 3446 3385 3556 Dei":

1830 3547 2072 3618 obsecro,
2130 3557 2348 3613 vanitati
2409 3577 2655 3621 creatura
2702 3571 2940 3639 subjecta
2987 3586 3090 3643 est,
3136 3578 3217 3632 vel
3265 3594 3386 3649 qua:

1829 3647 2093 3707 creatura,
2117 3646 2201 3700 vel
2226 3654 2493 3716 quomodo
2517 3669 2618 3710 non
2653 3659 2852 3728 volens,
2886 3664 2967 3717 vel
2996 3669 3094 3720 sub
3121 3684 3221 3736 qua
3246 3684 3340 3740 spe
3359 3672 3386 3727 τ

1827 3727 1943 3794 Quo
1970 3743 2147 3788 autem
2182 3741 2339 3794 modo
2384 3742 2495 3809 ipsa
2527 3758 2766 3802 creatura
2799 3751 3116 3811 liberabitur
3150 3774 3180 3813 a
3208 3763 3380 3817 servi-

1828 3828 1937 3876 tute
1965 3828 2356 3896 corruptionis?
2378 3832 2481 3887 Sed
2507 3844 2561 3888 et
2583 3837 2707 3891 alibi
2759 3841 2871 3910 ipse
2921 3845 3208 3913 Aposto'us
3234 3853 3311 3907 ait
3353 3871 3368 3907 :

1828 3930 1847 3961 ι
1869 3910 1998 3966 Nam
2011 3922 2339 3985 exspectatio
2360 3936 2617 3983 creaturae
2639 3931 3014 3990 revelationem
3032 3940 3256 3996 tiliorum
3284 3943 3374 4002 De:

1818 4009 2187 4073 exspectat“.
2210 4029 2228 4062 ι
2262 4013 2328 4067 Ει
2352 4015 2541 4072 iterum
2567 4021 2691 4076 alibi
2726 4026 2799 4077 ait
2830 4044 2843 4080 :
2879 4048 2897 4079 ι
2935 4028 3047 4084 Νοη
3082 4034 3249 4088 solum
3276 4052 3375 4094 att-

1817 4101 1923 4147 tem
1957 4111 2076 4163 nos,
2108 4102 2201 4155 sed
2235 4113 2288 4161 et
2314 4107 2426 4177 ipsa
2468 4120 2713 4167 creatura
2768 4123 3116 4191 congemiscit
3152 4136 3207 4182 et
3241 4143 3373 4185 con-

1815 4188 1957 4243 dolet
1991 4188 2100 4263 (l5)
2148 4207 2316 4263 usque
2348 4204 2567 4258 nunc".
2613 4225 2631 4258 ι
2681 4207 2828 4267 Unde
2871 4188 3241 4284 inquirendum
3286 4233 3368 4279 est

1813 4277 1902 4343 qui
1930 4279 1998 4332 sit
2030 4284 2278 4352 gemitus,
2334 4290 2414 4344 vel
2441 4295 2528 4363 qui
2555 4296 2657 4352 sint
2686 4302 2893 4359 dolores
2938 4308 3072 4377 ejus.
3102 4311 3163 4365 Et
3196 4315 3364 4383 primo

1811 4371 2226 4437 ergovideamus
2249 4395 2367 4449 qua:
2398 4395 2482 4438 est
2510 4390 2719 4445 vanitas
2739 4394 2824 4447 cui
2855 4407 3096 4454 creatura
3126 4406 3360 4475 subjecta

1810 4466 1909 4512 est.
1941 4459 2051 4529 Ego
2085 4466 2295 4533 quidem
2336 4473 2569 4530 arbitror
2600 4494 2701 4534 non
2731 4496 2851 4538 esse
2874 4486 3031 4542 aliam
3067 4493 3354 4550 vanitatem

1808 4562 1966 4616 quam
1996 4568 2249 4625 corpora;
2279 4576 2399 4616 nam
2428 4564 2552 4621 licet
2575 4572 2861 4627 mtbereum
2886 4577 2955 4630 sit
2976 4594 3166 4649 corpus
3186 4595 3364 4638 astro-

1808 4654 1949 4709 rum,
2001 4655 2173 4701 tamett
2204 4662 2284 4705 est
2314 4659 2607 4721 materiale.
2642 4662 2791 4719 Unde
2821 4676 2874 4721 et
2920 4669 3168 4726 Salomon
3227 4676 3357 4730 mibi

1808 4732 2108 4788 universam
2133 4752 2443 4808 corpoream
2474 4758 2717 4805 naturam
2754 4758 2897 4811 velut
2918 4772 3194 4815 onerosam
3220 4778 3355 4833 quo-

1806 4823 2107 4892 dammodo,
2149 4838 2202 4883 et
2242 4832 2474 4901 vigorem
2523 4841 2802 4902 spirituum
2848 4850 3205 4904 retardantem
3252 4853 3352 4911 ltoc

2318 4966 2443 5020 Luc.
2477 4985 2512 5033 I,
2545 4972 2629 5024 41.
2715 4975 2759 5005 ’⁸
2786 4975 2893 5032 Jer.
2923 4995 2959 5043 ι,
2992 4981 3042 5036 5.
3118 4986 3161 5017 "
3190 4985 3344 5045 Rom.

1807 5167 1998 5238 matris
2023 5168 2137 5238 ejus
2164 5172 2386 5238 positus.
2420 5194 2438 5226 ι
2471 5178 2477 5185 ’

1874 5234 1946 5301 (7)
1979 5234 2129 5319 Libb:
2164 5234 2326 5307 editi,
2354 5263 2371 5293 ‹
2416 5256 2469 5301 et
2503 5266 2688 5323 magna
2731 5258 3080 5318 exsultatione
3110 5268 3342 5337 gauden-

1874 5318 1905 5337 ῐὶ
1942 5312 1993 5337 οὓ
2028 5320 2084 5337 an
2117 5316 2394 5337 snt-Hnno...“
2455 5335 2464 5337 _

1803 5309 2084 5375 tentethse
2109 5308 2418 5375 jactantem.
2454 5335 2471 5365 ι
2590 5308 2630 5323 ν
2810 5308 2973 5374 "im".

1892 5372 1943 5439 8)
1976 5372 2060 5427 Sic
2088 5372 2215 5429 mss.
2251 5381 2412 5447 Alias,
2446 5406 2463 5437 ι
2493 5387 2649 5445 facta.
2684 5411 2700 5440 ι
2958 5372 2973 5414 ἠ
3247 5462 3257 5469 .

1894 5442 1943 5469 m
1975 5441 2090 5469 κη-.
2129 5446 2180 5469 N-
2218 5452 2387 5469 -~J°
2470 5458 2479 5469 '
2780 5463 2807 5469 “

1892 5372 1943 5439 8)
1976 5372 2060 5427 Sic
2088 5372 2215 5429 mss.
2251 5381 2412 5447 Alias,
2446 5406 2463 5437 ι
2493 5387 2649 5445 facta.
2684 5411 2700 5440 ι
2958 5372 2973 5414 ἠ
3247 5462 3257 5469 .

1872 5372 2187 5533 29).:91'}.5é‘
2210 5452 2585 5533 apsqﬁurépa,
2633 5471 2737 5533 etc.
2769 5463 2947 5522 Gneca
2982 5471 3093 5527 hac
3135 5485 3331 5533 exstant

2524 5508 2585 5524 υ,
2640 5508 2737 5515 --.μ
2774 5508 2947 5522 νιιυνιι
2982 5508 3093 5527 "au.
3135 5508 3296 5531 ς.ιδι‹ιι

1800 5508 1852 5560 in
1871 5508 2293 5600 [calce'epistolze
2321 5508 2603 5600 Iustiniani
2629 5532 2959 5599 imperatoris
2986 5546 3050 5594 ad
3078 5543 3300 5600 Menam.

1868 5580 1977 5665 £192
2173 5592 2452 5665 ‘.°OnCipi.
2496 5580 2703 5665 ,ωε

1895 5651 1915 5728 I
1925 5650 1975 5728 1
2007 5650 2173 5728 _C_a_ute
2202 5657 2333 5728 lege.

2741 5620 2759 5651 ι
2797 5609 3005 5677 conjici.
3045 5630 3064 5662 ›

1867 5649 1975 5788 ἕίί)
2008 5650 2173 5710 Caute
2202 5657 2333 5728 lege.
2378 5649 2395 5662 ⁸
2545 5649 2703 5665 ’““““’
2746 5649 2757 5651 ‘
2799 5649 3005 5677 ’νη-νε·
3045 5649 3064 5662 υ
3300 5757 3309 5766 ⁸

1894 5720 2155 5809 ξὲλξὶὺὺ.
2202 5731 2347 5801 editi,
2388 5752 2405 5784 ς
2448 5735 2502 5788 in
2542 5738 2766 5797 laudem.
2817 5764 2836 5795 ι
2866 5749 2937 5802 At
2978 5767 3102 5807 mss.
3139 5773 3157 5804 ι
3193 5755 3247 5807 in
3276 5756 3332 5809 lt.

238 5752 297 5825 6)
345 5752 429 5809 Sic
472 5769 601 5837 mss.
651 5757 865 5845 Aliasn‘t
910 5767 1135 5845 facta.)
1167 5774 1365 5833 Ibidem
1412 5797 1537 5837 mss.
1590 5804 1605 5835 ι
1644 5786 1697 5839 in
1796 5752 2131 5845 beiia‘tlelmlﬁ

145 5831 343 5881 ventre
368 5826 553 5883 matris
583 5840 696 5883 suae
719 5832 943 5900 positus.
980 5855 999 5890 ι
1028 5826 1365 5913 ιίιιδῖὲᾱίὶἰῖ
1386 5826 1699 5911 ι’ἷιῗῦθὶηὲἒ

1872 5858 1979 5930 (15)
2012 5860 2162 5921 Libb.
2196 5869 2346 5939 editi,
2377 5893 2396 5927 ι
2429 5881 2672 5946 parturit.
2712 5902 2730 5934 ι
2769 5882 2889 5943 Mss.
2924 5908 2943 5940 ι
2974 5891 3234 5949 condolet.
3270 5916 3291 5947 ι
