4118 6308
552 4272 559 4279 “
634 4320 639 4323 .
729 4294 869 4329 κνιιιν
930 4275 1023 4325 τοῦ
1076 4270 1230 4323 Θεοῦ.
1290 4268 1371 4319 Τὰ
1423 4267 1478 4319 δὲ

712 457 815 517 ΠΒ

1980 456 2299 515 ΟῐίιϐΕΝῐὸ
2338 458 2496 515 ΠΕΡΙ
2534 462 2763 516 ΑΡΧΩΝ

3854 475 3963 535 176

710 579 869 634 modo
922 577 1132 631 videtur
1198 576 1510 647 appellare:
1553 596 1571 629 ι
1613 575 1837 647 vanitas
1878 579 2174 633 vanitatnm
2226 587 2275 633 et
2310 583 2349 638 Δ
2382 594 2510 635 sane
2528 580 2688 634 etiam
2708 580 2927 635 de'luna
2947 590 2998 634 et
3016 580 3181 637 stellis
3199 582 3473 636 sentiendo
3493 592 3681 639 suntet
3700 584 3955 647 dicenda.

707 671 889 725 omnia
918 670 1150 733 vanitas,
1184 670 1318 723 dixit
1357 668 1731 725 Ecclesiastes.
1772 670 1968 725 Omnia
2020 673 2234 752 vanitas
2265 689 2278 724 :

712 762 921 831 respexi
952 761 1116 825 enim,
1146 761 1342 829 inquit,
1371 773 1425 812 et
1452 761 1557 814 vidi
1597 761 1843 818 universa
1874 778 1993 832 quae
2024 763 2124 817 sub
2168 763 2283 817 sole

712 865 858 922 sunt,
887 865 944 909 et
962 869 1089 909 ecce
1118 854 1297 908 omnia
1348 855 1558 908 vanitas
1574 854 1640 907 ⁸¹¹.
1676 872 1695 905 ι
1729 853 1863 909 lluic
1901 869 2033 927 ergo
2056 856 2281 911 vanitati

710 956 957 1005 creatura
1003 946 1241 1016 subjecta
1276 956 1381 1010 est,
1433 945 1521 999 illa
1556 946 1826 1016 prrccipue
1877 954 2125 1001 creatura
2170 948 2281 1021 (11)

713 1055 832 1111 qua:
881 1041 1065 1109 utique
1113 1040 1404 1092 maximum
1438 1038 1491 1092 in
1536 1038 1635 1093 hoc
1695 1040 1897 1093 mundo
1923 1049 1976 1094 et
2008 1042 2279 1110 egregium

707 1133 886 1202 operis
907 1133 988 1187 sui
1017 1130 1230 1186 obtinet
1255 1130 1642 1199 principatum,
1669 1130 1722 1184 id
1745 1138 1829 1186 est
1869 1131 1947 1186 sol
1980 1140 2033 1188 et
2063 1130 2187 1186 luna
2228 1141 2282 1186 et

707 1221 876 1278 stellae.
906 1220 1133 1275 vanitati
1162 1219 1403 1290 subjecta
1436 1221 1711 1285 dicuntur,
1739 1222 2061 1292 corporibus
2092 1222 2278 1282 indita,

693 1325 871 1386 atque
899 1315 971 1390 ad
1004 1314 1333 1369 illuminandi
1361 1314 1593 1371 cilicium
1618 1317 1854 1373 humano
1889 1319 2072 1388 generi
2114 1320 2281 1390 depu-

712 1419 836 1466 tata.
873 1427 891 1461 t
928 1408 994 1463 Et
1028 1424 1157 1475 non,
1184 1409 1375 1476 inquit,
1427 1409 1616 1466 volens
1672 1420 1923 1467 creatura
1968 1412 2082 1468 haec
2132 1415 2281 1468 vani-

710 1501 807 1557 tati
857 1498 1097 1569 subjecta
1120 1508 1202 1553 est
1217 1499 1283 1554 ⁸³.
1314 1518 1332 1550 ι
1384 1497 1499 1553 Non
1530 1501 1675 1554 enim
1718 1501 1994 1556 voluntate
2022 1502 2283 1557 exhiben-

709 1592 836 1647 dum
859 1588 1098 1659 suscepit
1124 1589 1480 1642 ministerium
1500 1591 1747 1654 vanitati,
1780 1592 1871 1645 sed
1892 1594 2146 1661 quoniam
2167 1592 2279 1664 (15)

711 1683 927 1739 volebat
952 1681 1042 1735 ille
1068 1682 1159 1751 qni
1189 1681 1525 1746 subjiciebat,
1567 1691 1789 1751 propter
1817 1698 1939 1737 eum
1967 1685 2057 1754 qui
2096 1684 2280 1756 subje-

712 1776 809 1842 cit,
848 1777 1256 1847 promittentem
1318 1776 1402 1831 his
1440 1778 1529 1845 qui
1567 1793 1670 1832 non
1734 1777 2011 1831 voluntate
2056 1781 2277 1833 vanitati

712 1868 1099 1931 subdebantur,
1135 1869 1276 1938 quod
1304 1868 1519 1937 expleto
1564 1868 1833 1939 magniﬁci
1896 1871 2082 1940 aperis
2121 1872 2279 1925 ruini-

712 1963 881 2018 slcrio
903 1962 1280 2018 liberabuntur
1313 1964 1379 2019 ab
1408 1963 1511 2018 hac
1544 1962 1804 2018 servitute
1826 1966 2200 2041 corruptionis
2227 1977 2280 2021 et

716 2055 991 2120 vanitatis,
1039 2070 1162 2109 cum
1217 2056 1604 2126 redemptionis
1649 2056 1834 2126 glorize
1906 2058 2135 2113 ﬁliorum
2187 2060 2278 2113 Dei

716 2154 925 2213 tempus
988 2145 1289 2199 advenerit.
1347 2144 1463 2211 Qua
1522 2160 1619 2217 spe
1692 2157 1951 2216 accepta,
2000 2159 2053 2202 et
2120 2164 2279 2218 quam

715 2235 1127 2305 promissionem
1168 2236 1543 2306 complendam
1575 2252 1800 2306 sperans
1831 2240 2081 2295 universa
2133 2256 2281 2295 crea-

714 2336 834 2381 tura
884 2327 1239 2396 congemiscit
1281 2344 1425 2382 nunc
1461 2329 1677 2384 interim
1725 2340 1907 2401 utpote
1945 2334 2106 2387 etiam
2152 2332 2281 2387 ail‘e-

713 2430 859 2474 ctum
912 2420 1115 2475 habens
1141 2433 1264 2490 erga
1296 2436 1390 2475 cos
1413 2422 1608 2477 (uibus
1641 2424 1929 2487 ministrat,
1956 2436 2005 2478 et
2032 2425 2282 2479 condolet

711 2526 819 2581 per
841 2510 1154 2582 patientiam
1183 2526 1304 2580 qua:
1326 2513 1590 2581 promissa
1627 2524 1752 2568 sunt
1790 2530 2033 2584 sperans.
2066 2515 2280 2571 Intuere

713 2602 879 2658 etiam
908 2601 1059 2667 illttd,
1091 2600 1138 2656 si
1165 2600 1304 2656 forte
1329 2603 1504 2666 aptari
1540 2614 1718 2672 potest
1751 2605 1837 2659 illa
1878 2620 1978 2657 vox
2014 2605 2162 2658 Pauli
2197 2607 2281 2661 his

712 2692 806 2762 qui
857 2692 980 2745 licet
1014 2706 1117 2744 non
1171 2690 1439 2757 volentes,
1474 2706 1571 2760 pro
1600 2692 1873 2747 voluntate
1929 2704 2104 2747 tamen
2168 2696 2280 2763 ejus

712 2781 801 2849 qui
827 2782 1072 2851 subjecit,
1092 2790 1144 2835 et
1171 2797 1269 2851 pro
1299 2781 1776 2850 repromissionum
1803 2796 1898 2853 spe
1927 2781 2034 2853 (lii)
2058 2786 2278 2838 vanitati

716 2874 941 2941 subjecti
980 2882 1127 2939 sunt,
1152 2888 1252 2941 qua
1283 2872 1359 2927 ait
1390 2889 1405 2926 :

789 2965 1057 3018 «Κάλλιον
1078 2964 1461 3031 ἀναλῦσαιῌῖ)
1613 2986 1630 3017 ι
1696 2966 1948 3037 Optarem
2000 2968 2143 3022 enim
2194 2981 2278 3021 re-

713 3062 805 3113 καὶ
864 3061 957 3113 σὺν
1005 3059 1221 3131 Χριστῷ
1287 3053 1459 3112 εἶναι’
1536 3060 1691 3124 solvi,
1725 3060 1807 3115 vel
1837 3060 2029 3124 redire,
2069 3070 2122 3114 ct
2160 3073 2281 3114 esse

712 3153 889 3223 πολλῷ
916 3154 1019 3225 γὰρ
1052 3153 1248 3223 μᾶλλον
1281 3155 1463 3225 κρεῖσ-
1533 3167 1653 3205 cum
1742 3151 1959 3207 Christo
1992 3168 2008 3218 ;
2114 3152 2279 3205 multo

714 3260 833 3300 GN'
871 3264 890 3295 ι
918 3246 1119 3314 νομίζω
1144 3246 1249 3317 γὰρ
1273 3248 1354 3299 ὅτι
1377 3246 1463 3298 λέ·
1533 3246 1677 3297 enim
1701 3244 1892 3298 melius
1921 3242 2050 3315 (18).
2082 3261 2100 3294 ι
2144 3242 2277 3297 Ρυιο

711 3356 795 3407 γοι
824 3337 889 3393 ἄν
912 3339 940 3390 ὁ
962 3339 1107 3409 ἣλιος
1126 3356 1137 3367 ·
1174 3359 1191 3389 ι
1235 3339 1463 3393 Κάλλιιν
1534 3340 1674 3392 enim
1698 3340 1823 3408 quia
1841 3339 2087 3420 similiter
2110 3341 2277 3408 possit

712 3431 973 3486 ἀναλῦσαι
1000 3432 1095 3485 καὶ
1124 3434 1219 3486 σὺν
1246 3434 1416 3503 Χριστ
1436 3431 1464 3501 ζ)
1534 3437 1696 3487 etiam
1717 3438 1794 3489 sol
1811 3435 1989 3488 dicere
2008 3436 2127 3503 quia
2148 3456 2165 3485 ι
2186 3438 2279 3503 0p-

1537 3538 1706 3583 tarem
1739 3528 1928 3582 rescivi
1948 3528 2025 3583 vel
2045 3530 2215 3583 redire
2228 3538 2283 3583 et

1540 3640 1658 3680 esse
1680 3640 1800 3681 cum
1819 3624 2037 3680 Christo
2056 3642 2069 3679 :
2114 3625 2281 3679 multo

1538 3721 1679 3773 enim
1713 3718 1922 3773 melius.
1973 3738 1990 3770 ι
2041 3718 2103 3772 Et
2148 3716 2282 3772 Pau-

1541 3815 1621 3870 lus
1654 3816 1868 3885 quidem
1904 3815 2051 3869 addit
2082 3833 2095 3870 ε
2138 3813 2283 3869 (Sed

1541 3922 1855 3976 permanere
1882 3908 1934 3962 in
1964 3924 2127 3963 carne
2167 3922 2282 3962 ma-

1539 3998 1620 4068 gis
1653 4000 2017 4053 necessarium
2068 4008 2285 4068 propter

1543 4106 1635 4145 vos
1670 4092 1743 4157 “;
1787 4110 1803 4142 ι
1846 4091 1924 4146 sol
1958 4107 2083 4147 vero
2112 4102 2285 4161 potest

1542 4184 1721 4238 dicere
1765 4201 1780 4238 :
1826 4182 2149 4259 Permanere
2193 4200 2287 4237 au-

1543 4283 1647 4327 tem
1682 4276 1733 4330 in
1767 4276 1867 4330 hoc
1899 4275 2101 4330 cmlesti
2130 4286 2183 4330 et
2204 4277 2287 4328 lu-

1543 4367 1662 4420 cido
1682 4380 1906 4435 corpore
1924 4367 2091 4436 magis
2107 4380 2287 4420 neres-

710 3524 880 3583 εἶναι·
919 3528 1096 3599 πολλῷ
1138 3528 1244 3601 γὰρ
1284 3532 1465 3601 κρεῖσ-

716 3643 823 3679 σον.
857 3646 873 3677 ι
898 3627 1006 3679 Καὶ
1031 3628 1059 3679 ὁ
1092 3627 1189 3697 μὲν
1214 3625 1417 3689 Παῦλος
1447 3642 1459 3655 ·

716 3736 734 3767 ι
779 3717 934 3769 Ἀλλὰ
964 3717 1023 3769 τὸ
1068 3716 1343 3788 ἐπιμένειν
1397 3719 1462 3788 τῇ

712 3811 872 3878 σαρκὶ
924 3810 1344 3881 ἀναγκαιότερον
1400 3810 1467 3862 δι’

714 3900 874 3969 ὑμᾶς’
904 3919 923 3950 ι
944 3902 972 3951 ὁ
990 3902 1045 3953 δὲ
1068 3901 1237 3970 ἥλιος,
1256 3901 1328 3953 Τὸ
1353 3904 1468 3954 ἐπι-

718 3997 896 4067 μένειν
921 3996 997 4066 τῷ
1023 3997 1120 4067 οὑρ
1137 3997 1255 4067 ;.νίῳ
1293 3996 1467 4068 τούτῳ

716 4086 925 4157 σώματι
954 4088 1369 4157 ἀναγκαιότερον
1386 4088 1471 4140 διὰ

728 4187 819 4256 τὴν
862 4180 1198 4246 ἀποκάλυψιν
1239 4178 1346 4231 τῶν
1388 4178 1476 4228 τέ-

730 4371 866 4427 αὐτὶι
906 4368 994 4420 καὶ
1042 4364 1167 4431 περὶ
1220 4362 1481 4432 σελήνης,

732 4460 822 4511 καὶ
844 4454 1093 4527 περὶτῶν
1112 4452 1311 4506 λοιπῶν
1334 4452 1482 4505 ἀστέ-

734 4568 840 4619 ρων
870 4548 1106 4601 λεκτέον.

787 4687 831 4718 ³³
866 4686 1013 4741 Eccl.
1041 4702 1078 4751 ι,
1103 4688 1151 4752 1,
1181 4687 1266 4743 14.
1345 4687 1387 4718 ³³
1418 4685 1574 4743 Rom.
1601 4703 1715 4750 vtu,
1740 4689 1830 4741 ‘20.

1542 4460 1765 4525 sarium,
1779 4470 1995 4530 prepter
2011 4458 2292 4513 revelatio-

1548 4568 1669 4606 nem
1690 4552 1917 4606 ﬁliorum
1948 4550 2057 4605 Dei.
2094 4550 2289 4605 Eadem

1905 4686 1950 4717 ιι
1982 4685 2172 4756 Philip.
2205 4702 2241 4752 ι,
2269 4688 2357 4755 es,
2384 4690 2472 4745 et.

2388 670 2675 724 Videamus
2701 685 2841 725 nunc
2865 685 2983 739 qua:
3000 666 3069 723 sit
3092 672 3252 725 etiam
3285 672 3505 728 libertas
3534 684 3818 740 creatum,
3843 656 3960 752 7‘,

2384 763 2469 815 vel
2518 778 2638 832 quae
2681 764 2950 817 absolutio
2989 764 3285 818 servitutis.
3316 766 3446 821 Cum
3478 769 3760 823 tradiderit
3787 771 3953 826 Chri—

2384 866 2499 912 stus
2532 873 2751 924 regnum
2788 858 2894 913 Dco
2918 869 2971 912 et
3010 857 3181 924 Patri,
3206 871 3329 917 tunc
3360 875 3522 917 etiam
3562 864 3661 918 ista
3701 866 3951 920 animari-

2387 950 2455 1001 tia
2489 965 2611 1003 cum
2646 952 2795 1016 prius
2819 965 3040 1021 regnum
3066 952 3263 1008 Christi
3308 955 3505 1009 fuerint
3527 953 3743 1023 elTec'ta,
3789 957 3956 1015 simul

2382 1056 2507 1095 cum
2567 1045 2711 1095 omni
2778 1059 2940 1115 regno
2992 1045 3154 1099 etiam
3188 1046 3331 1099 Patri
3390 1050 3657 1119 regnauda
3696 1048 3805 1122 (l9)
3835 1061 3953 1106 tra-

2397 1135 2618 1199 dentur;
2642 1145 2697 1188 ut
2729 1150 2848 1189 cum
2873 1137 3011 1192 Deus
3048 1137 3151 1191 erit
3179 1138 3357 1218 omnia
3388 1140 3440 1194 in
3476 1142 3750 1209 omnibus,
3781 1144 3954 1197 etiam

2386 1225 2487 1277 ista
2517 1241 2635 1277 cum
2665 1227 2776 1279 sint.
2802 1241 2866 1280 ex
2898 1227 3177 1293 omnibus,
3216 1227 3289 1281 sit
3331 1239 3384 1283 ct
3409 1230 3460 1282 in
3491 1229 3608 1283 istis
3638 1232 3776 1286 Deus
3811 1232 3960 1289 sicut

2387 1318 2437 1370 itt
2473 1318 2740 1373 omnibus.

2946 1410 3175 1468 CAPUT
3216 1411 3357 1466 Vill.

2910 1497 2983 1550 De
3035 1499 3234 1568 angelis
3288 1499 3422 1570 (20).

2455 1590 2505 1643 1.
2540 1587 2715 1642 Simili
2753 1602 2963 1662 quoque
3006 1592 3217 1644 ratione
3253 1592 3416 1645 etiam
3446 1590 3515 1644 de
3547 1590 3751 1660 angelis
3798 1599 3959 1646 uten—

2381 1687 2507 1736 dum
2549 1692 2700 1750 puto,
2734 1697 2832 1736 nec
2866 1681 3284 1737 existimandum
3310 1683 3561 1752 quoniam
3595 1682 3819 1739 fortuito
3865 1698 3963 1739 ac-

2381 1774 2546 1838 cidat,
2576 1782 2629 1827 ut
2667 1772 2737 1825 illi
2762 1773 2952 1843 angelo
2981 1773 3107 1828 illud
3142 1773 3452 1845 injungatnr
3492 1773 3724 1828 cilicium
3757 1792 3771 1829 :
3800 1775 3959 1829 verbi

2381 1866 2578 1937 gratia,
2618 1876 2673 1919 ut
2704 1865 2812 1938 (2i)
2848 1866 3120 1936 Raphaclo
3157 1866 3385 1921 curandi
3423 1877 3477 1920 et
3511 1866 3752 1919 tuedendi
3793 1880 3962 1933 Opus,

2381 1958 2632 2013 Gabriclo
2658 1959 2921 2011 bellorum
2946 1960 3302 2028 providentia,
3334 1958 3598 2012 Michaelo
3643 1958 3962 2013 mortalium

2382 2064 2569 2118 preces
2598 2049 3123 2119 supplicationesque
3158 2062 3371 2102 curare.
3413 2047 3536 2103 llaec
3568 2049 3713 2102 enim
3765 2045 3960 2101 ofﬁcia

2381 2143 2745 2212 promeruisse
2780 2156 2872 2195 eos
2903 2156 3006 2194 non
3047 2139 3202 2196 aliter
3232 2140 3527 2208 putandum
3556 2149 3661 2203 est,
3695 2152 3860 2208 quam
3888 2154 3961 2192 ex

2382 2236 2497 2291 suis
2532 2247 2799 2305 quemque
2860 2231 3066 2286 meritis
3098 2240 3152 2285 et
3185 2247 3281 2300 pro
3335 2232 3530 2285 studiis
3557 2246 3621 2285 ac
3664 2231 3966 2285 virtutibus

2381 2342 2499 2395 quae
2523 2335 2647 2379 ante
2674 2324 2854 2379 mundi
2882 2322 3041 2391 hujus
3070 2336 3388 2392 compagem
3435 2324 3724 2391 gesserint,
3770 2340 3966 2379 susro-

2382 2420 2544 2489 pisse.
2572 2416 2707 2470 Tum
2739 2415 2932 2469 deinde
2963 2415 3072 2487 (22)
3103 2416 3153 2467 in
3200 2413 3583 2482 arehaugelico
3608 2415 3799 2470 ordine
3822 2416 3966 2471 illud

2384 2510 2463 2565 vel
2498 2509 2624 2563 illud
2670 2509 2833 2563 ofﬁcii
2880 2523 3047 2579 genus
3094 2506 3386 2574 unicuique
3427 2505 3776 2575 deputatum;
3822 2508 3971 2563 alios

2386 2618 2511 2658 vero
2562 2604 2613 2657 in
2667 2601 2979 2671 angelorum
3047 2600 3233 2653 ordine
3285 2598 3554 2652 meruisse
3607 2598 3862 2665 describi,
3906 2610 3972 2654 et

2382 2710 2542 2765 agere
2574 2694 2673 2748 sub
2702 2693 2791 2747 illo
2820 2693 2901 2745 vei
2934 2692 3025 2745 illo
3060 2690 3407 2761 archangelo,
3439 2690 3520 2745 vel
3556 2690 3647 2743 illo
3675 2690 3833 2755 duce,
3874 2692 3971 2743 vel

2383 2785 2625 2854 principe
2682 2782 2890 2839 ordinis
2949 2783 3050 2837 sui.
3102 2781 3231 2849 Qua:
3301 2780 3521 2845 omnia,
3578 2789 3636 2834 ut
3677 2779 3811 2847 dixi,
3853 2797 3970 2835 non

2384 2878 2605 2931 fortuito
2638 2886 2802 2945 atque
2840 2876 3131 2930 indiscrete
3158 2915 3172 2939 ,
3215 2876 3309 2929 sed
3360 2875 3643 2943 aptissimo
3668 2884 3723 2928 et
3761 2874 3969 2943 justis—

2383 2969 2518 3023 simo
2543 2966 2634 3022 Dei
2663 2967 2869 3037 judicio
2896 2967 3144 3020 ordinata
3176 2975 3303 3021 sunt
3326 3005 3343 3031 ,
3382 2976 3435 3018 et
3464 2981 3563 3036 pro
3614 2965 3823 3020 tuentis
3854 2967 3973 3021 dis-

2382 3062 2556 3131 posita
2607 3061 2721 3129 ipso
2760 3058 3039 3129 judicante
3096 3068 3150 3111 et
3195 3057 3482 3127 probante;
3527 3066 3579 3111 ut
3620 3056 3693 3110 illi
3738 3058 3971 3125 quidem

2381 3158 2572 3230 angelo
2607 3158 2959 3227 Ephesiorum
2988 3154 3251 3211 committi
3288 3153 3524 3210 Ecclesia
3556 3154 3843 3217 debeat”,
3885 3156 3970 3209 illi

2384 3268 2512 3308 vero
2544 3250 2632 3305 alii
2669 3248 3116 3321 Smyrnensinm,
3146 3257 3199 3300 et
3228 3246 3315 3301 ille
3364 3247 3580 3315 quidem
3633 3246 3863 3315 angelus
3910 3257 3973 3301 ut

2383 3346 2451 3400 sit
2482 3343 2660 3409 Petri,
2711 3342 2849 3397 alius
2888 3355 3014 3395 vero
3044 3349 3099 3393 ut
3122 3338 3191 3393 sit
3228 3337 3406 3403 Pauli;
3449 3348 3561 3391 tum
3598 3336 3813 3391 demum
3871 3354 3974 3407 [ιι-ι·

2384 3436 2621 3505 singulos
2652 3435 2999 3489 minimarum
3036 3431 3123 3499 qui
3162 3440 3286 3484 sunt
3320 3432 3369 3483 in
3409 3429 3672 3492 Ecclesia,
3734 3431 3828 3498 qui
3885 3431 3973 3485 vel

2384 3528 2472 3597 qui
2506 3526 2703 3582 ascribi
2741 3527 2855 3595 (‘23)
2883 3524 3107 3595 singulis
3158 3524 3390 3579 debeant
3419 3522 3619 3592 angeli,
3666 3523 3757 3592 qui
3792 3523 3971 3578 etiam

2386 3622 2629 3689 quotidie
2651 3619 2866 3673 videant
2898 3617 3089 3674 faciem
3116 3619 3203 3672 Dei
3230 3636 3245 3682 ;
3272 3618 3365 3672 sed
3390 3625 3445 3671 et
3469 3617 3591 3685 quis
3616 3617 3815 3671 debeat
3841 3631 3973 3671 es~e

2389 3688 2723 3781 angelusqui
2768 3711 3066 3765 circumdet
3094 3710 3143 3762 iu
3183 3708 3414 3762 circuitu
3445 3708 3747 3760 timentium
3768 3707 3969 3761 Deum.

2388 3804 2517 3871 Qua:
2548 3802 2732 3872 utique
2761 3800 2942 3853 omnia
2994 3815 3098 3853 non
3139 3814 3292 3861 casu,
3331 3812 3505 3867 neque
3546 3799 3772 3852 fortuito
3819 3800 3970 3869 geri,

2391 3910 2563 3965 neque
2596 3895 2723 3963 quia
2753 3892 3070 3947 naturaliter
3106 3890 3239 3943 tales
3268 3889 3395 3943 facti
3424 3897 3582 3952 sunt,
3634 3889 3972 3943 existiman-

2389 3989 2512 4043 dum
2552 3992 2653 4047 est,
2693 4000 2758 4038 ne
2796 3985 2956 4037 etiam
2988 3984 3040 4036 in
3073 3983 3171 4036 hoc
3215 3980 3437 4035 factoris
3494 3978 3838 4048 iuthualitas
3872 3994 3972 4035 ai-

2390 4088 2639 4143 cusetur;
2672 4077 2764 4132 sed
2798 4092 2895 4145 pro
2925 4070 3131 4128 uteriiis
3155 4082 3208 4127 et
3230 4072 3522 4126 virtutibus
3542 4086 3609 4126 ac
3642 4086 3740 4139 pro
3774 4073 3974 4125 unius-

2392 4172 2651 4242 cujusque
2677 4169 2787 4241 (24)
2812 4170 2998 4239 vigore
3014 4166 3304 4237 etingenio
3320 4165 3522 4220 deferri
3546 4180 3574 4219 a
3590 4164 3899 4234 justissima
3915 4178 3969 4219 et

2391 4265 2701 4334 aequissimo
2734 4264 3073 4318 moderatore
3094 4260 3334 4315 omnium
3359 4257 3685 4314 credendum
3712 4268 3797 4312 est
3826 4258 3946 4319 Deo

2462 4373 2519 4427 2.
2554 4373 2625 4427 De
2654 4373 2737 4427 his
2764 4386 2891 4425 vero
2916 4368 3005 4439 qui
3047 4378 3267 4423 naturas
3312 4382 3435 4422 esse
3466 4368 3736 4435 spiritales
3770 4370 3971 4427 diver-

2396 4479 2484 4520 sas
2508 4462 2794 4526 aﬂirmant,
2826 4460 3027 4531 aliquid
3054 4460 3298 4512 dicamus
3325 4457 3459 4529 (25),
3492 4473 3560 4513 ne
3604 4460 3747 4513 forte
3773 4461 3973 4515 incur-

2400 4570 2581 4609 ramus
2620 4554 2675 4607 in
2710 4552 2829 4606 illas
2856 4536 3061 4621 ineptas
3090 4558 3246 4620 atque
3279 4550 3468 4619 impias
3518 4550 3724 4631 fabulas
3769 4566 3970 4608 eorum

2550 4688 2593 4720 ³⁸
2621 4687 2791 4758 Apoc.
2814 4702 2869 4742 ιι.

787 4800 897 4868 (li)
930 4799 1001 4876 l_o_
1024 4802 1173 4857 libris
1227 4804 1387 4876 editis
1428 4805 1576 4859 deest
1613 4823 1630 4856 ι
1670 4812 1939 4876 creatura.
1984 4821 2002 4854 ι
2040 4813 2093 4876 et
2147 4803 2275 4875 legi-
2309 4786 2355 4843 Ι)
2388 4804 2501 4876 Μοχ
2537 4819 2668 4859 mss.
2712 4822 2730 4855 ι
2774 4814 2831 4857 ιιι
2865 4820 2983 4858 cum
3026 4804 3165 4859 Deus
3198 4804 3302 4876 erit
3326 4804 3515 4876 omnia
3544 4804 3599 4857 in
3627 4802 3888 4876 omnibus
3944 4823 3965 4855 ι

717 4880 805 4923 tur
836 4889 906 4944 εί(
947 4873 1035 4925 Illa
1065 4873 1334 4944 praecipue
1375 4890 1492 4943 qua)
1526 4876 1709 4944 utique
1739 4874 2030 4928 maximum
2081 4874 2131 4927 in
2178 4873 2277 4929 huc

718 4943 915 5015 mundo
944 4944 1153 5015 obtinet
1189 4943 1544 5015 principatum
1574 4943 1751 5015 operis
1780 4945 1862 4999 sui
1890 4962 1904 5009 ;
1934 4956 1987 4999 et
2024 4944 2109 4997 illa
2159 4960 2278 5013 quae

715 5014 949 5091 egregia,
988 5014 1035 5065 id
1060 5025 1141 5091 est
1172 5018 1247 5067 sol
1283 5027 1334 5070 et
1368 5014 1512 5081 iuna,
1546 5036 1562 5068 ι
1595 5014 1699 5070 etc.
1740 5015 1795 5070 In
1828 5032 1958 5072 mss.
1986 5015 2191 5085 .legitur
2220 5025 2277 5069 ut

721 5097 773 5133 tu
812 5093 995 5136 nostro
1031 5093 1112 5137 tes
1124 5096 1197 5137 ιιι.

789 5152 900 5229 (15)
942 5153 1033 5229 _Sic
1073 5170 1234 5229 mss._
1263 5155 1416 5229 Alias
1470 5175 1486 5206 ι
1549 5156 1836 5229 quomodo.
1893 5175 1909 5207 I
1972 5157 2109 5229 Mox;
2145 5168 2273 5209 mss.

720 5237 747 5293 cf
788 5224 1189 5293 prmnittentcm
1221 5224 1304 5277 his
1331 5228 1419 5293 qui
1450 5224 1859 5279 nonvoluntate
1896 5227 2112 5280 vanitati
2149 5229 2276 5280 sub-

718 5291 999 5363 debantur.
1052 5310 1069 5341 ι
1105 5292 1159 5344 ιιι
1218 5291 1356 5346 libb.
1398 5298 1555 5349 editis
1610 5311 1709 5363 pro
1748 5314 1767 5346 ‹
1810 5298 2209 5363 promittentem
2253 5314 2270 5345 ι

717 5358 949 5414 habetur
986 5379 1004 5411 ι
1040 5364 1383 5431 promittens,
1424 5384 1442 5415 ι
1476 5375 1530 5417 et
1559 5358 1705 5420 deest
1736 5383 1755 5418 ι
1802 5358 2043 5421 vanitati.
2078 5385 2098 5418 ι

788 5430 897 5504 (lg)
932 5431 1022 5504 Sic
1044 5430 1188 5485 mss.
1214 5432 1370 5504 Libb.
1400 5436 1550 5504 editi,
1583 5438 2053 5504 LJ’lel‘OtlliSSiOllc
2082 5437 2213 5504 spei.
2254 5456 2271 5487 ι

786 5500 897 5567 (17)
938 5499 1201 5556 Κάλλιον
1230 5503 1527 5556 ἀναλῦσαι
1552 5544 1567 5567 ,
1619 5499 1723 5559 θιρξ
1755 5505 1876 5559 llaec
1908 5562 1911 5566 Α
1938 5499 2199 5561 habeniur
2225 5508 2275 5559 in

713 5570 861 5625 calce
886 5573 1125 5641 epistola}
1153 5570 1437 5626 Justiniani
1475 5575 1811 5641 imperatoris
1842 5577 1904 5627 ad
1933 5577 2158 5631 Menam.

784 5642 897 5708 (l8)
941 5640 1076 5693 Puto
1112 5644 1246 5695 enim
1284 5645 1406 5711 quia
1439 5640 1679 5696 similiter
1707 5646 1866 5710 possit
1897 5648 2051 5699 etiam
2079 5647 2158 5700 sol
2186 5648 2263 5699 di-

712 5726 825 5763 cere
853 5713 979 5779 quin
1020 5722 1252 5777 Optarent
1301 5714 1481 5767 resolvi
1550 5714 1628 5766 vel
1687 5716 1853 5765 redire
1896 5726 1941 5766 et
1983 5734 2091 5770 esse
2154 5734 2269 5769 cum

711 5781 950 5853 gliristo;
969 5782 1130 5853 multo
1150 5786 1284 5835 enim
1316 5786 1522 5838 melius.
1558 5782 1620 5835 Et
1646 5781 1845 5836 Paulus
1868 5786 2075 5853 quidem
2099 5790 2271 5839 addit.

711 5850 835 5904 llasc
851 5853 901 5903 in
920 5851 1051 5905 edit.
1067 5853 1203 5905 male
1226 5859 1423 5908 onussa
1446 5856 1733 5908 restituunt
1754 5850 1938 5907 omnes
1955 5855 2163 5909 codices
2178 5874 2277 5909 ms.

800 5928 908 5998 (19)
955 5927 1079 5983 Mss.
1115 5945 1133 5980 ι
1174 5928 1463 6001 regnanda.
1515 5947 1532 5979 ι
1568 5928 1685 5983 Lib.
1733 5929 1858 5984 editi
1906 5947 1921 5981 ι
1966 5934 2214 6000 regenda.
2254 5952 2271 5981 ι

2385 4875 2439 4928 lu
2474 4877 2632 4930 editis
2670 4876 2821 4930 deest
2854 4894 2873 4927 ι
2922 4877 3125 4929 omnia.
3168 4893 3186 4926 ι
3227 4873 3423 4927 Ibidem
3475 4889 3610 4927 mss.
3647 4890 3664 4920 ι
3702 4872 3770 4923 sit
3814 4884 3874 4924 et
3912 4876 3969 4925 in

2386 4948 2501 5001 istis
2524 4946 2663 5001 Deus
2680 4946 2819 5000 sicut
2843 4946 2897 4999 in
2922 4946 3190 5000 omnibus.
3222 4964 3239 4995 ι
3265 4942 3319 4996 1ιι
3345 4944 3506 4995 editis
3542 4943 3689 4994 deest
3716 4957 3734 4990 ι
3755 4940 3925 4997 sicut.
3943 4963 3963 4994 ι

2453 5039 2567 5110 (20)
2603 5038 2677 5110 De
2706 5038 2925 5108 angelis.
2966 5037 3104 5110 Quid
3133 5039 3199 5110 de
3227 5034 3431 5110 angelis
3459 5032 3709 5099 epinatus
3737 5030 3967 5110 5110Γὶ-

2383 5102 2566 5177 genes,
2608 5102 3416 5177 disquiritur‘0rigeuian.,ilib.
3447 5102 3810 5177 It_.‘qu‘:esl._5.

2455 5170 2567 5248 (‘21)
2608 5170 2723 5234 111ε’
2741 5187 2888 5248 utet
2916 5170 3080 5248 paulo
3125 5181 3241 5248 post
3266 5192 3269 5194 ν
3296 5186 3391 5239 pro
3428 5170 3742 5248 t__Rapltaeli
3771 5212 3784 5238 ,
3845 5172 3965 5248 ρει-

2384 5241 2559 5314 brieli,
2604 5247 2887 5311 Michaeli,
2916 5241 2945 5299 ἰ
2985 5246 3175 5314 legitur
3231 5242 3282 5294 in
3327 5241 3575 5295 omnibus
3598 5257 3724 5297 mss.
3778 5260 3798 5294 ι
3848 5243 3969 5298 Ra-

2384 5311 2599 5389 phaclo,
2630 5316 2900 5379 Gabrielo,
2938 5311 3219 5367 Micitaelu.
3252 5329 3270 5361 ι

2455 5410 2687 5479 (2‘2)'Sic
2714 5424 2841 5463 mss.
2866 5406 3035 5479 Alias,
3066 5420 3085 5455 ι
3119 5403 3423 5479 suscepisse
3459 5410 3637 5459 tamen
3670 5404 3893 5461 deinde.
3937 5424 3960 5459 ι

2477 5472 2568 5547 25)
2604 5480 2696 5547 Sic
2730 5493 2857 5530 mss.
2893 5476 3062 5547 Alias,
3096 5491 3115 5525 ι
3153 5472 3441 5547 conscribi.
3490 5493 3510 5527 ι
3800 5543 3823 5547 _
3858 5546 3883 5547 Ὗ
3950 5546 3957 5547 7
4026 5544 4029 5547 _

2474 5543 2565 5618 21)
2602 5546 2705 5600 Pro
2751 5546 3175 5613 uniuscujusque.
3228 5543 3322 5618 Sic
3374 5557 3562 5601 omnes
3613 5560 3772 5618 mss._
3800 5543 3985 5618 Libri"

2384 5612 2511 5673 editi
2548 5612 2565 5668 ξ
2613 5619 2848 5684 praemiis
2896 5612 3178 5685 cujusque.
3217 5632 3235 5665 ι
3278 5612 3394 5666 Mox
3432 5630 3562 5672 mss.
3613 5636 3631 5667 ι
3688 5632 3714 5667 a
3752 5614 3964 5683 justis-

2383 5693 2520 5743 simo
2559 5698 2611 5739 et
2654 5684 2972 5755 mammia
3015 5684 3368 5739 moderatore.
3418 5704 3436 5737 ι
3495 5687 3553 5741 1ιι
3615 5686 3746 5742 libb.
3784 5686 3963 5739 editis

2386 5761 2534 5813 deest
2567 5775 2585 5808 ι
2623 5767 2676 5810 et
2702 5758 3020 5825 aequissimo.
3063 5775 3080 5807 ι

2460 5850 2571 5919 (‘25)
2607 5849 2677 5903 De
2704 5850 2783 5903 his
2817 5864 2934 5902 vero
2969 5848 3057 5919 qui
3088 5857 3304 5903 naturas
3344 5867 3454 5904 esse
3488 5847 3749 5915 spiritales
3780 5849 3965 5903 diver-

2385 5946 2468 5983 sas
2497 5928 2755 5996 afﬁrmant
2794 5926 2994 5995 aliquid
3030 5928 3282 5982 dicamus.
3316 5928 3439 5985 llaec
3472 5929 3675 5985 desunt
3709 5928 3768 5986 in
3798 5929 3960 5989 librae
