4118 6308
226 404 349 464 ΓΠ

223 523 332 593 qui
363 529 584 578 naturas
621 522 893 593 spirita-les
926 523 1170 580 diversas
1200 532 1248 578 et
1279 524 1346 579 ob
1388 524 1489 580 hoc
1521 539 1546 578 a
1580 524 1807 580 diversis
1838 527 1878 583 Α

223 632 258 669 c
285 614 608 671 inditoribus
633 617 930 684 institutas,
949 624 1054 670 tam
1072 617 1124 671 in
1140 617 1448 674 cmlestibus
1464 633 1624 688 quam
1643 618 1803 673 etiam

228 707 378 759 inter
393 708 601 761 animas
617 707 890 762 hominum
915 709 1149 777 ﬁngunt;
1171 709 1296 763 dum
1326 717 1378 763 et
1406 709 1498 762 uni
1523 710 1805 778 eidemque

220 807 260 852 c
283 797 501 851 inditori
521 799 759 854 diversas
776 809 994 855 naturas
1013 800 1408 855 rationabilium
1427 810 1802 856 creaturarum

221 890 397 943 ascrif
424 890 438 944 i
468 891 676 945 videtur
707 893 1020 958 absurdum,
1051 894 1190 947 sicut
1218 907 1340 946 vere
1369 894 1661 948 absurdum
1697 904 1802 956 est,

223 987 286 1032 et
317 994 536 1034 causam
565 990 745 1036 tamen
776 983 890 1051 ejus
927 985 1258 1042 diversitatis
1313 988 1585 1055 ignorant.
1635 986 1803 1041 Aiunt

221 1072 380 1123 enim
422 1089 757 1143 consequens
789 1091 894 1130 non
941 1078 1111 1132 videri
1164 1087 1221 1132 ut
1265 1096 1402 1135 unus
1451 1089 1612 1148 atque
1664 1080 1800 1134 idem

221 1164 484 1218 conditor
519 1165 663 1220 nulla
691 1174 938 1222 exstante
973 1183 1138 1223 causa
1182 1170 1524 1236 meritorum,
1553 1169 1674 1226 aliis
1705 1185 1800 1239 po-

222 1265 484 1310 Iestalem
518 1257 901 1314 dominationis
941 1260 1214 1330 injungat,
1248 1261 1381 1315 alios
1421 1261 1669 1328 subjiciat
1709 1264 1801 1318 do—

224 1346 590 1412 minantibus,
637 1349 758 1404 aliis
796 1351 998 1404 tribuat
1036 1350 1416 1420 principatum,
1465 1352 1599 1407 alios
1624 1353 1802 1421 subje—

221 1445 352 1492 etos
383 1437 542 1493 faciat
573 1440 906 1510 principibus
937 1457 1075 1497 esse.
1130 1442 1252 1509 ριιξῖ
1285 1442 1468 1511 utique
1500 1446 1701 1506 omnia,
1744 1454 1802 1497 ut

221 1545 336 1598 ego
387 1533 660 1598 existimo,
725 1535 1110 1602 consequentia
1151 1534 1376 1588 rationis
1423 1534 1579 1612 hujus
1637 1549 1797 1604 quam

217 1638 393 1691 supra
445 1626 829 1694 exposuimus,
876 1627 1145 1696 redarguit
1190 1633 1349 1695 atque
1397 1625 1659 1693 confutat,
1706 1643 1800 1696 per

218 1730 391 1781 quam
418 1731 578 1771 causa
599 1718 933 1790 diversitatis
963 1733 1026 1772 ac
1046 1719 1320 1774 varietatis
1347 1721 1400 1773 in
1424 1721 1650 1790 singulis
1675 1722 1795 1789 qui-

217 1808 438 1877 hosque
483 1809 748 1864 creaturis
807 1810 1107 1864 ostenditur
1148 1825 1212 1864 ex
1261 1810 1497 1878 ipsarum
1565 1810 1796 1865 motibus

216 2007 359 2056 tem,
397 1992 480 2045 vel
506 1993 801 2047 secundum
849 1992 1144 2058 malitiam,
1189 2008 1294 2045 non
1324 2007 1386 2044 ex
1434 1992 1796 2061 dispensantis

215 2086 596 2155 inaequalitate
627 2087 976 2142 descendere.
1029 2086 1135 2141 Sed
1175 2102 1280 2155 quo
1316 2086 1525 2142 facilius
1561 2090 1673 2144 haec
1725 2092 1794 2142 ita

210 2193 345 2232 esse
376 2179 429 2231 in
461 2179 771 2233 cmiestibus
813 2188 1209 2248 agnoscantur,
1239 2179 1305 2234 de
1353 2180 1436 2233 his
1475 2195 1595 2250 qua:
1653 2181 1797 2234 inter

213 2273 471 2327 homines
516 2284 666 2343 gesta
734 2286 901 2340 sunt,
951 2274 1033 2328 vel
1097 2285 1396 2343 gerantur,
1453 2274 1794 2343 proferamus

209 2365 470 2434 exempla
508 2406 524 2432 ,
585 2374 645 2419 ut
690 2375 1091 2435 consequenter
1136 2372 1200 2420 es
1233 2366 1566 2432 ,visibilibus
1633 2351 1793 2421 etiam

212 2456 523 2515 invisibilia
577 2455 1012 2524 contemplemur
1089 2455 1222 2529 (26).
1282 2455 1506 2509 Paulum
1557 2455 1640 2509 vel
1697 2455 1794 2508 l’e-

212 2559 369 2601 trum
421 2548 540 2603 sine
593 2549 758 2605 dubio
813 2549 1074 2619 Spiritalis
1134 2558 1343 2603 natura:
1388 2546 1554 2602 fuisse
1607 2546 1814 2600 conlir-'

212 2649 395 2696 mant.
449 2640 579 2694 Cum
642 2656 773 2711 ergo
822 2653 1010 2696 contra
1066 2641 1318 2708 pietatem
1384 2639 1580 2695 Paulus
1621 2642 1793 2708 egisse

210 2733 565 2795 inveniatur,
632 2735 685 2788 in
731 2747 793 2788 eo
859 2733 1004 2803 quod
1077 2743 1393 2803 persecutus
1453 2741 1538 2788 est
1611 2732 1768 2787 Eccle

207 2828 361 2880 siam
411 2824 500 2878 Dei
526 2824 598 2891 ³⁸;
642 2839 872 2894 cumque
926 2823 1120 2879 Petrus
1176 2835 1454 2894 peccatum
1485 2836 1590 2878 tam
1632 2836 1806 2896 grave

206 2913 572 2978 commiserit,
597 2924 653 2966 ut
677 2912 867 2984 ancilla
902 2915 1124 2968 ostiaria
1164 2915 1530 2982 interrogante
1581 2931 1638 2969 se
1669 2931 1789 2971 cum

202 3006 525 3075 juramento
550 3005 838 3060 affirmarit
867 3007 1073 3062 nescire
1107 3023 1164 3062 se
1210 3008 1331 3077 quis
1365 3008 1434 3062 sit
1461 3008 1788 3081 Christus”;

206 3101 489 3170 quomodo
517 3099 606 3155 isti
647 3099 738 3171 qui
771 3101 1072 3156 secundum
1101 3099 1219 3154 illos
1250 3100 1518 3170 Spirizales
1547 3112 1694 3170 sunt,
1737 3105 1787 3157 in

207 3202 438 3261 peccata
483 3193 788 3262 bujusmodi
845 3203 1202 3248 corruerunt:
1251 3193 1484 3247 maxime
1535 3211 1656 3249 cum
1704 3211 1792 3251 so-

209 3283 366 3338 Ieant
418 3283 726 3353 frequenter
777 3300 1020 3340 asserere
1047 3283 1155 3356 (‘27)
1194 3293 1247 3339 ct
1295 3286 1471 3340 dicere
1529 3288 1782 3355 quoniam

212 3398 232 3429 ι
275 3393 384 3433 non
414 3388 588 3448 potest
611 3379 774 3433 arbor
801 3380 940 3433 bona
980 3379 1148 3434 malos
1201 3379 1407 3434 fructus
1454 3382 1724 3438 facere"?
1759 3404 1808 3443 ι,

211 3471 282 3523 Et
308 3471 354 3525 si
382 3471 568 3538 utique
598 3472 765 3526 arbor
819 3471 955 3526 bona
996 3487 1097 3526 non
1128 3481 1304 3540 potest
1357 3473 1564 3531 fructus
1613 3476 1784 3531 malos

208 3561 420 3627 facere,
453 3563 746 3617 secundum
784 3566 928 3632 ipsos
953 3581 1079 3621 vero
1106 3567 1172 3621 de
1203 3567 1384 3621 radice
1427 3568 1581 3622 bonae
1621 3569 1780 3623 arbo-

210 3653 292 3706 ris
317 3663 472 3706 erant
503 3652 696 3708 Petrus
727 3666 779 3707 et
817 3653 1033 3718 Paulus,
1076 3657 1344 3723 quomodo
1387 3659 1520 3712 istos
1572 3659 1779 3714 fructus

211 3755 324 3798 tam
353 3746 619 3815 pessimos
645 3748 890 3802 attulisse
930 3751 1150 3817 putandi
1191 3750 1359 3804 sunt?
1410 3749 1561 3816 Quod
1611 3753 1653 3808 si
1697 3769 1782 3806 rc-

210 3839 537 3906 sponderint
565 3856 626 3894 ea
656 3856 774 3910 qua:
799 3842 1128 3897 comminisci
1169 3846 1364 3910 solent,
1405 3845 1656 3914 quoniam
1684 3856 1814 3900 non‘

209 3930 416 3986 Paulus
472 3942 789 4000 persecutus
840 3944 952 4000 est,
987 3937 1080 3990 sed
1129 3936 1267 3991 alius
1316 3937 1498 3990 nescio
1533 3937 1652 4005 quis
1698 3939 1786 4005 qni

208 4033 330 4078 erat
357 4024 410 4078 in
446 4024 642 4087 Paulo;
675 4041 847 4097 neque
877 4027 1065 4082 Petrus
1098 4029 1332 4099 negavit,
1376 4029 1466 4084 sed
1509 4028 1646 4082 alius
1691 4045 1787 4083 nc-

209 4115 360 4185 gavit
382 4113 496 4186 (28)
528 4115 580 4168 in
613 4115 812 4171 Petro:
841 4133 1012 4186 quare
1055 4117 1252 4172 Paulus
1283 4117 1329 4172 si
1356 4118 1485 4172 nihil
1529 4135 1787 4188 peccave-

211 4215 316 4267 rat,
344 4206 480 4259 dixit
507 4208 631 4275 quia
676 4225 694 4257 ι
736 4204 850 4260 Νοιι
882 4224 998 4262 sum
1026 4207 1220 4274 dignus
1249 4209 1430 4262 vocari
1486 4209 1782 4277 apestolus,

206 4297 463 4364 quoniam
491 4307 806 4365 persecutus
840 4297 1277 4353 suni.Eeclesiam
1309 4298 1398 4352 Dei
1415 4299 1478 4351 ”.
1512 4317 1530 4349 ›
1557 4299 1665 4354 Cur
1684 4316 1782 4353 au-

209 4397 317 4440 tem
345 4397 400 4441 et
425 4386 619 4443 Petrus
651 4387 758 4442 alio
784 4398 1045 4457 peccante
1079 4391 1190 4458 ipse
1221 4389 1368 4443 ﬂevit
1406 4389 1785 4444 amarissime?

1610 406 1812 466 UBER
1849 406 2120 464 PRIMOS.

1815 3254 1856 3310 C

3373 418 3475 480 178

1979 523 2030 576 5.
2064 524 2368 579 Secundum
2405 538 2502 580 nos
2530 538 2656 579 vero
2686 524 2817 580 nihil
2853 534 2936 583 est
2971 527 3024 582 in
3063 527 3211 583 omni
3236 530 3477 594 rationa-

1914 613 2000 666 bili
2034 627 2306 680 creatura,
2359 617 2500 686 quod
2558 634 2663 672 non
2718 629 2823 672 tam
2867 620 2992 674 boni
3045 632 3204 690 quam
3246 623 3366 676 tnali
3406 627 3476 678 sit

1912 718 2097 771 capax.
2131 705 2236 761 Sed
2272 722 2375 761 non
2406 708 2687 772 continuo,
2713 710 2833 777 quia
2864 711 3096 767 dicimus
3125 713 3238 782 (‘29)
3279 713 3477 766 nullam

1909 809 2028 848 esse
2058 807 2305 851 naturam
2332 813 2453 868 qua:
2485 814 2589 853 non
2622 801 2789 868 possit
2842 802 3083 870 recipere
3132 803 3350 870 malum,
3393 803 3479 857 id-

1910 888 2056 940 circo
2096 888 2483 943 confirmamus
2518 904 2733 945 omnem
2773 903 3018 946 naturam
3060 895 3329 964 recepisse
3362 911 3478 948 ma-

1910 978 2040 1042 lum,
2074 979 2125 1032 id
2167 988 2247 1034 est
2277 980 2470 1036 malam
2509 981 2788 1049 eﬂ‘ectam;
2827 985 2965 1039 sicut
2990 996 3070 1040 est
3099 988 3276 1041 dicere
3336 990 3480 1059 quod

1908 1072 2083 1125 omnis
2125 1072 2358 1127 hominis
2397 1084 2589 1128 natura
2645 1077 2849 1145 recepit
2890 1088 2947 1130 nt
2987 1081 3155 1146 possit
3202 1079 3476 1148 navigare,

1911 1180 2012 1217 non
2057 1173 2235 1217 tamen
2268 1180 2332 1219 ex
2362 1180 2427 1220 eo
2458 1166 2619 1220 etiam
2661 1169 2837 1223 omnis
2877 1169 3036 1223 homo
3074 1169 3376 1236 narigabit;
3422 1181 3478 1225 et

1910 1258 2100 1312 iterum
2126 1258 2270 1316 omni
2313 1257 2648 1344 homini15
2692 1261 2943 1329 possibile
2970 1263 3276 1318 cstdiscere
3306 1274 3473 1318 artem

1907 1351 2313 1419 grammaticam
2338 1351 2420 1405 vel
2449 1354 2797 1418 medicinam,
2825 1369 2929 1408 non
2965 1363 3142 1410 tamen
3161 1355 3365 1410 idcirco
3385 1371 3476 1411 os-

1908 1441 2140 1494 tenditur
2169 1442 2342 1496 onmis
2372 1443 2562 1507 homo,
2595 1443 2678 1498 Vel
2708 1445 2947 1500 medicus
2998 1461 3136 1512 esse,
3184 1449 3264 1502 vel
3298 1464 3476 1516 grant-

1907 1536 2135 1587 maticus
2167 1553 2179 1587 :
2211 1537 2280 1588 ita
2320 1536 2362 1590 si
2395 1536 2627 1590 dicimus
2668 1537 2867 1591 nullam
2903 1554 3026 1594 esse
3077 1551 3323 1593 naturam
3357 1557 3475 1609 quae

1907 1641 2008 1679 non
2046 1626 2211 1695 possit
2258 1626 2502 1696 recipere
2563 1628 2784 1695 malum,
2825 1646 2927 1683 non
2975 1639 3150 1685 tamen
3217 1633 3474 1686 continuo

1905 1718 2066 1770 etiam
2100 1719 2366 1786 recepisse
2397 1719 2596 1771 malum
2641 1719 2978 1790 designatur.
3038 1724 3340 1777 Secundum
3374 1741 3472 1778 nos

1861 1850 1866 1851 ν
1905 1822 2131 1880 uanique
2146 1826 2208 1865 ne
2221 1812 2464 1866 diabolus
2484 1812 2698 1881 quidem
2715 1815 2827 1883 ipse
2847 1816 3071 1885 ineaan
3087 1809 3318 1872 fuitb’oni
3335 1815 3468 1890 (50):

218 1899 308 1950 vel
340 1901 759 1965 ardentioribus,
790 1900 869 1955 vel
899 1887 1249 1970 pigrioribus,
1289 1903 1582 1955 secundum
1627 1903 1792 1954 virtu-
1829 1892 1866 1946 Β

1898 1920 1999 1958 non
2069 1915 2244 1958 tamen
2298 1905 2501 1960 idcirco
2553 1907 2675 1975 quia
2727 1910 2896 1978 potuit
2954 1911 3190 1979 recipere
3249 1910 3469 1977 bonum,

1896 1997 2058 2052 etiam
2117 1995 2306 2063 voluit,
2355 1998 2438 2051 vel
2472 1999 2657 2053 virtuti
2689 2014 2910 2069 operam
2953 2002 3113 2057 dedit.
3147 2001 3296 2057 Sicut
3327 2004 3470 2058 enim

1898 2103 1994 2157 per
2044 2089 2154 2142 haec
2206 2104 2324 2158 quae
2379 2091 2444 2144 de
2497 2091 2776 2159 prophetis
2829 2092 3075 2160 exempla
3125 2094 3468 2161 protulimus,

1897 2181 2179 2245 cdocetur,
2214 2180 2317 2233 fuit
2353 2181 2646 2249 aliquando
2703 2181 2900 2245 bonus,
2948 2198 3069 2236 cum
3122 2185 3172 2238 in
3221 2185 3474 2254 paradiso

1897 2273 1990 2325 Dei
2026 2272 2078 2326 in
2116 2273 2292 2328 medio
2325 2273 2608 2326 cherubim
2639 2262 2974 2329 versaretur.
3003 2273 3155 2330 Sicut
3193 2291 3324 2346 ergo
3366 2278 3468 2333 iste

1899 2364 2084 2417 habuit
2118 2365 2332 2432 quidem
2363 2366 2412 2418 in
2449 2381 2506 2421 se
2533 2366 2617 2418 vel
2648 2367 2862 2422 virtutis
2889 2369 3210 2435 recipienda:
3242 2371 3322 2423 vel
3349 2387 3466 2425 nia-

1899 2455 2020 2509 litia:
2050 2455 2381 2519 facultatem,
2408 2463 2461 2509 et
2491 2472 2518 2508 a
2544 2456 2746 2512 virtute
2771 2457 3047 2514 declinans
3072 2471 3178 2515 tota
3209 2475 3268 2536 se
3291 2473 3469 2516 mente

1896 2548 2161 2602 convertit
2209 2547 2274 2616 ad
2324 2547 2522 2600 malum
2565 2566 2578 2602 :
2617 2549 2689 2602 ita
2741 2550 2903 2605 etiam
2961 2561 3163 2606 caetera:
3204 2535 3468 2609 creatura:

1896 2656 2016 2694 cum
2048 2640 2332 2710 utriusque
2367 2639 2602 2696 habeant
2647 2640 2959 2698 facultatem
2981 2686 2995 2711 ,
3044 2660 3141 2714 pro
3171 2646 3377 2700 arbitrii
3407 2647 3469 2702 li-

1896 2733 2101 2788 bertate
2164 2733 2431 2802 fugientes
2480 2731 2700 2798 malum,
2754 2735 3032 2790 adhaerent
3081 2739 3242 2792 bono.
3307 2737 3464 2794 Nulla

1881 2825 2058 2894 igitur
2082 2833 2271 2880 natura
2298 2834 2380 2880 est
2408 2840 2526 2897 qna:
2565 2833 2673 2894 n‘pn
2725 2827 2951 2897 recipiat
3006 2830 3204 2884 bonum
3235 2832 3317 2886 vel
3349 2847 3465 2885 ina-

1896 2917 2026 2983 lum,
2051 2927 2278 2986 excepta
2313 2918 2405 2972 Dei
2438 2917 2629 2988 natura
2657 2935 2775 2989 qua:
2803 2921 3064 2976 bonorum
3087 2924 3324 2978 omnium
3349 2925 3467 2979 fons

1893 3020 2006 3074 cst,
2043 3019 2099 3064 et
2131 3009 2364 3074 Christi;
2408 3010 2673 3079 sapientia
2739 3012 2884 3067 enim
2929 3022 3031 3085 est,
3089 3026 3144 3069 et
3199 3015 3466 3084 sapientia

1897 3103 2079 3169 utique
2112 3098 2400 3155 stultitiam
2460 3099 2700 3168 recipere
2743 3117 2848 3156 non
2893 3112 3070 3170 potest
3107 3103 3216 3176 (3i)
3248 3119 3262 3157 :
3297 3113 3351 3160 et
3377 3105 3467 3172 ju-

1892 3195 2036 3249 sritia
2068 3203 2177 3260 est;
2200 3190 2409 3261 justitia
2439 3199 2617 3245 autem
2663 3209 2932 3264 nunquam
2977 3194 3218 3263 profecto
3252 3195 3466 3264 injusti-

1893 3292 2020 3346 tiain
2050 3288 2262 3358 capiet:
2293 3294 2347 3341 et
2367 3283 2618 3344 .Verbum
2649 3297 2764 3350 est,
2792 3286 2877 3340 vel
2910 3288 3068 3354 ratio,
3115 3303 3235 3357 qua:
3276 3288 3466 3358 utique

1889 3381 2276 3438 irrationabilis
2311 3381 2451 3436 efﬁci
2507 3396 2612 3433 non
2662 3387 2858 3447 potest.
2892 3377 2998 3434 Sed
3038 3388 3090 3434 et
3127 3379 3216 3434 lux
3250 3389 3364 3444 est,
3409 3389 3466 3433 ct

1886 3477 2058 3530 lucem
2089 3484 2294 3528 certum
2348 3482 2434 3528 est
2481 3473 2628 3541 quod
2662 3472 2896 3525 tenebrat
2945 3487 3050 3526 non
3100 3475 3459 3542 comprehen-

1887 3571 2038 3623 dant.
2098 3566 2365 3622 Similiter
2418 3581 2634 3635 quoque
2674 3576 2729 3618 et
2771 3563 2962 3619 natura
3004 3565 3237 3634 Spiritus
3285 3569 3458 3624 sancti

1882 3675 2001 3728 qua:
2033 3669 2220 3714 sancta
2277 3667 2380 3722 est,
2424 3671 2528 3710 non
2579 3655 2771 3724 recipit
2809 3655 3200 3724 pollutionem;
3236 3662 3458 3708 natura-

1891 3755 2013 3807 liter
2038 3753 2205 3816 enim,
2241 3751 2324 3806 vel
2360 3748 2794 3805 substantialiter
2856 3736 3044 3802 sancta
3096 3756 3198 3801 est.
3247 3746 3302 3801 Si
3354 3763 3458 3815 qua

1888 3856 2068 3920 autem
2131 3844 2231 3898 alia
2299 3852 2490 3897 natura
2555 3851 2740 3896 sancta
2806 3851 2918 3909 est,
2973 3856 3040 3895 ex
3091 3843 3460 3912 assumptione

1891 3943 1991 3993 hoc
2018 3937 2153 4011 (52),
2194 3937 2280 3991 vel
2315 3935 2667 4006 inspiratione
2706 3936 2942 4004 Spiritus
2980 3935 3150 3989 sancti
3198 3935 3360 3988 habet
3401 3943 3458 3988 ut

1890 4028 2282 4093 sanctificetur,
2315 4041 2421 4080 non
2451 4040 2516 4079 ex
2552 4041 2646 4079 sua
2681 4035 2874 4079 natura
2904 4027 3005 4081 hoc
3037 4027 3334 4095 possidens,
3362 4027 3455 4080 sed

1888 4118 2144 4173 accidens
2175 4116 2299 4183 sibi,
2330 4125 2552 4185 propter
2577 4118 2722 4183 quod
2748 4126 2802 4170 et
2829 4117 3079 4172 decidere
3109 4128 3286 4187 potest
3312 4120 3452 4188 quod

1889 4209 2103 4263 accidit.
2124 4209 2200 4263 Ita
2218 4209 2894 4277 etaccidentemjustitiam
2913 4212 3032 4278 quis
3048 4210 3242 4266 habere
3257 4219 3456 4278 potest,

1891 4300 2030 4355 unde
2049 4309 2104 4354 et
2128 4300 2378 4355 decidere
2424 4314 2542 4354 eam
2589 4299 2844 4367 possibile
2887 4312 2986 4354 est.
3020 4300 3122 4354 Sed
3157 4310 3212 4356 et
3248 4301 3460 4369 sapien-

1892 4392 2019 4444 tiam
2054 4392 2174 4459 quis
2202 4391 2539 4446 accidentem
2600 4389 2951 4445 nihilominus
2997 4392 3177 4459 habet,
3213 4393 3457 4460 quamvis

208 4476 286 4529 Ex
321 4491 430 4546 quo
451 4492 644 4532 omnes
689 4478 906 4555 quidem
943 4477 1155 4533 illorum
1203 4478 1417 4549 ineptia:
1470 4488 1782 4550 arguentur.
1820 4473 1862 4527 D
1893 4481 1945 4533 in
1977 4490 2159 4534 nostra
2203 4483 2434 4549 positum
2487 4484 2559 4536 sit
2607 4491 2904 4550 potestate,
2957 4483 3140 4537 studio
3195 4492 3377 4537 nostro
3404 4489 3459 4534 et

289 4713 532 4770 "Galat.
561 4730 600 4780 ι,
625 4713 712 4768 15.
789 4715 831 4746 ³⁷
867 4713 1051 4769 Matth.
1081 4730 1227 4777 xxvt,
1251 4713 1340 4769 72.

202 4882 366 4926 antea
405 4872 586 4934 editis,
639 4872 734 4926 sed
787 4871 1053 4925 habentur
1101 4872 1152 4923 in
1188 4871 1438 4925 omnibus
1490 4886 1618 4927 mss.
1653 4871 1785 4926 Per-

205 4944 424 5013 stringit
478 4945 583 4998 hoc
619 4944 736 5013 loco
788 4941 1062 5013 Origenes
1096 4939 1498 5013 Valentinianos
1552 4957 1779 5010 quorum

208 5010 444 5081 ineptias
493 5014 653 5067 refert
720 5010 952 5066 lrcnzeus
1010 5010 1102 5065 lib.
1159 5026 1173 5064 t
1225 5011 1482 5063 Adversus
1537 5013 1780 5074 Ita'reses,

207 5099 331 5151 cap.
364 5083 412 5140 6.
451 5083 615 5138 Paulo
669 5083 805 5137 infra
844 5098 970 5136 mss.
1013 5100 1032 5133 ‹
1086 5090 1140 5134 et
1176 5094 1393 5135 causam
1444 5091 1618 5135 tamen
1667 5084 1783 5147 ejus

208 5154 543 5208 diversitatis
592 5157 861 5223 ignorant.
889 5170 916 5223 γι
953 5151 1092 5206 Editi
1154 5165 1302 5215 vero,
1339 5166 1358 5200 ι
1395 5161 1447 5203 et
1486 5166 1649 5206 causa
1695 5160 1778 5204 ta-

211 5237 336 5291 men
377 5223 493 5290 ejus
524 5222 859 5278 diversitatis
887 5222 1188 5291 ignoratur.
1226 5241 1243 5273 ι

281 5289 498 5360 (26)]ιθ
533 5309 662 5346 mss.
696 5293 867 5358 Alias,
898 5289 1398 5361 (contemplemur.
1445 5309 1462 5342 ι
1499 5289 1617 5343 Mox
1654 5290 1782 5345 libb.

211 5362 368 5424 editi,
402 5379 421 5410 ι
488 5363 750 5429 spiritalis
815 5373 1019 5416 natura:
1078 5363 1427 5417 confirmant.
1478 5362 1610 5414 Cum
1657 5377 1785 5431 ergo

213 5431 386 5503 multa
407 5443 600 5503 contra
631 5433 920 5503 pietatem.
945 5450 962 5484 ι
999 5431 1126 5487 Mss.
1161 5444 1217 5503 ut
1246 5433 1297 5484 itt
1327 5443 1511 5487 uestro
1545 5440 1712 5484 textu.

282 5500 397 5564 (27)
434 5498 593 5554 Libb.
624 5498 776 5564 editi,
814 5521 833 5553 ι
876 5500 1225 5557 disserere.»

285 5568 399 5638 βε)
436 5568 540 5622 Sed
575 5568 713 5624 alius
749 5571 972 5638 negavit.
1006 5570 1129 5626 llaec
1165 5574 1358 5627 desunt
1387 5573 1440 5625 in
1472 5580 1629 5626 antea
1668 5570 1782 5625 edi-

216 5639 306 5698 tis.
338 5639 604 5693 habentur
637 5649 818 5692 autem
848 5641 1063 5707 invmss.
1330 5703 1332 5705 ν

288 5709 400 5775 (29)
433 5707 562 5762 Mss.
599 5727 616 5757 ι
662 5709 909 5762 dicimus.
942 5729 960 5762 ι
996 5709 1351 5775 ιιὶὶιὶ).,ει1ἱιί,
1392 5730 1409 5762 ι
1451 5712 1702 5766 diximus.
1757 5730 1777 5762 ι

217 5777 386 5832 Paulo
417 5778 559 5832 infra
589 5778 718 5832 libb.
741 5779 894 5842 eJiti,
927 5797 945 5829 ι
994 5793 1098 5832 non
1131 5789 1314 5835 tamen
1344 5797 1409 5838 ex
1435 5797 1500 5839 eo
1529 5792 1582 5840 et
1608 5783 1782 5838 omnis

219 5847 511 5919 navigabit.
555 5865 576 5900 υ
605 5846 735 5905 Mrs.
769 5861 832 5903 ut
859 5849 914 5904 in
945 5857 1129 5906 nostro
1159 5857 1324 5906 textu.
1367 5921 1373 5928 _

1415 4715 1458 4746 ³⁸
1488 4715 1800 4783 Mattli.-vtt,
1829 4719 1909 4772 18.

1990 4714 2030 4746 ⁸³
2063 4717 2074 4766 Ι
2102 4715 2225 4766 Cor.
2253 4730 2342 4778 xv,
2369 4715 2420 4768 9.

1967 4869 2080 4938 ('50)
2114 4867 2192 4920 Ne
2240 4857 2481 4920 diabolus
2518 4869 2737 4938 quidem
2788 4869 2892 4934 ipre
2920 4869 3144 4936 incupaa:
3181 4869 3280 4937 fuit
3310 4869 3452 4926 bom.

1893 4937 2054 4995 Aliud
2086 4939 2225 5009 forte
2257 4938 2385 4989 vidit
2418 4938 2470 4990 in
2500 4937 2690 5009 timeo
2723 4939 3083 5006 llieronymus
3115 4940 3203 5006 qui
3256 4943 3306 4992 in
3337 4941 3447 5009 epi-

1891 5010 2032 5064 stola
2067 5008 2130 5062 ad
2166 5009 2380 5059 Avitum
2429 5007 2596 5060 refert
2626 5006 2909 5076 Origenem
2960 5009 3253 5064 asseruisse
3291 5027 3308 5059 ι
3336 5006 3446 5062 dia-

1891 5081 2070 5133 bolum
2109 5092 2212 5130 non
2251 5077 2560 5144 incapacem
2591 5091 2710 5131 esse
2740 5078 2977 5140 virtutis,
3029 5090 3082 5131 et
3112 5090 3287 5132 tamen
3329 5095 3452 5133 nec-

1889 5152 2014 5202 dum
2034 5148 2164 5200 velle
2191 5160 2384 5214 capere
2412 5147 2682 5211 virtutem,
2709 5167 2728 5200 i
2759 5153 2908 5216 quasi
2937 5149 3451 5204 innueretAdatnan-

1891 5221 1996 5273 tius
2030 5219 2142 5271 fore
2188 5227 2243 5268 ut
2290 5216 2580 5285 aliquando
2612 5218 2738 5271 velit
2789 5218 3033 5274 diabolus
3062 5234 3253 5286 capere
3284 5220 3451 5270 virtu-

1895 5300 2020 5344 tem.
2055 5289 2184 5360 Vide
2214 5285 2652 5360 Origenianorum
2685 5289 2778 5343 lib.
2808 5303 2868 5354 It,
2900 5299 3089 5357 quaest.
3111 5285 3165 5353 5,
3197 5305 3339 5342 num.
3364 5288 3446 5349 ll,

1896 5358 2207 5422 12.13,”.
2306 5417 2311 5420 _

1964 5429 2075 5500 (51)
2107 5429 2410 5500 ὃὶοῄοιηιιεε
2440 5425 2596 5500 codd.
2631 5443 2758 5500 mss.
2788 5426 2926 5500 Editi
2957 5445 3083 5483 vero
3115 5448 3146 5482 :-
3167 5448 3182 5478 ι
3210 5439 3266 5500 et
3294 5425 3450 5500 Chri-

1894 5503 1960 5551 Sll
1997 5496 2279 5566 sapientia.
2327 5496 2616 5566 Sapientia:
2647 5499 2790 5550 enim
2821 5498 2939 5552 fons
2965 5509 3020 5551 et
3044 5499 3307 5566 sapientia
3343 5497 3449 5548 nti-

1892 5582 2019 5634 que,
2046 5565 2071 5619 »ί
2099 5578 2206 5623 etc.
2258 5566 2460 5620 Ibidem
2497 5565 2625 5620 libb.
2651 5569 2778 5621 editi
2820 5586 2834 5621 :
2870 5587 2887 5618 ι
2911 5579 2963 5622 et
2986 5565 3190 5634 justitia
3219 5577 3300 5621 est
3329 5581 3450 5634 qua:

1887 5651 2163 5707 nunquam
2217 5638 2462 5706 proiecto
2493 5635 2808 5703 injustitiain
2840 5640 3037 5706 capiet.
3064 5658 3082 5691 ι
3130 5639 3233 5692 Sed
3261 5650 3448 5690 omnes

1890 5722 2021 5760 mss.
2053 5707 2191 5778 utin
2227 5718 2411 5778 nostro
2447 5715 2616 5778 textu.
2768 5775 2810 5778 __
2942 5754 2945 5756 _
3270 5776 3277 5778 _
3411 5771 3418 5778 ι

1959 5778 2070 5847 (52)
2103 5777 2254 5847 Libb.
2281 5777 2430 5836 editi,
2487 5798 2500 5825 ι
2529 5777 2660 5828 hare.
2688 5796 2706 5827 ι
2767 5775 2885 5829 Mox
2927 5793 3084 5845 m:.s.,
3134 5799 3152 5832 ι
3189 5776 3280 5834 sed
3313 5775 3450 5829 acci-

1889 5848 2022 5904 dens
2052 5846 2175 5904 sibi.
2202 5866 2221 5899 ι
2261 5847 2318 5901 In
2350 5848 2480 5903 edit.
2512 5848 2663 5902 deest
2697 5867 2715 5899 ι
2740 5848 2861 5903 sibi.
2890 5871 2912 5902 ι
