4118 6308
759 341 870 406 "9
1976 352 2135 409 ORIG
2144 351 2278 409 ΕΝΙΕ

2383 354 2489 408 ΕΡί
2523 354 2752 410 ΑΡΧΩΝ
3853 353 3943 412 180

755 464 884 517 vitae
914 462 1132 528 merito,
1160 464 1204 520 si
1235 467 1510 536 sapientiae
1542 467 1762 535 operam
1804 467 2021 532 damus,
2050 467 2191 523 effici
2229 483 2316 521 sa-
2343 467 2390 524 Α
2416 475 2540 521 sunt
2570 468 2786 537 gradus.
2826 465 2888 521 Et
2919 474 3002 522 est
3029 464 3163 521 alter
3197 465 3310 539 (39)
3341 466 3594 522 iste'ordo
3628 465 3948 523 rationabilis

758 553 986 625 pientes,
1009 565 1063 612 et
1098 559 1142 612 si
1167 573 1377 629 semper
1398 561 1448 615 id
1477 562 1639 617 studii
1665 576 1914 632 geramus
1939 562 2084 634 (33),
2108 571 2325 632 semper
2419 567 2678 613 creaturae
2711 556 2846 628 (40).
2893 558 2983 626 qui
3027 571 3086 612 se
3106 625 3108 627 g
3130 557 3199 612 ita
3231 571 3472 626 praeceps
3517 557 3768 626 nequitia;
3793 556 3948 623 dedit,

757 646 1038 717 sapientia:
1066 646 1502 719 'participemus,
1549 661 1604 706 et
1644 653 1696 708 id
1744 653 1898 708 nobis
1943 653 2024 708 vel
2069 654 2190 722 plus
2232 649 2315 707 vel
2417 660 2476 703 ut
2511 653 2753 707 revocari
2791 652 2924 707 nolit
2957 651 3125 722 magis
3147 667 3306 722 quam
3336 667 3440 707 non
3472 653 3660 722 possit,
3691 652 3816 706 dum
3851 659 3951 706 see-

757 736 936 792 tuinus
955 738 1183 804 accidat,
1210 739 1322 794 sive
1355 755 1452 810 pro
1488 743 1679 798 merito
1702 742 1849 809 vita,
1894 743 2008 797 sive
2036 758 2132 811 pro
2154 741 2312 797 studii
2415 741 2588 795 ternm
2641 739 2822 798 rabies
2869 742 2980 811 jam
3021 740 3183 795 libido
3213 752 3316 804 est,
3346 751 3401 795 et
3435 743 3684 798 delectat.
3747 741 3948 796 Tertius

755 832 1075 897 quantitate.
1110 832 1422 900 Benignitas
1450 835 1591 888 enim
1620 834 1715 890 Dei
1749 833 2042 890 secundum
2070 834 2211 905 quod
2254 849 2314 890 se
2413 845 2542 886 vero
2576 841 2841 886 creatura:
2865 831 3230 887 rationabilis
3257 835 3388 887 ordo
3415 843 3498 888 est
3529 841 3715 888 earum
3741 848 3858 902 quae
3889 833 3947 887 ad

754 921 970 994 dignum
995 934 1100 990 est,
1141 935 1395 994 provocat
1418 929 1619 992 omnia,
1656 935 1709 980 et
1737 926 1960 981 attrahit
1983 927 2049 980 ad
2095 927 2309 980 beatum
2412 921 2708 976 humanum
2759 936 2930 991 genus
2959 923 3268 991 replendum
3297 929 3431 991 apta:
3453 922 3763 989 iudicantur
3789 938 3819 976 a
3851 923 3949 978 Deo

754 1009 915 1067 tinem
942 1013 1086 1068 illum
1109 1054 1124 1079 ,
1155 1013 1244 1068 ubi
1282 1013 1480 1068 decidit
1507 1024 1561 1069 et
1586 1014 1792 1086 aufugit
1831 1015 2007 1070 omnis
2047 1015 2225 1080 dolor,
2255 1023 2309 1069 et
2411 1010 2548 1078 (tl),
2579 1011 2630 1065 id
2661 1021 2742 1066 est
2769 1011 2963 1066 animae
2994 1013 3294 1079 hominum,
3339 1027 3436 1081 per
3466 1015 3766 1082 profectum
3795 1014 3948 1068 etiam

753 1102 995 1170 tristitia,
1034 1114 1088 1160 et
1118 1105 1349 1174 gemitus
1389 1105 1524 1177 (54),
2412 1100 2463 1153 in
2488 1100 2635 1154 illum
2665 1102 2778 1174 (42)
2801 1104 3116 1172 angelorum
3141 1104 3381 1158 ordinem
3409 1115 3726 1173 assumpta;
3751 1119 3817 1159 es
3839 1105 3949 1174 qui.

818 1194 876 1247 t.
912 1193 1048 1249 Puto
1067 1209 1219 1264 ergo,
1252 1198 1550 1251 secundum
1579 1199 1719 1266 quod
1753 1199 1880 1253 mihi
1906 1200 2136 1261 videtur,
2164 1193 2326 1268 quod
2407 1191 2510 1245 bus
2537 1193 2797 1260 quosdam
2851 1195 3096 1248 videmus
3137 1195 3362 1259 assumi,
3410 1194 3529 1249 illos
3576 1195 3823 1250 videlicet
3864 1197 3946 1265 qui

753 1288 1064 1359 praecedens
1109 1288 1406 1358 disputatio
1441 1287 1766 1344 sufficienter
1815 1290 2132 1353 ostenderit,
2164 1291 2304 1359 quod
2407 1279 2500 1334 filii
2539 1281 2630 1334 Dei
2662 1279 2790 1336 facti
2821 1281 3043 1348 fuerint,
3080 1283 3162 1336 vel
3189 1282 3284 1336 filii
3321 1284 3747 1349 resurrectionis,
3780 1285 3862 1338 vel
3897 1285 3946 1339 hi

751 1397 859 1436 non
905 1379 1197 1435 indiscreta
1229 1380 1310 1434 vel
1360 1378 1585 1433 fortuito
1611 1379 1790 1449 aliquo
1820 1395 1945 1436 casu
1980 1379 2062 1433 vel
2093 1380 2304 1449 prinei-
2404 1372 2494 1439 qui
2526 1372 2915 1442 dereliqueriitt
2947 1374 3218 1442 tenebras,
3265 1386 3318 1430 et
3353 1376 3638 1431 dilexerinl
3666 1377 3862 1441 lucem,
3899 1387 3948 1432 et

747 1481 907 1544 patus
932 1481 1148 1528 teneant
1169 1473 1554 1542 principatum,
1583 1473 1662 1525 vel
1691 1471 1872 1527 caeteri
1898 1472 2118 1528 ordines
2144 1487 2300 1527 suum
2403 1464 2530 1518 facti
2561 1464 2760 1527 fuerint
2794 1464 2887 1519 lilii
2924 1464 3088 1531 lucis;
3146 1466 3228 1522 vel
3275 1467 3325 1521 hi
3355 1469 3448 1537 qui
3479 1483 3693 1524 omnem
3720 1485 3946 1538 pugnam

749 1566 977 1634 quisque
1007 1565 1268 1619 sortiatur
1291 1552 1524 1619 cilicium
1552 1561 1682 1634 (35),
1711 1565 1803 1620 sed
1833 1580 1928 1634 pro
1957 1566 2162 1620 metitis
2185 1565 2278 1620 sui:

2401 1562 2737 1623 superantes,
2783 1564 2836 1609 et
2867 1555 3076 1624 pacifici
3104 1553 3301 1620 eli'eeti,
3335 1557 3428 1610 lilii
3473 1559 3621 1626 pacis
3648 1567 3700 1613 et
3731 1559 3823 1612 filii
3861 1559 3946 1615 Dei

750 1658 980 1725 gradum
1016 1655 1295 1724 dignitatis
1345 1653 1509 1722 hujus.
1549 1655 1723 1719 adepti
1752 1664 1895 1719 sunt,
1941 1654 2066 1711 licet
2092 1671 2198 1712 non
2227 1657 2298 1710 sit
2397 1645 2640 1730 fuerit";
2694 1646 2775 1702 νοΙ
2821 1647 2910 1716 (illi
2958 1648 3341 1704 morliﬁcanles
3391 1652 3635 1704 membra
3693 1667 3785 1706 sua
3837 1669 3950 1723 qua:

749 1755 989 1804 nostrum
1024 1745 1106 1799 vel
1133 1746 1297 1809 scire,
1347 1745 1428 1799 vel
1463 1759 1705 1814 quaerere
1730 1746 1821 1815 qui
1858 1746 1932 1800 illi
1980 1755 2133 1802 actus
2176 1747 2278 1802 fue-

2398 1747 2525 1793 sunt
2573 1753 2733 1808 super
2787 1747 3010 1812 terram,
3057 1749 3112 1794 ct
3147 1742 3588 1797 transcendentes
3620 1758 3724 1796 non
3778 1743 3946 1798 solum

749 1837 860 1891 rint
890 1851 990 1906 per
1037 1850 1171 1904 quos
1220 1835 1273 1888 in
1305 1836 1462 1888 istum
1494 1836 1736 1889 ordinem
1767 1837 1950 1891 venire
1984 1839 2295 1892 meruerint.
2329 1818 2371 1874 Β
2401 1843 2715 1898 cor-porcam
2773 1839 3045 1896 naturam,
3098 1846 3282 1884 verum
3333 1833 3493 1887 etiam
3545 1834 3737 1888 anima:
3784 1835 3948 1903 ipsius

748 1927 852 1981 sed
892 1927 991 1981 ιιοο
1027 1936 1227 1980 tantum
1281 1927 1422 1980 scire
1455 1924 1564 1996 (56)
1591 1923 1786 1980 sumcit
1835 1925 1901 1979 ad
1955 1926 2045 1980 Dei
2073 1928 2299 1996 aquila-
2403 1916 2681 1987 ambiguos
2716 1918 3044 1990 fragilesque
3081 1931 3256 1976 motus
3293 1923 3635 1992 adjnnxerint
3677 1939 3736 1978 se
3771 1925 3952 1978 Domi-

745 2027 855 2074 tem
904 2027 957 2072 et
984 2017 1246 2087 juStitiam
1285 2016 1782 2082 demonstrandam,
1831 2017 1954 2084 quia
2002 2019 2294 2072 secundum
2399 2025 2489 2073 no,
2520 2009 2646 2064 facti
2679 2025 2742 2065 ex
2798 2013 3004 2084 integro
3035 2015 3278 2080 spiritus,
3318 2025 3376 2068 ut
3405 2015 3514 2070 sint
3538 2031 3658 2070 cum
3693 2018 3781 2072 illo
3813 2033 3949 2072 unus

746 2109 1070 2162 sententiam
1122 2107 1350 2178 apostoli
1399 2105 1551 2160 Pauli
1602 2125 1620 2157 ι
1645 2119 1999 2175 personarum
2051 2108 2297 2177 acceptio
2398 2102 2620 2172 spiritus
2652 2119 2886 2172 semper,
2920 2119 3040 2158 eum
3066 2108 3207 2174 'ipso
3246 2106 3453 2174 singula
3489 2121 3712 2176 quaeque
3743 2109 3946 2163 discer-

745 2214 852 2255 non
883 2208 966 2255 est
1001 2199 1143 2269 apud
1175 2200 1338 2252 Deum
1363 2199 1430 2264 “,
1456 2217 1474 2250 ι
1507 2200 1600 2267 qui
1646 2198 1822 2266 potius
1845 2199 2026 2253 omnia
2058 2215 2156 2269 pro
2183 2216 2295 2256 me-
2398 2203 2608 2261 nentes,
2665 2210 2941 2264 usquequo
2989 2197 3304 2264 perveniant
3353 2198 3406 2251 in
3455 2198 3567 2252 .hoc
3609 2209 3667 2252 ut
3710 2198 3950 2267 perfecte

745 2292 868 2346 ritis
898 2291 1232 2362 singulorum
1281 2289 1720 2360 profectibusque
1763 2290 2057 2358 dispensat.
2112 2289 2294 2362 Neque
2396 2284 2571 2340 eﬂ'ecti
2617 2287 2892 2356 spiritales
2939 2290 3119 2342 omnia
3181 2289 3495 2343 diseernant
3541 2305 3636 2358 per
3679 2291 3779 2345 hoc
3835 2291 3948 2360 (£3)

744 2398 871 2453 ergo
902 2383 1216 2452 angelorum
1239 2381 1470 2436 omcium
1501 2382 1604 2436 nisi
1629 2397 1693 2435 cx
1721 2383 1914 2436 merito
1941 2393 2168 2449 constat,
2199 2400 2296 2438 ne-
2395 2377 2538 2446 quod
2566 2378 2618 2431 in
2650 2378 2792 2431 onmi
2847 2379 3138 2432 sanctitate
3186 2379 3471 2442 illuminati
3500 2395 3658 2435 scusu
3689 2396 3783 2450 per
3819 2383 3948 2437 Ver-

744 2488 850 2542 que
881 2479 1175 2542 potestates
1208 2471 1308 2525 nisi
1360 2487 1422 2526 ex
1455 2470 1696 2539 profectu
1741 2473 1838 2524 suo
1865 2482 2028 2542 agunt
2059 2483 2296 2542 patesta-
2396 2471 2522 2524 bmn
2555 2480 2608 2523 ct
2638 2470 2956 2538 sapientiam
3006 2471 3095 2524 Dei
3128 2486 3156 2523 a
3185 2470 3331 2525 nullo
3367 2471 3581 2540 penitus
3606 2472 3813 2540 possint
3848 2473 3948 2527 dis-

747 2577 874 2628 tent,
904 2578 1075 2633 neque
1100 2577 1219 2632 qua:
1241 2563 1584 2618 nominantur
1606 2565 1784 2629 sedes,
1815 2563 1866 2617 id
1891 2572 1973 2617 est
1997 2563 2291 2631 iudicandi,

744 2661 827 2715 vel
857 2660 1069 2728 regendi
1101 2669 1410 2730 potestates,
1451 2659 1524 2727 id,
1545 2662 1666 2730 [nisi
1697 2677 1765 2716 ex
1791 2663 2024 2737 meritis,
2057 2664 2282 2718 admini-

741 2761 920 2805 strant
959 2751 1094 2822 (57),
1147 2767 1318 2821 neque
1363 2752 1759 2809 dominationes
1804 2765 1991 2810 contra
2038 2758 2290 2810 meritum

741 2842 1113 2907 dominantur;
1140 2852 1290 2898 etest
1319 2860 1453 2899 unus
1481 2845 1579 2900 iste
1603 2861 1843 2900 summus
1869 2856 1924 2901 et
1953 2848 2292 2904 excellentis-

741 2932 910 2988 simus
937 2933 1071 2989 ordo
1105 2936 1155 2989 in
1188 2935 1495 2991 etelcstibus
1523 2938 1858 2992 rationabilis
1886 2949 2146 2994 creatura:
2176 2933 2290 3010 glo-

741 3024 882 3080 riosa
911 3024 1204 3082 ciliciorum
1233 3027 1490 3082 varietate
1516 3028 1824 3097 dispositus.
1861 3031 2120 3087 Similiter
2161 3047 2289 3088 sane

741 3119 904 3173 etiam
951 3119 1017 3174 de
1071 3121 1396 3178 adversariis
1445 3123 1734 3178 virtutibus
1787 3124 2129 3180 seruiendum
2181 3135 2283 3192 est,

739 3224 859 3278 qua:
887 3211 1024 3265 se-in
1065 3210 1117 3266 id
1152 3210 1250 3266 loci
1286 3221 1448 3281 atque
1493 3211 1650 3268 oliicii
1683 3216 2026 3282 prmbuerunt
2053 3215 2184 3287 (38),
2227 3229 2285 3272 ut

740 3303 840 3356 hoc
888 3300 1026 3370 quod
1075 3301 1433 3372 principatus,
1485 3303 1563 3356 vel
1612 3314 1919 3374 potestates,
1968 3306 2051 3360 vel
2099 3308 2281 3362 mundi

2312 3177 2354 3235 C

2395 2561 2570 2614 cerni.

2393 2651 2541 2723 [(44)
2579 2654 2640 2705 ἰι
2670 2652 2813 2723 ψυχὴ
2849 2653 3138 2722 ἀπορρέων

2395 2761 2461 2797 σα
2489 2744 2580 2798 τοῦ
2608 2744 2790 2807 καλοῦ,
2819 2745 2907 2799 καὶ
2931 2747 2995 2815 τῇ
3032 2762 3132 2797 χα-

2392 2838 2485 2908 κίᾳ
2534 2832 2986 2908 προσκλίναμένη,
3039 2840 3132 2892 καὶ

2390 2931 2480 2982 ἐπὶ
2509 2930 2688 2983 πλεῖον
2713 2933 2769 2984 ὲν
2792 2931 2960 3001 ταύτῃ
2987 2948 3131 2998 γινο-

2394 3024 2549 3094 μὲνη,
2582 3027 2630 3076 εἰ
2677 3025 2751 3095 μὴ
2784 3024 3128 3094 ὑποστρέφοι,

2390 3119 2492 3172 ὑπὸ
2534 3121 2632 3192 τῆς
2675 3120 2855 3182 ἀνοίας
2898 3121 3133 3189 ἀποκτη-

2388 3210 2590 3276 νοῦται,
2636 3211 2729 3264 καὶ
2769 3210 2872 3264 ὑπὸ
2909 3210 3007 3280 τῆς
3039 3227 3132 3263 πο-

2388 3304 2577 3373 νηρίας
2594 3302 2997 3374 ἀποθηριοῦται.
3021 3304 3127 3357 Καὶ

739 3375 976 3445 rectores
1025 3393 1389 3456 tenebrarum,
1441 3393 1522 3447 vel
1571 3395 1837 3463 spiritalia
1872 3397 2144 3465 nequitize,
2197 3398 2278 3453 vel

2381 3395 2506 3462 μετ’
2535 3396 2735 3463 ὀλίγαο
2760 3393 2867 3448 Καὶ
2897 3395 3129 3464 αἱρεῖται

736 3481 954 3550 spiritus
987 3481 1229 3552 maligni,
1275 3482 1358 3536 vel
1386 3483 1645 3539 daemonia
1687 3486 1956 3541 immunda
1994 3497 2138 3555 sunt,
2176 3505 2278 3544 non

737 3573 1162 3629 substantialiter
1189 3557 1240 3630 id
1270 3576 1520 3642 habeant,
1575 3593 1747 3647 neque
1791 3580 1913 3648 quia
1957 3581 2088 3635 tales
2119 3583 2278 3635 etiam

735 3665 900 3719 creati
950 3674 1092 3730 sunt,
1138 3667 1228 3722 sed
1265 3682 1362 3736 pro
1413 3669 1642 3723 motibus
1686 3670 1799 3724 suis
1849 3680 1902 3723 et
1952 3671 2281 3739 profectibus

734 3756 928 3826 quibus
961 3757 1016 3812 in
1068 3757 1269 3812 scelere
1313 3758 1675 3828 profecerunt,
1715 3739 1817 3816 bos
1856 3762 2071 3817 malitiae
2101 3765 2277 3819 sortiti

801 3870 847 3903 ⁸⁸
875 3869 1081 3928 Coloss.
1108 3889 1189 3940 ιιι,
1213 3875 1301 3930 25.

1957 3941 1970 3963 1

803 3962 912 4035 (33)
941 3963 1006 4017 Id
1028 3967 1186 4018 studii
1206 3983 1464 4035 geramus.
1505 3971 1576 4022 Ita
1607 3985 1759 4035 mss.;
1781 3971 1910 4024 editi
1939 3962 2087 4036 vero,
2126 3993 2143 4024 ι
2173 3983 2279 4027 stu-

731 4033 804 4085 dii
854 4033 1036 4110 curam
1087 4033 1356 4103 geramus.
1386 4057 1403 4089 ι
1468 4033 1752 4110 Moxrlihb.‘
1771 4040 1923 4105 editi,
1961 4033 2278 4110 «sapientia:

730 4102 1019 4184 participes
1047 4102 1184 4168 ease,
1223 4115 1279 4160 ut
1306 4110 1372 4162 ad
1402 4124 1499 4163 nos
1525 4109 1604 4163 vel
1635 4109 1774 4179 plus,
1802 4127 1820 4161 ι
1855 4102 1964 4167 etc.
2007 4102 2113 4166 Sed
2145 4127 2273 4167 mss.

730 4180 789 4224 ιιι
816 4180 867 4225 in
906 4182 1090 4227 DOBU'O
1121 4184 1286 4229 textu.

801 4240 912 4320 (3t)
937 4241 1035 4320 _Sic
1067 4259 1228 4320 mss._;
1265 4247 1404 4320 editi
1441 4263 1588 4310 vero,
1625 4265 1644 4298 ι
1669 4250 1826 4320 perit,
1858 4259 1912 4303 et
1942 4248 2148 4320 aufugit
2173 4265 2280 4304 om-

731 4309 818 4385 nis
863 4311 1016 4366 dolor
1058 4323 1112 4365 et
1138 4315 1370 4385 tristitiae
1420 4309 1718 4385 gemitusfs
1753 4309 1870 4373 Mox
1905 4309 2109 4384 mss.,'c
2133 4320 2278 4374 suill-

728 4381 1280 4454 cienter_os_temlerit.
1311 4403 1330 4435 ι
1380 4381 1536 4454 Editi,
1566 4407 1586 4439 ε
1609 4386 1930 4442 sufﬁcienter
1979 4381 2231 4444 ostendit.
2255 4408 2272 4440 ι

798 4449 909 4528 ςέξ5)
944 4447 1044 4528 Ve}-
1088 4447 1534 4528 caitrriuordines'
1561 4473 1725 4528 suum,
1763 4454 1979 4528 quisque
2025 4460 2279 4513 sortiatur

799 4585 911 4669 (ὂᾷ)
948 4587 1024 4642 Ita
1059 4604 1186 4669 mss.
1211 4589 1364 4645 Lihb.
1390 4607 1522 4648 vero
1554 4585 1701 4660 editi,
1741 4617 1759 4648 ‹
1784 4607 2125 4664 meruerunt;
2182 4600 2274 4653 sed

728 4656 842 4710 haec
868 4656 1045 4711 tamen
1078 4659 1240 4724 scire,
1262 4679 1280 4713 ι
1311 4672 1418 4717 etc.

796 4725 924 4806 (5:1).
951 4727 1106 4781 Libh.
1138 4730 1267 4806 editi
1299 4749 1370 4806 :_r
1394 4741 1704 4806 potestates,
1737 4736 1836 4789 nisi
1888 4736 1937 4790 id
1975 4752 2037 4790 ex
2073 4738 2274 4793 meritis

711 4796 1152 4868 administretur.
1177 4817 1195 4850 ›
1235 4797 1337 4854 Sed
1372 4796 1501 4856 mss.
1529 4813 1585 4856 ut
1618 4805 1668 4857 in
1693 4796 1884 4858 nostro
1910 4816 2077 4859 textu.

793 4864 1029 4944 (38)_‘Si_c
1059 4881 1220 4944 mss_.;
1255 4871 1382 4924 editi
1416 4887 1541 4926 vero
1575 4891 1588 4926 :
1623 4893 1641 4924 ι
1668 4875 1789 4942 quia
1821 4890 1880 4928 se
1905 4876 1955 4928 in
1985 4877 2036 4929 id
2069 4876 2168 4929 loci
2193 4887 2273 4942 at;-

726 4933 828 4999 que
863 4933 1016 5004 ofﬁcii
1049 4937 1410 5004 praebuerunt.
1435 4960 1453 4990 ι

937 5002 1382 5108 Eibb.
1411 5025 1536 5066 vero
1566 5011 1716 5076 editi,
1755 5032 1774 5063 ι
1801 5013 2116 5069 altissimus.
2139 5033 2156 5066 ι
2206 5067 2207 5070 η

795 5073 906 5140 μοι
937 5073 1105 5126 Caute
1142 5075 1274 5142 lege.

797 5143 910 5210 (41)
947 5143 1111 5212 Caute
1139 5145 1269 5212 lege.

723 5212 907 5334 περὶ
953 5211 1043 5266 Sic
1109 5211 1237 5268 mss.
1266 5215 1428 5281 Alias,
1485 5239 1504 5270 ι
1534 5219 1781 5287 profecta:
1822 5238 1945 5278 esse
1998 5235 2053 5279 et
2102 5227 2153 5278 in
2205 5227 2268 5279 ilo

745 5299 852 5334 ιιιιι.
886 5302 904 5332 Ι

790 5352 902 5420 (45)
934 5350 1190 5431 Martinus
1218 5354 1382 5431 habet
1431 5373 1444 5408 :
1485 5373 1826 5431 rusquequo
1867 5363 2264 5431 pervenientia

723 5421 824 5474 hoc
855 5431 914 5493 ut
943 5422 1180 5493 perfecte
1209 5427 1384 5480 eﬂ‘ecti
1418 5421 1928 5493 spiritua'les'onm'ia
1958 5433 2266 5485 discernant

720 5504 816 5568 per
853 5490 972 5568 hoc.
997 5510 1016 5542 ι
1068 5490 1124 5545 In
1153 5496 1388 5568 editione
1412 5490 1594 5568 autem
1641 5497 1968 5553 Genebrardi
2014 5502 2124 5553 haec
2155 5517 2265 5553 οιιι-

721 5563 808 5612 nia
843 5563 1040 5613 omissa
1076 5574 1216 5619 sunt.
1257 5566 1382 5621 Mss.
1412 5565 1597 5629 legunt
1631 5577 1686 5619 ut
1715 5569 1765 5620 in
1804 5579 1987 5621 nostro
2025 5579 2189 5622 textu.

786 5629 910 5701 (ﬂ)
943 5630 1012 5684 Ἦ
1034 5633 1201 5699 ψυχὴ
1230 5633 1623 5701 ἀπορῤέουσα,
1651 5646 1756 5689 etc.
1792 5637 1974 5691 Graeca
2007 5639 2119 5690 hzec
2147 5655 2263 5690 ver-

664 5732 671 5744 ι
717 5701 783 5752 ba
816 5715 846 5754 e
880 5699 974 5774 lib.
1002 5713 1018 5774 ι
1049 5702 1188 5770 Περὶ
1233 5699 1430 5774 ἀρχῶν
1476 5706 1632 5774 all'et't
1659 5703 1993 5760 Justinianus
2031 5708 2260 5774 impera-

716 5779 800 5824 tor
831 5771 897 5823 ad
934 5768 1140 5826 calcem
1183 5768 1421 5843 epistolae
1454 5775 1518 5826 ad
1549 5772 1773 5828 Menam.
1808 5774 2049 5830 Genuina
2081 5768 2260 5831 autem

2388 3486 2522 3557 πρὸς
2559 3486 2618 3540 τὸ
2650 3485 3005 3556 ἀλογωθῆναι,
3037 3485 3128 3538 καὶ

2384 3579 2475 3632 τὸν
2503 3579 2735 3651 ἔνυδρον,
2764 3579 2828 3631 ἵν’
2857 3578 3026 3642 οὕτως
3054 3579 3128 3631 εἴ-

2387 3691 2490 3736 πω,
2523 3671 2662 3740 βίονν
2707 3671 2797 3724 καὶ
2827 3671 2968 3741 τάχα
3007 3671 3124 3724 κατ’

2387 3770 2536 3834 ἀξίαν
2558 3771 2657 3840 τῆς
2676 3769 2768 3823 ἐπὶ
2787 3767 2964 3822 πλεῖον
2983 3768 3126 3820 πτώ-

3207 2654 3315 2726 76
3344 2655 3431 2708 Illa
3457 2668 3587 2710 sane
3612 2670 3708 2710 nos
3740 2669 3946 2724 nequa-

3203 2764 3363 2818 quam
3409 2751 3709 2817 rccipienda
3746 2765 3943 2805 cense-

3205 2855 3343 2904 mus,
3398 2855 3516 2909 quae
3555 2851 3609 2895 et
3656 2856 3684 2894 a
3721 2843 3950 2910 quibus-

3204 2934 3326 2986 dam
3358 2932 3628 3001 superiluo
3660 2934 3736 2986 vel
3763 2936 3949 3004 requi-

3207 3025 3271 3090 ri,
3307 3023 3386 3077 vel
3425 3025 3600 3079 ‘astrui
3649 3025 3853 3091 solent,
3896 3027 3947 3080 id

3203 3123 3286 3166 est
3323 3115 3466 3182 quod
3509 3115 3701 3168 auium
3737 3113 3787 3168 in
3831 3127 3946 3170 tan-

3206 3215 3314 3258 tum
3374 3207 3455 3260 sui
3508 3209 3781 3262 decessum
3859 3225 3950 3264 ve-

3204 3301 3350 3354 niant
3374 3301 3511 3370 (ιό),
3541 3311 3599 3355 ιιι
3625 3311 3840 3357 natura
3866 3318 3949 3356 ra-

3199 3392 3473 3447 tionabilis
3533 3406 3596 3446 ac
3662 3393 3950 3462 dignitatis

3197 3490 3376 3545 oblita
3408 3491 3569 3544 etiam
3599 3493 3650 3546 in
3692 3493 3942 3547 ordinem

3199 3585 3653 3639 irrationabilium
3683 3587 3942 3640 animan-

3196 3678 3326 3731 tium
3356 3677 3465 3747 (46)
3497 3679 3578 3730 vel
3612 3679 3945 3744 bestiarum,

3196 3767 3276 3819 vel
3333 3769 3593 3835 pecudum
3649 3768 3942 3824 devolvan-

3677 4056 3939 4097 εεῐιιιοιιθ

2385 3989 2506 4029 esse
2562 3973 2715 4026 fidem
2771 3972 2900 4025 facit
2951 3970 3308 4043 Hieronymus
3339 3971 3428 4038 qui
3487 3970 3538 4024 in
3591 3985 3620 4024 e
3663 3970 3817 4026 istola
3869 3974 3938 4027 ad

2385 4045 2596 4096 Avitum
2631 4042 2704 4094 ait
2736 4055 2760 4112 7:
2803 4059 2823 4092 ι
2847 4042 2924 4095 Ad
2954 4053 3256 4096 extremum
3285 4039 3463 4111 (primi
3503 3985 3658 4112 libri?
3677 4056 3938 4097 sermone

2384 4045 2596 4096 Avitum
2631 4042 2704 4094 ait
2742 4055 2760 4095 :
2803 4059 2823 4092 ι
2847 4042 2924 4095 Ad
2954 4039 3256 4096 extremum
3285 4039 3463 4111 (primi
3503 4040 3622 4111 libri

2381 4113 2644 4167 latissimo
2693 4111 2982 4189 disputavit
3023 4110 3636 4189 (Origenes),angelum
3672 4112 3785 4189 sive
3814 4114 3938 4165 ani-

2386 4198 2548 4248 mam,
2584 4191 2674 4234 aut
2703 4190 2846 4235 certe
2871 4183 3190 4242 daemonem,
3223 4195 3357 4246 quos
3394 4182 3548 4233 unius
3588 4182 3786 4235 asserit
3808 4195 3937 4237 esse

2387 4262 2607 4318 natum,
2637 4251 2732 4306 sed
2779 4251 3111 4304 diversarum
3163 4250 3517 4319 voluntatum,
3570 4265 3669 4318 pro
3719 4253 3934 4319 magni-

2387 4322 2568 4376 tudine
2618 4321 2951 4389 negligentiae
3003 4329 3056 4372 et
3115 4318 3352 4372 stultitia:
3389 4319 3714 4389 ,jurneutum
3766 4318 3934 4388 posse

2387 4393 2535 4455 fieri;
2567 4400 2620 4444 et
2647 4388 2742 4457 pro
2770 4389 2949 4443 dolore
2982 4404 3262 4458 pinnarum
3297 4399 3351 4441 et
3383 4388 3519 4456 ignis
3548 4389 3764 4454 ardore,
3810 4405 3935 4442 ma-

2387 4461 2466 4511 gis
2494 4461 2691 4511 eligere
2721 4468 2778 4511 ut
2806 4459 3017 4511 brutum
3053 4457 3246 4510 animal
3289 4459 3381 4511 sit.
3413 4468 3468 4511 et
3499 4459 3548 4510 in
3581 4461 3735 4511 acuis
3766 4459 3933 4511 habi-

2422 4461 2466 4510 is
2494 4461 2691 4510 eligere
2721 4468 2778 4510 ut
2806 4457 3017 4510 brutum
3053 4457 3246 4510 animal
3289 4459 3381 4510 sit.
3413 4468 3468 4510 et
3499 4459 3548 4510 in
3581 4461 3735 4510 acuis
3766 4459 3933 4510 habi-

798 4459 909 4519 t35)
949 4459 1035 4502 γει
1088 4459 1260 4505 ιαἰρνὶ
1309 4459 1512 4508 ordines
1561 4473 1712 4510 suum
1763 4459 1979 4528 quisque
2025 4460 2279 4513 sortiatur
2384 4461 2466 4529 gis
2494 4461 2691 4525 eligere
2721 4468 2778 4512 ut
2806 4459 3017 4512 brutum
3053 4459 3246 4510 animal
3289 4459 3381 4521 sit,
3413 4468 3468 4511 et
3499 4459 3548 4510 in
3581 4461 3735 4526 aquis
3766 4459 3933 4514 habi-

729 4517 968 4595 vnit-funt:
1001 4518 1123 4574 Ηιεο
1152 4521 1384 4595 in_edi_tis
1404 4523 1613 4590 desunt,
1639 4527 1730 4580 sed
1759 4528 2024 4582 habentur
2049 4528 2100 4580 in
2130 4544 2262 4584 mss.
2309 4507 2351 4561 θ
2382 4539 2456 4584 tet
2483 4541 2535 4584 et
2563 4527 2839 4591 fluctibus;
2866 4543 2929 4580 ac
2948 4543 3147 4595 corpus
3180 4541 3453 4582 assumere
3483 4527 3642 4593 hujus
3675 4527 3755 4580 vel
3783 4529 3935 4584 illius
3974 4533 3981 4538 ’

2382 4601 2623 4666 pecoris;
2678 4607 2736 4648 ut
2762 4598 2914 4651 nobis
2946 4613 3048 4650 non
3077 4597 3245 4649 solum
3277 4598 3700 4665 quadrupedum,
3745 4599 3846 4651 sed
3876 4609 3935 4653 et

2381 4669 2604 4736 piscium
2637 4681 2856 4736 corpora
2906 4668 3009 4720 sint
3039 4667 3291 4726 timenda.
3343 4667 3403 4718 Et
3431 4670 3492 4719 ad
3527 4677 3828 4719 extremum
3862 4682 3935 4722 ne

2382 4735 2652 4790 teneretur
2703 4735 3038 4805 Pythagorici
3087 4737 3348 4804 dogmatis
3399 4751 3526 4789 reus
3577 4737 3666 4801 qui
3719 4737 3932 4805 asserit

2382 4805 2810 4876 μετεμψύχῳσιν,
2867 4803 2983 4872 post
3030 4816 3132 4857 tam
3168 4803 3469 4876 uelandam
3506 4803 3931 4876 disputationem

2377 4871 2479 4941 qua
2505 4871 2723 4927 lectoris
2744 4871 2977 4928 animum
3008 4876 3303 4927 vulneravit
3335 4893 3346 4928 :
3377 4874 3515 4935 ηερε,
3545 4874 3736 4939 inquit,
3761 4871 3929 4939 juxta

2377 4956 2614 4997 nostram
2646 4945 2985 5008 sententiam,
3038 4960 3138 4996 non
3171 4945 3277 4996 sint
3329 4944 3596 5008 dogmata,
3645 4943 3736 4994 sed
3771 4956 3931 5009 qua:-

2376 5013 2475 5065 sita
2512 5023 2716 5067 tantuin
2746 5023 2907 5081 atque
2956 5013 3208 5081 projecta,
3255 5027 3321 5064 ne
3366 5013 3576 5081 penitus
3623 5013 3927 5064 iutractata

2375 5083 2699 5136 viderentur.
2728 5101 2746 5133 ι
2781 5080 2908 5146 Quae
2939 5080 2979 5136 si
3017 5084 3086 5132 ita
3119 5095 3175 5133 se
3205 5081 3424 5144 habent,
3459 5080 3632 5132 nullus
3661 5094 3798 5146 pene
3829 5084 3932 5134 du-

2374 5153 2577 5205 bitandi
2610 5153 2756 5205 locus
2787 5160 2888 5214 est,
2938 5153 3063 5218 quin
3102 5150 3474 5215 interpretatio
3504 5149 3679 5202 Rufini
3729 5150 3799 5204 ab
3836 5152 3928 5206 his

2374 5222 2550 5274 verbis
2584 5238 2598 5274 :
2638 5238 2658 5270 r
2682 5221 2766 5272 illa
2796 5235 2927 5273 sane
2956 5235 3055 5272 nos
3085 5232 3417 5285 nequaquam
3452 5219 3754 5285 recipienda
3787 5235 3929 5273 cen-

2372 5304 2570 5352 semus,
2599 5308 2617 5341 ι
2656 5303 2826 5354 usque
2855 5290 2919 5341 ad
2953 5290 3108 5340 linem
3140 5288 3296 5355 hujus
3324 5287 3468 5355 libri,
3517 5289 3660 5341 omni
3691 5302 3928 5354 prorsus

2374 5360 2475 5413 fide
2501 5371 2702 5419 careat,
2733 5352 2784 5409 et
2815 5360 2992 5424 spuria
3026 5372 3122 5424 pro
3149 5352 3395 5423 genuinis
3420 5352 3937 5410 obtrudatIFatcn-

2370 5429 2493 5481 dum
2529 5437 2704 5481 latnen
2730 5427 3011 5497 Origenein
3043 5432 3094 5479 in
3125 5427 3245 5479 aliis
3277 5428 3390 5480 suis
3413 5428 3728 5480 tractatibus
3758 5428 3929 5497 ενι-

2371 5497 2640 5565 tbagorica
2692 5494 3098 5565 μετεμψυχώσει
3149 5509 3372 5562 prorsus
3411 5497 3724 5550 abhorrere.
3774 5494 3928 5551 Vide

2373 5563 3045 5630 Origenianorumlibrum
3090 5583 3148 5629 tt,
3195 5576 3383 5634 quaest.
3424 5565 3478 5630 6,
3526 5582 3672 5619 nunt.
3715 5564 3808 5634 l7,
3857 5570 3925 5622 18

2368 5641 2420 5696 et
2449 5635 2529 5685 l9.

2439 5703 2549 5767 (45)
2577 5701 2742 5773 Caute
2778 5704 2907 5773 lege.

2439 5772 2547 5840 (46)
2577 5772 2664 5826 Sic
2695 5772 3014 5838 mssJAlias,
3049 5790 3068 5825 ι
3094 5774 3419 5831 animalium.
3441 5792 3462 5830 ι
