4118 6308
224 364 319 418 181

223 494 358 540 mw;
385 478 485 546 τῆς
508 480 701 542 κακίας
733 479 966 533 ἐνδύεται

220 567 452 638 σώματα
487 570 644 639 οὐδεῆ
677 569 740 639 [Γ.
773 571 965 642 ὑδαρῆ]

219 662 425 714 τοιοῦδε
471 662 609 726 ζὼου
650 663 861 730 ἀλόγου.
909 664 965 718 ld

219 755 519 809 estzAninta
532 757 758 823 deﬂuens
771 775 799 809 a
811 759 961 822 bona,

219 859 266 899 et
306 864 515 916 vergens
555 850 621 900 ad
662 851 961 918 nequitiam,

218 938 520 1005 diutiusque
547 939 598 990 in
621 940 728 1006 ipsa
760 956 962 1007 pernm-

219 1047 361 1094 πίοις,
406 1032 507 1082 nisi
526 1090 532 1095 ο
549 1033 831 1098 resipiscat,
855 1049 962 1100 pra:

217 1124 521 1190 insipientia
569 1125 838 1191 eﬂ'cratur,
881 1133 961 1177 at-

214 1233 313 1282 que
339 1219 402 1269 ob
436 1220 747 1284 pravitatem
785 1219 959 1271 brute-

215 1309 330 1360 scit.
367 1308 435 1363 Et
460 1310 621 1375 paulo
645 1320 767 1379 post
797 1328 812 1364 :
849 1311 960 1363 Eli-

216 1403 406 1470 g’tque,
456 1414 510 1455 ut
554 1405 834 1465 brutescat,
884 1405 957 1457 vi-

217 1504 318 1546 tam
347 1497 528 1561 etiam,
572 1508 624 1550 ut
663 1500 736 1549 ita
765 1498 955 1562 dicam,

1507 373 1705 428 LIBER
1744 373 2120 432 SECUNDUS.

3323 369 3418 425 £8?

1039 491 1144 538 tur.
1211 483 1315 538 Pro
1370 487 1564 554 quibus
1613 489 1774 543 etiaut
1804 496 1851 553 Α
1879 490 2180 558 aquatilent,
2239 496 2289 541 et
2319 486 2474 554 forte
2520 503 2615 556 pro
2691 487 2931 543 tur:sed
2960 492 3012 540 et
3044 483 3182 554 quod
3209 481 3419 535 Balaam

1037 574 1292 642 quasdam
1352 590 1420 628 ex
1477 577 1769 644 Scripturis

1037 665 1428 718 commentitias
1480 664 1671 718 atierre
1716 682 1770 718 a-

1035 754 1355 806 structiones
1381 756 1574 816 solent,
1610 755 1658 805 id
1688 765 1772 807 est

1035 845 1175 912 quod
1233 843 1314 897 vel
1370 858 1530 911 pecus
1585 844 1667 895 cui
1713 858 1770 896 se

1035 932 1228 984 mulier
1280 941 1467 984 contra
1523 941 1766 983 naturam

1034 1021 1343 1087 subjeccrit,
1367 1023 1417 1073 in
1448 1030 1650 1073 reatum
1677 1036 1768 1087 pa-

1033 1113 1164 1164 riter
1191 1127 1310 1164 cum
1345 1111 1566 1163 muliere
1608 1132 1635 1160 ι.
1725 1125 1767 1149 ιο

1030 1213 1183 1257 cetur
1217 1203 1326 1270 (47)
1354 1215 1413 1254 ac
1436 1200 1654 1268 lapidart
1682 1217 1768 1270 pa.-

1030 1296 1163 1348 riter
1189 1294 1459 1360 iubeatur,
1513 1292 1595 1345 vel
1624 1293 1765 1359 quod

1032 1396 1216 1438 taurus
1246 1391 1533 1450 cornupela
1563 1383 1766 1449 lapida-

1031 1476 1076 1528 ri
1128 1474 1476 1544 nihilomit'tus
1523 1471 1765 1541 prtecipi-

1877 583 2060 634 merita
2087 579 2299 648 majoris
2329 578 2397 632 ad
2439 579 2614 632 vitiant
2689 578 2837 632 asina
2889 591 2949 629 os
2995 575 3110 643 ejus
3143 573 3248 626 Deo
3295 585 3424 637 ape-

1875 672 2221 738 protapsionis
2275 670 2445 722 induit
2497 685 2612 722 corv
2687 666 3052 720 rientelocuta
3099 671 3199 724 est,
3223 670 3274 714 et
3297 659 3420 714 sub-

1875 779 1971 828 pus
2013 763 2307 831 aquaticum
2357 762 2509 827 hujus
2541 760 2614 812 vel
2681 758 2860 826 jugale
2910 763 3115 808 mutum
3165 752 3215 804 in
3249 750 3420 802 homi-

1874 851 2027 918 Itujus
2064 852 2198 902 bruti
2233 847 2522 918 animalis.]
2686 860 2810 898 num
2872 857 3000 896 voce
3071 840 3416 906 respondens,

1875 938 2048 1006 arguit
2076 939 2348 1006 propheta:
2379 937 2696 990 dementiam
2727 931 2861 1004 (48).
2893 932 3034 996 Quas
3067 943 3163 981 nos
3195 942 3297 980 non
3327 943 3417 980 so-

1875 1026 1979 1079 lum
2008 1042 2110 1079 non
2143 1027 2484 1093 suscipimus,
2533 1024 2624 1077 sed
2654 1032 2708 1076 et
2738 1035 2922 1074 omnes
2963 1021 3058 1072 bas
3093 1018 3414 1070 assertioncs

1874 1132 2057 1170 eorum
2089 1127 2272 1170 contra
2327 1117 2482 1169 [idem
2533 1124 2766 1168 nostram
2804 1112 3079 1165 venientes
3123 1108 3417 1162 refutamus

1873 1218 2034 1274 a'que
2066 1206 2385 1272 respuimus.
2441 1206 2814 1257 Verumtamen
2853 1217 2948 1254 suo
2979 1201 3094 1253 loco
3125 1208 3176 1252 et
3212 1207 3415 1265 tempo-

1875 1310 1931 1348 re
1977 1294 2254 1348 coniutato
2286 1295 2385 1347 boc
2417 1307 2671 1361 perverso
2700 1293 2946 1358 dogmate
2977 1298 3030 1342 et
3073 1288 3316 1355 depulso,
3353 1301 3410 1337 ca

1871 1399 1988 1452 qua:
2017 1386 2082 1438 de
2109 1385 2311 1437 sanctis
2339 1383 2635 1450 Scripturis
2664 1382 2729 1435 ab
2755 1381 2856 1434 illis
2884 1378 3091 1447 prolata
3117 1385 3256 1444 sunt,
3284 1393 3416 1444 qna-

1872 1474 1991 1529 litct'
2018 1473 2241 1541 intelligi
2275 1473 2521 1535 debeant,
2551 1485 2898 1542 exponemus.
2933 1469 3065 1536 (49).

572 1745 657 1799 Ea:
695 1746 824 1798 libro
856 1747 1021 1808 primo
1057 1743 1437 1813 Περϊάρχῶν,
1471 1745 1738 1810 interprete
1770 1741 1894 1794 Divo
1933 1739 2247 1809 Hieronymo
2277 1724 2338 1791 in.
2369 1737 2598 1804 Epistola
2633 1737 2699 1789 ad
2731 1737 2931 1789 Avitum
2965 1731 3108 1803 (50)..

204 1871 229 1938 ’ί
259 1857 517 1938 ﬁrandis
544 1862 875 1938 negligentiae
901 1871 1059 1938 atque
1104 1863 1319 1938 tlesidizl‘.
1360 1873 1442 1915 est
1494 1862 1543 1914 in
1600 1871 1804 1938 tantum
1848 1872 2298 1938 unumquemque
2326 1855 2562 1936 deﬂuere
2590 1855 2724 1926 (5|),
2751 1865 2909 1921 atque
2948 1851 3220 1916 evacuari,
3261 1858 3316 1904 ut
3343 1849 3411 1905 Id

217 1927 345 1980 vitia
381 1925 623 1983 veniens
649 1925 1097 1984 irrationabilimu
1124 1932 1488 1999 junneutorum
1519 1930 1685 1998 possit
1710 1942 1893 1983 crasso
1921 1925 2149 1996 corpore
2179 1925 2442 1995 colligari.

493 2190 577 2245 Ea:
603 2194 780 2245 eodem
807 2193 937 2244 libro
963 2209 978 2246 ι
1008 2191 1145 2260 Περὶ
1178 2191 1397 2260 ἀρχῶν,
1431 2196 1605 2246 eodem
1647 2193 1777 2247 Divo
1811 2193 2126 2260 Hieronymo
2160 2193 2439 2259 interprete
2473 2197 2525 2247 in
2563 2187 2778 2256 epistola
2808 2189 2874 2238 ad
2909 2187 3134 2238 Aritum.

285 2302 396 2372 (5‘2)
434 2306 492 2357 In
525 2305 631 2357 fine
660 2315 820 2372 atque
847 2306 1306 2358 consummatione
1335 2306 1540 2368 mutuli,
1573 2306 1780 2371 quando
1812 2305 1949 2358 velut
1978 2304 2042 2357 de
2071 2302 2384 2372 quibusdam
2417 2301 2681 2370 repagulis
2719 2307 2879 2372 atque
2903 2298 3211 2372 carceribus
3240 2297 3411 2349 tuissm

211 2366 408 2424 fuerint
441 2388 469 2424 a
507 2366 968 2436 Domino-animm,
1005 2385 1056 2425 et
1089 2373 1431 2426 rationabiles
1464 2366 1746 2434 creatura),
1785 2375 1920 2425 alias
1955 2366 2139 2424 carum
2169 2371 2371 2424 tardius
2405 2366 2651 2424 incedere
2699 2368 2766 2420 ob
2801 2366 3100 2432 segnitiem,
3135 2366 3410 2436 aliusper-

211 2441 319 2493 nici
353 2440 533 2494 volare
556 2456 718 2494 cursu
753 2433 968 2510 propter
1004 2442 1337 2495 industriam.
1369 2442 1604 2508 Cumque
1636 2458 1821 2494 omnes
1855 2442 2080 2494 liberum
2110 2440 2342 2492 habeant
2372 2440 2681 2498 arbitrium,
2713 2445 2765 2510 et
2795 2443 2987 2510 sponte
3009 2448 3104 2510 sua
3140 2434 3219 2486 vel
3249 2433 3409 2484 virtu-

210 2516 291 2562 tes
320 2511 523 2570 possint
549 2501 764 2576 capere'
784 2501 861 2563 vel
895 2512 1040 2578 vitia,
1076 2511 1176 2562 illa:
1203 2513 1365 2562 multo
1400 2513 1448 2562 in
1479 2501 1642 2578 peiori
1671 2511 1975 2563 conditione
1999 2518 2152 2561 erunt
2181 2521 2339 2573 quam
2372 2514 2678 2578 nuncsunt,
2714 2504 2794 2556 ha:
2825 2503 2890 2578 ad
2920 2501 3190 2578 meliorem
3216 2511 3409 2578 statum

210 2569 564 2644 pervenient;
603 2569 728 2644 quia
776 2576 969 2644 divei‘si
1001 2569 1172 2632 motus
1203 2589 1256 2631 et
1287 2580 1447 2632 varia:
1480 2569 1783 2631 voluntates
1828 2579 1878 2631 in
1908 2569 2210 2643 utramque
2233 2586 2435 2641 partem
2477 2577 2744 2628 diversum
2773 2571 3037 2638 accipient
3085 2579 3305 2636 statum,
3361 2569 3410 2621 id

208 2641 314 2708 est,
353 2656 407 2698 ut
435 2641 889 2727 angeli—homines
912 2641 1319 2720 veldzemones,
1353 2656 1404 2701 et
1433 2663 1644 2700 rursum
1669 2662 1733 2700 ex
1765 2647 1855 2701 bis
1887 2641 2124 2699 homines
2154 2644 2234 2697 vel
2261 2645 2433 2712 angeli
2464 2645 2612 2695 ﬁant.

221 2801 310 2817 .—

695 2793 2538 2818 M

1173 2965 1581 3076 LIBER
1668 2908 2441 3076 SECUNDUS.

650 3348 750 3416 77
772 3345 992 3401 CAPUT
1019 3344 1310 3398 PRIMUM.

281 3438 330 3492 Ι.
360 3437 709 3505 Consequens
752 3451 893 3489 nunc
946 3436 1194 3498 videtur,
1250 3434 1375 3487 licet
1420 3433 1594 3486 omnia
1639 3446 1757 3499 qum

207 3524 704 3594 Superioridibello
758 3525 981 3577 disserta
1034 3533 1161 3577 sunt
1191 3563 1205 3586 ,
1259 3525 1323 3576 de
1368 3523 1564 3575 mundo
1597 3532 1756 3588 atque

207 3618 321 3686 ejus
345 3615 687 3670 ordinatione
714 3615 945 3669 diszerta
994 3615 1106 3668 sint
1136 3654 1150 3678 ,
1205 3615 1417 3680 proprie
1466 3623 1642 3666 tamen
1693 3613 1758 3666 de

212 3708 324 3771 ipso
357 3705 560 3757 mundo
590 3717 759 3771 pauca
791 3713 1032 3770 repetere
1065 3745 1079 3767 ,
1134 3702 1183 3755 id
1234 3712 1314 3756 est
1342 3704 1422 3768 {de
1451 3704 1603 3755 initio
1639 3703 1757 3771 ejus

210 3811 273 3850 ac
299 3794 421 3857 ﬁne,
456 3793 543 3847 vel
568 3793 652 3846 bis
674 3808 792 3861 qua:
822 3793 958 3845 inter
996 3792 1204 3844 initium
1230 3807 1292 3844 ac
1320 3792 1474 3843 tinem
1504 3791 1612 3862 (55)
1641 3794 1757 3860 ejus

208 3900 302 3952 per
322 3885 562 3938 divinam
593 3881 978 3956 providentiam
1015 3881 1416 3949 dispensantur,
1447 3896 1537 3933 seu
1573 3883 1638 3934 de
1674 3883 1756 3936 bis

207 3983 474 4042 quatante
509 3972 768 4025 mundum
805 3970 942 4024 facta
971 3971 1053 4024 vel
1082 3981 1200 4040 post
1224 3971 1479 4025 mundum
1513 3971 1754 4025 facienda

207 4073 483 4132 putantur.
544 4063 600 4116 lo
657 4078 763 4133 quo
804 4065 903 4116 boc
949 4064 1178 4130 primum
1210 4063 1485 4116 evidenter
1533 4075 1758 4132 apparet

209 4156 346 4223 quod
374 4155 557 4210 omnis
587 4161 759 4208 status
783 4153 920 4220 ejus,
947 4153 1035 4221 qui
1064 4162 1147 4206 est
1177 4153 1361 4207 varius
1390 4160 1451 4206 ac
1483 4154 1754 4219 diversus,

207 4261 310 4302 non
362 4246 538 4302 solum
582 4261 651 4299 cx
706 4246 1115 4300 rationabilibus
1153 4253 1207 4298 et
1249 4230 1611 4298 divinioribus'
1662 4260 1756 4297 na-

208 4337 340 4390 turis
369 4377 386 4402 ,
447 4347 501 4391 et
535 4336 859 4412 exdiversis
911 4336 1225 4403 corporibus
1261 4344 1466 4389 constet
1503 4374 1518 4398 ,
1554 4336 1645 4387 sed
1689 4352 1753 4388 ex

208 4426 370 4478 mutis
411 4427 778 4480 animantibus
801 4465 816 4492 ,
850 4426 901 4479 id
936 4436 1019 4481 est
1044 4427 1193 4488 feris,
1229 4426 1433 4491 bestiis,
1468 4425 1757 4492 pecudibus

205 4522 258 4564 et
284 4515 495 4579 avibus,
531 4525 693 4582 atque
715 4516 964 4569 omnibus
986 4530 1105 4583 quae
1133 4518 1182 4568 in
1213 4517 1367 4584 aquis
1397 4518 1613 4579 vivunt;
1647 4525 1753 4568 tum

205 4605 398 4657 deinde
421 4620 487 4656 ex
523 4604 678 4668 locis,
719 4604 772 4657 id
794 4614 878 4658 est
904 4606 1048 4667 emli,
1101 4607 1179 4658 \el
1206 4606 1489 4670 oculorum,
1524 4616 1577 4660 et
1601 4616 1754 4660 terra:

207 4695 287 4748 vel
318 4710 471 4763 aqua:
505 4711 520 4760 ;
552 4695 642 4748 sed
690 4704 746 4749 et
781 4709 843 4746 ex
876 4707 940 4747 eo
982 4697 1071 4762 qui
1108 4698 1312 4751 medius
1338 4706 1419 4751 est
1447 4713 1570 4752 aere
1594 4739 1608 4762 ,
1672 4685 1755 4752 vel

1799 3347 1836 3398 Β
1864 3351 2020 3403 quem
2051 3335 2303 3409 mlhcrcm
2336 3332 2518 3385 dicunt
2551 3329 2681 3399 (54),
2717 3338 2874 3395 atque
2899 3339 2962 3379 ex
2994 3323 3241 3379 omnibus
3291 3338 3408 3393 qum

1862 3425 2160 3493 procedunt
2198 3421 2277 3475 vel
2309 3429 2602 3474 nascuntur
2628 3434 2690 3473 ex
2730 3429 2889 3472 terra.

1861 3516 1870 3584 |
1906 3515 2012 3583 (55)
2041 3513 2193 3565 Οὕτω
2238 3512 2300 3581 δὴ
2351 3510 2598 3562 ποικιλω-

1861 3607 2019 3659 τάτου
2063 3605 2261 3672 κόσμου
2313 3601 2600 3669 τυγχάνον-

1859 3716 1965 3761 τος,
1994 3699 2085 3748 mi
2110 3695 2339 3747 τοσαῦτα
2373 3695 2598 3763 διάφορα

1859 3791 2045 3858 λογικὰ
2110 3789 2440 3858 περιέχώντος
2473 3827 2486 3850 ,
2544 3788 2597 3862 τί

1861 3881 1983 3932 ἄλλο
2009 3880 2111 3951 χρὴ
2131 3880 2304 3944 λέγειν
2327 3879 2493 3930 αἴτιον
2517 3894 2601 3942 γε·

1860 3973 2068 4039 γονέναι
2147 3971 2236 4024 τοῦ
2310 3973 2601 4041 ὑποστῆναι

1862 4067 2020 4118 αὑτὸν
2049 4106 2061 4127 ,
2095 4066 2126 4134 ἢ
2165 4067 2224 4117 τὸ
2248 4065 2486 4116 ποικίλον
2504 4065 2599 4133 τῆς

1862 4155 2224 4216 ἀποπτώσεως
2301 4154 2422 4220 ,τῶν
2507 4154 2602 4222 οὐχ

1860 4249 2054 4319 ὁμοίως
2081 4250 2176 4318 τῆς
2211 4249 2391 4310 ὲνὰδος
2431 4250 2596 4316 ἀπορι

1863 4344 2106 4413 ῥεόντων.
2141 4343 2192 4394 Id
2220 4352 2301 4395 csl
2337 4358 2350 4389 τ

1861 4428 1946 4482 Ita
1994 4446 2110 4482 cum
2145 4430 2368 4481 mundus
2401 4444 2598 4480 summa

1861 4532 2052 4575 constet
2082 4523 2344 4586 varietate,
2371 4532 2598 4574 tantam-

1860 4629 1954 4681 que
2013 4613 2396 4665 rationabiiium
2441 4616 2601 4664 conti-

1863 4715 1977 4756 neat
2046 4705 2390 4773 diﬂ'erentiam
2422 4741 2435 4767 ,
2476 4704 2596 4771 quid

2675 3509 2804 3562 Cum
2824 3521 2949 3574 ergo
2975 3513 3118 3558 tanta
3137 3504 3206 3557 sit
3229 3503 3406 3557 mundi

2673 3599 2941 3658 varietas,
2985 3603 3144 3661 atque
3198 3593 3250 3646 in
3283 3593 3410 3660 ipsis

2674 3686 3081 3742 rationabilibus
3109 3682 3410 3736 animanti-

2674 3778 2768 3832 bns
2799 3778 2867 3831 sit
2907 3784 3050 3829 tanta
3106 3773 3406 3829 diversitas.

2673 3876 2886 3936 propter
2913 3881 3075 3932 quam
3104 3864 3268 3917 etiam
3294 3876 3409 3916 0m-

2673 3957 2756 4009 nis
2777 3955 2980 4024 reliqua
2999 3955 3230 4006 varietas
3248 3964 3311 4006 ac
3331 3951 3406 4004 di-

2673 4051 2893 4106 vetsitas
2923 4047 3152 4115 putanda
3195 4055 3275 4099 est
3314 4059 3409 4098 cx-

2675 4144 2916 4206 stitisse;
2966 4155 3125 4210 quam
3187 4154 3404 4191 causam

2675 4236 2831 4289 aliam
2857 4237 2959 4290 dici
2985 4233 3252 4305 oportebit
3300 4246 3406 4298 qua

2677 4330 2904 4384 mundus
2957 4327 3223 4382 exstiterit
3272 4324 3403 4395 (56),

2671 4421 2937 4488 praecipue
3000 4418 3043 4472 si
3105 4419 3406 4470 intueamur

2672 4515 2816 4567 illum
2882 4513 3042 4567 ﬁnem
3103 4525 3197 4579 per
3247 4522 3406 4577 quem

2670 4605 3189 4659 onmiarestituemla
3216 4604 3266 4654 in
3293 4611 3402 4655 sta-

2670 4707 2777 4752 tum
2811 4698 2947 4751 initii
2975 4696 3054 4760 sui
3082 4735 3097 4761 ,
3155 4695 3290 4749 libro
3315 4711 3405 4750 su.-

417 4871 512 4941 Sic
544 4884 677 4924 mss.
712 4869 884 4941 Alias,
918 4889 936 4921 ς
966 4872 1272 4941 devoratur.
1297 4892 1313 4922 ι

301 4877 390 4941 Π)
417 4877 512 4925 Sic
544 4884 677 4924 mss.
712 4877 876 4931 Alias,
918 4889 936 4921 ς
966 4877 1272 4924 devoratur.
1297 4892 1313 4922 ι

270 4877 387 5010 iis;
420 4936 574 5000 Mss"
613 4957 634 4992 ι
657 4939 999 4993 dementiam.
1027 4958 1046 4990 ›
1089 4939 1238 4992 Libb.
1260 4942 1383 4993 editi
1420 4959 1438 4990 ι
1463 4942 1750 4999 inclemen-

207 5008 355 5060 tiam.
370 5008 398 5061 ⁷)

294 5075 584 5145 49),ιί1)1).
610 5077 763 5144 editi,
801 5072 835 5129 ἰ
858 5091 918 5131 ea
950 5092 1069 5145 quae
1110 5078 1174 5132 de
1225 5078 1426 5130 sanctis
1457 5076 1752 5144 Scripturis

206 5141 271 5196 ab
305 5144 433 5196 aliis
481 5146 686 5210 prolata
729 5141 874 5213 sunt,
928 5141 1274 5214 eiponcmus.
1309 5168 1325 5198 ο
1380 5146 1482 5199 Sed
1537 5141 1664 5201 mss.
1697 5159 1749 5200 ut

207 5213 254 5262 in
285 5222 479 5265 nostro
515 5225 686 5267 textu.

269 5280 386 5352 (50)
421 5281 532 5352 Duo
561 5284 738 5352 luccce
789 5283 1065 5352 sequentia
1119 5283 1417 5352 fragmenta
1458 5285 1522 5335 ad
1550 5283 1749 5352 calcem

207 5350 326 5426 libri
361 5348 519 5426 primi
556 5348 1142 5426 rejecimus,:t|u0n_i_ant
1177 5348 1599 5426 ititet'prctationl
1639 5351 1745 5403 llu-

206 5420 314 5482 lini,
367 5420 461 5484 qui
491 5431 552 5469 ea
602 5423 921 5488 suppressit,
973 5423 1189 5492 adjungi
1217 5438 1247 5475 c
1282 5423 1495 5489 regione
1527 5437 1626 5475 non
1653 5435 1747 5489 po-

205 5497 392 5540 tucrun
402 5495 441 5538 ι.

271 5556 387 5624 (51)
418 5554 584 5624 Caute
619 5554 753 5622 lege.

273 5623 386 5740 (ξιξ)
419 5623 590 5676 Caute
623 5624 754 5690 lege.

274 5694 355 5734 ίεῒτ
436 5693 525 5740 Sic
565 5704 706 5740 recte
734 5710 754 5740 I'

274 5694 355 5734 ἐῖτ

436 5693 525 5745 Sic
565 5681 706 5773 recte
734 5681 886 5760 mss;
918 5695 1050 5751 male
1079 5696 1198 5751 libri
1235 5705 1388 5749 antea
1419 5695 1546 5750 editi
1588 5713 1640 5749 τε
1680 5695 1745 5748 ad

1859 4880 2138 4932 terminum
2179 4894 2240 4932 ac
2267 4879 2483 4932 tinem.)
2525 4877 2827 4942 Paulo‘post
2854 4875 2977 4927 libb.
3013 4875 3141 4928 editi
3170 4891 3182 4927 :
3226 4891 3243 4923 ς
3267 4873 3402 4939 Qum

1851 4957 1973 4998 ante
1999 4949 2252 5000 mundum
2296 4948 2376 4998 vel
2413 4957 2531 5013 post
2575 4946 2828 4997 mundum
2868 4952 3141 5010 putantur.
3197 4942 3251 4995 ltt
3296 4959 3392 5010 qut

1851 5019 2079 5080 primum
2115 5016 2395 5067 evidenter
2428 5023 2653 5082 apparet
2679 5013 3264 5082 quoadomnisstatus
3287 5013 3402 5082 ejus-

1851 5084 2044 5146 quiest
2074 5083 2252 5134 varius
2287 5098 2350 5135 ac
2381 5081 2624 5136 diversus
2673 5098 2734 5133 ex
2775 5081 3184 5134 rationabilibus
3237 5091 3286 5132 ct
3319 5081 3400 5132 di--

1851 5152 2150 5204 vinioribtts
2182 5153 2388 5204 naturis
2423 5196 2435 5216 ,
2476 5163 2526 5204 et
2566 5166 2628 5204 ex
2657 5151 2886 5204 diversis
2916 5149 3228 5216 corporibus
3275 5163 3399 5200 con-

1851 5228 2001 5271 stans
2028 5259 2042 5281 ,
2090 5217 2287 5274 scilicet
2323 5236 2393 5272 ex
2435 5222 2596 5272 mutis
2629 5217 3020 5280 animantibus,
3057 5235 3073 5265 ι
3137 5226 3240 5268 etc.
3294 5216 3400 5270 Sed

1849 5301 2036 5339 omnes
2061 5302 2188 5340 mss.
2237 5298 2294 5340 ut
2322 5290 2370 5343 in
2400 5301 2586 5342 nostro
2611 5299 2774 5342 textu.

1919 5356 2026 5422 (54)
2068 5355 2221 5416 “$3.,
2258 5375 2275 5406 ι
2315 5359 2516 5411 dicunt.
2581 5376 2597 5408 ›
2633 5356 2784 5409 Libb.
2815 5355 2964 5416 editi,
3011 5371 3029 5403 ι
3063 5354 3308 5422 dicimus.
3339 5370 3359 5403 ι

1919 5423 2026 5493 (55)
2072 5425 2231 5476 Οὕτω
2283 5425 2357 5493 δὴ
2408 5426 2872 5493 ποικιλωτάτων.
2905 5433 3008 5493 etc.
3059 5421 3255 5493 _Gt';eca
3289 5423 3395 5493 Itrljt'

1849 5488 2064 5565 uastant
2095 5496 2160 5546 ad
2200 5488 2400 5548 calcem
2442 5495 2680 5565 epistola:
2723 5488 3395 5565 Justiniani“imperatoris

1850 5561 1912 5610 ad
1959 5561 2163 5613 Menam
2198 5561 2559 5627 patrima-bant
2593 5561 3269 5627 Constantinoltolitanum.

1923 5631 2031 5701 (56)
2059 5632 2226 5687 Caute
2259 5633 2387 5700 lege.
