4136 6310
637 395 741 452 185

629 511 778 568 aliud
810 509 1085 564 dicendum
1111 524 1186 565 est
1216 510 1383 580 fuisse

625 610 806 657 (atram
835 611 888 654 ut
911 602 1193 666 subsistat,
1225 619 1379 670 quam

627 698 932 754 varietatem
973 698 1155 766 lapsus
1203 715 1380 752 eorum

1455 604 1628 672 Quod
1661 603 1847 670 utique
1903 603 1948 657 si
2022 617 2214 657 conse-

1454 705 1687 766 quenter
1734 696 1940 749 dictum
1973 694 2212 757 videtur,

627 786 719 856 qui
760 802 863 840 non
902 786 1149 839 similiter
1179 786 1243 841 ab
1264 788 1383 841 uni-
1455 803 1616 857 quam
1645 786 1832 848 aliam,
1871 796 1928 840 ut
1954 786 2212 850 diximus,

628 885 738 932 tate
764 876 1046 950 deﬂuunt.]
1457 895 1684 935 causam
1715 879 2028 948 pufabimus
2051 860 2214 932 tantm

628 966 790 1037 hujus
819 970 1002 1024 mundi
1041 969 1374 1025 diversitatis
1399 1010 1415 1036 ,
1476 972 1577 1026 nisi
1624 970 1997 1026 diversitatem
2031 985 2097 1025 ac
2122 985 2215 1021 va-

627 1062 876 1116 rietatem
911 1071 1154 1117 motuum
1187 1077 1251 1119 ac
1275 1065 1625 1134 prolapsuum
1665 1079 1854 1119 eorum
1903 1063 1996 1134 qui
2024 1063 2094 1118 ab
2125 1062 2211 1116 illa

626 1153 766 1209 initii
798 1155 1011 1211 unitate
1050 1165 1213 1226 atque
1240 1157 1529 1213 concordia
1585 1157 1637 1210 in
1674 1172 1778 1228 qua
1808 1171 1838 1210 a
1875 1155 1984 1211 Deo
2024 1156 2215 1226 primi-

626 1253 718 1300 tus
755 1247 1026 1314 procreati
1065 1257 1211 1311 sunt,
1242 1247 1565 1302 deciderunt
1596 1291 1610 1314 ,
1646 1257 1700 1303 et
1734 1249 1802 1302 ab
1833 1247 1925 1301 illo
1949 1247 2212 1302 bonitatis

629 1342 776 1389 statu
807 1337 1064 1390 commoti
1096 1346 1260 1407 atque
1285 1338 1558 1404 distracti,
1594 1339 1824 1393 diversis
1860 1339 2058 1393 dehinc
2089 1340 2211 1392 ani-

624 1441 838 1492 morum
879 1429 1114 1483 motibus
1147 1444 1212 1486 ac
1239 1430 1533 1487 desideriis
1581 1431 1772 1500 agitati
1804 1471 1820 1496 ,
1879 1448 2044 1485 unum
2076 1432 2211 1487 illud

623 1527 679 1573 et
711 1519 1061 1573 indiscretum
1119 1530 1332 1576 natura:
1381 1537 1494 1577 sua:
1534 1523 1735 1578 bonum
1763 1537 1862 1592 pro
1894 1523 2213 1580 intentionis

624 1624 736 1664 suae
772 1609 1085 1666 diversitate
1111 1613 1162 1666 in
1192 1613 1379 1668 varias
1406 1613 1752 1669 deduxerunt
1783 1614 2048 1669 mentium
2079 1631 2212 1686 qua-

625 1701 850 1756 litates?

694 1793 749 1847 2.
793 1793 935 1849 Deus
952 1810 1080 1851 vero
1105 1812 1202 1866 per
1230 1797 1557 1854 ineﬂ'ahilem
1589 1801 1873 1870 sapientiae
1899 1818 2012 1859 suae
2037 1815 2207 1860 artem

1873 383 2199 445 ORIGENIS
2233 385 2393 438 ΠΕΡΙ
2432 384 2666 438 ΑΡΧΩΝ

1456 509 1659 580 periori
1727 509 2028 565 dissertum
2087 518 2172 564 est
2199 504 2222 558 ?
2253 505 2298 562 Α
2329 517 2437 558 non
2470 512 2651 558 tamen
2683 500 2975 556 dissonans
2997 509 3176 570 atque
3202 513 3230 554 a
3259 511 3317 554 se
3343 496 3652 569 discrepans
3700 500 3893 554 mundi

3690 362 3892 435 ‘tss

2319 595 2485 652 totius
2537 595 2924 666 intelligendus
2965 602 3050 647 est
3113 600 3332 655 status;
3378 588 3472 644 sed
3508 589 3650 644 sicut
3694 604 3894 659 corpus

2320 699 2567 744 nostrum
2604 704 2769 744 unmn
2803 702 2868 743 ex
2897 686 3079 741 amitis
3110 683 3370 740 membris
3398 690 3640 752 aptatum
3671 681 3783 752 (6%)
3804 690 3920 736 est.

2315 790 2370 836 et
2403 783 2472 837 ab
2504 783 2612 836 una
2639 781 2818 836 anima
2847 779 3187 842 continetur,
3217 778 3290 830 ita
3309 785 3363 831 et
3391 776 3704 830 universum
3733 788 3894 827 mun-

2316 877 2443 931 dum
2472 875 2621 930 velut
2651 871 2854 930 animal
2891 871 3513 945 quoddamimmensum
3573 875 3734 936 atque
3786 865 3894 919 im-

2318 986 2472 1026 mane
2518 970 2847 1040 opinamlum
2880 976 3009 1039 puto
3061 964 3223 1037 (65)-,
3275 963 3417 1034 quod
3471 962 3627 1032 quasi
3657 959 3726 1014 ab
3779 973 3891 1014 una

2319 1065 2500 1119 anima
2532 1064 2735 1119 virtute
2773 1062 2864 1117 Dei
2897 1058 3008 1132 ’18
3061 1075 3127 1114 ac
3161 1058 3372 1113 ratione
3405 1063 3672 1110 teneatur.
3734 1051 3892 1118 Quod

2317 1157 2482 1210 etiam
2519 1172 2548 1210 a
2585 1164 2772 1210 sancta
2804 1152 3085 1222 Scriptura
3114 1147 3345 1204 indicari
3369 1145 3605 1202 arbitror
3635 1159 3731 1213 per
3757 1142 3893 1196 illud

2317 1249 2460 1316 quod
2494 1247 2698 1301 dictum
2732 1254 2816 1300 est
2864 1258 2958 1312 per
2989 1239 3305 1314 prophetam
3341 1251 3357 1291 :
3406 1223 3430 1288 ι’
3455 1233 3642 1290 Nonne
3690 1233 3891 1289 emtum

2316 1350 2371 1394 et
2407 1349 2608 1394 terram
2638 1351 2741 1408 ego
2765 1335 2966 1405 repleo,
2993 1333 3123 1388 dicit
3148 1331 3404 1386 Dominus
3425 1329 3471 1360 δι
3491 1328 3550 1382 ἲ»
3579 1336 3632 1382 et
3657 1326 3848 1380 iterum
3875 1343 3890 1378 :

2319 1447 2339 1482 ι
2366 1428 2581 1484 Caelum
2624 1429 2754 1484 mihi
2777 1428 2954 1492 sedes,
2991 1434 3133 1481 terra
3168 1434 3348 1480 autem
3371 1422 3664 1478 scabellum
3694 1421 3891 1491 pedum

2315 1521 2627 1577 meorum“
2649 1561 2663 1586 ,
2685 1540 2703 1572 ι
2753 1529 2809 1575 et
2847 1519 2989 1590 quod
3026 1517 3275 1574 Salvator
3299 1516 3432 1571 dixit
3457 1512 3566 1584 (64)
3597 1557 3611 1580 ,
3665 1527 3786 1566 cum
3813 1509 3896 1565 ait

2317 1628 2424 1666 non
2453 1611 2744 1682 iurandum
2800 1632 2819 1664 ί
2852 1627 3026 1681 neque
3061 1626 3154 1681 per
3189 1609 3383 1664 caelum
3404 1647 3421 1670 ,
3459 1606 3582 1675 quia
3611 1605 3765 1660 sedes
3793 1604 3890 1658 Dei

2315 1715 2398 1761 est
2432 1723 2446 1772 ;
2479 1719 2655 1774 neque
2685 1719 2780 1773 per
2816 1711 3042 1769 terram,
3073 1701 3196 1769 quia
3223 1697 3509 1755 scabellum
3535 1697 3728 1766 pedum
3767 1694 3892 1760 ejus
3923 1761 3930 1764 ξ

2315 1797 2482 1853 est”.
2525 1815 2544 1850 ι
2609 1795 2714 1852 Sed
2773 1804 2827 1849 et
2858 1794 2987 1848 illud
3032 1795 3174 1863 quod
3224 1792 3302 1846 ait
3345 1789 3540 1844 Paulus
3589 1802 3713 1843 cum
3743 1785 3889 1854 apud

624 1885 806 1940 omnia
833 1900 952 1955 quae
978 1864 1361 1956 quoquomodo
1390 1892 1525 1946 llutit
1554 1864 1668 1964 (57)
1697 1934 1710 1958 ,
1742 1894 1808 1948 ad
1840 1895 1973 1950 utile
2002 1895 2206 1967 aliquid
2241 1864 2283 1918 Β
2315 1887 2685 1942 Athenienses
2725 1886 3146 1942 concionaretur
3175 1923 3192 1948 ,
3250 1883 3437 1936 dicens
3486 1879 3738 1949 quoniam
3778 1893 3798 1928 ί
3822 1877 3889 1953 in

621 1987 676 2031 et
705 1979 770 2032 ad
791 1994 1133 2034 communem
1161 1983 1401 2037 omnium
1430 1984 1829 2042 transformans
1853 2002 1916 2043 ac
1945 2003 2208 2058 reparans

628 2069 932 2140 profectum
961 2111 976 2136 ,
1039 2073 1138 2127 has
1171 2073 1315 2144 ipsas
1339 2084 1622 2131 creaturas
1667 2093 1788 2148 qua:
1836 2094 1864 2132 a
1899 2081 2209 2152 semetipsis

625 2162 679 2215 in
720 2171 926 2216 tantum
964 2165 1268 2220 animorum
1301 2168 1563 2222 varietate
1598 2170 1914 2238 distabant,
1952 2171 2006 2226 in
2040 2188 2205 2227 unum

623 2253 914 2320 quemdam
950 2265 1174 2330 revocat
1199 2255 1384 2325 operis
1409 2255 1685 2328 studiique
1715 2273 2042 2316 consensum
2071 2261 2206 2334 (58),

626 2353 685 2398 ut
711 2345 942 2401 diversis
972 2346 1098 2402 licet
1135 2349 1374 2404 motibus
1427 2352 1733 2406 animorum
1763 2393 1777 2416 ,
1829 2354 1993 2410 unius
2027 2363 2206 2412 tamen

622 2437 811 2491 mundi
855 2438 1248 2508 plenitudinem
1281 2442 1788 2517 perfectionemque
1826 2459 2211 2505 consumment

623 2528 732 2600 (59)
769 2571 784 2597 ,
813 2541 978 2602 atque
1025 2535 1089 2587 ad
1134 2549 1298 2589 unum
1338 2535 1694 2603 perfectionis
1749 2536 1908 2593 linem
1937 2541 2200 2597 ‘varietas

619 2620 738 2692 ipsa
775 2623 1035 2684 mentium
1062 2625 1264 2679 tendat.
1303 2625 1418 2681 Una
1460 2642 1693 2700 namque
1731 2631 1906 2686 virtus
1954 2642 2036 2688 est
2087 2649 2209 2703 quae

619 2725 836 2766 omnem
866 2715 1050 2767 mundi
1094 2715 1479 2772 diversitatem
1502 2721 1829 2792 constringit
1862 2731 1918 2777 ct
1947 2727 2208 2792 continet,

620 2804 872 2873 atquein
902 2821 1070 2859 unum
1104 2808 1247 2876 opus
1269 2809 1451 2865 varios
1478 2811 1591 2883 agit
1622 2821 1804 2869 motus
1838 2855 1854 2880 ,
1893 2829 1963 2870 ne
2002 2816 2214 2872 scilicet

621 2902 734 2964 tam
793 2897 1116 2952 immensum
1168 2902 1353 2956 mundi
1410 2918 1547 2972 opus
1603 2903 1848 2962 dissidiis
1903 2906 2212 2963 solveretur

620 2988 954 3046 animorum.
1013 2991 1082 3045 Et
1114 3003 1336 3062 propter
1389 2996 1491 3051 hoc
1529 2997 1820 3068 opinamur
1857 2999 1967 3073 (60)
2009 3016 2209 3070 paren-

624 3089 728 3136 tem
762 3083 1006 3138 omnium
1041 3086 1208 3140 Deum
1244 3101 1341 3157 pro
1369 3089 1546 3145 salute
1579 3091 1961 3148 universarum
1989 3104 2211 3150 creatu-

2311 1980 2429 2049 ipso
2461 1979 2720 2045 vivimus,
2749 1988 2802 2034 et
2831 1991 3131 2041 movemur,
3161 1987 3215 2030 et
3241 1989 3426 2028 sumus
3445 1973 3510 2028 “.
3547 1992 3565 2025 ι
3609 1969 3893 2039 Quomodo

2310 2072 2456 2126 enim
2485 2072 2538 2125 in
2571 2072 2681 2126 Deo
2706 2069 2937 2125 vivimus
2967 2108 2998 2134 ,,
3023 2078 3079 2122 et
3102 2081 3402 2130 movemur,
3432 2076 3487 2119 et
3508 2079 3727 2128 sumus,
3781 2062 3890 2116 nisi

2310 2165 2456 2236 quod
2487 2166 2693 2218 virtute
2719 2177 2815 2218 sua
2843 2161 3160 2216 universnm
3194 2157 3519 2226 constringit
3547 2167 3603 2212 et
3647 2156 3893 2211 continet

2313 2259 2572 2314 mundum
2604 2256 2628 2311 ‘i
2683 2255 2965 2323 Quomodo
3013 2262 3192 2308 autem
3245 2252 3438 2306 malum
3471 2251 3632 2306 sedes
3660 2249 3750 2304 Dei
3780 2258 3890 2312 est,

2311 2360 2368 2407 et
2392 2351 2541 2406 terra
2573 2351 2872 2406 scabellum
2910 2349 3107 2419 pedum
3139 2347 3282 2417 ejus,
3321 2346 3462 2401 sicut
3491 2345 3603 2415 ipse
3635 2344 3892 2399 Salvator

2291 2445 2634 2520 pronuntiat
2664 2484 2680 2513 ,
2722 2443 2826 2500 nisi
2857 2443 2985 2512 quia
3014 2449 3068 2497 et
3105 2441 3160 2495 in
3191 2441 3331 2496 caelo
3361 2448 3415 2496 et
3440 2439 3492 2494 in
3539 2448 3684 2493 terra
3713 2437 3894 2490 virtus

2312 2538 2434 2608 ejus
2459 2538 2630 2608 replet
2661 2538 2912 2593 universa
2944 2535 3084 2590 sicut
3131 2543 3188 2590 et
3223 2534 3355 2589 dicit
3385 2531 3688 2588 Dominus?
3737 2529 3893 2602 Quo-

2313 2631 2476 2684 modo
2503 2642 2635 2696 ergo
2667 2641 2865 2698 parens
2893 2625 3134 2681 omnium
3186 2626 3325 2680 Deus
3377 2623 3684 2679 universum
3725 2635 3891 2674 mun-

2313 2719 2440 2774 dum
2474 2717 2696 2773 virtutis
2748 2716 3083 2787 plenitudine
3121 2715 3330 2785 repleat
3380 2724 3541 2783 atque
3588 2711 3889 2774 contineat,

2312 2825 2378 2866 ex
2409 2811 2492 2866 bis
2521 2825 2642 2880 quas
2671 2809 3007 2865 ostendimus
3059 2823 3170 2864 non
3220 2818 3349 2878 puto
3389 2819 3714 2876 quemquam
3744 2801 3892 2856 difﬁ-

2312 2903 2491 2958 culter
2521 2917 2787 2958 annuere.
2822 2900 2939 2957 Jam
2998 2915 3133 2958 sane
3181 2895 3590 2969 quoniamt65)
3642 2893 3892 2950 diversos

2314 3004 2496 3050 motus
2523 2989 2926 3050 rationabilium
2968 3003 3346 3048 creaturarum
3373 3032 3391 3056 ,
3450 2989 3736 3057 variasque
3763 2999 3890 3039 seu-

2316 3086 2516 3142 tentias
2572 3101 2795 3143 causam
2837 3085 3051 3142 dedisse
3099 3082 3435 3140 diversitatis
3489 3079 3689 3135 mundo
3738 3077 3887 3143 huic,

621 3187 807 3228 rarum
843 3188 1060 3229 suarum
1092 3192 1189 3246 per
1216 3178 1544 3236 iuell'abilem
1579 3179 1740 3238 Verbi
1772 3183 1858 3239 sui
1894 3199 1957 3240 ac
1991 3187 2209 3256 sapien-
2233 3201 2282 3262 ς
2315 3195 2495 3236 sermo
2525 3180 2823 3249 superioris
2852 3177 3232 3250 disputationis
3279 3173 3555 3239 ostendit,
3593 3169 3886 3226 videndum

625 3263 714 3319 tia:
741 3265 1004 3319 tationem
1036 3268 1108 3321 ita
1144 3269 1256 3323 haec
1283 3270 1492 3339 singula
1526 3272 1891 3344 dispensasse,
1922 3285 1982 3331 ut
2004 3277 2204 3348 singuli

622 3357 826 3426 quique
849 3357 1098 3427 spiritus,
1130 3360 1210 3414 vel
1238 3362 1446 3427 animi‘,
1484 3363 1568 3419 vel
1603 3370 1986 3435 quoquomodo
2021 3369 2207 3440 appel-

621 3446 796 3503 landae
823 3457 952 3503 sunt
1000 3451 1348 3508 rationabiles
1397 3456 1806 3525 subsistentia,
1869 3470 2204 3515 non-contra

623 3539 837 3595 arbitrii
891 3540 1237 3610 libettatem,
1285 3544 1335 3598 vi
1375 3546 1428 3599 in
1485 3546 1630 3601 aliud
1662 3542 1776 3618 (61)
1805 3562 1968 3619 quam
2023 3561 2207 3609 motus

624 3631 820 3685 utentis
851 3645 962 3685 sua:
992 3642 1179 3702 ageret
1208 3677 1223 3701 ,
1259 3645 1586 3704 cogerentur
1619 3678 1634 3702 ,
1669 3646 1722 3691 et
1753 3652 1850 3706 per
1900 3640 2004 3696 hoc
2039 3643 2204 3696 adimi

617 3721 801 3788 [abhis
832 3723 1110 3778 videretur
1141 3725 1296 3780 liberi
1332 3726 1562 3781 facultas
1604 3729 1812 3783 arbitrii
1854 3746 1868 3796 ;
1921 3731 2065 3800 quod
2097 3731 2206 3786 uti-

622 3822 731 3876 que
761 3810 1075 3876 qualitatem
1118 3812 1227 3880 jam
1284 3825 1490 3867 naturae
1536 3816 1704 3882 ipsius
1740 3818 2106 3886 immutabat;
2149 3832 2206 3876 et

623 3900 822 3954 diversi
857 3910 1032 3956 motus
1063 3906 1321 3973 propositi
1357 3922 1546 3962 earum
1581 3909 1646 3962 ad
1673 3912 1835 3965 unius
1864 3914 2047 3966 mundi
2079 3929 2206 3968 con-

623 3990 930 4046 sonantiam
988 4003 1363 4063 competenter
1414 4007 1578 4066 atque
1611 3980 1814 4055 uti-liter
1861 4013 2204 4072 aptarentur,

625 4082 757 4137 dum
789 4075 912 4139 alia:
934 4083 1110 4152 juvari
1143 4089 1409 4161 indigent,
1453 4092 1785 4164 alimjuvare
1814 4108 2059 4163 possunt,
2085 4099 2206 4152 alia:

626 4190 758 4230 vero
782 4177 1194 4246 proficientibus
1217 4185 1517 4238 certamina
1546 4195 1710 4255 atque
1735 4202 1940 4257 agones
1966 4199 2202 4258 movent,

624 4270 676 4324 in
707 4271 902 4340 quibus
949 4273 1506 4340 corumprobabilior
1561 4278 1854 4335 haberetur
1909 4281 2203 4349 industria,

622 4373 677 4418 ct
701 4363 901 4419 certior
951 4373 1073 4433 post
1136 4365 1427 4421 victoriam
1487 4373 1725 4438 reparati
1782 4375 1985 4444 gradus
2045 4376 2206 4430 statio

624 4465 897 4511 teneretur
921 4471 1041 4525 qua:
1091 4470 1188 4524 per
1221 4456 1565 4516 dillicultates
1603 4461 1968 4520 laborantium
1999 4469 2204 4522 consti-

623 4549 798 4603 tisset.
1736 4563 1741 4568 ·

689 4639 745 4695 5.
769 4640 1027 4708 Quamvis
1055 4654 1185 4711 ergo
1220 4639 1272 4694 in
1311 4641 1538 4697 diversis
1568 4641 1637 4697 sit
1675 4642 1869 4700 ciliciis
1893 4647 2202 4721 ordinatus,

691 4832 961 4890 “Jerem.
1006 4848 1164 4898 χχιιι,
1200 4832 1292 4886 24.
1384 4834 1429 4865 δ’
1462 4831 1563 4887 lsa.
1595 4846 1738 4897 txvt,
1802 4833 1848 4885 l.

696 5013 808 5082 (δῖ)
847 5012 996 5076 Mss,
1032 5033 1048 5063 ι
1085 5016 1237 5069 ῐὶιιιιι.
1276 5036 1292 5067 ι
1328 5016 1480 5069 Libb.
1520 5017 1674 5082 editi,
1719 5035 1735 5066 ι
1770 5015 1996 5072 iuerint.
2031 5035 2049 5066 ι

696 5033 750 5082 ζ’)
791 5033 808 5082 )
847 5033 996 5076 mss.,
1032 5033 1048 5063 ι
1085 5033 1173 5067 nut

696 5033 809 5148 {343)
845 5083 1181 5152 pattlelcge.

695 5154 805 5222 (59)
838 5150 1322 5222 Perfectioitemque
1351 5167 1728 5211 consumment.
1771 5156 1860 5212 Sic
1889 5171 2041 5223 mss.;
2072 5158 2209 5211 Mero

635 5223 777 5276 linus
811 5238 964 5282 vero,
1008 5241 1025 5272 ι
1054 5223 1408 5290 perfectionis
1435 5239 1797 5282 C(lllSllllltnel.
1835 5247 1852 5279 ι

702 5292 817 5368 (60)
860 5291 950 5344 Sic
991 5307 1121 5368 mss.
1167 5292 1493 5368 Ltbb_._cditi
1525 5335 1540 5360 ,
1593 5314 1611 5346 ε
1643 5311 1865 5368 propter
1911 5299 2025 5352 hate
2065 5299 2208 5350 enim

631 5366 925 5436 opinantur
955 5362 1193 5436 quidam.
1233 5383 1250 5415 ι
1297 5365 1412 5417 Mox
1465 5362 1659 5420 omnes
1698 5362 1828 5422 nisa.
1859 5408 1876 5434 ,
1939 5387 1956 5419 ι
1999 5385 2091 5436 per
2124 5371 2206 5420 in-

630 5433 945 5505 etl‘abilem,
981 5444 1086 5505 etc.
1143 5434 1216 5485 Ita
1270 5437 1381 5487 haec
1427 5436 1636 5502 singula
1669 5433 2037 5505 dispeuSasse.
2069 5459 2086 5489 ι
2151 5437 2206 5490 lu
2243 5475 2245 5478 ‹

637 5504 768 5556 libb.
800 5502 962 5578 editis
997 5503 1150 5578 deest
1191 5523 1209 5554 ε
1241 5520 1335 5571 per
1361 5525 1417 5578 ,i
1477 5517 1533 5556 ct
1571 5510 1719 5578 apud,
1743 5502 2023 5578 lilerlinum
2081 5510 2210 5578 legi-

637 5585 723 5627 tur
750 5613 766 5636 ,
805 5592 823 5624 ι
888 5573 961 5645 ita
999 5571 1192 5645 inhoc
1215 5576 1468 5644 singula;
1513 5592 1540 5625 ι
1581 5571 1722 5644 apud
1771 5571 2208 5645 Gcnebrardum,

643 5663 660 5695 ι
703 5646 773 5698 ila
811 5645 873 5712 in,
901 5643 1016 5696 hac
1045 5642 1272 5712 singula.
1310 5642 1328 5695 ὗ

707 5711 932 5786 (ﬁtilla
968 5725 1094 5765 mss.
1146 5711 1308 5786 Libb.
1342 5730 1470 5786 vero
1500 5713 1628 5766 editi
1661 5754 1674 5777 ,
1734 5733 1751 5764 ‹
1792 5720 2061 5784 quomodo
2113 5737 2205 5786 ap-

637 5783 896 5853 pellanda":
938 5790 1062 5837 sunt
1112 5784 1458 5838 rationabiles
1516 5783 1832 5840 subsmntite
1882 5801 1985 5842 nun
2018 5783 2206 5846 contra

638 5852 853 5910 arbitrii
875 5852 1190 5910 libertatem
1217 5854 1300 5909 vel
1326 5856 1379 5908 in
1404 5855 1569 5925 aliud,
1607 5878 1624 5908 ι
1657 5865 1762 5911 etc.

2313 3287 2382 3328 ne
2418 3272 2560 3328 lorte
2613 3273 2811 3328 similis
2866 3272 3022 3327 initio
3071 3268 3186 3341 (66)
3241 3268 3421 3323 exitus
3479 3277 3698 3336 quoque
3757 3263 3886 3318 huic

2310 3362 2514 3417 mundo
2543 3363 2858 3418 conveniat.
2912 3359 3144 3416 Dubium
3168 3360 3312 3443 enim
3343 3357 3455 3428 (67)
3483 3371 3589 3411 non
3637 3364 3720 3410 est
3750 3355 3882 3424 quin

2311 3451 2434 3507 linis
2464 3451 2708 3527 ipsius'in
2745 3451 3064 3509 diversitate
3109 3452 3279 3507 multa
3319 3448 3499 3505 adhuc
3525 3459 3579 3502 et
3623 3447 3888 3501 varietate

2311 3541 2664 3616 reperiendus
2682 3546 2775 3610 sit,
2804 3559 2923 3613 quae
2947 3546 3135 3612 utique
3161 3543 3398 3596 varietas
3427 3539 3480 3594 iu
3504 3538 3666 3608 hujus
3695 3541 3886 3616 mumii

2302 3637 2416 3698 fine
2451 3637 2784 3706 deprehensa
2836 3650 3033 3691 causas
3087 3634 3201 3704 (68)
3261 3648 3449 3688 rursus
3503 3631 3884 3686 diversitatum

2308 3727 2538 3780 alterius
2567 3726 2751 3780 mundi
2775 3734 2897 3796 post
2927 3726 3070 3779 hunc
3109 3722 3276 3779 futuri
3300 3722 3723 3790 occasionesque
3747 3735 3888 3790 pne-

2308 3818 2493 3872 stabit.

2377 3909 2430 3963 4.
2465 3909 2621 3977 Quod
2645 3910 2690 3964 si
2721 3910 2833 3966 haec
2859 3910 2928 3964 ita
2959 3923 3075 3964 esse
3098 3908 3232 3962 ordo
3260 3904 3885 3975 disputationisinvenit,

2308 4019 2650 4074 consequens
2680 4019 2823 4058 nunc
2852 4005 3064 4059 videtur
3088 4045 3104 4070 ,
3146 4004 3404 4073 quoniam
3441 4002 3622 4057 mundi
3653 4000 3887 4056 diversi-

2310 4107 2394 4150 tas
2417 4096 2538 4150 siue
2562 4097 2882 4164 corporibus
2912 4095 3211 4150 subsistere
3244 4110 3349 4149 non
3405 4103 3586 4164 potest
3612 4093 3744 4166 (69),
3787 4110 3886 4151 ηει-

2311 4197 2444 4242 turaa
2473 4203 2750 4258 corporeae
2777 4189 3050 4242 discutere
3103 4186 3388 4240 rationem.
3441 4186 3517 4240 Ex
3563 4187 3722 4240 rebus
3754 4185 3887 4256 ipsis

2311 4285 2537 4345 apparet
2561 4280 2703 4346 quod
2766 4279 3036 4331 diversam
3084 4276 3395 4345 variamque
3428 4276 3884 4344 permutationem

2311 4369 2542 4437 recipiat
2569 4379 2760 4423 natura
2783 4385 3042 4438 corporea
3065 4408 3081 4432 ,
3131 4370 3204 4422 ita
3231 4381 3289 4423 ut
3331 4349 3502 4437 possit
3533 4384 3600 4422 ex
3632 4367 3884 4422 omnibus

2311 4461 2365 4514 in
2393 4461 2577 4516 omnia
2606 4461 3021 4527 transformari;
3057 4461 3220 4526 sicut,
3264 4463 3409 4516 verbi
3435 4461 3604 4530 gratia
3629 4460 3880 4524 dixerint,

2237 4531 2283 4590 ί)
2311 4554 2518 4625 lignum
2574 4553 2626 4608 iu
2662 4555 2840 4623 ignem
2872 4557 3104 4610 vertitur
3126 4594 3144 4621 ,
3197 4564 3251 4607 et
3279 4554 3416 4624 ignis
3445 4555 3496 4609 in
3529 4554 3769 4617 fumum,
3826 4561 3882 4606 et

2312 4648 2494 4702 fumus
2527 4649 2577 4700 in
2609 4662 2814 4706 aerem.
2865 4647 2970 4703 Sed
2997 4663 3050 4702 et
3077 4649 3179 4705 olei
3211 4649 3386 4718 liquor
3421 4649 3473 4704 in
3505 4649 3684 4720 ignem
3709 4658 3879 4704 muta-

1933 4835 1977 4866 "
2015 4834 2203 4892 Matth.
2261 4808 2349 4914 ἠί,
2397 4837 2486 4892 Si.
2565 4834 2610 4866 “
2655 4837 2775 4890 Act.
2814 4847 2944 4897 xvn,
2987 4829 3077 4891 28.

2392 5021 2504 5092 (6⁵2)
2539 5022 2611 5092 Ita
2639 5034 2769 5092 mss.
2803 5017 2953 5092 Libli.
2979 5015 3110 5092 editi
3145 5057 3158 5078 ,
3215 5029 3234 5062 ι
3267 5018 3468 5092 aptum.
3501 5027 3520 5060 ι
3569 5008 3686 5089 _Mox
3722 5023 3874 5074 mss.,

2323 5108 2340 5139 ι
2365 5087 2509 5144 velut
2527 5090 2725 5144 animal
2747 5088 3013 5158 quoddam
3033 5087 3352 5158 immensum
3380 5088 3543 5147 atque
3567 5087 3820 5134 immane.
3853 5098 3874 5131 ο

2317 5159 2373 5212 In
2408 5171 2564 5213 antea
2593 5154 2953 5220 editis‘dct-st,
2990 5173 3007 5204 ι
3031 5154 3374 5220 immensum.
3410 5166 3429 5198 ι

2389 5228 2500 5299 (65)
2543 5229 2740 5283 Confer
2765 5229 3037 5299 Platonem
3080 5223 3143 5299 in_
3169 5219 3384 5299 Πηξςινρ.
3529 5287 3540 5299 _
3567 5287 3579 5299 _
3638 5286 3652 5299 .
3705 5259 3708 5262 .

2389 5286 2500 5367 (64)
2532 5299 2706 5352 "Dixit.
2753 5298 3094 5352 Desideratur
3133 5292 3184 5345 in
3219 5288 3400 5352 editis,
3449 5287 3542 5342 sed
3567 5286 3793 5344 habetur
3825 5290 3876 5340 in

2315 5387 2445 5428 mss.

2390 5439 2500 5507 (65)
2546 5439 2636 5510 Sic
2669 5454 2795 5492 mss.
2821 5437 2992 5510 Alias,
3020 5451 3039 5484 ι
3069 5430 3356 5510 (ιιίοιιιριιο.
3395 5447 3432 5510 ι⁸
3477 5499 3489 5509 ο
3521 5499 3532 5510 ι

2390 5500 2502 5576 (66)
2543 5501 2634 5562 Sic
2666 5525 2795 5564 mss.
2827 5500 2994 5572 Alias,
3025 5520 3045 5555 ε
3083 5500 3242 5556 simul
3267 5515 3388 5554 cum
3421 5500 3591 5558 initio.
3631 5520 3650 5553 ι

2388 5579 2498 5649 (67)
2540 5580 2709 5631 (laute
2740 5579 2874 5647 lege.

2393 5639 2505 5704 268')
2547 5649 2767 5706 Causas.
2790 5639 2968 5702 VDcest
2998 5647 3050 5700 in
3087 5652 3244 5697 antea
3275 5643 3433 5698 editis
3469 5684 3486 5710 ,γ
3532 5640 3626 5697 sed
3651 5639 3878 5696 habetur

2318 5742 2367 5778 Ill
2400 5735 2529 5774 "15$.

2390 5789 2498 5863 (69)
2542 5788 2633 5844 Sic
2669 5805 2796 5844 mss.
2822 5789 2990 5853 Alias,
3033 5804 3050 5835 ε
3076 5785 3290 5857 poterit.
3325 5803 3346 5840 ι
