4136 6310
213 417 329 484 ’183

1521 450 1719 508 LIBER
1762 446 2140 507 SECUNDUS.

223 553 336 600 tur.
389 545 544 601 Esca:
604 563 816 620 quoque
882 551 1011 622 ipsz'e
1056 556 1141 611 vel
1198 555 1499 625 hominum,
1558 562 1640 615 vel
1688 563 1808 615 ani-
1838 565 1885 620 A
1914 561 2111 616 tionem
2144 577 2321 617 rerum
2352 562 2618 633 possimus
2655 559 2943 616 dilucidius
2990 559 3236 627 intueri,
3271 574 3464 618 com-

226 636 452 691 malium
485 655 665 694 nonne
706 645 953 698 eamdem
1003 650 1416 715 permutationis
1450 666 1669 704 causam
1703 653 1800 707 de-

223 728 480 783 clarant?
509 729 644 785 Nam
674 735 1034 805 quodcunque
1067 739 1194 791 illud
1215 748 1298 793 est
1325 741 1468 810 quod
1503 757 1598 810 per
1625 741 1800 796 cibum

224 822 622 889 sumpserimus
647 864 662 889 ,
707 827 758 879 in
786 831 1029 899 corporis
1062 834 1234 885 nostri
1273 829 1632 887 substantiam
1686 849 1802 888 vcr-

225 906 388 966 titurl
415 913 521 968 Sed
553 924 608 970 et
635 921 871 985 qualiter
898 909 1034 990 aqua
1073 934 1308 978 mutetur
1355 924 1408 977 in
1443 934 1642 978 terram
1671 966 1686 988 ,
1718 927 1802 980 vel

223 1003 281 1056 in
302 1017 506 1070 aerem,
534 1014 587 1060 et
609 1022 698 1061 aer
721 1024 906 1065 rursus
931 1011 982 1064 in
1015 1011 1222 1081 ignem,
1252 1013 1333 1067 vel
1358 1015 1496 1083 ignis
1523 1015 1574 1068 in
1597 1031 1800 1080 aerem,

221 1093 312 1148 vel
335 1109 432 1149 aer
480 1095 532 1150 in
562 1113 782 1166 aquam,
841 1103 1089 1169 quamvis
1120 1118 1224 1158 non
1256 1104 1328 1159 sit
1360 1103 1648 1159 difficultas
1707 1122 1802 1160 ex-

221 1196 426 1250 ponere
457 1184 693 1258 (70-71),
727 1197 902 1243 tamen
931 1191 984 1244 in
1027 1195 1274 1261 praiscnti
1309 1193 1428 1249 loco
1479 1210 1540 1249 ea
1598 1196 1801 1251 sufficit

221 1278 600 1330 tantummodo
630 1293 1084 1337 commemorasse
1128 1283 1326 1340 volenti
1353 1288 1657 1355 corporalis
1688 1305 1802 1343 ma-

223 1367 377 1420 teria:
403 1368 675 1425 discutere
704 1373 992 1427 rationem.
1049 1375 1330 1432 Materiam
1359 1392 1488 1450 ergo
1543 1380 1798 1451 intelligi-

222 1473 346 1513 mus
386 1475 507 1529 qnaa
550 1461 798 1531 subjecta
827 1478 909 1520 est
938 1468 1296 1537 corporibus,
1360 1472 1412 1526 id
1461 1484 1546 1528 est
1585 1490 1652 1528 ex
1691 1491 1796 1543 qua

221 1546 410 1605 inditis
459 1562 631 1620 atque
688 1555 908 1610 insertis
968 1553 1319 1625 qualitatibus
1373 1577 1600 1632 corpora
1667 1568 1798 1620 sub-

221 1641 448 1698 sistunt.
480 1644 783 1710 Qualitates
817 1658 998 1703 autem
1054 1660 1288 1719 quatuor
1340 1654 1608 1711 dicimus:
1671 1659 1797 1714 cali-t

221 1730 369 1797 dam,
405 1733 678 1803 frigidam,
728 1740 971 1806 aridam,
1031 1743 1323 1797 humidam.
1386 1745 1516 1812 Quae
1566 1759 1800 1815 quatuor

223 1823 516 1898 qualitates
549 1826 648 1901 ὕλῃ
682 1869 696 1892 ,
739 1830 788 1883 id
823 1843 901 1885 est
937 1837 1178 1890 materia:
1218 1837 1432 1892 inserta:
1461 1880 1476 1903 ,
1521 1845 1645 1909 quia
1683 1858 1798 1896 ma-

221 1915 360 1971 teria
392 1921 612 1987 propria
649 1921 857 1976 ratione
888 1937 1040 1979 extra
1078 1928 1174 1982 has
1202 1943 1321 1985 esse
1362 1929 1633 1987 invenitur
1663 1950 1796 2003 quas
1829 1905 1872 1959 Β

213 2017 385 2076 Supra
419 2010 660 2066 diximus
697 2015 982 2083 qualitates
1004 2057 1020 2082 ,
1075 2018 1319 2080 diversas
1349 2040 1635 2094 corporum
1670 2042 1790 2096 spe-

213 2096 333 2159 cies
363 2097 625 2155 efﬁciunt.
699 2106 828 2161 Haec
887 2117 1068 2162 tamen
1122 2118 1350 2170 materia
1383 2119 1631 2186 quamvis
1665 2160 1680 2182 ,
1733 2128 1792 2172 ιιι

222 2189 670 2267 Supradiximus,
708 2198 1003 2250 secundum
1040 2213 1193 2253 suam
1224 2208 1494 2273 propriam
1529 2209 1792 2262 rationem

229 2285 351 2340 sine
373 2281 734 2360 qualitatibus
774 2287 884 2353 sit,
937 2307 1209 2361 nunquam
1265 2305 1440 2351 tamen
1500 2296 1795 2354 subsistere

213 2371 374 2429 extra
399 2377 716 2445 qualitatem
764 2379 1059 2436 invenitur.
1121 2386 1270 2442 llanc
1319 2405 1450 2459 ergo
1511 2393 1791 2446 materiam

211 2477 509 2534 qumtanta
535 2482 592 2526 et
625 2471 747 2526 talis
775 2485 859 2528 est
895 2490 952 2529 ut
987 2476 1233 2534 sufﬁcere
1285 2481 1350 2535 ad
1380 2485 1558 2537 omnia
1609 2484 1792 2538 mundi

213 2572 474 2626 corpora,
511 2576 630 2629 quae
661 2576 778 2616 esse
812 2562 951 2620 Deus
979 2566 1147 2622 voluit
1175 2609 1190 2632 ,
1223 2581 1415 2638 queat,
1449 2583 1503 2626 et
1526 2572 1792 2626 conditori

214 2646 284 2701 ad
313 2663 667 2719 quascunque
697 2651 903 2708 formas
930 2645 1058 2711 velit
1085 2667 1137 2710 et
1164 2661 1398 2727 species,
1446 2662 1795 2716 famularetur

217 2740 270 2793 in
300 2743 557 2797 omnibus
585 2752 642 2798 et
692 2745 925 2801 serviret
954 2787 970 2813 ,
1021 2751 1286 2818 recipiens
1336 2753 1387 2806 in
1421 2769 1479 2807 se
1511 2754 1794 2822 qualitates

214 2847 358 2899 quas
390 2833 503 2900 ipse
529 2834 788 2889 voluisset
812 2837 924 2908 (72)
956 2840 1235 2908 imponere
1263 2861 1276 2909 ;
1311 2846 1492 2898 nescio
1521 2846 1792 2913 quomodo

217 2925 355 2978 tanti
384 2940 448 2979 ac
481 2926 614 2982 tales
660 2927 760 2982 viri
793 2931 1083 3002 ingenitam
1129 2933 1239 3005 (75)
1276 2975 1292 3000 ,
1361 2937 1412 2990 id
1459 2947 1677 2991 estnon
1726 2939 1793 2993 ab

214 3031 338 3097 ipso
357 3028 468 3082 Deo
500 3028 700 3081 factam
733 3030 1014 3082 conditore
1039 3031 1281 3084 oumium
1315 3039 1660 3101 putaverunt,
1695 3034 1789 3087 sed

213 3121 498 3174 fortuitam
561 3121 848 3188 quamdam
912 3120 1031 3190 ejus
1093 3131 1341 3176 naturam
1425 3123 1792 3193 virtutemque

1903 657 2063 710 datur
2113 656 2386 726 paulisper
2446 670 2551 710 non
2599 653 2766 709 fuisse
2799 653 3128 719 materiam;
3176 661 3228 707 et
3273 649 3465 716 Deum,

1902 764 2022 802 cum
2055 749 2186 803 nihil
2215 758 2360 804 esset
2391 749 2564 817 prius,
2606 748 2799 803 fecisse
2820 754 2878 801 ut
2913 756 3096 800 essent
3125 762 3185 802 ea
3208 760 3326 816 qua:
3347 757 3467 801 esse

1904 839 2073 893 voluit
2102 856 2119 906 ;
2176 840 2302 909 quid
2329 839 2636 908 putabimus
2669 839 2794 907 quia
2825 836 3101 892 meliorem
3134 879 3148 903 ,
3177 846 3270 890 aut
3301 835 3468 903 majo-

1905 946 2014 986 rem
2047 973 2062 996 ,
2118 941 2212 984 aut
2244 931 2464 985 alterius
2492 931 2705 1000 generis
2747 929 3029 982 materiam
3060 928 3298 983 facturus
3324 933 3468 980 esset
3538 922 3546 937 '

1909 1023 2063 1087 Deus,
2104 1038 2265 1092 quam
2299 1038 2364 1076 ex
2400 1037 2496 1076 sua
2523 1022 2719 1075 virtute
2750 1029 2804 1072 et
2829 1020 3098 1088 sapientia
3133 1019 3464 1088 proferebat,

1903 1126 1958 1168 ut
1986 1124 2132 1170 esset
2179 1130 2300 1184 qua:
2338 1109 2465 1168 ante
2519 1129 2624 1167 non
2681 1113 2901 1167 fuerat?
2953 1112 3033 1165 Au
3064 1113 3372 1168 inferiorem
3409 1119 3466 1167 et

1901 1204 2281 1260 deteriorem?
2351 1203 2431 1258 An
2483 1204 2711 1278 similem
2763 1213 2926 1274 atque
2976 1204 3222 1272 eamdem
3281 1213 3340 1257 ut
3381 1211 3468 1256 est

1905 1298 1990 1351 illa
2035 1313 2199 1366 quam
2245 1297 2332 1350 isti
2384 1296 2680 1366 ingenitam
2713 1295 2943 1351 dicunt?
2997 1295 3061 1348 Et
3115 1304 3244 1363 puto
3294 1294 3467 1349 cuivis

1903 1390 2158 1442 facillime
2214 1397 2395 1457 pateat
2452 1387 2800 1452 intellectus,
2848 1385 2992 1456 quod
3031 1401 3204 1455 neque
3252 1386 3461 1450 melior,

1900 1493 2072 1547 neque
2108 1478 2336 1533 inferior
2385 1477 2649 1545 potuisset
2683 1477 2866 1530 mundi
2897 1475 3102 1529 formas
3150 1478 3464 1544 speciesque

1899 1571 2182 1640 suscipere
2207 1609 2222 1633 ,
2279 1569 2382 1623 nisi
2424 1568 2543 1622 talis
2597 1567 2830 1631 fuisset,
2870 1567 3048 1635 qualis
3081 1568 3182 1621 ista
3230 1577 3312 1623 est
3346 1583 3465 1638 qua:

1900 1663 2160 1731 suscepit.
2203 1661 2268 1714 Et
2303 1657 2571 1729 quomodo
2625 1674 2754 1728 ergo
2782 1674 2886 1713 non
2933 1659 3201 1714 videbitur
3239 1660 3463 1729 impium

1898 1763 1950 1817 id
1979 1761 2272 1832 ingenitum
2308 1759 2508 1819 dicere,
2543 1758 2684 1827 quod
2711 1757 2753 1812 si
2782 1757 2980 1812 factum
3011 1773 3042 1811 a
3069 1757 3177 1828 79
3198 1758 3310 1813 Deo
3338 1775 3457 1816 cro.

1899 1855 2074 1917 datur,
2127 1852 2229 1930 tale
2276 1851 2393 1905 sine
2421 1850 2584 1903 dubio
2615 1849 2910 1916 invenitur,
2942 1850 3098 1919 quale
3126 1857 3179 1904 et
3217 1849 3344 1906 illud
3375 1860 3457 1906 est

1899 1945 2041 2014 quod
2069 1941 2359 2013 ingenitum
2385 1940 2596 1994 dicitur.

1973 2036 2022 2089 5.
2055 2034 2124 2088 Ut
2168 2043 2346 2086 autem
2388 2030 2547 2085 etiam
2592 2046 2657 2084 ex
2701 2029 3096 2100 Scripturarum
3145 2030 3461 2085 auctoritate

1897 2125 2011 2170 haec
2060 2120 2134 2170 ita
2168 2131 2224 2170 se
2255 2120 2454 2173 habere
2500 2118 2784 2172 credamus
2833 2115 3004 2188 (75).
3040 2116 3166 2172 audi
3193 2119 3464 2188 quomodo

1899 2208 1950 2261 in
1982 2207 2410 2261 ltlaehabacorum
2429 2207 2606 2274 libris,
2632 2209 2719 2264 tibi
2747 2216 2920 2260 mater
2937 2215 3142 2275 septem
3164 2217 3463 2277 martyrum

1898 2316 2062 2354 tntum
2093 2314 2157 2353 ex
2189 2297 2313 2351 ﬁliis
2332 2298 2652 2354 cohortatur
2679 2299 2745 2354 ad
2787 2297 3060 2352 toleranda
3079 2305 3369 2361 tormenta,
3394 2300 3462 2351 de

1897 2394 1998 2447 hoc
2031 2393 2275 2459 dogmate
2298 2388 2790 2462 eontirmatur(76)
2816 2406 2831 2455 ;
2856 2379 2931 2442 ait
2960 2389 3132 2442 enim:
3163 2405 3180 2440 t
3212 2387 3362 2456 Rogo
3385 2397 3458 2452 te,

1899 2485 1993 2549 fili,
2047 2481 2253 2550 respice
2283 2479 2478 2535 caelum
2516 2487 2571 2532 et
2604 2488 2828 2542 terram,
2860 2487 2914 2533 et
2945 2478 3009 2532 ad
3042 2478 3220 2533 omnia
3247 2493 3366 2548 quae
3405 2478 3458 2532 in

1897 2577 1974 2629 eis
2003 2584 2148 2637 sunt,
2169 2580 2223 2625 et
2252 2571 2440 2625 videns
2472 2573 2610 2637 haec,
2633 2571 2770 2624 scito
2799 2570 2921 2639 quia
2956 2569 3096 2625 Deus
3118 2571 3230 2625 hmc
3254 2570 3457 2638 omnia,

1895 2681 2015 2718 cum
2055 2679 2159 2717 non
2189 2670 2388 2725 essent,
2427 2661 2553 2715 fecit
2583 2661 2648 2714 ⁸⁵.
2690 2680 2708 2712 t
2737 2661 2840 2715 Sed
2867 2672 2920 2716 et
2956 2665 3007 2716 in
3037 2663 3173 2717 libro
3224 2661 3461 2716 Pastoris

1897 2755 1947 2808 in
1987 2755 2158 2822 primo
2196 2753 2452 2807 mandato
2494 2752 2566 2805 ita
2593 2752 2701 2804 ait:
2738 2769 2757 2803 ι
2789 2751 2972 2806 Primo
3024 2753 3267 2807 omnium
3299 2752 3462 2809 crede

1895 2845 2020 2912 quia
2055 2858 2194 2897 unus
2227 2852 2310 2897 est
2355 2843 2494 2898 Deus
2521 2844 2614 2912 qui
2644 2845 2826 2899 omnia
2867 2845 3074 2899 creavit
3107 2854 3268 2915 atque
3313 2860 3463 2901 com-

1897 2940 2091 3008 posuit,
2125 2947 2178 2993 et
2228 2923 2355 2993 fecit
2401 2952 2467 2991 ex
2510 2954 2574 2992 eo
2620 2938 2758 3006 quod
2813 2939 2948 2993 nihil
3005 2948 3143 3006 erat,
3178 2949 3232 2993 ut
3278 2946 3463 2997 essent

1897 3033 2164 3087 universa.
2203 3050 2222 3083 ι
2253 3030 2526 3086 Fortassis
2589 3029 2654 3081 ad
2690 3029 2790 3083 hoc
2835 3030 3058 3097 respicit
3118 3031 3279 3084 etiam
3331 3028 3463 3084 illud

1894 3124 2035 3192 quod
2076 3124 2127 3176 iu
2163 3122 2391 3177 Psalmis
2423 3121 2681 3191 scriptum
2721 3129 2827 3186 est,
2857 3120 2984 3188 quia
3019 3138 3040 3171 r
3073 3120 3185 3189 ipse
3217 3119 3371 3187 dixit,
3407 3128 3462 3176 et

214 3213 500 3268 dixerunt.
553 3213 616 3267 Et
649 3216 815 3268 miror
849 3215 1116 3284 quomodo
1149 3215 1233 3270 isti
1267 3216 1482 3286 culpent
1513 3232 1639 3280 eos,
1695 3219 1784 3288 qui
1815 3232 1857 3289 ς,
1894 3218 2031 3272 facta
2065 3225 2217 3280 sunt;
2257 3215 2368 3284 ipse
2394 3211 2692 3277 mandavit,
2722 3221 2776 3266 et
2809 3222 2991 3266 creata
3017 3219 3142 3265 sunt
3165 3210 3230 3265 “.
3271 3229 3290 3263 ›
3325 3208 3460 3264 Nam

214 3305 300 3357 vel
327 3303 580 3370 opificem
608 3303 798 3367 Deum,
857 3305 937 3358 vel
962 3306 1354 3375 prondeutiam
1390 3308 1546 3377 hujus
1568 3308 1802 3364 univer-.

214 3395 401 3451 sitatis
443 3407 661 3466 negant,
708 3408 758 3451 et
797 3397 956 3465 impie
987 3411 1082 3452 eos
1111 3398 1313 3452 sentire
1343 3409 1612 3468 arguunt,
1643 3404 1784 3468 quod

215 3501 433 3542 tantum
483 3492 664 3544 mundi
719 3507 854 3560 opus
896 3491 1235 3545 arbitrentur
1286 3492 1403 3546 sine
1457 3493 1650 3561 Opifice
1702 3494 1784 3545 vel

215 3580 499 3650 provisore
541 3589 838 3644 constare;
917 3593 1041 3631 cum
1097 3579 1195 3648 ipsi
1263 3595 1479 3654 quoque
1553 3579 1782 3633 similem

214 3671 433 3739 culpam
485 3671 776 3738 impietatis
832 3669 1159 3733 incurrant,
1198 3671 1487 3740 ingenitam
1545 3671 1786 3725 dicentes

215 3776 340 3817 esse
371 3766 652 3817 materiam
679 3763 895 3834 Deoque
932 3766 1172 3836 ingenito
1199 3776 1545 3820 co:cternam.
1582 3763 1788 3816 Secun-

215 3856 347 3907 dum
376 3855 514 3909 hanc
557 3871 686 3924 ergo
720 3859 985 3912 ratiooem
1031 3857 1073 3909 si
1104 3872 1362 3924 ponamus
1389 3895 1402 3916 ,
1435 3853 1582 3908 verbi
1613 3854 1785 3921 gratia

217 3949 505 4000 materiam
568 3963 672 4000 non
707 3942 891 4002 ‘fuisse
923 3991 936 4013 ,
1000 3957 1056 3999 ut
1108 3947 1193 4000 isti
1243 3954 1492 3998 asserunt
1542 3946 1787 3999 dicentes

213 4039 344 4108 quia
375 4039 518 4094 Deus
541 4054 642 4090 non
671 4039 906 4108 potuerit
936 4037 1044 4110 (74)
1077 4037 1278 4106 aliquid
1304 4035 1483 4090 facere
1508 4052 1629 4090 cum
1656 4036 1787 4089 nihil

215 4150 245 4186 e
278 4141 381 4195 set,
417 4133 532 4186 sine
595 4131 759 4186 dubio
805 4131 1015 4186 futurus
1047 4141 1158 4185 erat
1216 4132 1420 4188 otiosus
1453 4118 1474 4195 ,I
1507 4130 1786 4184 materiam

217 4241 325 4278 non
355 4223 562 4278 habens
588 4239 652 4278 ex
688 4240 790 4293 qua
825 4231 1008 4293 posset
1043 4222 1278 4291 operari,
1308 4237 1466 4288 quam
1493 4222 1541 4274 ei
1568 4236 1670 4273 non
1694 4236 1787 4274 sua

216 4315 529 4386 provisione
550 4356 564 4380 ,
600 4317 693 4370 sed
721 4316 942 4372 fortuito
976 4316 1220 4370 sentiunt
1253 4313 1468 4368 affuisse
1499 4330 1513 4378 ;
1552 4313 1789 4367 videtur-

216 4427 321 4481 que
349 4413 428 4466 eis
455 4415 598 4481 quod
634 4415 734 4466 hoc
758 4413 899 4480 quod
932 4410 1150 4464 fortuito
1180 4409 1453 4460 inventum
1485 4393 1565 4460 est
1597 4445 1610 4469 ,
1642 4404 1787 4459 sufﬁ—

214 4515 342 4553 cere
372 4501 420 4552 ei
449 4501 682 4567 potuerit
711 4501 775 4552 ad
809 4500 939 4552 tanti
973 4500 1152 4568 Operis
1202 4497 1435 4560 molem,
1486 4506 1543 4550 et
1585 4495 1650 4549 ad
1678 4510 1788 4549 suae

1891 3309 2032 3378 quod
2058 3310 2130 3361 ait
2160 3308 2283 3378 quia
2313 3325 2331 3358 ι
2362 3306 2470 3375 ipse
2492 3306 2653 3368 dixit,
2691 3313 2748 3359 et
2794 3303 2936 3358 facta
2986 3314 3129 3367 sunt,
3176 3322 3193 3354 ι
3251 3301 3462 3357 videtutI

1890 3398 2175 3452 ostendere
2204 3395 2701 3451 substatttiatn.tliei
2731 3409 2920 3448 eorum
2949 3409 3066 3462 quae.
3113 3403 3272 3461 sunt;
3318 3395 3461 3461 quod

1893 3504 2021 3542 vero
2053 3489 2157 3547 ait:
2193 3506 2209 3538 ι
2243 3486 2538 3551 Mandavit,
2579 3495 2632 3539 et
2674 3493 2854 3538 creata
2889 3494 3031 3548 sunt,
3076 3503 3093 3533 ι
3131 3485 3195 3538 de
3228 3482 3462 3552 qualita-

1895 3583 2039 3634 tibus
2070 3582 2273 3634 dictum
2330 3581 2541 3636 videtur
2594 3577 2788 3647 quibus
2843 3577 3145 3631 substantia
3194 3576 3308 3645 ipsa
3351 3575 3460 3630 for-

1894 3683 2036 3725 mata
2068 3681 2173 3726 εει.

2513 3759 2739 3815 CAPUT
2771 3759 2835 3813 ll.

2173 3853 2250 3907 De
2281 3852 2623 3920 perpetuitate
2652 3865 2914 3919 corporew
2949 3859 3176 3903 nalurw.

1966 3951 2016 4004 1.
2054 3948 2165 4002 Hoc
2217 3948 2268 4000 in
2324 3946 2442 3999 loco
2484 3959 2726 4012 quaerere
2758 3943 2933 3996 solent
2980 3943 3221 4010 quidam,
3277 3949 3454 3995 utrum

1897 4040 2354 4110 sicutingenitum
2386 4037 2579 4090 Filium
2627 4045 2859 4106 generat'
2879 4034 3060 4098 Pater,
3106 4043 3160 4088 et
3195 4032 3454 4104 Spiritum

1897 4142 2138 4188 Sanctum
2171 4129 2394 4198 profert,
2438 4144 2540 4182 non
2586 4127 2744 4195 quasi
2773 4126 2860 4195 qui
2897 4134 3021 4180 ante
3051 4141 3154 4179 non
3191 4134 3328 4190 erat,
3362 4126 3454 4178 sed

1896 4226 2019 4293 quia
2047 4226 2200 4293 origo
2227 4234 2281 4277 et
2308 4223 2426 4277 fons
2452 4222 2574 4276 Filii
2615 4220 2694 4273 vel
2722 4218 2955 4288 Spiritus
2977 4221 3146 4273 sancti
3171 4220 3328 4273 Pater
3349 4227 3452 4280 est,

1896 4322 1949 4366 ct
1983 4313 2112 4366 nihil
2148 4314 2197 4365 iu
2226 4313 2308 4366 his
2334 4312 2578 4364 anterius
2610 4311 2945 4376 posteriusve
2989 4308 3211 4377 intelligi
3242 4317 3452 4375 potest;

1898 4405 1967 4459 ita
2013 4406 2175 4459 etiam
2223 4405 2362 4457 inter
2405 4401 2757 4456 rationabiles
2812 4409 3033 4454 naturas
3078 4410 3131 4452 et
3177 4401 3454 4453 materiam
3497 4397 3533 4444 \

1898 4501 2233 4569 corporalem
2277 4497 2468 4565 similis
2500 4494 2630 4565 (77)
2659 4495 2901 4564 qumdam
2951 4496 3182 4549 societas
3213 4495 3455 4562 \‘el'pro-

215 4590 435 4644 virtutis
462 4591 802 4656 potentiam,
854 4590 994 4658 quod
1027 4591 1188 4644 totitts
1238 4588 1517 4658 sapientiae
1545 4601 1794 4655 stttesus-
1831 4583 1869 4636 Ι)
1902 4591 2172 4661 pinquitas
2234 4587 2399 4656 possit
2458 4586 2702 4654 intelligi.
2758 4587 2929 4654 Quam
2963 4602 3072 4640 rem
3135 4596 3193 4640 ut
3251 4587 3455 4655 plenius

214 4681 428 4748 cipiens
482 4682 746 4732 rationem
787 4681 1214 4751 distingueretur
1266 4696 1329 4734 ac
1362 4679 1689 4732 formaretur
1717 4677 1784 4730 ad

215 4773 500 4825 mundum.
537 4770 687 4838 Quod
723 4773 848 4826 mihi
885 4772 1276 4841 perabsurdum
1307 4772 1516 4826 videtur
1542 4811 1557 4835 ,
1606 4781 1659 4824 et
1696 4785 1785 4824 co-

216 4879 337 4915 rum
361 4878 485 4918 esse
512 4863 788 4916 hominum
840 4865 932 4932 qui
977 4865 1230 4918 virtutem
1264 4874 1427 4932 atque
1475 4863 1777 4932 intelligen-

214 4961 346 5011 tiam
383 4955 634 5026 ingenita:
674 4964 878 5008 natura:
910 4955 1124 5025 penitus
1149 4957 1417 5026 ignorant.
1479 4956 1586 5010 Sed
1614 4964 1671 5006 ut
1707 4968 1785 5005 ra~

270 5114 319 5146 “
349 5114 392 5167 ll
444 5113 618 5169 Maeli.
662 5131 757 5179 vit,
801 5113 888 5168 28.
963 5114 1007 5144 ⁸⁸
1041 5112 1236 5167 Psalm.
1273 5128 1492 5177 CXLVIII,
1528 5113 1581 5166 5.

285 5246 504 5318 (το-71)
540 5248 630 5299 Sic
663 5263 793 5301 mss.
815 5248 982 5309 Alias,
1017 5268 1034 5298 ι
1062 5247 1272 5301 difﬁcile
1302 5261 1592 5313 exponere.
1628 5266 1644 5296 ι

288 5318 404 5384 (³72)
434 5317 531 5388 Sic
566 5318 618 5388 in
649 5320 898 5371 omnibus
927 5319 1124 5388 legitur
1153 5335 1280 5371 mss.
1307 5336 1318 5382 ;
1372 5319 1421 5369 in
1448 5318 1609 5370 editis
1638 5333 1786 5380 vero,

219 5409 240 5440 ι
281 5386 572 5440 t'amuletur
604 5387 653 5438 in
686 5389 934 5440 omnibus
960 5386 1064 5452 ,‘et
1093 5393 1290 5442 sertlat
1319 5389 1580 5454 recipiens
1610 5389 1753 5454 quali
1774 5418 1788 5427 -

217 5469 356 5512 tates
386 5471 520 5523 quas
553 5457 663 5524 ipse
695 5457 870 5512 vellet.
909 5480 926 5508 ι

288 5527 404 5596 (75)
436 5524 629 5580 Nescio
657 5529 913 5593 quomodo
944 5528 1074 5578 tanti
1100 5544 1161 5579 ac
1192 5527 1319 5578 tales
1347 5527 1441 5577 viri
1461 5526 1776 5594 fngenitam,
1815 5538 1822 5541 ’

214 5611 320 5652 etc.
356 5599 500 5650 Idem
540 5605 914 5666 argumentum
950 5597 1119 5650 fusius
1149 5599 1487 5666 persequitur
1516 5597 1777 5664 Origenes

218 5672 271 5721 in
322 5672 494 5736 primo
544 5663 1048 5719 Cainmenturiorum
1096 5663 1162 5720 in“
1206 5663 1439 5719 Genesini
1481 5663 1794 5734 ft'agntento'

213 5740 409 5791 Graeco
441 5737 583 5806 quod
627 5739 862 5806 reperire
889 5746 964 5788 est
996 5736 1095 5789 sub
1129 5739 1332 5806 initium
1363 5744 1490 5788 tom.
1516 5737 1552 5788 ll
1585 5749 1778 5791 uostr:e

212 5809 488 5862 editionis.
545 5808 677 5862 Vide
713 5805 904 5858 ibidem
937 5807 1223 5860 clarissimi
1263 5805 1435 5860 lluctii
1463 5808 1688 5872 primam
1723 5810 1773 5860 in

212 5879 356 5933 istud
383 5877 751 5951 fragmentum
792 5877 1225 5932 observationem
1255 5916 1270 5942 ,
1319 5878 1407 5932 ubi
1440 5879 1597 5949 docet
1625 5878 1774 5932 Aua-

1893 4686 2051 4744 atque
2101 4674 2357 4728 intentius
2417 4675 2768 4744 investigent,
2826 4674 2951 4730 illuc
3005 4678 3182 4732 solent
3234 4680 3450 4735 initium

1895 4765 2274 4834 disputationis
2324 4762 2621 4831 inflectere,
2675 4775 2730 4819 t.t
2786 4745 3060 4836 inquirant
3089 4769 3130 4821 si
3188 4769 3300 4821 lucc
3333 4770 3446 4835 ipsa

1894 4867 2080 4910 natura
2138 4857 2546 4926 corporea'quze
2593 4859 2916 4927 spiritalium
2951 4868 3004 4914 et
3055 4860 3450 4914 rationabiliutn

1894 4949 2152 5003 mentium
2213 4951 2349 5006 vitas
2397 4953 2496 5005 fert
2550 4964 2603 5006 et
2653 4954 2892 5006 continet
2929 4963 3126 5016 motus,
3178 4953 3292 5018 pari
3327 4968 3449 5007 cum

1892 5258 2124 5312 xagorze,
2155 5240 2638 5310 Pythagoreorum,
2689 5239 3445 5312 Platonicorum,Stoicorum

1889 5310 2225 5379 aliorumque
2271 5325 2386 5360 eam
2412 5378 2416 5379 ί
2443 5316 2763 5363 sententiam
2816 5310 2984 5364 fuisse
3015 5349 3032 5374 ,
3055 5351 3062 5357 .
3087 5315 3343 5367 mundum
3378 5328 3447 5370 ex

1889 5378 2384 5450 ingenita’materia
2411 5378 2575 5450 Deum
2610 5381 2934 5433 condidisse.

1960 5456 2071 5523 (74)
2122 5450 2212 5523 Sic
2268 5463 2396 5501 mss.
2434 5449 2610 5523 Editi,
2683 5468 2699 5498 σ
2739 5451 2923 5510 fuisse,
2963 5464 3063 5523 non
3101 5459 3159 5502 ut
3207 5451 3290 5504 isti
3339 5451 3445 5506 dis-

1887 5519 2076 5579 serunt
2108 5522 2343 5572 dicentes
2367 5519 2492 5586 quia
2525 5521 2662 5574 Deus
2702 5539 2804 5573 nou
2833 5522 3085 5587 potuerit.
3113 5539 3130 5571 ι
3218 5526 3222 5529 ’

1957 5593 2065 5661 (75)
2100 5590 2186 5661 Sic
2221 5603 2380 5661 tuss.;
2423 5591 2570 5653 editi,
2607 5611 2622 5640 ς
2654 5594 2962 5644 (Ιυυρλιιιιιδ.
2993 5607 3016 5661 _i

1958 5659 2067 5732 (76)
2093 5659 2167 5732 l_)_e
2189 5661 2282 5710 hoc
2310 5660 2550 5729 dogmate
2593 5662 2952 5732 rouﬁrmalur.
2991 5659 3113 5713 llmc
3163 5662 3358 5715 desunt
3389 5661 3440 5714 in

1884 5728 2245 5791 antea-editis,
2274 5733 2365 5782 sed
2385 5728 2668 5785 iliabeutur
2695 5737 2745 5783 in
2778 5731 3026 5783 ontuibus
3050 5748 3175 5784 mss.

1955 5804 2062 5873 (77)
2085 5803 2136 5856 In
2171 5813 2323 5854 antea
2350 5802 2504 5856 editis
2535 5804 2681 5856 deest
2730 5821 2746 5851 ι
2790 5802 2933 5873 inter
2969 5803 3313 5857 rationabiles
3343 5817 3440 5852 na-

1884 5871 2054 5937 turas,
2092 5894 2109 5928 ι
2134 5884 2186 5928 et
2214 5874 2430 5940 insuper
2455 5890 2553 5941 pro
2585 5893 2603 5925 ι
2641 5871 2850 5937 similis,
2885 5890 2903 5922 ι
2932 5873 3127 5938 legitur
3149 5890 3166 5924 t
3198 5873 3376 5928 simul.

3357 443 3461 503 I86
3551 475 3563 484 -
