4136 6310
741 358 836 412 187

736 559 977 615 interibit
1003 565 1058 611 et
1084 554 1301 624 peribit.
1335 551 1488 617 Quod
1513 559 1570 603 ut
1595 546 1766 618 possit
1795 544 2167 614 scrupulosius
2196 543 2288 594 de-

736 645 1019 717 prehendi,
1055 641 1403 712 quaerendum
1446 637 1619 706 primo
1671 635 1908 697 videtur,
1937 632 1980 684 si
2039 630 2290 699 possibile

735 749 819 792 est
846 737 1059 804 penitus
1089 735 1432 802 incorporeas
1460 741 1741 782 remanere
1801 722 2152 778 rationabiles
2191 735 2289 771 na-
2355 719 2361 726 ’

740 837 907 889 turas,
940 839 1061 878 cum
1103 823 1167 875 ad
1219 801 1485 874 summum
1525 813 1825 869 sanctitatis
1856 827 1919 881 ac
1947 801 2291 883 beatitudinis

737 919 1008 989 venerint,
1038 914 1178 983 quod
1227 912 1353 964 mihi
1397 908 1612 976 quidem
1661 902 2025 958 difﬁcillimum
2078 909 2129 954 et
2157 914 2291 968 pene

739 1006 1066 1074 impossibile
1111 1004 1356 1066 videtur;
1426 1015 1489 1052 an
1539 1011 1759 1052 necesse
1805 1004 1887 1048 est
1934 1008 2026 1047 eas
2080 1005 2292 1059 semper

739 1097 1050 1163 coniunctas
1102 1110 1221 1148 esse
1274 1090 1616 1158 corporibus.
1675 1087 1729 1138 Si
1767 1100 1892 1152 ergo
1936 1091 2116 1150 posset
2174 1081 2294 1148 quis

738 1191 1021 1243 ostendere
1068 1187 1326 1240 rationem
1385 1199 1486 1249 qua
1542 1177 1792 1247 possibile
1815 1185 1954 1230 esset
1982 1189 2075 1249 eas
2117 1171 2288 1226 omni-

739 1277 896 1331 mode
928 1289 1113 1328 carere
1129 1272 1465 1340 corpOribus,
1500 1279 1839 1335 consequens
1870 1245 2136 1315 videbitur
2155 1257 2292 1324 quod

739 1374 930 1419 natura
963 1351 1224 1430 corporea
1254 1375 1318 1413 ex
1349 1357 1517 1412 nihilo
1550 1371 1644 1424 per
1675 1351 1958 1408 intervalla
1992 1359 2290 1416 temporum

739 1464 1045 1524 procreata,
1072 1455 1211 1506 sicut
1285 1465 1403 1504 cum
1451 1464 1554 1502 non
1602 1453 1761 1508 esset,
1795 1442 1981 1496 effecta
2012 1449 2111 1501 est,
2145 1439 2215 1491 ita
2241 1446 2295 1490 et

743 1559 864 1600 esse
888 1544 1175 1608 desineret,
1199 1556 1321 1595 eum
1349 1537 1604 1604 ususejus
1640 1533 1922 1588 ministerii
1950 1529 2290 1599 prmterisset.

806 1638 861 1690 9.
897 1637 951 1689 Si
999 1650 1122 1688 vero
1158 1630 1494 1699 impossibile
1537 1636 1622 1680 est
1657 1627 1755 1678 hoc
1802 1623 1905 1675 ullo
1961 1621 2120 1675 modo
2157 1619 2294 1671 allic-

739 1727 899 1790 mari,
939 1727 987 1779 id
1016 1733 1096 1778 est
1122 1726 1262 1792 quod
1292 1725 1472 1774 vivere
1509 1727 1709 1787 prmter
1753 1729 1945 1782 corpus
1995 1711 2292 1781 possitnlla

738 1818 840 1870 alia
880 1826 1066 1869 natura
1098 1816 1291 1881 praeter
1355 1810 1565 1863 Patrem
1613 1817 1666 1861 et
1699 1807 1892 1860 Filium
1931 1814 1983 1859 et
2031 1805 2289 1874 Spiritum

740 1914 1004 1966 Sanctum,
1054 1903 1351 1955 necessitas
1397 1899 1790 1966 consetptentia:
1835 1913 1897 1950 ac
1945 1895 2170 1948 rationis
2204 1909 2292 1945 co-

741 2006 914 2051 arctat
954 1994 1198 2058 intelligi,
1232 1990 1599 2060 principaliter
1630 1988 1840 2056 quidem
1889 1993 2100 2054 creatas
2156 1981 2290 2053 (79)

741 2104 860 2143 esse
884 2087 1225 2140 rationabiles
1256 2094 1469 2138 naturas
1493 2099 1506 2147 ;
1534 2082 1864 2134 materialem
1891 2094 2016 2134 vero
2043 2079 2292 2132 substan-

742 2182 869 2233 tiam
896 2178 1143 2246 0pinioue
1183 2177 1394 2244 quidem
1425 2184 1476 2228 et
1527 2172 1800 2226 intellectu
1851 2170 2020 2224 solum
2052 2164 2290 2234 separari

741 2271 807 2321 ab
834 2270 933 2330 eis,
967 2277 1020 2319 et
1061 2281 1156 2334 pro
1203 2265 1333 2333 ipsis
1378 2264 1458 2315 vel
1492 2271 1612 2330 post
1646 2263 1788 2326 ipsas
1822 2257 2066 2311 effectam
2097 2254 2288 2316 videri,

741 2361 835 2413 sed
869 2372 1140 2424 nunquam
1192 2356 1307 2408 sine
1333 2355 1443 2420 ipsa
1476 2367 1568 2406 eas
1602 2349 1684 2402 vel
1719 2349 1920 2400 vixisse
1953 2345 2032 2398 vel
2079 2345 2290 2405 vivere;

740 2451 905 2504 solius
936 2461 1165 2514 namque
1211 2443 1489 2496 Trinitatis
1534 2443 1848 2506 incorporea
1876 2437 1982 2489 vita
2030 2435 2294 2488 exsistere

742 2547 887 2592 recte
917 2536 1211 2604 putabitur.
1272 2533 1336 2586 Ut
1361 2546 1490 2603 ergo
1522 2530 1763 2597 superius
1789 2526 2042 2586 diximus,
2077 2520 2295 2574 materi-

745 2631 849 2683 alis
872 2629 972 2682 ista
991 2625 1285 2680 substantia
1313 2624 1467 2690 hujus
1498 2621 1678 2674 mumli
1699 2613 2292 2683 liabens(80)naturam

741 2736 859 2787 qua:
886 2735 948 2772 ex
980 2717 1228 2770 omnibus
1256 2713 1321 2767 ad
1368 2713 1545 2766 omnia
1600 2706 2032 2768 transformatur,
2065 2718 2186 2758 cmn
2228 2701 2295 2754 ad

741 2809 1023 2865 inferiores
1055 2819 1296 2875 quosque
1335 2804 1587 2864 trahitur,
1615 2801 1665 2852 itt
1695 2798 2018 2853 crassiorem
2047 2793 2294 2860 corporis

740 2906 936 2952 statum
963 2896 1383 2960 solidioremque
1409 2891 1687 2954 formatur,
1728 2890 1800 2941 ita
1819 2896 1876 2940 ut
1899 2882 2137 2938 visibiles
2163 2882 2294 2936 istas

741 2987 922 3042 mundi
954 2985 1160 3055 species
1190 2985 1469 3051 variasque
1503 2981 1824 3048 distinguat;
1856 2992 1972 3046 cum
2016 2989 2145 3028 vero
2175 2987 2296 3042 pcr-

740 3079 1049 3132 fectioribus
1078 3077 1344 3129 ministrat
1380 3074 1474 3142 (8i
1501 3072 1516 3139 )
1545 3081 1596 3124 et
1618 3069 1968 3128 beatioribus,
1998 3066 2052 3118 in
2091 3064 2295 3131 fulgore

741 3168 1037 3222 caelestium
1069 3180 1354 3232 corporum
1412 3162 1594 3222 micat,
1646 3170 1699 3212 et
1759 3155 2015 3223 spiritalis
2054 3152 2295 3218 corporis

743 3256 1070 3312 indumentis
1092 3255 1172 3307 vel
1198 3253 1410 3321 angelos
1442 3251 1558 3312 Dei,
1594 3249 1673 3300 vel
1715 3246 1848 3299 filios
1880 3240 2295 3297 resurrectiOuis

741 3357 997 3409 evomat;
1026 3361 1086 3399 ex
1107 3341 1560 3413 quibusomnilms
1585 3339 1829 3391 diversus
1850 3349 1910 3386 ac
1929 3334 2107 3384 varius
2139 3330 2295 3382 unius

742 3439 924 3494 mundi
957 3435 1315 3502 complebitur
1361 3441 1534 3485 status
1569 3424 1727 3498 (89.).
1763 3426 1957 3479 Verum
1984 3423 2032 3474 si
2089 3421 2296 3486 plenius

741 3532 855 3584 bace
906 3528 1175 3581 discutere
1204 3525 1353 3587 libet,
1381 3520 1650 3589 oportebit
1674 3516 1926 3570 attentius
1960 3521 2015 3568 et
2064 3511 2294 3578 diligen-

746 3621 848 3673 tius
882 3633 1001 3670 cum
1032 3617 1173 3669 omni
1202 3623 1342 3668 metu
1377 3614 1467 3665 Dei
1521 3608 1656 3679 (85)
1709 3618 1762 3660 et
1823 3603 2128 3658 reverentia
2177 3614 2299 3667 per-

745 3709 972 3763 scrutari
1005 3708 1314 3774 Seripturas
1345 3703 1578 3764 divinas,
1623 3701 1666 3753 si
1684 3698 1823 3766 lquid
1861 3697 2000 3749 forte
2043 3695 2093 3747 in
2126 3693 2210 3746 bis
2234 3692 2299 3746 de

745 3800 945 3854 talibus
971 3813 1194 3852 arcanus
1216 3805 1267 3848 et
1295 3795 1599 3848 recomlitus
1649 3805 1836 3844 sensus
1868 3787 2104 3843 revelare
2137 3784 2233 3858 (8i
2255 3784 2296 3856 ),

747 3892 790 3944 si
847 3890 976 3957 quid
1031 3888 1084 3939 in
1141 3885 1419 3939 absconsis
1462 3893 1516 3936 et
1586 3881 1872 3936 reconditis
1958 3877 2296 3931 sermonibus

746 3981 958 4050 (sancto
988 3976 1192 4043 Spiritu
1244 3978 1644 4028 demonstrante
1675 3971 1760 4022 bis
1789 3969 1877 4037 qui
1910 3967 2053 4034 digiti
2107 3975 2229 4021 sunt
2252 3965 2293 4034 ),

745 4070 940 4139 poterit
972 4066 1225 4126 inveniri,
1256 4079 1373 4116 cum
1423 4063 1574 4128 plura
1609 4059 1910 4113 testimonia
1950 4059 2014 4113 de
2049 4061 2147 4113 ltac
2182 4059 2293 4128 ipsa

745 4161 922 4230 specie
958 4158 1152 4211 fuerint
1185 4161 1527 4223 congregata.

817 4273 926 4348 (78)
958 4271 1048 4348 Sic
1080 4285 1207 4323 mss.
1231 4269 1398 4348 pediti
1431 4265 1921 4348 vero,-t__perferet,
1952 4283 1970 4314 ι
2004 4266 2159 4319 male.

820 4333 930 4413 ('79)
960 4341 1197 4393 Creatus.
1233 4339 1340 4413 βία
1392 4351 1522 4388 mss.
1579 4333 1898 4413 Libri_vero
1947 4343 2101 4413 antea
2121 4335 2299 4413 aedili,

751 4431 772 4464 ς
814 4402 1134 4467 coarctatas.
1173 4427 1190 4458 ι
1233 4409 1305 4460 De
1332 4422 1394 4458 eo
1419 4415 1593 4456 autem
1615 4405 1754 4470 quod
1787 4418 1907 4455 mox
1939 4403 2084 4453 addit
2117 4402 2328 4470 Origcv

1955 341 2271 397 ORIGENIS

2400 343 2463 393 P1
2499 340 2724 393 APXON
3839 324 3940 379 138

736 470 868 540 ipsis
919 464 1218 523 mternitatc
1253 462 1506 529 perduret
1538 459 1634 530 (78
1659 458 1701 526 ),
1753 468 1819 509 an
1880 470 2009 508 vero
2044 453 2283 507 absoluta
2315 459 2362 512 Α

2966 469 3189 525 CAPUT
3255 469 3337 522 Ill.

2702 600 2777 652 De
2813 601 2959 653 initio
2986 602 3185 668 mundi,
3214 609 3261 653 et
3295 602 3464 654 causis
3492 599 3623 662 ejus.

2463 752 2510 804 1.
2546 750 2801 820 Superest
2830 751 2965 820 (85)
3006 760 3062 804 ut
3092 759 3212 819 post
3253 751 3364 806 bant:
3394 748 3729 816 requiramus
3756 756 3939 798 utrum

2389 854 2512 898 ante
2563 844 2988 899 bunemundum
3039 842 3207 911 (86),
3269 843 3356 910 qui
3388 856 3527 894 nunc
3563 849 3663 903 est,
3708 840 3942 891 mundus

2389 934 2524 987 alius
2545 932 2704 987 fuerit
2731 951 2745 998 ;
2776 941 2831 988 et
2855 933 2899 987 si
2934 930 3057 997 fuit,
3083 942 3261 986 utrum
3294 931 3412 985 talis
3450 929 3612 983 fuerit
3638 927 3812 997 qualis
3835 931 3941 982 iste

2378 1029 2466 1097 qui
2497 1044 2640 1082 nunc
2667 1036 2768 1090 est,
2802 1043 2870 1080 an
2906 1027 3062 1096 paulo
3096 1023 3445 1088 difl‘erentior,
3474 1026 3557 1079 vel
3587 1026 3806 1080 inferior
3832 1035 3932 1080 aut

2379 1119 2598 1172 omnino
2625 1133 2733 1171 non
2763 1117 2922 1170 fuerit
2954 1117 3204 1180 mundus,
3242 1116 3334 1169 sed
3370 1116 3471 1169 tale
3511 1115 3706 1183 aliquid
3735 1114 3930 1180 fuerit,

2379 1208 2588 1276 qualem
2614 1207 2761 1260 illum
2791 1206 3130 1275 intelligimus
3171 1216 3288 1274 post
3323 1206 3561 1259 omnium
3592 1207 3746 1260 tinem
3782 1208 3934 1260 fut'u-

2387 1311 2524 1359 rum,
2555 1312 2675 1349 cmn
2708 1296 2943 1358 tradetur
2963 1271 3188 1363 regnum
3209 1295 3318 1347 Deo
3346 1304 3398 1348 et
3423 1295 3560 1349 Patri
3582 1313 3593 1347 ε
3612 1296 3702 1364 qui
3735 1271 3958 1348 nihilo—8

2385 1387 2560 1439 minus
2607 1385 2823 1438 alterius
2869 1384 3052 1437 mundi
3097 1383 3256 1436 fuerit
3328 1385 3473 1467 lin‘is,
3522 1385 3664 1438 illius
3724 1384 3936 1439 scilicet

2387 1488 2509 1548 post
2537 1493 2692 1546 quem
2733 1478 2818 1555 bie
2849 1478 3079 1530 mundus
3107 1476 3267 1544 coepit
3295 1494 3305 1526 :
3339 1476 3518 1543 lapsus
3547 1485 3722 1529 autent
3756 1476 3940 1530 varius

2390 1568 2824 1622 intellectualium
2857 1567 2964 1637 (87)
3005 1574 3314 1618 naturarum
3361 1565 3722 1634 provocaverit
3767 1564 3938 1618 Deum

2391 1659 2455 1712 ad
2491 1659 2643 1710 istam
2684 1657 2880 1709 variam
2927 1655 3306 1723 diversamque
3336 1654 3691 1708 conditionem
3730 1654 3939 1708 mundi.

2327 1773 2366 1829 Β
2393 1749 2496 1803 Sed
2520 1757 2573 1802 et
2601 1749 2729 1800 illud
2761 1746 3002 1800 similiter
3043 1744 3419 1811 requirendum
3451 1753 3596 1812 puto,
3625 1742 3734 1810 30
3762 1751 3943 1817 utrum

2396 1850 2514 1908 post
2558 1839 2702 1892 hunc
2749 1836 3007 1890 mundum
3055 1832 3259 1888 curatio
3308 1834 3480 1901 aliqua
3533 1841 3586 1886 et
3639 1832 3946 1884 emendatio

2398 1929 2518 2006 erit,
2547 1926 2786 1996 asperior
2813 1926 3025 1993 quidem
3067 1935 3120 1978 ct
3159 1925 3355 1979 doloris
3397 1925 3550 1991 plena
3578 1939 3700 1992 erga
3728 1937 3818 1974 eos
3852 1922 3943 1989 qui

2399 2018 2562 2071 verbo
2592 2016 2685 2069 Dei
2713 2015 2929 2069 obedire
2955 2015 3271 2076 noluerunt;
3304 2029 3400 2082 per
3437 2013 3788 2065 eruditionem
3819 2027 3946 2063 vero

2403 2107 2873 2174 rationabilemque
2921 2105 3348 2166 institutionem,
3393 2119 3488 2171 per
3529 2117 3685 2169 quam
3732 2111 3951 2169 possent.

2401 2199 2466 2251 ad
2501 2197 2899 2265 locupletiorem
2947 2196 3206 2264 proficere
3253 2192 3490 2246 veritatis
3528 2193 3854 2244 intellectum
3894 2201 3953 2245 ut

2403 2289 2489 2357 qui
2536 2288 2588 2339 in
2628 2287 2873 2355 praesenti
2923 2286 3027 2340 vita
3075 2285 3127 2337 in
3169 2285 3283 2354 llaec
3319 2299 3375 2336 se
3416 2281 3591 2334 studia
3635 2267 3956 2334 dediderunt

2408 2381 2547 2448 (88),
2581 2389 2634 2432 et
2661 2371 2945 2430 'mentibus
2981 2375 3309 2446 purgatiores
3351 2372 3558 2434 eﬂ‘ecti,
3591 2387 3812 2439 capaces
3841 2372 3953 2439 jam

2408 2471 2534 2523 hinc
2584 2467 2775 2521 divina:
2823 2467 3093 2534 sapientia:
3138 2471 3523 2532 perrexerunt;
3576 2469 3628 2512 ct.
3676 2469 3796 2526 post
3843 2461 3960 2512 luee-

2406 2558 2584 2614 statim
2614 2557 2732 2610 tinis
2761 2558 2999 2610 omnium
3025 2562 3403 2622 consequetur,
3435 2560 3488 2602 et
3510 2565 3605 2617 pro
3629 2550 3959 2626 correctione

2405 2661 2461 2706 et
2489 2650 2861 2705 emendatione
2907 2663 3091 2702 eormn
3136 2646 3226 2714 qui
3273 2644 3465 2698 talibus
3511 2641 3778 2708 indigent,
3823 2632 3959 2692 alius

2406 2756 2593 2796 rursus
2634 2739 2865 2792 mundus
2907 2737 3039 2797 erit,
3075 2736 3160 2789 vel
3195 2733 3383 2788 similis
3425 2729 3510 2782 isti
3553 2729 3641 2795 qui
3672 2744 3816 2781 nunc
3855 2737 3963 2792 est,

2396 2835 2481 2890 vel
2511 2836 2613 2888 hoc
2639 2831 2846 2893 melior,
2866 2837 2957 2882 aut
2977 2827 3144 2881 multo
3173 2821 3441 2883 deterior;
3484 2826 3540 2872 et
3565 2816 3956 2886 qualiscunque

2397 2927 2488 2982 ille
2511 2925 2614 2978 erit
2644 2930 2764 2990 post
2789 2921 2930 2973 hunc
2979 2915 3230 2978 mundus,
3274 2909 3510 2980 quandiu
3540 2908 3673 2973 erit;
3700 2917 3754 2961 et
3783 2909 3826 2961 si
3850 2905 3957 2959 erit

2399 3015 2686 3085 aliquando
2717 3026 2839 3065 cum
2899 3008 3075 3061 nullus
3117 3019 3350 3073 unquam
3394 3002 3464 3055 sit
3501 3001 3752 3063 mundus,
3783 3005 3875 3051 aut
3909 2997 3956 3050 si

2325 3101 2368 3162 C
2400 3106 2500 3160 fuit
2521 3101 2810 3170 aliquando
2843 3113 2962 3152 cum
2997 3096 3224 3149 mundus
3255 3108 3359 3146 non
3387 3087 3957 3158 fueritomnino(89);

2401 3204 2494 3249 aut
2522 3194 2567 3247 si
2613 3192 2812 3245 fuerint
2839 3189 3037 3258 plures,
3085 3185 3167 3238 vel
3199 3192 3376 3248 erunt,
3426 3191 3513 3235 aut
3543 3181 3584 3234 si
3622 3180 3830 3235 accidat.
3860 3178 3962 3232 ali-

2375 3282 2616 3351 .quando
2639 3291 2696 3332 ut
2725 3277 2858 3331 alter
2901 3275 3055 3328 alteri
3085 3272 3307 3340 aequalis
3329 3280 3384 3325 et
3404 3269 3598 3324 similis
3627 3283 3724 3337 per
3775 3266 3961 3322 omnia

2401 3383 2562 3440 atque
2587 3368 2910 3459 indiscretus
2938 3363 3174 3420 eveniat.

2471 3484 2527 3536 2.
2560 3473 2779 3549 Uter'go
2818 3477 3157 3532 manifestius
3191 3485 3450 3545 appareat
3493 3483 3672 3548 utrum
3719 3446 3959 3526 ‘materia

2405 3573 2699 3643 corporalis
2729 3587 2822 3639 per
2843 3569 3123 3624 intervalla
3152 3567 3286 3636 (90‘)
3306 3567 3584 3631 subsistat,
3611 3574 3664 3619 et
3685 3566 3824 3618 sicut
3853 3579 3964 3617 non

2405 3667 2507 3719 fuit
2542 3653 2828 3730 antequam
2857 3661 3027 3722 fieret,
3065 3660 3259 3712 itermn
3293 3657 3592 3710 resolvatur
3633 3666 3690 3710 ut
3720 3671 3822 3708 non
3855 3655 3962 3717 sit;

2405 3757 2681 3809 videamus
2717 3756 2946 3822 primum
2983 3751 3028 3804 si
3089 3748 3204 3802 fieri
3263 3755 3440 3815 potest
3484 3757 3541 3800 ut
3578 3747 3722 3800 vivat
3768 3745 3966 3813 aliquis

2402 3847 2518 3901 siue
2551 3858 2795 3913 corpore.

2402 3960 2456 4014 Si
2480 3960 2622 4016 enim
2654 3956 2846 4024 aliquis
2868 3963 3040 4024 potest
3066 3968 3143 4003 vr-
3319 3965 3535 4003 “mnos.
3609 3963 3856 4004 INTEnPﬁ.

2397 4069 2525 4110 vere
2572 4054 2688 4108 sine
2726 4065 2971 4119 corpore,
3008 4061 3138 4116 pos-
3217 4047 3274 4100 Si
3314 4048 3504 4106 omnia,
3538 4055 3588 4096 ut
3626 4046 3740 4111 ipse
3781 4045 3971 4103 dispu-

2397 4158 2608 4205 suntet
2645 4143 2978 4214 omnia(9l)
3028 4154 3145 4197 esse
3218 4136 3427 4190 talionis
3489 4135 3615 4188 ordo
3669 4134 3973 4202 compellit,

2408 4269 2670 4337 plurimos
2700 4264 2872 4337 elqsui
2916 4257 3152 4337 similes,
3193 4254 3284 4336 sed
3324 4260 3475 4337 post‘
3501 4250 3727 4337 alteriqs
3778 4248 3969 4308 mundi

2407 4320 2589 4401 intem,
2627 4335 2850 4387 alterius
2878 4334 3007 4401 esse"
3039 4325 3389 4401 principium;
3427 4329 3482 4401 et
3519 4330 3646 4372 ante
3679 4320 3836 4401 lmnc_
3870 4332 3970 4369 no-

2409 4387 2879 4462 strum'mundum,
2909 4387 3068 4450 alium
3103 4387 3268 4447 fuisse
3286 4390 3548 4462 itnundum
3572 4405 3585 4452 ;
3607 4398 3658 4441 et
3681 4397 3800 4454 post
3824 4387 3969 4440 hunc

751 4498 871 4540 ttcs.
892 4477 1223 4533 Inalerialcm
1244 4475 1594 4528 sub-Statiliam
1633 4459 1906 4524 inlellcctu
1942 4471 2110 4540 solum
2145 4459 2292 4535 sepa-
2333 4477 2377 4528 D
2407 4475 2568 4526 alium
2598 4487 2715 4525 esse
2740 4459 3000 4527 futurum,
3022 4473 3213 4540 etpost
3244 4461 3387 4514 illutn
3413 4459 3575 4510 alium
3597 4463 3611 4518 ;'
3631 4469 3966 4540 rursumque

751 4538 868 4602 rari
893 4565 919 4601 a
954 4546 1362 4602 rationabilibus
1403 4544 1628 4606 naturis,
1655 4540 1900 4595 consulas
1932 4538 2084 4591 velim
2123 4551 2299 4592 notam

750 4619 840 4678 9i.
875 4619 979 4670 col.
1015 4616 1133 4669 1⁸26.

820 4688 929 4754 (80)
964 4687 1179 4752 Aliquot
1209 4699 1356 4747 mss.,
1385 4702 1402 4733 ι
1446 4682 1627 4734 habet.
1661 4699 1678 4731 ι

819 4757 927 4890 (81)
962 4757 1132 4810 Caute
1155 4753 1289 4821 lege.

843 4827 929 4890 82)
963 4826 1034 4876 lla
1066 4838 1232 4884 mss.;
1279 4823 1289 4874 i

843 4818 929 4891 82)
963 4826 1034 4876 lla
1066 4818 1232 4884 mssf;
1279 4823 1328 4876 in
1369 4821 1525 4875 editis
1565 4821 1724 4891 deest
1752 4837 1768 4868 ‹
1821 4818 1994 4891 unius,
2039 4835 2056 4866 ι
2107 4824 2159 4891 et
2203 4830 2300 4883 pro

756 4915 772 4945 ε
815 4886 1182 4958 complebitur,
1221 4909 1237 4940 ι
1275 4891 1465 4958 legitur
1497 4908 1514 4939 ι
1554 4888 1944 4958 complectitur,
1984 4905 2000 4934 ι
2041 4886 2191 4958 male.

826 4954 1079 5064 (83))00’.
1102 4961 1256 5011 Deest
1278 4954 1514 5010 iu"autea
1537 4960 1710 5019 editis,
1732 4958 1824 5008 sed
1846 4956 2075 5007 habetur
2096 4954 2145 5003 iu
2169 4966 2298 5003 mss.

846 5029 1017 5064 XLVI“
1055 5037 1206 5064 nnth
1231 5029 1386 5064 mliti:
1419 5029 1644 5064 Ia-nitnr-
1687 5045 1703 5064 ι
1740 5028 1781 5064 ei
1815 5026 1933 5064 (ιιιὶς
1970 5023 2101 5064 fnl‘m
2131 5021 2180 5064 in
2223 5020 2298 5064 Ιιὶς

845 5020 1018 5092 84)ῖ1ιι
1055 5037 1207 5079 antea
1231 5029 1388 5080 editis
1419 5029 1644 5095 legitur:
1687 5045 1703 5076 ι
1740 5028 1782 5076 si
1815 5026 1933 5092 quis
1970 5023 2101 5074 forte
2131 5021 2180 5071 iu
2223 5020 2303 5071 bis

756 5100 966 5174 talibus
1000 5096 1215 5174 arcanis
1272 5107 1326 5146 ct
1366 5096 1667 5174 _recomlitis
1712 5097 1775 5147 sit
1809 5106 2036 5144 arcanus
2093 5103 2301 5174 sentis-us,

754 5157 967 5234 si‘guid
1022 5163 1072 5214 in
1133 5165 1407 5234 absconsis
1438 5175 1509 5234 (et
1559 5165 1842 5216 reconditis
1898 5169 2084 5212 sancto
2134 5157 2304 5221 Spiri—

756 5231 893 5292 tu.)
940 5242 1065 5292 etc.,
1123 5231 1215 5282 sed
1267 5249 1392 5284 mss.
1436 5231 1716 5285 lectionem
1761 5232 1924 5284 nostri
1979 5237 2154 5280 textus
2207 5241 2300 5276 ex:

753 5303 956 5358 Itibenl.
1350 5299 1355 5304 ’

825 5370 936 5434 (85)
967 5368 1131 5422 Caute
1161 5368 1292 5434 lege.

826 5433 936 5508 (80')
975 5437 1160 5508 Utritm
1188 5433 1306 5486 ante
1333 5435 1468 5508 [tuac
1502 5437 1772 5508 "tundunt,
1801 5447 1904 5488 etc.
1937 5434 2084 5497 Quod
2115 5433 2162 5484 in
2205 5433 2303 5483 lme

756 5504 933 5575 capite
961 5506 1026 5575 ab
1056 5506 1285 5575 Origene
1315 5505 1377 5575 de
1402 5504 1641 5575 pluribus
1677 5507 1888 5555 mundis
1917 5511 2300 5571 pt‘l'lt‘acltllttl',

757 5572 1066 5630 summatim
1095 5574 1142 5624 iu
1173 5572 1391 5637 epistola
1423 5574 1485 5622 ad
1516 5572 1724 5625 Avitum
1760 5574 1918 5624 refe-rt
1951 5573 2305 5638 Hieronymus

758 5647 841 5700 bis
870 5644 1045 5696 verbis
1080 5660 1090 5692 :
1132 5659 1148 5688 ε
1191 5641 1243 5692 In
1275 5640 1506 5694 secundo
1540 5650 1714 5691 autem
1750 5641 1880 5691 ilbl’l
1917 5643 2136 5692 mundos
2160 5655 2305 5690 asse-

754 5717 823 5781 rit
853 5711 1289 5768 iutntmeral'iles.
1323 5712 1423 5761 non
1453 5711 1595 5761 iuxta
1628 5708 1666 5756 Γ
1766 5727 1856 5758 um
1904 5729 1908 5734 ·
1942 5727 1968 5758 η
2072 5724 2150 5754 tu»
2180 5726 2305 5766 perc

2409 4525 2634 4594 cmteros
2660 4548 2779 4606 post
2806 4525 3047 4606 cmterds.
3077 4525 3144 4606 Et
3181 4532 3388 4585 dubitat
3418 4537 3598 4606 utrum
3629 4525 3961 4606 futurususit

2409 4592 2639 4660 mundus
2662 4592 2818 4659 alteri
2852 4603 3048 4656 mundo
3080 4602 3151 4653 ita
3181 4615 3242 4653 ex
3289 4599 3432 4650 omni
3466 4592 3963 4664 parle'cousimilis,

2408 4686 2465 4728 ut
2497 4678 2644 4729 nullo
2677 4677 2817 4727 inter
2853 4688 2909 4725 se
2948 4672 3145 4723 distare
3173 4670 3490 4729 videantur;
3529 4673 3619 4715 attt
3645 4672 3793 4714 certe
3831 4677 3970 4713 nun-

2407 4759 2565 4812 quam
2604 4746 2830 4796 mitulus
2871 4741 3023 4793 alteri
3051 4739 3250 4792 mundo
3290 4751 3353 4788 ex
3398 4744 3507 4786 toto
3539 4732 3862 4801 indiscretus
3910 4740 3969 4784 et

2409 4814 2595 4866 similis
2624 4814 2694 4864 sit
2720 4813 2943 4864 futurus.
2967 4829 2984 4859 ι

2479 4882 2585 4949 (87)
2614 4882 2700 4933 Sic
2745 4880 2944 4947 optime
2986 4892 3113 4949 mss.
3159 4874 3396 4949 Pessime
3427 4883 3565 4949 vero
3617 4867 3746 4949 libb.
3788 4868 3913 4922 editi
3951 4885 3963 4919 :

2416 4969 2431 5000 ‹
2474 4938 2634 5013 carpit
2673 4938 2879 5017 lapsits;
2904 4962 2973 5017 an
3005 4946 3204 5017 varius,
3229 4953 3282 5017 et
3317 4938 3832 5017 iu‘tellectualinm,“i
3856 4949 3966 5002 etc.

2481 5007 2586 5088 (88‘)
2615 5019 2701 5071 Sic
2725 5007 3053 5088 inssﬁudlias,
3085 5030 3116 5088 ις
3148 5013 3209 5088 in
3243 5012 3344 5062 ltoc
3369 5007 3502 5060 ‘csse
3552 5007 3727 5088 studio
3763 5007 3969 5088 didice-

2411 5076 2605 5141 runt,»
2637 5088 2834 5139 Ibidem
2872 5083 3000 5134 libb.
3032 5082 3190 5133 editi:
3228 5096 3244 5128 ι
3290 5090 3512 5143 capaces
3551 5076 3658 5142 jam
3707 5076 3862 5140 hujus
3885 5077 3970 5128 tli-

2412 5157 2547 5208 vince
2581 5155 2856 5220 sapientia)
2897 5150 3067 5202 Circeii
3105 5155 3246 5220 sunt,
3277 5158 3330 5198 et
3384 5147 3426 5197 si
3466 5153 3585 5210 post
3631 5145 3768 5197 hanc
3797 5146 3964 5197 vitam

2410 5226 2590 5275 statim
2618 5219 2755 5274 linis.
2799 5241 2817 5271 ι
2849 5222 2914 5274 At
2953 5234 3081 5271 mss.
3110 5230 3164 5269 ut
3195 5219 3243 5267 in
3280 5227 3464 5267 nostro
3495 5223 3660 5266 textu.

2413 5349 2415 5351 ,
2481 5292 2592 5359 (89)
2621 5293 2709 5344 Sic
2737 5307 2860 5342 mss.
2895 5289 3060 5349 Alias,
3093 5304 3110 5334 ε
3139 5286 3247 5359 Δυτίι
3273 5283 3358 5336 ille
3383 5285 3659 5359 postltune
3691 5282 3966 5359 tmtndttm,

2409 5349 2640 5427 quandiu
2671 5362 2792 5419 crit,
2820 5368 2908 5410 aut
2933 5358 2979 5427 si
3007 5355 3227 5410 omnino
3260 5349 3502 5427 nouerit,
3531 5353 3642 5405 etsi
3669 5353 3770 5427 erit
3799 5349 3964 5414 alim:

2479 5430 2586 5496 (9'0)
2623 5427 2928 5480 Intervalla.
2954 5425 3115 5476 Recte
3139 5439 3264 5475 mss.
3284 5438 3296 5484 ;
3318 5422 3467 5496 male
3490 5437 3614 5472 vero
3637 5420 3787 5496 editi,
3810 5437 3830 5468 ι
3857 5433 3972 5496 ma-

2415 5487 2622 5550 teriam.
2657 5517 2673 5548 ι
2717 5497 2877 5548 P.mlo
2915 5505 3032 5560 post
3084 5507 3236 5552 mss,
3275 5511 3287 5541 ι
3328 5503 3382 5543 ut
3426 5494 3565 5542 vivat
3599 5490 3795 5555 aliquis
3852 5487 3973 5538 sine

2414 5582 2656 5632 corpore.
2697 5585 2712 5615 ι
2747 5568 2798 5617 lu
2833 5574 2983 5614 antea
3015 5563 3170 5632 editis
3199 5565 3346 5614 deest
3383 5580 3398 5611 t
3449 5560 3660 5627 aliquis.
3699 5577 3715 5608 ι

2484 5625 2594 5702 (bl)
2623 5638 2682 5685 Si
2709 5635 2896 5690 omnia,
2931 5640 3030 5682 ctr.
3055 5631 3172 5682 lla-c
3203 5633 3476 5698 dssutnpta
3509 5625 3627 5682 sunt
3652 5644 3716 5680 ex
3745 5625 3971 5691 cpistola

2416 5706 2550 5760 beati
2576 5703 2878 5760 llicronvmi
2908 5702 2968 5752 ad
3002 5708 3062 5752 At
3084 5702 3228 5754 itum.
3257 5737 3260 5740 λ
