4118 6308
351 357 463 424 189
1648 373 1848 431 LIBER
1885 388 1887 430 :

1992 380 2262 439 IUNDUS.
3460 390 3560 447 l90

352 481 744 578 sinecorpore:
765 483 941 539 omnia
957 487 1101 541 enim
1174 489 1283 544 sine
1309 505 1520 559 corpore
1537 492 1775 559 vixerint,
1799 515 1917 551 con—
1942 504 1989 560 Α
2018 518 2252 572 namque
2304 504 2530 559 mortale
2582 513 2681 569 est,
2714 505 2813 561 hoc
2853 508 3109 562 continuo
3133 519 3187 562 et
3213 513 3563 578 corruptibile

351 575 1105 635 adunumﬂnemtenderesu-
1172 592 1403 635 sumetur
1450 586 1734 652 corporalis
1786 590 1908 641 uni-
2012 601 2113 657 est;
2145 608 2249 646 non
2278 604 2455 649 tamen
2488 596 2530 650 si
2563 597 2689 664 quid
2738 599 3083 667 corruptibile
3121 608 3221 666 est,
3252 600 3352 656 hoc
3375 575 3559 658 ctiam

352 670 542 761 perior
578 679 838 725 tractatus
865 674 1096 729 edocuit.
1169 687 1313 726 versa
1343 684 1552 732 natura.
1576 688 1620 729 et
1652 680 1908 747 redigetur
2010 684 2238 738 mortale
2291 687 2393 739 dici
2446 697 2643 755 potest.
2680 687 2917 757 Denique
2951 689 3177 756 lapidem
3214 691 3300 743 vel
3362 692 3560 761 lignum

354 759 412 812 Si
452 771 629 815 autem
664 763 841 817 omnia
878 774 1099 833 possunt
1167 764 1218 814 in
1237 763 1903 837 niltilum,qutcaliquando
2009 774 2354 841 corruptibile
2372 776 2583 843 quidem
2608 776 2855 843 dicimus;
2885 793 2988 831 non
3023 759 3564 835 tamen'etiam—nmr-

349 867 545 909 carere
586 856 929 924 corporibus,
978 859 1094 912 sine
1163 853 1303 921 facta
1332 865 1407 909 est
1462 858 1525 910 de
1558 858 1751 923 nihilo;
1791 861 1907 911 eri:—
2008 864 2111 918 tale
2167 877 2555 934 consequenter
2597 870 2855 923 dicemus.
2901 871 3107 939 Corpus
3150 888 3272 926 vero
3312 876 3561 942 quoniam

346 945 514 999 dubio
545 961 648 1001 non
682 945 1093 1003 eritsubstantia
1162 964 1259 1016 que
1280 958 1474 1016 tempus
1508 964 1608 1018 quo
1642 968 1765 1005 usus
1794 955 1906 1020 ejus
2006 955 2126 1007 vitm
2149 957 2450 1025 participat,
2485 972 2551 1011 ex
2581 974 2643 1012 eo
2665 960 2804 1027 quod
2824 962 3061 1028 separati
3089 963 3234 1015 abeo
3255 964 3359 1017 vita
3392 974 3562 1031 potest

342 1040 1099 1109 corporalis,cujusususnul-
1166 1044 1349 1096 iterum
1380 1047 1697 1098 necessarius
1741 1035 1828 1099 sit.

343 1134 433 1189 lus
458 1136 698 1191 exsistet.

338 1226 413 1280 Et
466 1208 730 1295 quomodo
767 1228 1060 1284 sentiemus
1093 1228 1220 1282 illud
1266 1230 1405 1297 quod
1443 1230 1579 1284 dixit
1618 1232 1900 1301 Apostolus

341 1317 400 1370 in
438 1318 525 1372 his
574 1318 701 1373 locis
752 1319 805 1373 in
863 1319 1059 1388 quibus
1108 1320 1172 1374 de
1220 1322 1618 1376 resurrectione
1668 1324 1902 1393 disputat

338 1418 699 1473 mortuorum,
731 1398 851 1463 cum
877 1408 984 1462 ait:
1016 1428 1034 1460 ι
1064 1408 1293 1463 Necesse
1319 1420 1400 1463 est
1436 1419 1614 1465 autem
1640 1417 1902 1483 corrupti-

336 1498 459 1553 bile
489 1499 588 1553 hoc
642 1488 865 1555 induere
909 1501 1391 1569 incorruptionem,
1450 1512 1505 1556 et
1540 1505 1763 1557 mortale
1798 1508 1899 1561 hoc

336 1578 569 1643 induere
620 1592 1092 1645 immortalitatem.
1155 1592 1283 1645 Cum
1324 1602 1498 1645 autem
1555 1597 1900 1663 corruptibile

335 1679 449 1733 hoc
481 1680 714 1735 induerit
768 1682 1239 1752 incorruptionem,
1279 1692 1333 1736 et
1364 1683 1585 1737 mortale
1610 1686 1710 1739 hoc
1740 1686 1897 1739 indu-

332 1767 449 1820 erit
485 1768 965 1834 immortalitatem,
1010 1781 1133 1826 tunc
1183 1772 1273 1826 [iet
1317 1786 1492 1827 sermo
1530 1775 1617 1840 qui
1665 1775 1895 1843 scriptus

332 1860 424 1905 est
449 1869 465 1905 :
516 1854 784 1924 Absorpta
815 1866 896 1909 est
947 1871 1092 1912 mors
1122 1859 1173 1912 in
1206 1860 1424 1913 victoria
1451 1877 1465 1925 ;
1494 1861 1581 1916 ubi
1606 1871 1705 1929 est,
1730 1878 1893 1928 mors,

332 1944 567 1997 victoria
594 1944 716 1997 tua?
741 1944 1146 2014 Absorptusest,
1167 1963 1328 2013 mors,
1351 1949 1568 2004 aculeus
1590 1958 1710 2005 tuus
1728 1950 1895 2022 (92);

332 2034 564 2089 aculeus
618 2044 798 2091 autem
864 2038 1052 2093 mortis
1131 2048 1445 2107 peccatum,
1499 2039 1668 2095 virtus
1717 2051 1893 2096 autem

329 2128 546 2194 peccati
601 2128 682 2182 lex
719 2129 784 2183 ".
824 2148 843 2181 ι
894 2129 1072 2183 Talem
1129 2145 1258 2197 ergo
1340 2133 1621 2201 quemdam
1688 2134 1895 2187 videtur

328 2218 624 2285 Apostolus
670 2234 959 2288 suggerere
1007 2220 1349 2275 intellectum.
1412 2220 1561 2287 Quod
1598 2224 1737 2276 enim
1787 2224 1888 2278 ait:

332 2329 356 2362 s
394 2310 756 2380 Corruptibile
790 2314 909 2377 hoc,
951 2322 1005 2367 et
1031 2314 1251 2369 mortale
1274 2315 1391 2375 hoc,
1430 2332 1448 2365 ι
1486 2314 1629 2368 velut
1666 2324 1890 2385 tangen-

327 2402 404 2457 tis
425 2411 480 2456 et
501 2403 833 2457 ostendentis
858 2403 1067 2468 allecto,
1092 2404 1179 2459 cui
1205 2391 1291 2458 alii
1321 2406 1569 2459 convenit
1598 2407 1697 2460 nisi
1725 2417 1893 2461 mate-

325 2496 431 2548 rEa:
476 2495 740 2562 corporali
784 2492 961 2563 (93)?
1002 2495 1122 2549 llaec
1160 2511 1288 2565 ergo
1358 2498 1581 2551 materia
1626 2500 1887 2570 corporis,

324 2597 456 2651 quae
484 2598 623 2637 nunc
654 2584 1012 2652 corruptibilis
1052 2594 1152 2649 est,
1185 2585 1368 2640 induet
1409 2585 1885 2655 incorruptionem:

322 2688 457 2728 cum
520 2674 750 2742 perfecta
794 2675 969 2728 anima
1001 2686 1056 2730 et
1098 2677 1431 2745 dogmatibus
1476 2678 1888 2746 incorruptionis

322 2764 598 2819 instructa
634 2766 706 2818 uti
747 2780 811 2819 eo
841 2766 1088 2833 coeperit.
1146 2767 1211 2819 Et
1235 2766 1355 2821 nolo
1402 2768 1614 2821 mireris
1648 2770 1692 2821 si
1741 2767 1888 2820 velut

316 2855 701 2912 indumentum
747 2857 987 2924 corporis
1020 2856 1304 2924 perfectam
1359 2857 1588 2911 animam
1638 2857 1883 2921 dicimus,

312 2960 453 3015 quae
482 2954 701 3015 propter
752 2943 983 2999 Verbum
1015 2947 1106 3001 Dei
1146 2958 1200 3001 et
1247 2947 1561 3014 sapientiam
1592 2948 1707 3019 ejus
1745 2965 1885 3005 nunc

314 3036 665 3105 incorruptio
711 3038 1047 3104 nominatur;
1115 3054 1235 3093 cum
1281 3039 1392 3107 ipse
1432 3030 1615 3109 utique
1658 3040 1747 3109 qui
1802 3048 1886 3096 est

2003 1055 2057 1099 et
2102 1056 2401 1113 separatur,
2450 1060 2845 1116 consequenter
2874 1050 3097 1103 mortale
3132 1050 3269 1120 (95)
3320 1054 3561 1105 nomina-

2004 1152 2141 1201 mus,
2171 1144 2222 1189 et
2252 1139 2545 1191 secundum
2581 1139 2741 1191 alium
2780 1155 2993 1209 quoque
3027 1142 3349 1195 intellectum
3399 1143 3558 1195 etiam

2002 1224 2347 1292 corruptibile
2393 1225 2640 1280 dicimus.
2695 1227 2828 1280 Mira
2892 1244 3024 1298 ergo
3080 1231 3285 1283 ratione
3340 1240 3561 1285 sanctus

2002 1314 2284 1382 Apostolus
2313 1314 2446 1387 (96)
2482 1317 2545 1371 ad
2573 1318 2878 1387 generalem
2910 1302 3137 1387 pbimam
3190 1335 3403 1373 causam
3466 1336 3557 1374 re—

1999 1409 2231 1477 spiciens
2262 1410 2496 1462 materia:
2546 1409 2864 1477 corporalis,
2906 1407 3060 1476 cujus
3114 1410 3353 1463 materire
3382 1411 3558 1464 anima

2000 1513 2151 1551 usum
2194 1512 2405 1567 semper
2432 1500 2595 1552 habet
2623 1499 2639 1567 (
2664 1497 2767 1564 97)
2796 1498 2846 1550 in
2889 1497 3128 1566 qualibet
3156 1499 3412 1567 qualitate
3464 1516 3559 1567 po-

1999 1590 2138 1656 sitas,
2200 1605 2340 1643 nunc
2377 1590 2587 1656 quidem
2634 1588 2859 1650 carnali,
2893 1589 3228 1656 postmodum
3276 1604 3401 1642 vero
3432 1590 3559 1644 sub-

1972 1677 2164 1730 ,tiliori
2206 1686 2260 1730 et
2301 1677 2527 1745 puriori,
2584 1692 2702 1749 qua:
2747 1678 3005 1744 spiritalis
3055 1678 3389 1746 appellatur,
3449 1678 3553 1730 ait:

2002 1766 2281 1832 «Necesse
2338 1776 2421 1820 est
2474 1766 2820 1834 corruptibile
2876 1766 2977 1820 hoc
3049 1767 3268 1835 induere
3313 1768 3553 1821 incorru-

1998 1862 2290 1930 ptionem.»
2333 1857 2578 1914 Secundo
2627 1872 2754 1912 vero
2808 1858 2873 1909 ad
2924 1856 3213 1925 specialem
3255 1854 3391 1926 (98)
3429 1872 3552 1912 cor-

1996 1949 2464 2021 poris~respiciens
2492 1963 2708 2002 causam
2756 1947 2858 2001 ait:
2891 1964 2909 1997 ι
2943 1946 3171 2001 Necesse
3214 1960 3295 2001 est
3330 1948 3554 2003 mortale

1995 2043 2095 2097 hoc
2144 2041 2364 2094 induere
2414 2038 2896 2092 immortalitatem.
2933 2056 2951 2089 ι
2990 2038 3323 2108 lucorruptio
3366 2049 3547 2094 autem

1993 2142 2047 2186 et
2073 2130 2450 2184 immortalitas
2500 2128 2633 2196 quid
2661 2127 2800 2183 aliud
2850 2127 2950 2181 erit
3007 2129 3110 2183 nisi
3166 2129 3452 2196 sapientia,
3498 2138 3554 2183 et

1998 2221 2249 2283 Verbum,
2278 2228 2331 2272 et
2358 2219 2569 2289 j'ustitia
2617 2218 2732 2281 Dei,
2758 2234 2874 2288 qua;
2909 2219 3141 2275 formant
3197 2222 3451 2285 animam,
3498 2232 3553 2275 et

1994 2306 2240 2377 induunt,
2285 2309 2750 2364 etexornant?Et
2791 2310 2862 2362 ita
2920 2310 2981 2364 fit
3030 2318 3087 2365 ut
3143 2311 3375 2376 dicatur,
3424 2312 3547 2380 quia

1993 2402 2341 2471 corruptibile
2406 2402 2867 2469 incorruptionem
2949 2402 3153 2467 induet,
3216 2412 3269 2455 et
3329 2404 3552 2457 mortale

1994 2494 2474 2549 immortalitatem.
2522 2491 2680 2547 Nunc
2726 2494 2868 2546 enim
2929 2494 3138 2547 etiamsi
3192 2494 3339 2547 valde
3385 2494 3549 2563 proli-

1993 2588 2218 2647 ciamus.
2268 2596 2441 2641 tamen
2482 2586 2733 2683 quouis/ri
2796 2584 2937 2655 (99)
2985 2585 3152 2638 solum
3183 2600 3246 2639 ex
3274 2595 3424 2654 parte
3461 2602 3553 2641 co-

1988 2679 2318 2748 gnoscimus,
2344 2687 2396 2731 et
2416 2692 2477 2731 ex
2501 2678 2649 2748 parte
2670 2676 3067 2745 'prOphetamus,
3092 2686 3143 2729 et
3165 2691 3255 2745 per
3278 2678 3549 2747 speculum

1988 2740 2041 2823 in
2075 2770 2359 2838 aenigmate
2402 2740 2642 2838 videznbs
2666 2740 2728 2820 ea
2769 2740 2881 2834 ipsa
2910 2781 3028 2834 qua:
3055 2740 3320 2819 videmur.
3351 2766 3547 2820 intelli-

1986 2874 2133 2930 gere,
2160 2858 2392 2915 nnndum
2420 2830 2731 2930 corruptum
2755 2856 2858 2909 hoc
2883 2855 3054 2910 induit
3074 2857 3545 2924 incorruptionem,

1985 2918 2160 3017 neque
2199 2948 2425 3004 mortale
2479 2948 2546 3002 ab
2593 2918 3004 3000 iinmortalitate
3044 2946 3442 3010 circumdatus;
3494 2955 3548 3000 et

1984 3042 2232 3110 quoniam
2259 3040 2374 3093 sine
2406 3039 2510 3108 81
2537 3038 2697 3091 dubio
2732 3037 2784 3089 in
2814 3037 3025 3106 longius
3087 3036 3418 3105 protrahitur
3450 3051 3546 3090 no-

313 3126 667 3196 Dorninusct
696 3136 910 3181 creator
930 3128 1121 3182 anima:
1140 3127 1295 3184 Jesus
1325 3129 1575 3185 Christus
1605 3131 1880 3187 indutnen-
1909 3151 1950 3208 ο
1984 3141 2097 3184 stra
2124 3131 2237 3184 hanc
2263 3128 2315 3182 in
2349 3142 2575 3197 corpore
2612 3126 2844 3181 eruditio
2869 3124 2941 3196 (ί)
2961 3142 2973 3179 :
2996 3125 3240 3180 videlicet
3273 3139 3547 3194 usquequo

316 3229 447 3272 tum
494 3221 690 3273 sanctis
742 3232 859 3273 esse
924 3218 1155 3286 dicatur,
1194 3220 1333 3274 sicut
1364 3219 1653 3289 Apostolus
1718 3221 1880 3276 dicit:

320 3329 343 3362 α
386 3310 601 3364 lnduile
631 3324 724 3364 vos
750 3308 1028 3365 Dominum
1058 3308 1239 3365 Iesum
1272 3311 1545 3365 Christum
1567 3310 1632 3363 ω.
1677 3329 1695 3362 ι
1737 3311 1886 3365 Sicut

313 3418 464 3469 ergo
486 3402 731 3455 Christus
762 3401 1136 3456 indumentum
1172 3413 1251 3463 est
1278 3392 1489 3469 animm,
1524 3404 1593 3457 ita
1635 3404 1886 3472 intelligi-

313 3498 429 3554 bili
451 3497 679 3566 quadam
705 3498 909 3551 ratione
926 3496 1086 3551 etiam
1106 3496 1279 3548 anima
1305 3496 1670 3551 indumentum
1692 3499 1886 3554 dicitur

314 3605 454 3646 esse
484 3589 747 3660 corporis.
767 3588 1151 3644 Ornamentum
1184 3589 1324 3641 enim
1345 3588 1461 3656 ejus
1491 3601 1573 3644 est
1604 3592 1786 3644 velans
1834 3604 1887 3646 et

314 3689 623 3750 contegens
664 3679 780 3747 ejus
820 3678 1099 3733 mortalem
1152 3686 1396 3731 naturam
1444 3678 1598 3746 (94).
1637 3678 1765 3731 Tale
1803 3691 1885 3733 est

314 3787 462 3845 ergo
484 3774 621 3842 quod
672 3772 899 3827 dicitur:
941 3790 959 3822 ι
998 3769 1225 3824 Necesse
1260 3778 1343 3823 est
1388 3770 1739 3838 corruptibile
1786 3770 1887 3826 hoc

322 3866 556 3920 induere
578 3864 1028 3931 incorruptionem
1048 3859 1189 3925 "'“;
1218 3878 1236 3911 ι
1262 3867 1320 3914 ιιι
1338 3860 1379 3914 si
1399 3860 1615 3926 diceret,
1637 3872 1883 3916 naturam

323 3959 471 4013 hanc
506 3954 903 4023 corruptibilem
948 3954 1189 4021 corporis
1231 3967 1447 4007 necesse
1483 3962 1566 4007 est
1601 3953 1883 4021 indumeno

325 4056 447 4101 tum
467 4048 716 4115 accipere
751 4045 1189 4114 incorruptionis,
1239 4044 1469 4101 animam
1518 4045 1807 4115 habentem
1832 4044 1883 4098 in

325 4154 389 4193 se
422 4139 901 4206 incorruptionem,
934 4152 1031 4207 pro
1056 4152 1120 4191 eo
1153 4136 1397 4191 videlicet
1420 4139 1561 4205 quod
1590 4138 1887 4192 induta"'est

321 4230 602 4283 Christum
654 4229 741 4298 qui
797 4238 877 4284 est
937 4229 1194 4297 sapientia
1219 4239 1272 4283 et
1305 4227 1537 4283 Verbum
1589 4230 1703 4283 Dei.
1750 4230 1882 4283 Cum

321 4329 514 4373 autem
539 4324 661 4373 vita:
680 4320 1079 4388 participaverit
1107 4322 1412 4388 corpushoc
1426 4320 1567 4390 quod
1597 4320 1884 4387 aliquando

314 4409 612 4480 gloriosius
647 4410 977 4473 habebimus,
1017 4420 1141 4463 tunc
1164 4411 1227 4462 ad
1282 4410 1333 4462 id
1381 4418 1524 4477 qhod
1580 4411 1881 4465 immortale

1990 3223 2100 3293 ipsa
2126 3236 2350 3291 corpora
2390 3230 2570 3275 nostra
2598 3220 2791 3289 quibus
2846 3218 3160 3272 circumdati
3196 3232 3397 3284 smnus,
3425 3232 3547 3287 pro-

1987 3326 2107 3386 pter
2139 3315 2377 3370 Verbum
2424 3308 2528 3367 Dei
2555 3322 2608 3367 et
2638 3312 2960 3381 sapientiam
3008 3325 3070 3365 ac
3122 3311 3410 3380 perfectam
3459 3310 3546 3378 ju-

1986 3409 2189 3463 stitiam
2267 3404 2392 3478 (2),
2464 3405 2918 3474 incorruptionem
2987 3402 3543 3471 immortalitatemque

1987 3508 2321 3564 mereantur;
2378 3509 2656 3569 propterea
2716 3496 2945 3548 dicitur:
3009 3492 3285 3549 «Necesse
3316 3503 3397 3547 est
3422 3508 3543 3547 cor-

1989 3591 2235 3657 ruptibile
2282 3592 2383 3643 hoc
2420 3588 2638 3643 induere
2687 3584 3165 3653 incorruptionem,
3211 3594 3263 3637 et
3314 3582 3541 3637 mortale

1986 3684 2089 3737 hoc
2118 3681 2340 3734 induere
2371 3677 2850 3732 immortalitatem.
2888 3692 2905 3724 ι

2054 3772 2105 3825 5.
2134 3772 2507 3825 Verumtamen
2546 3768 2620 3837 (5)
2650 3768 2704 3820 hi
2750 3766 2838 3834 qui
2871 3772 3061 3834 putant
3089 3779 3244 3832 posse
3290 3779 3528 3834 unquam

1983 3870 2133 3915 extra
2164 3874 2386 3927 corpora
2412 3859 2576 3912 vitam
2603 3858 2799 3911 ducere
2838 3856 3181 3909 rationabiles
3234 3865 3535 3922 creaturas,

1984 3960 2208 4020 possunt
2233 3953 2283 4004 in
2318 3946 2422 4003 bne
2447 3948 2564 4002 loco
2596 3947 2993 4016 taliajquacdam
3023 3961 3255 4000 movere.

1986 4044 2043 4098 Si
2089 4058 2271 4097 verum
2328 4052 2409 4095 est
2448 4042 2523 4111 (4)
2584 4043 2722 4110 quod
2879 4053 3167 4093 “IERONYII
3208 4052 3453 4092 INTEB?I.

1984 4135 2331 4203 corruptibile
2388 4135 2490 4189 hoc
2539 4135 2723 4189 induet
2792 4130 2888 4185 Sin
2915 4142 3109 4198 autem,
3138 4142 3191 4185 ut
3224 4135 3418 4185 ratione
3458 4132 3533 4202 (5)

1985 4228 2464 4297 incorruptionem,
2496 4237 2547 4281 et
2581 4242 2723 4282 mor-
2791 4236 2840 4279 et
2869 4225 3256 4296 Scripturarum
3308 4228 3508 4282 auctori

1987 4320 2091 4375 tale
2122 4320 2221 4375 hoc
2265 4321 2447 4375 induet
2500 4321 2721 4375 immor-
2793 4330 2896 4375 tate
2920 4334 3260 4375 monstratum
3290 4333 3383 4389 est,
3418 4339 3509 4375 cor

1986 4412 2260 4476 talitatem,
2288 4424 2339 4466 et
2367 4414 2506 4481 quod
2538 4415 2724 4468 absor-
2796 4401 3057 4483 ruptivttm
3079 4420 3171 4470 hoc
3196 4419 3423 4478 induerit
3450 4419 3526 4471 itt-

309 4509 411 4558 est
460 4502 703 4564 accedet,
739 4502 978 4579 utetiam
1027 4500 1427 4568 iucorruptibile
1481 4502 1592 4555 ﬁat.
1644 4501 1699 4553 Si
1752 4502 1876 4569 quid
1912 4493 1953 4545 Ι)
1982 4502 2176 4557 bentur
2239 4518 2381 4557 mors
2450 4506 2499 4558 in
2564 4508 2755 4562 linem'
2796 4512 3199 4579 corruptionem,
3237 4522 3284 4565 et
3318 4512 3527 4587 mortah

401 4633 448 4663 "
480 4630 497 4682 Ι
528 4628 651 4683 Cor.
686 4645 771 4685 xv.
801 4628 983 4681 55-56.
1060 4629 1104 4660 ⁸⁸
1130 4625 1286 4682 Rom.
1313 4645 1427 4691 xm,
1464 4628 1547 4681 l4.

404 4720 517 4794 (92)
543 4721 830 4794 rAitsorpttts
877 4730 951 4773 est
1002 4739 1136 4775 mors
1174 4724 1401 4778 aculeus.
1435 4726 1525 4780 Sic
1560 4742 1688 4781 mss.
1731 4726 1879 4781 Libri

317 4805 465 4845 vero
488 4792 635 4856 editi,
672 4808 690 4840 ι
728 4792 813 4843 ubi
840 4800 921 4843 est
949 4807 1087 4845 mors
1117 4794 1365 4857 sthnulus
1392 4796 1555 4848 tuus?
1588 4815 1607 4845 ι

404 4860 517 4929 (95)
550 4860 619 4912 Ita
648 4876 771 4912 mss.
802 4862 967 4924 Alias,
1011 4879 1029 4911 ι
1071 4863 1271 4929 primze.
1312 4880 1328 4912 ι
1361 4864 1686 4918 l’auloinfra
1726 4880 1876 4928 mss.,

321 4948 345 4980 α
382 4927 629 5048 silvelut
677 4929 1043 4985 indumentum
1072 4927 1340 5000 corporis.
1380 4950 1397 4982 ι
1443 4934 1497 4985 lu
1530 4936 1690 4989 editis
1730 4936 1879 4989 deest

321 5015 346 5048 ι
380 5008 551 5048 vent.
586 5016 605 5047 ι

320 5015 346 5049 ι
380 5008 551 5050 νειιιι.
586 5016 605 5047 ι

400 5065 515 5134 (94)
548 5065 918 5138 Ornamentum
950 5070 1083 5123 enim
1105 5070 1313 5138 ejusest
1339 5068 1513 5123 velans
1536 5081 1580 5123 et
1613 5080 1883 5138 contegens

313 5136 754 5205 ejasimartalem
785 5150 1047 5194 naturam.
1066 5134 1189 5192 Haec
1218 5134 1408 5193 desunt
1436 5140 1487 5193 in
1518 5150 1672 5193 antea
1702 5134 1879 5204 editis,

316 5204 429 5257 sed
462 5204 733 5256 habentur
762 5206 813 5257 in
842 5210 1093 5263 omnibus
1127 5225 1253 5262 mss.

316 5344 329 5355 .
399 5270 516 5341 (95)
552 5271 794 5331 Hortale.
826 5277 982 5332 Deest
1016 5279 1066 5331 in
1091 5289 1244 5332 antea
1275 5277 1455 5342 editis,
1497 5280 1589 5335 sed
1618 5280 1882 5348 reperitur

316 5359 380 5397 tu
410 5356 543 5395 mss.

394 5408 511 5481 (96)
542 5409 677 5485 Mira
699 5427 820 5485 ergo
849 5416 1052 5485 ratione
1074 5428 1281 5469 sanctus
1315 5418 1610 5485 Apostolus,
1653 5430 1757 5473 etc.
1810 5420 1882 5475 De

313 5482 416 5559 liis
467 5480 685 5533 Consule
730 5483 1082 5559 clarissimmn
1133 5480 1376 5541 lluetiuni
1445 5480 1878 5559 Origenianorum

311 5552 423 5604 lib.
473 5565 534 5611 Il,
562 5561 752 5630 quaest.
784 5568 945 5619 nona,
978 5554 1041 5608 de
1088 5559 1479 5612 resurrectione
1522 5552 1873 5624 mortuorum,

308 5635 477 5675 nunt.
512 5628 717 5687 quinto.

312 5689 629 5813 ha(b9:7')l.5:c
660 5705 789 5746 mss.
819 5689 973 5746 Libb.
999 5691 1205 5760 editi,«
1254 5699 1447 5752 anima:
1477 5714 1631 5754 usum
1664 5694 1874 5769 semper

1622 4625 1736 4656 ‘9'"
1769 4623 1790 4677 ι
1819 4622 1941 4677 Cor.
1976 4636 2063 4685 xv,
2098 4621 2183 4675 55.

2058 4728 2169 4797 (98)
2231 4728 2535 4795 Specialem.
2575 4732 2736 4788 Recte
2781 4738 2999 4791 omnino
3046 4752 3175 4791 mss.
3213 4737 3365 4792 Libb.
3411 4739 3539 4793 editi

1990 4810 2261 4863 corrupte,
2298 4818 2313 4849 ι
2351 4802 2667 4865 Spiritaletn.
2701 4822 2718 4852 ι

2058 4868 2291 4941 (99)__Sic
2324 4885 2452 4941 mss.
2486 4871 2705 4941 Aliasts
2740 4875 3149 4941 quodammodo.
3191 4894 3208 4926 ι

2056 4936 2129 5006 (ι)
2162 4938 2249 5015 Sic
2272 4938 2630 5015 Optimeniss.
2842 4945 2966 5015 editi
2992 4946 3239 5011 pessime,
3275 4964 3294 4996 ι
3336 4955 3539 5015 etquo-

1986 5008 2272 5083 (lammodo
2307 5009 2422 5083 sine
2461 5010 2619 5063 dubio
2655 5014 2706 5063 in
2755 5013 2957 5083 longius
2990 5008 3321 5082 protrahitur
3353 5008 3534 5071 nostra

1987 5078 2099 5130 haec
2130 5078 2423 5143 corruptio.
2460 5098 2477 5128 ι

2056 5145 2129 5223 (2)
2166 5144 2314 5225 lltmc
2349 5146 2520 5199 locum
2557 5148 2814 5225 in-autca
2842 5150 3025 5225 _editis
3056 5156 3413 5225 depravatum
3455 5159 3534 5212 sic

1987 5217 2269 5295 restituunt
2306 5232 2491 5295 omnes
2509 5219 2659 5295 codd.
2686 5237 2810 5273 mss.
2842 5222 2894 5274 In
2926 5237 3080 5276 antea
3112 5217 3271 5280 editis
3304 5230 3531 5295 legitur;

1991 5286 2110 5361 cad
2144 5284 2434 5361 perfectam
2468 5289 2732 5361 justitiam
2768 5302 2820 5343 et
2856 5297 3255 5361 cerrnptioncm
3308 5284 3509 5349 delirus;

1989 5356 2118 5415 rint,
2152 5363 2205 5406 et
2238 5354 2460 5406 mortale
2492 5359 2590 5409 hoc
2622 5360 2853 5413 induerit
2889 5354 3369 5418 itmnortalitatem.
3430 5364 3529 5418 Ve-

1992 5434 2287 5497 rnmtainen
2319 5424 2368 5475 hi
2398 5428 2486 5491 qui
2530 5437 2715 5492 putant
2750 5433 2799 5482 id
2850 5448 3119 5497 utinquam
3152 5437 3344 5488 decere
3392 5435 3501 5486 ιιι-α

1991 5492 2270 5566 timiabilcs
2302 5507 2595 5566 creaturas,
2628 5512 2851 5564 possunt
2878 5502 2929 5553 in
2963 5492 3059 5554 hoc
3089 5505 3229 5566 loco,
3269 5522 3285 5553 ι
3318 5513 3425 5556 etc.

2056 5562 2129 5628 (5)
2162 5563 2337 5633 Caute
2356 5565 2490 5631 lege.
2629 5562 2641 5564 “
2944 5630 2945 5633 η

2056 5638 2130 5706 (i;
2166 5631 2295 5706 Vide
2333 5632 2423 5686 lib.
2456 5651 2491 5686 ιι
2526 5635 2854 5706 0rigcninn.,
2883 5656 2934 5704 ιι.
2968 5640 3015 5698 6,
3047 5657 3191 5692 num.
3222 5642 3255 5694 ‘2
3294 5650 3341 5694 el
3374 5640 3461 5694 l2.

2055 5702 2128 5769 (fi)
2159 5699 2252 5752 Siti
2285 5714 2477 5763 autem,
2510 5717 2562 5756 ttt
2600 5699 2795 5757 mitione
2820 5749 2832 5770 ,
2883 5699 2987 5761 tite.
3042 5708 3163 5762 Πιυο
3210 5721 3420 5765 exstant
3472 5710 3522 5764 in

1980 5772 2201 5841 epistola
2244 5771 2550 5841 llimonymi
2606 5778 2925 5831 adAvitum.
