4136 6310
700 546 803 617 (6),
832 561 936 601 non
971 544 1112 601 aliud
1145 558 1306 617 quam
1336 558 1447 599 ma-

652 625 657 630 ’
697 638 940 693 tcrialem
981 648 1229 695 naturam
1261 651 1444 697 exter-

692 732 1003 787 minandam
1045 733 1328 800 declarat,
1388 736 1441 790 in
1516 727 1814 792 victoriam,
1842 736 1891 781 et
1917 728 2184 796 corruptio
2209 729 2262 782 in

690 838 796 891 qua
824 825 1037 893 operari
1066 841 1215 881 mors
1241 826 1445 895 aliquid
1517 822 1979 892 incorruptionem,
2020 831 2069 876 et
2102 823 2263 893 farsi.

691 924 929 984 poterat,
948 919 1073 973 dum
1098 918 1179 972 his
1198 920 1289 988 qui
1315 930 1441 975 sunt
1512 926 1603 971 tan
1633 918 1804 972 omnis
1831 933 2076 986 corporea
2100 927 2260 973 natu-

693 1006 746 1060 in
780 1018 1029 1079 corpore,
1060 1025 1155 1079 per
1193 1020 1438 1066 naturam
1513 1027 1571 1066 ra
1621 1012 1832 1067 tolletur
1878 1028 1907 1066 e
1949 1013 2159 1079 medio,
2206 1013 2262 1067 iu

694 1102 940 1156 materiae
965 1102 1265 1170 corporalis
1290 1118 1441 1158 men-
1509 1116 1612 1178 qua
1633 1113 1747 1161 sola
1767 1115 1931 1177 potest
1971 1124 2111 1163 mors
2142 1125 2264 1177 ope-

696 1189 765 1244 tis
782 1205 1007 1247 acumen
1027 1193 1238 1248 videtur
1252 1195 1441 1251 obtun-
1513 1202 1642 1257 rari.
1934 1264 1937 1267 η

692 1278 745 1333 di
776 1280 877 1351 (7).
913 1282 969 1338 Si
998 1298 1127 1340 vero
1149 1292 1298 1340 extra
1331 1301 1525 1358 corpus
1554 1300 1700 1356 sunt,
1734 1300 1861 1347 tunc
1896 1293 2118 1347 omnino
2144 1309 2261 1347 mo-

692 1367 903 1425 lestiam
941 1358 1309 1440 hujuscemodi
1353 1378 1782 1442 perturbationis
1822 1377 2102 1446 effugient.
2154 1380 2259 1433 Sed

692 1463 948 1530 quoniam
981 1478 1086 1518 non
1116 1466 1178 1519 ad
1214 1466 1451 1521 subitum
1484 1485 1644 1524 onme
1676 1470 2047 1525 indumentum
2072 1488 2261 1542 corpu-

692 1568 844 1606 reum
888 1554 1124 1625 effugere
1154 1566 1438 1625 poterunt,
1482 1560 1632 1628 prius
1677 1562 1728 1615 in
1772 1562 2147 1641 subtilioribus
2198 1577 2261 1616 ac

693 1643 999 1723 purioribus
1034 1647 1313 1703 immorari
1368 1653 1688 1720 corporibus
1743 1656 2048 1711 aestimandi
2091 1666 2257 1725 sunt,

691 1746 812 1800 qua:
842 1720 985 1787 ultra
1033 1750 1133 1790 nec
1178 1752 1205 1788 a
1246 1748 1420 1794 morte
1454 1740 1636 1809 vinci,
1687 1759 1790 1799 nec
1828 1745 2019 1801 aculeo
2071 1748 2261 1803 mortis

693 1825 980 1893 compungi
1014 1828 1358 1893 praevaleant;
1390 1837 1447 1884 ut
1475 1831 1548 1885 ita
1587 1834 1802 1889 demum
1849 1837 2107 1904 paulatim
2137 1854 2256 1893 ces-

621 1900 625 1905 ’
691 1924 848 1970 same
889 1924 1079 1970 natura
1113 1920 1377 1975 materiali
1405 1961 1422 1987 ,
1471 1932 1526 1976 et
1574 1924 1938 1981 absorbeatur
1970 1944 2156 1992 mors,
2206 1940 2261 1985 et

690 2006 851 2059 etiam
879 2008 1268 2062 exterminetur
1296 2012 1346 2064 in
1381 2012 1564 2079 tinem,
1614 2026 1775 2085 atque
1818 2020 1995 2074 omnis
2036 2021 2269 2093 aculeus,

630 2140 633 2141 ν
690 2097 810 2164 ejus
840 2098 1051 2165 penitus
1086 2102 1406 2159 retundatur
1429 2120 1526 2173 per
1560 2107 1794 2163 divinam
1820 2112 2073 2180 gratiam,
2104 2114 2259 2181 cujus

691 2202 861 2256 capax
896 2188 1084 2243 e'lleota
1116 2200 1199 2246 est
1242 2195 1449 2259 anima,
1494 2206 1547 2251 et
1594 2197 2055 2269 incorruptionem
2094 2214 2258 2273 atque

692 2280 1148 2336 immortalitatem
1183 2287 1377 2340 meruit
1434 2288 1660 2358 adipisci
1696 2295 1792 2361 (8).
1818 2293 1886 2348 Et
1911 2286 2259 2352 tunemerito

690 2370 904 2423 dicetur
924 2371 1274 2451 abpnmibus
1295 2376 1325 2428 ’:
1367 2394 1385 2425 ι
1421 2377 1519 2432 Ubi
1550 2391 1654 2443 est,
1695 2399 1863 2448 mors,
1889 2386 2111 2441 victoria
2144 2390 2259 2442 tua?

693 2459 792 2514 Ubi
817 2470 920 2527 est,
957 2478 1121 2525 more,
1146 2466 1360 2523 aculeus
1400 2470 1545 2524 tuus?
1587 2473 1821 2529 Aculeus
1847 2487 2042 2536 autem
2068 2481 2259 2534 mortis

1516 645 1640 703 tem,
1665 636 2028 691 absorbebitur
2048 652 2185 690 mors
2206 636 2262 690 in

1927 412 2246 473 ORIGENIS
2278 414 2434 469 ΠΕΡΙ
2478 414 2707 468 ΑΡΧΩΝ

1516 540 1613 595 hoc
1635 539 1863 595 induerit
1890 537 2261 593 immortalita-
2292 542 2337 599 Α
2367 543 2634 591 asserunt.
2663 534 2945 590 Videbitur
2965 532 3106 588 enim

2352 637 2483 685 esse
2529 630 2891 684 necessarium
2953 636 3009 682 ut
3060 627 3105 681 si

2362 720 2720 797 exterminata
2740 720 2899 775 fuerit
2916 730 3104 774 natura

2362 829 2639 883 corporea,
2659 814 2895 869 secundo
2910 814 3103 867 iterum

2363 907 2663 978 reparanda
2703 906 2775 962 sit
2826 914 2880 961 et
2919 921 3106 961 crean-

2363 1001 2450 1067 da;
2489 998 2743 1069 possibile
2777 998 2922 1053 enim
2955 997 3105 1051 vide-

2367 1103 2450 1148 tur
2478 1098 2536 1148 u't
2569 1093 2915 1149 rationabiles
2946 1101 3104 1146 natu-

3820 397 3928 457 192

3180 538 3440 585 certamen
3478 538 3525 584 et
3569 527 3765 581 luctum
3802 530 3929 582 aui-

3178 641 3292 679 mas
3318 622 3611 694 dereliquit,
3640 629 3696 674 ut
3732 621 3932 675 intelli-

3179 726 3305 786 gant
3344 714 3549 785 plenam
3586 728 3926 767 consumma-

3180 821 3383 880 tamque
3423 808 3690 877 victoriam
3720 822 3821 859 non
3861 820 3931 858 ea:

3176 902 3387 972 propria
3404 917 3457 954 se
3480 898 3807 969 fortitudine.
3833 898 3929 950 sed

3175 1011 3241 1049 ex
3270 994 3365 1047 Dei
3391 1010 3486 1063 gra
3510 993 3563 1046 ia
3595 1000 3925 1045 consecutus.

3183 1088 3245 1141 Et
3300 1086 3497 1152 idcirco
3548 1076 3782 1137 arbitror
3824 1098 3923 1157 pro

3176 1179 3426 1233 varietate
3494 1191 3775 1229 causarum
3846 1174 3930 1228 di-

690 2562 963 2619 peccatum
990 2564 1073 2609 est
1102 2556 1169 2610 ἰ.
1205 2574 1224 2607 ι

692 2643 747 2694 Si
778 2658 906 2712 ergo
932 2645 1042 2701 haec
1080 2648 1280 2706 habere
1307 2666 1437 2707 con-

690 2736 1026 2804 sequendam
1060 2741 1332 2811 videntur,
1357 2761 1437 2799 re-

691 2825 892 2896 liquum
920 2839 1003 2884 est
1038 2840 1095 2884 ut
1125 2841 1299 2888 status
1336 2850 1436 2890 no-

691 2933 805 2975 ster
846 2921 1137 2991 aliquando
1182 2926 1435 2997 incorpo-

690 3025 816 3066 reus
848 3012 1057 3067 iuturus
1095 3030 1214 3079 esse
1252 3018 1442 3073 creda-

694 3112 799 3167 tur;
826 3108 965 3174 quod
997 3107 1041 3159 si
1068 3109 1349 3178 recipitur,
1386 3121 1440 3166 et

690 3209 879 3249 omnes
891 3197 1208 3263 subjiciendi
1223 3200 1441 3255 Christo

689 3297 817 3337 esse
875 3285 1163 3354 dicuntur,
1214 3306 1435 3346 necesse

625 3432 630 3439 ,
691 3383 774 3428 est
815 3384 872 3429 ut
932 3379 1183 3434 omnibus
1234 3390 1288 3434 et
1341 3382 1447 3439 hoc

690 3462 968 3519 deferatur
987 3506 1003 3531 ,
1050 3467 1104 3521 in
1156 3484 1291 3539 quos
1314 3486 1451 3539 per-

694 3556 841 3610 venit
883 3557 1142 3627 subjectio
1204 3562 1441 3631 Christi;

691 3647 817 3715 quia
853 3663 1043 3704 omnes
1076 3652 1166 3719 qui
1212 3653 1438 3723 subjecti

694 3748 817 3793 sunt
840 3739 1073 3808 Christo,
1098 3743 1148 3796 in
1176 3743 1278 3799 line
1307 3762 1434 3814 quo-

693 3845 799 3896 que
847 3830 1075 3899 subjecti
1122 3842 1280 3890 erunt
1325 3837 1434 3894 Deo

695 3921 863 3989 Patri,
899 3925 985 3978 cui
1026 3942 1247 3997 regnum
1275 3931 1436 3985 tradi-

699 4025 848 4067 turus
877 4017 1070 4069 dicitur
1091 4017 1359 4085 Christus,
1385 4031 1438 4075 et

698 4108 769 4158 ita
796 4106 1003 4161 videtur
1035 4119 1088 4160 ut
1121 4117 1246 4165 tunc
1278 4112 1437 4165 etiam

692 4212 825 4251 usus
847 4213 1136 4267 corporum
1164 4209 1357 4255 cesset.
1380 4202 1436 4257 Si

695 4297 875 4342 autem
909 4299 1102 4353 cessat,
1132 4289 1183 4342 in
1207 4291 1433 4346 nihilum

694 4378 836 4429 redit
877 4378 1012 4431 sicut
1065 4387 1119 4431 et
1164 4389 1291 4434 ante
1329 4397 1433 4437 non

693 4478 834 4523 erat.
870 4469 976 4524 Sed
1004 4471 1281 4529 videamus
1310 4476 1437 4542 quid

694 4561 774 4614 eis
804 4565 1187 4633 occurrat,qui
1226 4566 1327 4620 hoc
1366 4569 1434 4620 ita

630 4646 633 4649 λ
769 4652 813 4683 ⁸¹
844 4652 860 4705 Ι
886 4651 1004 4729 Cor.
1042 4672 1132 4718 xv,
1160 4656 1248 4722 55,
1282 4657 1368 4711 56.

1647 2694 1859 2735 HIERON.
1903 2691 1953 2736 11⁸1
1962 2700 2115 2739 TERP.

1510 2768 1572 2823 Si
1603 2773 1713 2826 hwc
1739 2791 1841 2828 non
1880 2780 2005 2831 sunt
2040 2788 2255 2834 contra-

1511 2866 1593 2918 ria
1618 2868 1745 2936 ﬁdei
1768 2870 1869 2940 (9),
1901 2870 2123 2939 forsitan
2148 2875 2259 2930 sine

1508 2965 1814 3029 corporibus
1860 2966 2145 3038 aliquando
2188 2972 2303 3025 vi-.

1511 3072 1705 3113 nemus.
1767 3059 1865 3114 Sin
1925 3072 2098 3116 autem
2168 3067 2259 3136 qui

1509 3151 1735 3221 perfecte
1820 3156 2086 3225 subjectus
2182 3171 2259 3214 est

1512 3244 1742 3315 Christo,
1798 3251 1991 3321 absque
2047 3248 2328 3323 corporeC

1518 3341 1856 3413 intelligitur;
1887 3363 2063 3401 omnes
2092 3360 2265 3404 autent

1518 3438 1829 3506 subjiciendi
1862 3450 1984 3493 sunt
2031 3442 2265 3509 Christo;

1516 3540 1567 3585 et
1593 3549 1686 3589 nos
1709 3535 1902 3589 erimus
1916 3538 2027 3590 sine
2040 3540 2265 3607 corpori-

1517 3626 1632 3693 bus,
1679 3632 1889 3699 quando
1919 3632 1967 3685 ei
1995 3634 2064 3686 ad
2091 3635 2266 3704 perfe-

1509 3727 1647 3775 ctum
1666 3724 1885 3793 subjecti
1903 3726 2179 3795 fuerimus.
2202 3730 2266 3784 Si

1508 3816 1725 3886 subjecti
1743 3804 1943 3882 Tuerint
1961 3839 2133 3876 omnes
2157 3824 2261 3878 Deo

1510 3928 1686 3967 omnes
1707 3914 1994 3982 deposituri
2011 3930 2131 3971 sunt
2150 3936 2261 3973 cor-

1512 4022 1663 4073 pora,
1690 4019 1736 4062 et
1759 4018 1884 4064 tunc
1911 4014 2263 4081 corporalium

1511 4116 1684 4153 rerum
1700 4103 1935 4157 universa
1950 4116 2137 4161 natura
2161 4108 2262 4161 sol-

1511 4205 1660 4277 vetur
1679 4198 1732 4249 in
1759 4198 2000 4256 nihilum.
2031 4201 2182 4268 Quw,
2211 4205 2257 4259 si

1509 4292 1737 4345 secundo
1762 4296 2041 4349 necessitas
2078 4310 2260 4365 postu-

1510 4383 1658 4449 larit,
1687 4386 1748 4437 ob
1792 4385 1993 4456 lapsum
2026 4392 2256 4444 rationa—

1514 4475 1698 4529 bilium
1742 4489 2110 4534 creaturarum
2140 4498 2258 4535 rur-

1508 4584 1597 4622 sus
1620 4570 1852 4624 exsistet.
1875 4569 2015 4625 Deus
2046 4574 2183 4626 enim
2202 4574 2257 4627 in

2365 1202 2436 1241 ra:
2499 1202 2528 1240 a
2578 1186 2776 1256 quibus
2825 1200 3101 1255 nunquam

2364 1279 2604 1335 aufertur
2666 1279 2820 1349 libi-ri
2879 1279 3108 1333 facultas
3182 1289 3351 1329 versos
3405 1270 3627 1354 mundos
3672 1268 3825 1337 ﬁeri,
3873 1278 3925 1321 et

2363 1373 2569 1428 arbitrii
2608 1371 2744 1442 (10),
2781 1371 3109 1442 possiutite-
3180 1363 3306 1437 elidi
3356 1378 3559 1423 errores
3605 1377 3782 1414 eorum
3834 1362 3927 1428 qui

2364 1481 2479 1519 rum
2538 1466 2811 1535 aliquibus
2880 1464 3110 1520 motibus
3181 1456 3374 1509 δῖηιίίεε
3410 1454 3494 1507 δαί
3543 1454 3763 1507 mund“
3816 1468 3929 1505 e5"

2361 1558 2660 1630 subiacere,
2681 1559 2988 1630 indulgente
3005 1558 3106 1611 hoc
3176 1552 3513 1607 contendunt.

2362 1651 2542 1720 ipsum
2574 1651 2819 1719 Domino,
2860 1665 2925 1705 ne
2951 1648 3111 1711 forte,
3147 1647 3193 1700 si
3228 1642 3559 1698 immobilem
3598 1655 3811 1709 semper
3842 1650 3925 1695 te-

2364 1756 2528 1806 neant
2555 1741 3054 1811 statum,ignorent
3086 1752 3146 1791 se
3189 1734 3279 1789 Dei
3329 1733 3502 1803 gratia
3550 1729 3662 1803 (11)
3710 1741 3763 1784 et
3815 1745 3925 1784 non

2363 1849 2459 1888 sua
2516 1832 2713 1887 virtute
2763 1830 2816 1886 in
2868 1827 2962 1885 illo
2999 1824 3114 1881 ﬁne
3173 1820 3526 1879 beatitudinis
3566 1821 3925 1885 constitisse;

2365 1940 2502 1994 quos
2535 1934 2712 1979 motus
2742 1922 2862 1978 sine
2900 1919 3063 1974 dubio
3105 1929 3316 1970 rursum
3363 1914 3597 1968 varietas
3639 1926 3925 1982 corporum

2366 2025 2421 2069 et
2448 2012 2732 2069 diversitas
2758 2017 3121 2081 prosequetur
3146 2046 3161 2070 ,
3194 2020 3259 2059 ex
3293 2020 3396 2074 qua
3443 2007 3677 2061 mundus
3712 2018 3929 2073 semper

2367 2106 2685 2167 adornatur,
2715 2117 2815 2157 nec
2836 2115 3067 2170 unquam
3103 2098 3301 2167 poterit
3340 2098 3570 2152 mundus
3600 2098 3699 2152 nisi
3729 2113 3792 2152 ex
3830 2112 3927 2150 va-

2368 2198 2564 2251 rietate
2623 2208 2686 2250 ac
2732 2194 3039 2249 diversitate
3080 2199 3368 2255 constare;
3415 2188 3559 2258 quod
3593 2188 3731 2242 ellici
3778 2189 3930 2244 nullo

2367 2301 2562 2352 genere
2588 2295 2764 2355 potest
2792 2285 2902 2357 (ιθ)
2932 2294 3084 2339 extra
3119 2281 3397 2337 materiam
3429 2283 3782 2348 corporalem.

2435 2374 2897 2446 4.1amveru(13)
2923 2377 3012 2447 qui
3052 2372 3396 2428 indissimiles
3415 2372 3514 2427 sibi
3542 2374 3767 2427 mumlos
3813 2368 3927 2442 (l4)

2367 2484 2428 2523 ac
2461 2484 2554 2538 per
2583 2468 2763 2522 omnia
2792 2482 2943 2537 pares
2977 2466 3262 2537 aliquando
3296 2467 3516 2522 evenire
3554 2464 3883 2519 conﬁrmant
3910 2506 3924 2530 ,

2368 2559 2550 2615 nescio
2578 2542 2776 2628 quibus
2822 2558 2871 2611 id
2927 2560 3133 2627 possint
3177 2571 3417 2613 asserere
3463 2556 3825 2613 dueumenlis.
3869 2553 3927 2611 Si

2366 2650 2508 2705 enim
2538 2649 2729 2704 similis
2755 2664 2850 2717 per
2880 2649 3063 2704 omnia
3094 2649 3324 2702 mundus
3352 2648 3566 2709 dicitur,
3595 2649 3700 2702 erit
3733 2660 3791 2702 ut
3823 2649 3931 2702 ite-

2368 2756 2485 2793 rum
2528 2740 2696 2794 Atlam
2733 2740 2813 2795 vel
2858 2740 2963 2794 Eia
3013 2741 3202 2795 eadem
3241 2738 3442 2794 faciant
3494 2754 3616 2809 quae
3658 2738 3926 2805 iecerunt;

2370 2834 2507 2887 idem
2537 2833 2733 2888 iterum
2763 2835 2867 2888 erit
2893 2833 3170 2895 diluvium,
3203 2843 3366 2901 atque
3398 2832 3535 2888 idem
3566 2831 3780 2903 Moyses
3809 2850 3929 2889 rur-

2366 2942 2483 2980 sum
2515 2927 2767 2997 populum
2799 2937 3053 2981 sexcenta
3088 2926 3204 2981 fere
3245 2927 3409 2982 millia
3455 2942 3681 2983 numero
3731 2927 3931 2983 educet

2365 3035 2427 3073 ex
2462 3018 2696 3091 Egypto
2733 3036 2749 3073 :
2789 3017 2956 3074 Judas
2984 3034 3200 3091 quoque
3243 3021 3326 3076 bis
3371 3021 3655 3074 Dominum
3704 3021 3930 3088 tradet;

2350 3111 2566 3166 "Paulus
2591 3113 2829 3167 secundo
2857 3112 3204 3181 lapidautium
3241 3111 3572 3183 Stephanum
3600 3115 3930 3169 vestimenta

2368 3202 2623 3269 servabit;
2656 3213 2709 3257 et
2737 3204 2917 3256 omnia
2944 3218 3062 3271 quae
3094 3204 3146 3256 in
3183 3202 3284 3257 hac
3306 3202 3415 3258 vita
3442 3213 3593 3274 gesta
3624 3214 3788 3271 sunt,
3824 3206 3927 3261 ite-

2366 3311 2479 3346 rum
2514 3296 2744 3364 gerenda
2776 3294 2886 3366 (15)
2930 3296 3197 3361 dicentur;
3229 3297 3371 3365 quod
3414 3311 3515 3349 non
3549 3306 3676 3366 puto
3718 3297 3931 3353 ratione

2364 3384 2538 3453 aliqua
2568 3400 2725 3454 posse
2758 3378 2963 3439 lirtnari
2992 3424 3009 3449 ,
3052 3386 3097 3440 si
3132 3388 3344 3463 arbitrii
3395 3388 3645 3443 libertate
3691 3402 3930 3460 aguntur

2363 3476 2579 3544 animae,
2611 3487 2665 3532 et
2690 3478 2771 3533 vel
2807 3478 3081 3548 prolectus
3108 3494 3255 3543 suos,
3283 3481 3362 3533 vel
3399 3480 3785 3551 decessuspro
3833 3499 3931 3539 vo-

2368 3557 2593 3622 luntatis
2632 3585 2744 3626 sua:
2783 3573 3054 3626 sustinent
3091 3578 3378 3640 potestate.
3416 3569 3531 3627 Non
3569 3573 3714 3628 enim
3756 3589 3928 3630 cursu

2368 3661 2550 3731 aliquo
2582 3662 2632 3715 in
2670 3665 2886 3719 eosdem
2911 3679 2970 3718 se
2998 3664 3227 3721 circulos
3258 3674 3377 3734 post
3404 3666 3568 3720 multa
3601 3668 3795 3723 srectda
3842 3684 3931 3724 re-

2369 3754 2615 3809 volvente
2644 3753 2754 3825 (16)
2791 3766 3029 3825 aguntur
3051 3757 3263 3822 animae,
3308 3767 3365 3810 ut
3408 3757 3510 3812 hoc
3553 3768 3644 3811 aut
3672 3759 3799 3814 illud
3840 3760 3930 3815 vel

2354 3854 2548 3915 agant,
2578 3845 2661 3897 vel
2690 3846 2932 3914 cupiant,
2970 3846 3062 3899 sed
3096 3862 3415 3915 quocunque
3468 3850 3670 3918 proprii
3726 3850 3928 3920 ingenii

2365 3936 2593 3990 libertas
2626 3936 2735 4005 82
2766 3936 3078 4000 intenderit,
3111 3936 3202 3990 illo
3230 3948 3503 4006 gestorum
3530 3954 3751 3993 suorum
3787 3942 3928 3996 diri-

2369 4036 2501 4095 gunt
2536 4026 2650 4097 (17)
2694 4042 2931 4081 cursum.
2962 4027 3090 4082 Tale
3122 4030 3265 4081 enim
3297 4043 3378 4082 es.
3419 4032 3559 4097 quod
3585 4032 3653 4085 ab
3686 4030 3804 4086 istis
3841 4035 3926 4090 di-

2365 4119 2530 4182 citur,
2573 4129 2631 4172 ut
2657 4118 2701 4172 si
2731 4119 2852 4187 quis
2883 4119 3011 4173 velit
3037 4132 3301 4184 asserere,
3335 4121 3475 4187 quod
3506 4122 3928 4181 l'rumentimte-

2364 4210 2606 4263 dimnum
2644 4210 2691 4265 si
2738 4210 3089 4279 profundatnr
3130 4210 3181 4263 in
3215 4219 3438 4275 terram,
3482 4223 3657 4280 potest
3702 4215 3816 4269 ﬁeri
3868 4227 3928 4270 ut

2369 4301 2531 4354 iidem
2572 4312 2625 4357 et
2651 4303 2869 4373 penitus
2916 4301 3189 4358 indiscreti
3228 4304 3465 4360 secundo
3489 4306 3731 4362 accidant
3762 4324 3926 4365 casus

2367 4408 2679 4461 granorum,
2716 4399 2785 4450 ita
2833 4407 2892 4449 ut
2939 4397 3356 4466 unumquodque
3400 4414 3624 4468 granum
3665 4401 3819 4471 juxta
3871 4403 3925 4457 id

2366 4485 2643 4553 profusum
2676 4489 2787 4558 (18)
2816 4491 2993 4560 jaceat
3015 4494 3271 4560 secundo,
3297 4509 3403 4564 quo
3431 4497 3607 4563 primo
3633 4496 3926 4567 aliquando

2365 4577 2629 4645 deiectum
2650 4590 2754 4645 est,
2773 4592 2827 4635 et
2847 4582 3035 4637 eodem
3058 4586 3263 4653 ordine,
3287 4588 3923 4660 eisdemque'dispcrsum

768 4744 840 4815 (ti;
878 4744 967 4815 Sic
995 4761 1121 4799 mss.
1156 4745 1309 4803 Libb.
1338 4749 1489 4810 editi,
1523 4769 1538 4800 ι
1575 4750 1625 4805 in
1658 4750 1901 4805 victoria.
1939 4771 1957 4803 ι
2290 4763 2334 4815 Ι)

2432 4753 2545 4833 (10)
2580 4750 3057 4833 Vide_Qrigenian.
3094 4754 3130 4808 l.
3156 4771 3217 4819 ll,
3246 4770 3299 4825 q.
3334 4753 3387 4821 6,
3435 4770 3583 4809 num.
3638 4754 3728 4819 η,
3768 4754 3834 4811 15
3865 4762 3922 4811 et

767 4814 844 4882 (7)
877 4814 966 4868 Sic
998 4826 1355 4895 recieomnes
1382 4820 2033 4895 codd.__m_ss.,editivero
2064 4839 2250 4895 perpe-

2359 4841 2413 4893 q.
2436 4823 2503 4881 ’7,
2527 4838 2674 4893 mnu.
2716 4823 2799 4874 1‘2.

698 4899 836 4947 ram,
876 4903 895 4935 α
932 4887 1163 4959 acumini
1193 4888 1439 4959 videntur
1470 4888 1781 4959 objiciendi.
1822 4908 1841 4941 ι
1875 4887 2078 4947 lbideni
2114 4887 2249 4949 mss.

702 4964 907 5025 «,“tunc.
942 4958 1161 5025 omnino
1210 4958 1511 5013 molestiam
1544 4958 1956 5025 hujuscemodi.
2019 4981 2037 5013 ι
2091 4964 2249 5019 Libb.

698 5023 853 5095 editi.
890 5043 908 5075 ί
950 5024 1075 5078 ﬂnc
1100 5041 1312 5081 omnem
1344 5023 1646 5081 molestiam
1684 5031 2011 5095 hujusmodi.
2056 5052 2075 5085 ι
2132 5033 2251 5089 Mox

703 5092 862 5165 iidem
900 5110 1051 5157 mss.,
1098 5112 1116 5144 ι
1157 5097 1249 5150 sed
1283 5098 1534 5165 quoniam
1571 5115 1672 5154 non
1712 5092 1777 5153 ad
1821 5100 2057 5155 subitum
2092 5119 2255 5159 omne

700 5163 1085 5238 indumentum.
1102 5165 1280 5238 sLibh.
1302 5163 1487 5231 editi,t
1511 5169 1601 5222 Sed
1620 5170 1889 5238 quomodo
1908 5185 2010 5224 non
2034 5172 2083 5225 id
2099 5189 2259 5229 omne

701 5230 1092 5307 indumentum.
1130 5252 1147 5285 ι
1171 5234 1348 5307 Paulo
1374 5248 1492 5305 post
1526 5230 1681 5305 mssi,
1722 5258 1738 5289 ι
1780 5254 1901 5307 quae
1936 5240 2071 5295 ultra
2105 5258 2201 5297 nec
2229 5259 2256 5295 a

704 5310 874 5382 morie
902 5302 1068 5357 vinci.
1110 5322 1130 5355 ι
1170 5304 1320 5359 Libb.
1348 5302 1502 5372 editi,
1534 5328 1551 5359 ι
1578 5302 1716 5378 quad
1743 5302 1881 5362 ultra
1909 5325 2007 5366 nec
2029 5330 2059 5366 ει
2090 5324 2261 5367 morte

703 5383 862 5423 VIIICI.
904 5390 922 5421 ι

772 5438 849 5520 (8)
879 5439 969 5494 Sic
996 5456 1189 5520 omnes
1222 5449 1371 5498 mss."
1392 5445 1509 5520 Lib.
1541 5448 1691 5513 editi,
1730 5468 1749 5501 ι
1792 5466 1914 5505 cum
1944 5449 2059 5517 ejus
2088 5467 2257 5520 capax

699 5507 889 5563 cliec'ta
922 5513 1098 5589 anima
1131 5514 1589 5584 incorruptionem
1619 5507 2261 5589 atqueiutmortalitaiem

704 5582 981 5633 meruerit.
1020 5602 1039 5633 ι

775 5648 851 5731 (1))
976 5651 1084 5705 hazc
1113 5669 1212 5731 nou
1249 5663 1370 5731 sunt
1400 5659 1672 5731 contraria
1714 5661 1861 5731 ﬁdei,
1891 5671 1996 5713 etc.
2042 5661 2115 5713 Ex
2153 5664 2265 5731 epi-

706 5717 842 5797 stola
878 5717 1191 5797 Hieronymi
1225 5726 1290 5776 ad
1334 5726 1549 5797 Avitum
1598 5717 1725 5781 lia-0'
1754 5717 2151 5797 desinupsinnm
2187 5717 2261 5786 ἐκ

687 5786 1100 5860 ηιιίιιιιςίνίιιρέ
1124 5804 1381 5860 quantum
1416 5794 1650 5850 licentiae
1690 5798 1913 5853 Rulinus
1945 5786 2046 5854 sibi
2098 5802 2263 5857 inter-

702 5859 961 5924 pretando
990 5859 1292 5929 Stttupserit.

2431 4895 2542 4961 (11)
2573 4890 2779 4945 Gratia.
2815 4893 2976 4947 Deest
3006 4894 3058 4947 in
3090 4904 3244 4949 antea
3271 4895 3452 4959 editis,
3489 4897 3581 4949 sed
3610 4894 3839 4948 habetur
3868 4895 3921 4949 in

2360 4963 2611 5019 omnibus
2645 4978 2772 5034 mss.
2808 4961 2975 5018 Paulo
3002 4976 3121 5034 post
3143 4981 3295 5031 mss.,
3333 4983 3351 5016 ι
3390 4976 3444 5017 et
3471 4965 3759 5019 diversitas
3792 4980 3920 5033 prc-

2362 5043 2637 5100 sequetur.
2688 5052 2707 5085 ι
2743 5032 2892 5088 Libb.
2926 5032 3095 5099 editi,
3148 5054 3165 5085 ι
3208 5047 3260 5089 et
3306 5036 3593 5090 diversitas
3640 5037 3921 5105 persequi-

2361 5115 2463 5155 tur.
2516 5122 2533 5152 ι
3429 5140 3435 5147 .

2430 5174 2541 5243 (12)
2570 5172 2642 5243 Ita
2676 5189 2828 5239 mss.;
2866 5174 3003 5228 male
3031 5174 3158 5227 libb.
3193 5174 3343 5236 editi,
3386 5192 3404 5225 t
3440 5185 3684 5243 possunt.
3722 5193 3741 5225 ι

2429 5242 2542 5312 (l3)
2576 5242 2731 5313 Vide,
2762 5245 2797 5297 Ι.
2839 5260 2876 5297 ιι
2934 5242 3263 5312 0rigenian.,
3296 5260 3350 5313 q.
3388 5242 3473 5306 12.
3503 5263 3555 5299 ιι.
3587 5246 3643 5306 4.
3671 5246 3726 5312 5,
3756 5246 3809 5301 6.

2434 5315 2477 5383 (1
2500 5315 2545 5383 1)
2581 5312 2827 5367 Mundus.
2870 5315 3025 5369 Deest
3055 5315 3107 5366 in
3135 5326 3293 5368 antea
3325 5317 3511 5382 editis,
3543 5318 3638 5372 sed
3688 5318 3924 5373 habetur

2362 5402 2412 5438 Ill
2457 5400 2582 5438 IIISS.
3544 5406 3547 5411 Γ

2430 5452 2539 5526 (iii)
2572 5453 2644 5526 ita
2676 5469 2805 5508 mss.
2844 5454 3012 5526 Alias,
3042 5472 3078 5526 is
3114 5456 3276 5508 etiam
3308 5458 3559 5525 gerenda.
3594 5476 3612 5511 ι

2432 5524 2544 5589 (lli)
2574 5524 2665 5577 Sic
2693 5525 3073 5585 omnesxodd.
3104 5541 3256 5587 mss.;
3299 5524 3429 5579 editi
3458 5544 3606 5593 vero,
3639 5544 3660 5579 s
3700 5528 3753 5582 in
3792 5540 3920 5583 eos-

2360 5598 2477 5648 dem
2507 5595 2741 5647 circulos
2773 5604 2889 5661 post
2919 5594 3081 5647 multa
3107 5597 3299 5650 sarcula
3340 5599 3614 5652 revolutze.
3643 5617 3662 5651 ι

2566 5664 2639 5743 lt_a
2669 5680 2809 5743 mss._
2836 5664 3181 5743 i.ihb.nediti,
3213 5666 3475 5743 t_dirigit.
3515 5688 3533 5721 ι

2428 5732 2537 5801 (18)
2583 5732 2747 5786 Juxta
2794 5735 2847 5787 id
2900 5734 3196 5802 profusum.
3241 5738 3331 5791 Sic
3375 5732 3502 5791 mss.
3559 5737 3714 5792 Libb.
3764 5738 3919 5801 editi,

2366 5824 2382 5877 ᾳ
2416 5806 2565 5868 juxta
2604 5804 2902 5877 profusum.
2939 5824 2958 5856 ι
2992 5806 3152 5860 Paulo
3181 5818 3295 5876 post
3315 5822 3468 5870 mss.,
3507 5827 3523 5858 ι
3566 5807 3705 5876 quod
3735 5809 3922 5877 utique

2365 5874 2848 5929 immunerabilibus
2898 5877 3083 5931 mundi
3128 5874 3330 5948 granis.
3386 5896 3421 5954 r
3457 5880 3511 5949 lu
3555 5874 3713 5933 editic
3760 5874 3923 5938 ducs!
