4118 6308
198 456 319 516 193

1514 453 1712 546 LIBER
1753 456 2132 514 SECUNDUS.

3342 468 3441 524 191

198 578 280 633 sit
305 577 477 647 signis
498 577 691 647 quibus
721 577 897 632 fuerat
922 577 1095 646 primo
1124 574 1401 643 diﬂ‘usum;
1428 578 1567 646 quod
1596 578 1780 646 utique
1810 583 1856 639 Α
1885 582 2035 633 versa
2089 575 2461 648 pervenient),
2516 576 2566 631 id
2621 577 2848 632 fortasse
2901 581 3020 649 plus
3061 583 3261 651 aliquid
3322 602 3443 642 esse

203 666 706 723 innumerabilibus
766 669 1020 722 medimni
1068 668 1253 738 grauis
1302 667 1631 736 impossibile
1691 679 1776 722 est

202 775 439 828 prorsus
462 762 735 825 accidere,
764 759 977 815 etiamsi
1024 775 1117 829 per
1152 761 1413 815 immensa
1455 761 1646 815 swcula
1691 761 1778 815 in-

200 854 614 907 desinenterac
634 854 835 923 iugiter
861 851 1226 907 effundantur.
1260 852 1332 905 lta
1363 867 1493 923 ergo
1529 852 1778 922 impossi-

199 943 320 998 bile
344 944 476 998 mihi
517 945 727 998 videtur
754 945 942 999 eodem
979 945 1170 1000 ordine
1196 987 1211 1011 ,
1245 946 1562 1016 eisdemque
1601 946 1775 1002 modis

198 1034 571 1100 nascentium,
602 1044 656 1089 et
690 1035 1033 1089 morientium
1058 1075 1073 1101 ,
1117 1045 1170 1089 et
1201 1038 1473 1106 agentium
1514 1037 1641 1107 quid
1688 1051 1774 1092 se-

196 1127 385 1180 cundo
408 1128 664 1181 mundum
690 1126 803 1195 U9)
836 1142 989 1195 posse
1017 1128 1281 1205 reparari;
1309 1129 1401 1184 sed
1437 1128 1771 1185 immutatio-

197 1214 371 1272 nibus
401 1233 503 1271 non
530 1219 769 1275 minimis
796 1216 1035 1275 diveréos
1054 1233 1213 1288 posse
1242 1221 1469 1276 mundos
1483 1222 1767 1287 exsistere,

197 1308 278 1359 ita
312 1319 368 1361 ut
392 1324 490 1377 pro
516 1310 817 1366 manifestis
846 1313 1151 1381 quibusque
1176 1313 1359 1367 causis
1385 1312 1574 1367 melior
1594 1322 1769 1368 status

196 1400 273 1452 sit
312 1398 536 1454 alterius
568 1402 770 1468 mundi,
804 1411 856 1455 el.
888 1418 984 1471 pro
1007 1403 1129 1459 aliis
1155 1404 1401 1468 inferior,
1437 1415 1490 1459 et
1526 1420 1624 1474 pro
1648 1405 1769 1459 aliis

197 1494 415 1557 medius
446 1494 660 1562 quidem
686 1504 878 1550 status.
912 1495 1010 1562 Qui
1040 1507 1220 1551 autem
1256 1512 1511 1550 numerus
1539 1496 1619 1550 vel
1655 1511 1766 1550 mo-

118 1646 128 1651 -
194 1584 304 1637 dus
333 1584 420 1639 hic
452 1586 544 1648 sit,
583 1601 682 1655 ego
713 1601 796 1639 me
831 1588 1043 1642 nescire
1081 1586 1273 1643 fateor.
1308 1588 1364 1643 Si
1412 1588 1537 1659 quis
1583 1598 1761 1646 autem

194 1686 386 1743 posset
413 1678 714 1741 ostendere,
747 1678 999 1733 libentius
1022 1679 1307 1735 discerem.

270 1765 329 1821 5.
360 1766 744 1823 Verumtamen
782 1769 1071 1825 multorum
1097 1769 1417 1825 saeculorum
1452 1772 1575 1829 linis
1628 1775 1759 1830 dici-

195 1864 290 1909 tur
324 1872 441 1912 esse
467 1860 553 1914 hic
582 1862 839 1927 mundus,
870 1864 957 1930 qui
1006 1872 1061 1917 et
1104 1863 1217 1931 ipse
1244 1864 1496 1919 szeculum
1530 1867 1754 1924 dicitur.

1878 682 2037 736 quam
2064 669 2317 722 swculum
2359 669 2765 739 intelligendum
2804 681 2909 736 est,
2937 674 2987 726 in
3027 688 3136 742 quo
3164 674 3267 729 erit
3318 693 3441 731 om-

1879 760 2027 814 nium
2062 763 2480 818 consummatio.
2513 764 2688 821 Movet
2725 784 2810 819 me
2844 767 2959 837 (25)
3004 779 3182 823 autem
3232 771 3282 823 in
3337 772 3441 827 hoc

1879 849 2171 920 Scriptura:
2198 861 2401 907 sanctae
2432 855 2725 910 auctoritas
2753 871 2872 924 qua:
2896 856 3025 910 dicit
3058 872 3075 910 ι
3116 875 3134 907 ι
3171 857 3226 910 Ιιι
3262 873 3437 912 szeeu-

1875 942 2009 1007 lum,
2046 952 2099 997 et
2126 944 2322 1000 adhuc.
2365 962 2405 996 ι·
2433 945 2501 999 Et
2550 964 2567 997 ι
2608 948 2782 1001 adhuc
2821 967 2840 999 ι
2888 949 3031 1002 enim
3073 950 3211 1018 quod
3263 950 3440 1017 dicit,

1874 1035 1995 1107 plus
2021 1036 2224 1105 aliquid
2257 1035 2374 1090 sine
2392 1036 2555 1091 dubio
2582 1053 2744 1106 quam
2767 1038 3021 1093 saeculum
3048 1039 3158 1093 vult
3186 1039 3433 1108 intelligi,

1874 1138 1930 1184 et
1965 1131 2087 1184 vide
2119 1146 2184 1183 ne
2213 1130 2340 1184 illud
2372 1131 2514 1199 quod
2556 1130 2686 1185 dicit
2726 1130 2975 1183 Salvator
3008 1132 3132 1200 quia
3172 1151 3191 1184 ι
3230 1132 3353 1186 volo
3376 1139 3434 1185 nt

1876 1222 1962 1275 ubi
1993 1236 2092 1292 ego
2128 1237 2244 1276 sum
2278 1231 2329 1277 et
2362 1222 2447 1276 isti
2481 1223 2592 1277 sint
2622 1237 2848 1286 mecum;
2881 1233 2935 1277 et
2965 1223 3106 1277 sicut
3132 1239 3232 1294 ego
3278 1232 3333 1279 et
3377 1235 3435 1280 tu

1880 1330 2043 1367 unum
2075 1330 2280 1378 sumus,
2304 1324 2358 1369 et
2386 1316 2473 1370 isti
2497 1316 2605 1370 sint
2632 1316 2682 1369 in
2715 1315 2865 1371 nobis
2891 1332 3054 1371 unum
3076 1317 3142 1384 “;
3181 1335 3202 1369 ι
3241 1326 3433 1373 osten-

1872 1404 1999 1459 dere
2031 1407 2277 1459 videatur
2326 1406 2443 1475 plus
2490 1407 2693 1477 aliquid
2744 1424 2908 1479 quam
2945 1418 3029 1463 est
3073 1409 3328 1464 saeculum
3376 1418 3432 1464 et

1868 1495 2084 1561 saecula,
2109 1494 2246 1551 forte
2268 1497 2427 1552 etiam
2444 1496 2562 1566 plus
2582 1512 2745 1567 quam
2770 1508 2853 1554 est
2868 1500 3061 1555 saecula
3080 1501 3428 1566 saeculorum,

1872 1589 1923 1643 id
1954 1588 2204 1644 videlicet
2229 1606 2351 1643 cum
2370 1589 2483 1659 jam
2507 1605 2611 1647 non
2638 1591 2689 1646 in
2717 1593 2916 1647 sa:culo
2957 1602 3085 1648 sunt
3108 1592 3311 1659 omnia,
3335 1593 3430 1649 sed

1867 1680 1921 1733 in
1950 1683 2199 1734 omnibus
2222 1681 2361 1734 Deus
2388 1680 2520 1751 (ει).

1935 1770 1987 1826 6.
2023 1770 2116 1826 llis
2141 1787 2238 1841 pro
2260 1760 2489 1828 nostris-
2505 1774 2709 1830 viribus
2734 1777 2801 1830 de
2840 1776 3023 1831 mundi
3063 1778 3272 1833 ratione
3319 1778 3424 1832 dis-

1864 1866 2049 1929 sertis,
2081 1880 2185 1919 non
2220 1864 2580 1936 incongruum
2616 1870 2783 1921 etiam
2814 1871 3025 1925 videtur
3050 1872 3214 1938 ipsius
3241 1871 3428 1926 mundi.

194 1948 368 2001 Docet
399 1960 575 2002 autem
617 1961 839 2005 sanctus
866 1930 1152 2021 Apostolus
1193 1952 1305 2023 (ΞΟ)
1334 1955 1477 2023 quod
1508 1958 1759 2014 Christus
1791 1930 1831 1987 Β
1862 1957 2147 2026 appellatio
2178 1958 2306 2027 quid
2336 1930 2438 2012 sibi
2472 1957 2602 2012 velit
2629 1960 2927 2031 inquirere;
2970 1930 3088 2029 quae
3131 1962 3423 2031 appellatio

190 2038 248 2093 in
288 2055 354 2092 eo
382 2040 579 2095 saeculo
610 2043 753 2112 quod
786 2052 912 2099 ante
945 2046 1045 2099 hoc
1092 2043 1222 2108 fuit,
1267 2061 1370 2100 non
1420 2058 1505 2101 est
1544 2064 1758 2118 passus,

191 2139 291 2189 sed
326 2152 391 2190 ne
419 2136 469 2190 in
502 2139 591 2193 illo
626 2141 842 2208 quidem
870 2143 1011 2211 quod
1036 2130 1165 2197 ante
1195 2145 1367 2213 ipsum
1398 2146 1519 2205 luit:
1564 2159 1618 2203 et
1662 2167 1758 2205 ne-

189 2233 314 2287 scio
338 2234 382 2286 si
413 2250 666 2290 enumera
678 2250 734 2289 re
753 2235 1012 2291 sulliciam
1030 2246 1230 2305 quanta
1259 2236 1456 2291 fuerint
1483 2242 1757 2295 anteriora

190 2327 393 2381 smcula
426 2327 477 2380 in
509 2328 705 2397 quibus
730 2343 920 2398 passus
952 2343 1056 2383 non
1092 2339 1192 2383 est.
1230 2328 1303 2381 Ex
1346 2330 1542 2397 quibus
1576 2338 1756 2385 autem

189 2419 538 2473 sermonibus
564 2419 712 2474 Pauli
741 2420 807 2473 ad
832 2420 1173 2474 occasionem
1203 2420 1360 2490 hujus
1392 2419 1759 2491 intelligentia:

188 2510 465 2575 venerim,
498 2511 789 2581 proferam;
823 2513 898 2567 ait
929 2513 1073 2567 enim
1103 2512 1248 2582 (21),:
1275 2531 1291 2563 ι
1315 2511 1465 2566 Nune
1504 2527 1631 2568 vero
1668 2528 1755 2567 se-

189 2602 303 2655 mei
330 2602 381 2655 in
416 2605 885 2660 consummatione
934 2602 1255 2660 saeculorum
1291 2603 1357 2657 ad
1405 2602 1755 2658 refellendum

189 2701 475 2761 peccatum
516 2710 613 2763 per
651 2695 885 2749 hostiam
931 2696 1012 2750 sui
1060 2686 1436 2751 manifestatus
1484 2706 1569 2751 est
1611 2697 1678 2749 “.
1732 2715 1750 2748 ι

189 2785 373 2840 Semel
408 2786 547 2840 enim
580 2786 655 2840 ait
687 2786 917 2841 hostiam
945 2787 1214 2850 ell'eetum,
1243 2797 1295 2841 et
1327 2788 1378 2841 in
1409 2778 1755 2843 censumma-

187 2880 337 2932 tione
364 2878 685 2932 saeculorum
717 2879 781 2932 ad
809 2878 1152 2933 refellendum
1186 2892 1461 2949 peccatum
1494 2895 1613 2935 esse
1639 2896 1753 2933 ma-

188 2971 528 3027 nifestatum.
564 2972 716 3038 Quod
740 2983 919 3027 autem
948 2982 1067 3042 post
1093 2974 1192 3026 hoc
1216 2972 1491 3037 saeculum,
1521 2973 1660 3041 quod
1687 2971 1752 3024 ad

186 3063 706 3118 consummationem
729 3062 955 3117 aliorum
971 3064 1285 3117 szeculorum
1310 3063 1506 3117 dicitur
1526 3062 1749 3127 factum,

187 3164 353 3211 erunt
378 3158 479 3211 alia
514 3157 712 3211 saecula
749 3155 1200 3227 supervenientia,
1231 3154 1515 3209 manifeste
1540 3155 1608 3209 ab
1637 3155 1753 3223 ipso

1862 2049 1914 2103 in
1952 2048 2251 2118 Scripturis
2277 2048 2482 2104 sanctis
2507 2051 2717 2106 diversa
2755 2052 3069 2123 signiﬁcans
3112 2053 3425 2122 frequenter

1858 2141 2179 2195 ostenditur.
2237 2140 2387 2208 Quod
2439 2141 2582 2196 enim
2628 2141 2815 2217 Latine
2867 2148 3120 2199 mundum
3168 2146 3421 2212 dicimus,

1818 2270 1821 2273 μ
1860 2232 2045 2287 Greece
2074 2231 2281 2301 κόσμος
2311 2232 2632 2302 appellatur;
2665 2235 2866 2305 κόσμος
2885 2245 3065 2291 autent
3107 2252 3210 2291 non
3246 2238 3418 2293 solum

1861 2326 2139 2387 mundum,
2172 2326 2265 2379 sed
2297 2333 2347 2377 et
2370 2334 2742 2378 ornamentum
2775 2328 3065 2397 signiﬁcat.
3104 2328 3341 2398 Denique
3367 2331 3418 2385 in

1860 2415 1995 2469 Isaia
2027 2414 2113 2468 ubi
2138 2416 2203 2469 ad
2228 2416 2501 2486 principes
2529 2415 2666 2472 tilias
2684 2417 2811 2472 Sion
2841 2419 3225 2489 increpationis
3240 2435 3417 2476 sermo

1860 2508 2112 2577 dirigitur
2162 2517 2217 2563 et
2264 2507 2395 2563 dicit
2443 2506 2620 2563 :rPro
2660 2519 2988 2564 ornamento
3030 2496 3237 2581 capitis
3269 2513 3421 2569 aurei

1857 2601 2130 2655 calvitium
2180 2602 2406 2657 habebis
2453 2610 2673 2670 propter
2722 2616 2885 2670 opera
2925 2612 3021 2657 tua
3058 2590 3143 2669 θ’,
3188 2623 3207 2656 ι
3257 2622 3424 2661 orna-
3500 2666 3507 2671 ,

1860 2700 2098 2745 n-entum
2137 2692 2208 2745 ibi
2234 2707 2297 2746 eo
2327 2693 2545 2748 nomine
2577 2708 2685 2763 quo
2714 2694 2966 2749 mundum
2998 2697 3323 2766 appellavit,
3368 2699 3420 2754 id

1856 2793 1940 2836 est
1978 2782 2181 2853 κόσμον
2213 2784 2344 2853 (95).
2378 2785 2589 2840 Dicitur
2621 2788 2783 2842 etiam
2821 2790 2873 2842 in
2898 2788 3211 2859 indumento
3237 2793 3420 2860 ponti-

1858 2875 1975 2929 ﬁcis
2014 2876 2197 2929 mundi
2236 2877 2374 2931 ratio
2404 2878 2697 2944 contineri,
2740 2880 2877 2933 sicut
2905 2882 2956 2935 in
2986 2864 3262 2951 sapientia
3313 2884 3416 2939 Sa-

1854 2965 2084 3021 lomonis
2126 2966 2450 3032 invenimus.
2491 2984 2611 3023 cum
2634 2971 2784 3036 dicit,
2811 2972 2936 3040 quia
2962 2990 2980 3023 ι
3021 2974 3072 3026 in
3099 2975 3421 3030 vestimento

1854 3056 2070 3125 poderis
2102 3067 2218 3111 erat
2250 3058 2534 3113 universus
2564 3059 2796 3114 mundus
2839 3061 2937 3117 ⁵⁸.»
2959 3061 3186 3117 Mundus
3218 3064 3417 3119 dicitur

1852 3146 2014 3199 etiam
2050 3157 2233 3201 noster
2262 3162 2385 3201 cum
2416 3148 2810 3205 habitatoribus
2838 3152 2950 3205 suis
2978 3152 3123 3206 orbis
3146 3160 3412 3206 terrarum

186 3249 360 3305 Paulo
389 3250 681 3306 didicinms
712 3251 925 3306 dicente
962 3269 975 3305 :
1013 3268 1032 3301 ι
1080 3249 1151 3304 Ut
1198 3248 1509 3303 ostenderet
1552 3250 1603 3303 in
1649 3264 1748 3304 sae-

1856 3238 1976 3303 iste,
2010 3239 2150 3292 sicut
2174 3254 2293 3293 eum
2328 3238 2607 3309 Scriptura
2626 3242 2757 3297 dicit
2787 3259 2802 3298 :
2837 3262 2855 3295 ι
2885 3245 3070 3300 Omnis
3102 3245 3332 3301 mundus
3360 3247 3413 3301 in

185 3342 327 3396 culis
398 3343 908 3413 supervenientibus
961 3342 1465 3412 superabundantes
1532 3342 1747 3397 divitias

186 3434 373 3501 gratim
399 3448 508 3487 sua:
537 3435 589 3487 in
621 3435 862 3489 bonitate
891 3448 1054 3503 super
1086 3449 1181 3489 nos
1223 3434 1291 3489 ⁸³.
1329 3453 1347 3485 ι
1387 3432 1503 3489 Non
1555 3434 1692 3488 dixit
1732 3473 1749 3501 ,

185 3524 241 3578 in
270 3523 466 3577 sarculo
496 3523 947 3591 superveniente,
981 3540 1153 3594 neque
1195 3524 1246 3577 in
1286 3525 1497 3579 duobus
1538 3524 1747 3580 saeculis

185 3615 706 3684 supervenientibus;
738 3614 877 3668 unde
892 3614 1125 3668 arbitror
1143 3614 1307 3666 multa
1332 3612 1524 3667 sa'cula
1546 3613 1745 3669 indicio

185 3705 455 3759 sermonis
480 3703 628 3759 illius
664 3688 950 3759 declarari.
981 3704 1038 3758 Si
1067 3718 1196 3758 vero
1226 3703 1430 3771 aliquid
1454 3714 1540 3758 est
1567 3719 1741 3757 saecu—

191 3794 256 3847 lis
287 3793 477 3861 majus,
516 3794 592 3847 ita
627 3795 757 3849 etin
795 3794 1062 3849 creaturis
1099 3794 1341 3863 quardam
1392 3794 1584 3847 saecula
1626 3792 1740 3862 (22)

186 3884 568 3956 intelligantur,
602 3887 655 3939 in
702 3886 821 3941 aliis
850 3900 974 3941 vero
1003 3900 1121 3955 quae
1162 3884 1431 3939 excedunt
1469 3894 1520 3937 et
1554 3900 1742 3954 super-

185 3976 501 4045 grediuntur
525 3975 765 4030 visibiles
790 3986 1071 4030 creaturas
1121 3972 1295 4043 (quod
1350 3973 1451 4026 erit
1504 3972 1647 4027 forte
1686 3974 1737 4027 in

186 4068 525 4124 restitutione
560 4068 824 4133 omnium,
858 4082 981 4124 cum
1007 4065 1074 4121 ad
1112 4064 1409 4136 perlectum
1441 4063 1599 4119 tinem
1628 4063 1743 4118 uni-

1853 3330 2340 3401 maligno'positus
2378 3342 2461 3387 est
2496 3334 2563 3387 ".
2621 3353 2641 3385 ι
2695 3334 2940 3391 Meminit
2992 3352 3121 3392 sane
3167 3338 3419 3394 Clemens
3456 3378 3459 3383 ς

1854 3420 2221 3489 apostolorum
2268 3421 2763 3492 discipulusetiam
2788 3441 2975 3481 eorum
2999 3442 3133 3495 quos
3166 3426 3414 3497 ἀντίχθο-

1852 3532 1948 3575 νας
1979 3514 2151 3568 Graeci
2190 3517 2537 3571 nominarunt
2570 3525 2731 3586 atque
2759 3519 2893 3573 alias
2916 3528 3095 3588 partes
3125 3518 3235 3590 (26)
3264 3520 3414 3576 orbis

1856 3616 2015 3660 terrae
2041 3606 2107 3659 ad
2138 3622 2272 3676 quas
2304 3623 2481 3676 neque
2506 3618 2811 3665 nostrorum
2837 3611 3119 3679 quisquam
3152 3612 3416 3667 accedere

1850 3706 2051 3764 poteSt,
2078 3712 2254 3765 neque
2286 3713 2348 3750 ex
2380 3697 2487 3751 illis
2510 3699 2599 3767 qui
2619 3700 2690 3754 ibi
2714 3709 2840 3755 sunt
2868 3704 3151 3769 quisquam
3178 3704 3415 3760 transire

1849 3786 1916 3837 ad
1944 3800 2042 3839 nos
2068 3803 2082 3839 :
2113 3801 2249 3855 quos
2278 3797 2332 3841 et
2358 3786 2503 3855 ipsos
2531 3789 2758 3845 mundos
2782 3791 3246 3860 appellavtium,
3282 3794 3360 3849 ait
3394 3813 3407 3848 :
3492 3822 3501 3829 -

1852 3896 1871 3929 ι
1907 3875 2153 3932 Oceanus
2180 3879 2640 3937 intransmeabilis
2670 3892 2753 3938 est
2782 3884 3086 3939 hominibus
3105 3885 3241 3955 (27),
3270 3898 3327 3941 et
3356 3887 3410 3941 hi

1845 3971 1938 4040 qui
1976 3981 2129 4025 trans
2165 3969 2339 4041 ipsum
2374 3985 2500 4027 sunt
2526 3976 2733 4041 mundi,
2758 3977 2849 4046 qui
2884 3977 2968 4031 his
2996 3978 3198 4032 eisdem
3229 3980 3404 4033 domi-

1850 4065 2060 4119 natoris
2092 4064 2183 4120 Dei
2214 4065 2676 4135 ,dispositionibus
2706 4068 3093 4147 gubernantur.
3134 4090 3152 4122 ι
3205 4072 3411 4127 Dicitur

261 4213 304 4244 ⁸·
326 4208 453 4265 Heb.
480 4184 734 4279 5,265”
756 4208 947 4280 Ephes.
974 4223 1035 4272 ιι,
1058 4206 1107 4262 7.
1217 4207 1265 4240 "
1287 4207 1442 4263 Joan.
1474 4222 1607 4270 xvn,
1642 4207 1733 4262 22.

1850 4209 1877 4241 ί⁵
1906 4208 2007 4264 lsa.
2057 4224 2138 4272 tn,
2172 4210 2265 4265 ‘24.
2366 4209 2414 4244 ”
2440 4208 2570 4282 Sap.
2604 4174 2884 4277 “111,42.
2927 4212 2969 4244 ⁸⁷
3004 4212 3405 4299 Ηυειιιεςχφυιᾳ,

188 4362 206 4394 ι
244 4346 440 4415 utique.
467 4348 618 4402 »Μυι
648 4364 840 4412 mss.,i
869 4364 963 4418 per
986 4348 1245 4403 immensa
1276 4346 1491 4403 saecula.
1518 4364 1537 4399 ι
1566 4346 1737 4417 Alias,

188 4432 207 4463 ι
244 4430 335 4482 per
371 4418 579 4471 diversa
615 4418 833 4471 smcula.
876 4438 893 4467 ι
1514 4422 1517 4423 ⁷

254 4484 357 4556 (19)
382 4485 663 4539 Mundam.
705 4488 859 4540 Deest
886 4488 937 4539 iu
976 4498 1131 4541 antea
1160 4488 1345 4553 editis,
1377 4489 1469 4541 sed
1503 4490 1733 4545 habetur

181 4555 236 4608 in
270 4555 391 4609 mss.
434 4556 639 4609 Ibidem
689 4571 857 4619 mss.,
908 4573 925 4605 ι
981 4557 1443 4612 immutationibus
1480 4575 1585 4613 non
1635 4564 1705 4615 mi
1766 4562 1811 4620 D

182 4625 360 4683 nimis.
394 4644 412 4676 ι
441 4625 598 4679 Libb.
626 4625 778 4689 editi,
810 4645 827 4675 ι
865 4626 1324 4680 immutationibus
1354 4628 1673 4687 innumeris.
1708 4652 1726 4683 ι

187 4695 350 4750 Paulo
376 4707 494 4766 post
520 4710 675 4757 mss.,
710 4713 729 4745 ι
765 4694 855 4762 qui
899 4705 1092 4766 autem
1125 4712 1379 4748 Immerus
1427 4698 1507 4751 vel
1551 4702 1738 4757 modus

182 4766 269 4820 hic
292 4764 412 4825 sit.)
437 4766 602 4829 Editi,
628 4784 646 4817 ι
666 4767 755 4835 qui
786 4774 959 4819 autem
989 4764 1297 4819 verissimus
1326 4767 1511 4820 modus
1548 4769 1734 4823 borum

182 4848 276 4890 Sil.
309 4858 327 4889 ι

276 4906 357 4976 20)
393 4907 530 4963 Vide
557 4905 894 4976 Origenian.,
934 4902 969 4955 Ι.
1000 4918 1059 4967 ιι,
1099 4902 1235 4976 (μί’),
1268 4919 1414 4956 num.
1449 4904 1519 4957 25
1542 4916 1595 4957 et
1640 4907 1733 4961 ‘24.

276 4910 338 4959 2t)
393 4910 530 4963 Vide
557 4910 894 4976 0rigenian.,
934 4910 969 4955 Ι.
1000 4918 1059 4967 ιι,
1099 4919 1153 4971 q.
1181 4910 1235 4964 5,
1268 4919 1414 4956 num.
1449 4910 1519 4957 25
1542 4916 1595 4957 et
1640 4910 1719 4960 ‘24.

274 4910 357 5048 2|;
385 4978 474 5033 Sic
501 4993 691 5032 omnes
718 4975 1054 5048 codd._inss.;
1081 4974 1206 5048 editi
1242 4987 1389 5048 vero,
1426 4992 1443 5021 ι
1488 4979 1719 5048 exqui-

183 5043 284 5100 bus
312 5043 483 5102 tameu
512 5046 855 5102 sermonibus
882 5043 1028 5098 Pauli
1064 5043 1129 5095 ad
1177 5044 1518 5095 oceasionem
1572 5046 1734 5108 hujus

184 5116 547 5189 intelligentiae
586 5122 667 5189 (ut
698 5130 883 5171 verum
931 5112 1225 5187 proferam)
1269 5110 1430 5165 facile
1473 5113 1731 5169 devenie-

181 5200 319 5239 mus.
352 5187 437 5239 Ait
458 5187 623 5241 enim.
667 5207 685 5239 ι
1685 5213 1695 5220 ·

250 5254 355 5326 ('22)
396 5257 475 5310 Ita
516 5273 671 5322 mss.;
706 5256 839 5313 editi
872 5268 1039 5322 vero,
1086 5270 1106 5307 ι
1150 5250 1225 5308 ita
1274 5258 1334 5306 ut
1376 5249 1428 5305 ln
1466 5252 1731 5307 creaturis

181 5327 640 5395 quidetn_s:ecula,
680 5344 700 5378 ι
740 5338 846 5382 etc.

275 5394 357 5472 ᾗ)
394 5392 555 5472 Favet
594 5412 693 5450 me.
729 5398 975 5472 _l_n_a_ntea
998 5393 1155 5450 editis
1184 5393 1335 5472 deest
1369 5409 1389 5472 ε
1427 5405 1544 5472 me._
1580 5408 1598 5442 ι

275 5396 357 5464 23)
394 5396 555 5448 lavet
594 5412 693 5450 me.
733 5398 787 5450 In
818 5405 975 5450 antea
998 5396 1155 5450 editis
1184 5396 1335 5448 deest
1369 5409 1389 5444 ι
1427 5405 1531 5445 me.
1580 5408 1598 5442 ι

251 5396 359 5536 ξει)
392 5465 466 5517 Ita
491 5479 646 5529 mss.;
675 5467 807 5521 editi
834 5466 1029 5530 autem,
1068 5483 1088 5517 ι
1124 5464 1216 5520 sed
1250 5462 1426 5518 omnia
1455 5472 1508 5515 et
1533 5462 1587 5515 in
1615 5477 1729 5515 om-

183 5535 335 5589 nibus
362 5535 518 5590 Deus.
554 5552 575 5587 ι

251 5604 358 5675 (‘25)
521 5606 664 5684 hunc
711 5604 885 5658 locum
908 5603 1123 5684 optime
1154 5605 1451 5658 emendant
1496 5617 1624 5658 mss.
1671 5602 1724 5655 lu

184 5674 520 5729 antea'cditis
550 5674 746 5741 legitur
790 5690 805 5727 :
854 5674 1115 5743 «Dicitur
1161 5688 1176 5728 :
1223 5690 1317 5743 per
1350 5683 1723 5728 ornamentum

184 5747 368 5813 Capitis
391 5747 534 5800 aurei
580 5744 850 5798 calvitium
886 5742 1124 5797 Hebraeis
1154 5742 1371 5813 propter
1414 5760 1573 5813 opera
1613 5755 1723 5795 tua.

181 5816 560 5871 Oruamentum
591 5815 660 5870 ibi
696 5828 760 5867 eo
803 5813 1018 5884 nomine
1059 5828 1165 5880 quo
1199 5817 1451 5868 mundum
1487 5814 1725 5884 appella-

182 5888 276 5942 vit.
310 5887 425 5943 Ideo
452 5886 652 5958 κόσμος
684 5884 889 5940 scribit.
930 5901 948 5934 ι
984 5882 1137 5948 Quod
1169 5886 1315 5939 omni
1358 5882 1527 5942 sensu
1552 5882 1721 5940 caret.

1922 4342 2031 4415 (26)
2059 4346 2133 4399 lla
2158 4346 2499 4417 codd.Amss.;
2529 4346 2656 4399 editi
2692 4360 2837 4412 vero,
2866 4365 2885 4398 ι
2918 4349 3215 4411 nominant.
3246 4363 3405 4417 atque

1845 4414 1989 4472 illius
2018 4424 2218 4483 partes.
2256 4434 2276 4468 ι
2314 4414 2481 4468 Paulo
2510 4427 2627 4483 post
2681 4432 2830 4478 mss,
2877 4435 2894 4467 ι
2940 4414 3410 4475 iutransmcalilis

1842 4497 1946 4541 est.
1983 4504 2005 4553 ι¹
2042 4486 2262 4557 E_diti,'t
2300 4486 2653 4557 intransibilis
2680 4495 2780 4539 est.
2815 4505 2833 4538 ι
3132 4556 3135 4557 ν

1910 4556 2022 4625 (‘27)
2055 4554 2296 4609 Oceanus
2335 4556 2775 4625 intransmeabilis
2814 4566 2910 4621 est,
2958 4566 3065 4611 etc.
3112 4554 3403 4613 Clementis

1841 4624 2066 4681 Romani
2098 4627 2262 4696 verba
2287 4624 2508 4696 νίιιιίιιιιήἰ,
2528 4626 2738 4677 videtur
2766 4626 3049 4696 Dionysius
3079 4628 3399 4681 Alexandii-

1839 4712 1941 4751 nus
1966 4696 2101 4762 apud
2142 4693 2426 4762 Eusebium
2452 4692 2548 4762 lib.
2576 4709 2671 4755 vn,
2696 4710 2812 4761 cap.
2842 4692 3154 4759 2,'Hislor.,
3178 4698 3205 4749 ὁ
3233 4696 3398 4759 πολὺς

1836 4767 1930 4819 καὶ
1963 4764 2265 4835 ἀπέρᾳντος
2293 4761 2899 4835 ᾁνθρώποις-Ὠκεανός.
2940 4765 3016 4835 Ερ
3045 4780 3256 4835 quoque
3306 4782 3393 4819 re-

1836 4838 2045 4904 spicere
2071 4832 2282 4887 videtur
2309 4832 2539 4886 lrenmus
2570 4832 2662 4885 lib.
2692 4847 2750 4897 ιι,
2778 4847 2900 4901 cap.
2936 4834 3004 4886 47
3036 4832 3099 4887 ιι
3140 4834 3275 4899 Quid
3307 4851 3397 4886 au-

1838 4903 1965 4968 tem,
1999 4905 2194 4972 inquit,
2216 4915 2503 4969 possumus
2541 4915 2813 4969 exponere
2842 4905 2907 4958 de
2942 4903 3140 4957 Oceani
3171 4918 3392 4957 accessu

1834 4984 1888 5053 e_t
1918 4988 2154 5053 recessu,
2183 4988 2305 5053 etim
2329 4978 2539 5023 constet
2563 4985 2681 5024 esse
2704 4982 2906 5051 certam
2933 4972 3177 5053 causam?
3198 4974 3419 5053 quidve-

1833 5043 1900 5096 de
1927 5044 2009 5097 his
2034 5057 2152 5109 qua:
2183 5040 2324 5093 ultra
2345 5054 2462 5111 eum
2492 5050 2637 5105 sunt,
2666 5043 2951 5097 enuntiare
2982 5042 3157 5111 qualia
3186 5040 3319 5096 sint?
3367 5062 3387 5095 ι

1832 5108 2270 5177 Quibus’verbis
2325 5108 2661 5181 adjungenda
2726 5120 2855 5164 sunt
2912 5108 3013 5166 ista
3076 5111 3261 5167 llilarii
3325 5115 3393 5169 ad

1832 5182 2021 5248 psalmi
2050 5195 2215 5233 uvm
2250 5182 2450 5251 linem;
2479 5179 2512 5229 «θ
2534 5179 2678 5233 Mare
2706 5182 2843 5245 quod
2870 5184 3132 5251 profunda
3155 5184 3393 5239 inunita-

1830 5266 1935 5319 qne
1958 5252 2040 5305 sui
2069 5251 2225 5304 obice
2250 5262 2485 5307 mentem
2512 5251 2756 5305 humanae
2782 5253 3051 5320 opinionis
3068 5256 3313 5319 excedat,
3335 5265 3392 5308 ut

1830 5336 2001 5389 neque
2042 5320 2168 5389 quid
2210 5330 2362 5375 extra
2403 5320 2494 5385 sit,
2527 5335 2699 5389 neque
2736 5323 2860 5389 quid
2891 5326 3033 5377 intra
3073 5324 3182 5388 sit,
3223 5340 3388 5392 sensu

1828 5400 2179 5460 persequente
2206 5393 2503 5457 capiamus.
2544 5409 2563 5442 ι
2595 5393 2700 5446 Sed
2731 5403 2784 5445 et
2812 5392 3104 5448 Clementis
3159 5394 3388 5449 Romani

1830 5463 1979 5513 locus
2011 5463 2268 5531 citaturga
2296 5462 2615 5531 cognomine
2644 5464 3013 5517 Alexandrino
3043 5463 3385 5526 Stromal.'v,

1828 5545 1878 5596 p.
1907 5530 2035 5591 586,
2073 5530 2164 5581 tibi
2199 5529 2263 5599 de
2302 5529 2483 5585 multis
2505 5532 2659 5586 ccelis
2691 5548 2784 5586 seu
2819 5534 3051 5599 mundis;
3081 5543 3136 5587 et
3164 5535 3230 5587 ab
3263 5533 3387 5587 Ilie-

1838 5614 2062 5670 ronymo
2094 5601 2143 5652 iit
2188 5598 2384 5667 Ephes.
2424 5616 2494 5665 ιι,
2540 5602 2603 5666 2,
2652 5603 2782 5670 qui,
2826 5598 3043 5670 Opinor,
3080 5603 3391 5657 transcribit

1826 5668 2077 5737 Origenis
2135 5674 2574 5725 commentarios.
2641 5668 2765 5727 llaec
2822 5668 3115 5727 observata
3166 5684 3290 5727 sunt
3352 5686 3384 5726 ι

1827 5740 2124 5793 clarissimo
2170 5740 2438 5795 Cotelerio
2488 5743 2539 5795 in
2596 5745 2739 5797 notis
2798 5744 2849 5796 in
2900 5743 3043 5797 hunc
3094 5742 3386 5797 Clementis

1828 5810 2001 5934 lpcum
2042 5811 2106 5864 de
2148 5826 2253 5879 quo
2300 5813 2486 5881 plura,
2532 5816 2575 5869 si
2619 5815 2789 5882 cupis,
2839 5813 2958 5867 vide
2995 5813 3239 5868 eumdem
3286 5810 3387 5865 ibi-

1828 5897 1965 5934 tem.

1828 5897 1965 5935 1113111.
