4136 6310
689 508 789 565 195
1903 503 2220 562 OlllGENlS

2332 505 2418 560 art
2455 487 2683 559 Arxau
3801 505 3909 563 tu

688 630 850 684 etiam
881 629 1104 684 mundus
1134 629 1231 682 ista
1260 629 1584 684 universitas
1611 643 1730 696 qua:
1756 642 1818 681 ex
1848 629 1986 682 coelo
2012 637 2065 681 et
2097 638 2236 682 terra
2266 621 2313 686 Ᾱ
2341 627 2579 683 continet
2605 628 2782 681 omnia
2811 641 2926 697 qua:
2955 627 3056 683 sub
3090 625 3226 683 caelo
3251 637 3395 690 sunt,
3425 626 3496 680 ita
3544 624 3687 680 illam
3714 625 3906 682 dicunt

688 721 1014 783 continetur,
1056 721 1191 773 sicut
1228 719 1425 773 Paulus
1451 719 1525 772 ait
1562 737 1574 772 :
1613 737 1630 769 ι
1669 717 1916 772 Transiet
1946 711 2056 789 (28)
2093 721 2236 772 enim
2340 721 2597 774 immensa
2666 719 2897 788 quadam
2955 719 3034 774 sui
3104 717 3472 790 magnitudine
3534 726 3590 772 et
3639 718 3904 773 ineﬂ'abili

691 811 905 864 habitus
936 811 1092 878 hujus
1124 810 1310 864 mundi
1353 809 1420 862 ⁵⁸.
1464 827 1484 862 ι
1530 809 1778 880 Designat
1815 823 1946 863 sane
1980 820 2036 864 et
2071 809 2235 864 alium

688 900 970 971 quemdam
996 901 1250 953 mundum
1283 907 1478 968 praeter
1496 900 1641 952 hunc
1665 898 1925 952 visibilem
1951 899 2111 953 etiam
2143 898 2240 955 Do-

691 991 868 1045 minus
888 1002 940 1046 et
971 990 1222 1044 Salvator
1242 999 1446 1052 noster,
1471 1005 1625 1057 quem
1653 1004 1838 1044 revera
1859 991 2166 1046 describere
2186 1001 2240 1045 et

689 1081 969 1152 designare
986 1079 1196 1134 ilillicile
1213 1089 1292 1134 est
1317 1097 1329 1131 :
1353 1081 1701 1147 aitnamque;
1725 1099 1742 1130 ‹
1766 1080 1878 1149 Ego
1901 1095 2003 1133 non
2033 1096 2149 1135 sum
2173 1081 2237 1134 de

689 1173 791 1227 hoc
807 1174 1004 1225 mundo
1024 1172 1087 1224 ⁸³.
1115 1191 1134 1224 ι
1153 1171 1429 1240 Tanquam
1453 1173 1594 1225 enim
1615 1187 1680 1225 ex
1702 1173 1808 1225 alio
1836 1172 2063 1241 quodam
2096 1183 2240 1226 esset

689 1265 902 1326 mundo,
929 1265 998 1315 ita
1026 1263 1291 1333 dicit,83
1308 1263 1444 1332 quod
1463 1281 1481 1314 ι
1509 1260 1620 1316 Non
1638 1278 1753 1316 sum
1779 1264 1841 1316 de
1861 1264 1958 1316 hoc
1983 1262 2197 1315 mundo.
2214 1280 2232 1313 ι

685 1353 850 1422 Cujus
881 1352 1060 1408 mundi
1097 1353 1361 1408 dilIieilem
1392 1355 1544 1408 nobis
1579 1369 1696 1408 esse
1725 1354 2114 1423 expositionem
2150 1355 2235 1408 id-

685 1441 830 1496 circo
852 1442 1219 1510 prmdiximus,
1241 1459 1305 1496 ne
1330 1443 1465 1496 forte
1483 1443 1785 1512 praabeatur
1805 1442 2070 1510 aliquibus
2090 1459 2239 1498 occa-

685 1534 767 1587 sio
791 1534 932 1587 illius
950 1533 1334 1606 intelligentiae,
1356 1550 1458 1603 qua
1484 1543 1779 1603 putcntnos
1799 1535 2060 1603 imagines
2079 1550 2239 1604 quas-

684 1625 803 1676 dam
829 1638 962 1691 quas
983 1622 1149 1676 Grteci
1171 1623 1308 1685 ἰδέας
1330 1625 1623 1688 nominant,
1655 1622 1853 1676 aﬂirma
1865 1639 1921 1676 re
1945 1626 2117 1692 :quod
2137 1625 2239 1679 uti-

683 1729 785 1782 que
817 1730 842 1766 a
882 1715 1078 1768 nostris
1128 1713 1359 1767 alienum
1407 1724 1519 1779 est,
1569 1715 1823 1768 mundum
1867 1715 2236 1784 incorporeum

681 1803 884 1868 dicere,
932 1804 981 1856 in
1027 1805 1136 1857 sola
1179 1807 1372 1858 mentis
1411 1805 1689 1873 phantasia
1737 1805 1820 1859 vel
1859 1808 2236 1876 cogitationum

681 1894 885 1946 lubrico
912 1895 1322 1956 consistentem;
1350 1903 1403 1947 et
1433 1895 1698 1962 quomodo
1729 1894 2065 1949 Salvatorem
2099 1896 2228 1950 inde

681 2000 833 2047 esse,
885 1985 968 2038 vel
1020 1997 1233 2039 sanctos
1285 2000 1497 2055 quoque
1561 1987 1689 2040 illuc
1744 1988 1916 2042 ituros
1983 1996 2233 2055 poterunt

680 2075 964 2140 allii-mare,
1002 2092 1107 2130 non
1151 2079 1328 2131 video.
1381 2077 1748 2134 Verumtamen
1793 2079 2104 2148 praeclarius
2141 2080 2237 2132 ali-

679 2167 808 2233 quid
855 2177 908 2221 et
964 2168 1296 2235 splendidius
1361 2184 1516 2236 quam
1573 2169 1674 2223 istc
1719 2170 1811 2238 qui
1863 2185 2102 2238 prtesens
2153 2166 2237 2224 es't

679 2259 930 2320 mundus,
963 2259 1187 2313 iudicari
1221 2276 1248 2313 a
1280 2260 1560 2315 Salvatore
1591 2246 1694 2315 non
1738 2263 1958 2315 dubium
1994 2273 2100 2326 est,
2129 2276 2234 2330 quo

679 2350 840 2403 etiam
870 2351 1150 2404 credentes
1185 2352 1235 2404 in
1267 2367 1324 2406 se
1355 2354 1578 2408 tendere
1604 2363 1860 2423 provocat
1889 2365 1939 2407 et
1967 2355 2230 2407 hortatur.

671 2441 786 2512 Sed
820 2452 995 2494 utrum
1046 2443 1276 2496 mundus
1327 2444 1427 2496 iste
1475 2459 1631 2512 quem
1678 2444 1861 2497 sentiri
1897 2444 2038 2506 vult,
2075 2458 2234 2511 sepa-

679 2543 826 2588 ratus
862 2537 944 2589 'ab
992 2535 1092 2589 hoc
1141 2535 1208 2589 sit
1265 2536 1524 2605 longeque
1579 2537 1805 2599 divisus,
1858 2537 1937 2590 vel
1976 2535 2116 2598 loco,
2151 2530 2259 2590 vel"
2298 2601 2301 2608 η

676 2627 956 2694 qualitate,
988 2627 1070 2680 vel
1104 2627 1303 2695 gloria;
1338 2643 1404 2680 an
1436 2629 1601 2694 gloria
1631 2628 1846 2696 quidem
1876 2637 1931 2680 et
1972 2628 2233 2696 qualitate

677 2718 966 2788 prrccllat,
995 2719 1129 2771 intra
1169 2727 1343 2771 tamen
1383 2721 1536 2786 hujus
1565 2721 1746 2774 mundi
1783 2720 2235 2789 circumscriptio-

677 2823 800 2863 nem
831 2810 1165 2872 cohibeatur,
1186 2803 1345 2878 'quod
1381 2821 1434 2865 et
1469 2812 1594 2864 mihi
1638 2811 1804 2879 magis
1835 2798 2125 2866 verisimile
2155 2812 2231 2864 vi-

676 2902 854 2963 detur,
897 2902 1158 2954 incertmn
1201 2911 1376 2956 tamen
1419 2914 1532 2965 est,
1580 2910 1674 2966 et,
1717 2909 1774 2955 ut
1825 2917 1922 2970 ego
1971 2904 2227 2969 arbitror,

678 2992 923 3044 humanis
957 2992 1128 3044 adhuc
1167 2993 1586 3062 cogitationibus
1618 3001 1671 3047 et
1701 2993 1969 3048 mentibus
2014 2993 2234 3046 inusita-

677 3088 805 3136 tum.
837 3081 909 3134 Ex
944 3082 1026 3135 his
1061 3091 1231 3136 tamen
1266 3098 1384 3152 qua:
1416 3083 1663 3137 Clemens
1698 3084 1844 3138 visus
1876 3094 1957 3138 est
1989 3084 2230 3138 indicare

673 3188 794 3228 cum
828 3173 960 3226 dicit
989 3203 997 3226 ;
1038 3193 1054 3224 ‹
1085 3173 1330 3229 Oceanus
1380 3174 1838 3229 intransmeabilis
1876 3186 1958 3228 est
1991 3175 2230 3229 homini-

673 3263 802 3327 bus,
846 3275 900 3317 et
933 3264 987 3317 hi
1030 3265 1210 3317 mundi
1253 3266 1340 3333 qui
1383 3275 1501 3334 post
1544 3267 1715 3334 ipsum
1751 3273 1909 3319 sunt:
1941 3285 1958 3317 ι
1993 3267 2082 3334 qui
2115 3275 2228 3335 post
2257 3297 2300 3354 Ο

677 3355 849 3422 ipsum
885 3364 1006 3408 sunt
1053 3356 1278 3409 mundos
1325 3356 1602 3422 pluraliter
1647 3355 1968 3428 nominans,
2009 3371 2143 3424 quos
2177 3368 2229 3410 et

672 3445 859 3498 eadem
903 3444 994 3498 Dei
1027 3445 1220 3497 smnmi
1265 3447 1598 3513 providentia
1633 3448 1716 3512 agi
1766 3449 1984 3515 regique
2027 3447 2231 3515 signifi-

673 3543 781 3597 cat,
816 3536 1019 3588 semina
1053 3536 1292 3604 quaedam
1328 3535 1481 3590 nobis
1527 3533 1834 3600 huiusmodi
1869 3537 2230 3601 intelligentim

669 3628 885 3683 videtur
918 3641 1228 3695 aspergere,
1267 3642 1371 3695 quo
1417 3637 1632 3695 putetur
1657 3631 1834 3682 omnis
1860 3629 2077 3698 quidem
2111 3632 2229 3682 uni-

671 3723 898 3778 versitas
941 3739 1124 3776 corum
1165 3738 1283 3792 qua:
1330 3733 1455 3777 sunt
1505 3732 1665 3791 atque
1711 3724 2015 3778 subsistunt
2061 3724 2227 3778 coele-

596 3799 605 3806 ’
670 3815 856 3876 stium,
882 3822 933 3866 et
962 3813 1449 3881 supercmlestium,
1477 3824 1832 3877 terrenorum,
1865 3814 2228 3872 infernarum-

671 3921 800 3976 que,
842 3922 981 3959 unus
1022 3915 1073 3959 et
1120 3905 1388 3974 perlectus
1441 3910 1670 3959 mundus
1719 3906 2044 3974 generaliter
2084 3906 2221 3971 dici;

672 3995 816 4052 intra
846 3988 1000 4064 quem
1034 3995 1170 4048 vela
1215 4011 1319 4063 quo
1363 3997 1543 4050 caeteri
1591 3997 1658 4065 (si
1691 3998 1780 4066 qui
1828 3997 1900 4049 illi
1949 3995 2096 4066 sunt)
2129 4012 2228 4065 pu-

669 4083 819 4141 laudi
869 4095 994 4138 sunt
1032 4085 1319 4138 contineri.
1367 4084 1515 4138 Unde
1562 4087 1728 4139 voluit
1761 4087 1973 4152 quidem
2015 4087 2224 4153 globum

675 4175 812 4228 hunc
864 4175 944 4229 vel
992 4175 1140 4236 solis,
1188 4182 1641 4241 caeterorumque,
1680 4189 1812 4242 quos
1853 4179 2089 4241 planetas
2133 4191 2227 4230 vo-

673 4275 820 4328 eant,
866 4279 960 4334 per
993 4263 1199 4330 singula
1237 4263 1460 4316 mundos
1495 4263 1784 4315 nominari.
1828 4262 1932 4317 Sed
1969 4275 2024 4318 et
2052 4267 2223 4334 ipsum

674 4357 1157 4424 supereminentem
1189 4368 1346 4422 quem
1383 4354 1566 4407 dicunt
1599 4353 1806 4424 ἀπλανῆ
1838 4355 2074 4424 globum,
2103 4370 2225 4423 pro-

672 4448 789 4519 prie
839 4445 946 4518 ('29)
1005 4445 1355 4499 nihilominus
1411 4446 1664 4498 mundum
1714 4447 1969 4514 appellari
2013 4445 2219 4499 volunt.

673 4538 910 4606 Denique
941 4539 1099 4592 etiam
1149 4536 1362 4591 Baruch
1412 4537 1684 4606 propheta:
1718 4537 1908 4596 librum
1950 4537 2000 4591 in
2041 4551 2220 4591 asser-

2338 811 2615 880 complexu
2657 811 2828 879 spatia
2881 810 3254 864 universarum
3298 809 3632 882 sphaerarum
3685 811 3899 866 ambitu

2341 901 2809 970 magniﬁcentiore
2855 902 3258 972 constringere;
3307 901 3380 955 ita
3428 909 3486 954 ut
3524 902 3702 955 omnia
3751 902 3900 956 intra

2341 993 2508 1062 ipsam
2540 993 2612 1046 ita
2638 993 2745 1046 sint
2777 991 2917 1046 sicut
2954 1001 3037 1046 est
3069 991 3181 1047 haec
3211 1000 3352 1047 terra
3381 1002 3563 1046 nostra
3585 994 3686 1048 sub
3709 993 3846 1048 coelo
3879 1009 3898 1046 :

2339 1097 2457 1150 quae
2488 1081 2647 1143 etiam
2677 1081 2728 1133 in
2765 1081 3059 1150 Scripturis
3085 1080 3286 1135 sanctis
3319 1090 3462 1143 terra
3497 1085 3633 1136 bona
3665 1088 3718 1134 et
3747 1089 3897 1135 terra

2339 1171 2634 1226 viventium
2661 1171 2904 1225 creditur
2942 1171 3229 1237 nominari,
3264 1169 3466 1226 habens
3500 1187 3655 1226 suum
3689 1171 3896 1227 malum

2340 1263 2465 1317 illud
2506 1264 2648 1331 quod
2696 1266 2960 1332 superius,
3010 1264 3059 1316 in
3107 1277 3212 1327 quo
3252 1263 3390 1318 cmlo
3439 1272 3747 1319 sanctorum
3795 1278 3900 1318 no-

2339 1353 2481 1406 mina
2537 1352 2730 1417 scribi,
2783 1351 2866 1406 vel
2915 1353 3111 1420 scripta
3168 1367 3286 1407 esse
3339 1353 3587 1408 dicuntur
3632 1369 3661 1407 a
3703 1354 3898 1408 Salva-

2342 1453 2456 1498 tore
2505 1444 2656 1516 (51);
2693 1459 2800 1512 quo
2852 1444 2991 1498 coelo
3044 1443 3330 1498 cohibetur
3389 1445 3476 1497 illa
3531 1454 3673 1499 terra
3731 1455 3897 1516 atque

2336 1533 2690 1596 concluditur,
2737 1549 2898 1602 quam
2938 1532 3181 1587 Salvator
3227 1537 3278 1587 in
3326 1534 3610 1606 Evangelio
3671 1535 3897 1591 mitibus

2338 1634 2392 1679 et
2425 1624 2716 1679 mansuetis
2747 1624 3158 1692 repromittit“.
3184 1624 3258 1678 Ex
3302 1625 3442 1680 illius
3479 1607 3709 1695 namque
3735 1637 3895 1682 terra:

2339 1719 2554 1770 nomine
2585 1715 2750 1770 etiam
2779 1715 2917 1768 hanc
2947 1723 3185 1770 nostram
3221 1715 3303 1769 cui
3337 1715 3488 1769 arida
3518 1717 3667 1784 prius
3695 1730 3892 1771 nomen

2338 1804 2542 1867 fuerat,
2583 1805 3013 1872 cognominatam
3057 1805 3260 1870 volunt,
3299 1807 3442 1860 sicut
3485 1818 3540 1862 et
3580 1807 3894 1861 ﬁrmamen-

2340 1907 2447 1950 tum
2493 1899 2594 1952 hoc
2629 1897 2825 1952 cmlum
2873 1897 3013 1951 illius
3056 1898 3179 1952 caali
3227 1899 3485 1954 vocabulo
3529 1908 3889 1968 nuncupatum

2335 1999 2435 2044 est.
2465 1988 2662 2045 Verum
2692 1990 2756 2043 de
2791 1988 3150 2057 hujuscemodi
3193 1991 3531 2055 opinionibus
3580 1992 3788 2062 plenius
3832 1992 3888 2044 in

2336 2082 2429 2136 illo
2455 2082 2571 2136 loco
2601 2079 2968 2144 tractavimus,
2995 2095 3114 2135 eum
3144 2081 3540 2149 requireremus
3570 2082 3699 2153 quid
3739 2065 3890 2136 esset

2335 2174 2474 2242 quod
2521 2173 2573 2226 in
2612 2171 2874 2243 principio
2912 2172 3037 2226 fecit
3086 2171 3220 2227 Deus
3266 2173 3458 2227 coelum
3493 2184 3548 2228 et
3596 2183 3790 2227 terram
3815 2172 3884 2226 ".

2334 2263 2488 2316 Aliud
2512 2264 2653 2316 enim
2682 2260 2874 2316 cmlum
2905 2270 2958 2313 et
2983 2260 3080 2312 alia
3117 2269 3256 2313 terra
3287 2262 3552 2315 indicatur
3579 2276 3697 2316 eszse
3724 2275 3888 2330 quam

2336 2355 2467 2410 illud
2503 2355 2900 2407 ﬁrmamentum
2943 2352 3083 2420 quod
3114 2358 3229 2420 post
3263 2351 3479 2412 biduum
3516 2351 3710 2406 factum
3753 2353 3891 2406 dici-

2337 2456 2444 2509 tur,
2478 2444 2562 2498 ve!
2609 2444 2756 2498 arida
2788 2457 2906 2510 qua:
2951 2443 3282 2512 posunodum
3333 2451 3474 2498 terra
3521 2452 3887 2512 nuncupatur.

2336 2537 2478 2590 Sane
2520 2537 2617 2589 hoc
2645 2535 2784 2603 quod
2818 2536 3004 2588 dicunt
3031 2533 3244 2602 quidam
3279 2533 3342 2588 de
3373 2535 3472 2588 hoc
3500 2535 3715 2600 mundo,
3753 2547 3890 2602 quo-

2337 2630 2476 2679 niam
2524 2625 2888 2694 corruptibilis
2929 2625 3145 2694 quidem
3189 2635 3272 2679 est
3313 2639 3376 2678 ex
3415 2639 3480 2680 eo
3522 2627 3661 2694 quod
3714 2626 3888 2680 factus

2334 2727 2434 2781 cst,
2465 2732 2562 2770 nec
2599 2728 2772 2769 tamen
2811 2718 3191 2785 corrumpitur,
3235 2718 3355 2785 quia
3392 2718 3736 2784 corruptione
3772 2716 3888 2771 lor-

2336 2809 2438 2860 tinr
2480 2815 2534 2861 et
2578 2805 2800 2859 validior
2829 2814 2909 2861 est
2952 2806 3200 2862 voluntas
3248 2808 3337 2862 Dei
3385 2810 3472 2877 qui
3508 2809 3635 2863 fecit
3665 2823 3788 2863 eum
3827 2809 3888 2862 et

2333 2902 2576 2956 continet
2617 2899 2761 2955 illum
2815 2915 2880 2954 ne
2928 2901 2975 2956 ei
3007 2900 3278 2970 corruptio
3317 2901 3643 2968 dominetur,
3687 2901 3890 2956 rectius

2334 2994 2521 3048 sentiri
2587 2993 2684 3046 ista
2731 2999 2955 3062 possunt
3006 2993 3070 3046 de
3102 3005 3166 3046 eo
3213 2987 3409 3046 mundo
3457 3006 3614 3060 quem
3669 2989 3887 3061 ἀπλανῆ

2333 3086 2599 3154 splneram
2635 3082 2746 3156 (‘52)
2774 3099 2930 3151 supra
2959 3084 3211 3148 diximus,
3236 3084 3360 3152 quia
3390 3097 3452 3136 ex
3485 3083 3758 3137 voluntate
3790 3082 3885 3135 Dei

2334 3190 2672 3245 nequaquam
2698 3175 3030 3242 corruptioui
3059 3175 3351 3242 suhjaccat,
3387 3189 3481 3241 pro
3508 3188 3571 3227 eo
3605 3174 3746 3242 quod
3782 3187 3883 3227 nec

2335 3280 2526 3319 causas
2567 3265 2924 3333 corruptionis
2951 3265 3173 3332 accepit.
3219 3263 3539 3318 Sanctorum
3573 3264 3770 3332 quippe
3797 3273 3885 3317 est

2332 3363 2386 3410 et
2418 3354 2484 3407 ad
2526 3354 2784 3422 liquidum
2830 3352 3234 3421 puriﬁcatorum
3271 3350 3381 3423 (55)
3426 3353 3655 3406 mundus
3688 3352 3799 3418 ille,
3827 3361 3881 3406 et

2333 3461 2435 3500 non
2483 3446 2767 3513 impiorum
2799 3444 2940 3499 sicut
2966 3444 3065 3498 iste
3112 3453 3316 3498 noster.
3351 3443 3650 3498 Videndum
3697 3455 3878 3496 autem

2332 3547 2506 3590 estne
2547 3535 2686 3590 forte
2733 3536 2785 3589 in
2835 3535 2938 3589 hoc
2984 3533 3284 3605 respiciens
3321 3533 3604 3603 Apostolus
3635 3531 3879 3586 dixerit:

2335 3650 2352 3682 ι
2384 3614 2844 3699 Ρι·οερ)οῑεηιίι)υε
2888 3627 3039 3682 nobis
3078 3642 3182 3681 non
3230 3641 3291 3679 ea
3328 3641 3445 3695 quae
3478 3626 3745 3689 videntur,
3788 3626 3880 3680 sed

2329 3737 2447 3792 qua
2479 3736 2585 3775 non
2621 3721 2889 3775 videntur.
2932 3719 3060 3786 Quae
3104 3719 3246 3773 enim
3280 3719 3525 3772 videntur
3565 3717 3877 3784 temporalia

2328 3823 2469 3880 sunt,
2498 3826 2614 3881 qua:
2646 3821 2820 3866 autem
2872 3827 2975 3864 non
3012 3811 3258 3865 videntur
3285 3819 3484 3864 teterna
3531 3810 3718 3864 sunt"
3741 3807 3877 3880 (54).

2329 3904 2540 3959 Scimus
2579 3916 2756 3959 autem
2802 3904 3056 3972 quoniam
3082 3903 3126 3956 si
3164 3902 3434 3956 terrestris
3471 3901 3658 3955 domus
3697 3913 3878 3956 nostra

2329 3995 2484 4063 hujus
2533 3995 2880 4048 habitationis
2922 3993 3260 4057 dissolvatur,
3318 3992 3725 4047 :edilicationem
3775 3993 3877 4046 ha-

2328 4087 2513 4140 bemus
2540 4101 2569 4138 a
2601 4086 2708 4140 Deo
2739 4087 2952 4140 domum
2985 4099 3088 4139 non
3132 4082 3490 4137 manufactam
3534 4095 3789 4149 :cternam
3821 4085 3875 4138 in

2272 4183 2275 4185 ’
2327 4175 2562 4229 malis”.
2596 4195 2615 4227 ι
2667 4175 2798 4229 Cum
2847 4175 2986 4229 enim
3045 4173 3168 4227 alibi
3219 4174 3409 4227 dicat:
3455 4192 3474 4224 ‹
3506 4173 3637 4239 Quia
3685 4175 3879 4230 videbo

2327 4267 2490 4321 caelos
2530 4280 2694 4334 opera
2740 4265 3022 4335 digitorum
3057 4263 3359 4326 tuorum“,
3385 4282 3404 4315 ο
3439 4272 3491 4316 et
3524 4265 3589 4318 de
3627 4265 3878 4320 omnibus

2328 4357 2687 4412 iuvisibilibus
2737 4371 2831 4423 per
2878 4356 3191 4425 prophetam
3261 4355 3397 4408 Deus
3448 4356 3580 4409 divit
3625 4374 3640 4410 :
3693 4355 3876 4423 «Quia

2327 4462 2517 4501 manus
2565 4461 2680 4501 mea
2727 4445 2863 4519 fecit.
2901 4446 3016 4500 htPC
3058 4445 3236 4499 omnia
3260 4444 3324 4507 ",
3348 4444 3375 4496 ι’
3423 4445 3577 4499 istam
3620 4455 3873 4502 eteniam

2326 4539 2542 4592 domum
2591 4551 2750 4606 quam
2808 4535 3010 4591 sanctis
3063 4536 3382 4604 repromittit
3434 4534 3543 4608 (55)
3591 4537 3642 4590 in
3693 4537 3868 4601 caelis,

671 4629 833 4684 tionis
869 4628 1022 4695 hujus
1065 4627 1426 4680 leslimoniutn
1477 4635 1700 4692 vocant,
1743 4627 1883 4695 quod
1918 4625 1989 4680 ibi
2040 4627 2104 4681 de
2135 4642 2220 4682 se-
2255 4621 2298 4674 ι)
2331 4621 2689 4682 inanul‘actam
2729 4642 2832 4682 non
2860 4640 2980 4681 esse
3019 4627 3343 4704 pronuntiat,
3375 4627 3728 4682 dill‘erentiam
3758 4628 3874 4682 sine

671 4731 814 4790 ptem
858 4721 1067 4773 mundis
1110 4719 1190 4772 Vel
1232 4720 1381 4775 ctelis
1417 4720 1719 4782 evidentius
1769 4718 2053 4773 indicatur.
2087 4718 2220 4774 Esse

673 4823 848 4867 tamen
901 4827 1060 4880 super
1114 4811 1259 4864 illam
1315 4811 1578 4880 sphaeram
1638 4825 1796 4877 quam
1847 4809 2059 4881 ἀπλανῆ
2109 4809 2219 4880 (50)

671 4905 870 4971 dicunt,
903 4905 1085 4958 volunt
1117 4904 1519 4972 aliam,'quam,
1551 4904 1689 4956 sicut
1716 4903 1854 4969 apud
1892 4917 1987 4953 nos
2028 4903 2222 4955 coelum

665 4980 679 4992 ’
741 4995 787 5027 ⁸³
815 4995 975 5051 lCor.
1003 5012 1090 5062 su,
1126 4997 1214 5050 δι.
1291 4994 1334 5028 ⁸³
1362 4993 1515 5049 Joan.
1551 5010 1680 5056 xvn,
1717 4993 1800 5048 15.

672 5064 718 5096 ⁸⁵
741 5065 939 5130 BSaIm.
973 5081 1096 5130 vni,
1116 5066 1168 5118 4.
1247 5067 1289 5098 ⁸⁵
1318 5066 1418 5118 lsa.
1450 5081 1592 5127 Lxu,
1621 5065 1676 5118 9..

743 5123 853 5230 (ἔξω
890 5161 977 5214 Sic
1014 5123 1138 5217 mss.
1187 5162 1338 5215 Lihb.
1382 5163 1531 5227 editi,
1637 5176 1748 5229 qua
1794 5169 1962 5215 estex
1996 5123 2222 5213 coelo‘et

674 5231 836 5285 terra.
870 5231 1006 5282 sicut
1032 5230 1222 5284 Paulus
1255 5234 1329 5284 ait
1359 5251 1371 5286 :
1403 5232 1696 5285 Transiet.»

745 5296 853 5366 (29)
905 5298 1184 5365 Ἀπλανῆ,
1219 5301 1421 5366 globum
1452 5302 1675 5368 proprie.
1705 5299 1779 5352 lta
1811 5299 1977 5352 codd.
2007 5313 2133 5352 mss.
2168 5297 2220 5350 lu

668 5369 1018 5440 anteaetlitis
1043 5371 1192 5440 dee3t
1220 5370 1427 5440 ᾲπλανῆ
1457 5381 1510 5424 et
1546 5388 1563 5418 ι
1591 5369 1822 5438 proprie.
1851 5387 1869 5420 ι
1950 5439 1957 5440 7
1995 5439 2001 5440 γ
2064 5437 2074 5440 _
2151 5370 2159 5379 '

747 5435 855 5506 (50)
908 5436 1180 5510 Ἀπλαν-ῆ.
1217 5436 1376 5510 Deest
1400 5435 1453 5510 in
1476 5435 1631 5510 ante}:
1657 5435 1832 5499 editis,
1866 5439 1961 5490 sed
1992 5437 2220 5510 habetur

677 5507 729 5561 in
777 5508 1026 5561 omnibus
1064 5523 1187 5560 mss.
1238 5507 1400 5561 Paulo
1446 5506 1580 5560 infra
1613 5523 1774 5564 mss..
1823 5525 1839 5556 ι
1872 5506 2224 5575 repromittit.

675 5577 750 5630 Ex
799 5577 937 5629 illius
973 5591 1202 5644 namque
1245 5587 1399 5630 terrae
1438 5576 1708 5628 nomine.»
1743 5575 1906 5641 Editi,
1944 5595 1961 5626 ε
1994 5579 2218 5645 ιποιυίι-

676 5649 760 5708 tit,
789 5656 841 5700 et
873 5646 1015 5700 illius
1053 5661 1282 5714 namque
1315 5655 1470 5698 terra:
1499 5645 1768 5714 nomine.»

768 5714 854 5782 51)
905 5716 1033 5770 Vide
1068 5715 1160 5770 lib.
1185 5712 1220 5769 tt
1249 5715 1573 5782 0rigenian.,
1605 5728 1657 5780 q.
1684 5712 1769 5776 Η,
1797 5729 1942 5766 num.
1976 5715 2060 5767 il.

769 5783 856 5856 52)
896 5784 986 5845 Sic
1005 5786 1157 5845 codd.
1181 5800 1348 5849 mss.;
1390 5784 1516 5838 editi
1545 5797 1689 5847 vero,
1727 5784 2012 5856 ἀκηράτων
2051 5783 2223 5854 spira:-

676 5873 810 5911 tam.

746 5925 874 5998 (55)·
898 5925 1038 5982 Editi
1068 5925 1221 5992 libb.,
1257 5943 1275 5975 ι
1301 5922 1678 5994 perfectorum.
1707 5943 1725 5977 ι

1900 4993 1942 5023 ⁶⁰
1976 4995 2160 5048 Matth.
2201 5011 2253 5059 ν,
2279 4997 2332 5048 4.

2330 4721 2491 4775 dubio
2520 4729 2780 4773 creaturae
2818 4719 2868 4772 in
2907 4719 2988 4773 his
3019 4733 3135 4788 qua:
3174 4718 3444 4786 videntur,
3475 4727 3527 4772 et
3555 4719 3607 4785 in_
3634 4719 3721 4794 his
3756 4732 3874 4787 quae

2331 4829 2434 4867 non
2476 4813 2726 4866 videntur
2774 4813 2885 4885 (56)
2929 4810 3249 4868 ostendens.
3277 4810 3390 4864 Non
3432 4811 3572 4863 enim
3608 4811 3745 4863 idem
3791 4809 3876 4862 in-

2333 4893 2612 4970 telligitur,
2635 4904 2778 4972 quod
2817 4903 2947 4957 dicit
2979 4901 3112 4971 (57),
3144 4916 3205 4954 ea
3238 4914 3356 4968 qua:
3382 4913 3487 4951 non
3526 4898 3792 4962 videntur,
3819 4907 3876 4951 et

2407 4997 2446 5026 ⁶¹
2493 4995 2626 5052 Gen.
2661 5020 2696 5060 ι,
2728 4997 2777 5050 1.
2852 4996 2896 5027 θ’
2929 4996 2967 5048 ll
2991 4994 3116 5049 Cor.
3143 5009 3214 5056 tv,
3252 4993 3340 5044 18.
3453 4990 3498 5020 ⁸³
3529 4988 3566 5042 ll
3590 4988 3710 5042 Cor.
3741 5003 3794 5054 ν,
3819 4990 3870 5043 Ἰ.

2401 5160 2510 5231 (54)
2542 5161 2705 5214 λιδὶΜ).
2731 5160 2898 5231 editi:
2938 5177 2956 5208 ι
2987 5157 3149 5231 Vobis
3196 5169 3394 5231 non_ea
3441 5167 3559 5220 qua:
3596 5153 3869 5231 videntur,

2322 5223 2414 5284 sed
2447 5223 2562 5297 quae
2590 5245 2719 5282 .non
2773 5229 3036 5281 videntur.
3067 5225 3203 5297 Quae.
3239 5225 3380 5276 enim
3437 5238 3538 5276 non
3594 5223 3863 5297 videntur,

2320 5292 2515 5352 mter-na
2543 5311 2698 5354 sunt;
2725 5311 2842 5364 qua:
2869 5306 3043 5347 autem
3069 5295 3334 5353 videntur,
3360 5292 3666 5361 temporalia
3690 5303 3865 5346 sunt.»

2322 5371 2425 5422 Sed
2461 5383 2586 5419 nrss.
2615 5375 2670 5418 ut
2703 5367 2754 5418 in
2789 5374 2970 5416 nostro
2995 5372 3164 5415 textu.
3501 5379 3504 5381 λ

2391 5435 2499 5504 (55)
2541 5437 2612 5487 Ita
2647 5451 2778 5487 mss.
2808 5431 2967 5504 Libb.‘
2991 5432 3118 5484 editi
3163 5445 3310 5491 vero,
3342 5449 3360 5481 ι
3392 5446 3510 5486 cum
3564 5429 3690 5484 alibi
3724 5429 3864 5504 dica-

2325 5500 2410 5557 tur
2437 5524 2448 5557 :
2482 5500 2692 5558 Videbo
2719 5502 2886 5580 caelos
2913 5511 3205 5580 tuos,et_c.,
3233 5515 3326 5569 per
3353 5504 3666 5572 prophetam
3707 5500 3863 5560 dixit,

2323 5585 2452 5630 etc..
2484 5589 2641 5640 quam
2666 5573 2867 5625 sanctis
2898 5572 3176 5638 promittit.
3201 5590 3217 5622 ι

2395 5638 2514 5713 (56)
2549 5642 2615 5713 Et
2654 5642 2707 5694 in
2745 5642 2824 5693 his
2863 5655 2976 5709 qua:
3021 5656 3123 5694 non
3151 5641 3563 5713 videntumllaac
3606 5638 3658 5691 in
3707 5643 3862 5713 antea

2326 5707 2497 5766 editis'
2513 5711 2712 5766 omissa
2751 5707 2895 5775 sunt,
2922 5713 3166 5780 quamvis
3200 5713 3500 5766 habeantur
3539 5709 3593 5762 in
3620 5707 3867 5768 omnibus

2326 5797 2456 5836 IIlSS.

2302 5921 2310 5931 ,
2360 5850 2510 5934 ,(57)
2551 5851 2702 5918 Quod
2743 5851 2884 5906 dicit.
2913 5850 3068 5913 Deest
3109 5854 3350 5910 in‘antea
3383 5849 3561 5917 editis,
3591 5847 3683 5904 sed
3717 5860 3864 5916 repe-

2329 5933 2431 5976 ΙἹῑυ
2443 5938 2466 5976 l‘
2493 5939 2544 5978 ll]
2580 5937 2706 5979 MSS.
