4136 6310
231 518 338 576 I9?

1532 520 1726 574 LIBER
1764 520 2143 577 SECUNDUS.

230 653 300 694 es
330 652 448 705 quae
498 637 787 692 invisibilia
817 645 962 692 sunt.
992 637 1064 691 Ea
1098 636 1327 707 namque
1357 653 1476 707 quae
1509 650 1636 693 sunt
1665 641 1798 693 invi-
1826 639 2192 713 Aeollocaiur
2241 638 2386 712 (44),
2423 638 2576 709 quasi
2618 639 2686 694 iii'
2711 649 2850 696 terra
2891 641 3051 706 bona,
3098 649 3151 696 et
3190 651 3335 697 terra
3379 643 3459 697 vi-

230 729 433 793 sibilis,
477 743 582 781 non
624 727 795 781 solum
836 743 943 781 non
982 729 1249 794 videntur,
1295 729 1387 786 se'd
1427 745 1494 782 ne
1545 739 1791 784 naturain

231 820 451 888 quidem
482 819 684 872 habent
717 826 778 871 ut
817 818 984 870 videri
1027 819 1252 886 possint,
1283 833 1400 887 qua:
1432 817 1604 873 Grzeei
1648 819 1792 872 ἀσώ-

236 926 415 978 ματα,
466 910 516 961 id
550 917 632 962 est
677 911 992 976 incorporea
1041 909 1408 976 appellarunt;
1459 911 1572 963 hiec
1616 918 1793 963 autem

231 999 303 1053 de
340 997 537 1066 quibus
580 997 774 1050 Paulus
820 998 994 1049 dixit:
1030 1015 1048 1045 ι
1078 997 1205 1062 Qiiie
1253 1013 1356 1049 non
1403 997 1654 1049 videntur
1680 997 1745 1058 ω,
1771 1014 1788 1046 i

234 1098 490 1140 naturam
538 1088 754 1155 quidem
812 1087 1012 1140 habent
1055 1097 1107 1139 iit
1152 1087 1314 1140 videri
1365 1087 1604 1154 possint,
1655 1101 1795 1138 non-

236 1178 364 1230 :lum
402 1185 578 1230 tamen
613 1177 782 1230 videri
813 1177 880 1230 ab
915 1177 1000 1229 liis
1032 1176 1230 1244 quibus
1265 1177 1670 1243 promittuntur,
1702 1190 1797 1227 ex-

234 1269 412 1334 ponit.

309 1375 363 1427 7.
421 1373 516 1426 llis
580 1373 740 1441 igitur
811 1376 982 1429 tribus

235 1467 588 1534 opinionibus
624 1468 688 1520 de
727 1467 829 1519 line
868 1482 983 1520 oui-

237 1562 390 1613 niuiii
418 1570 467 1615 et
508 1561 574 1612 de
603 1574 813 1612 summa
854 1559 983 1612 bea-

1193 1390 1402 1429 illERON.
1441 1368 1680 1442 iuream,

1127 1466 1338 1532 Triplex
1414 1485 1534 1536 ergo
1616 1471 1793 1529 suspi-

1055 1563 1134 1614 cio
1181 1561 1313 1630 (38)
1385 1564 1528 1614 nobis
1593 1563 1655 1614 de
1691 1562 1796 1627 line

241 1654 483 1706 titiidiiie
559 1663 718 1720 prout
782 1651 984 1704 sentire
1056 1655 1640 1724 suggeritur,equibus
1682 1671 1797 1722 qua:

242 1747 520 1816 potuimus
625 1745 986 1808 adumbratis,

240 1839 615 1906 Unusquisque
699 1837 986 1906 legentium

244 1931 386 1997 apud
452 1927 796 1993 semetipsum
867 1927 987 1980 dili—

244 2017 459 2083 gentius
505 2023 561 2069 et
619 2015 990 2082 scrupulosius

235 2106 474 2172 jiidicet,
515 2106 557 2157 si
589 2112 766 2172 potest
810 2104 987 2172 aliqua

247 2199 439 2251 harum
482 2198 698 2266 probari
727 2197 809 2250 vel
843 2198 988 2265 eligi.

243 2289 362 2361 84
417 2292 624 2344 Dictum
692 2301 774 2344 est
847 2290 989 2342 enim

245 2386 392 2452 quod
423 2384 506 2437 vel
536 2365 852 2451 incorporea
881 2386 990 2436 vita

245 2473 334 2539 agi
351 2487 509 2540 posse
522 2475 754 2539 putanda
770 2474 833 2524 sit
855 2472 988 2542 (39),

245 2570 601 2629 pesteaqiiam
629 2560 845 2614 Christo
881 2559 996 2612 l'iie-

244 2653 362 2704 rint
423 2651 663 2717 subjeeta
713 2651 890 2716 omnia
943 2663 996 2704 ct.

245 2756 350 2811 per
370 2739 643 2794 Christum
671 2741 777 2793 Deo
804 2740 948 2792 Patri
974 2780 989 2802 ,

248 2845 378 2884 cum
444 2831 547 2882 erit
619 2830 798 2882 omnia
871 2830 990 2897 (50)

247 2929 306 2974 et
336 2921 388 2972 in
418 2920 665 2972 omnibus
697 2919 865 2982 Deus;
909 2921 990 2972 vel

245 3029 376 3067 cum
407 3013 751 3066 nihilominus
774 3011 992 3065 Christo

249 3104 458 3158 fuerint
533 3105 782 3157 universa
861 3106 990 3157 sub-

242 3200 426 3268 jecta,
469 3208 522 3255 et
568 3214 661 3267 per
716 3197 990 3251 Christum

250 3289 388 3349 Deo.
404 3304 522 3341 cum
544 3297 713 3355 quoet
737 3302 874 3340 unus
894 3286 996 3354 spi-

248 3382 412 3443 ritus,
431 3381 716 3435 secundum
738 3380 840 3433 hoc
855 3380 994 3447 quod

250 3477 480 3545 spiritus
515 3486 638 3529 sunt
678 3483 883 3530 naturae
912 3490 996 3526 ra-

253 3568 544 3623 tioaables
563 3607 578 3630 ,
634 3568 767 3620 liunt
827 3567 956 3635 (41)
979 3583 993 3630 ;

252 3671 385 3714 tunc
442 3660 558 3727 ipsa
607 3673 816 3726 quoque
863 3660 992 3737 sub-

251 3750 455 3802 stantia
473 3749 765 3815 corporalis
778 3747 996 3814 optimis

252 3852 313 3897 et
367 3843 668 3909 purissimis
721 3840 996 3910 spiritibus

252 3937 460 3988 sociata
490 3950 586 4002 pro
611 3933 995 3987 assumentiuiii

251 4030 517 4098 qualitate
544 4029 625 4081 vel
662 4029 864 4081 meritis
885 4026 995 4097 (42)

255 4122 312 4174 ἰιι
407 4121 701 4173 retliereum
797 4127 995 4172 statum

258 4221 618 4264 transmutata
638 4250 655 4275 ,
705 4210 998 4263 secundum

255 4303 402 4372 quod
461 4302 755 4368 Apostolus
818 4302 997 4356 dicit:

259 4414 280 4446 ι
329 4394 394 4448 Ει
493 4407 592 4446 nos
690 4393 1000 4446 immutabi-

1059 1765 1177 1800 rera
1215 1759 1260 1800 et
1297 1748 1478 1800 melior
1506 1751 1594 1811 sit,
1637 1750 1798 1800 lector

1060 1842 1308 1910 iuquirat.
1354 1843 1454 1893 Aut
1493 1843 1626 1893 enim
1685 1842 1798 1893 sine

1059 1952 1269 1999 corpore
1351 1937 1612 1998 vivemus,
1682 1951 1796 1987 cum

1061 2028 1279 2095 subjecti
1351 2028 1558 2082 Christo
1631 2029 1800 2097 subji-

1061 2123 1257 2173 cientur
1333 2120 1472 2184 Deo,
1542 2129 1588 2174 et
1667 2121 1804 2174 Deus

1063 2213 1216 2279 fuerit
1273 2216 1478 2267 omnia,
1515 2215 1570 2267 in
1637 2217 1806 2267 omni-

1063 2309 1188 2367 bus;
1228 2317 1316 2358 aut
1358 2308 1615 2370 quomodo
1651 2307 1804 2359 Chri-

1062 2411 1139 2455 sto
1213 2401 1442 2469 subjecta
1523 2417 1634 2453 cum
1693 2405 1802 2468 ipso

1063 2483 1269 2547 Chiislo
1304 2495 1647 2562 subjicientur
1675 2495 1800 2558 Deo,

1063 2596 1107 2638 et
1164 2587 1215 2637 ia
1272 2602 1429 2638 unum
1485 2586 1650 2653 [tedas
1707 2583 1806 2647 ἀι-α

1064 2677 1378 2738 elabuntur;
1455 2677 1527 2727 ita
1637 2678 1803 2732 omnis

1067 2766 1357 2818 substantia
1422 2766 1688 2833 redigetur"
1751 2770 1803 2818 iii

1070 2855 1314 2923 optimam
1366 2857 1703 2922 qualitatem,
1756 2867 1803 2909 et

1069 2950 1379 3000 dissolvetur
1451 2948 1506 3006 iii
1563 2949 1804 3000 a’tliercm

1068 3044 1203 3108 quod
1253 3043 1480 3108 purioris
1523 3042 1805 3108 simplicio-

1068 3132 1238 3199 risque
1293 3141 1491 3183 natura:
1541 3140 1648 3193 est;
1713 3139 1802 3181 aut

1069 3234 1201 3274 certe
1247 3223 1451 3288 splia'ra
1500 3221 1595 3273 illa
1651 3237 1804 3289 quam

1067 3328 1224 3379 supra
1253 3310 1620 3377 appellavimus
1641 3311 1805 3364 ἀπλα-
1831 3308 1872 3364 C

1067 3401 1154 3469 νῆ,
1182 3411 1227 3454 et
1255 3402 1504 3469 quidquid
1536 3401 1678 3452 illius
1705 3403 1809 3453 cir-

1068 3491 1183 3540 culo
1250 3491 1561 3553 continetur,
1617 3490 1806 3542 dissol-

1715 3579 1807 3632 illa

1069 3689 1185 3725 vero
1231 3689 1333 3736 qua
1380 3671 1644 3743 ἀντιζώνη
1697 3674 1808 3739 ipsa

1069 3773 1271 3814 leuetur
1318 3770 1366 3815 et
1420 3764 1665 3830 cingitur,
1717 3779 1804 3815 vo-

1070 3853 1273 3904 cabitur
1328 3862 1463 3904 terra
1510 3853 1674 3915 bona;
1719 3869 1808 3904 nec

1073 3957 1172 3993 non
1225 3950 1272 3992 et
1327 3931 1490 3993 altera
1559 3939 1806 4006 spha'ra,

1070 4044 1185 4098 qua:
1221 4028 1354 4081 hanc
1403 4030 1571 4096 ipsam
1618 4037 1806 4080 terram

1072 4117 1424 4170 circumambit
1476 4117 1722 4186 vertigine
1759 4126 1809 4170 et

1072 4209 1265 4260 dicitur
1308 4207 1520 4272 ctelum,
1567 4208 1623 4260 in
1681 4224 1805 4259 san-

1072 4309 1272 4352 clarum
1309 4299 1659 4352 habitaculum
1687 4314 1810 4352 cou-

1070 4394 1375 4446 servabitur.

1069 3590 1215 3631 vetur
1282 3580 1335 3629 in
1390 3579 1650 3642 nihilum;

255 4497 383 4537 mur
407 4480 483 4543 ",
510 4499 530 4529 ι
575 4479 892 4546 relulgebit;
935 4491 1029 4533 aut
1075 4489 1222 4534 certe
1271 4479 1412 4549 quod
1454 4494 1639 4534 eorum
1692 4494 1810 4548 quae

1897 745 2081 784 verum
2112 745 2272 797 quam
2312 731 2574 785 mansueti
2621 740 2674 786 et
2706 732 2866 786 mites
2915 733 3233 786 hiereditate
3281 737 3457 802 perci-

1894 821 2041 888 pient.
2095 819 2237 887 (£5);
2302 821 2452 889 cujus
2503 831 2584 874 est
2631 822 2826 874 cmliim
2884 821 3012 874 illud
3064 822 3206 889 quod
3255 823 3458 878 ambitu

1895 908 2358 977 magiiilicentiore
2396 911 2566 978 ipsam
2601 911 2750 963 illam
2800 910 3096 963 circumdat
3124 918 3174 966 et
3218 911 3458 965 continet

1899 1006 2127 1062 terrain;
2179 999 2318 1064 quod
2356 1013 2480 1051 vere
2524 1001 2715 1050 emliini
2763 1010 2816 1052 et
2853 999 3224 1066 principaliter
3271 998 3456 1066 appel-

1896 1089 2054 1154 latur,
2083 1091 2133 1142 in
2160 1104 2265 1158 quo
2288 1090 2425 1142 eailo
2453 1090 2535 1144 vel
2569 1099 2708 1142 terra
2739 1089 2861 1142 linis
2882 1089 3120 1141 omnium
3152 1096 3312 1156 atque
3342 1102 3461 1154 per-

1895 1179 2060 1237 fectio
2105 1188 2215 1232 tuta
2247 1194 2310 1232 ac
2341 1180 2595 1232 ﬁdissima
2643 1181 2814 1248 possit
2855 1179 3089 1232 statione
3132 1177 3457 1255 consistere,

1805 1337 1808 1341 η
1899 1285 2006 1336 quo
2040 1269 2251 1323 scilicet
2292 1269 2365 1323 illi
2409 1278 2528 1336 post
2575 1270 2970 1336 correptionem
3015 1267 3458 1335 castigationem—

1897 1374 2000 1427 qiie
2044 1374 2178 1428 quas
2222 1373 2317 1426 pro
2365 1358 2571 1411 delictis
2617 1357 2943 1425 pertulerant
2984 1357 3318 1426 purgationis
3365 1356 3462 1409 ob-

1899 1454 2069 1512 tentu,
2099 1447 2324 1515 expletis
2355 1445 2605 1500 omnibus
2637 1453 2798 1510 atque
2822 1444 3089 1510 depeiisis.
3125 1451 3281 1495 terra:
3307 1429 3456 1494 illius

1901 1534 2267 1588 habitaculum
2322 1535 2671 1596 mercantur;
2716 1533 2768 1584 lii
2823 1546 2951 1584 vero
3001 1531 3088 1595 qui
3143 1530 3312 1582 verbo
3363 1531 3457 1583 Dei

1897 1624 2214 1679 obedienies
2256 1625 2474 1677 fuerunt
2515 1639 2578 1676 ac
2610 1620 2886 1690 sapientiae
2913 1623 3042 1690 .cjus
3065 1622 3176 1688 jam
3210 1622 3334 1675 hinc
3366 1637 3461 1675 ca-

1895 1729 2054 1783 paces
2106 1731 2163 1768 se
2214 1717 2650 1782 obtemperantes
2717 1714 3095 1780 ιιγτιιὺιιοιιιιιι,
3140 1712 3262 1765 coeli
3314 1712 3459 1765 illius

1897 1805 1978 1858 vel
2009 1804 2268 1857 caelorum
2318 1819 2482 1872 regna
2521 1803 2812 1869 promereri
2862 1802 3135 1864 dicantur;
3170 1810 3222 1854 et
3271 1801 3339 1853 ita
3373 1801 3459 1853 di-

1898 1893 2053 1960 gnius
2103 1890 2432 1960 compleatur
2486 1890 2613 1942 illud
2661 1891 2801 1956 quod
2857 1888 3055 1939 dictum
3092 1896 3215 1958 est:
3257 1905 3274 1938 ι
3307 1885 3456 1938 Beati

1833 1976 1874 2028 Β
1908 1983 2203 2044 mansueti,
2249 1982 2370 2049 quia
2419 1979 2519 2047 ipsi
2577 1977 2889 2029 1ι;ιιιο’ριιίιτιιο
2939 1977 3294 2041 possidebunt
3349 1985 3462 2027 ter-

1905 2086 2052 2134 ram;
2085 2089 2102 2120 i
2137 2083 2226 2123 et:
2270 2089 2286 2120 (
2320 2069 2464 2122 Beati
2509 2078 2764 2134 pauperes
2804 2064 3019 2130 spiritu,
3054 2066 3306 2130 quoniam
3362 2061 3464 2130 ipsi

1904 2164 2224 2217 haereditate
2264 2162 2480 2227 eapient
2527 2172 2749 2227 regnum
2782 2157 3038 2208 caelorum
3069 2159 3144 2222 δὴ
3178 2177 3195 2208 i
3233 2167 3288 2210 et
3319 2157 3464 2227 quod

1906 2253 2032 2306 dicit
2061 2254 2110 2304 in
2151 2251 2354 2318 psalmo
2382 2271 2394 2304 :
2435 2268 2452 2299 ι
2483 2249 2750 2302 Exaltaliit
2780 2260 2828 2303 te
2859 2257 2910 2301 et
2940 2248 3252 2302 lizcreditate
3284 2249 3464 2316 capies

1881 2351 2102 2398 atcrram
2126 2341 2170 2379 θ’
2224 2339 2356 2408 (46).
2386 2358 2404 2390 i
2457 2338 2537 2390 Ad
2574 2339 2710 2392 hanc
2746 2339 2946 2393 etenim
2981 2347 3177 2389 terram
3214 2337 3465 2390 descendi

1905 2430 2125 2493 dicitur,
2159 2431 2224 2482 ad
2266 2429 2408 2479 illam
2443 2437 2621 2478 autem
2667 2443 2786 2496 qua:
2831 2431 2882 2481 iii
2918 2429 3026 2480 alto
3072 2436 3174 2486 est,
3206 2425 3462 2480 exaltari.

1906 2522 2016 2574 lloc
2050 2524 2178 2589 ergo
2213 2520 2369 2571 modo
2420 2519 2629 2571 videtur
2672 2520 2823 2586 quasi
2868 2520 2967 2571 iter
3011 2516 3277 2585 quoddam
3331 2530 3461 2568 san-

1905 2618 2110 2663 etorum
2156 2608 2487 2677 profectibus
2535 2608 2726 2676 aperiri
2777 2609 2843 2661 ab
2891 2607 2979 2659 illa
3027 2616 3169 2659 terra
3217 2606 3285 2658 ad
3340 2605 3464 2660 illos

1907 2699 2092 2761 caelus,
2126 2707 2185 2750 iit
2228 2712 2332 2748 non
2374 2693 2478 2764 tam
2529 2711 2843 2764 permanere
2883 2697 2931 2749 iii
2969 2696 3054 2748 illa
3106 2683 3246 2748 terra
3297 2709 3460 2762 quam

1912 2787 2156 2840 habitare
2180 2787 2774 2864 videaiiturpuransituri
2804 2787 3028 2851 scilicet,
3047 2801 3165 2838 cum
3198 2785 3246 2836 iii
3268 2784 3468 2853 idqiio-

1906 2888 2010 2942 qiie
2032 2873 2354 2943 profecerim
2375 2825 2594 2943 (“glad
2620 2876 2982 2927 haereditateni
3007 2875 3154 2942 regni
3184 2874 3464 2928 cwloriini.

2553 2981 2731 3036 APUT
2773 2984 2858 3035 IV.

1908 3071 2059 3135 Quod
2101 3087 2234 3125 unus
2275 3079 2352 3124 est
2388 3062 2522 3138 Deus
2559 3071 2682 3136 legis
2726 3080 2773 3122 et
2807 3073 3206 3138 prophetarum,
3252 3083 3302 3126 et
3352 3073 3465 3126 Do-

2330 3140 2456 3190 mitii
2485 3137 2612 3190 Iesu
2644 3139 2837 3191 Christi
2871 3137 3048 3192 Pater.
3109 3161 3114 3167 '

1979 3229 2030 3282 l.
2071 3213 2163 3281 llis
2200 3228 2377 3294 itaque
2416 3240 2509 3293 per
2545 3227 2788 3279 ordinem
2836 3237 2992 3294 prout
3027 3230 3296 3296 potuimus
3343 3231 3466 3284 bre-

1907 3319 2044 3371 viter
2086 3318 2331 3386 digestis,
2377 3331 2712 3385 consequens
2749 3327 2833 3372 est
2882 3320 3172 3372 secundum
3216 3323 3354 3388 quod
3400 3338 3464 3376 ex

1906 3406 2058 3459 initio
2088 3405 2482 3474 proposuimus,
2513 3404 2791 3458 confutare
2819 3407 2980 3459 etiam
3013 3423 3106 3461 eos
3135 3410 3225 3476 qui
3263 3418 3454 3477 putant

1907 3497 2068 3548 alium
2127 3486 2290 3548 Deum
2358 3509 2476 3548 esse
2545 3495 2757 3574 lfatrem
2813 3496 3025 3550 Domini
3093 3499 3256 3551 nostri
3329 3497 3458 3566 Jesii

1906 3586 2140 3656 Christi“,
2197 3594 2390 3652 praeter
2454 3586 2600 3638 illum
2653 3587 2740 3652 qui
2800 3586 2962 3655 Moysi
3016 3603 3270 3654 responsa
3331 3589 3465 3658 legis

1910 3671 2100 3739 dabat,
2143 3675 2226 3726 vel
2277 3675 2564 3742 preplietas
2613 3675 2888 3737 mittebat,
2929 3677 3018 3740 qui
3068 3686 3150 3729 est
3191 3678 3328 3731 Deus
3367 3680 3465 3748 pa-

1912 3774 2046 3814 trimi
2076 3762 2366 3824 Abraham,
2413 3762 2555 3814 Isaac
2582 3771 2634 3813 et
2676 3759 2863 3816 Jacob.
2894 3762 3118 3830 Oportet
3163 3767 3306 3818 enim
3358 3767 3466 3835 pri-

1910 3867 2054 3904 mum
2106 3852 2156 3903 iii
2200 3853 2298 3904 hac
2345 3851 2606 3904 nos-lidei
2665 3853 2871 3904 ratione
2925 3852 3148 3906 ﬁrmari.
3200 3857 3456 3911 Conside-

1912 3940 2132 3991 randum
2160 3953 2288 4008 crgo
2328 3949 2408 3992 est
2454 3940 2580 3991 illud
2626 3942 2765 4008 quod
2816 3942 3129 4010 frequenter
3174 3945 3227 3995 iii
3281 3945 3462 3999 Evan-

1911 4031 2061 4097 geliis
2092 4031 2306 4094 dicitur,
2336 4041 2389 4085 et
2421 4032 2646 4100 singulis
2677 4035 2976 4101 quibusque
3017 4034 3230 4088 Domini
3261 4045 3314 4088 et
3345 4035 3460 4091 Sal-

1913 4123 2113 4176 vatoris
2165 4123 2331 4176 nostri
2383 4125 2554 4190 gestis
2617 4124 2922 4192 adjungitur
2963 4138 2976 4175 :
3015 4142 3032 4174 ι
3069 4125 3133 4178 Ut
3189 4125 3464 4194 impleatur

1913 4215 2050 4284 quod
2081 4214 2279 4266 dictum
2315 4222 2396 4267 est
2428 4230 2522 4282 per
2561 4216 2874 4281 prophetam
2902 4233 2918 4264 i
2971 4215 3117 4266 illum
3153 4215 3232 4267 vel
3277 4216 3448 4282 illiilli,

1913 4320 2032 4359 Cllill
2080 4303 2418 4356 manifestum
2450 4305 2519 4355 sit
2546 4304 2669 4370 quia
2705 4304 2982 4370 propheta:
3029 4305 3171 4357 illius
3201 4315 3327 4359 sunt
3366 4305 3455 4362 Del

1913 4394 2002 4462 qui
2032 4394 2281 4445 mundum
2315 4391 2456 4444 fecit.
2491 4393 2565 4444 Ex
2597 4393 2706 4458 ipsa
2737 4406 2867 4458 ergo
2898 4395 3282 4459 consequentia
3326 4408 3458 4448 eon-

1915 4484 2166 4545 cluditur,
2191 4482 2441 4550 quoniam
2479 4482 2568 4548 qui
2619 4481 2907 4549 prophetas
2940 4481 3106 4542 misit,
3133 4482 3200 4536 de
3242 4482 3464 4536 Christo

257 4571 511 4624 videntur
549 4567 728 4620 habitu
771 4576 1144 4634 praatereunte,
1179 4570 1321 4621 omni
1354 4570 1811 4636 eorruptibilitatc
1841 4579 1884 4632 ο
1914 4590 2031 4644 qua:
2078 4573 2406 4642 priedicenda
2446 4581 2618 4635 erant,
2662 4571 2773 4637 ipse
2819 4569 3085 4634 praedixit.
3134 4569 3200 4621 Et
3244 4572 3459 4623 dubium

259 4662 488 4714 decussa
529 4667 688 4724 atque
719 4665 974 4723 purgata,
1002 4658 1260 4725 omnique
1285 4659 1405 4720 .lioc
1450 4659 1633 4712 mundi
1665 4668 1808 4713 statu

213 4738 218 4745 ’
257 4750 315 4805 in
346 4766 453 4820 quo
504 4749 837 4817 planetarum
875 4748 1130 4801 dicuntur
1175 4750 1418 4817 spliazrai,
1469 4764 1811 4818 supergresso

257 4851 427 4911 atque
487 4847 760 4908 superato,
796 4853 955 4906 supra
1005 4837 1149 4890 illam
1208 4853 1324 4905 qua:
1372 4837 1612 4908 ἀπλανής
1677 4839 1811 4892 dici-

261 4938 352 4982 tur
399 4929 549 4997 (45),
589 4929 850 4996 sphaeram
893 4926 1102 4993 piorum
1136 4933 1296 4996 atque
1326 4923 1604 4976 beatorum
1655 4927 1813 4978 statio

1916 4680 2021 4717 non
2065 4677 2182 4726 e5t,
2230 4663 2366 4730 quod
2417 4662 2527 4714 haec
2562 4675 2661 4713 non
2714 4659 2917 4712 alienus
2945 4659 3228 4725 quisquam
3272 4660 3340 4711 ab
3375 4674 3459 4719 eo,

1917 4752 2008 4805 sed
2063 4751 2222 4804 Pater
2271 4750 2436 4818 ipsius
2494 4749 2837 4816 priedicebat.
2889 4745 2996 4799 Sed
3038 4755 3092 4798 et
3139 4746 3264 4798 illud
3325 4749 3466 4813 quod

1921 4837 2223 4904 frequenter
2268 4838 2510 4905 exempla
2556 4838 2621 4888 de
2665 4835 2842 4888 Veteri
2881 4835 3226 4888 Testamento
3272 4850 3300 4886 a
3343 4837 3466 4888 Sal-

1919 4936 2106 4978 vatore
2136 4925 2502 4994 proferuntur,
2525 4925 2606 4977 vel
2639 4927 2702 4977 :ib
2740 4924 2993 4992 apostolis
3019 4924 3154 4989 ejus,
3186 4938 3291 4976 non
3325 4924 3464 4977 aliud

333 5037 438 5120 “7|
473 5045 597 5098 Cor.
631 5061 706 5111 iv,
741 5043 828 5099 18.
899 5045 940 5074 ⁸³³
979 5017 1160 5096 lCor.‘
1184 5057 1272 5104 xv,
1304 5040 1390 5095 52.
1470 5041 1514 5071 ⁶⁸
1546 5040 1732 5096 Matth.
1767 5058 1817 5102 ν.
1857 5044 1915 5110 5,
1940 5044 1992 5098 li.
2068 5045 2110 5075 ‘9
2137 5044 2334 5096 l’salm.
2362 5058 2542 5104 xxxVi,
2571 5043 2656 5093 5i.

335 5160 451 5226 (38)
494 5157 706 5227 Triplex
744 5177 865 5227 ergo
901 5158 1144 5227 suspicio,
1179 5167 1281 5227 etc.
1324 5154 1447 5227 Hice
1509 5164 1742 5227 exstant
1766 5160 1818 5227 in

257 5228 492 5294 epistola
535 5225 842 5297 Hieronymi
877 5229 940 5279 ad
976 5225 1212 5280 Avitum.
1251 5226 1321 5277 De
1346 5225 1442 5297 _liis
1472 5235 1666 5297 autem
1702 5225 1819 5279 vide

260 5293 466 5351 librum
505 5309 543 5346 ii
588 5293 1058 5362 Origeniauorum,
1105 5304 1295 5362 quiest.
1341 5293 1404 5357 9,
1453 5295 1517 5345 de
1572 5307 1820 5346 resurre-

259 5367 470 5421 ctione.

335 5435 454 5504 (δίῃ
494 5428 626 5504 ἲίιίθ
721 5445 758 5504 It
787 5429 1024 5504 Origen"
1058 5433 1159 5504 q._l
1181 5434 1310 5504 l,7n.
1343 5431 1423 5485 16.

337 5497 457 5570 (ιο)
498 5497 602 5570 Per
641 5497 902 5570 Christ‘uiii
949 5501 1052 5552 Deo
1078 5497 1279 5564 ’Patri,
1317 5517 1449 5570 cum,
1475 5499 1572 5550 erit
1619 5497 1815 5570 omnia.

263 5565 394 5626 Ιιειίε
438 5565 560 5638 qua:
590 5567 643 5619 in
689 5565 849 5618 editis
889 5570 1084 5621 omissa
1123 5577 1281 5631 sunt,
1328 5569 1616 5622 restituunt
1657 5566 1813 5618 codd.

260 5655 451 5774 nisa.”
492 5702 642 5774 Mss"
676 5719 694 5752 ι
721 5701 920 5774 ﬁunt}!
952 5701 1112 5766 Ediii,
1148 5722 1164 5754 ι
1197 5704 1414 5758 fuerint.
1440 5669 1468 5754 ri

357 5769 451 5835 42)
491 5773 581 5827 Sic
612 5786 766 5835 niss.;
795 5769 921 5821 editi
955 5787 973 5818 ‹
1006 5774 1218 5835 mentis,
1246 5790 1265 5821 ι
1297 5774 1454 5826 male.

331 5779 431 5839 (42
491 5779 581 5827 Sic
612 5786 766 5835 niss.;
795 5779 920 5821 editi
955 5787 973 5818 ‹
1006 5779 1218 5835 mentis,
1246 5790 1265 5821 ι
1297 5779 1454 5826 male.

330 5779 578 5911 twigsic
607 5853 798 5893 omnes
822 5838 981 5911 codd.
1009 5853 1134 5911 mss.
1165 5850 1409 5911 recte,_iit
1437 5851 1577 5908 patet
1605 5854 1667 5891 ex
1702 5854 1816 5890 ver-

258 5905 781 5971 sione'llieronymi.
817 5906 973 5959 Libb.
1001 5905 1128 5959 editi
1156 5923 1170 5957 :
1212 5925 1229 5957 ‹
1262 5905 1641 5974 hujus—mundi
1675 5918 1818 5961 statu

1925 5160 2016 5226 qui
2071 5157 2357 5227 ἀκηράτων
2408 5157 2610 5227 spliiera
2655 5155 2871 5227 dicitur,
2913 5167 3255 5227 supergresso
3311 5162 3469 5220 atque

1928 5223 2206 5293 Superato,
2241 5241 2401 5291 super
2426 5226 2569 5293 illam
2599 5239 2715 5291 qua:
2741 5224 2956 5291 aplanes
2989 5223 3256 5293 dicitnr_._i

1996 5289 2105 5364 (vili)
2150 5294 2282 5364 Vide
2309 5289 2347 5347 l.
2377 5309 2410 5343 II
2444 5289 2786 5364 Origeuian,
2807 5294 2970 5364 q._il,
3001 5304 3142 5364 iiii_i_n2
3172 5289 3258 5340 ll.

2147 5363 2308 5434 Misi,
2350 5357 2717 5434 cpercipiaiit.
2756 5379 2773 5409 ι
2822 5358 3190 5434 Liliii_.__e'lit.i”,'
3233 5372 3252 5405 ι
3294 5357 3467 5434 possi-

1925 5425 2106 5483 deant.
2136 5451 2153 5482 i
2195 5433 2331 5482 Infra
2371 5425 2494 5480 libb.
2526 5425 2672 5490 editi,
2711 5447 2728 5478 ι
2757 5444 2863 5494 quo
2890 5428 3034 5480 scilic
3080 5441 3084 5445 ·
3121 5425 3192 5475 illi
3225 5426 3313 5494 qui
3353 5435 3468 5494 post

1929 5502 2347 5564 correptionem,
2377 5516 2394 5546 i
2429 5507 2558 5558 etc.,
2611 5498 2701 5548 sed
2751 5493 3010 5548 delendas
3102 5493 3470 5564 -at_articiilus

1925 5562 2126 5684 ὗιιιήί
2183 5570 2269 5621 hic
2326 5566 2633 5620 redundans
2677 5573 2729 5616 et
2782 5564 3042 5616 orationis
3100 5562 3290 5614 seriem
3353 5571 3470 5613 tur-

1964 5650 2083 5684 (IIIS.

2151 5701 2239 5755 Sic
2287 5717 2414 5756 mss.
2455 5700 2606 5753 Lilib.
2651 5699 2816 5760 editi,
2871 5715 2890 5749 i
2927 5709 2981 5752 iit
3030 5700 3041 5720 '

2150 5837 2238 5891 Sic
2297 5853 2424 5892 mss.
2486 5836 2640 5889 Libb.
2685 5835 2854 5899 editi,
2905 5853 2922 5885 ι
2960 5837 3007 5889 .l
3059 5850 3273 5905 qioqie
3328 5833 3472 5892 loce-

1931 5916 2056 5959 l‘ttit.
2088 5924 2109 5957 ι
3203 5916 3212 5926 ·

3084 5698 3314 5751 creuites
3359 5706 3470 5750 ter-
