  <div class='ocr_page' id='page_1' title='image "/cluster/home/n/w/nwhite01/storage/ocr_20150623/11/pst.000005711918/119.png"; bbox 0 0 4136 6310; ppageno 0'>
   <div class='ocr_carea' id='block_1_1' title="bbox 692 384 796 484">
    <p class='ocr_par' dir='ltr' id='par_1_1' title="bbox 692 384 796 484">
     <span class='ocr_line' id='line_1_1' title="bbox 692 384 796 484; baseline 0.019 -3"><span class='ocrx_word' id='word_1_1' title='bbox 692 384 796 484; x_wconf 68' lang='lat' dir='ltr'><strong>ias</strong></span> 
     </span>
    </p>
   </div>
   <div class='ocr_carea' id='block_1_2' title="bbox 689 637 2253 716">
    <p class='ocr_par' dir='ltr' id='par_1_2' title="bbox 689 637 2253 716">
     <span class='ocr_line' id='line_1_2' title="bbox 689 637 2253 716; baseline 0.008 -26"><span class='ocrx_word' id='word_1_2' title='bbox 689 646 744 690; x_wconf 92' lang='lat' dir='ltr'><strong>et</strong></span> <span class='ocrx_word' id='word_1_3' title='bbox 770 637 837 690; x_wconf 90' lang='lat' dir='ltr'><strong>ab</strong></span> <span class='ocrx_word' id='word_1_4' title='bbox 868 639 982 704; x_wconf 99' lang='lat' dir='ltr'><strong>ejus</strong></span> <span class='ocrx_word' id='word_1_5' title='bbox 1012 641 1294 709; x_wconf 76' lang='lat' dir='ltr'><strong>discipulis</strong></span> <span class='ocrx_word' id='word_1_6' title='bbox 1338 643 1644 698; x_wconf 79' lang='lat' dir='ltr'><strong>adhibetur.</strong></span> <span class='ocrx_word' id='word_1_7' title='bbox 1693 646 1796 698; x_wconf 90' lang='lat' dir='ltr'><strong>Sed</strong></span> <span class='ocrx_word' id='word_1_8' title='bbox 1837 655 1892 699; x_wconf 92' lang='lat' dir='ltr'><strong>et</strong></span> <span class='ocrx_word' id='word_1_9' title='bbox 1935 646 2064 701; x_wconf 89' lang='lat' dir='ltr'><strong>illud</strong></span> <span class='ocrx_word' id='word_1_10' title='bbox 2111 649 2253 716; x_wconf 92' lang='lat' dir='ltr'><strong>quod</strong></span> 
     </span>
    </p>
   </div>
   <div class='ocr_carea' id='block_1_3' title="bbox 691 731 2254 804">
    <p class='ocr_par' dir='ltr' id='par_1_3' title="bbox 691 731 2254 804">
     <span class='ocr_line' id='line_1_3' title="bbox 691 731 2254 804; baseline 0.008 -23"><span class='ocrx_word' id='word_1_11' title='bbox 691 732 758 783; x_wconf 89' lang='lat' dir='ltr'><strong>ad</strong></span> <span class='ocrx_word' id='word_1_12' title='bbox 797 731 1180 798; x_wconf 85' lang='lat' dir='ltr'><strong>benignitatem</strong></span> <span class='ocrx_word' id='word_1_13' title='bbox 1209 749 1508 803; x_wconf 80' lang='lat' dir='ltr'><strong>provocans</strong></span> <span class='ocrx_word' id='word_1_14' title='bbox 1555 737 1850 804; x_wconf 86' lang='lat' dir='ltr'><strong>discipulos</strong></span> <span class='ocrx_word' id='word_1_15' title='bbox 1895 737 2142 792; x_wconf 76' lang='lat' dir='ltr'><strong>Salvator</strong></span> <span class='ocrx_word' id='word_1_16' title='bbox 2175 739 2254 792; x_wconf 94' lang='lat' dir='ltr'><strong>di-</strong></span> 
     </span>
    </p>
   </div>
   <div class='ocr_carea' id='block_1_4' title="bbox 692 821 2255 909">
    <p class='ocr_par' dir='ltr' id='par_1_4' title="bbox 692 821 2255 909">
     <span class='ocr_line' id='line_1_4' title="bbox 692 821 2255 909; baseline 0.004 -32"><span class='ocrx_word' id='word_1_17' title='bbox 692 821 767 877; x_wconf 91' lang='lat' dir='ltr'><strong>cit</strong></span> <span class='ocrx_word' id='word_1_18' title='bbox 803 840 816 876; x_wconf 76' lang='grc' dir='ltr'><strong><em>τ</em></strong></span> <span class='ocrx_word' id='word_1_19' title='bbox 855 844 873 874; x_wconf 88' lang='grc'><em>‹</em></span> <span class='ocrx_word' id='word_1_20' title='bbox 906 823 1089 882; x_wconf 89' lang='lat' dir='ltr'><strong>Estote</strong></span> <span class='ocrx_word' id='word_1_21' title='bbox 1134 828 1360 897; x_wconf 74' lang='lat' dir='ltr'><strong>perfecti</strong></span> <span class='ocrx_word' id='word_1_22' title='bbox 1411 829 1550 884; x_wconf 81' lang='lat' dir='ltr'><strong>sicut</strong></span> <span class='ocrx_word' id='word_1_23' title='bbox 1594 840 1652 884; x_wconf 95' lang='lat' dir='ltr'><strong>et</strong></span> <span class='ocrx_word' id='word_1_24' title='bbox 1704 830 1863 909; x_wconf 84' lang='lat' dir='ltr'><strong>P_ater</strong></span> <span class='ocrx_word' id='word_1_25' title='bbox 1912 839 2094 884; x_wconf 90' lang='lat' dir='ltr'><strong>vester</strong></span> <span class='ocrx_word' id='word_1_26' title='bbox 2143 845 2255 884; x_wconf 66' lang='lat' dir='ltr'><strong>eua-</strong></span> 
     </span>
    </p>
   </div>
   <div class='ocr_carea' id='block_1_5' title="bbox 695 915 2257 991">
    <p class='ocr_par' dir='ltr' id='par_1_5' title="bbox 695 915 2257 991">
     <span class='ocr_line' id='line_1_5' title="bbox 695 915 2257 991; baseline 0.003 -23"><span class='ocrx_word' id='word_1_27' title='bbox 695 915 843 970; x_wconf 87' lang='lat' dir='ltr'><strong>lestis</strong></span> <span class='ocrx_word' id='word_1_28' title='bbox 885 917 1161 985; x_wconf 86' lang='lat' dir='ltr'><strong>perfectus</strong></span> <span class='ocrx_word' id='word_1_29' title='bbox 1209 929 1327 986; x_wconf 90' lang='lat' dir='ltr'><strong>est,</strong></span> <span class='ocrx_word' id='word_1_30' title='bbox 1368 921 1459 990; x_wconf 90' lang='lat' dir='ltr'><strong>qui</strong></span> <span class='ocrx_word' id='word_1_31' title='bbox 1503 922 1670 975; x_wconf 91' lang='lat' dir='ltr'><strong>solem</strong></span> <span class='ocrx_word' id='word_1_32' title='bbox 1727 936 1881 975; x_wconf 91' lang='lat' dir='ltr'><strong>suum</strong></span> <span class='ocrx_word' id='word_1_33' title='bbox 1927 923 2059 976; x_wconf 91' lang='lat' dir='ltr'><strong>oriri</strong></span> <span class='ocrx_word' id='word_1_34' title='bbox 2101 921 2257 991; x_wconf 85' lang='lat' dir='ltr'><strong>jubet</strong></span> 
     </span>
    </p>
   </div>
   <div class='ocr_carea' id='block_1_6' title="bbox 692 1006 2258 1080">
    <p class='ocr_par' dir='ltr' id='par_1_6' title="bbox 692 1006 2258 1080">
     <span class='ocr_line' id='line_1_6' title="bbox 692 1006 2258 1080; baseline 0.004 -23"><span class='ocrx_word' id='word_1_35' title='bbox 692 1020 852 1074; x_wconf 83' lang='lat' dir='ltr'><strong>super</strong></span> <span class='ocrx_word' id='word_1_36' title='bbox 886 1006 1057 1061; x_wconf 89' lang='lat' dir='ltr'><strong>bonos</strong></span> <span class='ocrx_word' id='word_1_37' title='bbox 1092 1018 1143 1061; x_wconf 90' lang='lat' dir='ltr'><strong>et</strong></span> <span class='ocrx_word' id='word_1_38' title='bbox 1175 1010 1368 1074; x_wconf 88' lang='lat' dir='ltr'><strong>malos,</strong></span> <span class='ocrx_word' id='word_1_39' title='bbox 1407 1019 1461 1066; x_wconf 91' lang='lat' dir='ltr'><strong>et</strong></span> <span class='ocrx_word' id='word_1_40' title='bbox 1499 1011 1632 1079; x_wconf 89' lang='lat' dir='ltr'><strong>pluit</strong></span> <span class='ocrx_word' id='word_1_41' title='bbox 1688 1025 1846 1080; x_wconf 83' lang='lat' dir='ltr'><strong>super</strong></span> <span class='ocrx_word' id='word_1_42' title='bbox 1887 1012 2059 1079; x_wconf 89' lang='lat' dir='ltr'><strong>justos</strong></span> <span class='ocrx_word' id='word_1_43' title='bbox 2089 1022 2142 1066; x_wconf 90' lang='lat' dir='ltr'><strong>et</strong></span> <span class='ocrx_word' id='word_1_44' title='bbox 2177 1011 2258 1064; x_wconf 91' lang='lat' dir='ltr'><strong>in-</strong></span> 
     </span>
    </p>
   </div>
   <div class='ocr_carea' id='block_1_7' title="bbox 671 1091 2258 1168">
    <p class='ocr_par' dir='ltr' id='par_1_7' title="bbox 671 1091 2258 1168">
     <span class='ocr_line' id='line_1_7' title="bbox 671 1091 2258 1168; baseline 0.005 -22"><span class='ocrx_word' id='word_1_45' title='bbox 671 1095 866 1162; x_wconf 69' lang='lat' dir='ltr'><strong>‘justos</strong></span> <span class='ocrx_word' id='word_1_46' title='bbox 885 1097 962 1162; x_wconf 83' lang='lat'><strong>&#39;°;</strong></span> <span class='ocrx_word' id='word_1_47' title='bbox 989 1118 1006 1150; x_wconf 76' lang='grc' dir='ltr'><strong><em>ι</em></strong></span> <span class='ocrx_word' id='word_1_48' title='bbox 1036 1091 1225 1153; x_wconf 83' lang='lat' dir='ltr'><strong>cuivis</strong></span> <span class='ocrx_word' id='word_1_49' title='bbox 1263 1100 1425 1154; x_wconf 90' lang='lat' dir='ltr'><strong>etiam</strong></span> <span class='ocrx_word' id='word_1_50' title='bbox 1469 1101 1675 1168; x_wconf 61' lang='lat' dir='ltr'><strong>exiguae</strong></span> <span class='ocrx_word' id='word_1_51' title='bbox 1726 1101 2092 1168; x_wconf 61' lang='lat' dir='ltr'><strong>intelligentiae</strong></span> <span class='ocrx_word' id='word_1_52' title='bbox 2139 1103 2258 1156; x_wconf 90' lang='lat' dir='ltr'><strong>viro</strong></span> 
     </span>
    </p>
   </div>
   <div class='ocr_carea' id='block_1_8' title="bbox 692 1187 2256 1260">
    <p class='ocr_par' dir='ltr' id='par_1_8' title="bbox 692 1187 2256 1260">
     <span class='ocr_line' id='line_1_8' title="bbox 692 1187 2256 1260; baseline 0.002 -20"><span class='ocrx_word' id='word_1_53' title='bbox 692 1187 1152 1241; x_wconf 71' lang='lat' dir='ltr'><strong>evidentissimum</strong></span> <span class='ocrx_word' id='word_1_54' title='bbox 1186 1190 1422 1260; x_wconf 79' lang='lat' dir='ltr'><strong>suggerit</strong></span> <span class='ocrx_word' id='word_1_55' title='bbox 1449 1190 1560 1260; x_wconf 72' lang='grc'>(48)</span> <span class='ocrx_word' id='word_1_56' title='bbox 1595 1191 1949 1256; x_wconf 91' lang='lat' dir='ltr'><strong>intellectum,</strong></span> <span class='ocrx_word' id='word_1_57' title='bbox 1977 1192 2118 1260; x_wconf 90' lang='lat' dir='ltr'><strong>quod</strong></span> <span class='ocrx_word' id='word_1_58' title='bbox 2153 1207 2256 1244; x_wconf 92' lang='lat' dir='ltr'><strong>non</strong></span> 
     </span>
    </p>
   </div>
   <div class='ocr_carea' id='block_1_9' title="bbox 691 1279 2257 1354">
    <p class='ocr_par' dir='ltr' id='par_1_9' title="bbox 691 1279 2257 1354">
     <span class='ocr_line' id='line_1_9' title="bbox 691 1279 2257 1354; baseline 0.004 -25"><span class='ocrx_word' id='word_1_59' title='bbox 691 1279 852 1331; x_wconf 90' lang='lat' dir='ltr'><strong>alium</strong></span> <span class='ocrx_word' id='word_1_60' title='bbox 881 1279 947 1332; x_wconf 91' lang='lat' dir='ltr'><strong>ad</strong></span> <span class='ocrx_word' id='word_1_61' title='bbox 980 1280 1298 1336; x_wconf 89' lang='lat' dir='ltr'><strong>imitandum</strong></span> <span class='ocrx_word' id='word_1_62' title='bbox 1333 1284 1582 1352; x_wconf 86' lang='lat' dir='ltr'><strong>proponit</strong></span> <span class='ocrx_word' id='word_1_63' title='bbox 1613 1284 1892 1354; x_wconf 85' lang='lat' dir='ltr'><strong>discipulis</strong></span> <span class='ocrx_word' id='word_1_64' title='bbox 1920 1286 2032 1340; x_wconf 90' lang='lat' dir='ltr'><strong>suis</strong></span> <span class='ocrx_word' id='word_1_65' title='bbox 2066 1284 2257 1352; x_wconf 86' lang='lat' dir='ltr'><strong>Deum,</strong></span> 
     </span>
    </p>
   </div>
   <div class='ocr_carea' id='block_1_10' title="bbox 690 1371 2257 1442">
    <p class='ocr_par' dir='ltr' id='par_1_10' title="bbox 690 1371 2257 1442">
     <span class='ocr_line' id='line_1_10' title="bbox 690 1371 2257 1442; baseline 0.003 -18"><span class='ocrx_word' id='word_1_66' title='bbox 690 1372 792 1425; x_wconf 87' lang='lat' dir='ltr'><strong>nisi</strong></span> <span class='ocrx_word' id='word_1_67' title='bbox 839 1371 1098 1425; x_wconf 88' lang='lat' dir='ltr'><strong>factorem</strong></span> <span class='ocrx_word' id='word_1_68' title='bbox 1131 1373 1286 1438; x_wconf 65' lang='lat' dir='ltr'><strong>caeli,</strong></span> <span class='ocrx_word' id='word_1_69' title='bbox 1325 1383 1378 1426; x_wconf 92' lang='lat' dir='ltr'><strong>et</strong></span> <span class='ocrx_word' id='word_1_70' title='bbox 1421 1374 1672 1428; x_wconf 87' lang='lat' dir='ltr'><strong>imbrium</strong></span> <span class='ocrx_word' id='word_1_71' title='bbox 1707 1376 2070 1442; x_wconf 51' lang='lat' dir='ltr'><strong>praebitorem.</strong></span> <span class='ocrx_word' id='word_1_72' title='bbox 2105 1374 2257 1442; x_wconf 83' lang='lat' dir='ltr'><strong>Quod</strong></span> 
     </span>
    </p>
   </div>
   <div class='ocr_carea' id='block_1_11' title="bbox 691 1465 2261 1540">
    <p class='ocr_par' dir='ltr' id='par_1_11' title="bbox 691 1465 2261 1540">
     <span class='ocr_line' id='line_1_11' title="bbox 691 1465 2261 1540; baseline 0.005 -24"><span class='ocrx_word' id='word_1_73' title='bbox 691 1474 872 1518; x_wconf 87' lang='lat' dir='ltr'><strong>autem</strong></span> <span class='ocrx_word' id='word_1_74' title='bbox 904 1465 1029 1519; x_wconf 85' lang='lat' dir='ltr'><strong>dicit</strong></span> <span class='ocrx_word' id='word_1_75' title='bbox 1076 1468 1200 1534; x_wconf 89' lang='lat' dir='ltr'><strong>quia</strong></span> <span class='ocrx_word' id='word_1_76' title='bbox 1249 1479 1468 1523; x_wconf 83' lang='lat' dir='ltr'><strong>orantes</strong></span> <span class='ocrx_word' id='word_1_77' title='bbox 1498 1479 1745 1540; x_wconf 82' lang='lat' dir='ltr'><strong>Oporteat</strong></span> <span class='ocrx_word' id='word_1_78' title='bbox 1788 1470 2012 1523; x_wconf 89' lang='lat' dir='ltr'><strong>dicere:</strong></span> <span class='ocrx_word' id='word_1_79' title='bbox 2051 1489 2068 1520; x_wconf 77' lang='grc' dir='ltr'>ι</span> <span class='ocrx_word' id='word_1_80' title='bbox 2102 1470 2261 1524; x_wconf 86' lang='lat' dir='ltr'><strong>Pater</strong></span> 
     </span>
    </p>
   </div>
   <div class='ocr_carea' id='block_1_12' title="bbox 691 1558 2261 1631">
    <p class='ocr_par' dir='ltr' id='par_1_12' title="bbox 691 1558 2261 1631">
     <span class='ocr_line' id='line_1_12' title="bbox 691 1558 2261 1631; baseline 0.006 -24"><span class='ocrx_word' id='word_1_81' title='bbox 691 1565 874 1610; x_wconf 76' lang='lat' dir='ltr'><strong>noster</strong></span> <span class='ocrx_word' id='word_1_82' title='bbox 909 1558 998 1625; x_wconf 90' lang='lat' dir='ltr'><strong>qui</strong></span> <span class='ocrx_word' id='word_1_83' title='bbox 1029 1572 1086 1612; x_wconf 91' lang='lat' dir='ltr'><strong>es</strong></span> <span class='ocrx_word' id='word_1_84' title='bbox 1123 1560 1173 1611; x_wconf 93' lang='lat' dir='ltr'><strong>in</strong></span> <span class='ocrx_word' id='word_1_85' title='bbox 1210 1561 1462 1628; x_wconf 66' lang='lat' dir='ltr'><strong>cadis“;</strong></span> <span class='ocrx_word' id='word_1_86' title='bbox 1490 1582 1508 1614; x_wconf 72' lang='grc' dir='ltr'><strong>ο</strong></span> <span class='ocrx_word' id='word_1_87' title='bbox 1565 1563 1694 1631; x_wconf 91' lang='lat' dir='ltr'><strong>quid</strong></span> <span class='ocrx_word' id='word_1_88' title='bbox 1729 1562 1876 1615; x_wconf 85' lang='lat' dir='ltr'><strong>aliud</strong></span> <span class='ocrx_word' id='word_1_89' title='bbox 1915 1563 2127 1616; x_wconf 85' lang='lat' dir='ltr'><strong>videtur</strong></span> <span class='ocrx_word' id='word_1_90' title='bbox 2174 1578 2261 1617; x_wconf 89' lang='lat' dir='ltr'><strong>os-</strong></span> 
     </span>
    </p>
   </div>
   <div class='ocr_carea' id='block_1_13' title="bbox 692 1649 2258 1720">
    <p class='ocr_par' dir='ltr' id='par_1_13' title="bbox 692 1649 2258 1720">
     <span class='ocr_line' id='line_1_13' title="bbox 692 1649 2258 1720; baseline 0.006 -22"><span class='ocrx_word' id='word_1_91' title='bbox 692 1649 913 1701; x_wconf 81' lang='lat' dir='ltr'><strong>tendere</strong></span> <span class='ocrx_word' id='word_1_92' title='bbox 964 1649 1061 1702; x_wconf 92' lang='lat' dir='ltr'><strong>nisi</strong></span> <span class='ocrx_word' id='word_1_93' title='bbox 1100 1650 1264 1704; x_wconf 92' lang='lat' dir='ltr'><strong>Deum</strong></span> <span class='ocrx_word' id='word_1_94' title='bbox 1318 1653 1372 1706; x_wconf 90' lang='lat' dir='ltr'><strong>iu</strong></span> <span class='ocrx_word' id='word_1_95' title='bbox 1421 1653 1736 1707; x_wconf 85' lang='lat' dir='ltr'><strong>melioribus</strong></span> <span class='ocrx_word' id='word_1_96' title='bbox 1797 1654 2013 1720; x_wconf 88' lang='lat' dir='ltr'><strong>mundi,</strong></span> <span class='ocrx_word' id='word_1_97' title='bbox 2065 1654 2117 1707; x_wconf 89' lang='lat' dir='ltr'><strong>id</strong></span> <span class='ocrx_word' id='word_1_98' title='bbox 2171 1664 2258 1708; x_wconf 90' lang='lat' dir='ltr'><strong>est</strong></span> 
     </span>
    </p>
   </div>
   <div class='ocr_carea' id='block_1_14' title="bbox 691 1742 2259 1814">
    <p class='ocr_par' dir='ltr' id='par_1_14' title="bbox 691 1742 2259 1814">
     <span class='ocr_line' id='line_1_14' title="bbox 691 1742 2259 1814; baseline 0.007 -26"><span class='ocrx_word' id='word_1_99' title='bbox 691 1745 952 1792; x_wconf 74' lang='lat' dir='ltr'><strong>creaturae</strong></span> <span class='ocrx_word' id='word_1_100' title='bbox 981 1753 1088 1793; x_wconf 71' lang='lat' dir='ltr'><strong>sua:</strong></span> <span class='ocrx_word' id='word_1_101' title='bbox 1122 1742 1362 1808; x_wconf 88' lang='lat' dir='ltr'><strong>partibus</strong></span> <span class='ocrx_word' id='word_1_102' title='bbox 1413 1745 1840 1811; x_wconf 82' lang='lat' dir='ltr'><strong>requirendum?</strong></span> <span class='ocrx_word' id='word_1_103' title='bbox 1877 1744 1980 1798; x_wconf 87' lang='lat' dir='ltr'><strong>Sed</strong></span> <span class='ocrx_word' id='word_1_104' title='bbox 2027 1755 2083 1798; x_wconf 91' lang='lat' dir='ltr'><strong>et</strong></span> <span class='ocrx_word' id='word_1_105' title='bbox 2119 1746 2259 1814; x_wconf 89' lang='lat' dir='ltr'><strong>quod</strong></span> 
     </span>
    </p>
   </div>
   <div class='ocr_carea' id='block_1_15' title="bbox 692 1828 2255 1901">
    <p class='ocr_par' dir='ltr' id='par_1_15' title="bbox 692 1828 2255 1901">
     <span class='ocr_line' id='line_1_15' title="bbox 692 1828 2255 1901; baseline 0.013 -23"><span class='ocrx_word' id='word_1_106' title='bbox 692 1830 756 1882; x_wconf 85' lang='lat' dir='ltr'><strong>de</strong></span> <span class='ocrx_word' id='word_1_107' title='bbox 793 1828 1112 1896; x_wconf 90' lang='lat' dir='ltr'><strong>juratneutis</strong></span> <span class='ocrx_word' id='word_1_108' title='bbox 1146 1835 1344 1901; x_wconf 87' lang='lat' dir='ltr'><strong>optima</strong></span> <span class='ocrx_word' id='word_1_109' title='bbox 1394 1838 1634 1901; x_wconf 64' lang='lat' dir='ltr'><strong>quanlam</strong></span> <span class='ocrx_word' id='word_1_110' title='bbox 1688 1838 1946 1894; x_wconf 89' lang='lat' dir='ltr'><strong>instituta</strong></span> <span class='ocrx_word' id='word_1_111' title='bbox 1992 1844 2255 1898; x_wconf 83' lang='lat' dir='ltr'><strong>deﬁniens</strong></span> 
     </span>
    </p>
   </div>
   <div class='ocr_carea' id='block_1_16' title="bbox 691 1915 2258 2006">
    <p class='ocr_par' dir='ltr' id='par_1_16' title="bbox 691 1915 2258 2006">
     <span class='ocr_line' id='line_1_16' title="bbox 691 1915 2258 2006; baseline 0.015 -35"><span class='ocrx_word' id='word_1_112' title='bbox 691 1919 766 1971; x_wconf 94' lang='lat' dir='ltr'><strong>ait</strong></span> <span class='ocrx_word' id='word_1_113' title='bbox 823 1937 840 1969; x_wconf 73' lang='grc' dir='ltr'>ι</span> <span class='ocrx_word' id='word_1_114' title='bbox 893 1934 997 1974; x_wconf 92' lang='lat' dir='ltr'><strong>non</strong></span> <span class='ocrx_word' id='word_1_115' title='bbox 1051 1935 1303 1990; x_wconf 89' lang='lat' dir='ltr'><strong>oportere</strong></span> <span class='ocrx_word' id='word_1_116' title='bbox 1339 1925 1451 1996; x_wconf 64' lang='lat' dir='ltr'><strong>(i9;</strong></span> <span class='ocrx_word' id='word_1_117' title='bbox 1501 1915 1740 1996; x_wconf 13' lang='lat' dir='ltr'><strong>jurar‘e,</strong></span> <span class='ocrx_word' id='word_1_118' title='bbox 1779 1948 1951 2001; x_wconf 91' lang='lat' dir='ltr'><strong>neque</strong></span> <span class='ocrx_word' id='word_1_119' title='bbox 1992 1952 2086 2006; x_wconf 90' lang='lat' dir='ltr'><strong>per</strong></span> <span class='ocrx_word' id='word_1_120' title='bbox 2149 1955 2258 1994; x_wconf 74' lang='lat' dir='ltr'><strong>cm-</strong></span> 
     </span>
    </p>
   </div>
   <div class='ocr_carea' id='block_1_17' title="bbox 693 2008 2254 2096">
    <p class='ocr_par' dir='ltr' id='par_1_17' title="bbox 693 2008 2254 2096">
     <span class='ocr_line' id='line_1_17' title="bbox 693 2008 2254 2096; baseline 0.015 -37"><span class='ocrx_word' id='word_1_121' title='bbox 693 2008 831 2074; x_wconf 90' lang='lat' dir='ltr'><strong>lum,</strong></span> <span class='ocrx_word' id='word_1_122' title='bbox 880 2012 1002 2082; x_wconf 86' lang='lat' dir='ltr'><strong>quia</strong></span> <span class='ocrx_word' id='word_1_123' title='bbox 1041 2015 1195 2069; x_wconf 85' lang='lat' dir='ltr'><strong>sedes</strong></span> <span class='ocrx_word' id='word_1_124' title='bbox 1238 2026 1318 2069; x_wconf 89' lang='lat' dir='ltr'><strong>est</strong></span> <span class='ocrx_word' id='word_1_125' title='bbox 1355 2016 1478 2082; x_wconf 89' lang='lat' dir='ltr'><strong>Dei;</strong></span> <span class='ocrx_word' id='word_1_126' title='bbox 1526 2031 1701 2088; x_wconf 91' lang='lat' dir='ltr'><strong>neque</strong></span> <span class='ocrx_word' id='word_1_127' title='bbox 1737 2037 1831 2089; x_wconf 87' lang='lat' dir='ltr'><strong>per</strong></span> <span class='ocrx_word' id='word_1_128' title='bbox 1873 2034 2092 2092; x_wconf 91' lang='lat' dir='ltr'><strong>terram,</strong></span> <span class='ocrx_word' id='word_1_129' title='bbox 2130 2031 2254 2096; x_wconf 88' lang='lat' dir='ltr'><strong>quia</strong></span> 
     </span>
    </p>
   </div>
   <div class='ocr_carea' id='block_1_18' title="bbox 691 2103 2258 2185">
    <p class='ocr_par' dir='ltr' id='par_1_18' title="bbox 691 2103 2258 2185">
     <span class='ocr_line' id='line_1_18' title="bbox 691 2103 2258 2185; baseline 0.013 -32"><span class='ocrx_word' id='word_1_130' title='bbox 691 2103 980 2156; x_wconf 83' lang='lat' dir='ltr'><strong>scabellum</strong></span> <span class='ocrx_word' id='word_1_131' title='bbox 1024 2113 1106 2158; x_wconf 88' lang='lat' dir='ltr'><strong>est</strong></span> <span class='ocrx_word' id='word_1_132' title='bbox 1153 2108 1346 2174; x_wconf 90' lang='lat' dir='ltr'><strong>pedum</strong></span> <span class='ocrx_word' id='word_1_133' title='bbox 1381 2106 1589 2174; x_wconf 81' lang='lat' dir='ltr'><strong>ejus&quot;;</strong></span> <span class='ocrx_word' id='word_1_134' title='bbox 1624 2130 1642 2162; x_wconf 75' lang='grc' dir='ltr'><strong><em>ι</em></strong></span> <span class='ocrx_word' id='word_1_135' title='bbox 1683 2127 1858 2168; x_wconf 93' lang='lat' dir='ltr'><strong>nonne</strong></span> <span class='ocrx_word' id='word_1_136' title='bbox 1908 2120 2258 2185; x_wconf 86' lang='lat' dir='ltr'><strong>apertissime</strong></span> 
     </span>
    </p>
   </div>
   <div class='ocr_carea' id='block_1_19' title="bbox 691 2196 2329 2280">
    <p class='ocr_par' dir='ltr' id='par_1_19' title="bbox 691 2196 2329 2280">
     <span class='ocr_line' id='line_1_19' title="bbox 691 2196 2329 2280; baseline 0.013 -34"><span class='ocrx_word' id='word_1_137' title='bbox 691 2196 904 2250; x_wconf 88' lang='lat' dir='ltr'><strong>videtur</strong></span> <span class='ocrx_word' id='word_1_138' title='bbox 947 2200 1272 2267; x_wconf 88' lang='lat' dir='ltr'><strong>propheticis</strong></span> <span class='ocrx_word' id='word_1_139' title='bbox 1319 2204 1542 2259; x_wconf 87' lang='lat' dir='ltr'><strong>vocibus</strong></span> <span class='ocrx_word' id='word_1_140' title='bbox 1592 2221 1895 2264; x_wconf 90' lang='lat' dir='ltr'><strong>consonare</strong></span> <span class='ocrx_word' id='word_1_141' title='bbox 1936 2213 2133 2280; x_wconf 90' lang='lat' dir='ltr'><strong>quibus</strong></span> <span class='ocrx_word' id='word_1_142' title='bbox 2175 2215 2256 2266; x_wconf 87' lang='lat' dir='ltr'><strong>di-</strong></span> <span class='ocrx_word' id='word_1_143' title='bbox 2325 2223 2329 2228; x_wconf 78' lang='lat'><strong><em>‘</em></strong></span> 
     </span>
    </p>
   </div>
   <div class='ocr_carea' id='block_1_20' title="bbox 691 2287 2250 2360">
    <p class='ocr_par' dir='ltr' id='par_1_20' title="bbox 691 2287 2250 2360">
     <span class='ocr_line' id='line_1_20' title="bbox 691 2287 2250 2360; baseline 0.012 -22"><span class='ocrx_word' id='word_1_144' title='bbox 691 2287 865 2341; x_wconf 87' lang='lat' dir='ltr'><strong>citur:</strong></span> <span class='ocrx_word' id='word_1_145' title='bbox 905 2305 920 2338; x_wconf 82' lang='grc' dir='ltr'>ι</span> <span class='ocrx_word' id='word_1_146' title='bbox 950 2288 1152 2343; x_wconf 72' lang='lat' dir='ltr'><strong>leum</strong></span> <span class='ocrx_word' id='word_1_147' title='bbox 1188 2293 1318 2347; x_wconf 86' lang='lat' dir='ltr'><strong>mihi</strong></span> <span class='ocrx_word' id='word_1_148' title='bbox 1355 2296 1533 2360; x_wconf 84' lang='lat' dir='ltr'><strong>sedes,</strong></span> <span class='ocrx_word' id='word_1_149' title='bbox 1563 2306 1702 2351; x_wconf 87' lang='lat' dir='ltr'><strong>terra</strong></span> <span class='ocrx_word' id='word_1_150' title='bbox 1740 2310 1922 2354; x_wconf 89' lang='lat' dir='ltr'><strong>autem</strong></span> <span class='ocrx_word' id='word_1_151' title='bbox 1953 2296 2250 2357; x_wconf 86' lang='lat' dir='ltr'><strong>scabelltim</strong></span> 
     </span>
    </p>
   </div>
   <div class='ocr_carea' id='block_1_21' title="bbox 689 2379 2257 2460">
    <p class='ocr_par' dir='ltr' id='par_1_21' title="bbox 689 2379 2257 2460">
     <span class='ocr_line' id='line_1_21' title="bbox 689 2379 2257 2460; baseline 0.013 -30"><span class='ocrx_word' id='word_1_152' title='bbox 689 2379 882 2446; x_wconf 89' lang='lat' dir='ltr'><strong>pedum</strong></span> <span class='ocrx_word' id='word_1_153' title='bbox 932 2395 1170 2435; x_wconf 91' lang='lat' dir='ltr'><strong>meorum</strong></span> <span class='ocrx_word' id='word_1_154' title='bbox 1196 2385 1462 2440; x_wconf 60' lang='lat' dir='ltr'><strong>“th-Sed</strong></span> <span class='ocrx_word' id='word_1_155' title='bbox 1508 2380 1562 2442; x_wconf 87' lang='lat' dir='ltr'><strong>et</strong></span> <span class='ocrx_word' id='word_1_156' title='bbox 1595 2403 1624 2441; x_wconf 92' lang='lat' dir='ltr'><strong>e</strong></span> <span class='ocrx_word' id='word_1_157' title='bbox 1662 2392 1859 2457; x_wconf 90' lang='lat' dir='ltr'><strong>templo</strong></span> <span class='ocrx_word' id='word_1_158' title='bbox 1903 2393 2125 2460; x_wconf 89' lang='lat' dir='ltr'><strong>ejiciens</strong></span> <span class='ocrx_word' id='word_1_159' title='bbox 2163 2411 2257 2451; x_wconf 82' lang='lat' dir='ltr'><strong>eos</strong></span> 
     </span>
    </p>
   </div>
   <div class='ocr_carea' id='block_1_22' title="bbox 688 2472 2258 2551">
    <p class='ocr_par' dir='ltr' id='par_1_22' title="bbox 688 2472 2258 2551">
     <span class='ocr_line' id='line_1_22' title="bbox 688 2472 2258 2551; baseline 0.013 -32"><span class='ocrx_word' id='word_1_160' title='bbox 688 2472 779 2539; x_wconf 87' lang='lat' dir='ltr'><strong>qui</strong></span> <span class='ocrx_word' id='word_1_161' title='bbox 827 2473 1129 2528; x_wconf 86' lang='lat' dir='ltr'><strong>vendebant</strong></span> <span class='ocrx_word' id='word_1_162' title='bbox 1157 2490 1305 2540; x_wconf 89' lang='lat' dir='ltr'><strong>oves,</strong></span> <span class='ocrx_word' id='word_1_163' title='bbox 1333 2486 1386 2531; x_wconf 90' lang='lat' dir='ltr'><strong>et</strong></span> <span class='ocrx_word' id='word_1_164' title='bbox 1415 2477 1603 2548; x_wconf 92' lang='lat' dir='ltr'><strong>boves,</strong></span> <span class='ocrx_word' id='word_1_165' title='bbox 1633 2490 1686 2534; x_wconf 92' lang='lat' dir='ltr'><strong>et</strong></span> <span class='ocrx_word' id='word_1_166' title='bbox 1727 2483 2036 2551; x_wconf 85' lang='lat' dir='ltr'><strong>columbas,</strong></span> <span class='ocrx_word' id='word_1_167' title='bbox 2084 2486 2258 2541; x_wconf 67' lang='lat' dir='ltr'><strong>effun-</strong></span> 
     </span>
    </p>
   </div>
   <div class='ocr_carea' id='block_1_23' title="bbox 691 2562 2254 2640">
    <p class='ocr_par' dir='ltr' id='par_1_23' title="bbox 691 2562 2254 2640">
     <span class='ocr_line' id='line_1_23' title="bbox 691 2562 2254 2640; baseline 0.013 -28"><span class='ocrx_word' id='word_1_168' title='bbox 691 2562 825 2616; x_wconf 90' lang='lat' dir='ltr'><strong>dens</strong></span> <span class='ocrx_word' id='word_1_169' title='bbox 866 2578 1079 2632; x_wconf 90' lang='lat' dir='ltr'><strong>quoque</strong></span> <span class='ocrx_word' id='word_1_170' title='bbox 1123 2579 1340 2622; x_wconf 90' lang='lat' dir='ltr'><strong>mensas</strong></span> <span class='ocrx_word' id='word_1_171' title='bbox 1379 2571 1890 2640; x_wconf 84' lang='lat' dir='ltr'><strong>nummulariorum,</strong></span> <span class='ocrx_word' id='word_1_172' title='bbox 1925 2586 1978 2629; x_wconf 89' lang='lat' dir='ltr'><strong>et</strong></span> <span class='ocrx_word' id='word_1_173' title='bbox 2020 2577 2206 2633; x_wconf 90' lang='lat' dir='ltr'><strong>dicens</strong></span> <span class='ocrx_word' id='word_1_174' title='bbox 2239 2593 2254 2633; x_wconf 90' lang='lat'><strong>:</strong></span> 
     </span>
    </p>
   </div>
   <div class='ocr_carea' id='block_1_24' title="bbox 696 2654 2258 2726">
    <p class='ocr_par' dir='ltr' id='par_1_24' title="bbox 696 2654 2258 2726">
     <span class='ocr_line' id='line_1_24' title="bbox 696 2654 2258 2726; baseline 0.014 -22"><span class='ocrx_word' id='word_1_175' title='bbox 696 2673 714 2704; x_wconf 76' lang='grc' dir='ltr'>ι</span> <span class='ocrx_word' id='word_1_176' title='bbox 748 2654 940 2709; x_wconf 85' lang='lat' dir='ltr'><strong>Tollite</strong></span> <span class='ocrx_word' id='word_1_177' title='bbox 990 2657 1092 2710; x_wconf 87' lang='lat' dir='ltr'><strong>ista</strong></span> <span class='ocrx_word' id='word_1_178' title='bbox 1139 2658 1286 2726; x_wconf 91' lang='lat' dir='ltr'><strong>hinc,</strong></span> <span class='ocrx_word' id='word_1_179' title='bbox 1317 2669 1373 2714; x_wconf 91' lang='lat' dir='ltr'><strong>et</strong></span> <span class='ocrx_word' id='word_1_180' title='bbox 1408 2661 1574 2716; x_wconf 90' lang='lat' dir='ltr'><strong>nolite</strong></span> <span class='ocrx_word' id='word_1_181' title='bbox 1611 2663 1789 2719; x_wconf 83' lang='lat' dir='ltr'><strong>facere</strong></span> <span class='ocrx_word' id='word_1_182' title='bbox 1824 2669 2040 2722; x_wconf 89' lang='lat' dir='ltr'><strong>domum</strong></span> <span class='ocrx_word' id='word_1_183' title='bbox 2079 2670 2258 2726; x_wconf 86' lang='lat' dir='ltr'><strong>Patris</strong></span> 
     </span>
    </p>
   </div>
   <div class='ocr_carea' id='block_1_25' title="bbox 692 2747 2256 2826">
    <p class='ocr_par' dir='ltr' id='par_1_25' title="bbox 692 2747 2256 2826">
     <span class='ocr_line' id='line_1_25' title="bbox 692 2747 2256 2826; baseline 0.012 -28"><span class='ocrx_word' id='word_1_184' title='bbox 692 2747 802 2801; x_wconf 86' lang='lat' dir='ltr'><strong>mei</strong></span> <span class='ocrx_word' id='word_1_185' title='bbox 845 2747 1062 2801; x_wconf 91' lang='lat' dir='ltr'><strong>domum</strong></span> <span class='ocrx_word' id='word_1_186' title='bbox 1108 2750 1494 2818; x_wconf 87' lang='lat' dir='ltr'><strong>negotiationis</strong></span> <span class='ocrx_word' id='word_1_187' title='bbox 1519 2754 1595 2820; x_wconf 60' lang='lat'><strong>7‘;</strong></span> <span class='ocrx_word' id='word_1_188' title='bbox 1627 2773 1644 2806; x_wconf 77' lang='grc' dir='ltr'><strong><em>ι</em></strong></span> <span class='ocrx_word' id='word_1_189' title='bbox 1679 2757 1788 2826; x_wconf 76' lang='lat'><strong>85</strong></span> <span class='ocrx_word' id='word_1_190' title='bbox 1840 2758 2052 2813; x_wconf 82' lang='lat' dir='ltr'><strong>Patrem</strong></span> <span class='ocrx_word' id='word_1_191' title='bbox 2100 2777 2256 2816; x_wconf 91' lang='lat' dir='ltr'><strong>suum</strong></span> 
     </span>
    </p>
   </div>
   <div class='ocr_carea' id='block_1_26' title="bbox 683 2845 2248 2914">
    <p class='ocr_par' dir='ltr' id='par_1_26' title="bbox 683 2845 2248 2914">
     <span class='ocr_line' id='line_1_26' title="bbox 683 2845 2248 2914; baseline 0.001 -17"><span class='ocrx_word' id='word_1_192' title='bbox 683 2859 800 2897; x_wconf 83' lang='lat' dir='ltr'><strong>sine</strong></span> <span class='ocrx_word' id='word_1_193' title='bbox 830 2851 993 2897; x_wconf 83' lang='lat' dir='ltr'><strong>dubio</strong></span> <span class='ocrx_word' id='word_1_194' title='bbox 1036 2847 1248 2899; x_wconf 83' lang='lat' dir='ltr'><strong>dicebat</strong></span> <span class='ocrx_word' id='word_1_195' title='bbox 1278 2859 1401 2899; x_wconf 91' lang='lat' dir='ltr'><strong>eum</strong></span> <span class='ocrx_word' id='word_1_196' title='bbox 1431 2845 1585 2913; x_wconf 88' lang='lat' dir='ltr'><strong>cujus</strong></span> <span class='ocrx_word' id='word_1_197' title='bbox 1619 2846 1822 2896; x_wconf 89' lang='lat' dir='ltr'><strong>nomini</strong></span> <span class='ocrx_word' id='word_1_198' title='bbox 1851 2845 2101 2900; x_wconf 87' lang='lat' dir='ltr'><strong>Salomon</strong></span> <span class='ocrx_word' id='word_1_199' title='bbox 2137 2846 2248 2914; x_wconf 82' lang='grc'>(50)</span> 
     </span>
    </p>
   </div>
   <div class='ocr_carea' id='block_1_27' title="bbox 684 2933 2287 3005">
    <p class='ocr_par' dir='ltr' id='par_1_27' title="bbox 684 2933 2287 3005">
     <span class='ocr_line' id='line_1_27' title="bbox 684 2933 2287 3005; baseline 0.002 -18"><span class='ocrx_word' id='word_1_200' title='bbox 684 2933 1023 3005; x_wconf 84' lang='lat' dir='ltr'><strong>magnificum</strong></span> <span class='ocrx_word' id='word_1_201' title='bbox 1058 2933 1315 3004; x_wconf 88' lang='lat' dir='ltr'><strong>templum</strong></span> <span class='ocrx_word' id='word_1_202' title='bbox 1340 2942 1693 2988; x_wconf 64' lang='lat' dir='ltr'><strong>exstruxerat.</strong></span> <span class='ocrx_word' id='word_1_203' title='bbox 1730 2933 1832 2987; x_wconf 89' lang='lat' dir='ltr'><strong>Sed</strong></span> <span class='ocrx_word' id='word_1_204' title='bbox 1871 2944 1924 2987; x_wconf 80' lang='lat' dir='ltr'><strong>et.</strong></span> <span class='ocrx_word' id='word_1_205' title='bbox 1948 2934 2076 2988; x_wconf 87' lang='lat' dir='ltr'><strong>illttd</strong></span> <span class='ocrx_word' id='word_1_206' title='bbox 2104 2935 2246 3003; x_wconf 87' lang='lat' dir='ltr'><strong>quod</strong></span> <span class='ocrx_word' id='word_1_207' title='bbox 2274 2937 2287 2992; x_wconf 70' lang='grc' dir='ltr'>ζ</span> 
     </span>
    </p>
   </div>
   <div class='ocr_carea' id='block_1_28' title="bbox 687 3024 2247 3096">
    <p class='ocr_par' dir='ltr' id='par_1_28' title="bbox 687 3024 2247 3096">
     <span class='ocr_line' id='line_1_28' title="bbox 687 3024 2247 3096; baseline 0 -16"><span class='ocrx_word' id='word_1_208' title='bbox 687 3026 761 3081; x_wconf 86' lang='lat' dir='ltr'><strong>ait</strong></span> <span class='ocrx_word' id='word_1_209' title='bbox 792 3044 804 3078; x_wconf 88' lang='lat'><strong>:</strong></span> <span class='ocrx_word' id='word_1_210' title='bbox 837 3044 854 3076; x_wconf 78' lang='grc' dir='ltr'>ι</span> <span class='ocrx_word' id='word_1_211' title='bbox 890 3024 1008 3078; x_wconf 83' lang='grc' dir='ltr'>Νοη</span> <span class='ocrx_word' id='word_1_212' title='bbox 1038 3024 1239 3095; x_wconf 77' lang='lat' dir='ltr'><strong>legistis</strong></span> <span class='ocrx_word' id='word_1_213' title='bbox 1263 3025 1405 3094; x_wconf 78' lang='lat' dir='ltr'><strong>quod</strong></span> <span class='ocrx_word' id='word_1_214' title='bbox 1449 3024 1649 3078; x_wconf 88' lang='lat' dir='ltr'><strong>dictum</strong></span> <span class='ocrx_word' id='word_1_215' title='bbox 1685 3033 1766 3079; x_wconf 91' lang='lat' dir='ltr'><strong>est</strong></span> <span class='ocrx_word' id='word_1_216' title='bbox 1796 3041 1826 3078; x_wconf 90' lang='lat' dir='ltr'><strong>a</strong></span> <span class='ocrx_word' id='word_1_217' title='bbox 1856 3025 1964 3079; x_wconf 90' lang='lat' dir='ltr'><strong>Deo</strong></span> <span class='ocrx_word' id='word_1_218' title='bbox 2006 3026 2072 3080; x_wconf 91' lang='lat' dir='ltr'><strong>ad</strong></span> <span class='ocrx_word' id='word_1_219' title='bbox 2103 3025 2247 3096; x_wconf 83' lang='lat' dir='ltr'><strong>Moy-</strong></span> 
     </span>
    </p>
   </div>
   <div class='ocr_carea' id='block_1_29' title="bbox 688 3111 2251 3184">
    <p class='ocr_par' dir='ltr' id='par_1_29' title="bbox 688 3111 2251 3184">
     <span class='ocr_line' id='line_1_29' title="bbox 688 3111 2251 3184; baseline -0.001 -14"><span class='ocrx_word' id='word_1_220' title='bbox 688 3131 803 3170; x_wconf 87' lang='lat' dir='ltr'><strong>sem</strong></span> <span class='ocrx_word' id='word_1_221' title='bbox 834 3133 846 3167; x_wconf 90' lang='lat'>:</span> <span class='ocrx_word' id='word_1_222' title='bbox 878 3116 988 3184; x_wconf 85' lang='lat' dir='ltr'><strong>Ego</strong></span> <span class='ocrx_word' id='word_1_223' title='bbox 1027 3130 1145 3167; x_wconf 88' lang='lat' dir='ltr'><strong>sum</strong></span> <span class='ocrx_word' id='word_1_224' title='bbox 1189 3113 1332 3168; x_wconf 87' lang='lat' dir='ltr'><strong>Deus</strong></span> <span class='ocrx_word' id='word_1_225' title='bbox 1369 3111 1670 3176; x_wconf 74' lang='lat' dir='ltr'><strong>Abraham,</strong></span> <span class='ocrx_word' id='word_1_226' title='bbox 1713 3122 1767 3167; x_wconf 90' lang='lat' dir='ltr'><strong>et</strong></span> <span class='ocrx_word' id='word_1_227' title='bbox 1801 3114 1942 3168; x_wconf 91' lang='lat' dir='ltr'><strong>Deus</strong></span> <span class='ocrx_word' id='word_1_228' title='bbox 1984 3115 2160 3174; x_wconf 87' lang='lat' dir='ltr'><strong>Isaac.</strong></span> <span class='ocrx_word' id='word_1_229' title='bbox 2196 3125 2251 3169; x_wconf 90' lang='lat' dir='ltr'><strong>et</strong></span> 
     </span>
    </p>
   </div>
   <div class='ocr_carea' id='block_1_30' title="bbox 691 3204 2318 3294">
    <p class='ocr_par' dir='ltr' id='par_1_30' title="bbox 691 3204 2318 3294">
     <span class='ocr_line' id='line_1_30' title="bbox 691 3204 2318 3294; baseline 0.001 -35"><span class='ocrx_word' id='word_1_230' title='bbox 691 3206 836 3260; x_wconf 88' lang='lat' dir='ltr'><strong>Deus</strong></span> <span class='ocrx_word' id='word_1_231' title='bbox 867 3205 1068 3269; x_wconf 87' lang='lat' dir='ltr'><strong>Jacob;</strong></span> <span class='ocrx_word' id='word_1_232' title='bbox 1113 3221 1223 3259; x_wconf 90' lang='lat' dir='ltr'><strong>non</strong></span> <span class='ocrx_word' id='word_1_233' title='bbox 1259 3215 1343 3259; x_wconf 84' lang='lat' dir='ltr'><strong>est</strong></span> <span class='ocrx_word' id='word_1_234' title='bbox 1383 3213 1561 3258; x_wconf 90' lang='lat' dir='ltr'><strong>autem</strong></span> <span class='ocrx_word' id='word_1_235' title='bbox 1593 3204 1733 3258; x_wconf 90' lang='lat' dir='ltr'><strong>Deus</strong></span> <span class='ocrx_word' id='word_1_236' title='bbox 1761 3214 2114 3271; x_wconf 89' lang='lat' dir='ltr'><strong>mortuorum,</strong></span> <span class='ocrx_word' id='word_1_237' title='bbox 2159 3207 2250 3260; x_wconf 92' lang='lat' dir='ltr'><strong>sed</strong></span> <span class='ocrx_word' id='word_1_238' title='bbox 2277 3237 2318 3294; x_wconf 65' lang='grc' dir='ltr'>ο</span> 
     </span>
    </p>
   </div>
   <div class='ocr_carea' id='block_1_31' title="bbox 692 3294 2253 3364">
    <p class='ocr_par' dir='ltr' id='par_1_31' title="bbox 692 3294 2253 3364">
     <span class='ocr_line' id='line_1_31' title="bbox 692 3294 2253 3364; baseline 0 -15"><span class='ocrx_word' id='word_1_239' title='bbox 692 3294 987 3349; x_wconf 78' lang='lat' dir='ltr'><strong>viventium</strong></span> <span class='ocrx_word' id='word_1_240' title='bbox 1033 3296 1114 3360; x_wconf 69' lang='lat' dir='ltr'><strong>7I;</strong></span> <span class='ocrx_word' id='word_1_241' title='bbox 1184 3315 1201 3345; x_wconf 68' lang='grc' dir='ltr'><strong><em>ι</em></strong></span> <span class='ocrx_word' id='word_1_242' title='bbox 1245 3294 1676 3351; x_wconf 82' lang='lat' dir='ltr'><strong>manifestissime</strong></span> <span class='ocrx_word' id='word_1_243' title='bbox 1737 3309 1834 3348; x_wconf 89' lang='lat' dir='ltr'><strong>nos</strong></span> <span class='ocrx_word' id='word_1_244' title='bbox 1909 3295 2063 3350; x_wconf 90' lang='lat' dir='ltr'><strong>docet</strong></span> <span class='ocrx_word' id='word_1_245' title='bbox 2119 3311 2253 3364; x_wconf 91' lang='lat' dir='ltr'><strong>quo-</strong></span> 
     </span>
    </p>
   </div>
   <div class='ocr_carea' id='block_1_32' title="bbox 605 3386 2248 3455">
    <p class='ocr_par' dir='ltr' id='par_1_32' title="bbox 605 3386 2248 3455">
     <span class='ocr_line' id='line_1_32' title="bbox 605 3386 2248 3455; baseline 0.001 -17"><span class='ocrx_word' id='word_1_246' title='bbox 605 3417 610 3423; x_wconf 94' lang='lat'><strong><em>-</em></strong></span> <span class='ocrx_word' id='word_1_247' title='bbox 695 3387 836 3439; x_wconf 91' lang='lat' dir='ltr'><strong>niam</strong></span> <span class='ocrx_word' id='word_1_248' title='bbox 867 3386 974 3455; x_wconf 79' lang='grc'>(5-1)</span> <span class='ocrx_word' id='word_1_249' title='bbox 1008 3386 1174 3438; x_wconf 90' lang='lat' dir='ltr'><strong>Deum</strong></span> <span class='ocrx_word' id='word_1_250' title='bbox 1207 3386 1646 3455; x_wconf 84' lang='lat' dir='ltr'><strong>patriarcharum,</strong></span> <span class='ocrx_word' id='word_1_251' title='bbox 1688 3402 1785 3454; x_wconf 88' lang='lat' dir='ltr'><strong>pro</strong></span> <span class='ocrx_word' id='word_1_252' title='bbox 1816 3401 1881 3440; x_wconf 91' lang='lat' dir='ltr'><strong>eo</strong></span> <span class='ocrx_word' id='word_1_253' title='bbox 1904 3386 2046 3455; x_wconf 85' lang='lat' dir='ltr'><strong>quod</strong></span> <span class='ocrx_word' id='word_1_254' title='bbox 2077 3387 2248 3440; x_wconf 89' lang='lat' dir='ltr'><strong>sancti</strong></span> 
     </span>
    </p>
   </div>
   <div class='ocr_carea' id='block_1_33' title="bbox 694 3476 2250 3547">
    <p class='ocr_par' dir='ltr' id='par_1_33' title="bbox 694 3476 2250 3547">
     <span class='ocr_line' id='line_1_33' title="bbox 694 3476 2250 3547; baseline 0.001 -17"><span class='ocrx_word' id='word_1_255' title='bbox 694 3485 877 3530; x_wconf 91' lang='lat' dir='ltr'><strong>essent</strong></span> <span class='ocrx_word' id='word_1_256' title='bbox 922 3483 972 3529; x_wconf 92' lang='lat' dir='ltr'><strong>et</strong></span> <span class='ocrx_word' id='word_1_257' title='bbox 1019 3476 1303 3542; x_wconf 72' lang='lat' dir='ltr'><strong>viverent,</strong></span> <span class='ocrx_word' id='word_1_258' title='bbox 1350 3477 1519 3530; x_wconf 92' lang='lat' dir='ltr'><strong>Deum</strong></span> <span class='ocrx_word' id='word_1_259' title='bbox 1572 3477 1870 3547; x_wconf 86' lang='lat' dir='ltr'><strong>appellabat</strong></span> <span class='ocrx_word' id='word_1_260' title='bbox 1924 3477 2250 3543; x_wconf 75' lang='lat' dir='ltr'><strong>viventium,</strong></span> 
     </span>
    </p>
   </div>
   <div class='ocr_carea' id='block_1_34' title="bbox 697 3567 2254 3640">
    <p class='ocr_par' dir='ltr' id='par_1_34' title="bbox 697 3567 2254 3640">
     <span class='ocr_line' id='line_1_34' title="bbox 697 3567 2254 3640; baseline 0 -18"><span class='ocrx_word' id='word_1_261' title='bbox 697 3569 844 3622; x_wconf 89' lang='lat' dir='ltr'><strong>illum</strong></span> <span class='ocrx_word' id='word_1_262' title='bbox 890 3567 1092 3622; x_wconf 88' lang='lat' dir='ltr'><strong>scilicet</strong></span> <span class='ocrx_word' id='word_1_263' title='bbox 1136 3569 1226 3638; x_wconf 88' lang='lat' dir='ltr'><strong>qui</strong></span> <span class='ocrx_word' id='word_1_264' title='bbox 1275 3568 1481 3622; x_wconf 77' lang='lat' dir='ltr'><strong>dixerat</strong></span> <span class='ocrx_word' id='word_1_265' title='bbox 1510 3568 1562 3621; x_wconf 90' lang='lat' dir='ltr'><strong>in</strong></span> <span class='ocrx_word' id='word_1_266' title='bbox 1593 3569 1906 3637; x_wconf 84' lang='lat' dir='ltr'><strong>prophetis:</strong></span> <span class='ocrx_word' id='word_1_267' title='bbox 1947 3589 1963 3619; x_wconf 88' lang='grc'><strong><em>‹</em></strong></span> <span class='ocrx_word' id='word_1_268' title='bbox 1999 3569 2107 3640; x_wconf 88' lang='lat' dir='ltr'><strong>Ego</strong></span> <span class='ocrx_word' id='word_1_269' title='bbox 2137 3585 2254 3623; x_wconf 89' lang='lat' dir='ltr'><strong>sum</strong></span> 
     </span>
    </p>
   </div>
   <div class='ocr_carea' id='block_1_35' title="bbox 698 3655 2253 3724">
    <p class='ocr_par' dir='ltr' id='par_1_35' title="bbox 698 3655 2253 3724">
     <span class='ocr_line' id='line_1_35' title="bbox 698 3655 2253 3724; baseline 0.003 -17"><span class='ocrx_word' id='word_1_270' title='bbox 698 3655 860 3718; x_wconf 90' lang='lat' dir='ltr'><strong>Deus,</strong></span> <span class='ocrx_word' id='word_1_271' title='bbox 889 3664 942 3708; x_wconf 88' lang='lat' dir='ltr'><strong>et</strong></span> <span class='ocrx_word' id='word_1_272' title='bbox 970 3671 1077 3708; x_wconf 90' lang='lat' dir='ltr'><strong>non</strong></span> <span class='ocrx_word' id='word_1_273' title='bbox 1101 3666 1184 3710; x_wconf 88' lang='lat' dir='ltr'><strong>est</strong></span> <span class='ocrx_word' id='word_1_274' title='bbox 1216 3657 1359 3710; x_wconf 93' lang='lat' dir='ltr'><strong>Deus</strong></span> <span class='ocrx_word' id='word_1_275' title='bbox 1393 3666 1583 3724; x_wconf 61' lang='lat' dir='ltr'><strong>prarter</strong></span> <span class='ocrx_word' id='word_1_276' title='bbox 1617 3672 1700 3710; x_wconf 90' lang='lat' dir='ltr'><strong>me</strong></span> <span class='ocrx_word' id='word_1_277' title='bbox 1743 3659 1806 3710; x_wconf 77' lang='grc'><strong>⁷⁵.</strong></span> <span class='ocrx_word' id='word_1_278' title='bbox 1842 3677 1858 3708; x_wconf 71' lang='grc' dir='ltr'><strong><em>ι</em></strong></span> <span class='ocrx_word' id='word_1_279' title='bbox 1890 3658 2074 3712; x_wconf 90' lang='lat' dir='ltr'><strong>Sciens</strong></span> <span class='ocrx_word' id='word_1_280' title='bbox 2101 3675 2253 3712; x_wconf 86' lang='lat' dir='ltr'><strong>nam-</strong></span> 
     </span>
    </p>
   </div>
   <div class='ocr_carea' id='block_1_36' title="bbox 695 3745 2254 3821">
    <p class='ocr_par' dir='ltr' id='par_1_36' title="bbox 695 3745 2254 3821">
     <span class='ocr_line' id='line_1_36' title="bbox 695 3745 2254 3821; baseline 0.004 -23"><span class='ocrx_word' id='word_1_281' title='bbox 695 3760 804 3814; x_wconf 88' lang='lat' dir='ltr'><strong>que</strong></span> <span class='ocrx_word' id='word_1_282' title='bbox 845 3745 1085 3799; x_wconf 81' lang='lat' dir='ltr'><strong>Salvator</strong></span> <span class='ocrx_word' id='word_1_283' title='bbox 1129 3747 1298 3801; x_wconf 89' lang='lat' dir='ltr'><strong>Deum</strong></span> <span class='ocrx_word' id='word_1_284' title='bbox 1323 3747 1590 3801; x_wconf 80' lang='lat' dir='ltr'><strong>Abraham</strong></span> <span class='ocrx_word' id='word_1_285' title='bbox 1634 3763 1751 3821; x_wconf 69' lang='lat' dir='ltr'><strong>esse</strong></span> <span class='ocrx_word' id='word_1_286' title='bbox 1777 3764 1899 3802; x_wconf 88' lang='lat' dir='ltr'><strong>eum</strong></span> <span class='ocrx_word' id='word_1_287' title='bbox 1940 3750 2029 3817; x_wconf 89' lang='lat' dir='ltr'><strong>qui</strong></span> <span class='ocrx_word' id='word_1_288' title='bbox 2062 3750 2113 3806; x_wconf 91' lang='lat' dir='ltr'><strong>in</strong></span> <span class='ocrx_word' id='word_1_289' title='bbox 2141 3751 2254 3819; x_wconf 88' lang='lat' dir='ltr'><strong>lege</strong></span> 
     </span>
    </p>
   </div>
   <div class='ocr_carea' id='block_1_37' title="bbox 700 3837 2253 3908">
    <p class='ocr_par' dir='ltr' id='par_1_37' title="bbox 700 3837 2253 3908">
     <span class='ocr_line' id='line_1_37' title="bbox 700 3837 2253 3908; baseline 0.003 -19"><span class='ocrx_word' id='word_1_290' title='bbox 700 3837 934 3905; x_wconf 91' lang='lat' dir='ltr'><strong>scriptus</strong></span> <span class='ocrx_word' id='word_1_291' title='bbox 964 3846 1063 3901; x_wconf 87' lang='lat' dir='ltr'><strong>est,</strong></span> <span class='ocrx_word' id='word_1_292' title='bbox 1089 3847 1142 3891; x_wconf 91' lang='lat' dir='ltr'><strong>et</strong></span> <span class='ocrx_word' id='word_1_293' title='bbox 1166 3839 1338 3906; x_wconf 89' lang='lat' dir='ltr'><strong>ipsum</strong></span> <span class='ocrx_word' id='word_1_294' title='bbox 1373 3853 1490 3892; x_wconf 87' lang='lat' dir='ltr'><strong>esse</strong></span> <span class='ocrx_word' id='word_1_295' title='bbox 1515 3838 1602 3907; x_wconf 91' lang='lat' dir='ltr'><strong>qui</strong></span> <span class='ocrx_word' id='word_1_296' title='bbox 1637 3839 1763 3892; x_wconf 88' lang='lat' dir='ltr'><strong>dicit</strong></span> <span class='ocrx_word' id='word_1_297' title='bbox 1793 3839 1915 3907; x_wconf 77' lang='lat' dir='ltr'><strong>quia</strong></span> <span class='ocrx_word' id='word_1_298' title='bbox 1946 3858 1964 3889; x_wconf 84' lang='grc'><strong>‹</strong></span> <span class='ocrx_word' id='word_1_299' title='bbox 1999 3840 2108 3908; x_wconf 86' lang='lat' dir='ltr'><strong>Ego</strong></span> <span class='ocrx_word' id='word_1_300' title='bbox 2135 3856 2253 3894; x_wconf 92' lang='lat' dir='ltr'><strong>sum</strong></span> 
     </span>
    </p>
   </div>
   <div class='ocr_carea' id='block_1_38' title="bbox 701 3928 2255 3998">
    <p class='ocr_par' dir='ltr' id='par_1_38' title="bbox 701 3928 2255 3998">
     <span class='ocr_line' id='line_1_38' title="bbox 701 3928 2255 3998; baseline 0.002 -17"><span class='ocrx_word' id='word_1_301' title='bbox 701 3928 862 3992; x_wconf 90' lang='lat' dir='ltr'><strong>Deus,</strong></span> <span class='ocrx_word' id='word_1_302' title='bbox 890 3937 944 3980; x_wconf 85' lang='lat' dir='ltr'><strong>et</strong></span> <span class='ocrx_word' id='word_1_303' title='bbox 965 3943 1072 3981; x_wconf 91' lang='lat' dir='ltr'><strong>non</strong></span> <span class='ocrx_word' id='word_1_304' title='bbox 1099 3937 1182 3981; x_wconf 75' lang='lat' dir='ltr'><strong>est</strong></span> <span class='ocrx_word' id='word_1_305' title='bbox 1211 3929 1351 3982; x_wconf 93' lang='lat' dir='ltr'><strong>Deus</strong></span> <span class='ocrx_word' id='word_1_306' title='bbox 1380 3937 1572 3996; x_wconf 71' lang='lat' dir='ltr'><strong>praeter</strong></span> <span class='ocrx_word' id='word_1_307' title='bbox 1597 3944 1709 3993; x_wconf 84' lang='lat' dir='ltr'><strong>me;</strong></span> <span class='ocrx_word' id='word_1_308' title='bbox 1744 3947 1759 3974; x_wconf 80' lang='grc' dir='ltr'><strong>ι</strong></span> <span class='ocrx_word' id='word_1_309' title='bbox 1795 3929 2054 3996; x_wconf 85' lang='lat' dir='ltr'><strong>siquidem</strong></span> <span class='ocrx_word' id='word_1_310' title='bbox 2082 3929 2255 3998; x_wconf 87' lang='lat' dir='ltr'><strong>ipsum</strong></span> 
     </span>
    </p>
   </div>
   <div class='ocr_carea' id='block_1_39' title="bbox 703 4020 2256 4096">
    <p class='ocr_par' dir='ltr' id='par_1_39' title="bbox 703 4020 2256 4096">
     <span class='ocr_line' id='line_1_39' title="bbox 703 4020 2256 4096; baseline 0.004 -24"><span class='ocrx_word' id='word_1_311' title='bbox 703 4020 850 4073; x_wconf 89' lang='lat' dir='ltr'><strong>illum</strong></span> <span class='ocrx_word' id='word_1_312' title='bbox 892 4020 1101 4074; x_wconf 82' lang='lat' dir='ltr'><strong>Patrem</strong></span> <span class='ocrx_word' id='word_1_313' title='bbox 1146 4036 1268 4075; x_wconf 90' lang='lat' dir='ltr'><strong>esse</strong></span> <span class='ocrx_word' id='word_1_314' title='bbox 1299 4021 1494 4074; x_wconf 82' lang='lat' dir='ltr'><strong>fatetur</strong></span> <span class='ocrx_word' id='word_1_315' title='bbox 1535 4021 1623 4090; x_wconf 92' lang='lat' dir='ltr'><strong>qui</strong></span> <span class='ocrx_word' id='word_1_316' title='bbox 1663 4021 1870 4092; x_wconf 80' lang='lat' dir='ltr'><strong>ignorat</strong></span> <span class='ocrx_word' id='word_1_317' title='bbox 1903 4023 2063 4077; x_wconf 89' lang='lat' dir='ltr'><strong>alium</strong></span> <span class='ocrx_word' id='word_1_318' title='bbox 2097 4040 2256 4096; x_wconf 82' lang='lat' dir='ltr'><strong>super</strong></span> 
     </span>
    </p>
   </div>
   <div class='ocr_carea' id='block_1_40' title="bbox 684 4111 2248 4190">
    <p class='ocr_par' dir='ltr' id='par_1_40' title="bbox 684 4111 2248 4190">
     <span class='ocr_line' id='line_1_40' title="bbox 684 4111 2248 4190; baseline 0.014 -27"><span class='ocrx_word' id='word_1_319' title='bbox 684 4123 745 4163; x_wconf 83' lang='lat' dir='ltr'><strong>se</strong></span> <span class='ocrx_word' id='word_1_320' title='bbox 777 4125 899 4166; x_wconf 87' lang='lat' dir='ltr'><strong>esse</strong></span> <span class='ocrx_word' id='word_1_321' title='bbox 929 4111 1117 4180; x_wconf 88' lang='lat' dir='ltr'><strong>Deum,</strong></span> <span class='ocrx_word' id='word_1_322' title='bbox 1148 4116 1291 4170; x_wconf 89' lang='lat' dir='ltr'><strong>sicut</strong></span> <span class='ocrx_word' id='word_1_323' title='bbox 1319 4126 1511 4187; x_wconf 90' lang='lat' dir='ltr'><strong>putant</strong></span> <span class='ocrx_word' id='word_1_324' title='bbox 1547 4121 1819 4190; x_wconf 66' lang='lat' dir='ltr'><strong>hmretici;</strong></span> <span class='ocrx_word' id='word_1_325' title='bbox 1851 4127 2082 4184; x_wconf 86' lang='lat' dir='ltr'><strong>absurde</strong></span> <span class='ocrx_word' id='word_1_326' title='bbox 2129 4147 2248 4185; x_wconf 92' lang='lat' dir='ltr'><strong>eum</strong></span> 
     </span>
    </p>
   </div>
   <div class='ocr_carea' id='block_1_41' title="bbox 683 4201 2249 4288">
    <p class='ocr_par' dir='ltr' id='par_1_41' title="bbox 683 4201 2249 4288">
     <span class='ocr_line' id='line_1_41' title="bbox 683 4201 2249 4288; baseline 0.012 -32"><span class='ocrx_word' id='word_1_327' title='bbox 683 4201 900 4258; x_wconf 85' lang='lat' dir='ltr'><strong>Patrem</strong></span> <span class='ocrx_word' id='word_1_328' title='bbox 927 4208 1245 4274; x_wconf 88' lang='lat' dir='ltr'><strong>pronuntiat</strong></span> <span class='ocrx_word' id='word_1_329' title='bbox 1271 4207 1360 4279; x_wconf 90' lang='lat' dir='ltr'><strong>qui</strong></span> <span class='ocrx_word' id='word_1_330' title='bbox 1385 4210 1792 4269; x_wconf 89' lang='lat' dir='ltr'><strong>eminentiorem</strong></span> <span class='ocrx_word' id='word_1_331' title='bbox 1821 4217 2034 4288; x_wconf 73' lang='lat' dir='ltr'><strong>ignorat</strong></span> <span class='ocrx_word' id='word_1_332' title='bbox 2059 4222 2249 4276; x_wconf 89' lang='lat' dir='ltr'><strong>Deum.</strong></span> 
     </span>
    </p>
   </div>
   <div class='ocr_carea' id='block_1_42' title="bbox 687 4294 2248 4371">
    <p class='ocr_par' dir='ltr' id='par_1_42' title="bbox 687 4294 2248 4371">
     <span class='ocr_line' id='line_1_42' title="bbox 687 4294 2248 4371; baseline 0.012 -20"><span class='ocrx_word' id='word_1_333' title='bbox 687 4297 746 4352; x_wconf 90' lang='lat' dir='ltr'><strong>Si</strong></span> <span class='ocrx_word' id='word_1_334' title='bbox 779 4314 904 4353; x_wconf 89' lang='lat' dir='ltr'><strong>vero</strong></span> <span class='ocrx_word' id='word_1_335' title='bbox 937 4317 1040 4354; x_wconf 92' lang='lat' dir='ltr'><strong>non</strong></span> <span class='ocrx_word' id='word_1_336' title='bbox 1083 4302 1298 4369; x_wconf 85' lang='lat' dir='ltr'><strong>quidem</strong></span> <span class='ocrx_word' id='word_1_337' title='bbox 1332 4303 1565 4371; x_wconf 79' lang='lat' dir='ltr'><strong>ignorat,</strong></span> <span class='ocrx_word' id='word_1_338' title='bbox 1595 4294 1688 4360; x_wconf 77' lang='lat' dir='ltr'><strong>sed</strong></span> <span class='ocrx_word' id='word_1_339' title='bbox 1739 4308 1872 4364; x_wconf 89' lang='lat' dir='ltr'><strong>fallit</strong></span> <span class='ocrx_word' id='word_1_340' title='bbox 1915 4311 2101 4367; x_wconf 89' lang='lat' dir='ltr'><strong>dicens</strong></span> <span class='ocrx_word' id='word_1_341' title='bbox 2146 4329 2248 4369; x_wconf 93' lang='lat' dir='ltr'><strong>non</strong></span> 
     </span>
    </p>
   </div>
   <div class='ocr_carea' id='block_1_43' title="bbox 683 4387 2247 4465">
    <p class='ocr_par' dir='ltr' id='par_1_43' title="bbox 683 4387 2247 4465">
     <span class='ocr_line' id='line_1_43' title="bbox 683 4387 2247 4465; baseline 0.01 -26"><span class='ocrx_word' id='word_1_342' title='bbox 683 4387 846 4441; x_wconf 77' lang='lat' dir='ltr'><strong>alium</strong></span> <span class='ocrx_word' id='word_1_343' title='bbox 873 4404 991 4443; x_wconf 88' lang='lat' dir='ltr'><strong>esse</strong></span> <span class='ocrx_word' id='word_1_344' title='bbox 1020 4390 1182 4443; x_wconf 91' lang='lat' dir='ltr'><strong>Deum</strong></span> <span class='ocrx_word' id='word_1_345' title='bbox 1213 4403 1407 4459; x_wconf 68' lang='lat' dir='ltr'><strong>praeter</strong></span> <span class='ocrx_word' id='word_1_346' title='bbox 1435 4407 1512 4456; x_wconf 89' lang='lat' dir='ltr'><strong>se,</strong></span> <span class='ocrx_word' id='word_1_347' title='bbox 1547 4393 1711 4448; x_wconf 89' lang='lat' dir='ltr'><strong>multo</strong></span> <span class='ocrx_word' id='word_1_348' title='bbox 1762 4397 1930 4465; x_wconf 82' lang='lat' dir='ltr'><strong>magis</strong></span> <span class='ocrx_word' id='word_1_349' title='bbox 1960 4399 2247 4454; x_wconf 89' lang='lat' dir='ltr'><strong>absurdum</strong></span> 
     </span>
    </p>
   </div>
   <div class='ocr_carea' id='block_1_44' title="bbox 684 4481 2247 4561">
    <p class='ocr_par' dir='ltr' id='par_1_44' title="bbox 684 4481 2247 4561">
     <span class='ocr_line' id='line_1_44' title="bbox 684 4481 2247 4561; baseline 0.01 -29"><span class='ocrx_word' id='word_1_350' title='bbox 684 4488 766 4533; x_wconf 91' lang='lat' dir='ltr'><strong>est</strong></span> <span class='ocrx_word' id='word_1_351' title='bbox 811 4481 856 4537; x_wconf 88' lang='lat' dir='ltr'><strong>si</strong></span> <span class='ocrx_word' id='word_1_352' title='bbox 897 4483 1206 4536; x_wconf 87' lang='lat' dir='ltr'><strong>mendacem</strong></span> <span class='ocrx_word' id='word_1_353' title='bbox 1255 4485 1468 4540; x_wconf 83' lang='lat' dir='ltr'><strong>Patrem</strong></span> <span class='ocrx_word' id='word_1_354' title='bbox 1505 4501 1656 4541; x_wconf 90' lang='lat' dir='ltr'><strong>suum</strong></span> <span class='ocrx_word' id='word_1_355' title='bbox 1693 4486 1909 4544; x_wconf 84' lang='lat' dir='ltr'><strong>fatetur.</strong></span> <span class='ocrx_word' id='word_1_356' title='bbox 1944 4489 2016 4543; x_wconf 85' lang='lat' dir='ltr'><strong>Ex</strong></span> <span class='ocrx_word' id='word_1_357' title='bbox 2053 4491 2247 4561; x_wconf 88' lang='lat' dir='ltr'><strong>quibus</strong></span> 
     </span>
    </p>
   </div>
   <div class='ocr_carea' id='block_1_45' title="bbox 1918 431 2698 489">
    <p class='ocr_par' dir='ltr' id='par_1_45' title="bbox 1918 431 2698 489">
     <span class='ocr_line' id='line_1_45' title="bbox 1918 431 2698 489; baseline 0.001 -2"><span class='ocrx_word' id='word_1_358' title='bbox 1918 431 2235 489; x_wconf 72' lang='lat' dir='ltr'><strong>ORIGENIS</strong></span> <span class='ocrx_word' id='word_1_359' title='bbox 2268 433 2428 487; x_wconf 85' lang='grc' dir='ltr'><strong>ΠΕΡΙ</strong></span> <span class='ocrx_word' id='word_1_360' title='bbox 2470 434 2698 488; x_wconf 81' lang='grc' dir='ltr'><strong>ΑΡΧΩΝ</strong></span> 
     </span>
    </p>
   </div>
   <div class='ocr_carea' id='block_1_46' title="bbox 551 543 2348 631">
    <p class='ocr_par' dir='ltr' id='par_1_46' title="bbox 551 543 2348 631">
     <span class='ocr_line' id='line_1_46' title="bbox 551 543 2348 631; baseline 0.011 -35"><span class='ocrx_word' id='word_1_361' title='bbox 551 623 562 631; x_wconf 26' lang='grc' dir='ltr'><em>ν</em></span> <span class='ocrx_word' id='word_1_362' title='bbox 650 616 652 619; x_wconf 22' lang='grc' dir='ltr'>ι</span> <span class='ocrx_word' id='word_1_363' title='bbox 691 543 883 598; x_wconf 87' lang='lat' dir='ltr'><strong>indicat</strong></span> <span class='ocrx_word' id='word_1_364' title='bbox 928 547 1028 601; x_wconf 89' lang='lat' dir='ltr'><strong>nisi</strong></span> <span class='ocrx_word' id='word_1_365' title='bbox 1075 549 1219 618; x_wconf 89' lang='lat' dir='ltr'><strong>quod</strong></span> <span class='ocrx_word' id='word_1_366' title='bbox 1253 551 1555 605; x_wconf 80' lang='lat' dir='ltr'><strong>auctoritas</strong></span> <span class='ocrx_word' id='word_1_367' title='bbox 1590 553 1865 607; x_wconf 86' lang='lat' dir='ltr'><strong>veteribus</strong></span> <span class='ocrx_word' id='word_1_368' title='bbox 1901 571 1928 608; x_wconf 89' lang='lat' dir='ltr'><strong>a</strong></span> <span class='ocrx_word' id='word_1_369' title='bbox 1963 556 2242 609; x_wconf 89' lang='lat' dir='ltr'><strong>Salvatore</strong></span> <span class='ocrx_word' id='word_1_370' title='bbox 2276 561 2348 615; x_wconf 78' lang='grc' dir='ltr'><strong>Α.</strong></span> 
     </span>
    </p>
   </div>
   <div class='ocr_carea' id='block_1_47' title="bbox 3819 431 3931 489">
    <p class='ocr_par' dir='ltr' id='par_1_47' title="bbox 3819 431 3931 489">
     <span class='ocr_line' id='line_1_47' title="bbox 3819 431 3931 489; baseline 0.009 -1"><span class='ocrx_word' id='word_1_371' title='bbox 3819 431 3931 489; x_wconf 74' lang='lat'><strong>200</strong></span> 
     </span>
    </p>
   </div>
   <div class='ocr_carea' id='block_1_48' title="bbox 2426 551 3924 625">
    <p class='ocr_par' dir='ltr' id='par_1_48' title="bbox 2426 551 3924 625">
     <span class='ocr_line' id='line_1_48' title="bbox 2426 551 3924 625; baseline -0.002 -18"><span class='ocrx_word' id='word_1_372' title='bbox 2426 554 2479 607; x_wconf 68' lang='grc'><strong>2.</strong></span> <span class='ocrx_word' id='word_1_373' title='bbox 2515 554 2758 623; x_wconf 85' lang='lat' dir='ltr'><strong>Longum</strong></span> <span class='ocrx_word' id='word_1_374' title='bbox 2789 552 3021 625; x_wconf 76' lang='lat' dir='ltr'><strong>erit(52)</strong></span> <span class='ocrx_word' id='word_1_375' title='bbox 3049 554 3092 608; x_wconf 89' lang='lat' dir='ltr'><strong>si</strong></span> <span class='ocrx_word' id='word_1_376' title='bbox 3125 567 3188 608; x_wconf 78' lang='lat' dir='ltr'><strong>ex</strong></span> <span class='ocrx_word' id='word_1_377' title='bbox 3217 551 3470 608; x_wconf 86' lang='lat' dir='ltr'><strong>omnibus</strong></span> <span class='ocrx_word' id='word_1_378' title='bbox 3504 551 3924 621; x_wconf 87' lang='lat' dir='ltr'><strong>Evangeliorum</strong></span> 
     </span>
    </p>
   </div>
   <div class='ocr_carea' id='block_1_49' title="bbox 2361 653 3924 728">
    <p class='ocr_par' dir='ltr' id='par_1_49' title="bbox 2361 653 3924 728">
     <span class='ocr_line' id='line_1_49' title="bbox 2361 653 3924 728; baseline -0.001 -22"><span class='ocrx_word' id='word_1_379' title='bbox 2361 653 2494 710; x_wconf 89' lang='lat' dir='ltr'><strong>locis</strong></span> <span class='ocrx_word' id='word_1_380' title='bbox 2527 653 2833 708; x_wconf 87' lang='lat' dir='ltr'><strong>testimonia</strong></span> <span class='ocrx_word' id='word_1_381' title='bbox 2867 668 3256 723; x_wconf 87' lang='lat' dir='ltr'><strong>congregemus</strong></span> <span class='ocrx_word' id='word_1_382' title='bbox 3279 694 3294 718; x_wconf 93' lang='lat'><strong>,</strong></span> <span class='ocrx_word' id='word_1_383' title='bbox 3348 654 3545 728; x_wconf 78' lang='lat' dir='ltr'><strong>quibus</strong></span> <span class='ocrx_word' id='word_1_384' title='bbox 3580 668 3720 708; x_wconf 87' lang='lat' dir='ltr'><strong>unus</strong></span> <span class='ocrx_word' id='word_1_385' title='bbox 3760 665 3924 722; x_wconf 88' lang='lat' dir='ltr'><strong>atqtte</strong></span> 
     </span>
    </p>
   </div>
   <div class='ocr_carea' id='block_1_50' title="bbox 2361 756 3923 826">
    <p class='ocr_par' dir='ltr' id='par_1_50' title="bbox 2361 756 3923 826">
     <span class='ocr_line' id='line_1_50' title="bbox 2361 756 3923 826; baseline 0.003 -19"><span class='ocrx_word' id='word_1_386' title='bbox 2361 757 2680 810; x_wconf 89' lang='lat' dir='ltr'><strong>idem-Deus</strong></span> <span class='ocrx_word' id='word_1_387' title='bbox 2729 756 2862 826; x_wconf 81' lang='lat' dir='ltr'><strong>legis</strong></span> <span class='ocrx_word' id='word_1_388' title='bbox 2919 766 2972 810; x_wconf 92' lang='lat' dir='ltr'><strong>et</strong></span> <span class='ocrx_word' id='word_1_389' title='bbox 3010 756 3420 825; x_wconf 84' lang='lat' dir='ltr'><strong>Evangelio‘rum</strong></span> <span class='ocrx_word' id='word_1_390' title='bbox 3451 760 3590 810; x_wconf 87' lang='lat' dir='ltr'><strong>&#39;esse</strong></span> <span class='ocrx_word' id='word_1_391' title='bbox 3639 757 3923 811; x_wconf 82' lang='lat' dir='ltr'><strong>doceatur.</strong></span> 
     </span>
    </p>
   </div>
   <div class='ocr_carea' id='block_1_51' title="bbox 2358 848 3927 920">
    <p class='ocr_par' dir='ltr' id='par_1_51' title="bbox 2358 848 3927 920">
     <span class='ocr_line' id='line_1_51' title="bbox 2358 848 3927 920; baseline 0.001 -18"><span class='ocrx_word' id='word_1_392' title='bbox 2358 848 2751 918; x_wconf 79' lang='lat' dir='ltr'><strong>Contingemus</strong></span> <span class='ocrx_word' id='word_1_393' title='bbox 2786 859 2965 902; x_wconf 90' lang='lat' dir='ltr'><strong>tamen</strong></span> <span class='ocrx_word' id='word_1_394' title='bbox 2993 850 3102 920; x_wconf 80' lang='lat'>(5&#39;5)</span> <span class='ocrx_word' id='word_1_395' title='bbox 3141 851 3376 904; x_wconf 88' lang='lat' dir='ltr'><strong>breviter</strong></span> <span class='ocrx_word' id='word_1_396' title='bbox 3410 850 3571 903; x_wconf 91' lang='lat' dir='ltr'><strong>etiam</strong></span> <span class='ocrx_word' id='word_1_397' title='bbox 3605 848 3672 902; x_wconf 91' lang='lat' dir='ltr'><strong>de</strong></span> <span class='ocrx_word' id='word_1_398' title='bbox 3701 848 3927 903; x_wconf 80' lang='lat' dir='ltr'><strong>Actibus</strong></span> 
     </span>
    </p>
   </div>
   <div class='ocr_carea' id='block_1_52' title="bbox 2358 940 3927 1010">
    <p class='ocr_par' dir='ltr' id='par_1_52' title="bbox 2358 940 3927 1010">
     <span class='ocr_line' id='line_1_52' title="bbox 2358 940 3927 1010; baseline 0.001 -18"><span class='ocrx_word' id='word_1_399' title='bbox 2358 941 2723 1010; x_wconf 87' lang='lat' dir='ltr'><strong>apostolorum</strong></span> <span class='ocrx_word' id='word_1_400' title='bbox 2755 942 2823 1006; x_wconf 75' lang='grc'><strong>⁷⁸,</strong></span> <span class='ocrx_word' id='word_1_401' title='bbox 2875 941 2962 994; x_wconf 92' lang='lat' dir='ltr'><strong>ubi</strong></span> <span class='ocrx_word' id='word_1_402' title='bbox 3017 940 3334 1009; x_wconf 86' lang='lat' dir='ltr'><strong>Stephanus</strong></span> <span class='ocrx_word' id='word_1_403' title='bbox 3376 951 3430 995; x_wconf 92' lang='lat' dir='ltr'><strong>et</strong></span> <span class='ocrx_word' id='word_1_404' title='bbox 3463 941 3688 1008; x_wconf 86' lang='lat' dir='ltr'><strong>apostoli</strong></span> <span class='ocrx_word' id='word_1_405' title='bbox 3738 954 3927 1009; x_wconf 87' lang='lat' dir='ltr'><strong>preces</strong></span> 
     </span>
    </p>
   </div>
   <div class='ocr_carea' id='block_1_53' title="bbox 2359 1019 3926 1103">
    <p class='ocr_par' dir='ltr' id='par_1_53' title="bbox 2359 1019 3926 1103">
     <span class='ocr_line' id='line_1_53' title="bbox 2359 1019 3926 1103; baseline 0 -18"><span class='ocrx_word' id='word_1_406' title='bbox 2359 1019 2756 1101; x_wconf 74' lang='lat' dir='ltr'><strong>suasdirigiint</strong></span> <span class='ocrx_word' id='word_1_407' title='bbox 2785 1033 2850 1085; x_wconf 91' lang='lat' dir='ltr'><strong>ad</strong></span> <span class='ocrx_word' id='word_1_408' title='bbox 2879 1047 3000 1085; x_wconf 93' lang='lat' dir='ltr'><strong>eum</strong></span> <span class='ocrx_word' id='word_1_409' title='bbox 3034 1032 3201 1086; x_wconf 87' lang='lat' dir='ltr'><strong>Deum</strong></span> <span class='ocrx_word' id='word_1_410' title='bbox 3236 1034 3328 1103; x_wconf 92' lang='lat' dir='ltr'><strong>qui</strong></span> <span class='ocrx_word' id='word_1_411' title='bbox 3357 1032 3486 1087; x_wconf 85' lang='lat' dir='ltr'><strong>fecit</strong></span> <span class='ocrx_word' id='word_1_412' title='bbox 3513 1034 3712 1088; x_wconf 73' lang='lat' dir='ltr'><strong>cmlum</strong></span> <span class='ocrx_word' id='word_1_413' title='bbox 3742 1042 3794 1086; x_wconf 92' lang='lat' dir='ltr'><strong>et</strong></span> <span class='ocrx_word' id='word_1_414' title='bbox 3818 1043 3926 1086; x_wconf 86' lang='lat' dir='ltr'><strong>ter-</strong></span> 
     </span>
    </p>
   </div>
   <div class='ocr_carea' id='block_1_54' title="bbox 2361 1124 3928 1194">
    <p class='ocr_par' dir='ltr' id='par_1_54' title="bbox 2361 1124 3928 1194">
     <span class='ocr_line' id='line_1_54' title="bbox 2361 1124 3928 1194; baseline -0.001 -16"><span class='ocrx_word' id='word_1_415' title='bbox 2361 1141 2500 1188; x_wconf 89' lang='lat' dir='ltr'><strong>ram,</strong></span> <span class='ocrx_word' id='word_1_416' title='bbox 2527 1133 2580 1178; x_wconf 90' lang='lat' dir='ltr'><strong>et</strong></span> <span class='ocrx_word' id='word_1_417' title='bbox 2607 1127 2697 1194; x_wconf 91' lang='lat' dir='ltr'><strong>qui</strong></span> <span class='ocrx_word' id='word_1_418' title='bbox 2727 1124 2941 1179; x_wconf 88' lang='lat' dir='ltr'><strong>locutus</strong></span> <span class='ocrx_word' id='word_1_419' title='bbox 2963 1133 3046 1178; x_wconf 89' lang='lat' dir='ltr'><strong>est</strong></span> <span class='ocrx_word' id='word_1_420' title='bbox 3077 1141 3173 1193; x_wconf 91' lang='lat' dir='ltr'><strong>per</strong></span> <span class='ocrx_word' id='word_1_421' title='bbox 3199 1141 3259 1180; x_wconf 94' lang='lat' dir='ltr'><strong>os</strong></span> <span class='ocrx_word' id='word_1_422' title='bbox 3286 1137 3601 1180; x_wconf 87' lang='lat' dir='ltr'><strong>sanctorum</strong></span> <span class='ocrx_word' id='word_1_423' title='bbox 3631 1125 3928 1194; x_wconf 84' lang='lat' dir='ltr'><strong>propheta-</strong></span> 
     </span>
    </p>
   </div>
   <div class='ocr_carea' id='block_1_55' title="bbox 2361 1215 3928 1285">
    <p class='ocr_par' dir='ltr' id='par_1_55' title="bbox 2361 1215 3928 1285">
     <span class='ocr_line' id='line_1_55' title="bbox 2361 1215 3928 1285; baseline 0.001 -16"><span class='ocrx_word' id='word_1_424' title='bbox 2361 1232 2476 1269; x_wconf 86' lang='lat' dir='ltr'><strong>rum</strong></span> <span class='ocrx_word' id='word_1_425' title='bbox 2508 1231 2766 1281; x_wconf 88' lang='lat' dir='ltr'><strong>suorum;</strong></span> <span class='ocrx_word' id='word_1_426' title='bbox 2796 1216 2965 1285; x_wconf 88' lang='lat' dir='ltr'><strong>ipsum</strong></span> <span class='ocrx_word' id='word_1_427' title='bbox 2991 1217 3237 1271; x_wconf 84' lang='lat' dir='ltr'><strong>dicentes</strong></span> <span class='ocrx_word' id='word_1_428' title='bbox 3269 1219 3430 1271; x_wconf 90' lang='lat' dir='ltr'><strong>Deum</strong></span> <span class='ocrx_word' id='word_1_429' title='bbox 3459 1217 3753 1281; x_wconf 81' lang='lat' dir='ltr'><strong>Abraham,</strong></span> <span class='ocrx_word' id='word_1_430' title='bbox 3776 1215 3928 1270; x_wconf 82' lang='lat' dir='ltr'><strong>Isaac</strong></span> 
     </span>
    </p>
   </div>
   <div class='ocr_carea' id='block_1_56' title="bbox 2360 1305 3926 1377">
    <p class='ocr_par' dir='ltr' id='par_1_56' title="bbox 2360 1305 3926 1377">
     <span class='ocr_line' id='line_1_56' title="bbox 2360 1305 3926 1377; baseline 0.001 -17"><span class='ocrx_word' id='word_1_431' title='bbox 2360 1317 2414 1361; x_wconf 90' lang='lat' dir='ltr'><strong>et</strong></span> <span class='ocrx_word' id='word_1_432' title='bbox 2440 1305 2607 1362; x_wconf 86' lang='lat' dir='ltr'><strong>Jacob</strong></span> <span class='ocrx_word' id='word_1_433' title='bbox 2635 1327 2648 1372; x_wconf 90' lang='lat'><strong>;</strong></span> <span class='ocrx_word' id='word_1_434' title='bbox 2686 1308 2851 1361; x_wconf 80' lang='lat' dir='ltr'><strong>Deum</strong></span> <span class='ocrx_word' id='word_1_435' title='bbox 2883 1309 2973 1376; x_wconf 91' lang='lat' dir='ltr'><strong>qui</strong></span> <span class='ocrx_word' id='word_1_436' title='bbox 3006 1308 3192 1362; x_wconf 78' lang='lat' dir='ltr'><strong>eduxit</strong></span> <span class='ocrx_word' id='word_1_437' title='bbox 3218 1309 3471 1377; x_wconf 90' lang='lat' dir='ltr'><strong>populum</strong></span> <span class='ocrx_word' id='word_1_438' title='bbox 3505 1324 3660 1361; x_wconf 88' lang='lat' dir='ltr'><strong>suum</strong></span> <span class='ocrx_word' id='word_1_439' title='bbox 3687 1308 3751 1362; x_wconf 87' lang='lat' dir='ltr'><strong>de</strong></span> <span class='ocrx_word' id='word_1_440' title='bbox 3783 1317 3926 1362; x_wconf 87' lang='lat' dir='ltr'><strong>terra</strong></span> 
     </span>
    </p>
   </div>
   <div class='ocr_carea' id='block_1_57' title="bbox 2361 1399 3932 1470">
    <p class='ocr_par' dir='ltr' id='par_1_57' title="bbox 2361 1399 3932 1470">
     <span class='ocr_line' id='line_1_57' title="bbox 2361 1399 3932 1470; baseline 0.001 -17"><span class='ocrx_word' id='word_1_441' title='bbox 2361 1399 2605 1470; x_wconf 61' lang='lat' dir='ltr'><strong>Egypti.</strong></span> <span class='ocrx_word' id='word_1_442' title='bbox 2641 1401 2771 1466; x_wconf 68' lang='lat' dir='ltr'><strong>Quze</strong></span> <span class='ocrx_word' id='word_1_443' title='bbox 2822 1400 3108 1454; x_wconf 57' lang='lat' dir='ltr'><strong>sententiae</strong></span> <span class='ocrx_word' id='word_1_444' title='bbox 3151 1416 3368 1455; x_wconf 89' lang='lat' dir='ltr'><strong>sensum</strong></span> <span class='ocrx_word' id='word_1_445' title='bbox 3420 1411 3664 1454; x_wconf 89' lang='lat' dir='ltr'><strong>nostrum</strong></span> <span class='ocrx_word' id='word_1_446' title='bbox 3707 1401 3932 1454; x_wconf 84' lang='lat' dir='ltr'><strong>eviden-</strong></span> 
     </span>
    </p>
   </div>
   <div class='ocr_carea' id='block_1_58' title="bbox 2363 1491 3931 1562">
    <p class='ocr_par' dir='ltr' id='par_1_58' title="bbox 2363 1491 3931 1562">
     <span class='ocr_line' id='line_1_58' title="bbox 2363 1491 3931 1562; baseline 0 -16"><span class='ocrx_word' id='word_1_447' title='bbox 2363 1492 2565 1546; x_wconf 78' lang='lat' dir='ltr'><strong>tiSsime</strong></span> <span class='ocrx_word' id='word_1_448' title='bbox 2595 1495 2711 1546; x_wconf 90' lang='lat' dir='ltr'><strong>sine</strong></span> <span class='ocrx_word' id='word_1_449' title='bbox 2747 1493 2909 1546; x_wconf 91' lang='lat' dir='ltr'><strong>dubio</strong></span> <span class='ocrx_word' id='word_1_450' title='bbox 2951 1492 3017 1545; x_wconf 92' lang='lat' dir='ltr'><strong>ad</strong></span> <span class='ocrx_word' id='word_1_451' title='bbox 3069 1491 3349 1546; x_wconf 84' lang='lat' dir='ltr'><strong>Creatoris</strong></span> <span class='ocrx_word' id='word_1_452' title='bbox 3390 1493 3629 1562; x_wconf 86' lang='lat' dir='ltr'><strong>dirigunt</strong></span> <span class='ocrx_word' id='word_1_453' title='bbox 3660 1491 3838 1552; x_wconf 82' lang='lat' dir='ltr'><strong>fidem.</strong></span> <span class='ocrx_word' id='word_1_454' title='bbox 3875 1504 3931 1546; x_wconf 91' lang='lat' dir='ltr'><strong>ct</strong></span> 
     </span>
    </p>
   </div>
   <div class='ocr_carea' id='block_1_59' title="bbox 2362 1583 3930 1653">
    <p class='ocr_par' dir='ltr' id='par_1_59' title="bbox 2362 1583 3930 1653">
     <span class='ocr_line' id='line_1_59' title="bbox 2362 1583 3930 1653; baseline 0.001 -17"><span class='ocrx_word' id='word_1_455' title='bbox 2362 1583 2611 1637; x_wconf 80' lang='lat' dir='ltr'><strong>affectum</strong></span> <span class='ocrx_word' id='word_1_456' title='bbox 2646 1583 2764 1653; x_wconf 77' lang='lat' dir='ltr'><strong>ejus</strong></span> <span class='ocrx_word' id='word_1_457' title='bbox 2797 1583 3041 1638; x_wconf 88' lang='lat' dir='ltr'><strong>inserunt</strong></span> <span class='ocrx_word' id='word_1_458' title='bbox 3075 1585 3159 1638; x_wconf 82' lang='lat' dir='ltr'><strong>his</strong></span> <span class='ocrx_word' id='word_1_459' title='bbox 3189 1584 3276 1652; x_wconf 94' lang='lat' dir='ltr'><strong>qui</strong></span> <span class='ocrx_word' id='word_1_460' title='bbox 3315 1584 3428 1637; x_wconf 72' lang='lat' dir='ltr'><strong>haec</strong></span> <span class='ocrx_word' id='word_1_461' title='bbox 3469 1586 3555 1652; x_wconf 90' lang='lat' dir='ltr'><strong>pie</strong></span> <span class='ocrx_word' id='word_1_462' title='bbox 3596 1585 3661 1637; x_wconf 90' lang='lat' dir='ltr'><strong>de</strong></span> <span class='ocrx_word' id='word_1_463' title='bbox 3699 1598 3764 1638; x_wconf 93' lang='lat' dir='ltr'><strong>eo</strong></span> <span class='ocrx_word' id='word_1_464' title='bbox 3798 1585 3930 1638; x_wconf 85' lang='lat' dir='ltr'><strong>lide-</strong></span> 
     </span>
    </p>
   </div>
   <div class='ocr_carea' id='block_1_60' title="bbox 2363 1676 3932 1746">
    <p class='ocr_par' dir='ltr' id='par_1_60' title="bbox 2363 1676 3932 1746">
     <span class='ocr_line' id='line_1_60' title="bbox 2363 1676 3932 1746; baseline -0.001 -16"><span class='ocrx_word' id='word_1_465' title='bbox 2363 1677 2597 1746; x_wconf 86' lang='lat' dir='ltr'><strong>literque</strong></span> <span class='ocrx_word' id='word_1_466' title='bbox 2626 1677 2970 1740; x_wconf 89' lang='lat' dir='ltr'><strong>didicerunt;</strong></span> <span class='ocrx_word' id='word_1_467' title='bbox 3002 1676 3144 1730; x_wconf 88' lang='lat' dir='ltr'><strong>sicut</strong></span> <span class='ocrx_word' id='word_1_468' title='bbox 3171 1685 3226 1730; x_wconf 86' lang='lat' dir='ltr'><strong>et</strong></span> <span class='ocrx_word' id='word_1_469' title='bbox 3269 1677 3382 1745; x_wconf 89' lang='lat' dir='ltr'><strong>ipse</strong></span> <span class='ocrx_word' id='word_1_470' title='bbox 3415 1676 3666 1730; x_wconf 88' lang='lat' dir='ltr'><strong>Salvator</strong></span> <span class='ocrx_word' id='word_1_471' title='bbox 3695 1692 3816 1729; x_wconf 87' lang='lat' dir='ltr'><strong>cum</strong></span> <span class='ocrx_word' id='word_1_472' title='bbox 3848 1677 3932 1729; x_wconf 80' lang='lat' dir='ltr'><strong>ia-</strong></span> 
     </span>
    </p>
   </div>
   <div class='ocr_carea' id='block_1_61' title="bbox 2367 1768 3928 1836">
    <p class='ocr_par' dir='ltr' id='par_1_61' title="bbox 2367 1768 3928 1836">
     <span class='ocr_line' id='line_1_61' title="bbox 2367 1768 3928 1836; baseline -0.003 -14"><span class='ocrx_word' id='word_1_473' title='bbox 2367 1775 2671 1834; x_wconf 79' lang='lat' dir='ltr'><strong>terrogatus</strong></span> <span class='ocrx_word' id='word_1_474' title='bbox 2715 1777 2860 1822; x_wconf 91' lang='lat' dir='ltr'><strong>esset</strong></span> <span class='ocrx_word' id='word_1_475' title='bbox 2907 1769 3050 1836; x_wconf 87' lang='lat' dir='ltr'><strong>quod</strong></span> <span class='ocrx_word' id='word_1_476' title='bbox 3098 1769 3410 1821; x_wconf 82' lang='lat' dir='ltr'><strong>mandatum</strong></span> <span class='ocrx_word' id='word_1_477' title='bbox 3458 1777 3602 1821; x_wconf 85' lang='lat' dir='ltr'><strong>esset</strong></span> <span class='ocrx_word' id='word_1_478' title='bbox 3629 1768 3928 1820; x_wconf 67' lang='lat' dir='ltr'><strong>maximum</strong></span> 
     </span>
    </p>
   </div>
   <div class='ocr_carea' id='block_1_62' title="bbox 2364 1849 3922 1934">
    <p class='ocr_par' dir='ltr' id='par_1_62' title="bbox 2364 1849 3922 1934">
     <span class='ocr_line' id='line_1_62' title="bbox 2364 1849 3922 1934; baseline -0.003 -18"><span class='ocrx_word' id='word_1_479' title='bbox 2364 1862 2601 1916; x_wconf 80' lang='lat' dir='ltr'><strong>ninnium</strong></span> <span class='ocrx_word' id='word_1_480' title='bbox 2643 1862 2694 1914; x_wconf 94' lang='lat' dir='ltr'><strong>in</strong></span> <span class='ocrx_word' id='word_1_481' title='bbox 2736 1860 2885 1930; x_wconf 91' lang='lat' dir='ltr'><strong>lege,</strong></span> <span class='ocrx_word' id='word_1_482' title='bbox 2919 1849 3235 1929; x_wconf 83' lang='lat' dir='ltr'><strong>respondit,</strong></span> <span class='ocrx_word' id='word_1_483' title='bbox 3268 1860 3496 1913; x_wconf 88' lang='lat' dir='ltr'><strong>dicens:</strong></span> <span class='ocrx_word' id='word_1_484' title='bbox 3531 1877 3549 1910; x_wconf 72' lang='grc' dir='ltr'>ι</span> <span class='ocrx_word' id='word_1_485' title='bbox 3592 1858 3790 1934; x_wconf 85' lang='lat' dir='ltr'><strong>Diliges</strong></span> <span class='ocrx_word' id='word_1_486' title='bbox 3819 1858 3922 1912; x_wconf 90' lang='lat' dir='ltr'><strong>Du-</strong></span> 
     </span>
    </p>
   </div>
   <div class='ocr_carea' id='block_1_63' title="bbox 2363 1950 3930 2025">
    <p class='ocr_par' dir='ltr' id='par_1_63' title="bbox 2363 1950 3930 2025">
     <span class='ocr_line' id='line_1_63' title="bbox 2363 1950 3930 2025; baseline -0.003 -9"><span class='ocrx_word' id='word_1_487' title='bbox 2363 1963 2568 2016; x_wconf 77' lang='lat' dir='ltr'><strong>niinum</strong></span> <span class='ocrx_word' id='word_1_488' title='bbox 2620 1961 2785 2014; x_wconf 89' lang='lat' dir='ltr'><strong>Deum</strong></span> <span class='ocrx_word' id='word_1_489' title='bbox 2840 1950 2988 2016; x_wconf 82' lang='lat' dir='ltr'><strong>tuum</strong></span> <span class='ocrx_word' id='word_1_490' title='bbox 3022 1976 3086 2014; x_wconf 78' lang='lat' dir='ltr'><strong>ex</strong></span> <span class='ocrx_word' id='word_1_491' title='bbox 3126 1969 3238 2014; x_wconf 88' lang='lat' dir='ltr'><strong>toto</strong></span> <span class='ocrx_word' id='word_1_492' title='bbox 3281 1959 3444 2014; x_wconf 88' lang='lat' dir='ltr'><strong>corde</strong></span> <span class='ocrx_word' id='word_1_493' title='bbox 3476 1969 3587 2025; x_wconf 89' lang='lat' dir='ltr'><strong>tuo,</strong></span> <span class='ocrx_word' id='word_1_494' title='bbox 3617 1968 3670 2013; x_wconf 90' lang='lat' dir='ltr'><strong>et</strong></span> <span class='ocrx_word' id='word_1_495' title='bbox 3717 1973 3784 2012; x_wconf 81' lang='lat' dir='ltr'><strong>ex</strong></span> <span class='ocrx_word' id='word_1_496' title='bbox 3815 1968 3930 2014; x_wconf 87' lang='lat' dir='ltr'><strong>tota</strong></span> 
     </span>
    </p>
   </div>
   <div class='ocr_carea' id='block_1_64' title="bbox 2360 2062 3930 2126">
    <p class='ocr_par' dir='ltr' id='par_1_64' title="bbox 2360 2062 3930 2126">
     <span class='ocr_line' id='line_1_64' title="bbox 2360 2062 3930 2126; baseline -0.003 -8"><span class='ocrx_word' id='word_1_497' title='bbox 2360 2068 2540 2118; x_wconf 89' lang='lat' dir='ltr'><strong>anima</strong></span> <span class='ocrx_word' id='word_1_498' title='bbox 2576 2074 2687 2126; x_wconf 88' lang='lat' dir='ltr'><strong>tua,</strong></span> <span class='ocrx_word' id='word_1_499' title='bbox 2717 2071 2771 2116; x_wconf 91' lang='lat' dir='ltr'><strong>et</strong></span> <span class='ocrx_word' id='word_1_500' title='bbox 2797 2078 2862 2116; x_wconf 81' lang='lat' dir='ltr'><strong>ex</strong></span> <span class='ocrx_word' id='word_1_501' title='bbox 2898 2073 3007 2115; x_wconf 86' lang='lat' dir='ltr'><strong>tota</strong></span> <span class='ocrx_word' id='word_1_502' title='bbox 3042 2071 3222 2114; x_wconf 81' lang='lat' dir='ltr'><strong>tuente</strong></span> <span class='ocrx_word' id='word_1_503' title='bbox 3249 2071 3360 2118; x_wconf 89' lang='lat' dir='ltr'><strong>tua.</strong></span> <span class='ocrx_word' id='word_1_504' title='bbox 3392 2062 3704 2119; x_wconf 88' lang='lat' dir='ltr'><strong>Secundum</strong></span> <span class='ocrx_word' id='word_1_505' title='bbox 3744 2073 3930 2116; x_wconf 87' lang='lat' dir='ltr'><strong>autem</strong></span> 
     </span>
    </p>
   </div>
   <div class='ocr_carea' id='block_1_65' title="bbox 2360 2153 3934 2221">
    <p class='ocr_par' dir='ltr' id='par_1_65' title="bbox 2360 2153 3934 2221">
     <span class='ocr_line' id='line_1_65' title="bbox 2360 2153 3934 2221; baseline 0.001 -16"><span class='ocrx_word' id='word_1_506' title='bbox 2360 2156 2535 2207; x_wconf 89' lang='lat' dir='ltr'><strong>simile</strong></span> <span class='ocrx_word' id='word_1_507' title='bbox 2579 2163 2660 2207; x_wconf 87' lang='lat' dir='ltr'><strong>est</strong></span> <span class='ocrx_word' id='word_1_508' title='bbox 2702 2154 2863 2207; x_wconf 87' lang='lat' dir='ltr'><strong>huic:</strong></span> <span class='ocrx_word' id='word_1_509' title='bbox 2903 2153 3098 2220; x_wconf 85' lang='lat' dir='ltr'><strong>Diliges</strong></span> <span class='ocrx_word' id='word_1_510' title='bbox 3128 2153 3432 2221; x_wconf 81' lang='lat' dir='ltr'><strong>proximum</strong></span> <span class='ocrx_word' id='word_1_511' title='bbox 3466 2163 3613 2206; x_wconf 92' lang='lat' dir='ltr'><strong>tuum</strong></span> <span class='ocrx_word' id='word_1_512' title='bbox 3643 2153 3786 2208; x_wconf 90' lang='lat' dir='ltr'><strong>sicut</strong></span> <span class='ocrx_word' id='word_1_513' title='bbox 3829 2155 3934 2206; x_wconf 90' lang='lat' dir='ltr'><strong>tei-</strong></span> 
     </span>
    </p>
   </div>
   <div class='ocr_carea' id='block_1_66' title="bbox 2361 2242 3934 2311">
    <p class='ocr_par' dir='ltr' id='par_1_66' title="bbox 2361 2242 3934 2311">
     <span class='ocr_line' id='line_1_66' title="bbox 2361 2242 3934 2311; baseline 0.002 -20"><span class='ocrx_word' id='word_1_514' title='bbox 2361 2259 2534 2310; x_wconf 87' lang='lat' dir='ltr'><strong>psum.</strong></span> <span class='ocrx_word' id='word_1_515' title='bbox 2570 2263 2588 2294; x_wconf 71' lang='grc' dir='ltr'><strong><em>ι</em></strong></span> <span class='ocrx_word' id='word_1_516' title='bbox 2624 2243 2690 2296; x_wconf 83' lang='lat' dir='ltr'><strong>Et</strong></span> <span class='ocrx_word' id='word_1_517' title='bbox 2723 2243 2805 2296; x_wconf 91' lang='lat' dir='ltr'><strong>his</strong></span> <span class='ocrx_word' id='word_1_518' title='bbox 2836 2243 3073 2308; x_wconf 90' lang='lat' dir='ltr'><strong>addidit,</strong></span> <span class='ocrx_word' id='word_1_519' title='bbox 3108 2260 3126 2293; x_wconf 76' lang='grc' dir='ltr'>ι</span> <span class='ocrx_word' id='word_1_520' title='bbox 3160 2243 3285 2311; x_wconf 93' lang='lat' dir='ltr'><strong>quia</strong></span> <span class='ocrx_word' id='word_1_521' title='bbox 3316 2243 3367 2295; x_wconf 92' lang='lat' dir='ltr'><strong>in</strong></span> <span class='ocrx_word' id='word_1_522' title='bbox 3400 2242 3515 2296; x_wconf 92' lang='lat' dir='ltr'><strong>istis</strong></span> <span class='ocrx_word' id='word_1_523' title='bbox 3545 2243 3756 2296; x_wconf 89' lang='lat' dir='ltr'><strong>duobus</strong></span> <span class='ocrx_word' id='word_1_524' title='bbox 3778 2258 3934 2295; x_wconf 84' lang='lat' dir='ltr'><strong>man-</strong></span> 
     </span>
    </p>
   </div>
   <div class='ocr_carea' id='block_1_67' title="bbox 2361 2334 3920 2408">
    <p class='ocr_par' dir='ltr' id='par_1_67' title="bbox 2361 2334 3920 2408">
     <span class='ocr_line' id='line_1_67' title="bbox 2361 2334 3920 2408; baseline 0.003 -22"><span class='ocrx_word' id='word_1_525' title='bbox 2361 2335 2500 2388; x_wconf 91' lang='lat' dir='ltr'><strong>datis</strong></span> <span class='ocrx_word' id='word_1_526' title='bbox 2547 2343 2654 2388; x_wconf 86' lang='lat' dir='ltr'><strong>tota</strong></span> <span class='ocrx_word' id='word_1_527' title='bbox 2703 2336 2787 2388; x_wconf 81' lang='lat' dir='ltr'><strong>lex</strong></span> <span class='ocrx_word' id='word_1_528' title='bbox 2849 2337 3047 2404; x_wconf 84' lang='lat' dir='ltr'><strong>pendet</strong></span> <span class='ocrx_word' id='word_1_529' title='bbox 3125 2343 3180 2388; x_wconf 90' lang='lat' dir='ltr'><strong>et</strong></span> <span class='ocrx_word' id='word_1_530' title='bbox 3258 2334 3531 2403; x_wconf 72' lang='lat' dir='ltr'><strong>propheta:</strong></span> <span class='ocrx_word' id='word_1_531' title='bbox 3559 2334 3626 2389; x_wconf 83' lang='grc'><strong>⁷⁸.</strong></span> <span class='ocrx_word' id='word_1_532' title='bbox 3687 2351 3706 2384; x_wconf 71' lang='grc' dir='ltr'><strong><em>ι</em></strong></span> <span class='ocrx_word' id='word_1_533' title='bbox 3769 2335 3920 2408; x_wconf 71' lang='grc' dir='ltr'><strong>οης)-</strong></span> 
     </span>
    </p>
   </div>
   <div class='ocr_carea' id='block_1_68' title="bbox 2363 2426 3934 2494">
    <p class='ocr_par' dir='ltr' id='par_1_68' title="bbox 2363 2426 3934 2494">
     <span class='ocr_line' id='line_1_68' title="bbox 2363 2426 3934 2494; baseline 0 -17"><span class='ocrx_word' id='word_1_534' title='bbox 2363 2426 2527 2478; x_wconf 91' lang='lat' dir='ltr'><strong>modo</strong></span> <span class='ocrx_word' id='word_1_535' title='bbox 2561 2440 2692 2494; x_wconf 84' lang='lat' dir='ltr'><strong>ergo</strong></span> <span class='ocrx_word' id='word_1_536' title='bbox 2746 2426 2794 2478; x_wconf 92' lang='lat' dir='ltr'><strong>ei</strong></span> <span class='ocrx_word' id='word_1_537' title='bbox 2842 2443 3002 2493; x_wconf 81' lang='lat' dir='ltr'><strong>quem</strong></span> <span class='ocrx_word' id='word_1_538' title='bbox 3040 2427 3322 2483; x_wconf 85' lang='lat' dir='ltr'><strong>erudiebat</strong></span> <span class='ocrx_word' id='word_1_539' title='bbox 3369 2426 3612 2492; x_wconf 89' lang='lat' dir='ltr'><strong>atquein</strong></span> <span class='ocrx_word' id='word_1_540' title='bbox 3643 2426 3934 2494; x_wconf 87' lang='lat' dir='ltr'><strong>discipula-</strong></span> 
     </span>
    </p>
   </div>
   <div class='ocr_carea' id='block_1_69' title="bbox 2362 2516 3929 2588">
    <p class='ocr_par' dir='ltr' id='par_1_69' title="bbox 2362 2516 3929 2588">
     <span class='ocr_line' id='line_1_69' title="bbox 2362 2516 3929 2588; baseline 0.003 -22"><span class='ocrx_word' id='word_1_541' title='bbox 2362 2525 2468 2569; x_wconf 88' lang='lat' dir='ltr'><strong>tqu</strong></span> <span class='ocrx_word' id='word_1_542' title='bbox 2504 2516 2615 2585; x_wconf 70' lang='grc'>(54)</span> <span class='ocrx_word' id='word_1_543' title='bbox 2665 2518 3015 2588; x_wconf 79' lang='lat' dir='ltr'><strong>producebat,</strong></span> <span class='ocrx_word' id='word_1_544' title='bbox 3070 2518 3172 2569; x_wconf 90' lang='lat' dir='ltr'><strong>hoc</strong></span> <span class='ocrx_word' id='word_1_545' title='bbox 3223 2516 3536 2569; x_wconf 83' lang='lat' dir='ltr'><strong>mandatum</strong></span> <span class='ocrx_word' id='word_1_546' title='bbox 3581 2526 3706 2570; x_wconf 91' lang='lat' dir='ltr'><strong>ante</strong></span> <span class='ocrx_word' id='word_1_547' title='bbox 3747 2519 3929 2572; x_wconf 90' lang='lat' dir='ltr'><strong>omnia</strong></span> 
     </span>
    </p>
   </div>
   <div class='ocr_carea' id='block_1_70' title="bbox 2361 2603 3930 2673">
    <p class='ocr_par' dir='ltr' id='par_1_70' title="bbox 2361 2603 3930 2673">
     <span class='ocr_line' id='line_1_70' title="bbox 2361 2603 3930 2673; baseline -0.003 -13"><span class='ocrx_word' id='word_1_548' title='bbox 2361 2606 2613 2660; x_wconf 87' lang='lat' dir='ltr'><strong>mandata</strong></span> <span class='ocrx_word' id='word_1_549' title='bbox 2635 2605 3000 2669; x_wconf 89' lang='lat' dir='ltr'><strong>connnendat,</strong></span> <span class='ocrx_word' id='word_1_550' title='bbox 3037 2620 3132 2673; x_wconf 89' lang='lat' dir='ltr'><strong>per</strong></span> <span class='ocrx_word' id='word_1_551' title='bbox 3155 2606 3297 2672; x_wconf 87' lang='lat' dir='ltr'><strong>quod</strong></span> <span class='ocrx_word' id='word_1_552' title='bbox 3327 2604 3449 2671; x_wconf 23' lang='lat' dir='ltr'><strong>sine.</strong></span> <span class='ocrx_word' id='word_1_553' title='bbox 3472 2604 3634 2657; x_wconf 90' lang='lat' dir='ltr'><strong>dubio</strong></span> <span class='ocrx_word' id='word_1_554' title='bbox 3667 2604 3721 2656; x_wconf 90' lang='lat' dir='ltr'><strong>in</strong></span> <span class='ocrx_word' id='word_1_555' title='bbox 3757 2603 3930 2656; x_wconf 85' lang='lat' dir='ltr'><strong>Deum</strong></span> 
     </span>
    </p>
   </div>
   <div class='ocr_carea' id='block_1_71' title="bbox 2361 2694 3934 2766">
    <p class='ocr_par' dir='ltr' id='par_1_71' title="bbox 2361 2694 3934 2766">
     <span class='ocr_line' id='line_1_71' title="bbox 2361 2694 3934 2766; baseline 0.001 -16"><span class='ocrx_word' id='word_1_556' title='bbox 2361 2694 2491 2766; x_wconf 78' lang='lat' dir='ltr'><strong>legis</strong></span> <span class='ocrx_word' id='word_1_557' title='bbox 2525 2695 2639 2762; x_wconf 83' lang='lat' dir='ltr'><strong>ejus</strong></span> <span class='ocrx_word' id='word_1_558' title='bbox 2677 2695 3068 2750; x_wconf 90' lang='lat' dir='ltr'><strong>conciliaretur</strong></span> <span class='ocrx_word' id='word_1_559' title='bbox 3097 2695 3343 2763; x_wconf 81' lang='lat' dir='ltr'><strong>aﬂ&#39;eclus,</strong></span> <span class='ocrx_word' id='word_1_560' title='bbox 3396 2711 3461 2749; x_wconf 90' lang='lat' dir='ltr'><strong>eo</strong></span> <span class='ocrx_word' id='word_1_561' title='bbox 3503 2696 3645 2765; x_wconf 91' lang='lat' dir='ltr'><strong>quod</strong></span> <span class='ocrx_word' id='word_1_562' title='bbox 3681 2696 3811 2764; x_wconf 89' lang='lat' dir='ltr'><strong>ipsis</strong></span> <span class='ocrx_word' id='word_1_563' title='bbox 3844 2697 3934 2751; x_wconf 85' lang='lat' dir='ltr'><strong>his</strong></span> 
     </span>
    </p>
   </div>
   <div class='ocr_carea' id='block_1_72' title="bbox 2358 2788 3934 2859">
    <p class='ocr_par' dir='ltr' id='par_1_72' title="bbox 2358 2788 3934 2859">
     <span class='ocr_line' id='line_1_72' title="bbox 2358 2788 3934 2859; baseline 0.001 -18"><span class='ocrx_word' id='word_1_564' title='bbox 2358 2790 2537 2843; x_wconf 89' lang='lat' dir='ltr'><strong>verbis</strong></span> <span class='ocrx_word' id='word_1_565' title='bbox 2562 2789 2674 2859; x_wconf 84' lang='grc'>(55)</span> <span class='ocrx_word' id='word_1_566' title='bbox 2703 2788 2814 2841; x_wconf 82' lang='lat' dir='ltr'><strong>haec</strong></span> <span class='ocrx_word' id='word_1_567' title='bbox 2847 2788 3060 2842; x_wconf 90' lang='lat' dir='ltr'><strong>fuerant</strong></span> <span class='ocrx_word' id='word_1_568' title='bbox 3091 2804 3118 2841; x_wconf 92' lang='lat' dir='ltr'><strong>a</strong></span> <span class='ocrx_word' id='word_1_569' title='bbox 3151 2790 3270 2857; x_wconf 84' lang='lat' dir='ltr'><strong>lege</strong></span> <span class='ocrx_word' id='word_1_570' title='bbox 3303 2790 3593 2859; x_wconf 70' lang='lat' dir='ltr'><strong>pra-dicata</strong></span> <span class='ocrx_word' id='word_1_571' title='bbox 3619 2789 3642 2842; x_wconf 68' lang='grc' dir='ltr'><em>ἲ</em></span> <span class='ocrx_word' id='word_1_572' title='bbox 3668 2789 3773 2843; x_wconf 89' lang='lat' dir='ltr'><strong>Sed</strong></span> <span class='ocrx_word' id='word_1_573' title='bbox 3799 2804 3934 2843; x_wconf 86' lang='lat' dir='ltr'><strong>cou-</strong></span> 
     </span>
    </p>
   </div>
   <div class='ocr_carea' id='block_1_73' title="bbox 2357 2881 3931 2951">
    <p class='ocr_par' dir='ltr' id='par_1_73' title="bbox 2357 2881 3931 2951">
     <span class='ocr_line' id='line_1_73' title="bbox 2357 2881 3931 2951; baseline -0.001 -15"><span class='ocrx_word' id='word_1_574' title='bbox 2357 2881 2584 2936; x_wconf 86' lang='lat' dir='ltr'><strong>cedatur</strong></span> <span class='ocrx_word' id='word_1_575' title='bbox 2615 2892 2805 2936; x_wconf 89' lang='lat' dir='ltr'><strong>contra</strong></span> <span class='ocrx_word' id='word_1_576' title='bbox 2858 2881 2954 2935; x_wconf 87' lang='lat' dir='ltr'><strong>bas</strong></span> <span class='ocrx_word' id='word_1_577' title='bbox 3001 2896 3192 2935; x_wconf 90' lang='lat' dir='ltr'><strong>omnes</strong></span> <span class='ocrx_word' id='word_1_578' title='bbox 3246 2882 3685 2936; x_wconf 77' lang='lat' dir='ltr'><strong>evidentissimus</strong></span> <span class='ocrx_word' id='word_1_579' title='bbox 3726 2896 3931 2951; x_wconf 78' lang='lat' dir='ltr'><strong>appro-</strong></span> 
     </span>
    </p>
   </div>
   <div class='ocr_carea' id='block_1_74' title="bbox 2357 2973 3934 3044">
    <p class='ocr_par' dir='ltr' id='par_1_74' title="bbox 2357 2973 3934 3044">
     <span class='ocr_line' id='line_1_74' title="bbox 2357 2973 3934 3044; baseline 0.001 -18"><span class='ocrx_word' id='word_1_580' title='bbox 2357 2973 2624 3039; x_wconf 91' lang='lat' dir='ltr'><strong>bationes,</strong></span> <span class='ocrx_word' id='word_1_581' title='bbox 2670 2974 2795 3043; x_wconf 89' lang='lat' dir='ltr'><strong>quia</strong></span> <span class='ocrx_word' id='word_1_582' title='bbox 2827 2974 2894 3028; x_wconf 87' lang='lat' dir='ltr'><strong>de</strong></span> <span class='ocrx_word' id='word_1_583' title='bbox 2924 2975 3033 3027; x_wconf 90' lang='lat' dir='ltr'><strong>alio</strong></span> <span class='ocrx_word' id='word_1_584' title='bbox 3067 2976 3250 3028; x_wconf 86' lang='lat' dir='ltr'><strong>nescio</strong></span> <span class='ocrx_word' id='word_1_585' title='bbox 3285 2991 3391 3044; x_wconf 84' lang='lat' dir='ltr'><strong>quo</strong></span> <span class='ocrx_word' id='word_1_586' title='bbox 3421 2975 3531 3028; x_wconf 90' lang='lat' dir='ltr'><strong>Deo</strong></span> <span class='ocrx_word' id='word_1_587' title='bbox 3561 2976 3708 3029; x_wconf 87' lang='lat' dir='ltr'><strong>dicat</strong></span> <span class='ocrx_word' id='word_1_588' title='bbox 3737 2981 3934 3030; x_wconf 71' lang='lat' dir='ltr'><strong>Salva-</strong></span> 
     </span>
    </p>
   </div>
   <div class='ocr_carea' id='block_1_75' title="bbox 2356 3065 3936 3135">
    <p class='ocr_par' dir='ltr' id='par_1_75' title="bbox 2356 3065 3936 3135">
     <span class='ocr_line' id='line_1_75' title="bbox 2356 3065 3936 3135; baseline 0.001 -14"><span class='ocrx_word' id='word_1_589' title='bbox 2356 3076 2479 3121; x_wconf 89' lang='lat' dir='ltr'><strong>tor:</strong></span> <span class='ocrx_word' id='word_1_590' title='bbox 2517 3086 2533 3118; x_wconf 79' lang='grc' dir='ltr'>ι</span> <span class='ocrx_word' id='word_1_591' title='bbox 2571 3065 2775 3135; x_wconf 87' lang='lat' dir='ltr'><strong>Diliges</strong></span> <span class='ocrx_word' id='word_1_592' title='bbox 2802 3066 3086 3120; x_wconf 90' lang='lat' dir='ltr'><strong>Dominum</strong></span> <span class='ocrx_word' id='word_1_593' title='bbox 3124 3065 3288 3120; x_wconf 91' lang='lat' dir='ltr'><strong>Deum</strong></span> <span class='ocrx_word' id='word_1_594' title='bbox 3329 3076 3478 3119; x_wconf 87' lang='lat' dir='ltr'><strong>tuum</strong></span> <span class='ocrx_word' id='word_1_595' title='bbox 3523 3081 3590 3119; x_wconf 84' lang='lat' dir='ltr'><strong>ex</strong></span> <span class='ocrx_word' id='word_1_596' title='bbox 3625 3076 3736 3119; x_wconf 92' lang='lat' dir='ltr'><strong>loto</strong></span> <span class='ocrx_word' id='word_1_597' title='bbox 3762 3067 3936 3122; x_wconf 84' lang='lat' dir='ltr'><strong>corde</strong></span> 
     </span>
    </p>
   </div>
   <div class='ocr_carea' id='block_1_76' title="bbox 2356 3167 3932 3237">
    <p class='ocr_par' dir='ltr' id='par_1_76' title="bbox 2356 3167 3932 3237">
     <span class='ocr_line' id='line_1_76' title="bbox 2356 3167 3932 3237; baseline 0.001 -13"><span class='ocrx_word' id='word_1_598' title='bbox 2356 3184 2466 3235; x_wconf 92' lang='lat' dir='ltr'><strong>tuo,</strong></span> <span class='ocrx_word' id='word_1_599' title='bbox 2503 3187 2521 3220; x_wconf 77' lang='grc' dir='ltr'><strong><em>ι</em></strong></span> <span class='ocrx_word' id='word_1_600' title='bbox 2554 3179 2607 3221; x_wconf 83' lang='lat' dir='ltr'><strong>et</strong></span> <span class='ocrx_word' id='word_1_601' title='bbox 2633 3167 2839 3237; x_wconf 90' lang='lat' dir='ltr'><strong>reliqua</strong></span> <span class='ocrx_word' id='word_1_602' title='bbox 2872 3183 2990 3236; x_wconf 67' lang='lat' dir='ltr'><strong>qua:</strong></span> <span class='ocrx_word' id='word_1_603' title='bbox 3019 3168 3159 3222; x_wconf 87' lang='lat' dir='ltr'><strong>dicta</strong></span> <span class='ocrx_word' id='word_1_604' title='bbox 3190 3177 3336 3221; x_wconf 90' lang='lat' dir='ltr'><strong>sunt.</strong></span> <span class='ocrx_word' id='word_1_605' title='bbox 3374 3167 3438 3221; x_wconf 87' lang='lat' dir='ltr'><strong>Et</strong></span> <span class='ocrx_word' id='word_1_606' title='bbox 3465 3168 3742 3236; x_wconf 89' lang='lat' dir='ltr'><strong>quomodo</strong></span> <span class='ocrx_word' id='word_1_607' title='bbox 3767 3169 3811 3224; x_wconf 89' lang='lat' dir='ltr'><strong>si</strong></span> <span class='ocrx_word' id='word_1_608' title='bbox 3845 3169 3932 3225; x_wconf 78' lang='lat' dir='ltr'><strong>lex</strong></span> 
     </span>
    </p>
   </div>
   <div class='ocr_carea' id='block_1_77' title="bbox 2354 3259 3935 3332">
    <p class='ocr_par' dir='ltr' id='par_1_77' title="bbox 2354 3259 3935 3332">
     <span class='ocr_line' id='line_1_77' title="bbox 2354 3259 3935 3332; baseline 0 -14"><span class='ocrx_word' id='word_1_609' title='bbox 2354 3276 2408 3318; x_wconf 90' lang='lat' dir='ltr'><strong>et</strong></span> <span class='ocrx_word' id='word_1_610' title='bbox 2453 3262 2728 3332; x_wconf 78' lang='lat' dir='ltr'><strong>prophetae</strong></span> <span class='ocrx_word' id='word_1_611' title='bbox 2778 3259 3054 3314; x_wconf 80' lang='lat' dir='ltr'><strong>Creatoris</strong></span> <span class='ocrx_word' id='word_1_612' title='bbox 3098 3269 3265 3326; x_wconf 92' lang='lat' dir='ltr'><strong>sunt,</strong></span> <span class='ocrx_word' id='word_1_613' title='bbox 3326 3259 3466 3314; x_wconf 84' lang='lat' dir='ltr'><strong>sicut</strong></span> <span class='ocrx_word' id='word_1_614' title='bbox 3513 3261 3733 3326; x_wconf 88' lang='lat' dir='ltr'><strong>dicunt,</strong></span> <span class='ocrx_word' id='word_1_615' title='bbox 3766 3261 3816 3315; x_wconf 87' lang='lat' dir='ltr'><strong>id</strong></span> <span class='ocrx_word' id='word_1_616' title='bbox 3846 3272 3935 3318; x_wconf 89' lang='lat' dir='ltr'><strong>est</strong></span> 
     </span>
    </p>
   </div>
   <div class='ocr_carea' id='block_1_78' title="bbox 2356 3353 3934 3423">
    <p class='ocr_par' dir='ltr' id='par_1_78' title="bbox 2356 3353 3934 3423">
     <span class='ocr_line' id='line_1_78' title="bbox 2356 3353 3934 3423; baseline 0.001 -14"><span class='ocrx_word' id='word_1_617' title='bbox 2356 3357 2578 3411; x_wconf 86' lang='lat' dir='ltr'><strong>alterius</strong></span> <span class='ocrx_word' id='word_1_618' title='bbox 2610 3356 2699 3410; x_wconf 91' lang='lat' dir='ltr'><strong>Dei</strong></span> <span class='ocrx_word' id='word_1_619' title='bbox 2732 3363 2928 3423; x_wconf 61' lang='lat' dir='ltr'><strong>printer</strong></span> <span class='ocrx_word' id='word_1_620' title='bbox 2954 3367 3075 3406; x_wconf 90' lang='lat' dir='ltr'><strong>eum</strong></span> <span class='ocrx_word' id='word_1_621' title='bbox 3109 3368 3268 3420; x_wconf 88' lang='lat' dir='ltr'><strong>quem</strong></span> <span class='ocrx_word' id='word_1_622' title='bbox 3319 3353 3396 3406; x_wconf 88' lang='lat' dir='ltr'><strong>ait</strong></span> <span class='ocrx_word' id='word_1_623' title='bbox 3443 3353 3640 3407; x_wconf 89' lang='lat' dir='ltr'><strong>bonum</strong></span> <span class='ocrx_word' id='word_1_624' title='bbox 3668 3394 3682 3413; x_wconf 89' lang='lat'><strong>.</strong></span> <span class='ocrx_word' id='word_1_625' title='bbox 3733 3368 3934 3412; x_wconf 65' lang='lat' dir='ltr'><strong>censeo</strong></span> 
     </span>
    </p>
   </div>
   <div class='ocr_carea' id='block_1_79' title="bbox 2355 3444 3930 3518">
    <p class='ocr_par' dir='ltr' id='par_1_79' title="bbox 2355 3444 3930 3518">
     <span class='ocr_line' id='line_1_79' title="bbox 2355 3444 3930 3518; baseline 0.003 -21"><span class='ocrx_word' id='word_1_626' title='bbox 2355 3459 2582 3518; x_wconf 86' lang='lat' dir='ltr'><strong>quenter</strong></span> <span class='ocrx_word' id='word_1_627' title='bbox 2621 3448 2826 3501; x_wconf 90' lang='lat' dir='ltr'><strong>dictum</strong></span> <span class='ocrx_word' id='word_1_628' title='bbox 2856 3447 3127 3503; x_wconf 83' lang='lat' dir='ltr'><strong>videbitur</strong></span> <span class='ocrx_word' id='word_1_629' title='bbox 3153 3445 3263 3515; x_wconf 81' lang='grc'>(56)</span> <span class='ocrx_word' id='word_1_630' title='bbox 3297 3444 3359 3499; x_wconf 78' lang='lat' dir='ltr'><strong>id</strong></span> <span class='ocrx_word' id='word_1_631' title='bbox 3381 3447 3524 3514; x_wconf 90' lang='lat' dir='ltr'><strong>quod</strong></span> <span class='ocrx_word' id='word_1_632' title='bbox 3569 3446 3816 3511; x_wconf 90' lang='lat' dir='ltr'><strong>addidit,</strong></span> <span class='ocrx_word' id='word_1_633' title='bbox 3848 3447 3930 3503; x_wconf 84' lang='lat' dir='ltr'><strong>le-</strong></span> 
     </span>
    </p>
   </div>
   <div class='ocr_carea' id='block_1_80' title="bbox 2355 3537 3933 3609">
    <p class='ocr_par' dir='ltr' id='par_1_80' title="bbox 2355 3537 3933 3609">
     <span class='ocr_line' id='line_1_80' title="bbox 2355 3537 3933 3609; baseline 0.002 -17"><span class='ocrx_word' id='word_1_634' title='bbox 2355 3556 2473 3609; x_wconf 85' lang='lat' dir='ltr'><strong>gem</strong></span> <span class='ocrx_word' id='word_1_635' title='bbox 2509 3550 2561 3594; x_wconf 93' lang='lat' dir='ltr'><strong>et</strong></span> <span class='ocrx_word' id='word_1_636' title='bbox 2585 3539 2878 3609; x_wconf 88' lang='lat' dir='ltr'><strong>prophetas</strong></span> <span class='ocrx_word' id='word_1_637' title='bbox 2906 3540 2958 3591; x_wconf 92' lang='lat' dir='ltr'><strong>in</strong></span> <span class='ocrx_word' id='word_1_638' title='bbox 2987 3537 3069 3590; x_wconf 91' lang='lat' dir='ltr'><strong>his</strong></span> <span class='ocrx_word' id='word_1_639' title='bbox 3103 3537 3311 3590; x_wconf 92' lang='lat' dir='ltr'><strong>duobus</strong></span> <span class='ocrx_word' id='word_1_640' title='bbox 3345 3539 3584 3604; x_wconf 88' lang='lat' dir='ltr'><strong>pendere</strong></span> <span class='ocrx_word' id='word_1_641' title='bbox 3612 3538 3884 3594; x_wconf 85' lang='lat' dir='ltr'><strong>mandatis</strong></span> <span class='ocrx_word' id='word_1_642' title='bbox 3908 3538 3933 3594; x_wconf 73' lang='grc' dir='ltr'>τ</span> 
     </span>
    </p>
   </div>
   <div class='ocr_carea' id='block_1_81' title="bbox 2358 3629 3931 3718">
    <p class='ocr_par' dir='ltr' id='par_1_81' title="bbox 2358 3629 3931 3718">
     <span class='ocr_line' id='line_1_81' title="bbox 2358 3629 3931 3718; baseline 0.001 -33"><span class='ocrx_word' id='word_1_643' title='bbox 2358 3634 2638 3699; x_wconf 81' lang='lat' dir='ltr'><strong>Quomodo</strong></span> <span class='ocrx_word' id='word_1_644' title='bbox 2673 3632 2817 3686; x_wconf 88' lang='lat' dir='ltr'><strong>enim</strong></span> <span class='ocrx_word' id='word_1_645' title='bbox 2853 3631 2994 3700; x_wconf 90' lang='lat' dir='ltr'><strong>quod</strong></span> <span class='ocrx_word' id='word_1_646' title='bbox 3027 3629 3263 3684; x_wconf 89' lang='lat' dir='ltr'><strong>alienum</strong></span> <span class='ocrx_word' id='word_1_647' title='bbox 3280 3641 3349 3718; x_wconf 42' lang='grc' dir='ltr'><strong>σει</strong></span> <span class='ocrx_word' id='word_1_648' title='bbox 3379 3631 3724 3701; x_wconf 88' lang='lat' dir='ltr'><strong>peregrinum</strong></span> <span class='ocrx_word' id='word_1_649' title='bbox 3756 3648 3784 3684; x_wconf 91' lang='lat' dir='ltr'><strong>a</strong></span> <span class='ocrx_word' id='word_1_650' title='bbox 3816 3631 3931 3686; x_wconf 89' lang='lat' dir='ltr'><strong>Deo</strong></span> 
     </span>
    </p>
   </div>
   <div class='ocr_carea' id='block_1_82' title="bbox 2353 3733 3930 3806">
    <p class='ocr_par' dir='ltr' id='par_1_82' title="bbox 2353 3733 3930 3806">
     <span class='ocr_line' id='line_1_82' title="bbox 2353 3733 3930 3806; baseline 0.001 -17"><span class='ocrx_word' id='word_1_651' title='bbox 2353 3749 2456 3802; x_wconf 83' lang='lat' dir='ltr'><strong>est,</strong></span> <span class='ocrx_word' id='word_1_652' title='bbox 2490 3735 2746 3806; x_wconf 89' lang='lat' dir='ltr'><strong>pendebit</strong></span> <span class='ocrx_word' id='word_1_653' title='bbox 2780 3735 2832 3788; x_wconf 94' lang='lat' dir='ltr'><strong>in</strong></span> <span class='ocrx_word' id='word_1_654' title='bbox 2863 3734 3014 3788; x_wconf 86' lang='lat' dir='ltr'><strong>Deo?</strong></span> <span class='ocrx_word' id='word_1_655' title='bbox 3041 3733 3238 3788; x_wconf 89' lang='lat' dir='ltr'><strong>Paulus</strong></span> <span class='ocrx_word' id='word_1_656' title='bbox 3271 3744 3451 3787; x_wconf 91' lang='lat' dir='ltr'><strong>autem</strong></span> <span class='ocrx_word' id='word_1_657' title='bbox 3478 3736 3701 3789; x_wconf 87' lang='lat' dir='ltr'><strong>dicens:</strong></span> <span class='ocrx_word' id='word_1_658' title='bbox 3731 3753 3750 3786; x_wconf 73' lang='grc' dir='ltr'><strong><em>ι</em></strong></span> <span class='ocrx_word' id='word_1_659' title='bbox 3787 3735 3930 3790; x_wconf 85' lang='lat' dir='ltr'><strong>Gra-</strong></span> 
     </span>
    </p>
   </div>
   <div class='ocr_carea' id='block_1_83' title="bbox 2355 3834 3927 3908">
    <p class='ocr_par' dir='ltr' id='par_1_83' title="bbox 2355 3834 3927 3908">
     <span class='ocr_line' id='line_1_83' title="bbox 2355 3834 3927 3908; baseline 0.002 -17"><span class='ocrx_word' id='word_1_660' title='bbox 2355 3840 2458 3892; x_wconf 88' lang='lat' dir='ltr'><strong>tias</strong></span> <span class='ocrx_word' id='word_1_661' title='bbox 2477 3853 2575 3908; x_wconf 84' lang='lat' dir='ltr'><strong>ago</strong></span> <span class='ocrx_word' id='word_1_662' title='bbox 2595 3838 2704 3891; x_wconf 93' lang='lat' dir='ltr'><strong>Deo</strong></span> <span class='ocrx_word' id='word_1_663' title='bbox 2723 3835 2950 3891; x_wconf 81' lang='lat' dir='ltr'><strong>meocui</strong></span> <span class='ocrx_word' id='word_1_664' title='bbox 2980 3836 3161 3890; x_wconf 91' lang='lat' dir='ltr'><strong>servio</strong></span> <span class='ocrx_word' id='word_1_665' title='bbox 3186 3834 3240 3888; x_wconf 91' lang='lat' dir='ltr'><strong>in</strong></span> <span class='ocrx_word' id='word_1_666' title='bbox 3273 3837 3465 3905; x_wconf 89' lang='lat' dir='ltr'><strong>spiritu</strong></span> <span class='ocrx_word' id='word_1_667' title='bbox 3493 3852 3616 3891; x_wconf 93' lang='lat' dir='ltr'><strong>meo</strong></span> <span class='ocrx_word' id='word_1_668' title='bbox 3644 3853 3670 3890; x_wconf 92' lang='lat' dir='ltr'><strong>a</strong></span> <span class='ocrx_word' id='word_1_669' title='bbox 3703 3837 3927 3905; x_wconf 86' lang='lat' dir='ltr'><strong>proavis</strong></span> 
     </span>
    </p>
   </div>
   <div class='ocr_carea' id='block_1_84' title="bbox 2355 3929 3926 3997">
    <p class='ocr_par' dir='ltr' id='par_1_84' title="bbox 2355 3929 3926 3997">
     <span class='ocr_line' id='line_1_84' title="bbox 2355 3929 3926 3997; baseline 0.002 -14"><span class='ocrx_word' id='word_1_670' title='bbox 2355 3930 2489 3984; x_wconf 89' lang='lat' dir='ltr'><strong>meis</strong></span> <span class='ocrx_word' id='word_1_671' title='bbox 2534 3931 2584 3983; x_wconf 92' lang='lat' dir='ltr'><strong>in</strong></span> <span class='ocrx_word' id='word_1_672' title='bbox 2638 3929 2968 3984; x_wconf 86' lang='lat' dir='ltr'><strong>conscientia</strong></span> <span class='ocrx_word' id='word_1_673' title='bbox 3022 3944 3157 3997; x_wconf 89' lang='lat' dir='ltr'><strong>pura</strong></span> <span class='ocrx_word' id='word_1_674' title='bbox 3192 3930 3236 3960; x_wconf 83' lang='lat'><strong>&quot;&#39;</strong></span> <span class='ocrx_word' id='word_1_675' title='bbox 3279 3945 3294 3995; x_wconf 92' lang='lat'><strong>;</strong></span> <span class='ocrx_word' id='word_1_676' title='bbox 3351 3948 3370 3980; x_wconf 70' lang='grc' dir='ltr'>ι</span> <span class='ocrx_word' id='word_1_677' title='bbox 3425 3929 3659 3982; x_wconf 87' lang='lat' dir='ltr'><strong>dilucide</strong></span> <span class='ocrx_word' id='word_1_678' title='bbox 3684 3930 3926 3987; x_wconf 89' lang='lat' dir='ltr'><strong>ostendit</strong></span> 
     </span>
    </p>
   </div>
   <div class='ocr_carea' id='block_1_85' title="bbox 2352 4021 3926 4092">
    <p class='ocr_par' dir='ltr' id='par_1_85' title="bbox 2352 4021 3926 4092">
     <span class='ocr_line' id='line_1_85' title="bbox 2352 4021 3926 4092; baseline 0.002 -18"><span class='ocrx_word' id='word_1_679' title='bbox 2352 4022 2479 4090; x_wconf 89' lang='lat' dir='ltr'><strong>quia</strong></span> <span class='ocrx_word' id='word_1_680' title='bbox 2531 4037 2638 4075; x_wconf 91' lang='lat' dir='ltr'><strong>non</strong></span> <span class='ocrx_word' id='word_1_681' title='bbox 2691 4021 2760 4074; x_wconf 88' lang='lat' dir='ltr'><strong>ad</strong></span> <span class='ocrx_word' id='word_1_682' title='bbox 2805 4021 3037 4092; x_wconf 86' lang='lat' dir='ltr'><strong>aliquem</strong></span> <span class='ocrx_word' id='word_1_683' title='bbox 3070 4037 3265 4076; x_wconf 88' lang='lat' dir='ltr'><strong>novum</strong></span> <span class='ocrx_word' id='word_1_684' title='bbox 3302 4021 3491 4088; x_wconf 89' lang='lat' dir='ltr'><strong>Deum,</strong></span> <span class='ocrx_word' id='word_1_685' title='bbox 3540 4022 3632 4076; x_wconf 88' lang='lat' dir='ltr'><strong>sed</strong></span> <span class='ocrx_word' id='word_1_686' title='bbox 3666 4023 3729 4076; x_wconf 92' lang='lat' dir='ltr'><strong>ad</strong></span> <span class='ocrx_word' id='word_1_687' title='bbox 3762 4023 3926 4078; x_wconf 85' lang='lat' dir='ltr'><strong>Chri-</strong></span> 
     </span>
    </p>
   </div>
   <div class='ocr_carea' id='block_1_86' title="bbox 2353 4113 3920 4183">
    <p class='ocr_par' dir='ltr' id='par_1_86' title="bbox 2353 4113 3920 4183">
     <span class='ocr_line' id='line_1_86' title="bbox 2353 4113 3920 4183; baseline 0.003 -16"><span class='ocrx_word' id='word_1_688' title='bbox 2353 4124 2493 4167; x_wconf 89' lang='lat' dir='ltr'><strong>stum</strong></span> <span class='ocrx_word' id='word_1_689' title='bbox 2523 4113 2631 4183; x_wconf 87' lang='grc'>(57)</span> <span class='ocrx_word' id='word_1_690' title='bbox 2683 4117 2910 4170; x_wconf 91' lang='lat' dir='ltr'><strong>venerit.</strong></span> <span class='ocrx_word' id='word_1_691' title='bbox 2958 4114 3104 4181; x_wconf 85' lang='lat' dir='ltr'><strong>Quos</strong></span> <span class='ocrx_word' id='word_1_692' title='bbox 3141 4115 3286 4169; x_wconf 93' lang='lat' dir='ltr'><strong>enim</strong></span> <span class='ocrx_word' id='word_1_693' title='bbox 3320 4114 3455 4167; x_wconf 90' lang='lat' dir='ltr'><strong>alios</strong></span> <span class='ocrx_word' id='word_1_694' title='bbox 3507 4129 3737 4182; x_wconf 86' lang='lat' dir='ltr'><strong>proavus</strong></span> <span class='ocrx_word' id='word_1_695' title='bbox 3764 4114 3920 4172; x_wconf 88' lang='lat' dir='ltr'><strong>Pauli</strong></span> 
     </span>
    </p>
   </div>
   <div class='ocr_carea' id='block_1_87' title="bbox 2353 4205 3921 4278">
    <p class='ocr_par' dir='ltr' id='par_1_87' title="bbox 2353 4205 3921 4278">
     <span class='ocr_line' id='line_1_87' title="bbox 2353 4205 3921 4278; baseline 0.004 -18"><span class='ocrx_word' id='word_1_696' title='bbox 2353 4207 2625 4274; x_wconf 89' lang='lat' dir='ltr'><strong>oportebit</strong></span> <span class='ocrx_word' id='word_1_697' title='bbox 2677 4207 2929 4278; x_wconf 82' lang='lat' dir='ltr'><strong>intelligi,</strong></span> <span class='ocrx_word' id='word_1_698' title='bbox 2983 4209 3086 4262; x_wconf 88' lang='lat' dir='ltr'><strong>nisi</strong></span> <span class='ocrx_word' id='word_1_699' title='bbox 3139 4222 3232 4262; x_wconf 88' lang='lat' dir='ltr'><strong>eos</strong></span> <span class='ocrx_word' id='word_1_700' title='bbox 3272 4207 3336 4260; x_wconf 85' lang='lat' dir='ltr'><strong>de</strong></span> <span class='ocrx_word' id='word_1_701' title='bbox 3366 4205 3561 4273; x_wconf 89' lang='lat' dir='ltr'><strong>quibus</strong></span> <span class='ocrx_word' id='word_1_702' title='bbox 3599 4207 3712 4275; x_wconf 70' lang='lat' dir='ltr'><strong>ipse</strong></span> <span class='ocrx_word' id='word_1_703' title='bbox 3746 4209 3921 4266; x_wconf 79' lang='lat' dir='ltr'><strong>dicit:</strong></span> 
     </span>
    </p>
   </div>
   <div class='ocr_carea' id='block_1_88' title="bbox 2357 4296 3918 4370">
    <p class='ocr_par' dir='ltr' id='par_1_88' title="bbox 2357 4296 3918 4370">
     <span class='ocr_line' id='line_1_88' title="bbox 2357 4296 3918 4370; baseline 0.005 -22"><span class='ocrx_word' id='word_1_704' title='bbox 2357 4316 2375 4348; x_wconf 75' lang='grc' dir='ltr'><strong><em>ι</em></strong></span> <span class='ocrx_word' id='word_1_705' title='bbox 2412 4296 2619 4353; x_wconf 74' lang='lat' dir='ltr'><strong>Hebraei</strong></span> <span class='ocrx_word' id='word_1_706' title='bbox 2658 4309 2802 4361; x_wconf 89' lang='lat' dir='ltr'><strong>sunt,</strong></span> <span class='ocrx_word' id='word_1_707' title='bbox 2838 4309 2893 4354; x_wconf 91' lang='lat' dir='ltr'><strong>et</strong></span> <span class='ocrx_word' id='word_1_708' title='bbox 2917 4314 3057 4368; x_wconf 85' lang='lat' dir='ltr'><strong>ego;</strong></span> <span class='ocrx_word' id='word_1_709' title='bbox 3096 4298 3350 4353; x_wconf 73' lang='lat' dir='ltr'><strong>Israelita:</strong></span> <span class='ocrx_word' id='word_1_710' title='bbox 3384 4306 3542 4362; x_wconf 86' lang='lat' dir='ltr'><strong>sunt,</strong></span> <span class='ocrx_word' id='word_1_711' title='bbox 3571 4309 3627 4352; x_wconf 88' lang='lat' dir='ltr'><strong>et</strong></span> <span class='ocrx_word' id='word_1_712' title='bbox 3656 4314 3755 4370; x_wconf 83' lang='lat' dir='ltr'><strong>ego</strong></span> <span class='ocrx_word' id='word_1_713' title='bbox 3790 4301 3858 4356; x_wconf 80' lang='lat'><strong>”.</strong></span> <span class='ocrx_word' id='word_1_714' title='bbox 3897 4321 3918 4355; x_wconf 76' lang='grc' dir='ltr'><strong><em>ι</em></strong></span> 
     </span>
    </p>
   </div>
   <div class='ocr_carea' id='block_1_89' title="bbox 2352 4392 3919 4461">
    <p class='ocr_par' dir='ltr' id='par_1_89' title="bbox 2352 4392 3919 4461">
     <span class='ocr_line' id='line_1_89' title="bbox 2352 4392 3919 4461; baseline 0.004 -17"><span class='ocrx_word' id='word_1_715' title='bbox 2352 4392 2456 4446; x_wconf 89' lang='lat' dir='ltr'><strong>Sed</strong></span> <span class='ocrx_word' id='word_1_716' title='bbox 2504 4402 2555 4446; x_wconf 94' lang='lat' dir='ltr'><strong>et</strong></span> <span class='ocrx_word' id='word_1_717' title='bbox 2586 4392 2833 4460; x_wconf 67' lang='lat' dir='ltr'><strong>pra-latio</strong></span> <span class='ocrx_word' id='word_1_718' title='bbox 2881 4394 2991 4461; x_wconf 89' lang='lat' dir='ltr'><strong>ipsa</strong></span> <span class='ocrx_word' id='word_1_719' title='bbox 3049 4392 3304 4460; x_wconf 71' lang='lat' dir='ltr'><strong>Epistula:</strong></span> <span class='ocrx_word' id='word_1_720' title='bbox 3351 4392 3466 4460; x_wconf 89' lang='lat' dir='ltr'><strong>ejus</strong></span> <span class='ocrx_word' id='word_1_721' title='bbox 3523 4395 3586 4447; x_wconf 87' lang='lat' dir='ltr'><strong>ad</strong></span> <span class='ocrx_word' id='word_1_722' title='bbox 3641 4394 3919 4451; x_wconf 73' lang='lat' dir='ltr'><strong>Romanos</strong></span> 
     </span>
    </p>
   </div>
   <div class='ocr_carea' id='block_1_90' title="bbox 2352 4484 3915 4556">
    <p class='ocr_par' dir='ltr' id='par_1_90' title="bbox 2352 4484 3915 4556">
     <span class='ocr_line' id='line_1_90' title="bbox 2352 4484 3915 4556; baseline 0.003 -20"><span class='ocrx_word' id='word_1_723' title='bbox 2352 4500 2528 4542; x_wconf 88' lang='lat' dir='ltr'><strong>nonne</strong></span> <span class='ocrx_word' id='word_1_724' title='bbox 2571 4486 2680 4555; x_wconf 89' lang='grc'>(58)</span> <span class='ocrx_word' id='word_1_725' title='bbox 2736 4486 2848 4540; x_wconf 75' lang='lat' dir='ltr'><strong>hrce</strong></span> <span class='ocrx_word' id='word_1_726' title='bbox 2903 4484 3091 4538; x_wconf 89' lang='lat' dir='ltr'><strong>eadem</strong></span> <span class='ocrx_word' id='word_1_727' title='bbox 3139 4485 3221 4539; x_wconf 92' lang='lat' dir='ltr'><strong>his</strong></span> <span class='ocrx_word' id='word_1_728' title='bbox 3265 4485 3354 4554; x_wconf 92' lang='lat' dir='ltr'><strong>qui</strong></span> <span class='ocrx_word' id='word_1_729' title='bbox 3412 4485 3716 4556; x_wconf 88' lang='lat' dir='ltr'><strong>intelligere</strong></span> <span class='ocrx_word' id='word_1_730' title='bbox 3762 4487 3915 4542; x_wconf 87' lang='lat' dir='ltr'><strong>Pauli</strong></span> 
     </span>
    </p>
   </div>
   <div class='ocr_carea' id='block_1_91' title="bbox 682 4572 3915 4655">
    <p class='ocr_par' dir='ltr' id='par_1_91' title="bbox 682 4572 3915 4655">
     <span class='ocr_line' id='line_1_91' title="bbox 682 4572 3915 4655; baseline 0.001 -29"><span class='ocrx_word' id='word_1_731' title='bbox 682 4572 930 4625; x_wconf 90' lang='lat' dir='ltr'><strong>omnibus</strong></span> <span class='ocrx_word' id='word_1_732' title='bbox 963 4574 1014 4626; x_wconf 93' lang='lat' dir='ltr'><strong>in</strong></span> <span class='ocrx_word' id='word_1_733' title='bbox 1050 4575 1186 4630; x_wconf 90' lang='lat' dir='ltr'><strong>hanc</strong></span> <span class='ocrx_word' id='word_1_734' title='bbox 1219 4578 1520 4648; x_wconf 81' lang='lat' dir='ltr'><strong>indaginem</strong></span> <span class='ocrx_word' id='word_1_735' title='bbox 1561 4595 1750 4634; x_wconf 84' lang='lat' dir='ltr'><strong>sensus</strong></span> <span class='ocrx_word' id='word_1_736' title='bbox 1781 4581 2083 4647; x_wconf 69' lang='lat' dir='ltr'><strong>adducitur,</strong></span> <span class='ocrx_word' id='word_1_737' title='bbox 2119 4585 2240 4652; x_wconf 79' lang='lat' dir='ltr'><strong>quia</strong></span> <span class='ocrx_word' id='word_1_738' title='bbox 2278 4602 2318 4655; x_wconf 74' lang='grc' dir='ltr'>υ</span> <span class='ocrx_word' id='word_1_739' title='bbox 2351 4577 2557 4630; x_wconf 89' lang='lat' dir='ltr'><strong>litteras</strong></span> <span class='ocrx_word' id='word_1_740' title='bbox 2607 4584 2828 4637; x_wconf 86' lang='lat' dir='ltr'><strong>norunt,</strong></span> <span class='ocrx_word' id='word_1_741' title='bbox 2878 4574 3176 4643; x_wconf 83' lang='lat' dir='ltr'><strong>diligenter</strong></span> <span class='ocrx_word' id='word_1_742' title='bbox 3218 4576 3485 4640; x_wconf 89' lang='lat' dir='ltr'><strong>ostendet,</strong></span> <span class='ocrx_word' id='word_1_743' title='bbox 3537 4592 3695 4646; x_wconf 90' lang='lat' dir='ltr'><strong>quem</strong></span> <span class='ocrx_word' id='word_1_744' title='bbox 3749 4579 3915 4630; x_wconf 85' lang='lat' dir='ltr'><strong>Deum</strong></span> 
     </span>
    </p>
   </div>
   <div class='ocr_carea' id='block_1_92' title="bbox 679 4667 2242 4731">
    <p class='ocr_par' dir='ltr' id='par_1_92' title="bbox 679 4667 2242 4731">
     <span class='ocr_line' id='line_1_92' title="bbox 679 4667 2242 4731; baseline 0.008 -12"><span class='ocrx_word' id='word_1_745' title='bbox 679 4667 844 4720; x_wconf 78' lang='lat' dir='ltr'><strong>alium</strong></span> <span class='ocrx_word' id='word_1_746' title='bbox 890 4667 1094 4720; x_wconf 88' lang='lat' dir='ltr'><strong>nesciat</strong></span> <span class='ocrx_word' id='word_1_747' title='bbox 1135 4667 1349 4724; x_wconf 83' lang='lat' dir='ltr'><strong>Patrem</strong></span> <span class='ocrx_word' id='word_1_748' title='bbox 1386 4671 1487 4724; x_wconf 90' lang='lat' dir='ltr'><strong>nisi</strong></span> <span class='ocrx_word' id='word_1_749' title='bbox 1539 4672 1776 4724; x_wconf 91' lang='lat' dir='ltr'><strong>omnium</strong></span> <span class='ocrx_word' id='word_1_750' title='bbox 1823 4675 2150 4730; x_wconf 88' lang='lat' dir='ltr'><strong>conditorem</strong></span> <span class='ocrx_word' id='word_1_751' title='bbox 2189 4690 2242 4731; x_wconf 93' lang='lat' dir='ltr'><strong>et</strong></span> 
     </span>
    </p>
   </div>
   <div class='ocr_carea' id='block_1_93' title="bbox 681 4761 1195 4815">
    <p class='ocr_par' dir='ltr' id='par_1_93' title="bbox 681 4761 1195 4815">
     <span class='ocr_line' id='line_1_93' title="bbox 681 4761 1195 4815; baseline 0.002 -1"><span class='ocrx_word' id='word_1_752' title='bbox 681 4766 979 4814; x_wconf 88' lang='lat' dir='ltr'><strong>creatorem</strong></span> <span class='ocrx_word' id='word_1_753' title='bbox 1012 4761 1195 4815; x_wconf 92' lang='lat' dir='ltr'><strong>Deum.</strong></span> 
     </span>
    </p>
   </div>
   <div class='ocr_carea' id='block_1_94' title="bbox 2348 4666 3915 4736">
    <p class='ocr_par' dir='ltr' id='par_1_94' title="bbox 2348 4666 3915 4736">
     <span class='ocr_line' id='line_1_94' title="bbox 2348 4666 3915 4736; baseline -0.001 -14"><span class='ocrx_word' id='word_1_754' title='bbox 2348 4668 2548 4722; x_wconf 89' lang='lat' dir='ltr'><strong>Paulus</strong></span> <span class='ocrx_word' id='word_1_755' title='bbox 2592 4669 2841 4736; x_wconf 75' lang='lat' dir='ltr'><strong>przedicat</strong></span> <span class='ocrx_word' id='word_1_756' title='bbox 2866 4666 2888 4717; x_wconf 89' lang='lat'><strong>?</strong></span> <span class='ocrx_word' id='word_1_757' title='bbox 2918 4666 3007 4718; x_wconf 81' lang='lat' dir='ltr'><strong>Ait</strong></span> <span class='ocrx_word' id='word_1_758' title='bbox 3038 4667 3179 4719; x_wconf 91' lang='lat' dir='ltr'><strong>enim</strong></span> <span class='ocrx_word' id='word_1_759' title='bbox 3209 4686 3220 4720; x_wconf 93' lang='lat'>:</span> <span class='ocrx_word' id='word_1_760' title='bbox 3263 4685 3280 4717; x_wconf 72' lang='grc' dir='ltr'>ι</span> <span class='ocrx_word' id='word_1_761' title='bbox 3320 4667 3516 4721; x_wconf 86' lang='lat' dir='ltr'><strong>Paulus</strong></span> <span class='ocrx_word' id='word_1_762' title='bbox 3565 4685 3758 4724; x_wconf 84' lang='lat' dir='ltr'><strong>servus</strong></span> <span class='ocrx_word' id='word_1_763' title='bbox 3787 4666 3915 4722; x_wconf 83' lang='lat' dir='ltr'><strong>Jesn</strong></span> 
     </span>
    </p>
   </div>
   <div class='ocr_carea' id='block_1_95' title="bbox 2352 4754 3914 4827">
    <p class='ocr_par' dir='ltr' id='par_1_95' title="bbox 2352 4754 3914 4827">
     <span class='ocr_line' id='line_1_95' title="bbox 2352 4754 3914 4827; baseline 0 -15"><span class='ocrx_word' id='word_1_764' title='bbox 2352 4757 2552 4812; x_wconf 86' lang='lat' dir='ltr'><strong>Christi</strong></span> <span class='ocrx_word' id='word_1_765' title='bbox 2583 4764 2806 4808; x_wconf 84' lang='lat' dir='ltr'><strong>vocatus</strong></span> <span class='ocrx_word' id='word_1_766' title='bbox 2832 4754 3125 4822; x_wconf 90' lang='lat' dir='ltr'><strong>apostolus,</strong></span> <span class='ocrx_word' id='word_1_767' title='bbox 3155 4769 3466 4826; x_wconf 78' lang='lat' dir='ltr'><strong>segregatus</strong></span> <span class='ocrx_word' id='word_1_768' title='bbox 3493 4761 3544 4812; x_wconf 93' lang='lat' dir='ltr'><strong>in</strong></span> <span class='ocrx_word' id='word_1_769' title='bbox 3564 4758 3914 4827; x_wconf 85' lang='lat' dir='ltr'><strong>Evangelium</strong></span> 
     </span>
    </p>
   </div>
   <div class='ocr_carea' id='block_1_96' title="bbox 749 4897 2256 4976">
    <p class='ocr_par' dir='ltr' id='par_1_96' title="bbox 749 4897 2256 4976">
     <span class='ocr_line' id='line_1_96' title="bbox 749 4897 2256 4976; baseline 0.009 -27"><span class='ocrx_word' id='word_1_770' title='bbox 749 4899 795 4930; x_wconf 75' lang='grc'><strong>⁷⁸</strong></span> <span class='ocrx_word' id='word_1_771' title='bbox 823 4897 1090 4976; x_wconf 21' lang='grc' dir='ltr'><strong>ῃξιιιιιῄν,</strong></span> <span class='ocrx_word' id='word_1_772' title='bbox 1118 4898 1208 4960; x_wconf 65' lang='grc'><strong>48.</strong></span> <span class='ocrx_word' id='word_1_773' title='bbox 1239 4901 1326 4954; x_wconf 70' lang='grc'><strong>45.</strong></span> <span class='ocrx_word' id='word_1_774' title='bbox 1348 4903 1434 4976; x_wconf 83' lang='lat'><strong>_‘“</strong></span> <span class='ocrx_word' id='word_1_775' title='bbox 1475 4901 1657 4976; x_wconf 56' lang='grc' dir='ltr'><strong>ᾈῙηιιιι.</strong></span> <span class='ocrx_word' id='word_1_776' title='bbox 1686 4920 1757 4965; x_wconf 83' lang='lat' dir='ltr'><strong>vi,</strong></span> <span class='ocrx_word' id='word_1_777' title='bbox 1791 4904 1842 4958; x_wconf 85' lang='lat'><strong>9.</strong></span> <span class='ocrx_word' id='word_1_778' title='bbox 1903 4907 1947 4936; x_wconf 83' lang='grc'><strong>⁷²</strong></span> <span class='ocrx_word' id='word_1_779' title='bbox 1980 4906 2171 4962; x_wconf 84' lang='lat' dir='ltr'><strong>Matth.</strong></span> <span class='ocrx_word' id='word_1_780' title='bbox 2208 4927 2256 4975; x_wconf 73' lang='grc' dir='ltr'><strong>ν,</strong></span> 
     </span>
    </p>
   </div>
   <div class='ocr_carea' id='block_1_97' title="bbox 2357 4897 3907 4976">
    <p class='ocr_par' dir='ltr' id='par_1_97' title="bbox 2357 4908 3907 4976">
     <span class='ocr_line' id='line_1_97' title="bbox 2357 4908 3907 4976; baseline 0.005 -13"><span class='ocrx_word' id='word_1_781' title='bbox 2357 4911 2395 4976; x_wconf 78' lang='lat' dir='ltr'><strong>i,</strong></span> <span class='ocrx_word' id='word_1_782' title='bbox 2431 4910 2520 4962; x_wconf 74' lang='lat'><strong>35.</strong></span> <span class='ocrx_word' id='word_1_783' title='bbox 2577 4910 2624 4940; x_wconf 80' lang='lat'>”</span> <span class='ocrx_word' id='word_1_784' title='bbox 2656 4908 2757 4962; x_wconf 81' lang='lat' dir='ltr'><strong>lsa.</strong></span> <span class='ocrx_word' id='word_1_785' title='bbox 2798 4925 2942 4970; x_wconf 66' lang='lat' dir='ltr'><strong>Lu&#39;t.</strong></span> <span class='ocrx_word' id='word_1_786' title='bbox 2986 4910 3056 4976; x_wconf 73' lang='lat' dir='ltr'><strong>L,</strong></span> <span class='ocrx_word' id='word_1_787' title='bbox 3107 4910 3342 4966; x_wconf 74' lang='lat' dir='ltr'><strong>“Joan.</strong></span> <span class='ocrx_word' id='word_1_788' title='bbox 3380 4927 3436 4974; x_wconf 91' lang='lat' dir='ltr'><strong>ll,</strong></span> <span class='ocrx_word' id='word_1_789' title='bbox 3475 4911 3562 4964; x_wconf 76' lang='grc'><strong>16.</strong></span> <span class='ocrx_word' id='word_1_790' title='bbox 3635 4911 3681 4941; x_wconf 82' lang='grc'>⁷⁸</span> <span class='ocrx_word' id='word_1_791' title='bbox 3719 4910 3907 4970; x_wconf 79' lang='lat' dir='ltr'><strong>Matth.</strong></span> 
     </span>
    </p>
   </div>
   <div class='ocr_carea' id='block_1_98' title="bbox 682 4952 2256 5079">
    <p class='ocr_par' dir='ltr' id='par_1_98' title="bbox 682 4952 2256 5035">
     <span class='ocr_line' id='line_1_98' title="bbox 682 4952 2256 5035; baseline 0.008 -15"><span class='ocrx_word' id='word_1_792' title='bbox 682 4969 921 5035; x_wconf 57' lang='lat'><strong>“11,32.</strong></span> <span class='ocrx_word' id='word_1_793' title='bbox 944 4952 962 4953; x_wconf 17' lang='grc' dir='ltr'>Π</span> <span class='ocrx_word' id='word_1_794' title='bbox 1000 4952 1044 5000; x_wconf 62' lang='grc' dir='ltr'><strong>π</strong></span> <span class='ocrx_word' id='word_1_795' title='bbox 1072 4952 1400 5034; x_wconf 49' lang='lat' dir='ltr'><strong>15.1mm.</strong></span> <span class='ocrx_word' id='word_1_796' title='bbox 1473 4952 1516 5003; x_wconf 53' lang='grc' dir='ltr'><em>ἦ</em></span> <span class='ocrx_word' id='word_1_797' title='bbox 1688 4952 1904 5028; x_wconf 39' lang='grc' dir='ltr'><strong>κάλ-’⁷⁸</strong></span> 
     </span>
    </p>
   </div>
   <div class='ocr_carea' id='block_1_99' title="bbox 2357 4952 3805 5079">
    <p class='ocr_par' dir='ltr' id='par_1_99' title="bbox 2357 4952 3805 5079">
     <span class='ocr_line' id='line_1_99' title="bbox 2357 4952 3805 5079; baseline 0.003 -48"><span class='ocrx_word' id='word_1_798' title='bbox 2357 4952 2395 5047; x_wconf 82' lang='grc'><strong>;’</strong></span> <span class='ocrx_word' id='word_1_799' title='bbox 2421 4952 2603 5034; x_wconf 60' lang='grc' dir='ltr'><strong>ἔθ’-ἐξ).</strong></span> <span class='ocrx_word' id='word_1_800' title='bbox 2656 4952 2757 5010; x_wconf 48' lang='lat' dir='ltr'><strong>&quot;is</strong></span> <span class='ocrx_word' id='word_1_801' title='bbox 2787 4952 3083 5079; x_wconf 52' lang='lat' dir='ltr'><strong>artari,</strong></span> <span class='ocrx_word' id='word_1_802' title='bbox 3115 4981 3169 5034; x_wconf 64' lang='grc' dir='ltr'><strong>δ.</strong></span> <span class='ocrx_word' id='word_1_803' title='bbox 3188 4952 3351 5033; x_wconf 49' lang='lat' dir='ltr'><strong>&quot;at:</strong></span> <span class='ocrx_word' id='word_1_804' title='bbox 3381 4952 3805 5058; x_wconf 54' lang='grc' dir='ltr'><strong>’δοῖῖληρξῗῖ</strong></span> 
     </span>
    </p>
   </div>
   <div class='ocr_carea' id='block_1_100' title="bbox 738 5105 2225 5186">
    <p class='ocr_par' dir='ltr' id='par_1_100' title="bbox 738 5105 2225 5186">
     <span class='ocr_line' id='line_1_100' title="bbox 738 5105 2225 5186; baseline 0.008 -28"><span class='ocrx_word' id='word_1_805' title='bbox 738 5105 857 5186; x_wconf 71' lang='grc'>(48)</span> <span class='ocrx_word' id='word_1_806' title='bbox 902 5105 993 5161; x_wconf 88' lang='lat' dir='ltr'><strong>Sic</strong></span> <span class='ocrx_word' id='word_1_807' title='bbox 1037 5125 1225 5164; x_wconf 89' lang='lat' dir='ltr'><strong>omnes</strong></span> <span class='ocrx_word' id='word_1_808' title='bbox 1276 5111 1433 5186; x_wconf 82' lang='lat' dir='ltr'><strong>codd.</strong></span> <span class='ocrx_word' id='word_1_809' title='bbox 1495 5128 1659 5186; x_wconf 74' lang='lat' dir='ltr'><strong>mss._;</strong></span> <span class='ocrx_word' id='word_1_810' title='bbox 1698 5114 1828 5167; x_wconf 82' lang='lat' dir='ltr'><strong>libi).</strong></span> <span class='ocrx_word' id='word_1_811' title='bbox 1873 5115 2038 5182; x_wconf 87' lang='lat' dir='ltr'><strong>editi,</strong></span> <span class='ocrx_word' id='word_1_812' title='bbox 2086 5135 2104 5168; x_wconf 72' lang='grc' dir='ltr'>ι</span> <span class='ocrx_word' id='word_1_813' title='bbox 2141 5134 2225 5170; x_wconf 81' lang='lat' dir='ltr'><strong>ent</strong></span> 
     </span>
    </p>
   </div>
   <div class='ocr_carea' id='block_1_101' title="bbox 675 5182 2226 5251">
    <p class='ocr_par' dir='ltr' id='par_1_101' title="bbox 675 5182 2226 5251">
     <span class='ocr_line' id='line_1_101' title="bbox 675 5182 2226 5251; baseline 0.008 -23"><span class='ocrx_word' id='word_1_814' title='bbox 675 5182 961 5251; x_wconf 87' lang='lat' dir='ltr'><strong>etiatu...._.</strong></span> <span class='ocrx_word' id='word_1_815' title='bbox 1005 5195 1109 5232; x_wconf 87' lang='lat' dir='ltr'><strong>non</strong></span> <span class='ocrx_word' id='word_1_816' title='bbox 1143 5183 1404 5250; x_wconf 86' lang='lat' dir='ltr'><strong>suggerit.</strong></span> <span class='ocrx_word' id='word_1_817' title='bbox 1435 5200 1452 5232; x_wconf 73' lang='grc' dir='ltr'><strong><em>ι</em></strong></span> <span class='ocrx_word' id='word_1_818' title='bbox 1506 5182 1670 5235; x_wconf 83' lang='lat' dir='ltr'><strong>Paulo</strong></span> <span class='ocrx_word' id='word_1_819' title='bbox 1714 5196 1832 5251; x_wconf 87' lang='lat' dir='ltr'><strong>pOSl</strong></span> <span class='ocrx_word' id='word_1_820' title='bbox 1879 5186 2006 5239; x_wconf 86' lang='lat' dir='ltr'><strong>libb.</strong></span> <span class='ocrx_word' id='word_1_821' title='bbox 2054 5190 2226 5240; x_wconf 90' lang='lat' dir='ltr'><strong>editi:</strong></span> 
     </span>
    </p>
   </div>
   <div class='ocr_carea' id='block_1_102' title="bbox 679 5247 2229 5323">
    <p class='ocr_par' dir='ltr' id='par_1_102' title="bbox 679 5247 2229 5323">
     <span class='ocr_line' id='line_1_102' title="bbox 679 5247 2229 5323; baseline 0.01 -27"><span class='ocrx_word' id='word_1_822' title='bbox 679 5263 698 5296; x_wconf 72' lang='grc' dir='ltr'>ι</span> <span class='ocrx_word' id='word_1_823' title='bbox 735 5247 986 5323; x_wconf 84' lang='lat' dir='ltr'><strong>proponit</strong></span> <span class='ocrx_word' id='word_1_824' title='bbox 1025 5247 1480 5323; x_wconf 64' lang='lat' dir='ltr'><strong>Deqsdisr-ipulis</strong></span> <span class='ocrx_word' id='word_1_825' title='bbox 1523 5255 1635 5323; x_wconf 86' lang='lat' dir='ltr'><strong>suis</strong></span> <span class='ocrx_word' id='word_1_826' title='bbox 1679 5247 1982 5308; x_wconf 80' lang='lat' dir='ltr'><strong>Dominum.</strong></span> <span class='ocrx_word' id='word_1_827' title='bbox 2011 5275 2029 5308; x_wconf 75' lang='grc' dir='ltr'><strong>ι</strong></span> <span class='ocrx_word' id='word_1_828' title='bbox 2076 5258 2229 5323; x_wconf 82' lang='lat' dir='ltr'><strong>Mss.,</strong></span> 
     </span>
    </p>
   </div>
   <div class='ocr_carea' id='block_1_103' title="bbox 679 5319 1679 5389">
    <p class='ocr_par' dir='ltr' id='par_1_103' title="bbox 679 5319 1679 5389">
     <span class='ocr_line' id='line_1_103' title="bbox 679 5319 1679 5389; baseline 0.009 -25"><span class='ocrx_word' id='word_1_829' title='bbox 679 5332 699 5364; x_wconf 74' lang='grc' dir='ltr'><strong><em>ι</em></strong></span> <span class='ocrx_word' id='word_1_830' title='bbox 726 5319 980 5389; x_wconf 73' lang='lat' dir='ltr'><strong>proponit</strong></span> <span class='ocrx_word' id='word_1_831' title='bbox 1007 5320 1282 5389; x_wconf 84' lang='lat' dir='ltr'><strong>discipulis</strong></span> <span class='ocrx_word' id='word_1_832' title='bbox 1310 5319 1420 5376; x_wconf 83' lang='lat' dir='ltr'><strong>suis</strong></span> <span class='ocrx_word' id='word_1_833' title='bbox 1451 5321 1634 5376; x_wconf 78' lang='lat' dir='ltr'><strong>Deum.</strong></span> <span class='ocrx_word' id='word_1_834' title='bbox 1663 5342 1679 5373; x_wconf 75' lang='grc' dir='ltr'><strong>ι</strong></span> 
     </span>
    </p>
   </div>
   <div class='ocr_carea' id='block_1_104' title="bbox 746 5386 2228 5462">
    <p class='ocr_par' dir='ltr' id='par_1_104' title="bbox 746 5386 2228 5462">
     <span class='ocr_line' id='line_1_104' title="bbox 746 5386 2228 5462; baseline 0.007 -23"><span class='ocrx_word' id='word_1_835' title='bbox 746 5386 856 5459; x_wconf 71' lang='grc'>(49)</span> <span class='ocrx_word' id='word_1_836' title='bbox 897 5387 973 5440; x_wconf 85' lang='lat' dir='ltr'><strong>Ita</strong></span> <span class='ocrx_word' id='word_1_837' title='bbox 1010 5386 1336 5459; x_wconf 40' lang='lat' dir='ltr'><strong>mss—Alias,</strong></span> <span class='ocrx_word' id='word_1_838' title='bbox 1372 5395 1491 5448; x_wconf 68' lang='lat' dir='ltr'><strong>«sed</strong></span> <span class='ocrx_word' id='word_1_839' title='bbox 1524 5404 1576 5446; x_wconf 82' lang='lat' dir='ltr'><strong>et</strong></span> <span class='ocrx_word' id='word_1_840' title='bbox 1608 5395 1671 5447; x_wconf 87' lang='lat' dir='ltr'><strong>de</strong></span> <span class='ocrx_word' id='word_1_841' title='bbox 1696 5394 2080 5462; x_wconf 89' lang='lat' dir='ltr'><strong>juramentis...</strong></span> <span class='ocrx_word' id='word_1_842' title='bbox 2113 5397 2187 5450; x_wconf 87' lang='lat' dir='ltr'><strong>ait</strong></span> <span class='ocrx_word' id='word_1_843' title='bbox 2217 5416 2228 5450; x_wconf 91' lang='lat'>:</span> 
     </span>
    </p>
   </div>
   <div class='ocr_carea' id='block_1_105' title="bbox 673 5468 1087 5526">
    <p class='ocr_par' dir='ltr' id='par_1_105' title="bbox 673 5468 1087 5526">
     <span class='ocr_line' id='line_1_105' title="bbox 673 5468 1087 5526; baseline 0.005 -17"><span class='ocrx_word' id='word_1_844' title='bbox 673 5472 780 5509; x_wconf 89' lang='lat' dir='ltr'><strong>non</strong></span> <span class='ocrx_word' id='word_1_845' title='bbox 800 5468 1037 5526; x_wconf 43' lang='lat' dir='ltr'><strong>.oportet.</strong></span> <span class='ocrx_word' id='word_1_846' title='bbox 1070 5478 1087 5510; x_wconf 72' lang='grc' dir='ltr'><strong>ι</strong></span> 
     </span>
    </p>
   </div>
   <div class='ocr_carea' id='block_1_106' title="bbox 743 5526 2223 5599">
    <p class='ocr_par' dir='ltr' id='par_1_106' title="bbox 743 5526 2223 5599">
     <span class='ocr_line' id='line_1_106' title="bbox 743 5526 2223 5599; baseline 0.006 -20"><span class='ocrx_word' id='word_1_847' title='bbox 743 5526 856 5599; x_wconf 84' lang='grc'>(50)</span> <span class='ocrx_word' id='word_1_848' title='bbox 893 5527 983 5582; x_wconf 90' lang='lat' dir='ltr'><strong>Sic</strong></span> <span class='ocrx_word' id='word_1_849' title='bbox 1010 5539 1153 5584; x_wconf 90' lang='lat' dir='ltr'><strong>recte</strong></span> <span class='ocrx_word' id='word_1_850' title='bbox 1181 5545 1368 5585; x_wconf 78' lang='lat' dir='ltr'><strong>omnes</strong></span> <span class='ocrx_word' id='word_1_851' title='bbox 1391 5534 1546 5588; x_wconf 87' lang='lat' dir='ltr'><strong>codd.</strong></span> <span class='ocrx_word' id='word_1_852' title='bbox 1578 5549 1706 5586; x_wconf 89' lang='lat' dir='ltr'><strong>mss.</strong></span> <span class='ocrx_word' id='word_1_853' title='bbox 1736 5536 1887 5588; x_wconf 84' lang='lat' dir='ltr'><strong>Alias</strong></span> <span class='ocrx_word' id='word_1_854' title='bbox 1913 5553 1925 5587; x_wconf 88' lang='lat'><strong>:</strong></span> <span class='ocrx_word' id='word_1_855' title='bbox 1963 5553 1980 5586; x_wconf 86' lang='grc'><strong>‹</strong></span> <span class='ocrx_word' id='word_1_856' title='bbox 2012 5535 2223 5588; x_wconf 81' lang='lat' dir='ltr'><strong>Patrem</strong></span> 
     </span>
    </p>
   </div>
   <div class='ocr_carea' id='block_1_107' title="bbox 670 5597 2228 5718">
    <p class='ocr_par' dir='ltr' id='par_1_107' title="bbox 670 5597 2228 5718">
     <span class='ocr_line' id='line_1_107' title="bbox 670 5597 2228 5718; baseline 0.006 -71"><span class='ocrx_word' id='word_1_857' title='bbox 670 5597 788 5718; x_wconf 81' lang='lat' dir='ltr'><strong>lsine</strong></span> <span class='ocrx_word' id='word_1_858' title='bbox 816 5599 980 5653; x_wconf 89' lang='lat' dir='ltr'><strong>dubio</strong></span> <span class='ocrx_word' id='word_1_859' title='bbox 1011 5600 1292 5655; x_wconf 84' lang='lat' dir='ltr'><strong>Dominum</strong></span> <span class='ocrx_word' id='word_1_860' title='bbox 1319 5603 1528 5657; x_wconf 85' lang='lat' dir='ltr'><strong>dicebat</strong></span> <span class='ocrx_word' id='word_1_861' title='bbox 1563 5617 1680 5656; x_wconf 88' lang='lat' dir='ltr'><strong>cum</strong></span> <span class='ocrx_word' id='word_1_862' title='bbox 1715 5607 1867 5674; x_wconf 72' lang='lat' dir='ltr'><strong>cujus</strong></span> <span class='ocrx_word' id='word_1_863' title='bbox 1899 5603 2089 5659; x_wconf 71' lang='lat' dir='ltr'><strong>norum</strong></span> <span class='ocrx_word' id='word_1_864' title='bbox 2125 5606 2228 5660; x_wconf 84' lang='lat' dir='ltr'><strong>Sa-</strong></span> 
     </span>
     <span class='ocr_line' id='line_1_108' title="bbox 692 5682 921 5718; baseline 0 0"><span class='ocrx_word' id='word_1_865' title='bbox 692 5682 871 5718; x_wconf 86' lang='lat' dir='ltr'><strong>emou.</strong></span> <span class='ocrx_word' id='word_1_866' title='bbox 903 5688 921 5718; x_wconf 76' lang='grc' dir='ltr'><strong><em>ι</em></strong></span> 
     </span>
    </p>
   </div>
   <div class='ocr_carea' id='block_1_108' title="bbox 692 5682 921 5720">
    <p class='ocr_par' dir='ltr' id='par_1_108' title="bbox 692 5682 921 5720">
     <span class='ocr_line' id='line_1_109' title="bbox 692 5682 921 5720; baseline 0.013 -3"><span class='ocrx_word' id='word_1_867' title='bbox 692 5682 871 5720; x_wconf 86' lang='lat' dir='ltr'><strong>emou.</strong></span> <span class='ocrx_word' id='word_1_868' title='bbox 903 5688 921 5720; x_wconf 73' lang='grc' dir='ltr'><strong><em>ι</em></strong></span> 
     </span>
    </p>
   </div>
   <div class='ocr_carea' id='block_1_109' title="bbox 710 5735 2226 5816">
    <p class='ocr_par' dir='ltr' id='par_1_109' title="bbox 710 5735 2226 5816">
     <span class='ocr_line' id='line_1_110' title="bbox 710 5735 2226 5816; baseline 0.009 -29"><span class='ocrx_word' id='word_1_869' title='bbox 710 5735 852 5813; x_wconf 41' lang='grc'>,(51)</span> <span class='ocrx_word' id='word_1_870' title='bbox 900 5737 1053 5794; x_wconf 85' lang='lat' dir='ltr'><strong>Libb.</strong></span> <span class='ocrx_word' id='word_1_871' title='bbox 1101 5742 1267 5809; x_wconf 88' lang='lat' dir='ltr'><strong>editi,</strong></span> <span class='ocrx_word' id='word_1_872' title='bbox 1323 5761 1343 5795; x_wconf 71' lang='grc' dir='ltr'>ι</span> <span class='ocrx_word' id='word_1_873' title='bbox 1399 5744 1751 5811; x_wconf 51' lang='lat' dir='ltr'><strong>quomodo.»</strong></span> <span class='ocrx_word' id='word_1_874' title='bbox 1805 5743 1933 5800; x_wconf 78' lang='lat' dir='ltr'><strong>Mss.</strong></span> <span class='ocrx_word' id='word_1_875' title='bbox 1966 5786 1979 5809; x_wconf 92' lang='lat'><strong>,</strong></span> <span class='ocrx_word' id='word_1_876' title='bbox 2034 5768 2051 5801; x_wconf 79' lang='grc' dir='ltr'>ι</span> <span class='ocrx_word' id='word_1_877' title='bbox 2093 5761 2226 5816; x_wconf 80' lang='lat' dir='ltr'><strong>quo-</strong></span> 
     </span>
    </p>
   </div>
   <div class='ocr_carea' id='block_1_110' title="bbox 671 5817 893 5858">
    <p class='ocr_par' dir='ltr' id='par_1_110' title="bbox 671 5817 893 5858">
     <span class='ocr_line' id='line_1_111' title="bbox 671 5817 893 5858; baseline 0.014 -3"><span class='ocrx_word' id='word_1_878' title='bbox 671 5817 839 5858; x_wconf 80' lang='lat' dir='ltr'><strong>niam.</strong></span> <span class='ocrx_word' id='word_1_879' title='bbox 874 5824 893 5857; x_wconf 71' lang='grc' dir='ltr'><strong>ι</strong></span> 
     </span>
    </p>
   </div>
   <div class='ocr_carea' id='block_1_111' title="bbox 740 5872 2222 5957">
    <p class='ocr_par' dir='ltr' id='par_1_111' title="bbox 740 5872 2222 5957">
     <span class='ocr_line' id='line_1_112' title="bbox 740 5872 2222 5957; baseline -0.001 -15"><span class='ocrx_word' id='word_1_880' title='bbox 740 5872 852 5942; x_wconf 68' lang='grc'>(52)</span> <span class='ocrx_word' id='word_1_881' title='bbox 883 5873 1114 5957; x_wconf 67' lang='grc' dir='ltr'><strong>ιορςιῖιη</strong></span> <span class='ocrx_word' id='word_1_882' title='bbox 1149 5885 1269 5938; x_wconf 73' lang='lat' dir='ltr'><strong>erit.</strong></span> <span class='ocrx_word' id='word_1_883' title='bbox 1320 5884 1410 5938; x_wconf 84' lang='lat' dir='ltr'><strong>Sic</strong></span> <span class='ocrx_word' id='word_1_884' title='bbox 1445 5898 1576 5938; x_wconf 86' lang='lat' dir='ltr'><strong>mss.</strong></span> <span class='ocrx_word' id='word_1_885' title='bbox 1606 5901 1618 5949; x_wconf 89' lang='lat'>;</span> <span class='ocrx_word' id='word_1_886' title='bbox 1652 5885 1779 5941; x_wconf 91' lang='lat' dir='ltr'><strong>editi</strong></span> <span class='ocrx_word' id='word_1_887' title='bbox 1818 5900 1978 5954; x_wconf 87' lang='lat' dir='ltr'><strong>vero,</strong></span> <span class='ocrx_word' id='word_1_888' title='bbox 2033 5905 2051 5938; x_wconf 73' lang='grc' dir='ltr'>ι</span> <span class='ocrx_word' id='word_1_889' title='bbox 2093 5901 2222 5942; x_wconf 91' lang='lat' dir='ltr'><strong>con-</strong></span> 
     </span>
    </p>
   </div>
   <div class='ocr_carea' id='block_1_112' title="bbox 671 5954 1069 6000">
    <p class='ocr_par' dir='ltr' id='par_1_112' title="bbox 671 5954 1069 6000">
     <span class='ocr_line' id='line_1_113' title="bbox 671 5954 1069 6000; baseline 0.005 -4"><span class='ocrx_word' id='word_1_890' title='bbox 671 5954 858 5997; x_wconf 74' lang='grc' dir='ltr'><strong>’τυυιιι</strong></span> <span class='ocrx_word' id='word_1_891' title='bbox 887 5954 1013 6000; x_wconf 84' lang='lat' dir='ltr'><strong>erit.</strong></span> <span class='ocrx_word' id='word_1_892' title='bbox 1051 5965 1069 5998; x_wconf 71' lang='grc' dir='ltr'><strong><em>ι</em></strong></span> 
     </span>
    </p>
   </div>
   <div class='ocr_carea' id='block_1_113' title="bbox 2408 5104 3906 5189">
    <p class='ocr_par' dir='ltr' id='par_1_113' title="bbox 2408 5104 3906 5189">
     <span class='ocr_line' id='line_1_114' title="bbox 2408 5104 3906 5189; baseline 0.005 -17"><span class='ocrx_word' id='word_1_893' title='bbox 2408 5120 2519 5189; x_wconf 76' lang='grc'>(55)</span> <span class='ocrx_word' id='word_1_894' title='bbox 2547 5120 2658 5174; x_wconf 74' lang='lat' dir='ltr'><strong>Vox</strong></span> <span class='ocrx_word' id='word_1_895' title='bbox 2691 5140 2709 5172; x_wconf 75' lang='grc' dir='ltr'>ι</span> <span class='ocrx_word' id='word_1_896' title='bbox 2751 5131 2926 5174; x_wconf 88' lang='lat' dir='ltr'><strong>tamen</strong></span> <span class='ocrx_word' id='word_1_897' title='bbox 2964 5141 2980 5172; x_wconf 72' lang='grc' dir='ltr'><strong><em>ι</em></strong></span> <span class='ocrx_word' id='word_1_898' title='bbox 3020 5122 3172 5175; x_wconf 84' lang='lat' dir='ltr'><strong>deest</strong></span> <span class='ocrx_word' id='word_1_899' title='bbox 3199 5123 3251 5175; x_wconf 90' lang='lat' dir='ltr'><strong>in</strong></span> <span class='ocrx_word' id='word_1_900' title='bbox 3279 5131 3438 5174; x_wconf 89' lang='lat' dir='ltr'><strong>antea</strong></span> <span class='ocrx_word' id='word_1_901' title='bbox 3468 5121 3648 5186; x_wconf 73' lang='lat' dir='ltr'><strong>editis,</strong></span> <span class='ocrx_word' id='word_1_902' title='bbox 3677 5124 3769 5177; x_wconf 85' lang='lat' dir='ltr'><strong>sed</strong></span> <span class='ocrx_word' id='word_1_903' title='bbox 3794 5104 3906 5180; x_wconf 56' lang='lat' dir='ltr'><strong>iia-</strong></span> 
     </span>
    </p>
   </div>
   <div class='ocr_carea' id='block_1_114' title="bbox 2342 5191 2751 5245">
    <p class='ocr_par' dir='ltr' id='par_1_114' title="bbox 2342 5191 2751 5245">
     <span class='ocr_line' id='line_1_115' title="bbox 2342 5191 2751 5245; baseline 0.005 -4"><span class='ocrx_word' id='word_1_904' title='bbox 2342 5191 2501 5245; x_wconf 89' lang='lat' dir='ltr'><strong>bctur</strong></span> <span class='ocrx_word' id='word_1_905' title='bbox 2539 5192 2588 5243; x_wconf 90' lang='lat' dir='ltr'><strong>in</strong></span> <span class='ocrx_word' id='word_1_906' title='bbox 2624 5207 2751 5245; x_wconf 86' lang='lat' dir='ltr'><strong>mss.</strong></span> 
     </span>
    </p>
   </div>
   <div class='ocr_carea' id='block_1_115' title="bbox 2409 5260 3810 5330">
    <p class='ocr_par' dir='ltr' id='par_1_115' title="bbox 2409 5260 3810 5330">
     <span class='ocr_line' id='line_1_116' title="bbox 2409 5260 3810 5330; baseline 0.002 -17"><span class='ocrx_word' id='word_1_907' title='bbox 2409 5261 2520 5330; x_wconf 72' lang='grc'>(54)</span> <span class='ocrx_word' id='word_1_908' title='bbox 2555 5263 2644 5316; x_wconf 88' lang='lat' dir='ltr'><strong>Sic</strong></span> <span class='ocrx_word' id='word_1_909' title='bbox 2678 5277 2804 5315; x_wconf 90' lang='lat' dir='ltr'><strong>mss.</strong></span> <span class='ocrx_word' id='word_1_910' title='bbox 2839 5278 2852 5325; x_wconf 90' lang='lat'><strong>;</strong></span> <span class='ocrx_word' id='word_1_911' title='bbox 2886 5261 3012 5314; x_wconf 92' lang='lat' dir='ltr'><strong>editi</strong></span> <span class='ocrx_word' id='word_1_912' title='bbox 3051 5261 3179 5314; x_wconf 83' lang='lat' dir='ltr'><strong>vero</strong></span> <span class='ocrx_word' id='word_1_913' title='bbox 3211 5280 3227 5310; x_wconf 75' lang='grc' dir='ltr'>ι</span> <span class='ocrx_word' id='word_1_914' title='bbox 3260 5260 3310 5312; x_wconf 83' lang='grc' dir='ltr'><strong>ἰη</strong></span> <span class='ocrx_word' id='word_1_915' title='bbox 3336 5260 3759 5329; x_wconf 85' lang='lat' dir='ltr'><strong>discipliuatam.</strong></span> <span class='ocrx_word' id='word_1_916' title='bbox 3793 5278 3810 5309; x_wconf 73' lang='grc' dir='ltr'><strong><em>ι</em></strong></span> 
     </span>
    </p>
   </div>
   <div class='ocr_carea' id='block_1_116' title="bbox 2419 5329 3906 5400">
    <p class='ocr_par' dir='ltr' id='par_1_116' title="bbox 2419 5329 3906 5400">
     <span class='ocr_line' id='line_1_117' title="bbox 2419 5329 3906 5400; baseline 0.001 -14"><span class='ocrx_word' id='word_1_917' title='bbox 2419 5329 2528 5400; x_wconf 50' lang='grc'>(55⁷)</span> <span class='ocrx_word' id='word_1_918' title='bbox 2567 5331 2767 5385; x_wconf 83' lang='lat' dir='ltr'><strong>Verbis.</strong></span> <span class='ocrx_word' id='word_1_919' title='bbox 2807 5332 2962 5384; x_wconf 89' lang='lat' dir='ltr'><strong>Deest</strong></span> <span class='ocrx_word' id='word_1_920' title='bbox 2985 5333 3036 5383; x_wconf 93' lang='lat' dir='ltr'><strong>in</strong></span> <span class='ocrx_word' id='word_1_921' title='bbox 3067 5342 3222 5384; x_wconf 88' lang='lat' dir='ltr'><strong>antea</strong></span> <span class='ocrx_word' id='word_1_922' title='bbox 3252 5329 3431 5393; x_wconf 84' lang='lat' dir='ltr'><strong>editis,</strong></span> <span class='ocrx_word' id='word_1_923' title='bbox 3457 5334 3547 5386; x_wconf 90' lang='lat' dir='ltr'><strong>sed</strong></span> <span class='ocrx_word' id='word_1_924' title='bbox 3583 5334 3812 5387; x_wconf 89' lang='lat' dir='ltr'><strong>habetur</strong></span> <span class='ocrx_word' id='word_1_925' title='bbox 3850 5335 3906 5389; x_wconf 89' lang='lat' dir='ltr'><strong>in</strong></span> 
     </span>
    </p>
   </div>
   <div class='ocr_carea' id='block_1_117' title="bbox 2343 5401 3903 5464">
    <p class='ocr_par' dir='ltr' id='par_1_117' title="bbox 2343 5401 3903 5464">
     <span class='ocr_line' id='line_1_118' title="bbox 2343 5401 3903 5464; baseline 0.003 -12"><span class='ocrx_word' id='word_1_926' title='bbox 2343 5417 2471 5457; x_wconf 89' lang='lat' dir='ltr'><strong>mss.</strong></span> <span class='ocrx_word' id='word_1_927' title='bbox 2504 5403 2702 5456; x_wconf 88' lang='lat' dir='ltr'><strong>Ibidem</strong></span> <span class='ocrx_word' id='word_1_928' title='bbox 2753 5401 2884 5454; x_wconf 90' lang='lat' dir='ltr'><strong>libb.</strong></span> <span class='ocrx_word' id='word_1_929' title='bbox 2934 5401 3063 5453; x_wconf 92' lang='lat' dir='ltr'><strong>editi</strong></span> <span class='ocrx_word' id='word_1_930' title='bbox 3102 5403 3319 5464; x_wconf 85' lang='lat' dir='ltr'><strong>habent,</strong></span> <span class='ocrx_word' id='word_1_931' title='bbox 3381 5419 3399 5450; x_wconf 85' lang='grc'><strong><em>‹</em></strong></span> <span class='ocrx_word' id='word_1_932' title='bbox 3442 5403 3533 5456; x_wconf 86' lang='lat' dir='ltr'><strong>sed</strong></span> <span class='ocrx_word' id='word_1_933' title='bbox 3570 5407 3903 5459; x_wconf 85' lang='lat' dir='ltr'><strong>concedatur</strong></span> 
     </span>
    </p>
   </div>
   <div class='ocr_carea' id='block_1_118' title="bbox 2340 5470 3660 5527">
    <p class='ocr_par' dir='ltr' id='par_1_118' title="bbox 2340 5470 3660 5527">
     <span class='ocr_line' id='line_1_119' title="bbox 2340 5470 3660 5527; baseline 0.002 -2"><span class='ocrx_word' id='word_1_934' title='bbox 2340 5473 2480 5525; x_wconf 88' lang='lat' dir='ltr'><strong>circa</strong></span> <span class='ocrx_word' id='word_1_935' title='bbox 2517 5474 2612 5525; x_wconf 89' lang='lat' dir='ltr'><strong>has</strong></span> <span class='ocrx_word' id='word_1_936' title='bbox 2638 5487 2845 5524; x_wconf 84' lang='lat' dir='ltr'><strong>omnes.</strong></span> <span class='ocrx_word' id='word_1_937' title='bbox 2889 5490 2906 5523; x_wconf 73' lang='grc' dir='ltr'><strong><em>ι</em></strong></span> <span class='ocrx_word' id='word_1_938' title='bbox 2940 5470 3067 5524; x_wconf 84' lang='lat' dir='ltr'><strong>Mss.</strong></span> <span class='ocrx_word' id='word_1_939' title='bbox 3103 5480 3160 5523; x_wconf 93' lang='lat' dir='ltr'><strong>ut</strong></span> <span class='ocrx_word' id='word_1_940' title='bbox 3193 5470 3243 5521; x_wconf 94' lang='lat' dir='ltr'><strong>in</strong></span> <span class='ocrx_word' id='word_1_941' title='bbox 3274 5481 3458 5525; x_wconf 83' lang='lat' dir='ltr'><strong>nostro</strong></span> <span class='ocrx_word' id='word_1_942' title='bbox 3491 5483 3660 5527; x_wconf 82' lang='lat' dir='ltr'><strong>textu.</strong></span> 
     </span>
    </p>
   </div>
   <div class='ocr_carea' id='block_1_119' title="bbox 2402 5541 3903 5610">
    <p class='ocr_par' dir='ltr' id='par_1_119' title="bbox 2402 5541 3903 5610">
     <span class='ocr_line' id='line_1_120' title="bbox 2402 5541 3903 5610; baseline -0.002 -13"><span class='ocrx_word' id='word_1_943' title='bbox 2402 5543 2514 5610; x_wconf 80' lang='lat'><strong>(56)</strong></span> <span class='ocrx_word' id='word_1_944' title='bbox 2546 5541 2701 5596; x_wconf 88' lang='lat' dir='ltr'><strong>Libb.</strong></span> <span class='ocrx_word' id='word_1_945' title='bbox 2731 5543 2861 5595; x_wconf 90' lang='lat' dir='ltr'><strong>editi</strong></span> <span class='ocrx_word' id='word_1_946' title='bbox 2899 5543 3152 5594; x_wconf 88' lang='lat' dir='ltr'><strong>mendose</strong></span> <span class='ocrx_word' id='word_1_947' title='bbox 3177 5580 3190 5602; x_wconf 90' lang='lat'><strong>,</strong></span> <span class='ocrx_word' id='word_1_948' title='bbox 3232 5557 3250 5590; x_wconf 73' lang='grc' dir='ltr'><em>α</em></span> <span class='ocrx_word' id='word_1_949' title='bbox 3288 5555 3446 5608; x_wconf 91' lang='lat' dir='ltr'><strong>quem</strong></span> <span class='ocrx_word' id='word_1_950' title='bbox 3496 5541 3647 5596; x_wconf 90' lang='lat' dir='ltr'><strong>aiunt</strong></span> <span class='ocrx_word' id='word_1_951' title='bbox 3676 5544 3903 5606; x_wconf 87' lang='lat' dir='ltr'><strong>bonum,</strong></span> 
     </span>
    </p>
   </div>
   <div class='ocr_carea' id='block_1_120' title="bbox 2333 5610 3902 5682">
    <p class='ocr_par' dir='ltr' id='par_1_120' title="bbox 2333 5610 3902 5682">
     <span class='ocr_line' id='line_1_121' title="bbox 2333 5610 3902 5682; baseline 0.002 -18"><span class='ocrx_word' id='word_1_952' title='bbox 2333 5622 2734 5682; x_wconf 87' lang='lat' dir='ltr'><strong>consequenter</strong></span> <span class='ocrx_word' id='word_1_953' title='bbox 2760 5613 2954 5667; x_wconf 88' lang='lat' dir='ltr'><strong>deinde</strong></span> <span class='ocrx_word' id='word_1_954' title='bbox 2989 5610 3299 5678; x_wconf 88' lang='lat' dir='ltr'><strong>videbitur;</strong></span> <span class='ocrx_word' id='word_1_955' title='bbox 3331 5629 3351 5664; x_wconf 74' lang='grc' dir='ltr'><strong><em>ι</em></strong></span> <span class='ocrx_word' id='word_1_956' title='bbox 3387 5622 3532 5668; x_wconf 89' lang='lat' dir='ltr'><strong>recte</strong></span> <span class='ocrx_word' id='word_1_957' title='bbox 3557 5623 3736 5667; x_wconf 88' lang='lat' dir='ltr'><strong>autem</strong></span> <span class='ocrx_word' id='word_1_958' title='bbox 3765 5626 3902 5667; x_wconf 84' lang='lat' dir='ltr'><strong>mss.</strong></span> 
     </span>
    </p>
   </div>
   <div class='ocr_carea' id='block_1_121' title="bbox 2331 5684 2889 5737">
    <p class='ocr_par' dir='ltr' id='par_1_121' title="bbox 2331 5684 2889 5737">
     <span class='ocr_line' id='line_1_122' title="bbox 2331 5684 2889 5737; baseline -0.002 -2"><span class='ocrx_word' id='word_1_959' title='bbox 2331 5693 2386 5736; x_wconf 92' lang='lat' dir='ltr'><strong>ut</strong></span> <span class='ocrx_word' id='word_1_960' title='bbox 2418 5684 2469 5736; x_wconf 89' lang='lat' dir='ltr'><strong>in</strong></span> <span class='ocrx_word' id='word_1_961' title='bbox 2502 5693 2689 5737; x_wconf 78' lang='lat' dir='ltr'><strong>nostro</strong></span> <span class='ocrx_word' id='word_1_962' title='bbox 2723 5691 2889 5736; x_wconf 81' lang='lat' dir='ltr'><strong>textu.</strong></span> 
     </span>
    </p>
   </div>
   <div class='ocr_carea' id='block_1_122' title="bbox 2393 5749 3754 5824">
    <p class='ocr_par' dir='ltr' id='par_1_122' title="bbox 2393 5749 3754 5824">
     <span class='ocr_line' id='line_1_123' title="bbox 2393 5749 3754 5824; baseline -0.004 -18"><span class='ocrx_word' id='word_1_963' title='bbox 2393 5753 2512 5824; x_wconf 77' lang='grc'>’(57)</span> <span class='ocrx_word' id='word_1_964' title='bbox 2540 5753 2633 5824; x_wconf 72' lang='lat' dir='ltr'><strong>Sic</strong></span> <span class='ocrx_word' id='word_1_965' title='bbox 2660 5768 2790 5808; x_wconf 88' lang='lat' dir='ltr'><strong>mss.</strong></span> <span class='ocrx_word' id='word_1_966' title='bbox 2822 5752 2978 5824; x_wconf 58' lang='lat' dir='ltr'><strong>bibb.</strong></span> <span class='ocrx_word' id='word_1_967' title='bbox 3017 5749 3178 5824; x_wconf 88' lang='lat' dir='ltr'><strong>editi,</strong></span> <span class='ocrx_word' id='word_1_968' title='bbox 3208 5770 3229 5824; x_wconf 69' lang='grc' dir='ltr'><strong><em>ᾳ</em></strong></span> <span class='ocrx_word' id='word_1_969' title='bbox 3265 5752 3366 5807; x_wconf 89' lang='lat' dir='ltr'><strong>nisi</strong></span> <span class='ocrx_word' id='word_1_970' title='bbox 3401 5750 3698 5824; x_wconf 80' lang='lat' dir='ltr'><strong>Christum.</strong></span> <span class='ocrx_word' id='word_1_971' title='bbox 3735 5767 3754 5800; x_wconf 77' lang='grc' dir='ltr'><strong><em>ι</em></strong></span> 
     </span>
    </p>
   </div>
   <div class='ocr_carea' id='block_1_123' title="bbox 2401 5824 2490 5889">
    <p class='ocr_par' dir='ltr' id='par_1_123' title="bbox 2401 5824 2490 5889">
     <span class='ocr_line' id='line_1_124' title="bbox 2401 5824 2490 5889; baseline 0 -11"><span class='ocrx_word' id='word_1_972' title='bbox 2401 5824 2490 5889; x_wconf 75' lang='lat'><strong>(58</strong></span> 
     </span>
    </p>
   </div>
   <div class='ocr_carea' id='block_1_124' title="bbox 2331 5909 2463 5950">
    <p class='ocr_par' dir='ltr' id='par_1_124' title="bbox 2331 5909 2463 5950">
     <span class='ocr_line' id='line_1_125' title="bbox 2331 5909 2463 5950; baseline 0.015 -2"><span class='ocrx_word' id='word_1_973' title='bbox 2331 5909 2463 5950; x_wconf 82' lang='lat' dir='ltr'><strong>mss.</strong></span> 
     </span>
    </p>
   </div>
   <div class='ocr_carea' id='block_1_125' title="bbox 2569 5821 3900 5893">
    <p class='ocr_par' dir='ltr' id='par_1_125' title="bbox 2569 5821 3900 5893">
     <span class='ocr_line' id='line_1_126' title="bbox 2569 5821 3900 5893; baseline 0.001 -16"><span class='ocrx_word' id='word_1_974' title='bbox 2569 5821 2779 5879; x_wconf 82' lang='lat' dir='ltr'><strong>Nonne.</strong></span> <span class='ocrx_word' id='word_1_975' title='bbox 2835 5823 2996 5877; x_wconf 86' lang='lat' dir='ltr'><strong>Deest</strong></span> <span class='ocrx_word' id='word_1_976' title='bbox 3052 5823 3105 5878; x_wconf 90' lang='lat' dir='ltr'><strong>in</strong></span> <span class='ocrx_word' id='word_1_977' title='bbox 3161 5823 3360 5893; x_wconf 65' lang='lat' dir='ltr'><strong>editis,</strong></span> <span class='ocrx_word' id='word_1_978' title='bbox 3408 5823 3502 5878; x_wconf 88' lang='lat' dir='ltr'><strong>sed</strong></span> <span class='ocrx_word' id='word_1_979' title='bbox 3563 5821 3797 5877; x_wconf 82' lang='lat' dir='ltr'><strong>habetur</strong></span> <span class='ocrx_word' id='word_1_980' title='bbox 3843 5821 3900 5878; x_wconf 89' lang='lat' dir='ltr'><strong>in</strong></span> 
     </span>
    </p>
   </div>
  </div>
