4118 6308
178 397 287 454 εθι

1462 393 1673 449 LIBER
1709 392 2091 457 SECUNDUS.

185 518 284 571 Dei
320 519 461 588 quod
510 526 637 573 ante
677 518 993 589 promiserat
1026 534 1123 589 per
1156 520 1445 589 prephetas
1474 536 1602 575 suos
1631 519 1743 589 (59)
1775 525 1824 584 Α
1854 522 1897 576 si
1948 537 2016 578 ex
2054 521 2280 577 materia
2318 521 2426 587 sit,
2461 521 2680 575 materia
2715 532 2890 577 autem
2927 525 3043 597 sine
3090 526 3252 582 tlt'blo
3290 544 3408 584 cor-

185 610 237 663 in
273 609 573 679 Scripturis
599 611 797 665 sanctis
826 611 890 664 de
920 611 1056 666 Filio
1087 628 1203 679 suo,
1240 613 1329 681 qui
1366 612 1539 667 factus
1568 621 1650 667 est
1692 614 1741 666 ei

183 716 249 754 ex
290 702 501 756 semine
533 702 697 755 David
727 702 1018 757 secundum
1048 717 1287 765 carnem,
1322 704 1412 767 qui
1458 703 1741 772 praedesti-

185 800 363 845 natus.
394 802 477 846 est
524 790 690 845 Filius
722 790 811 845 Dei
852 794 903 844 in
938 794 1133 846 virtute
1157 795 1450 846 secundum
1487 794 1738 861 spiritum

185 882 633 935 sanctiﬁcationis
660 897 721 933 ex
754 883 1151 935 resurrectione
1174 891 1503 935 mortuorum
1536 881 1740 935 Christi

183 969 315 1025 Jesu
348 972 557 1027 Domini
588 974 752 1026 nostri
778 973 843 1037 εί,
881 992 900 1025 ι
928 983 1037 1027 etc.
1073 972 1179 1026 Sed
1220 982 1274 1027 et
1297 972 1424 1026 illud
1451 974 1592 1039 quod
1624 972 1738 1026 ait:

192 1082 210 1114 ι
250 1064 367 1117 Non
412 1065 694 1117 obturabis
734 1079 795 1118 os
840 1063 961 1117 bovi
1010 1063 1283 1116 trituranti
1330 1079 1345 1128 ;
1397 1062 1637 1130 nunquid
1677 1061 1742 1115 de

186 1157 358 1209 bobus
389 1171 517 1209 cura
555 1164 636 1209 est
668 1154 813 1209 Deo?
847 1154 924 1206 An
956 1164 1171 1223 prepter
1210 1169 1310 1209 nos
1344 1154 1532 1221 utique
1566 1153 1740 1207 dicit?

187 1247 413 1314 Propter
444 1262 539 1300 nos
570 1246 710 1300 enim
742 1248 1003 1313 scriptum
1035 1256 1155 1308 est,
1204 1245 1329 1313 quia
1367 1244 1420 1297 iu
1455 1259 1549 1312 spe
1580 1246 1741 1299 debet

186 1338 277 1402 qui
315 1347 433 1389 arat
454 1352 632 1401 arare,
659 1344 712 1390 et
737 1340 828 1405 qui
859 1336 1189 1391 trituratsuh
1207 1350 1299 1404 spe
1330 1335 1537 1389 lruc.us
1568 1337 1742 1404 perci-

186 1430 451 1496 piendi".
487 1447 505 1478 ι
540 1428 594 1481 In
627 1444 734 1497 quo
764 1429 1041 1482 evidenter
1079 1427 1330 1517 pstendit
1363 1427 1492 1496 quia
1541 1428 1628 1494 qui
1664 1427 1741 1482 le-

186 1534 305 1585 gem
330 1520 471 1573 dedit
498 1520 652 1583 Dens,
680 1527 895 1587 propter
923 1534 1041 1584 nos,
1066 1519 1116 1572 id
1148 1528 1231 1572 est
1256 1527 1478 1587 propter
1521 1529 1739 1587 aposto-

187 1609 265 1662 los
298 1610 430 1662 dicit
470 1631 483 1664 :
520 1628 538 1660 ι
586 1610 701 1664 Νοιι
745 1610 1033 1664 obturahis.
1066 1622 1127 1662 os
1174 1608 1293 1663 bovi
1343 1609 1615 1664 trituranti
1660 1627 1673 1673 ;

185 1699 269 1751 cui
323 1713 451 1753 cura
509 1710 627 1754 erat
682 1715 785 1752 non
814 1699 1005 1762 boum,
1064 1696 1157 1752 sed
1212 1697 1576 1767 apostolorum
1639 1700 1729 1767 qui

186 1792 385 1845 Christi
433 1792 778 1862 Evangeliqu
826 1790 1212 1861 praedicabant.
1262 1790 1316 1843 In
1363 1791 1485 1844 aliis
1525 1776 1737 1860 quoque

188 1882 596 1949 promissionem
624 1882 755 1952 legis
782 1881 1113 1949 amplectens
1142 1879 1339 1933 Paulus
1377 1881 1493 1947 ipsa.
1524 1881 1594 1934 ita
1629 1882 1734 1934 ait:

1846 613 2118 680 ruptibilis
2150 622 2230 668 est
2258 653 2271 676 ,
2303 612 2407 667 erit
2433 625 2561 681 ergo
2590 612 2699 681 jam
2743 616 3039 669 secundum
3068 618 3189 673 illos
3221 634 3407 675 corru-

1843 702 2049 769 ptibilis
2083 703 2241 756 Deus.
2276 702 2507 755 Rursum
2539 716 2752 771 quoque
2784 704 3241 774 interrogabitnus
3270 724 3365 765 eos
3392 730 3404 764 :

1846 791 2069 847 Materia
2104 792 2242 847 facta
2274 803 2356 847 est
2402 808 2468 847 an
2503 791 2739 862 ingenita
2767 833 2781 858 ,
2829 795 2877 848 id
2923 805 3007 850 est
3056 797 3256 853 infecta
3279 802 3305 855 τ
3343 803 3409 861 Et

1841 880 2107 949 siquidem
2140 882 2373 935 dixerint
2402 881 2525 949 quia
2552 880 2665 949 (65)
2696 882 2893 936 infecta
2922 896 3022 948 est,
3058 885 3108 939 id
3137 895 3223 940 est
3252 887 3404 959 iuge-

1843 971 1992 1035 nita,
2038 972 2378 1040 requiremus
2423 972 2491 1026 ab
2542 971 2620 1026 eis
2661 972 2704 1026 si
2748 974 2987 1027 materizc
3031 991 3155 1043 pars
3188 978 3405 1046 quidem

1842 1060 1943 1112 alia
1996 1060 2172 1124 Deus,
2221 1061 2323 1119 alia
2365 1070 2541 1116 autem
2580 1064 2971 1130 pars"mundus
3017 1076 3116 1121 est.
3170 1067 3225 1123 Si
3278 1085 3407 1126 vero

1843 1150 2219 1218 responderint
2251 1153 2317 1206 de
2362 1153 2588 1205 materia
2622 1154 2745 1220 quia
2784 1153 2921 1207 facta
2952 1155 3061 1221 cstf,
3091 1156 3208 1212 siue
3241 1160 3406 1215 dubio

1842 1252 2235 1309 consequetur,
2273 1253 2329 1295 ut
2376 1258 2497 1296 eum
2547 1258 2705 1310 quem
2754 1243 2917 1297 Deum
2948 1246 3164 1311 dicunt,
3204 1248 3404 1309 factum

1842 1345 1962 1385 esse
1999 1331 2269 1386 fateantur
2300 1332 2411 1402 (64)
2440 1351 2453 1399 ;
2492 1336 2634 1401 quod
2672 1334 2858 1401 utique
2888 1350 2985 1389 nec
3014 1338 3272 1406 ipsot'um,
3307 1356 3405 1395 uce

1845 1434 2028 1478 nostra
2078 1426 2214 1477 ratio
2258 1426 2509 1494 admittit.
2561 1424 2665 1477 Sed
2722 1426 2901 1479 dicent
2944 1429 3273 1486 :Invisibilis
3324 1445 3404 1487 est

1844 1520 2002 1599 Deus.
2040 1521 2103 1574 Et
2135 1508 2259 1591 quid
2294 1524 2512 1592 agetis?

1843 1610 1897 1664 Si
1936 1613 2256 1667 invisibilem
2297 1630 2417 1666 eum
2469 1630 2587 1668 esse

1842 1701 2019 1755 dicitis
2050 1716 2146 1771 per
2178 1698 2427 1756 naturam
2453 1745 2466 1769 ,
2495 1720 2587 1759 ne-

1844 1805 1948 1857 que
1981 1791 2251 1845 Salvatori
2284 1793 2443 1847 debet
2472 1809 2587 1848 esse

1842 1880 2097 1935 visibilis.

2710 1629 2995 1668 IIIERONYMI
3031 1630 3356 1668 INTERPRET.

2661 1682 2832 1734 Restat
2862 1696 2912 1734 ut
2936 1685 3321 1749 int'isibilist)
3339 1688 3403 1737 sit

2659 1751 2831 1810 Deus;
2866 1753 2910 1803 si
2930 1762 3104 1805 autem
3129 1753 3403 1806 invisibilis

2657 1835 2754 1893 per.
2792 1831 3154 1893 naturanthest
3181 1860 3196 1885 ,
3244 1840 3405 1893 neque

2660 1888 2927 1941 Saluatori
2961 1890 3175 1941 visibilis
3212 1888 3331 1944 erit;

191 1988 209 2019 ι
250 1970 464 2023 llonora
492 1982 697 2037 patrem
737 1977 884 2023 tuum
914 1978 966 2023 et
1000 1976 1227 2026 matrem
1251 2010 1265 2032 ,
1297 1969 1439 2038 quod
1475 1978 1555 2023 est
1590 1986 1791 2027 mau-/
1841 1970 2092 2036 Quinimo
2130 1981 2185 2026 et
2214 1957 2377 2027 videri
2419 1975 2556 2028 Deus
2589 1974 2745 2027 Pater
2775 1974 2973 2029 Christi
3009 1979 3157 2031 dicitt
3184 1995 3240 2044 r,
3270 1996 3403 2047 quo-

187 2059 370 2111 datum
404 2059 631 2127 primum
660 2059 711 2111 in
740 2059 1116 2128 promissione,
1145 2068 1203 2112 ut
1251 2059 1387 2113 bene
1429 2060 1500 2114 sit
1532 2062 1651 2124 tibi,
1688 2073 1743 2116 et

188 2150 459 2217 longmvus
510 2164 671 2217 super
714 2157 910 2201 terram
943 2149 1053 2213 sis,
1087 2157 1286 2201 terram
1336 2148 1529 2202 bonam
1580 2165 1739 2219 quam

191 2242 446 2295 Dominus
471 2240 613 2295 Deus
652 2250 774 2294 tuus
804 2238 947 2293 dabit
998 2239 1089 2293 tibi
1130 2239 1195 2292 ⁸³.
1245 2259 1264 2292 ι
1310 2239 1411 2294 Per
1461 2256 1579 2309 qua:
1625 2243 1740 2295 sine

188 2334 348 2387 dubio
387 2332 497 2402 (60)
540 2332 751 2401 placere
782 2331 884 2385 sibi
916 2330 1086 2400 legem
1131 2339 1185 2386 et
1216 2327 1381 2385 Deum
1414 2331 1549 2401 legis
1582 2341 1740 2403 atque

186 2422 301 2489 ejus
328 2422 586 2489 promissa
615 2422 949 2488 pronuntiat.
1158 2431 1165 2465 ι

257 2512 455 2567 ἄνδρα
500 2512 758 2581 quoniam
802 2510 976 2565 solent
1003 2510 1273 2565 interdum
1316 2509 1473 2577 hujus
1520 2511 1738 2565 haeresis

187 2615 489 2659 assertores
512 2619 608 2673 per
634 2604 937 2671 deceptiosa
971 2603 1213 2671 quaedam
1248 2590 1583 2669 snphismata
1612 2598 1743 2657 sim-

187 2694 466 2761 pliciorum
501 2706 837 2762 quorumque
879 2692 1041 2746 corda
1085 2692 1335 2762 decipere
1367 2693 1515 2763 (61).
1550 2696 1742 2749 absiir-

185 2784 311 2837 dum
338 2800 440 2837 non
470 2794 598 2852 puto
621 2784 663 2838 si
696 2785 857 2836 etiam
888 2799 948 2838 ea
980 2799 1098 2852 quae
1135 2784 1186 2837 in
1218 2784 1605 2839 assertionibus
1629 2788 1740 2843 suis

187 2872 427 2942 proferre
470 2873 681 2936 solent,
716 2882 1071 2940 proponeutcs
1113 2874 1507 2942 subreptionetr
1551 2891 1737 2930 eorum

186 2979 249 3018 ac
280 2965 554 3019 mendacia
602 2964 710 3032 (62)
755 2964 1118 3018 confutemus.
1144 2966 1311 3019 Aiunt
1348 2966 1505 3034 igitur
1546 2984 1558 3019 :
1592 2967 1741 3020 Scri-

186 3070 334 3127 ptum
381 3068 509 3112 est:
549 3075 568 3109 ‹
612 3052 774 3112 Deum
822 3071 980 3110 nemo
1026 3057 1158 3110 vidit
1201 3058 1501 3126 unquam“
1538 3074 1552 3122 ;
1590 3077 1609 3109 ι
1652 3058 1740 3114 ille

1839 2058 1985 2110 uiam
2038 2077 2055 2109 ε
2104 2062 2192 2126 qui
2246 2061 2427 2125 videt,
2480 2062 2677 2130 inquit,
2726 2064 2961 2128 Filium,
3015 2067 3161 2120 videt
3204 2078 3256 2121 et
3297 2068 3403 2120 Pa-

1844 2158 1978 2202 trem
1996 2151 2062 2204 ⁸⁵.
2090 2170 2107 2201 ι
2126 2151 2276 2217 Quod
2305 2154 2485 2221 utique
2508 2168 2602 2206 vos
2617 2156 2966 2210 vehementer
2992 2168 3240 2226 angustat
3261 2158 3397 2228 (66),

1838 2252 1867 2295 a
1894 2240 2048 2293 nobis
2093 2255 2217 2295 vero
2252 2242 2448 2295 rectius
2498 2257 2603 2295 non
2635 2257 2743 2310 pro-
2772 2246 3001 2299 videndo
3026 2288 3040 2313 ,
3078 2248 3168 2301 sed
3196 2264 3293 2315 pro
3323 2251 3402 2301 in.

1842 2328 2127 2398 telligcndo
2174 2332 2420 2385 sentitur.
2474 2331 2575 2396 Qui
2627 2333 2769 2385 enim
2823 2335 3144 2392 intellexerit
3184 2340 3402 2407 Filium,

1841 2423 2104 2494 intelliget
2142 2434 2196 2479 et
2230 2424 2470 2480 Patrem.
2503 2426 2613 2479 lloc
2660 2439 2787 2495 ergo
2820 2432 2976 2484 modo
3007 2433 3212 2503 Moyses
3241 2436 3402 2490 etiam

1840 2514 2006 2569 Demn
2056 2516 2252 2571 vidisse
2304 2522 2573 2587 putandus
2621 2529 2721 2581 est,
2765 2536 2867 2575 nou
2899 2525 3201 2578 carnalibus
3232 2527 3403 2580 oculis

1840 2621 1962 2660 cum
1994 2606 2229 2671 intuens,
2262 2611 2353 2663 sed
2384 2612 2495 2663 visu
2526 2627 2620 2667 cor
2666 2615 2706 2667 is
2734 2628 2797 2665 ac
2824 2629 2980 2666 sensu
3010 2618 3205 2675 utentis
3243 2616 3400 2669 intelo

1843 2694 2031 2749 licens.
2056 2705 2109 2749 et
2136 2697 2238 2749 hoc
2268 2712 2330 2749 ex
2362 2708 2510 2749 parte
2541 2620 2738 2749 ali/(:13.
2774 2700 3112 2749 Manifestum
3142 2705 3282 2749 enim
3317 2718 3400 2749 est

1843 2694 2031 2765 ligens,
2056 2705 2109 2749 et
2136 2697 2238 2751 hoc
2268 2712 2330 2750 ex
2362 2708 2510 2767 parte
2541 2694 2738 2769 aliqua.
2774 2700 3112 2756 Manifestum
3142 2705 3282 2757 enim
3317 2718 3402 2760 est

1841 2788 1989 2855 quia,
2027 2785 2300 2850 tlt‘aciem,
2336 2779 2549 2858 inquiti,
2597 2806 2767 2844 meam
2800 2807 2901 2845 non
2924 2792 3143 2857 ,videbis
3177 2794 3402 2863 (scilicet

1841 2878 1932 2945 qui
1998 2878 2162 2947 Moysi
2230 2893 2485 2946 responsa
2524 2870 2881 2949 \pra‘hebat),
2943 2882 3033 2933 sed
3100 2898 3197 2949 pos
3225 2885 3402 2938 eriera

1841 2984 1958 3023 mea
1988 2969 2056 3021 ⁸⁷.
2096 2988 2113 3018 ι
2148 2968 2275 3034 Quae
2304 2970 2485 3039 utique
2514 2968 2635 3021 cum
2666 2983 2729 3022 eo
2763 2978 2886 3022 sunt
2920 2970 3211 3039 intelligem
3236 2987 3263 3025 a
3310 2988 3401 3026 sa-

1840 3068 2154 3121 cramento,
2190 3073 2293 3126 quo
2328 3056 2552 3126 intelligi
2584 3060 2837 3111 convenit
2881 3060 3022 3113 dicta
3063 3061 3240 3115 divina
3268 3102 3281 3126 ,
3310 3064 3403 3117 ab,

191 3162 366 3204 autem
416 3150 551 3204 Deus
603 3165 763 3219 quem
807 3148 1013 3218 Moyses
1053 3150 1351 3218 praedicat,
1401 3158 1456 3206 et
1500 3151 1568 3204 ah
1618 3152 1733 3219 ipso
1762 3174 1805 3235 ς
1832 3146 1993 3217 jectis
2025 3148 2266 3216 profecto
2306 3146 2408 3202 illis
2446 3157 2499 3201 et
2547 3150 2748 3216 spretis
2795 3150 3029 3204 anilibus
3054 3150 3253 3207 fabulis
3282 3170 3401 3224 qum.

189 3245 368 3314 lloyse
400 3245 543 3299 visas
566 3254 671 3304 est,
714 3252 771 3298 et
805 3253 959 3297 antea
996 3260 1023 3297 a
1052 3244 1297 3313 pitribus
1328 3244 1440 3311 ejus
1482 3262 1495 3309 ;
1541 3246 1584 3299 is
1614 3261 1741 3301 vero

190 3338 277 3407 qui
314 3360 341 3390 ιι
372 3337 649 3390 Salvat'irt-
690 3335 1070 3399 annuntiatur,
1102 3357 1131 3388 .ι
1166 3336 1312 3391 nullo
1347 3338 1560 3405 penitus
1593 3338 1743 3390 visus

190 3440 290 3483 est.
323 3428 719 3495 lnterrogemus
750 3444 879 3498 ergo
906 3444 998 3482 eos
1024 3435 1078 3480 et
1102 3441 1199 3481 nos
1226 3426 1271 3481 si
1299 3429 1440 3481 hunc
1472 3444 1501 3495 q
1549 3444 1633 3481 em
1661 3428 1740 3479 fa-

191 3528 369 3571 tentur
397 3518 561 3569 Deum
594 3528 651 3570 et
689 3517 853 3570 alium
888 3532 1008 3572 csse
1037 3529 1175 3570 eum’
1191 3518 1376 3571 dicunt
1406 3532 1507 3585 qua
1540 3534 1563 3568 1
1598 3532 1743 3571 crea-

192 3622 359 3661 torem
407 3610 597 3671 Deum,
620 3607 885 3661 visibilem
925 3624 993 3662 an
1030 3608 1348 3662 invisibilem
1377 3608 1512 3660 dicat
1544 3618 1561 3660 t
1600 3623 1738 3660 esse.

192 3700 257 3753 Et
290 3700 549 3768 siquidem
580 3699 818 3752 dixerint
854 3698 979 3765 quia
1009 3690 1369 3760 visibilis'est,
1406 3697 1514 3767 se
1548 3706 1743 3763 pr.t'l'.‘l'

193 3796 290 3845 hoc
330 3793 465 3860 quod
502 3800 688 3845 contra
726 3792 1031 3863 Scriptum
1074 3789 1394 3843 Sententiam
1440 3789 1620 3840 venire
1651 3803 1741 3837 ar-

190 3891 437 3952 gueutur,
467 3897 586 3950 qua:
614 3882 745 3935 dicit
772 3883 837 3936 de
876 3880 1188 3939 Salvatore,
1229 3877 1351 3945 quia
1390 3894 1407 3925 ι
1445 3877 1621 3943 imtgo
1660 3885 1741 3929 est

192 3972 475 4026 invisibilis
520 3972 613 4026 Dei
665 3970 1050 4040 primogenims
1089 3969 1263 4020 omnis
1303 3965 1635 4019 creatum"
1662 4004 1674 4026 .
1716 3983 1734 4016 ι

192 4060 466 4116 incurrent
488 4063 651 4116 etiam
674 4062 727 4113 in
758 4059 885 4114 illud
917 4058 1228 4118 absurdum,
1260 4055 1399 4121 quod
1423 4052 1591 4109 Deum
1614 4066 1737 4105 cor-

192 4167 409 4220 porcum
451 4167 571 4206 esse
613 4152 815 4205 dicant.
866 4147 979 4200 Non
1028 4145 1168 4199 cnim
1212 4143 1370 4195 aliter
1415 4142 1501 4195 vid
1530 4141 1583 4193 :l'l
1612 4140 1739 4207 quid

192 4255 365 4310 potest
392 4245 491 4298 nisi
516 4258 612 4313 per
642 4242 903 4304 habitum,
931 4248 987 4291 et
1028 4235 1470 4305 magnitudinem,
1502 4242 1557 4286 et
1588 4232 1739 4287 colo-

194 4349 327 4395 rem.
352 4348 465 4402 qua:
486 4343 610 4386 sunt
636 4327 887 4399 specialia
906 4340 1213 4395 corporum.
1241 4323 1304 4377 Et
1331 4322 1373 4375 si
1398 4337 1505 4390 cor]
1536 4337 1596 4375 us
1621 4336 1738 4377 esse

192 4425 561 4492 pronuntietur
595 4423 753 4481 Deus,
787 4420 1040 4487 quoniam
1089 4430 1249 4471 omne
1292 4430 1488 4483 corpus
1529 4430 1593 4467 ex
1627 4429 1740 4466 ma-

1827 3239 1909 3320 gde
1938 3240 2303 3293 anterioribus
2345 3239 2437 3293 Dei
2482 3238 2548 3291 ab
2595 3240 2861 3307 imperit’s
2910 3242 3403 3314 posteri‘oribusque

1848 3328 2146 3398 tinguntur.
2186 3330 2368 3398 Neque
2402 3345 2531 3384 sane
2561 3326 2792 3399 quis‘nos
2842 3332 3039 3399 mpiutu
3057 3333 3255 3402 aliquid
3288 3352 3409 3391 seu.

1844 3421 1978 3474 sisse
2012 3422 2335 3486 arbitretur,
2368 3421 2508 3489 quod
2540 3422 2775 3475 diximus
2819 3423 2940 3490 quia
2982 3439 3081 3479 nec
3135 3423 3401 3480 Salvatori

1844 3516 2070 3570 visibilis
2088 3528 2169 3571 est
2196 3518 2391 3569 Pater:
2420 3516 2727 3569 consideret
2748 3517 2888 3581 quali
2916 3516 3260 3570 distinction)
3289 3518 3401 3587 (67)

1844 3611 2100 3661 adversus
2135 3607 2419 3661 bmreticos
2462 3614 2682 3674 agentes
2714 3605 2931 3657 utin'ar.
2970 3606 3211 3659 Diximus
3252 3609 3399 3661 enim

1844 3698 1986 3765 quod
2015 3698 2167 3751 aliud
2211 3698 2280 3751 sit
2328 3695 2510 3747 videre
2553 3702 2609 3747 et
2646 3695 2846 3751 videri.
2878 3707 2932 3749 et
2974 3696 3115 3749 aliud
3162 3712 3318 3752 nesse
3348 3709 3404 3751 et

1846 3788 2017 3850 nosci,
2047 3788 2130 3841 vel
2162 3801 2491 3855 cognoscere
2520 3794 2679 3852 atque
2712 3788 2985 3855 cognosci.
3018 3786 3189 3857 Igitur
3224 3789 3401 3843 videre

1842 3887 1898 3932 et
1935 3876 2099 3929 videri
2127 3890 2413 3945 corporum
2447 3889 2535 3929 res
2565 3886 2683 3941 est;
2727 3880 2864 3945 quod
2901 3881 3088 3947 utique
3123 3893 3223 3932 nec
3253 3878 3401 3934 Patri

1843 3958 1939 4017 nec
1990 3964 2166 4029 Filio,
2214 3979 2309 4017 nec
2353 3963 2576 4031 Spiritui
2631 3974 2815 4019 sancto
2872 3967 3011 4019 inter
3061 3980 3116 4019 se
3170 3966 3403 4020 invicem

1842 4062 2206 4120 competenter
2238 4054 2532 4122 aptabitur.
2566 4051 2771 4107 Natura
2806 4057 2948 4108 enim
2974 4053 3255 4109 Trinitatis
3288 4072 3405 4110 mo-

1843 4136 1967 4197 dum
1997 4143 2219 4196 visionis
2248 4146 2483 4207 excedit,
2532 4145 2616 4199 his
2645 4161 2762 4214 qua:
2808 4147 2858 4199 in
2890 4162 3117 4216 corpore
3151 4158 3276 4200 ευιιι
3297 4187 3313 4209 ,
3351 4149 3404 4199 id

1842 4242 1925 4287 est
1956 4232 2209 4286 omnibus
2229 4232 2336 4304 (68)
2367 4234 2588 4304 reliquis
2622 4234 2888 4289 creaturis
2914 4226 3207 4302 quahiaten
3262 4236 3410 4288 inter

1844 4338 1901 4377 se
1930 4323 2160 4377 invicem
2192 4323 2414 4376 visionis
2446 4322 2769 4393 indulgens;
2804 4324 3132 4390 incorporea:
3164 4338 3191 4373 v
3232 4336 3291 4375 ro
3317 4339 3409 4374 na-

1847 4421 1980 4464 turzn
2008 4419 2063 4463 et
2104 4409 2475 4478 principaliter
2504 4409 2880 4474 intellectuali,
2923 4407 3058 4461 nihil
3095 4408 3237 4460 aliul
3272 4421 3407 4460 conc

192 4483 323 4569 ieria
344 4523 447 4581 est,
472 4513 772 4567 invenietur
799 4483 850 4565 et
883 4511 1021 4563 Deus
1051 4522 1170 4561 esse
1198 4524 1262 4561 ex
1299 4505 1519 4559 materia
1547 4521 1560 4567 ;
1592 4505 1736 4573 quod
1770 4483 1991 4555 D.venit
2035 4501 2137 4554 nisi
2184 4516 2339 4555 nosse
2372 4500 2452 4555 vel
2506 4501 2652 4553 nosci
2684 4541 2699 4563 ,
2734 4502 2872 4552 sicut
2906 4509 2958 4553 ct
3008 4500 3259 4553 Salvator
3291 4500 3404 4568 ipse

264 4628 307 4659 ⁶²
344 4628 497 4681 Rom.
524 4644 560 4681 ι.
598 4627 712 4680 1-4.
786 4623 870 4679 ⁸¹Ι
900 4623 1020 4677 Cor.
1061 4638 1133 4685 ιι,
1159 4621 1208 4685 9,
1233 4619 1318 4674 l0.

193 4714 299 4761 xw,
332 4697 386 4751 9.
452 4697 505 4752 ."
535 4696 707 4750 Exod.
737 4708 935 4757 xum,
966 4693 1055 4745 23.
1338 4716 1339 4719 η

238 4790 373 4857 (59)
422 4790 575 4853 Suos.
637 4790 793 4857 Deest
839 4787 890 4857 in
942 4785 1137 4857 editis,
1182 4796 1290 4857 _non
1317 4793 1464 4857 Iern
1514 4777 1565 4830 in
1587 4793 1734 4857 _mss.

192 4847 499 4927 Paiilo'pnst
530 4872 731 4927 mss.“
773 4854 890 4907 bovi
922 4850 1216 4905 trituranti.
1260 4868 1278 4900 ι
1316 4847 1452 4901 Editi
1479 4886 1493 4909 ,
1531 4864 1550 4896 ‹
1587 4848 1739 4927 bovis

193 4923 514 4984 triturantis.
554 4944 571 4978 ο
622 4925 820 4976 Ibidem
859 4934 986 4974 mss.
1016 4959 1031 4982 ,
1071 4939 1093 4969 ‹
1141 4934 1205 4969 an
1251 4928 1468 4985 propter
1505 4930 1602 4969 nos
1633 4923 1737 4963 IttI-

190 5013 289 5065 que
338 4996 489 5049 dicit.
550 5012 570 5043 ι
614 4990 795 5056 Editi,
852 5008 871 5039 ι
924 5005 991 5043 an
1040 4997 1258 5059 propter
1309 5002 1405 5040 nos
1438 4986 1611 5038 vcluit
1662 4985 1743 5036 di—

192 5080 327 5120 cere.
373 5082 391 5113 ι

257 5134 370 5201 (60)
413 5128 511 5181 Per
538 5145 654 5208 qna:
693 5118 1004 5208 sin-adubio.
1037 5124 1268 5208 ltamss.
1309 5122 1487 5208 pediti
1536 5131 1735 5208 autem,
1810 5156 1813 5159 -

198 5221 217 5253 ς
258 5194 496 5277 perempti
549 5194 677 5277 'sine
748 5198 928 5272 dubio,
978 5195 1258 5277 iJlbidep}
1335 5194 1477 5277 libb:
1553 5194 1679 5277 editi
1718 5232 1732 5255 ,

198 5290 216 5320 ι
244 5264 406 5339 atque
433 5264 564 5335 'ejus
610 5269 762 5336 jussa
806 5266 1173 5333 pronuntiat.»
1212 5264 1341 5319 Mss.
1373 5272 1431 5317 ut
1466 5264 1519 5316 in
1553 5271 1737 5315 nostro
1784 5316 1787 5319 λ

198 5350 372 5480 milii.)
424 5406 688 5477 Decipere.
738 5405 814 5460 lta
863 5418 993 5461 mss.
1041 5416 1058 5467 ;
1110 5398 1240 5455 editi
1282 5415 1454 5464 vero,
1498 5417 1517 5451 ι
1570 5398 1743 5457 surri-

196 5493 694 5615 Ρθὶῗὶἒίκεηᾱαεία.
824 5558 975 5610 mss.;
997 5542 1123 5615 editi
1144 5554 1285 5600 vero,
1317 5536 1694 5615 (deliteitliam.
1709 5557 1728 5589 ι

198 5606 369 5667 Paiito'
406 5627 523 5680 post
568 5616 696 5669 libb.
744 5615 913 5675 editi,
945 5606 970 5664 ι’
1002 5614 1045 5665 si
1102 5615 1242 5666 hunc
1293 5606 1734 5680 queulfalenlgtr

202 5680 382 5744 Doluit,
406 5676 572 5751 alium
602 5699 719 5735 esse
754 5684 916 5751 Deum
942 5699 1103 5751 quam
1134 5690 1431 5735 creatorem
1458 5676 1623 5731 Deum
1654 5676 1733 5735 di-

200 5760 339 5813 cunt,
374 5750 659 5804 visibilem.
700 5768 718 5799 ι
753 5750 878 5803 Mss.
914 5750 974 5803 ut
1001 5754 1050 5802 in
1079 5763 1265 5806 nostro
1299 5755 1465 5803 textu.

509 5839 777 5905 Ριτιιοι..
825 5835 942 5895 Gn.
989 5839 1098 5899 XI.
1154 5870 1158 5873 -

1428 4618 1474 4649 ⁸³
1493 4617 1691 4685 Epltes.
1722 4632 1791 4677 vt,
1818 4618 1871 4685 2,
1894 4620 1945 4673 ὅ.

2048 4589 2279 4667 “‘Joatt.
2328 4660 2331 4661 ν
2420 4616 2503 4667 18.
2607 4612 2653 4643 ⁸⁵
2682 4613 2886 4667 Coloss.
2919 4613 3071 4677 1,15.
3172 4612 3217 4643 ⁸⁸
3242 4610 3395 4669 Joan.

1919 4777 2041 4848 (65),
2072 4775 2419 4848 Quia.r_I_)eesl
2446 4777 2499 4848 in
2520 4787 2689 4848 _antea
2720 4777 2877 4829 editis
2900 4817 2913 4837 ,
2946 4775 3309 4848 setl_habetur
3346 4774 3395 4826 in

1844 4841 1975 4899 mss.
2009 4841 2208 4899 ibidem
2236 4841 2364 4897 libb.
2402 4844 2530 4897 editi
2560 4884 2573 4902 .
2611 4864 2629 4895 ι
2672 4861 2798 4911 pars
2834 4848 3011 4912 aliqua
3055 4845 3193 4895 Deus
3221 4881 3236 4903 ,
3272 4856 3399 4908 pars

1844 4926 2018 4968 autem
2051 4917 2279 4966 mundus
2311 4922 2415 4967 est.
2459 4930 2476 4961 ι
2512 4912 2638 4965 Mss.
2679 4926 2735 4965 ut
2771 4915 2817 4964 in
2848 4925 3030 4966 nostro
3060 4922 3229 4964 textu.

1916 4982 2215 5049 (e4)Mss.,
2272 4999 2291 5033 ι
2338 4981 2631 5051 fateantur.
2669 5001 2687 5032 ι
2738 4981 2887 5036 Libb.
2942 4981 3109 5043 editi,
3168 4998 3185 5031 ι
3222 4980 3363 5032 αθηιί

1842 5063 2073 5107 teantur.
2114 5070 2132 5102 ι

1908 5120 2017 5190 (65)
2067 5119 2247 5190 Restat
2302 5128 2358 5190 ut
2409 5119 2723 5190 invisibilis,
2781 5128 2883 5173 etc.
2944 5118 3020 5190 ΕΛΚ
3080 5118 3391 5187 Hieronymi

1842 5186 2007 5259 epist.
2032 5189 2098 5244 94
2127 5191 2195 5243 ad
2226 5189 2463 5243 Avitum.
2509 5188 2640 5259 Vide
2679 5190 2935 5259 Httetium
2959 5186 3397 5257 Origeniauorum

1846 5261 1935 5315 lib.
1972 5277 2031 5322 ll,
2068 5268 2258 5327 quaest.
2293 5259 2349 5322 2,
2379 5274 2527 5312 num.
2559 5258 2623 5312 17
2653 5269 2707 5315 et
2736 5258 2821 5315 18.

1914 5330 2024 5401 (116)
2077 5325 2170 5382 Sic
2207 5344 2397 5401 omnes
2440 5330 2598 5401 codd.
2655 5344 2831 5393 mss.;
2868 5326 2997 5380 libb.
3036 5325 3164 5379 editi
3191 5362 3209 5385 ,
3240 5342 3260 5377 ι
3295 5338 3401 5393 quo

1846 5397 2029 5471 utique
2061 5414 2156 5471 pos
2184 5398 2404 5471 quidam
2431 5397 2778 5471 vehementer
2802 5403 3111 5464 angustant.
3152 5410 3173 5444 ι

1920 5465 2031 5537 (67)
2059 5468 2157 5537 Sic
2172 5465 2344 5537 n'tss.;
2378 5465 2506 5537 editi
2547 5478 2845 5537 perperam,
2882 5481 2901 5513 ι
2943 5478 3116 5531 neque
3146 5477 3277 5537 sane
3303 5472 3404 5520 no.

1848 5530 2071 5605 impium
2115 5530 2583 5600 aliquid'sensiss'e
2624 5530 3184 5588 arbitremur...cons
3210 5530 3399 5583 derent

1842 5606 1986 5678 quali
2016 5606 2468 5678 distinctionem}.
2593 5670 2624 5678 __
2657 5669 2670 5678 _
2810 5670 2819 5678 _
2847 5670 2857 5678 _
3015 5671 3024 5678 _
3076 5670 3087 5678 _
3324 5622 3325 5625 ‘

1907 5677 2015 5745 (6S)
2054 5675 2143 5727 Sie
2173 5690 2299 5726 mss.
2329 5687 2356 5745 ;_
2382 5672 2509 5725 libb.
2543 5669 2711 5736 editi,
2748 5688 2766 5719 ι
2810 5670 2889 5723 his
2935 5671 3027 5743 qui
3074 5670 3127 5722 in
3171 5680 3397 5734 co'pnro

1842 5743 1991 5806 sunt,
2022 5745 2161 5807 idem
2191 5743 2466 5797 omnibus.
2507 5758 2526 5790 ι

3064 5828 3099 5885 Ἰ
