4118 6308
747 572 855 626 105

1958 556 2271 621 ORIGENIS
2310 565 2463 619 nm
2501 567 2724 620 APXON

3831 571 3932 625 205

751 688 1062 757 pronuntiat
1109 688 1291 741 dicens
1317 729 1330 751 ,
1361 687 1484 754 quia
1535 704 1551 735 ι
1591 701 1743 762 nemo
1780 686 1924 739 novit
1969 686 2162 740 Filium
2189 685 2289 737 uisi
2323 689 2366 743 Α
2400 686 2488 738 tali
2522 687 2857 749 deﬁnitione,
2907 695 3152 752 putantes
3198 701 3298 738 non
3351 685 3465 739 ﬁeri
3523 687 3652 740 bene
3699 689 3821 744 huic
3848 694 3930 746 cui

750 775 945 839 Pater,
981 793 1148 846 neque
1181 777 1392 832 Patren:
1433 779 1551 846 quis
1584 779 1727 831 novit
1759 779 1856 831 nisi
1886 777 2082 838 Filius,
2117 785 2167 830 et
2205 776 2292 846 cui,

754 870 977 922 voluerit
1026 871 1191 924 Filius
1234 869 1472 924 revelare
1500 869 1563 920 ⁸⁸.
1606 889 1624 921 ι
1664 870 1997 922 Manifestum
2037 885 2163 935 ergo
2205 879 2288 922 est

751 960 876 1027 quia
906 975 1006 1011 non
1036 961 1167 1012 dixit
1188 1000 1201 1022 ,
1231 954 1387 1013 nemo
1422 958 1553 1010 vidit
1580 958 1789 1011 Patrem
1825 960 1922 1012 nisi
1961 958 2125 1012 Filius
2149 999 2162 1023 ,
2197 960 2287 1013 sed

757 1069 774 1098 ι
811 1061 966 1106 nemo
1004 1049 1148 1100 novit
1177 1047 1386 1100 Patrem
1421 1047 1518 1099 nisi
1551 1047 1715 1100 Filius
1749 1047 1878 1115 (69).
1917 1067 1934 1099 ι

750 1132 756 1135 ⁷
820 1142 874 1193 4.
925 1140 982 1195 Si
1028 1153 1154 1193 vero
1203 1148 1421 1206 propter
1472 1138 1557 1189 illa
1601 1153 1719 1205 quae
1749 1138 1994 1190 dicuntur
2037 1139 2085 1190 in
2117 1138 2287 1192 Veteri

750 1230 1122 1288 Testamento,
1162 1240 1298 1294 quou
1339 1226 1586 1279 irascitur
1609 1225 1744 1278 Deus
1792 1227 1879 1279 vel
1919 1227 2177 1292 pmnitet,
2207 1226 2288 1280 vel

749 1320 791 1369 si
830 1333 937 1387 qua
971 1318 1072 1370 alia
1110 1316 1327 1368 humani
1359 1314 1580 1368 affectus
1604 1313 1783 1380 passio
1815 1316 2142 1382 designatur,
2179 1329 2288 1368 ma-

747 1411 936 1462 teriam
987 1407 1086 1460 sibi
1137 1407 1201 1459 ad
1258 1404 1608 1459 ronfutaudos
1672 1419 1769 1458 nos
1817 1406 2037 1471 pra-beri
2078 1414 2284 1473 putant,

752 1501 1079 1553 afﬁrmantes
1127 1497 1337 1567 penitus
1368 1496 1744 1564 impassibilem
1781 1481 1964 1560 Deum,
2012 1507 2169 1565 atque
2205 1499 2289 1552 bis

747 1591 993 1642 oniuiluts
1047 1597 1317 1642 carentem
1384 1586 1664 1640 aﬂectibus
1727 1586 2062 1638 sentiendum
2114 1587 2226 1654 (70)
2269 1604 2284 1653 ;

745 1674 1130 1729 ostendendum
1160 1683 1241 1728 est
1281 1675 1358 1727 eis
1393 1675 1554 1726 etiam
1588 1673 1638 1726 in
1670 1674 1991 1741 evangelicis
2021 1677 2290 1744 parabolis

748 1767 928 1823 haberi
961 1767 1153 1821 similia
1183 1782 1303 1820 eum
1350 1766 1515 1830 dicit,
1550 1768 1672 1833 quia
1713 1769 1756 1821 is
1790 1769 1876 1836 qui
1924 1768 2178 1836 plantavit
2205 1771 2286 1825 vi-

746 1873 901 1910 ncam
932 1868 985 1910 et
1013 1856 1208 1910 locavit
1235 1870 1352 1908 eam
1385 1855 1585 1909 colonis
1609 1895 1622 1920 ,
1648 1857 1736 1923 qui
1783 1857 1956 1910 coloni
1995 1858 2186 1911 missos
2219 1860 2287 1914 ad

745 1961 802 2000 se
846 1960 1031 1999 servos
1075 1944 1490 2007 interemerunt,
1525 1945 1590 1998 ad
1645 1945 1884 1997 ultimum
1926 1946 2087 1999 etiam
2120 1946 2283 1999 lilium

744 2038 808 2090 ad
838 2051 895 2090 se
925 2036 1143 2089 missum
1171 2033 1503 2096 occiderunt,
1562 2034 1728 2087 iratus
1775 2034 1972 2108 dicitur
1997 2034 2286 2089 abstulisse

742 2129 952 2180 vineam
978 2127 1044 2180 ab
1068 2126 1178 2190 eis,
1209 2134 1262 2178 et
1291 2124 1458 2177 malos
1493 2125 1710 2181 colonos
1739 2123 1873 2177 male
1898 2125 2163 2190 perditum
2194 2126 2287 2180 de-

743 2217 920 2282 disse,
957 2224 1011 2269 et
1044 2215 1252 2268 vineam
1288 2212 1495 2267 colonis
1543 2214 1662 2266 aliis
1699 2213 1988 2268 tradidisse
2019 2217 2107 2282 qui
2161 2218 2285 2277 red-

745 2309 934 2360 derent
977 2305 1024 2358 ei
1075 2302 1305 2356 fructum
1356 2301 1467 2369 (7t)
1505 2301 1556 2352 in
1608 2310 1844 2368 tempore
1872 2316 1966 2356 suo
2003 2303 2069 2356 ⁸⁹.
2101 2304 2203 2358 Sed
2232 2313 2286 2359 et

744 2391 865 2444 illos
909 2389 1050 2443 cives
1094 2388 1183 2457 qui
1214 2388 1452 2457 profecto
1497 2384 1882 2454 patrefamilias
1913 2391 2154 2458 accipere
2181 2392 2283 2446 sibi

744 2496 1005 2550 regnum,
1055 2481 1258 2549 legatos
1322 2477 1583 2533 miserunt
1634 2488 1751 2545 post
1806 2495 1926 2533 eum
1984 2482 2223 2538 dieentes
2269 2501 2281 2536 :

747 2591 765 2621 ι
806 2572 1062 2624 Nolumus
1090 2586 1210 2624 cum
1257 2561 1480 2639 regnare
1513 2584 1672 2635 super
1701 2585 1796 2624 nos
1824 2571 1901 2633 ’°,
1945 2589 1966 2634 ι,
2001 2572 2283 2641 impetrato

743 2676 905 2729 regno
940 2675 1209 2728 regressus
1242 2660 1351 2727 (7'2)
1402 2658 1787 2725 paterfamilias
1819 2668 1872 2713 et
1914 2662 2082 2715 iratus
2113 2663 2282 2716 inter-

742 2750 824 2803 ﬁci
858 2766 1035 2804 coram
1067 2766 1125 2804 se
1164 2749 1312 2816 jubet
1341 2790 1354 2815 ,
1382 2758 1435 2803 et
1480 2751 1753 2804 civitatem
1784 2766 1970 2805 eorum
2004 2753 2124 2822 igne
2150 2769 2282 2808 con-

741 2839 920 2891 sumit.
958 2839 1140 2891 Sedet
1170 2853 1266 2890 nos
1312 2837 1422 2891 sive
1466 2836 1743 2893 iii-Vetere
1771 2841 2133 2916 Testamento,
2170 2845 2282 2898 sive

741 2927 793 2979 in
844 2926 989 2980 Novo
1039 2941 1158 2981 cum
1200 2927 1266 2980 de
1299 2927 1375 2979 ira
1409 2927 1500 2980 Dei
1536 2927 1796 2996 legimus,
1838 2944 1940 2982 non
1991 2931 2279 2986 secundum

740 3018 968 3071 litteram
1001 3032 1117 3084 qua:
1144 3017 1394 3071 dicuntur
1427 3017 1795 3078 advertimus,
1854 3020 1945 3071 sed
1986 3019 2280 3088 spiritalem

740 3108 1065 3161 intellectum
1097 3104 1420 3176 requirimus
1452 3109 1501 3161 in
1537 3107 1763 3170 talibus.
1800 3122 1855 3164 ut
1882 3113 1950 3162 ita
1984 3113 2279 3170 sentiamus

738 3197 878 3250 sicut
911 3196 1205 3265 intelligere
1241 3197 1305 3250 de
1339 3198 1445 3250 Deo
1475 3198 1689 3271 dignum
1724 3209 1827 3253 est.
1865 3203 1936 3256 De
1967 3203 2162 3271 quibus
2192 3193 2279 3259 se-

2395 785 2666 828 austerqu
2719 775 2798 826 vel
2828 776 2976 828 triste
3010 776 3205 844 aliquid
3234 775 3476 830 infertur.
3512 775 3777 831 Justitiam
3807 795 3930 834 vero

2391 875 2646 932 putarunt
2677 865 2920 918 affectum
2954 880 3070 918 esse
3121 865 3276 918 talem
3323 869 3414 936 qul
3459 867 3744 938 unicuique
3776 880 3930 937 prout

2393 963 2630 1008 meretur
2661 955 2944 1008 retribuat.
2975 957 3078 1009 Sed
3106 965 3161 1009 et
3181 957 3231 1010 in
3250 957 3351 1010 hoc
3372 972 3583 1011 rursum
3604 959 3932 1014 deﬁnitionis

2391 1060 2498 1099 suae
2529 1060 2740 1098 sensum
2775 1060 2876 1098 non
2911 1057 3056 1101 recte
3089 1046 3534 1113 interpretantur.
3564 1047 3757 1102 Putant
3788 1052 3928 1104 enim

2389 1136 2510 1202 quia
2535 1135 2675 1203 quod
2702 1136 2902 1204 justum
2927 1145 3011 1189 est
3039 1136 3191 1190 malis
3220 1137 3356 1190 mala
3385 1138 3562 1203 faciat,
3589 1139 3747 1194 bonis
3773 1142 3927 1199 bona.

2393 1229 2442 1282 id
2473 1237 2580 1291 est,
2610 1238 2668 1280 ut
2708 1229 3001 1280 secundum
3040 1242 3258 1281 sensum
3308 1231 3543 1296 ipsorum
3569 1230 3748 1299 justus
3779 1232 3930 1286 melis

2391 1306 2493 1370 non
2547 1317 2787 1370 videatur
2834 1317 2969 1370 bene
3019 1317 3154 1369 velle
3181 1357 3196 1378 ,
3241 1318 3332 1371 sed
3361 1317 3506 1370 velut
3547 1318 3666 1371 odio
3699 1335 3807 1387 quo
3831 1324 3926 1374 lam

2392 1409 2512 1462 ferri
2540 1409 2792 1462 adversus
2812 1422 2941 1468 eos;
2970 1417 3022 1460 et
3049 1408 3304 1475 colligunt
3330 1407 3499 1462 sicubi
3534 1408 3668 1463 forte
3700 1411 3749 1463 in
3783 1411 3927 1466 Scri-

2389 1497 2560 1564 pturis
2589 1495 2792 1550 Veteris
2820 1496 3144 1552 Testameuti
3172 1499 3449 1550 inveniunt
3477 1499 3757 1554 historiam
3791 1503 3928 1556 refo-

2391 1597 2628 1650 reutem,
2662 1587 2809 1640 verbi
2862 1588 3031 1657 gratia
3080 1590 3146 1641 de
3192 1588 3373 1641 diluvii
3421 1591 3625 1656 poenis,
3662 1601 3926 1645 eteorum

2389 1678 2478 1743 qui
2511 1677 2562 1728 in
2593 1690 2655 1728 eo
2683 1675 2931 1730 exstincti
2960 1675 3299 1740 referuntur,
3349 1677 3429 1727 vel
3461 1691 3578 1731 cum
3613 1672 3847 1732 Sodoma
3881 1689 3930 1732 et

2389 1765 2687 1819 Gomorrha
2724 1765 2859 1834 ignei
2889 1764 3271 1834 sulphureique
3300 1765 3489 1818 imbris
3512 1768 3809 1820 vastatione
3839 1769 3929 1821 de-

2392 1853 2729 1922 populantur,
2765 1852 2846 1906 vel
2879 1868 2998 1905 rum
3041 1853 3094 1906 in
3145 1855 3357 1907 deserto
3404 1869 3498 1922 pro
3541 1858 3776 1923 peccatis
3819 1859 3930 1911 suis

2391 1957 2577 1997 omnes
2607 1941 2717 2010 (75)
2750 1934 3038 2007 decidunt,
3087 1942 3157 1995 ita
3208 1951 3266 1994 ut
3309 1942 3483 1997 nullus
3524 1957 3588 1997 ex
3623 1945 3703 1998 his
3741 1946 3834 2014 qui
3866 1948 3939 2010 de

2316 1992 2624 2104 “Egypto‘
2647 1992 2854 2086 fuerant
2886 2031 3142 2099 profecti,
3175 2031 3479 2085 inveniatur
3511 2043 3706 2086 terram
3743 1992 3928 2102 ξενω-

2389 2122 2658 2176 missionis
2687 2122 2887 2174 intrare
2913 2129 3104 2188 printer
3120 2119 3299 2174 Jesum
3330 2133 3381 2175 et
3402 2122 3563 2176 Caleb
3577 2125 3645 2178 ".
3685 2123 3929 2179 DeNovo

2387 2219 2564 2263 autem
2591 2209 2936 2262 Testamento
2967 2208 3343 2261 misericordize
3375 2226 3438 2264 ac
3463 2213 3674 2280 pietatis
3697 2211 3930 2282 congre-

2385 2310 2506 2370 gant
2534 2300 2721 2362 verba,
2751 2301 2949 2366 quibus
2983 2316 3010 2353 a
3040 2299 3318 2354 Salvatore
3347 2302 3588 2370 discipuli
3625 2304 3928 2358 informan-

2387 2401 2470 2441 tur
2492 2428 2505 2450 ,
2537 2398 2590 2439 et
2626 2388 2821 2455 quibus
2851 2389 3185 2456 prouuutiari
3216 2387 3441 2454 videtur,
3485 2391 3607 2458 quia
3652 2407 3810 2446 nemo
3859 2395 3930 2447 sit

2384 2477 2552 2530 bonus
2587 2489 2783 2543 praeter
2815 2493 2975 2529 lllltllll
3010 2477 3171 2531 Deum
3202 2477 3410 2552 Patrem
3431 2497 3446 2543 ;
3471 2488 3525 2532 et
3551 2494 3642 2546 per
3674 2479 3775 2534 hoc
3811 2486 3928 2534 ausi

2383 2576 2510 2619 sunt
2551 2567 2744 2619 bonum
2797 2568 3016 2635 quidem
3064 2569 3342 2623 nominare
3384 2567 3596 2622 Patrem
3628 2569 3932 2625 Salvatoris

2381 2655 2504 2710 Iesu
2537 2657 2759 2722 Christi,
2787 2659 2948 2710 alium
2973 2666 3153 2712 autem"
3175 2673 3292 2712 esse
3319 2659 3502 2713 dicunt
3534 2662 3713 2715 mundi
3737 2663 3929 2728 Deum,

2351 2757 2537 2816 ‘quem
2581 2745 2783 2814 justum
2832 2748 2944 2812 eis,
2997 2748 3298 2802 nonetiam
3343 2749 3542 2804 bonum
3569 2750 3683 2820 (76)
3725 2751 3928 2820 placait

2383 2837 2582 2904 appella
2592 2838 2666 2889 re‘.

2447 2927 2501 2981 2.
2531 2929 2572 2981 Α
2599 2929 2788 2999 quibus
2828 2932 2997 2998 primo
3039 2931 3164 2984 illud
3206 2930 3522 3000 exigendum
3568 2942 3720 3001 puto.
3751 2936 3798 2990 si
3835 2949 3930 2990 se-

2380 3013 2606 3072 cundum
2635 3034 2786 3074 suam
2808 3021 3166 3075 deﬁnitionem
3189 3021 3393 3090 justum
3417 3035 3640 3090 possunt
3665 3026 3929 3079 ostende-

2381 3125 2439 3163 re
2477 3111 2804 3164 conditorem
2855 3113 3158 3179 puuieutem
3213 3127 3309 3178 pro
3358 3114 3563 3167 tuleritis
3603 3117 3682 3168 vel
3718 3130 3811 3169 eos-
3835 3118 3932 3183 qui

2379 3201 2558 3254 diluvii
2598 3211 2832 3270 tempore
2868 3202 3169 3272 perierunt,
3213 3203 3296 3256 vel
3339 3203 3659 3267 Sodomitas,
3706 3208 3788 3261 vel
3833 3223 3933 3263 eos

737 3287 967 3340 cundum
1034 3287 1349 3354 parvitatem
1403 3303 1594 3345 sensus
1651 3294 1814 3348 nostri
1873 3309 1994 3347 cum
2059 3297 2275 3351 secundi
2305 3314 2345 3371 ο
2379 3292 2469 3360 qui
2494 3307 2556 3346 ex
2602 3291 2831 3360 Λευιτιο
2861 3291 3088 3360 profecti
3119 3293 3353 3354 fuerant,
3395 3285 3512 3347 cum
3543 3295 3818 3352 videamus
3849 3299 3933 3351 iu-

737 3377 924 3443 psalmi
996 3392 1384 3445 exponet-emus
1456 3381 1603 3434 illum
1669 3385 1988 3438 versiculum
2054 3385 2106 3439 in
2171 3401 2278 3454 quo

741 3466 818 3518 ait
857 3465 1003 3535 (73):
1041 3484 1059 3516 ‹
1095 3466 1245 3521 Tunc
1278 3468 1522 3536 loquetur
1553 3472 1616 3525 ad
1643 3489 1736 3528 eos
1784 3475 1834 3526 in
1867 3476 1947 3528 ira
1982 3489 2097 3537 sua,
2142 3489 2196 3530 et
2226 3479 2278 3532 in

739 3553 920 3608 .‘nrore
957 3569 1055 3607 suo
1098 3559 1433 3610 conturbabit
1472 3573 1562 3610 eos
1598 3560 1674 3621 9',
1728 3580 1744 3609 ι
1785 3572 1940 3626 prnut
1987 3564 2274 3630 potuimus,

737 3645 966 3712 qualiter
995 3631 1094 3699 bo‘c
1124 3646 1341 3715 intelligi
1379 3649 1597 3702 deberet
1626 3652 1980 3705 ostendimus.

1349 3759 1572 3815 CAPUT
1614 3761 1671 3813 V.

1257 3827 1330 3882 De
1359 3831 1504 3897 justo
1538 3843 1583 3882 et
1623 3834 1771 3886 bono.

805 3920 856 3972 l.
885 3916 1078 3972 Verum
1123 3921 1375 3988 quoniam
1427 3933 1600 3978 movet
1632 3926 1790 4002 etiam
1835 3925 1976 3979 istud
2020 3928 2275 3995 quosdam

737 4011 877 4076 quod
912 4010 1178 4076 principes
1222 4009 1375 4063 istius
1400 4011 1618 4066 haeresis
1647 4013 1960 4068 divisionem
1987 4019 2274 4084 quamdam

741 4098 929 4152 fecisse
957 4100 1058 4152 sibi
1091 4102 1372 4161 videntur,
1405 4116 1510 4167 qua
1553 4104 1804 4156 dixerunt
1846 4105 1986 4158 aliud
2033 4122 2152 4160 esse
2185 4095 2275 4173 ju-

739 4197 910 4248 stum,
959 4187 1100 4237 aliud
1141 4188 1354 4248 bonum,
1395 4199 1447 4240 et
1489 4190 1587 4243 bac
1611 4189 1871 4243 divisione
1912 4191 1962 4243 in
2002 4193 2278 4247 divinitate

741 4275 904 4327 etiam
951 4277 1028 4327 usi
1077 4284 1224 4339 sunt,
1266 4275 1585 4330 afﬁrmantes
1633 4279 1829 4332 bonum
1870 4279 2080 4345 quidem
2113 4281 2274 4335 Deum

739 4378 855 4415 esse
909 4361 1115 4416 Patrem
1171 4363 1373 4415 Domini
1415 4366 1579 4418 nostri
1623 4363 1745 4417 Jesu
1795 4366 2014 4430 Clu-iSti,
2066 4377 2121 4418 et
2171 4384 2272 4422 non

735 4452 958 4518 justum,
986 4454 1185 4522 justum
1239 4469 1361 4508 vero
1410 4455 1540 4523 legis
1585 4465 1638 4510 et
1679 4454 2054 4524 prophetarum
2089 4457 2273 4526 Deum,

743 4558 840 4596 uec
867 4556 1038 4597 tamen
1058 4545 1288 4608 bonum;
1321 4545 1445 4598 huic
1467 4546 1744 4614 quaestioni
1777 4547 2096 4614 respondere
2117 4564 2271 4614 quam

2383 3380 2587 3432 terdum
2628 3380 2791 3433 multo
2826 3381 3078 3448 nequiora
3106 3390 3166 3456 et,
3199 3381 3507 3435 scelestiora
3541 3388 3800 3438 committi
3826 3386 3930 3440 lla-

2380 3471 2505 3538 gitia
2532 3485 2690 3539 quam
2737 3469 2932 3524 fuerint
2974 3472 3058 3524 illa
3108 3488 3204 3540 pro
3252 3474 3445 3546 quibus
3485 3475 3534 3528 hi
3581 3491 3715 3544 quos
3761 3493 3930 3548 supra

2379 3559 2613 3635 diximus
2663 3558 2962 3628 interempti
3016 3573 3156 3627 sunt,
3185 3565 3417 3615 nondum
3467 3572 3640 3618 tamen
3683 3567 3933 3623 videmus

2380 3662 2806 3718 unumquemque
2824 3651 3152 3716 peccantium
3178 3665 3385 3718 poenam
3411 3651 3552 3706 luere
3576 3654 3930 3720 meritorum;

2381 3737 2740 3804 nunquidnam
2785 3738 2978 3791 bonum
3025 3739 3202 3792 dicent
3234 3739 3342 3811 (77)
3384 3740 3629 3797 effectum
3673 3757 3798 3799 eum
3831 3748 3936 3817 qui

2378 3828 2663 3896 aliquando
2695 3828 2872 3894 justus
2913 3830 3066 3886 erat?
3102 3831 3183 3882 An
3236 3833 3409 3898 potius
3463 3833 3587 3887 illud
3643 3837 3936 3905 putabunt,

2377 3921 2515 3988 quod
2539 3920 2714 3986 justus
2745 3920 2957 3987 quidem
2981 3929 3061 3973 est
3089 3936 3251 3987 nunc,
3285 3921 3376 3975 sed
3400 3923 3662 3990 patienter
3686 3924 3790 3979 fert
3825 3929 3934 3982 hu-
3991 3934 3994 3937 ’

2379 4023 2533 4062 mana
2565 4010 2777 4073 delicta,
2814 4020 2939 4064 tunc
2973 4026 3096 4064 vero
3130 4011 3420 4078 uecjustus
3455 4015 3667 4081 quidem
3694 4015 3812 4070 erat
3835 4020 3935 4086 qui

2378 4101 2690 4154 innocentes
2723 4101 2974 4168 parvulos
3005 4111 3060 4155 et
3104 4103 3358 4156 lactentes
3395 4105 3551 4157 simul
3585 4120 3703 4163 cum
3734 4106 3934 4160 immao

2378 4189 2530 4241 nibus
2559 4198 2614 4242 et
2654 4189 2830 4256 impiis
2865 4191 3165 4259 gigantibus
3204 4191 3312 4260 (78)
3361 4193 3773 4260 exstinguebat?
3820 4196 3933 4248 Sed

2377 4277 2487 4331 lucc
2513 4279 2579 4331 ita
2625 4281 2893 4343 sentiunt,
2944 4281 3065 4348 quia
3114 4282 3242 4334 nihil
3277 4283 3462 4338 audire
3505 4282 3644 4336 ultra
3691 4284 3934 4340 litteram

2381 4379 2603 4435 norunt;
2631 4371 2861 4439 alioquin
2899 4372 3180 4426 ostendant
3208 4371 3696 4440 quomodojustum
3723 4383 3806 4428 est
3842 4390 3935 4430 se-

2375 4464 2605 4517 cundum
2638 4463 2888 4526 litteram,
2917 4465 2969 4517 in
3001 4463 3209 4516 tertiam
3244 4471 3296 4514 et
3335 4466 3929 4534 quartamprogeniem

2378 4563 2654 4620 parentum
2687 4552 2831 4605 reddi
2868 4563 3082 4619 peccata
3112 4553 3162 4606 in
3197 4552 3369 4606 sinum
3395 4551 3643 4615 liliorurn,
3673 4563 3727 4606 et
3757 4554 3812 4608 in
3855 4557 3926 4609 fi-

740 4637 962 4694 potuero
997 4628 1230 4682 breviter
1263 4633 1619 4685 necessarium
1648 4643 1789 4701 puto.
1825 4632 2143 4687 Existimant
2177 4636 2274 4704 igi-
2303 4614 2347 4668 D
2377 4614 2565 4696 iiorum
2595 4645 2830 4711 ipsorum
2868 4614 3010 4694 ﬁlios
3035 4651 3152 4708 post
3196 4642 3337 4709 ipsos
3379 4639 3445 4692 “.
3470 4641 3512 4693 Α
3543 4642 3696 4694 nobis
3737 4651 3927 4697 autem

744 4729 830 4770 tur
859 4719 1146 4772 bonitatem
1185 4720 1426 4775 allectum
1457 4725 1610 4778 talem
1647 4729 1924 4792 quemdam
1953 4741 2072 4781 esse
2093 4766 2109 4788 ,
2138 4731 2275 4796 quod

741 4810 876 4862 bene
911 4810 1024 4863 ﬁeri
1055 4811 1301 4864 omnibus
1337 4813 1524 4866 debeat
1551 4815 1657 4883 87
1685 4816 1893 4870 etia‘nsi
1929 4817 2176 4885 indiguus
2207 4822 2276 4872 sit

743 4901 788 4949 is
836 4898 918 4950 cui
967 4897 1283 4952 benelieinm
1334 4902 1442 4968 (7-4)
1475 4902 1807 4962 datur,4nec
1856 4907 1988 4958 bene
2023 4910 2272 4975 censequi

744 4991 1180 5052 mereatur;scd,
1221 5000 1276 5043 ut
1305 4992 1430 5043 mihi
1465 4991 1829 5052 videtur,~uon
1859 5004 2004 5046 recte
2038 4999 2115 5048 usi
2153 5009 2277 5052 sunt

845 5084 890 5114 ⁸⁸
937 5083 1121 5137 Matth.
1152 5101 1226 5147 xl,
1253 5084 1342 5135 ‘27.

749 5150 794 5178 ⁸³
862 5152 1049 5205 Ezech.
1086 5169 1238 5216 xvut,
1268 5156 1320 5207 5.

813 5243 918 5309 (69)
951 5241 1048 5295 Sed
1079 5262 1222 5299 nemo
1253 5249 1387 5299 novit
1423 5243 1630 5300 Patrént
1673 5243 1773 5300 nisi
1807 5243 1999 5297 Filius.
2061 5246 2286 5300 Deside-'

745 5321 929 5363 rantur
979 5313 1029 5365 in
1077 5327 1227 5368 antea
1262 5317 1419 5369 editis
1445 5355 1459 5378 ,
1509 5318 1598 5369 sed
1651 5318 1700 5368 in
1731 5315 1979 5368 omnibus
2012 5316 2276 5368 habentur

743 5397 873 5433 lllSS.

812 5451 922 5519 (70)
952 5450 1025 5502 lla
1051 5467 1184 5510 mss.
1219 5452 1370 5507 Libb.
1409 5454 1555 5516 editi,
1597 5473 1613 5504 ι
1658 5453 1944 5507 sentiendi.
1984 5471 2001 5503 ι

813 5519 922 5585 (71)
955 5519 1099 5572 Libb.
1138 5523 1288 5579 editi,
1323 5539 1338 5571 ι
1375 5523 1540 5577 iratus
1570 5520 1825 5575 Dominus
1850 5522 2108 5573 dicitur...
2137 5524 2271 5574 male

743 5591 1104 5652 perdidisse...
1161 5591 1443 5644 redderent
1518 5595 1562 5644 ei
1623 5591 1843 5644 lrurtus.
1886 5609 1904 5640 ι
1940 5591 2066 5643 Mss.
2117 5603 2173 5642 ut
2218 5593 2267 5642 in

741 5666 921 5728 nostro
950 5669 1112 5728 textu.
1878 5725 1911 5728 _,
1942 5727 1946 5728 ν
1978 5727 1983 5728 ,
2017 5717 2028 5728 .

812 5726 922 5792 (72)
955 5726 1026 5780 Ita
1060 5743 1185 5780 mss.
1223 5728 1399 5789 Alias,
1437 5747 1454 5778 ι
1498 5728 1787 5795 ingressus.
1825 5746 1843 5777 ι
1877 5725 2072 5779 Ibidem
2113 5741 2267 5789 mss.,

746 5809 765 5842 ι
797 5795 916 5862 igne
944 5796 1227 5863 consumit.
1268 5815 1285 5847 ι
1320 5796 1474 5849 Libb.
1508 5795 1664 5860 editi,
1703 5814 1720 5846 ‹
1758 5797 1876 5863 igne
1911 5796 2173 5848 consumi.
2212 5813 2228 5843 ι

801 5863 913 5932 (75)
943 5862 1006 5914 In
1035 5879 1132 5932 quo
1163 5866 1255 5917 ait.
1292 5865 1670 5920 Desiderantur
1706 5867 1757 5918 in
1791 5862 1943 5917 antea
1971 5865 2150 5927 editis,
2175 5863 2268 5916 sed

741 5932 1002 5986 habentur
1033 5934 1083 5987 in
1111 5947 1237 5988 mss.

1418 5087 1462 5115 ⁸³
1496 5084 1686 5137 Matth.
1728 5100 1814 5136 xx.
1887 5086 1932 5117 θ’
1975 5087 2122 5141 Luc.‘
2161 5107 2272 5159 xu,
2323 5095 2400 5148 M-

2375 4734 2495 4786 talia
2526 4734 2626 4786 ista
2659 4747 2760 4786 non
2802 4732 3092 4785 secundum
3123 4731 3351 4784 litteram
3387 4730 3766 4800 intelliguntur,
3826 4734 3931 4787 sed

2373 4825 2509 4876 sicut
2533 4821 2773 4874 Ezechiel
2805 4823 2983 4874 docuit
3013 4820 3321 4888 parabolam
3352 4834 3469 4874 eam
3513 4822 3695 4876 dicens
3721 4821 3789 4883 ",
3837 4837 3932 4876 re-

2372 4913 2631 4978 quirimus
2652 4911 2774 4978 quid
2801 4910 3063 4978 signiﬁcet
3093 4911 3354 4963 introrsus
3381 4910 3490 4978 ipsa
3519 4911 3793 4980 parabola.
3815 4910 3930 4966 Sed

2372 5013 2423 5054 et
2453 5001 2574 5054 illud
2602 5000 2794 5062 debent
2844 5001 3148 5064 ostendere,
3200 5001 3469 5068 quomodo
3505 5001 3680 5068 justus
3723 5001 3815 5063 sit,
3867 5018 3932 5064 οι

2503 5094 2546 5124 ’ί
2571 5074 2703 5147 Psal.
2741 5109 2797 5158 tl,
2823 5093 2875 5146 5.
2949 5095 2994 5132 "
3023 5093 3156 5146 Gen.
3194 5108 3285 5156 vn,
3324 5092 3409 5147 l9.
3483 5093 3526 5124 ⁸³
3574 5094 3728 5174 Deut.
3764 5109 3816 5156 v,
3846 5095 3912 5148 9.

2451 5245 2559 5316 (74)
2602 5244 2751 5309 Mss.,
2787 5262 2804 5294 (
2844 5242 3182 5298 beneficium.
3232 5260 3249 5292 ι
3300 5241 3455 5297 Libb.
3489 5240 3638 5306 editi,
3688 5260 3707 5293 ι
3756 5243 3933 5301 bene.-

2380 5315 2798 5450 rdC(l7u:”;i‘.0’mnes.
2835 5380 2924 5433 Sic
2956 5394 3122 5446 mss.;
3154 5378 3302 5450 editi,
3339 5379 3614 5450 «mortui.
3661 5399 3680 5430 ι
3715 5379 3926 5436 Ibidem

2283 5457 2289 5462 ·
2378 5449 2505 5503 libb.
2529 5449 2677 5511 editi,
2709 5468 2725 5499 ι
2765 5458 2956 5502 terram
2989 5449 3355 5517 promissionis
3382 5449 3621 5502 intrasse.
3658 5467 3677 5500 ›
3708 5450 3835 5506 Mss.
3862 5464 3931 5506 ut

2378 5519 2428 5569 in
2470 5527 2649 5570 nostro
2683 5527 2846 5569 textu.

2446 5586 2552 5653 (76)
2600 5584 2717 5637 Non
2764 5588 2916 5638 etiam
2973 5587 3178 5638 bonum.
3234 5581 3307 5636 lla
3354 5599 3522 5650 mss.;
3578 5583 3707 5640 libb.
3759 5585 3929 5651 editi,

2380 5673 2397 5704 ι
2437 5668 2484 5706 et
2513 5671 2611 5707 non
2643 5655 2808 5708 solum
2840 5661 3054 5708 bonum.
3097 5673 3116 5704 ι

2445 5723 2550 5792 (77)
2584 5723 2729 5792 Mss,
2767 5743 2783 5773 (
2813 5727 3008 5775 dicent.
3053 5742 3070 5773 ο
3107 5722 3262 5786 Editi,
3298 5740 3315 5771 ‹
3351 5722 3546 5775 dicunt.
3585 5740 3602 5772 ι

2443 5787 2919 5863 (78)(ἶὶθαηιὶῢυε.
2961 5792 3113 5863 Deest
3159 5792 3210 5863 in
3258 5792 3430 5854 editis,
3464 5792 3578 5863 sed_
3603 5789 3789 5863 liabett‘

2350 5858 2499 5921 ,ms‘s.
2533 5858 2678 5913 'Mos
2733 5875 2881 5921 mss.,
2920 5879 2938 5909 ‹
2991 5860 3127 5912 ultra
3178 5861 3427 5916 litteram.
3481 5878 3498 5909 ι
3561 5858 3709 5912 Libb.

2378 5951 2394 5984 ι
2435 5941 2622 5997 praeter
2657 5931 2901 5982 litteram.
2936 5947 2953 5977 ι
