4118 6308
190 560 299 615 ses
1488 571 1701 633 LIBER
1722 554 2090 643 schunus‘
3281 600 3395 684 sas

188 675 287 748 pro
318 686 530 741 meritis
556 687 843 758 unicuique
891 691 1215 758 retribuens,
1255 696 1343 763 qui
1377 699 1527 765 punit
1565 675 1732 767 terre;
1764 712 1808 765 Α
1836 705 2021 773 ciunt;
2080 708 2185 762 itno
2211 708 2337 777 quid
2376 709 2478 763 tale
2511 686 2768 781 estquod
2810 715 2862 769 in
2895 715 3004 772 Deo
3036 718 3166 790 legis
3201 708 3387 791 crimi-

188 787 288 827 uos
318 783 371 829 et
390 774 684 841 diabolum,
708 793 827 831 cum
857 781 989 834 nihil
1015 783 1248 852 dignum:
1270 800 1424 853 [πειτα
1454 790 1736 843 commise-
1838 806 2032 850 nantur
2057 798 2185 871 (85),
2213 774 2370 869 quale
2395 809 2476 855 cst
2508 810 2565 856 ut
2596 774 2715 858 etim
2742 808 2830 875 qui
2858 808 2924 861 ab
2950 809 3035 863 his
3056 774 3379 885 sZriié‘EJJ.

188 859 289 885 ,;,,.
344 859 453 885 Nu
492 866 625 885 _-,_
659 877 903 885 _-.___,,.
1225 874 1235 885 .
1371 876 1381 885 .
1428 884 1431 885 ν

186 859 317 912 rint.
344 859 456 916 Non
488 866 630 917 enim
659 877 910 931 pcterant
944 869 1013 936 (si
1040 874 1330 926 secundum
1370 876 1503 930 istos
1533 887 1735 933 natura:
1838 886 2055 939 miserat
2105 903 2301 943 vocare
2356 891 2525 945 bonos
2554 900 2608 954 et
2650 894 2838 962 malos,
2883 897 3054 954 fuerat
3082 859 3367 973 invitaius,

186 948 343 973 -ι-.-1....
377 960 424 973 ,ι
466 953 677 973 _-_I:.-._
728 956 891 973 -.,-A.\
963 958 993 973 μ
1075 961 1084 971 ι
1112 960 1125 973 ι
1163 964 1174 973 .
1270 964 1280 973 .
1526 966 1566 973 -.
1838 972 1847 973 κ

182 948 343 1003 mala:
372 960 427 1004 et
465 953 684 1019 perdita:
720 956 894 1024 erant)
926 958 1125 1026 aliquid
1162 964 1281 1015 boui
1316 979 1492 1033 agere.
1526 966 1654 1021 Nam
1683 978 1736 1022 et
1828 972 2039 1040 juberet
2067 992 2163 1045 pro
2186 980 2568 1037 sordidioribus
2594 983 2915 1043 indumentis
2937 991 3171 1049 vinctum
3201 949 3376 1051 mani:

181 1040 331 1106 quod
356 1042 587 1103 iudicem
618 1058 740 1098 eum
768 1045 969 1113 dicunt,
988 1064 1092 1102 nou
1124 1059 1227 1104 tam
1250 1065 1538 1120 gestorum,
1571 1072 1731 1125 quam
1832 1061 1932 1115 bus
1958 1040 2281 1134 pedibusque
2309 1070 2359 1121 in
2400 1072 2693 1126 exteriores
2726 1078 2975 1131 tenebras
3015 1083 3385 1151 praecipitari!

183 1134 681 1202 naturarumjudex
704 1138 931 1205 videtur;
952 1143 1145 1223 quippe
1161 1142 1203 1195 si
1221 1154 1406 1198 natura
1431 1148 1564 1199 mala
1584 1150 1739 1202 bene:
1896 1153 2008 1223 88
2038 1156 2091 1209 5.
2128 1157 2192 1209 Et
2221 1159 2334 1213 haec
2378 1163 2592 1229 quidem
2638 1166 2879 1221 sui‘llcere
2917 1171 3113 1224 debent
3141 1134 3259 1240 quae
3303 1191 3397 1231 ex.

183 1217 357 1240 0.--__
438 1238 450 1240 _
598 1238 607 1240 _
684 1231 724 1240 _.
877 1234 888 1240 -
1131 1234 1144 1240 -
1229 1235 1270 1240 _
1407 1238 1416 1240 Α
1460 1238 1469 1240 -
1533 1238 1541 1240 .

1908 1217 1999 1223 __
2394 1217 2408 1229 .
2708 1217 2876 1221 ,_----
2922 1217 3112 1224 πη-.-
3144 1217 3257 1240 τ...
3304 1217 3369 1231 ν-

178 1217 363 1287 facere
392 1238 494 1276 non
522 1231 724 1292 p0test,’
754 1246 847 1286 nec
872 1217 1013 1289 bona
1045 1234 1197 1288 male.
1229 1235 1361 1289 Tum
1390 1238 1580 1293 deinde
1608 1253 1729 1292 eum
1834 1248 2153 1303 auctoritate
2172 1257 2973 1331 assumpsimusScripturarum
2991 1265 3055 1317 ad
3080 1264 3369 1322 refellenda

178 1323 346 1377 quem
378 1313 571 1389 bonum
611 1321 811 1387 dicunt,
852 1324 896 1376 si
936 1326 1001 1378 ad
1034 1339 1221 1380 omnes
1253 1328 1425 1382 bonus
1456 1338 1557 1396 est,
1611 1331 1729 1385 sine
1830 1350 1889 1388 ea
1916 1352 2035 1404 quae
2057 1338 2289 1413 haeretici
2318 1316 2826 1401 obtenderet-solent.
2862 1350 2973 1404 Non
3006 1359 3181 1409 tamen
3212 1356 3367 1412 inde-

177 1398 347 1455 dubio
382 1411 434 1455 et
456 1406 520 1458 ad
549 1420 643 1462 eos
672 1411 758 1477 qui
792 1414 1009 1479 perituri
1037 1425 1161 1469 sunt
1192 1418 1361 1471 bonus
1382 1428 1493 1487 est;
1524 1430 1577 1474 et
1599 1436 1731 1490 quo-

176 1494 474 1549 modonon
498 1512 589 1553 eos
613 1501 819 1556 salvat?
856 1502 910 1557 Si
946 1520 1049 1559 non
1075 1507 1207 1571 vult,
1230 1509 1341 1575 jam
1376 1527 1480 1565 non
1507 1514 1608 1567 erit
1636 1514 1729 1568 bo-

177 1576 318 1646 nus;
361 1585 402 1636 si
433 1585 543 1639 vult
574 1596 625 1641 et
652 1604 781 1657 _non
830 1602 1030 1660 potest,
1079 1598 1416 1663 omnipotens
1466 1615 1569 1653 non
1600 1603 1723 1655 erit.

173 1672 317 1741 Quin
365 1675 536 1742 potius
564 1680 779 1733 audiant
828 1681 881 1735 in
930 1682 1228 1753 Evangeliis
1261 1686 1471 1742 Patrem
1516 1689 1725 1746 Domini

174 1764 349 1815 nostri
380 1761 746 1840 JequChristi
783 1771 954 1838 ignem
985 1785 1371 1840 prteparantem
1417 1778 1625 1834 diabolo
1672 1788 1727 1835 et
1776 1776 1791 1781 ”

170 1852 383 1922 angelis
409 1856 524 1923 ejus
556 1858 623 1911 ".
652 1859 717 1912 Et
745 1864 1006 1928 quomodo
1035 1862 1172 1915 istud
1211 1879 1346 1933 opus
1370 1877 1477 1919 tam
1511 1869 1724 1935 pmnale

170 1959 339 2011 quam
374 1946 522 2000 triste
564 1949 856 2002 secundum
897 1964 1116 2004 sensum
1166 1952 1389 2009 istorum
1437 1957 1551 2027 (79)
1597 1958 1719 2014 boni

1828 1440 1951 1481 ecus
1998 1430 2280 1495 videbitur,
2330 1434 2372 1487 si
2412 1436 2573 1492 etiam
2620 1453 2686 1492 ex
2726 1440 2932 1497 ratione
2974 1443 3139 1513 ipsius
3169 1461 3365 1503 conse-

1827 1518 2055 1585 quentiae
2089 1522 2275 1598 paucis
2298 1538 2515 1591 agamus
2549 1541 2667 1580 cum
2697 1528 2793 1581 eis.
2819 1528 3214 1601 [interrogamus
3238 1551 3369 1605 ergo

1828 1618 1920 1658 eos
1955 1607 1996 1669 si
2027 1619 2221 1662 norunt
2268 1626 2385 1678 qua:
2409 1614 2546 1667 ratio
2582 1616 2729 1678 apud-
2766 1618 3011 1679 homines
3040 1623 3253 1677 virtutis
3298 1640 3364 1679 ac

1827 1694 2040 1751 maliti;e
2065 1685 2340 1767 habeatur,
2384 1711 2437 1755 et
2462 1702 2505 1756 si
2536 1704 2743 1770 videtur
2771 1722 3104 1778 consequens
3137 1725 3275 1778 esse,
3306 1722 3365 1766 ut

1830 1780 2054 1843 virtutes
2077 1793 2315 1847 dicamus
2348 1793 2397 1846 in
2422 1796 2544 1862 Deo,
2567 1798 2669 1861 vel,
2690 1809 2744 1852 ut
2768 1800 2891 1867 ipsis
2909 1802 3138 1868 videtur,
3163 1806 3213 1874 in
3236 1806 3365 1861 duo-

1826 1878 1926 1933 bus
1943 1879 2059 1934 istis
2082 1881 2203 1935 diis.
2226 1882 2596 1952 Respondeant
2616 1888 2714 1942 hoc
2735 1904 2972 1959 quoque:
2998 1892 3269 1961 sividetur
3282 1897 3360 1950 eis

1825 1967 2033 2024 bonitas
2065 1973 2233 2026 virtus
2259 1973 2367 2043 (84)
2393 1989 2510 2029 esse
2534 1977 2734 2046 aliqum,
2771 1984 2909 2048 quod
2940 1992 3066 2049 puto
3102 1985 3217 2039 sine
3262 1987 3363 2041 du-

167 2038 268 2091 Dei
304 2039 601 2093 videbitur?
629 2041 733 2118 Sed
765 2053 817 2097 et
850 2045 963 2113 ipse
1000 2045 1249 2099 Salvator
1280 2049 1402 2103 boni
1435 2050 1523 2104 Dei
1550 2051 1717 2107 Filius
1753 2031 1793 2084 Β
1821 2057 1907 2111 bio
1928 2031 2273 2130 fatebuntur,
2297 2031 2422 2133 quid
2461 2031 3362 2149 etiam.dicentidejusiitia-i'Nun-

168 2130 227 2184 in
266 2129 567 2199 Evangeliis
609 2142 932 2199 protestatur
961 2145 1023 2209 et
1066 2138 1217 2203 dicit,
1254 2155 1273 2188 ι
1317 2140 1440 2207 quia
1466 2142 1510 2195 si
1564 2141 1714 2212 signa

164 2232 225 2275 et
254 2214 493 2293 pmdigia
522 2224 660 2279 facta
710 2227 932 2283 fuissent
959 2229 1186 2302 in'Tyro
1216 2242 1271 2286 et
1310 2233 1531 2299 Sidone,
1584 2236 1713 2290 olim

165 2312 225 2365 in
244 2327 402 2367 sacco
431 2324 484 2367 et
508 2315 686 2370 cinere
706 2318 951 2386 sedentes
975 2320 1340 2386 paenitentiam
1359 2325 1592 2392 egissent
1611 2327 1709 2383 θ’.»

164 2401 235 2456 Et
264 2418 385 2456 cum
417 2408 690 2472 proximus
722 2407 902 2474 utique
944 2408 1073 2475 ipsis
1116 2410 1341 2465 urbibus
1373 2414 1709 2481 accessisset,

162 2506 235 2545 ac
265 2492 401 2546 lines
433 2507 615 2546 earum
649 2494 838 2548 fuisset
867 2495 1135 2581 ingressus
1177 2498 1319 2567 (80),
1348 2516 1476 2565 cur,
1508 2506 1709 2570 quaeso,

162 2578 404 2633 det-linat
436 2581 681 2634 civitates
713 2583 841 2637 istas
875 2578 1105 2653 ingredi,
1146 2594 1209 2638 et
1233 2591 1606 2654 przestare‘eis
1639 2591 1713 2644 si-

160 2686 396 2738 gnorum
433 2681 488 2725 et
527 2657 888 2741 prodigiorum
921 2676 1148 2742 copiam,
1188 2676 1234 2730 si
1276 2692 1369 2732 eas
1401 2679 1483 2735 his
1544 2682 1710 2750 gestis

162 2764 223 2817 in
248 2758 407 2816 sacco
426 2771 480 2817 et
502 2763 681 2818 cinere
701 2775 904 2818 eertum
921 2776 1037 2820 erat
1066 2776 1279 2822 acturas
1306 2783 1422 2824 esse
1444 2772 1708 2839 pteniten-

143 2854 342 2918 tiam?
368 2852 515 2919 Quod
548 2855 729 2922 utique
752 2870 871 2909 cum
913 2872 1017 2911 non
1050 2858 1193 2921 facit,
1228 2859 1342 2913 sine
1377 2861 1537 2914 dubio
1582 2877 1706 2930 per-

159 2945 354 2999 ditioni
385 2958 476 2997 eas
515 2944 789 3015 relinquit,
821 2952 953 3012 quas
1002 2948 1154 3002 mala:
1195 2957 1247 3002 et
1291 2952 1506 3018 perdita»
1545 2963 1705 3005 natu-

160 3050 238 3087 ra:
265 3034 378 3103 (8i)
408 3046 511 3086 non
550 3018 666 3085 esse
697 3033 811 3100 ipse
847 3031 1118 3103 Evangelii
1154 3050 1329 3091 sermo
1362 3038 1564 3092 indicat
1614 3042 1704 3108 qui

156 3140 257 3179 eas
286 3123 521 3193 potuisse
550 3123 807 3190 panitere
845 3122 1099 3191 designat.
1142 3116 1337 3179 Sedet
1388 3128 1439 3179 in
1474 3130 1702 3195 quadam

158 3213 438 3284 Evangelii
474 3212 814 3267 nihilominus
852 3211 1106 3280 parabula
1134 3213 1453 3282 ingrediens
1489 3234 1582 3272 rex
1624 3220 1704 3271 vi-

1816 2163 1977 2217 quam
2024 2152 2283 2218 profecto,
2316 2164 2372 2207 ut
2414 2157 2541 2209 mihi
2576 2157 2804 2225 videtur,
2854 2160 2927 2215 ita
2962 2162 3247 2232 desipieut,
3300 2176 3360 2221 ut

1808 2237 2067 2304 justitiam
2097 2251 2287 2310 negent
2315 2257 2433 2296 esse
2465 2245 2735 2301 virtutem.
2781 2249 2921 2317 Ergo
2960 2254 3002 2305 si
3030 2253 3225 2307 bonum
3253 2256 3360 2310 vir-

1817 2336 1925 2393 tus,
1946 2338 1997 2382 et
2022 2329 2223 2397 justitia
2248 2331 2415 2386 virtus
2438 2343 2539 2399 est,
2582 2334 2698 2390 sine
2719 2338 2878 2391 dubio
2906 2339 3119 2407 justitia
3146 2343 3359 2401 bonitas

1812 2428 1897 2472 est
1921 2416 2052 2489 (85).
2080 2419 2135 2473 Si
2159 2436 2282 2475 vero
2315 2422 2545 2485 dixerint
2580 2441 2683 2481 non
2707 2442 2824 2482 esse
2844 2429 3354 2500 bonumjustitiam.

1812 2516 2058 2590 superest
2084 2516 2141 2560 ut
2177 2518 2268 2562 aut
2292 2510 2483 2563 malum
2515 2513 2607 2576 sit,
2647 2525 2737 2567 aut
2766 2515 3097 2572 indifferens.
3128 2520 3191 2573 Et
3227 2524 3352 2590 qui-

1812 2597 1932 2650 dem
1986 2580 2281 2654 dicentibus
2322 2601 2517 2655 malum
2563 2618 2680 2657 esse
2724 2605 2983 2671 justitiam
3028 2613 3354 2677 respondere

1810 2687 2220 2759 ineptumgputo.
2246 2686 2642 2765 Videbor’enim
2663 2697 2743 2748 vel
2772 2697 2976 2752 insanis
2990 2702 3350 2766 sermonibus,

1807 2778 1887 2829 vel
1913 2789 2085 2833 mente
2110 2780 2265 2854 motis
2285 2770 2589 2855 hominibus
2618 2788 2958 2855 respondere.
2989 2788 3183 2844 Malum
3206 2794 3348 2848 enim

1807 2870 2071 2931 quomodo
2104 2868 2371 2954 videbitur
2386 2871 2455 2954 ‘id
2496 2868 2637 2940 qudd
2679 2875 2833 2930 bonis
2872 2879 3012 2933 bona
3054 2884 3352 2939 retribuere

1805 2966 1997 3024 potest,
2034 2958 2169 3011 sicut
2198 2948 2478 3059 etiamipsi
2504 2963 2775 3040 fatentur?
2804 2968 2859 3021 Si
2885 2985 3010 3024 vero
3038 2971 3353 3031 indifferens

1804 3044 2060 3109 dixerint,
2093 3044 2538 3119 consequens'iest
2569 3061 2625 3105 ut
2656 3068 2775 3107 cum
2798 3055 3005 3124 iustitia
3039 3060 3350 3118 indill'erens

1804 3138 1893 3198 sit,
1922 3144 1973 3190 et
1989 3136 2256 3192 'sohrietas
2283 3149 2336 3193 et
2359 3138 2648 3208 prudentia
2681 3151 2735 3195 et
2761 3142 2961 3199 “omnes
2994 3148 3210 3215 reliqua:
3239 3154 3351 3204 vir-

1806 3235 1944 3281 tutes
1975 3227 2338 3283 indill‘erentes
2368 3229 2688 3287 habeantur.
2739 3234 2800 3286 Et
2828 3235 2955 3303 quid
2997 3242 3347 3305 respondebi-

158 3305 295 3358 dere
324 3303 716 3357 discumbentes
736 3303 821 3369 qui
856 3300 1067 3355 fuerant
1095 3303 1322 3367 invitati,
1354 3305 1487 3359 ‘vidit
1516 3323 1701 3373 quem-
1729 3322 1773 3401 ὸ
1806 3332 1923 3370 mus
1946 3314 2109 3371 Paulo
2137 3319 2363 3373 dicenti:
2391 3338 2410 3371 ι
2444 3320 2498 3375 Si
2532 3337 2632 3390 qua
2662 3300 2911 3388 virtus,—si
2939 3342 3042 3394 qua
3074 3300 3209 3395 laus,
3232 3331 3346 3387 haec

155 3398 288 3448 dam
317 3409 419 3445 non
453 3393 692 3446 indutum
720 3390 1042 3458 nuptialibus
1072 3392 1418 3457 indumentis,
1450 3400 1502 3448 et
1525 3397 1700 3451 aitei:

161 3499 188 3532 ι
223 3481 432 3543 Amice,
468 3479 733 3547 quomodo
776 3478 880 3533 huc
916 3478 1123 3534 intrasti
1170 3496 1274 3561 non
1311 3482 1513 3537 habens
1552 3485 1704 3537 indu-

156 3580 401 3624 mentum
438 3569 708 3636 nuptiale?
746 3569 896 3623 Tunc
924 3569 1000 3624 ait
1037 3572 1297 3631 ministris
1325 3590 1339 3625 :
1372 3572 1622 3642 Ligantes
1654 3576 1701 3629 ei

153 3674 354 3714 ntanus
378 3668 433 3713 et
458 3660 616 3726 pedes
653 3659 845 3713 mittite
870 3675 990 3713 eum
1031 3660 1173 3716 foras
1208 3663 1259 3716 in
1288 3664 1533 3718 tenebras
1557 3675 1703 3720 exte—

159 3755 354 3815 riores,
384 3750 453 3803 ibi
482 3751 583 3803 erit
609 3748 763 3803 ﬂetus
789 3760 843 3803 et
868 3752 1065 3806 stridor
1092 3755 1329 3808 dentium
1356 3756 1423 3811 ⁸⁷.
1462 3775 1480 3809 ι
1519 3757 1706 3812 Dicant

154 3843 317 3896 nobis
362 3840 481 3907 quis
524 3846 605 3891 est
646 3838 745 3891 iste
785 3854 876 3893 rex
927 3842 1015 3909 qui
1059 3842 1330 3910 ingressus
1377 3855 1460 3901 est
1523 3848 1703 3902 videre

154 3933 575 3995 discumbentes,
644 3940 699 3985 et
753 3931 1027 3986 inveniens
1091 3935 1228 3987 inter
1270 3950 1364 3991 eos
1417 3935 1700 4005 quemdam

156 4022 390 4076 sordidis
415 4019 761 4083 indumentis,
787 4020 938 4087 jubet
966 4036 1087 4074 eum
1124 4024 1359 4077 vinctum
1389 4042 1484 4093 per
1540 4030 1700 4083 mini-

155 4122 301 4168 stros
328 4126 455 4165 suos
485 4111 539 4163 in
562 4110 852 4163 exteriores
884 4112 1132 4165 tenebras
1163 4114 1394 4167 detrudi.
1420 4115 1699 4187 Nunquid-

157 4217 285 4256 nam
318 4201 403 4255 ille
431 4208 513 4254 est
533 4214 690 4267 quem
709 4198 1146 4273 justum'dicunt?
1164 4204 1227 4256 Et
1248 4208 1513 4273 quomodo
1530 4208 1700 4262 bonos

153 4306 221 4344 ac
247 4291 416 4344 malos
442 4291 683 4357 iusserat
722 4290 937 4343 invitari
970 4291 1100 4360 (82),
1134 4308 1231 4347 nec
1262 4294 1451 4349 merita
1479 4312 1507 4349 a
1537 4284 1696 4351 mini-

152 4380 283 4436 stris
325 4379 587 4435 s‘ciscitari
635 4379 999 4445 praeceperat?
1033 4378 1134 4433 Per
1180 4382 1319 4449 quod
1363 4383 1546 4451 utique
1592 4400 1695 4438 non

146 4471 281 4538 justi
306 4470 556 4539 alicujus,
592 4476 648 4519 ιιι
692 4467 777 4519 isti
816 4468 1015 4533 dicunt,
1065 4478 1118 4523 et
1158 4487 1254 4538 pro
1288 4463 1495 4526 meritis
1536 4475 1693 4536 retri-

155 4560 391 4623 buentis,
427 4561 518 4614 sed
542 4574 665 4628 erga
693 4572 879 4611 omnes
905 4559 1205 4614 indiscreta:
1232 4561 1576 4631 benignitatis
1613 4566 1693 4617 in-

1752 3426 1764 3435 ν
1806 3405 2034 3472 cogitate
2062 3422 2179 3474 quae
2218 3407 2497 3474 didicistis,
2532 3422 2580 3465 et
2611 3414 2910 3480 accepistis,
2943 3424 2994 3469 et
3015 3418 3261 3485 audistis,
3293 3430 3348 3475 et

1804 3495 2011 3549 vidistis
2064 3498 2116 3549 in
2175 3512 2259 3551 me
2292 3499 2369 3552 ’9?
2421 3518 2438 3551 ι
2501 3500 2894 3571 Discant-ergo
2946 3504 3346 3574 perscrutantes

1806 3581 2109 3649 Scripturas
2141 3585 2368 3651 divinas,
2407 3604 2525 3656 qua:
2560 3600 2680 3643 sunt
2731 3592 2954 3660 singulae
3000 3596 3242 3663 virtutes,
3294 3608 3349 3653 et

1805 3684 1907 3723 non
1929 3668 2228 3739 subripiant
2252 3674 2323 3733 in
2347 3676 2450 3728 hoc
2477 3679 2617 3743 quod
2640 3679 2847 3742 dicunt,
2873 3683 2994 3748 q‘uia
3021 3684 3065 3736 is
3094 3685 3231 3741 Deus
3253 3691 3344 3756 qui

1802 3760 2085 3827 unicuique
2112 3763 2399 3815 secundum
2426 3766 2669 3818 meritum
2702 3769 2974 3836 retribuit,
3019 3774 3142 3827 odio
3170 3760 3342 3831 malo-

1804 3862 1919 3900 rum
1944 3848 2183 3902 retribuit
2204 3848 2310 3920 (86)
2341 3850 2499 3904 malis
2532 3853 2689 3918 mala,
2722 3864 2775 3908 et
2822 3873 2925 3909 non
2955 3874 3049 3926 pro
3091 3875 3156 3917 eo
3200 3866 3342 3932 quod

1803 3936 2186 3991 austerioribus
2222 3937 2402 3991 curari
2434 3939 2675 4007 indigent
2719 3944 3123 4001 medicamentis
3159 3950 3213 4003 hi
3250 3953 3340 4019 qui

1801 4029 2169 4096 deliquerunt,
2193 4035 2247 4081 et
2285 4036 2565 4096 propterea
2608 4029 2716 4101 (87)
2754 4033 2835 4086 his
2870 4036 3087 4091 adhibet
3113 4053 3173 4092 ea
3221 4056 3341 4108 qua

1799 4117 2183 4171 emendationis
2230 4126 2515 4186 prospectu
2560 4121 2625 4171 ad
2666 4134 2900 4188 praesens
2942 4125 3189 4181 videntur
3222 4144 3343 4183 seu-

1798 4220 1913 4260 sum
1939 4205 2141 4262 doloris
2166 4207 2378 4261 inferre.
2410 4208 2521 4261 Non
2555 4208 2734 4279 legunt
2767 4213 2877 4281 (88)
2902 4216 3027 4282 quid
3081 4219 3339 4286 scriptum

1797 4293 1866 4347 sit
1894 4294 1961 4347 de
1991 4309 2083 4363 spe
2116 4295 2323 4348 illorum
2359 4296 2448 4363 qui
2488 4297 2541 4350 in
2570 4300 2769 4366 diluvio
2794 4305 3049 4371 perempti
3078 4317 3221 4374 sunt,
3274 4311 3341 4365 de

1796 4397 1899 4450 qua
1934 4396 2028 4450 spe
2070 4382 2259 4437 Petrus
2285 4385 2398 4453 ipse
2426 4387 2477 4439 in
2523 4390 2693 4453 prima
2716 4390 2950 4458 Epistola
2979 4409 3069 4447 sua
3113 4398 3182 4449 ita
3216 4399 3335 4454 ait:

1800 4489 1819 4522 ι
1843 4474 1973 4537 Quia
2020 4475 2265 4527 Christus
2293 4484 2533 4530 mortuus
2563 4480 2777 4546 quidem
2814 4492 2895 4536 est
2933 4500 3115 4553 carne,
3162 4489 3335 4542 viviﬁ-

1774 4564 1946 4615 ‘catus
1965 4570 2139 4615 autem
2163 4564 2351 4631 spiritu
2387 4580 2402 4615 :
2434 4566 2486 4619 in
2518 4582 2624 4635 quo
2654 4584 2880 4639 pergens
2908 4576 3221 4639 praedicavit
3253 4579 3336 4634 his

150 4652 365 4706 dicatur
403 4649 651 4703 allectus.
682 4647 743 4701 Si
778 4661 905 4700 vero
948 4662 1164 4703 necesse
1211 4660 1292 4704 est
1328 4651 1428 4704 hoc
1457 4651 1521 4704 de
1555 4652 1691 4706 bono
1724 4655 1766 4709 D
1795 4653 2069 4720 spiritibus
2097 4656 2187 4721 qui
2226 4655 2279 4708 in
2320 4670 2539 4713 carcere
2569 4662 2907 4727 tenebantur,
2938 4666 3027 4732 qui
3074 4667 3332 4724 increduli

153 4741 287 4801 Deo,
319 4738 369 4791 id
398 4746 481 4790 est
508 4735 587 4789 vel
616 4734 682 4789 de
705 4735 943 4796 Christo,
982 4734 1078 4787 vel.
1102 4736 1168 4788 de
1199 4735 1356 4790 Patre
1382 4736 1698 4800 Christiin-

149 4831 342 4899 telligi,
390 4830 517 4896 quid
554 4827 699 4881 aliud
732 4836 814 4881 est
847 4827 987 4894 quod
1012 4824 1157 4891 justo
1204 4828 1295 4881 Dei
1330 4828 1535 4895 judicio
1562 4828 1700 4896 obji-

232 5003 279 5033 "
315 4999 502 5053 Matth.
534 5014 673 5062 xxv,
701 4997 789 5049 41.
864 4996 908 5025 ⁸⁸
936 4994 1121 5059 Matth.
1164 5009 1238 5060 xi,
1266 4994 1353 5050 2|.

220 5161 336 5227 (79)
357 5160 445 5212 Sic
472 5175 599 5212 mss.
633 5160 799 5221 Alias,
827 5176 845 5208 t
890 5166 996 5211 tam
1027 5158 1258 5226 pmnale,
1290 5168 1396 5211 tam
1430 5160 1577 5213 triste
1608 5174 1693 5214 se-

144 5233 382 5285 cnndum
413 5244 623 5280 sensum
652 5243 856 5280 eorum.
895 5246 913 5277 ι

215 5288 330 5367 (30)
360 5296 430 5347 Ac
460 5297 588 5367 ﬁnes
625 5312 802 5367 earum
834 5296 1012 5363 fuisset
1046 5296 1322 5367 ingressus.
1350 5293 1471 5347 Haec
1496 5297 1685 5349 desunt

140 5367 203 5423 in
226 5365 233 5367 ”
258 5375 413 5417 antea
446 5365 626 5427 editis,
654 5366 744 5418 sed
793 5367 1053 5443 habeniiir
1082 5366 1134 5415 in
1175 5366 1416 5443 omnibus
1452 5380 1583 5443 mss.

219 5433 335 5501 (8i)
391 5434 482 5485 Sic
538 5444 682 5487 recte
726 5449 901 5512 _mss:;
966 5434 1093 5512 libb.
1164 5433 1325 5512 editi,
1396 5450 1435 5512 tu
1470 5434 1613 5512 γὶιειξἶ
1666 5452 1683 5483 ι

142 5504 315 5557 Paulo
342 5511 456 5567 p051
482 5515 637 5565 mss.,
670 5520 688 5551 ι
726 5504 829 5555 Ituc
854 5504 1080 5555 intrasti.
1118 5521 1134 5553 ι
1167 5500 1319 5554 Ltbb.
1354 5502 1507 5565 editi,
1539 5521 1557 5553 ι
1602 5503 1682 5555 itt-

146 5573 327 5627 troisti
359 5572 478 5622 huc.
521 5588 539 5617 ι
1366 5603 1370 5613 ι

217 5640 331 5715 (βξ)
364 5639 438 5715 ita
463 5653 591 5691 mss.
628 5637 783 5693 Libb.
807 5640 957 5704 editi,
988 5658 1004 5689 ι
1035 5639 1268 5707 nunquid
1289 5654 1391 5692 non
1421 5638 1508 5691 ille
1534 5648 1679 5692 est...

137 5708 373 5767 tnv'itarc
388 5708 639 5774 jusserat.
672 5726 689 5755 ι

215 5778 330 5847 (85)
367 5778 454 5847 Sic
482 5790 611 5847 tttss.
639 5774 793 5847 Libl).
822 5778 946 5847 editi
978 5795 1002 5847 :7
1030 5795 1047 5827 ι
1092 5777 1225 5842 Quid
1260 5776 1383 5828 illud
1423 5785 1502 5829 est
1541 5778 1683 5845 quod

136 5844 289 5915 justo
326 5847 413 5897 Det
443 5844 655 5915 iudicio,
680 5845 962 5915 obiicitur?
990 5846 1096 5900 lino
1131 5847 1257 5915 quid
1300 5848 1401 5898 tale
1437 5844 1681 5914 estquod

139 5913 197 5971 in
222 5917 333 5970 υυυ
354 5915 487 5982 legis
509 5913 857 5967 criminatur?
889 5930 908 5962 ο
1042 5926 1050 5939 '

1792 4742 2004 4795 fuerant
2032 4744 2317 4811 aliquando
2349 4761 2469 4800 cum
2500 4761 2870 4817 exspectarent
2895 4754 2982 4804 Dei
3016 4757 3332 4820 patientiam

1794 4830 1848 4882 in
1873 4831 2059 4885 diebus
2090 4832 2198 4886 Nee
2220 4848 2339 4888 cum
2369 4835 2719 4897 fabricaretur
2757 4855 2901 4903 arca,
2930 4843 2981 4896 in
3008 4859 3110 4911 qua
3150 4850 3332 4914 pauci,

1429 4997 1475 5028 "’
1517 4998 1701 5051 Matth.
1743 5013 1876 5061 xm.
1904 4999 1987 5062 12,
2021 4999 2105 5051 15.
2179 5000 2222 5030 ⁹⁸
2253 4998 2386 5052 Phil.
2414 5018 2484 5065 tv,
2507 5000 2559 5059 8⁹
2586 5000 2638 5053 9.

1858 5160 1966 5230 (84)
1998 5158 2209 5231 Bouilas
2238 5157 2823 5231 vit'tus._Desit|cratttttr
2860 5161 2909 5211 in
2954 5171 3106 5216 antea
3147 5168 3321 5231 editis,

1786 5228 1877 5282 sed
1903 5230 2162 5280 habentur
2184 5229 2234 5278 in
2272 5228 2517 5278 omnibus
2548 5243 2672 5279 mss.
2952 5234 2953 5237 “
3077 5248 3080 5250 τ

1856 5297 2110 5366 (85)Sme
2139 5294 2292 5345 dubio
2333 5294 2540 5361 justitia
2593 5296 2791 5350 bonitas
2841 5311 2932 5351 est.
2993 5300 3112 5353 llaec
3160 5304 3321 5357 etiam

1786 5367 1975 5417 desunt
1998 5370 2046 5415 in
2084 5373 2238 5415 antea
2282 5366 2454 5426 editis,
2489 5368 2731 5431 quamvis
2775 5373 3104 5436 reperiantur
3130 5374 3180 5422 in
3216 5390 3302 5425 om

1787 5436 1938 5485 uibus
1974 5448 2097 5485 mss.
3173 5478 3180 5489 .

1855 5501 1960 5570 (86)
2023 5501 2153 5575 Ollio
2217 5500 2467 5553 nudorum
2500 5504 2754 5575 retribuit.
2806 5505 2926 5557 Haec
2979 5521 3187 5575 quoque
3231 5513 3322 5561 de-

1783 5573 2082 5624 siderantur
2140 5571 2189 5621 in
2246 5580 2400 5623 antea
2451 5573 2628 5634 editis,
2664 5576 2753 5624 sed
2797 5571 3057 5625 habentur
3098 5571 3147 5627 in
3192 5594 3317 5630 mss.

1851 5640 1961 5705 (87)
1993 5639 2226 5711 Itatmss.
2260 5638 2414 5693 Libb.
2447 5640 2593 5711 editi,
2642 5659 2660 5689 ί
2716 5651 2914 5711 postea.
2954 5661 2968 5689 ι
3008 5643 3166 5697 Paulo
3206 5654 3317 5711 pus:

1784 5726 1935 5770 mss.,
1988 5726 2005 5757 t
2062 5710 2131 5761 de
2182 5724 2283 5777 qua
2336 5724 2427 5775 spe
2480 5707 2686 5761 Petrus.
2752 5729 2769 5759 ι
2830 5709 2883 5759 ln
2944 5712 3100 5764 editis
3154 5707 3317 5774 deest,

1787 5798 1803 5827 ι
1840 5792 1952 5840 spe.
1980 5796 1999 5826 ι

1851 5845 1959 5916 (88)
1985 5846 2171 5899 Videl.
2200 5862 2235 5901 It
2268 5845 2587 5915 0rigenian.,
2607 5863 2658 5915 q.
2698 5846 2835 5914 ll,n.
2863 5846 2913 5897 7.
