4136 6310
797 469 899 531 937

2022 436 2339 518 calcatus
2370 461 2525 513 IIEPI
2562 458 2791 513 APXDN

3913 453 4027 511 2(8

799 591 852 655 ld
885 596 967 643 est
1020 597 1140 641 octo
1196 584 1388 638 anima:
1443 570 1601 638 salvae
1655 585 1806 638 facta:
1830 590 1957 637 sunt
2003 598 2097 651 per
2146 595 2360 650 aquam.
2393 591 2438 646 Α
2470 578 2740 658 legislator
2782 575 3059 646 pntabitnr
3110 574 3268 629 Deus.
3322 573 3519 629 Paulus
3570 574 3840 643 apostolus
3880 571 4032 629 nulla

799 680 937 749 quod
974 686 1025 730 et
1051 690 1144 730 vos
1166 677 1330 730 simili
1366 675 1533 729 forma
1575 690 1715 729 nunc
1752 675 2015 743 baptisma
2064 674 2243 727 salvos
2282 672 2361 726 fa-

798 771 867 821 cit
896 769 961 822 ".
1012 786 1029 817 ι
1069 766 1139 819 De
1168 766 1397 819 Sodoma
1425 773 1677 818 autemet
1703 763 2005 819 Gomorrha
2046 764 2229 816 dicant
2261 776 2361 815 no-

802 856 903 919 bis,
935 857 979 910 si
1017 857 1527 909 creduntcreatoris
1552 855 1641 907 Dei
1660 868 1779 907 esse
1803 854 2147 923 propheticas
2176 869 2354 919 voces,

801 944 913 1011 ejus
936 944 1141 998 scilicet
1166 944 1255 1010 qui
1290 942 1524 996 refertur
1561 957 1722 1010 super
1762 956 1855 996 eos
1882 942 2018 1010 ignis
2045 952 2098 996 et
2143 943 2362 1010 sulphu-

801 1036 872 1087 ris
924 1034 1148 1087 imbrem
1204 1032 1431 1101 pluisse:
1486 1034 1614 1101 quid
1667 1033 1797 1086 dicit
1843 1035 1909 1087 de
1956 1035 2084 1101 ipsis
2116 1033 2361 1087 Ezechiel

799 1127 1093 1194 propheta?
1126 1145 1140 1174 ι
1196 1125 1547 1185 Rcstitnetur,
1606 1123 1802 1192 inquit,
1859 1124 2092 1179 Sodoma
2142 1124 2196 1177 in
2233 1124 2367 1176 anti-

798 1230 958 1289 quum
992 1219 1030 1271 ι.
1065 1236 1082 1268 ι
1120 1216 1453 1281 Qnidautem
1485 1213 1726 1284 afﬂigens
1758 1230 1852 1269 eos
1888 1216 1978 1283 q-ni
2026 1230 2180 1285 poena
2216 1216 2364 1284 digni

797 1318 943 1374 sunt,
973 1324 1078 1359 non
1112 1322 1206 1375 pro
1231 1308 1372 1359 bono
1394 1304 1614 1372 alligit?
1646 1304 1749 1369 Qui
1778 1307 1940 1358 etiam
1967 1307 2031 1357 ad
2057 1305 2364 1359 Chaldteam

798 1401 965 1455 dicit:
1004 1418 1019 1449 ι
1055 1399 1229 1452 Ilach
1264 1398 1530 1451 carbones
1560 1400 1720 1466 ignis,
1760 1398 1889 1451 sede
1930 1412 2089 1466 super
2120 1412 2232 1461 eos,
2266 1397 2362 1464 ipsi

795 1501 957 1544 erunt
990 1492 1080 1543 tibi
1107 1490 1377 1559 adjutorio
1396 1491 1436 1541 '.
1468 1509 1486 1542 ι
1523 1489 1629 1544 Sed
1659 1500 1712 1543 et
1743 1490 1807 1543 de
1840 1491 1923 1543 his
1947 1490 2037 1557 qui
2072 1492 2122 1541 in
2156 1489 2367 1541 deserto

794 1584 1123 1645 reciderunt,
1172 1584 1394 1635 audiant
1445 1582 1573 1651 quid
1630 1584 1681 1635 in
1748 1598 1930 1635 Lxxvu
1983 1582 2207 1650 psalmo,
2274 1582 2365 1650 qui

795 1675 971 1742 Asapli
1006 1674 1446 1742 superscribitur,
1481 1672 1783 1737 referatur;
1816 1672 1890 1725 ait
1943 1671 2123 1725 enim:
2173 1688 2191 1721 ι
2230 1671 2367 1725 Cum

793 1767 1064 1820 occideret
1092 1780 1207 1829 eos,
1237 1776 1363 1819 tunc
1386 1766 1740 1831 exquirebant
1772 1780 1893 1818 eum
1922 1765 1962 1821 ³.
1994 1783 2021 1815 ν»
2062 1762 2174 1817 Non
2215 1763 2368 1825 dicit,

795 1860 914 1926 quia
960 1858 1078 1911 aliis
1124 1857 1420 1918 interfectis
1466 1858 1551 1909 alii
1597 1855 1946 1925 requirebant
1984 1871 2125 1920 eum,
2168 1854 2260 1910 sed
2294 1856 2368 1908 ait

2465 669 2776 725 circuitione
2803 683 2931 722 usus
2959 668 3067 719 ait:
3105 686 3123 718 ι
3181 666 3286 721 Lex
3332 681 3461 736 ergo
3490 666 3626 719 bona
3657 674 3763 728 est,
3793 673 3844 717 et
3872 680 4030 717 man-

2466 763 2644 817 datum
2689 770 2933 814 sanctum
2974 768 3027 813 et
3062 758 3264 827 justum
3306 768 3361 811 et
3386 757 3580 812 bonum
3601 760 3644 811 ⁵.
3675 776 3693 809 ι
3728 756 3800 810 Ex
3834 757 4037 825 quibus

2467 863 2547 907 est
2585 853 2952 916 maniiestum,
2999 851 3122 919 quia
3162 850 3358 904 Paulus
3394 867 3496 904 non
3551 850 3775 903 istorum
3823 849 4038 901 litteras

2466 946 2724 1001 didicerat
2745 946 2834 1014 qui
2862 944 3065 1012 justum
3100 959 3126 994 a
3160 942 3295 997 bono
3313 952 3561 1010 separant
3582 930 3715 1012 (9t),
3744 940 3835 995 sed
3869 940 3939 993 ab
3968 955 4038 993 eo

2470 1037 2575 1093 Deo
2638 1036 2813 1091 fuerat
2845 1039 3164 1101 instructus,
3220 1045 3274 1092 et
3323 1035 3438 1103 ejns
3476 1035 3567 1088 Dei
3602 1033 3805 1101 Spiritu
3856 1030 4037 1085 fuerat

2468 1128 2818 1192 illntninatus,
2849 1128 2939 1195 qni
2973 1129 3124 1183 simul
3165 1136 3217 1181 et
3244 1138 3463 1182 sanctus
3495 1136 3547 1180 et
3576 1126 3746 1179 bonus
3778 1132 3831 1175 et
3857 1122 4037 1190 justus

2466 1228 2579 1283 est;
2628 1233 2721 1286 per
2764 1218 2916 1285 cujus
2954 1220 3040 1274 ille
3078 1221 3334 1284 Sairitum
3368 1218 3615 1287 loquens,
3640 1216 3853 1270 dicebat
3878 1230 4036 1269 man-

2466 1313 2644 1365 datttm
2709 1313 2838 1382 legis
2895 1328 3015 1366 esse
3066 1320 3330 1377 sanetum,
3363 1322 3415 1365 et
3446 1309 3672 1378 justum,
3708 1319 3763 1361 et
3804 1310 4036 1365 bonum.

2468 1403 2533 1457 Et
2591 1416 2645 1457 ut
2694 1405 2995 1459 evidentius
3052 1419 3211 1471 supra
3258 1403 3520 1472 justitiam
3580 1410 3635 1457 et
3689 1401 4034 1454 sanctitatem

2469 1495 2757 1549 bonitatem
2820 1498 2988 1563 magis
3030 1496 3207 1550 inesse
3268 1496 3576 1549 ostenderet
3637 1494 3690 1546 in
3742 1492 4035 1551 mandato,

2469 1589 2692 1654 repetito
2758 1602 3025 1650 sermone,
3076 1602 3171 1655 pro
3224 1587 3306 1640 liis
3360 1587 3528 1639 tribus
3578 1585 3747 1639 solam
3806 1582 4038 1652 pr0tulit

2468 1680 2760 1731 bonitatem
2828 1679 3073 1733 dicens:
3144 1697 3161 1729 ι
3209 1678 3357 1744 Quod
3426 1692 3554 1747 ergo
3631 1678 3830 1730 bonum
3904 1686 4032 1739 est,

2469 1769 2580 1837 89
2603 1769 2737 1825 mihi
2770 1784 2913 1821 mors
2935 1768 3055 1821 est?
3092 1768 3234 1820 absit
3279 1768 3319 1823 “.
3355 1785 3373 1818 ι
3410 1767 3602 1820 Sciens
3644 1766 3842 1834 quippe
3869 1764 4031 1819 boui-

2476 1870 2636 1912 tatem
2669 1875 2841 1929 genus
2867 1875 2987 1912 esse
3018 1860 3301 1922 virtutum,
3325 1858 3593 1927 justitiam
3633 1872 3762 1911 vero
3787 1857 3867 1910 vel
3902 1872 4031 1910 san-

794 1950 915 2019 qnia
951 1966 1137 2004 eorum
1173 1951 1261 2018 qui
1292 1950 1683 2004 occidebantur
1719 1950 1841 2001 talis
1879 1948 2281 2009 eratinteritns,
2312 1958 2367 2000 ut
2405 1938 2440 1991 Β
2474 1949 2715 2001 ctitatem
2749 1948 2955 2016 species
2987 1948 3224 2017 generis,
3261 1950 3377 2001 ideo
3405 1962 3525 2010 cum
3558 1946 3609 2001 in
3658 1947 4036 2016 superioribus

794 2041 1099 2093 mortilieati
1146 2040 1486 2108 requirerent
1520 2041 1707 2094 Deum.
1765 2040 1839 2094 Ex
1876 2041 2071 2109 quibus
2119 2040 2366 2096 omnibus

794 2141 1004 2186 constat
1035 2147 1197 2185 unum
1221 2132 1576 2200 enmdemque
1598 2145 1715 2185 esse
1736 2131 1938 2198 justum
1981 2142 2033 2186 et
2066 2133 2260 2186 bonum
2290 2131 2368 2184 Ie-

792 2223 872 2289 gis
903 2231 956 2276 et
998 2222 1403 2291 Evangeliorum
1450 2222 1638 2287 Deum,
1671 2232 1723 2276 et
1766 2221 2085 2278 benefacere
2116 2237 2239 2276 cum
2274 2221 2365 2289 ju»

792 2316 935 2368 stitia
971 2323 1023 2369 et
1060 2329 1180 2369 cum
1214 2315 1452 2369 bonitate
1486 2316 1709 2383 punire;
1739 2314 1866 2382 quia
1899 2328 1996 2368 nec
2024 2315 2221 2368 bonum
2250 2313 2364 2368 sine

788 2407 951 2473 justo,
980 2421 1077 2461 nec
1098 2406 1302 2473 justum
1329 2408 1447 2462 sine
1468 2408 1609 2462 bono
1636 2407 1949 2486 dignitatem
1968 2406 2160 2460 divina:
2185 2414 2359 2475 potest

792 2500 1027 2551 indicare
1048 2498 1551 2553 natumAddemns
1571 2498 1746 2551 adhuc
1772 2497 1933 2551 etiam
1964 2500 2083 2565 hoc,
2112 2500 2363 2553 versutiis

791 2605 974 2642 eorum
1010 2588 1453 2657 compellentibus
1480 2604 1576 2643 nos
1597 2608 1607 2641 :
1630 2590 1684 2644 Si
1706 2588 1847 2643 aliud
1874 2589 2175 2657 estjnstum
2201 2608 2361 2661 quam

791 2679 1010 2738 bonum,
1045 2678 1297 2745 quoniam
1346 2678 1487 2733 bono
1538 2680 1736 2735 malum
1777 2682 2106 2737 contrarium
2152 2694 2250 2749 est,
2309 2694 2361 2738 et

787 2768 929 2833 justo
962 2769 1238 2836 injnstum,
1292 2771 1411 2822 sine
1462 2770 1639 2825 dubio
1669 2784 1724 2826 et
1760 2775 2011 2843 injnstum
2045 2776 2204 2845 ,aliud
2257 2778 2361 2831 erit

791 2877 946 2930 qnam
970 2862 1210 2922 malum;
1239 2870 1291 2915 et
1319 2864 1447 2916 sicut
1477 2863 1655 2931 justus
1694 2871 1834 2934 apud
1869 2884 1961 2922 vos
2006 2868 2115 2939 (89)
2149 2885 2249 2924 non
2281 2881 2362 2925 est

714 2970 721 2977 ε
790 2952 983 3014 bonus,
1022 2952 1091 3004 ita
1130 2968 1302 3021 neque
1350 2954 1578 3019 injtstus
1621 2958 1727 3009 erit
1773 2958 1978 3019 malus;
2011 2969 2077 3025 _et
2122 2976 2359 3027 rursum,

790 3043 927 3093 sient
957 3041 1124 3094 bonns
1163 3058 1266 3097 non
1294 3040 1582 3110 cstjustus,
1616 3045 1687 3099 ita
1720 3056 1773 3101 et
1818 3048 1987 3101 malus
2008 3064 2107 3101 non
2142 3051 2245 3104 erit
2277 3051 2356 3103 in-
2396 3038 2403 3043 ’

784 3131 977 3197 justus.
1029 3132 1124 3186 Cui
1177 3143 1355 3187 autem
1400 3150 1505 3188 non
1549 3136 1761 3190 videtur
1792 3140 2104 3203 absurdum,
2147 3150 2207 3193 ut
2255 3128 2361 3195 Deo

786 3225 997 3291 quidem
1026 3228 1162 3278 bono
1200 3228 1503 3279 contrarius
1522 3228 1589 3279 sit
1625 3229 1818 3295 malus,
1854 3229 1961 3285 Deo
2002 3239 2179 3285 autem
2210 3232 2359 3300 justo

788 3332 943 3381 quem
974 3315 1284 3371 inferiorem
1323 3319 1463 3373 bono
1493 3319 1695 3386 dicunt,
1725 3322 2033 3377 contrarius
2060 3338 2215 3377 nemo
2245 3326 2357 3379 sit?

788 3407 901 3460 Non
948 3409 1089 3461 enim
1124 3410 1259 3462 sicut
1300 3410 1443 3462 Satat
1471 3424 1529 3463 as
1556 3420 1637 3464 est
1682 3412 1768 3479 qni
1811 3413 1981 3466 malus
2022 3414 2233 3479 dicitur,
2282 3417 2351 3470 ita

787 3512 860 3551 est
905 3502 1041 3553 alius
1086 3500 1278 3570 aliquis
1331 3502 1417 3571 qui
1476 3502 1690 3557 dicatur
1739 3504 1987 3570 injustus.
2038 3505 2174 3571 Quid
2229 3524 2355 3578 ergo

787 3592 901 3643 est?
949 3591 1337 3646 Rescindamus
1384 3608 1441 3647 ea
1494 3608 1613 3662 quae
1654 3595 2011 3651 defendimus.
2055 3598 2169 3651 Non
2208 3600 2350 3653 enim

786 3694 1037 3751 poterunt
1065 3683 1263 3745 dicere,
1294 3686 1414 3753 quia
1452 3686 1626 3740 malus
1656 3696 1760 3741 no‘n
1793 3691 1954 3742 etiam
1982 3689 2211 3757 injustus
2243 3692 2349 3754 sit,

786 3784 837 3825 et
878 3773 1105 3839 iujustus
1132 3775 1322 3829 malus.
1358 3777 1509 3841 Quod
1538 3777 1582 3830 si
1623 3779 1815 3831 inistis
1856 3781 2143 3833 contrariis
2186 3782 2357 3834 indis-

785 3862 1111 3915 sor-iabiliter
1135 3864 1358 3918 inhaeret
1386 3864 1463 3918 vel
1502 3866 1641 3918 malo
1670 3856 1955 3933 inju'stitia,
1976 3868 2054 3921 vel
2086 3869 2355 3937 injnstitize

784 3956 1007 4017 malum,
1035 3957 1151 4009 sine
1180 3956 1341 4009 dubio
1363 3967 1415 4008 et
1441 3958 1611 4009 bonus
1634 3958 2045 4013 indissociabilis
2063 3960 2161 4013 erit
2184 3962 2351 4040 justo,

785 4056 839 4097 et
866 4045 1041 4111 justus
1071 4046 1241 4110 bono;
1274 4054 1333 4098 Ill
1377 4045 1515 4097 sicut
1551 4062 1708 4099 unam
1757 4051 2107 4117 eamdemque
2161 4053 2352 4120 nequi-

789 4138 916 4190 tiam
978 4137 1195 4189 nialitite
1253 4146 1306 4190 et
1362 4136 1634 4204 itynstitite
1696 4138 1943 4204 dicimus,
2004 4141 2073 4193 ita
2138 4142 2351 4195 bonita-

788 4228 853 4280 tis
917 4242 981 4279 ac
1030 4225 1253 4294 justitiae
1312 4227 1567 4281 virtutem
1632 4243 1791 4282 unam
1864 4234 2210 4303 eamdemque
2274 4224 2352 4290 ιε-

786 4330 1029 4371 neanins.
1664 4376 1671 4387 Ι

853 4407 906 4459 4.
936 4405 1039 4457 Sed
1075 4405 1266 4458 iterum
1319 4408 1384 4459 ad
1430 4408 1709 4475 Scriptura:
1758 4427 1855 4466 nos
1890 4423 2141 4469 revocant
2168 4417 2349 4469 _verba

784 4495 1117 4562 proferentes
1144 4495 1285 4548 illam
1324 4511 1473 4567 suam
1504 4497 1614 4569 (90)
1648 4499 2064 4555 famosissimam
2094 4505 2349 4571 qna-stio-

2468 2054 2638 2108 genus
2661 2038 2819 2092 simul
2847 2054 2908 2093 ac
2941 2038 3147 2106 species
3178 2040 3526 2101 nominasset,
3545 2046 3797 2107 repetens
3821 2054 4035 2092 sermo-

2470 2145 2588 2183 nem
2622 2131 2688 2183 ad
2722 2131 2891 2184 solum
2932 2146 3099 2200 genus
3125 2132 3361 2186 retorsit.
3403 2130 3507 2186 Sed
3531 2140 3586 2185 et
3617 2131 3667 2184 in
3692 2144 4033 2196 consequen-

2470 2220 2609 2274 tibus
2638 2236 2650 2271 :
2688 2240 2705 2271 ι
2739 2219 3050 2283 Peccatum,
3093 2221 3287 2290 inquit,
3320 2236 3415 2289 per
3438 2222 3636 2274 bonttm
3667 2220 3797 2273 mihi
3830 2234 4033 2287 opera--

2468 2321 2684 2367 tuntest
2715 2315 3005 2367 mortem'.
3054 2333 3071 2364 ι
3115 2314 3168 2366 Ιιι
3225 2328 3333 2381 quo
3382 2313 3431 2367 id
3478 2328 3571 2381 per
3599 2327 3766 2380 genus
3803 2313 4030 2366 conclu-

2465 2405 2559 2472 dit,
2608 2407 2751 2473 qnod
2798 2406 3042 2473 superius
3100 2398 3195 2473 per
3232 2405 3441 2470 species
3505 2413 3849 2471 exposuerat.
3920 2404 4033 2457 Hoc

2466 2496 2624 2549 modo
2674 2511 2909 2564 namque
2956 2496 3357 2564 intelligendum
3392 2504 3473 2550 est
3525 2495 3688 2549 etiam
3724 2494 3851 2549 illud
3886 2497 4031 2563 quod

2464 2588 2664 2641 dictmn
2699 2600 2784 2643 est
2812 2605 2827 2642 :
2863 2607 2879 2638 ι
2916 2590 3090 2641 Bonus
3120 2589 3279 2640 homo
3305 2587 3370 2641 de
3401 2586 3538 2641 bono
3565 2588 3819 2642 thesauro
3845 2588 4034 2641 cordis

2464 2681 2544 2733 sui
2587 2681 2793 2748 profert
2823 2682 3042 2745 bomnn,
3094 2690 3148 2734 et
3198 2683 3368 2735 malus
3400 2682 3466 2734 de
3511 2680 3649 2734 malo
3677 2680 3885 2749 profert
3915 2696 4035 2734 ma-

2464 2774 2572 2828 lum
2602 2775 2644 2826 ⁸.
2686 2795 2704 2826 ι
2742 2773 2923 2828 Genus
2980 2789 3212 2844 namque
3268 2772 3557 2841 assumpsit
3614 2773 3776 2826 etiam
3835 2773 3927 2828 hic
3975 2775 4030 2827 in

2461 2867 2602 2920 bono
2632 2865 2741 2937 (92)
2781 2866 2861 2920 vel
2904 2866 3067 2932 malo,
3096 2867 3385 2921 ostendens
3412 2864 3530 2919 sine
3560 2852 3725 2917 dubio
3775 2864 3828 2917 in
3878 2864 4033 2920 bono

2462 2956 2681 3009 homine
2720 2970 2839 3010 esse
2872 2966 2920 3011 et
2950 2956 3213 3024 justitiam
3245 2965 3299 3011 et
3326 2954 3670 3008 sobrietatem
3701 2964 3754 3008 et
3790 2956 4029 3023 prudeno

2467 3044 2594 3098 tiam
2628 3056 2681 3099 et
2708 3048 2962 3114 pietatem
2994 3057 3047 3100 et
3076 3063 3237 3101 omne
3265 3048 3405 3116 quod
3437 3045 3519 3099 vel
3568 3044 3670 3097 diei
3703 3048 3910 3098 bonum
3944 3050 4027 3096 vt"

2455 3118 2683 3207 intelligi
2724 3148 2918 3207 potest.
2957 3139 3219 3194 Similiter
3247 3141 3408 3195 etiam
3442 3151 3495 3194 et
3524 3138 3719 3192 malum
3749 3137 3991 3191 homine:

2460 3228 2617 3293 dixit,
2645 3230 2737 3297 qui
2780 3231 2895 3283 sine
2923 3231 3086 3285 dubio
3123 3242 3266 3285 esset
3300 3231 3553 3300 injnstus,
3586 3241 3640 3285 et
3674 3230 3943 3299 impurus,
3975 3244 4009 3285 e

2466 3320 2681 3390 impius,
2720 3334 2775 3377 ε’.
2805 3324 2984 3375 omnia
3008 3338 3126 3390 qure
3160 3336 3257 3392 per
3286 3334 3466 3390 partes
3512 3324 3784 3376 hominem
3820 3322 4029 3375 malum

2460 3414 2781 3466 deformant.
2817 3415 2973 3468 Sicut
3001 3415 3143 3467 enim
3174 3415 3293 3467 s'ne
3320 3416 3401 3470 his
3430 3415 3684 3484 nequitiis
3723 3428 3892 3468 nemo
3920 3414 4028 3466 ali-

2459 3520 2613 3572 quem
2642 3506 2751 3577 (95)
2782 3506 2980 3558 malum
3030 3507 3297 3560 honinem
3348 3516 3519 3574 putat,
3554 3521 3653 3560 nec
3697 3519 3814 3560 esse
3849 3504 4034 3557 malus

2460 3606 2656 3664 potest,
2689 3596 2758 3648 ita
2810 3607 2865 3649 et
2912 3596 3030 3649 sine
3062 3597 3164 3650 ills
3196 3597 3487 3650 virtutibus
3520 3607 3726 3650 certum
3760 3602 3846 3647 εει
3876 3593 4030 3661 quod

2461 3702 2619 3739 nemo
2670 3686 2958 3753 pu.abitur
3004 3702 3121 3740 esse
3174 3688 3363 3739 bonus.
3425 3687 3682 3753 Superest
3725 3686 3805 3739 eis
3845 3686 4031 3740 adhuc

2458 3778 2646 3842 etiam,
2685 3777 2835 3842 illud,
2859 3777 3001 3845 quod
3019 3777 3164 3830 velut
3197 3777 3410 3845 proprie
3445 3777 3548 3830 sibi
3582 3777 3769 3829 datum
3804 3785 4029 3829 scutum

2458 3882 2670 3941 putant,
2703 3889 2736 3943 q
2761 3874 2847 3926 tod
2883 3872 3017 3925 dixit
3043 3872 3298 3926 Dominus
3331 3872 3383 3925 in
3415 3870 3710 3939 Evangelio
3742 3885 3755 3920 :
3795 3888 3811 3919 ι
3848 3868 4029 3925 Nemo

2458 3964 2631 4017 bonus
2670 3962 2775 4017 nisi
2808 3976 2945 4013 unus
2977 3961 3121 4014 Deus
3146 3959 3308 4013 Pater
3337 3963 3356 3993 '
3386 4000 3399 4024 ,
3447 3979 3465 4011 ι
3497 3959 3739 4013 dicentes
3766 3958 3873 4013 hoc
3895 3974 4026 4013 esse

2458 4054 2730 4122 proprium
2791 4050 3111 4107 vocabulum
3170 4050 3348 4105 Patris
3407 4051 3630 4115 Christi,
3682 4047 3772 4116 qui
3836 4059 4025 4105 tamen

2454 4147 2591 4199 alius
2613 4146 2684 4199 sit
2713 4160 2741 4197 a
2776 4154 3019 4199 creatore
3043 4143 3282 4199 omnium
3322 4142 3452 4204 Deo,
3481 4141 3567 4196 cui
3591 4141 3828 4195 creatori
3859 4142 4025 4197 boni-

2462 4238 2585 4289 tatis
2622 4236 2732 4305 (94)
2765 4236 2964 4289 nnllatn
2999 4235 3208 4290 dederit
3259 4232 3694 4302 appellationem.
3722 4233 4025 4288 Videamus

2454 4343 2583 4397 ergo
2614 4328 2656 4380 si
2699 4328 2751 4380 in
2792 4326 2969 4381 Veteri
2997 4325 3101 4379 Tes
3131 4334 3345 4378 amento
3379 4326 3514 4378 Deus
3547 4324 3946 4391 prophetarum
3972 4336 4026 4380 et

2456 4419 2637 4472 tnnndi
2674 4428 2891 4473 creator
2921 4431 2982 4468 ac
3010 4414 3291 4482 leg‘slator
3342 4430 3444 4467 non
3493 4414 3692 4467 dicitur
3724 4415 3923 4469 bonus.
3961 4416 4026 4471 Et

2453 4510 2578 4578 quid
2633 4520 2717 4564 est
2767 4509 2908 4577 quod
2955 4508 3005 4559 in
3058 4505 3286 4560 Psalmis
3326 4506 3458 4560 dicit
3499 4526 3511 4561 :
3549 4525 3567 4558 ι
3613 4506 3784 4573 Quam
3836 4507 4023 4561 bonus

785 4602 925 4639 nem.
957 4586 1400 4657 Aiuntnamque:
1432 4588 1699 4657 Scriptum
1728 4600 1832 4655 est,
1856 4592 1979 4660 quia
2012 4612 2029 4644 ι
2053 4610 2153 4647 non
2179 4606 2353 4661 potest
2386 4603 2426 4655 D
2458 4599 2615 4654 Israel
2668 4599 2808 4653 Dens
2852 4598 3015 4651 rectis
3063 4599 3224 4651 corde
3281 4597 3357 4662 ¹⁶;
3420 4618 3436 4650 ι
3471 4607 3525 4652 ει
3560 4618 3572 4651 :
3609 4616 3626 4649 ι
3679 4598 3827 4652 Dicat
3867 4614 4022 4653 nunc

784 4679 941 4732 arbor
977 4678 1113 4731 mala
1166 4678 1376 4733 fructus
1413 4685 1580 4733 bonos
1627 4681 1834 4746 facere;
1885 4698 1946 4735 ex
1999 4682 2171 4737 fructu
2208 4688 2348 4740 enim

783 4771 941 4823 arbor
964 4770 1307 4839 regnuSritnr
1332 4771 1373 4822 ⁸.
1418 4790 1435 4821 ι
1470 4768 1606 4836 Quid
1637 4787 1767 4840 ergo
1807 4772 1992 4829 aiunt?
2036 4775 2219 4841 Qualis
2258 4793 2348 4830 ar-

784 4862 880 4914 bor
906 4863 975 4914 sit
998 4862 1101 4927 lex,
1133 4877 1197 4915 ex
1230 4861 1491 4915 fructibus
1514 4862 1650 4931 suis,
1675 4863 1726 4915 id
1757 4874 1921 4918 estex
1958 4879 2349 4933 prmceptorum

784 4953 1116 5005 sermonibus
1151 4952 1477 5005 declaratur.
1507 4951 1561 5005 Si
1586 4967 1727 5005 ennn
1744 4953 1878 5007 bona
1906 4955 2206 5009 inveniatur
2241 4959 2347 5025 lex,

783 5044 899 5096 sine
932 5042 1089 5095 dubio
1119 5052 1169 5095 et
1191 5043 1280 5111 qui
1313 5043 1389 5096 dei
1419 5044 1455 5095 it
1488 5058 1606 5096 eam
1659 5043 1997 5109 bonusteus
2028 5053 2147 5100 esse
2176 5049 2350 5101 credi-

786 5143 888 5189 tnr.
920 5132 973 5186 Si
1008 5148 1135 5186 vero
1178 5133 1320 5199 jnsta
1362 5135 1531 5204 magis
1567 5150 1727 5203 quam
1771 5136 1931 5199 bona,
1961 5135 2137 5205 justus
2185 5138 2344 5197 etiam

848 5269 893 5304 θ’
926 5268 941 5321 1
972 5267 1082 5321 Pet.
1117 5284 1195 5329 Ill,
1232 5269 1317 5334 18,
1347 5268 1429 5330 19,
1455 5269 1543 5333 20,
1578 5269 1665 5323 2|.
1706 5273 1721 5301 ¹
1754 5270 2172 5336 Ezecli.n't,55,

790 5340 872 5395 18.
922 5348 975 5391 et
1021 5354 1125 5401 XII,
1174 5338 1263 5391 55.
1341 5340 1360 5370 ⁸
1394 5339 1549 5391 Ιιίιιιι.
1629 5356 1723 5398 VII.
1797 5342 1881 5394 ΓΞ.
1963 5343 1982 5373 ⁶
2013 5344 2142 5396 Ibid.
2193 5344 2283 5397 I5.

782 5422 951 5470 cun,
976 5408 1027 5460 1.
1108 5410 1145 5439 ¹¹
1177 5407 1317 5461 l’sal.
1346 5408 1588 5473 cxvuﬂ.
1669 5412 1709 5439 "
1737 5410 1935 5465 Tliren.
1960 5428 2045 5479 ιιι,
2069 5413 2157 5467 ‘25.

855 5528 963 5601 (89)
988 5530 1076 5583 Sic
1106 5546 1233 5585 mss.
1280 5531 1434 5585 Libb.
1497 5531 1648 5593 editi,
1702 5550 1719 5580 ι
1770 5535 1906 5599 apud
1951 5549 2065 5587 nos.
2110 5554 2129 5587 ι
2176 5534 2341 5588 Paulo

819 5612 903 5652 ost
930 5615 1076 5660 mss.,
1112 5618 1128 5648 ι
1164 5601 1247 5652 eui
1298 5610 1475 5654 autem
1520 5616 1623 5653 non
1656 5602 1921 5654 videbitur
1951 5604 2259 5658 absurdum.
2319 5624 2336 5653 ι

784 5616 903 5722 post
930 5616 1076 5660 mss.,
1112 5618 1128 5648 ι
1164 5616 1247 5652 ειη
1298 5616 1475 5654 autem
1520 5616 1623 5653 non
1656 5616 1921 5654 VltleDlltlt'
1951 5616 2259 5658 absurdum.
2319 5624 2335 5653 ι

833 5672 939 5723 ilib.
971 5670 1119 5731 editi,
1145 5685 1161 5716 ι
1186 5672 1455 5737 quomodo
1482 5680 1659 5723 autem
1688 5686 1791 5724 non
1825 5674 1926 5724 erit
1957 5674 2266 5727 absurdum.
2318 5694 2335 5725 ι

785 5741 982 5791 lbi-lem
1030 5752 1181 5799 mss.,
1222 5756 1240 5787 ι
1303 5755 1457 5806 quem
1496 5740 1817 5793 inferiorem
1880 5743 2017 5793 bono
2070 5745 2273 5797 dicunt.
2319 5764 2336 5793 ι

781 5807 934 5865 μω».
978 5807 1129 5868 editi,
1181 5825 1197 5855 ι
1232 5820 1388 5875 quem
1414 5810 1723 5863 inferiorem
1749 5811 1887 5863 bono
1922 5812 2169 5865 dicimus.
2214 5831 2232 5862 ι

853 5878 961 5950 (90)
1002 5877 1191 5932 Suam.
1245 5879 1400 5933 Deest
1434 5880 1483 5932 in
1540 5891 1695 5935 antea
1745 5882 1921 5949 editis,
1976 5882 2064 5935 sed
2099 5882 2342 5956 _babetur

2251 5275 2270 5350 ξ
2303 5272 2722 5353 Ιείιζιξιτνιιηίξ,
2757 5274 2843 5353 Ιξί.
2886 5332 2891 5339 ,

2352 5347 2370 5372 ⁷
2399 5344 2532 5399 Ibid.
2612 5348 2632 5375 ⁸
2662 5346 2849 5398 Matth.
2888 5338 3010 5409 an,
3049 5344 3137 5396 55.
3210 5340 3386 5394 ‘Luc.
3438 5354 3590 5403 mn,
3622 5338 3708 5395 l9.
3788 5340 3832 5373 “
3860 5342 4011 5399 Ρωι.

2457 4692 2619 4747 Israel
2647 4690 2901 4758 quoniam
2952 4688 3142 4755 bonus,
3174 4690 3429 4758 quoniam
3462 4690 3513 4742 in
3545 4689 3795 4743 saeculum
3851 4691 4022 4744 mise-

2458 4782 2692 4834 ricordia
2723 4779 2843 4848 ejus
2878 4779 2942 4830 “.
2984 4797 3001 4831 ι
3023 4768 3101 4833 Et
3142 4780 3194 4832 in
3230 4780 3731 4833 Lamentatiouibus
3762 4778 4021 4833 Jeremim

2458 4872 2717 4939 scriptum
2753 4880 2835 4924 est
2865 4885 2880 4921 :
2914 4888 2931 4920 ι
2974 4868 3155 4923 Βοιιιιε
3186 4860 3444 4923 Dominus
3472 4869 3556 4923 his
3598 4870 3685 4937 qui
3736 4870 4018 4924 sustinent

2454 4977 2595 5023 eum,
2627 4961 2819 5014 anima:
2852 4970 3087 5028 quaerent
3142 4974 3265 5013 eum
3298 4960 3359 5010 ι’.
3396 4978 3413 5011 ι
3454 4959 3609 5012 Sicut
3652 4973 3781 5025 ergo
3827 4958 4008 5011 bonus

2456 5056 2510 5105 in
2542 5052 2722 5107 Veteri
2752 5051 3093 5106 Testainentc
3133 5051 3449 5119 frequenter
3480 5048 3679 5102 dicitur
3725 5048 3895 5113 Deus,
3944 5049 4015 5103 ita

2452 5144 2615 5196 etiam
2682 5141 2863 5211 justus
2923 5142 2977 5195 in
3041 5138 3347 5209 Evangeliis
3422 5137 3728 5207 appellatur
3796 5136 4013 5193 Domini

2921 5270 3162 5327 'Psalm.
3211 5285 3415 5332 Lxxvn,
3473 5268 3562 5323 54.
3641 5268 3659 5300 ⁸
3694 5268 3883 5331 Matth.
3916 5289 4014 5335 vn,

2443 5537 2493 5588 in
2527 5552 2653 5590 mss.

2512 5608 2619 5676 (9|)
2649 5606 2738 5659 Sic
2773 5622 2901 5660 mss.
2932 5600 3087 5676 libb.
3122 5602 3271 5676 editi,
3313 5618 3332 5651 ι
3366 5611 3697 5676 separarent.
3739 5615 3759 5649 ι

2512 5672 2622 5743 (92)
2658 5678 2746 5730 Sir
2778 5693 2905 5728 mss.
2943 5674 3099 5727 Libb.
3135 5675 3284 5743 editi,
3327 5689 3343 5721 ι
3380 5673 3504 5743 huic
3530 5672 3693 5724 bono.
3730 5683 3755 5720 δ

2510 5748 2619 5816 (95)
2650 5748 2739 5800 Sc
2774 5761 2915 5816 mss.
2943 5744 3096 5816 Liilb.
3120 5742 3270 5816 editi,
3309 5758 3327 5789 ι
3365 5742 3579 5814 aliquis.
3619 5756 3643 5793 ι

2438 5828 2443 5833 ·
2512 5811 2620 5885 (9ι)
2654 5816 2805 5871 Libb.
2833 5814 2989 5880 editi,
3025 5830 3042 5863 ι
3078 5811 3308 5867 bonitas.
