4136 6310
176 449 282 505 εῖν)

1485 460 1680 518 LIBER
1723 465 2098 524 SECUNDUS.

3308 486 3410 542 2i0

175 572 355 627 nostri
371 572 484 646 (95)
521 574 648 632 Jesu
676 578 873 634 Christi
901 580 1080 636 Pater.
1106 581 1349 653 Denique
1382 584 1432 638 in
1463 584 1752 657 Evangelio
1783 597 1826 650 Λ
1858 605 2070 644 versam
2098 590 2247 646 verbi
2274 592 2355 646 sui
2390 602 2660 659 naturam,
2692 604 2855 665 atque
2885 599 3057 667 ipsius
3084 601 3176 658 Dei
3206 621 3324 674 quae
3345 622 3408 661 ex

178 667 484 722 secundum
522 668 783 726 Joannem
815 689 980 728 orans
1014 675 1127 743 ipse
1159 675 1419 731 Dominus
1467 689 1651 733 noster
1684 681 1748 733 ad

174 755 406 813 Patrem
439 760 620 816 dicit:
659 782 678 815 ‹
716 763 873 818 Pater
896 766 1065 837 juste,
1094 779 1146 822 et
1175 770 1405 823 mundus
1447 780 1497 825 te
1527 788 1630 826 non
1663 789 1750 827 co-

172 850 369 914 gnovit
424 852 488 904 “.
533 872 553 904 ι
606 853 686 909 Ne
728 856 871 911 forte
927 859 1130 926 dicant,
1182 862 1306 929 quia
1359 863 1520 916 etiam
1568 866 1747 917 tantuli

172 952 488 997 creatorem
517 960 615 1015 pro
647 951 1018 1019 assumptione
1042 952 1223 1006 carnis
1251 952 1465 1008 Patrem
1505 942 1747 1019 vocabat,

170 1039 226 1086 et
248 1033 430 1102 ipsum
458 1035 665 1104 justum
696 1041 1036 1107 nominabat,
1063 1043 1421 1098 excluduntur
1453 1048 1519 1098 ab
1542 1061 1605 1101 eo
1639 1063 1751 1102 ser-

171 1135 337 1198 mone
364 1124 459 1193 qui
488 1128 677 1180 statim
710 1129 998 1198 sequitur;
1038 1132 1115 1185 ait
1143 1134 1287 1187 enim
1328 1149 1343 1186 :
1381 1152 1399 1186 ι
1433 1136 1499 1187 Ει
1524 1139 1751 1193 nnmdus

176 1220 231 1266 te
290 1229 401 1268 non
462 1220 740 1287 cognovit.
775 1239 793 1272 ι
828 1221 1137 1278 Secundum
1189 1225 1336 1293 ipsos
1386 1228 1528 1281 enim
1578 1225 1761 1285 solum'

176 1304 353 1358 Deum
403 1307 608 1364 bonum
665 1314 897 1369 mundus
954 1316 1190 1385 ignorat.
1235 1317 1367 1371 Nam
1419 1320 1748 1376 conditorem

172 1410 337 1450 suum
369 1402 660 1458 verissime
684 1411 1043 1477 recognoscit,
1072 1410 1303 1467 Domino
1352 1414 1467 1480 ipso
1511 1415 1746 1483 dicente,

175 1489 309 1556 quia
361 1495 598 1549 mundus
641 1499 785 1566 quod
836 1517 992 1556 suum
1027 1513 1109 1559 est
1145 1508 1344 1578 diligit.
1394 1512 1593 1578 Aperte
1621 1528 1751 1583 ergo

178 1582 274 1636 ille
307 1599 471 1650 quem
492 1600 680 1656 putant
710 1594 907 1648 bonum
940 1597 1126 1663 Deum,
1156 1602 1338 1669 justus
1366 1619 1483 1658 esse
1512 1606 1562 1659 in
1588 1606 1752 1659 Evan-

175 1676 344 1741 geliis
375 1679 599 1734 dicitur.
636 1682 713 1737 Ex
743 1688 852 1741 otio
876 1705 1008 1745 sane
1034 1692 1214 1747 licebit
1246 1695 1354 1768 (96)
1384 1697 1539 1764 plura
1597 1699 1751 1751 testi-

179 1768 367 1822 monia
400 1785 759 1843 congregare,
788 1779 966 1833 sicubi
996 1783 1048 1836 in
1079 1783 1227 1838 Novo
1263 1784 1609 1843 Testamento
1648 1789 1750 1842 Pa-

176 1866 265 1912 ter
299 1861 515 1947 Domini
551 1869 722 1921 nostri
755 1869 879 1925 .lcsu
901 1872 1105 1930 Christi
1127 1878 1311 1947 justus
1342 1881 1667 1948 appellatur,
1697 1892 1751 1937 et

169 1950 344 2004 etiam
387 1943 652 2025 inVetcri
685 1960 1028 2018 Testamento
1057 1969 1189 2021 caeli
1228 1979 1282 2023 et
1308 1980 1483 2025 terra:
1530 1982 1750 2027 creator

170 2037 359 2096 bonus
391 2045 613 2112 dicitur,
654 2058 711 2103 ut
740 2050 983 2119 pluribus
1006 2056 1333 2115 testimoniis
1368 2062 1602 2116 convicti
1646 2063 1756 2119 ba:-

171 2130 342 2185 retici
386 2135 686 2205 aliquando
715 2142 857 2198 forte
879 2146 1223 2202 erubescant.
1315 2136 1319 2141 ’

784 2253 1013 2313 CAPUT
1065 2257 1152 2312 Vi.

609 2341 685 2397 De
713 2346 1081 2405 incarnatione
1115 2351 1329 2405 Christi.

252 2428 311 2483 I.
336 2429 574 2503 Tempus
606 2446 691 2489 est
738 2437 821 2491 bis
859 2439 1106 2496 decursis
1135 2450 1381 2512 repetere
1425 2449 1522 2499 nos
1562 2448 1626 2501 de
1675 2447 1755 2501 in-

175 2523 500 2578 carnatione
550 2525 761 2581 Domini
808 2538 862 2582 et
919 2528 1216 2586 Salvatoris
1250 2536 1440 2601 nostri,
1480 2532 1752 2610 quomodo

176 2617 273 2668 vel
324 2632 491 2685 quare
535 2621 698 2675 homo
742 2621 904 2677 fuerit
951 2624 1149 2679 factus.
1207 2627 1312 2680 Pro
1360 2630 1567 2703 viribus
1597 2632 1756 2701 igitur

177 2708 396 2761 nostris
442 2712 753 2779 perexiguis
797 2717 1142 2772 considerata
1174 2732 1239 2773 ex
1273 2736 1498 2788 cperum
1530 2741 1753 2778 suorum

175 2798 365 2861 magis
395 2815 553 2869 quam
574 2818 640 2856 ex
674 2805 844 2857 nostri
873 2821 1064 2862 sensus
1081 2813 1554 2882 contemplatione,
1573 2818 1751 2870 divina

182 2902 407 2953 natura,
426 2893 743 2962 intuitisque
772 2896 1122 2954 nihilominus
1139 2906 1404 2959 creaturis
1425 2906 1542 2975 ejus
1569 2908 1755 2960 visibi-

176 2982 353 3046 libus,
387 2984 491 3037 ﬁde
527 3001 742 3057 quoque
791 2987 1153 3047 iuvisihilibus
1199 2998 1593 3066 contemplatis,
1631 3002 1753 3069 quia

182 3089 296 3127 non
324 3076 505 3129 omnia
535 3079 619 3133 vel
669 3081 844 3136 oculis
869 3082 1267 3154 videre'potcst
1309 3089 1544 3145 humana
1588 3093 1754 3165 fragi-

181 3163 335 3244 litas,
368 3166 451 3219 vel
483 3168 697 3223 ratione
725 3171 1029 3239 complecti,
1083 3190 1179 3241 pro
1231 3191 1296 3230 eo
1341 3180 1481 3246 quod
1510 3163 1753 3260 ninnium

1854 678 1963 730 Deo
2013 686 2119 742 est,
2157 678 2486 753 investigare
2513 684 2706 752 potuit,
2752 686 2853 740 nisi
2905 689 3053 744 solus
3098 690 3237 747 Dens
3271 698 3408 763 apud

1849 781 2007 835 quem
2057 778 2172 823 erat
2204 768 2521 844 Verbum?)
2570 788 2666 843 pro
2713 788 2862 834 certo
2910 782 3111 836 habere
3158 784 3410 839 debemus

1850 860 1991 927 quod
2021 861 2121 916 hoc
2155 861 2413 928 Verbum,
2442 865 2558 919 sive
2593 867 2731 922 ratio
2758 869 2986 924 dicenda
3018 884 3119 938 cst,
3150 875 3287 929 hanc
3321 892 3409 928 sa-

1851 952 2135 1019 pientiam,
2188 955 2328 1009 hanc
2363 957 2670 1023 veritatem,
2704 960 2884 1016 nullus
2933 962 3070 1018 alius
3118 968 3223 1019 nisi
3268 968 3413 1023 solus

1851 1044 2151 1115 (99)‘Pater
2186 1048 2353 1112 novit,
2386 1049 2451 1103 de
2482 1065 2589 1118 quo
2619 1054 2883 1122 scriptum
2912 1050 2996 1112 est
3032 1074 3046 1109 :
3082 1077 3100 1110 ε
3136 1058 3210 1119 Ne
3236 1061 3411 1129 ipsum

1850 1138 2069 1206 quidem
2098 1142 2354 1194 mundum
2396 1157 2589 1210 capere
2620 1147 2861 1203 arbitror
2890 1148 3059 1204 libros
3086 1152 3174 1220 qui
3204 1152 3412 1205 scribe-

1855 1239 2043 1283 rentur
2089 1232 2172 1296 '7;
2221 1251 2240 1285 ι
2287 1233 2564 1305 (ὶθηειοιδὶςι
2602 1238 2813 1293 scilicet
2859 1252 2916 1293 et
2965 1243 3248 1311 majestate
3289 1243 3411 1297 Filii

1856 1319 1968 1373 Dei.
2001 1321 2339 1389 impossibile
2371 1340 2603 1393 namque
2632 1336 2713 1380 est
2744 1327 2940 1381 litteris
2980 1332 3323 1386 committere
3353 1350 3413 1387 ea

1851 1428 1968 1479 qua:
1996 1414 2060 1467 ad
2095 1414 2395 1470 Salvatoris
2417 1418 2643 1487 gloriam
2669 1421 2956 1487 pertinent.
2987 1420 3081 1476 His
3108 1423 3268 1492 igitur
3302 1435 3417 1477 tan-

1854 1506 1921 1560 tis
1950 1522 2014 1561 ac
2046 1507 2239 1562 talibus
2268 1508 2342 1579 (l)
2377 1510 2442 1562 de
2485 1520 2676 1565 natura
2706 1511 2825 1566 Filii
2878 1514 2970 1568 Dei
3020 1516 3403 1577 consideratis.

1851 1616 1973 1655 cum
2018 1617 2224 1655 summa
2249 1603 2610 1658 admiratione
2635 1606 3065 1674 obstupescimus
3092 1610 3232 1678 quod
3278 1610 3414 1663 emi-

1851 1707 1981 1745 nens
2011 1695 2249 1747 omnium
2294 1695 2400 1748 ista
2455 1704 2649 1749 natura
2701 1699 3029 1754 exinanicns
3063 1716 3121 1754 se
3162 1705 3227 1755 de
3270 1712 3416 1755 statu

1851 1783 2151 1852 majestatis
2178 1800 2290 1838 suae
2322 1786 2483 1840 homo
2527 1786 2701 1841 factus
2737 1792 2827 1854 sit,
2883 1799 2938 1842 et
2994 1792 3135 1845 inter
3170 1793 3417 1845 homines

1850 1887 2227 1940 conversatus,
2262 1881 2407 1933 sicut
2434 1876 2610 1950 gratia
2644 1882 2800 1936 labiis
2826 1883 2941 1951 ejus
2971 1884 3143 1938 infusa
3164 1894 3416 1947 testatur,

1856 1976 1911 2025 ct
1938 1970 2080 2022 sicut
2119 1954 2485 2024 testimonium
2519 1974 2565 2025 ei
2600 1976 2775 2029 reddit
2809 1974 2968 2029 Pater
2998 1976 3255 2040 emlestis,
3282 1986 3420 2030 etut

1856 2062 2029 2131 signis
2056 2077 2269 2131 quoque
2315 2072 2372 2116 et
2424 2066 2685 2133 prodigiis
2714 2068 2882 2121 variis
2928 2068 3324 2137 virtutibusque
3353 2072 3419 2123 ab

1780 2150 1782 2152 ’
1856 2170 1919 2207 eo
1950 2145 2120 2225 gestis
2164 2157 2542 2211 conﬁrmatur.
2575 2157 2675 2223 Qui
2722 2157 2885 2213 etiam
2921 2172 3049 2214 ante
3080 2164 3419 2229 praesentiam

1856 2261 2009 2299 suam
2048 2247 2188 2301 hanc
2216 2262 2379 2316 quam
2408 2251 2646 2305 ostendit
2686 2252 2738 2304 in
2772 2266 3023 2319 corpore,
3062 2267 3422 2322 praecursores

1856 2352 1985 2391 suos
2014 2348 2070 2391 et
2106 2341 2326 2393 nuntios
2347 2342 2611 2415 adventus
2642 2346 2724 2396 sui
2754 2345 2901 2397 misit
2928 2345 3217 2413 prophetas
3243 2361 3258 2408 ;
3302 2358 3420 2415 post

1855 2430 2224 2484 ascensioaem
2253 2443 2382 2484 vero
2413 2411 2568 2485 suam
2607 2435 2657 2485 in
2694 2434 2882 2498 cmlos,
2918 2445 3139 2511 sanctos
3165 2435 3275 2504 90
3296 2451 3422 2503 apo-

1856 2520 2028 2574 siolos
2060 2520 2366 2577 divinitatis
2391 2538 2501 2576 sua:
2538 2525 2740 2579 virtute
2765 2526 2998 2593 repletos
3039 2527 3285 2580 homines
3338 2526 3421 2580 vel

1856 2626 1921 2667 ex
1956 2614 2261 2682 publicanis
2298 2614 2377 2667 vel
2414 2629 2480 2667 ex
2514 2618 2883 2683 piscatoribus
2932 2619 3216 2687 imperitos
3253 2629 3306 2672 et
3339 2619 3420 2672 in-

1858 2707 2046 2759 doctos
2077 2705 2313 2759 circuire
2340 2704 2472 2760 fecit
2502 2708 2688 2763 orbem
2721 2716 3014 2772 terrarum,
3057 2719 3113 2762 ut
3159 2724 3222 2761 ex
3274 2712 3419 2765 omni

1858 2812 2056 2866 genere
2082 2806 2244 2867 atque
2268 2813 2332 2852 ex
2369 2800 2863 2869 omnibus-populis
2890 2798 3104 2869 piorum
3130 2802 3339 2870 plebem
3367 2803 3417 2856 in

1856 2909 1915 2948 se
1950 2894 2282 2949 credentium
2310 2906 2731 2962 congregarcnt.
2762 2879 2782 2895 ’
3488 2974 3491 2977 Ι

1873 3009 1877 3011 λ
1926 2985 1979 3037 ‘2.
2010 2986 2211 3039 Verum
2238 3001 2303 3037 ex
2331 2985 2585 3039 omnibus
2615 2987 2682 3040 de
2721 3000 2786 3041 co
2823 2987 3106 3041 miraculis
3132 2995 3184 3040 et
3218 2989 3423 3057 magni-

1856 3077 2088 3132 ﬁcentiis
2116 3076 2244 3129 illud
2273 3077 2488 3144 penitus
2522 3076 2940 3130 admirationem
2977 3077 3230 3132 humanae
3266 3096 3417 3133 men-

1861 3171 1927 3225 tis
1954 3169 2186 3231 excedit,
2220 3184 2321 3221 nec
2347 3168 2556 3221 invenit
2590 3166 2839 3220 mortalis
2866 3167 3231 3237 intelligentia:
3265 3170 3422 3239 fragi-

183 3258 595 3312 rationabilium
632 3260 901 3318 inﬁrmius
933 3274 987 3319 ct
1013 3263 1254 3334 fragilius
1280 3268 1482 3321 animal
1512 3255 1623 3326 nos
1656 3274 1747 3328 ho-

1860 3255 1985 3316 litas
2030 3260 2297 3329 qumnodo
2349 3259 2550 3311 sentire
2584 3256 2663 3309 vel
2700 3257 3005 3325 intelligere
3046 3259 3244 3333 pussit,
3278 3263 3419 3327 quod

183 3348 364 3400 mines
390 3364 616 3415 sumus;
648 3357 1024 3419 praestantiora
1057 3361 1198 3411 enim
1236 3371 1362 3413 sunt
1400 3361 1488 3414 illa
1522 3379 1640 3431 quae
1671 3369 1752 3419 vel

185 3440 241 3491 in
273 3443 437 3503 coelo,
463 3443 545 3496 vel
580 3448 950 3514 super'ccelos
982 3450 1283 3518 habentur;
1316 3464 1633 3523 supercstut
1661 3458 1753 3511 lia-

192 3544 317 3582 rum
350 3532 593 3586 omnium
622 3544 1017 3603 creaturarum,
1054 3550 1107 3593 et
1133 3540 1249 3609 Dei,
1287 3545 1563 3609 inediam,
1592 3546 1641 3599 id
1672 3558 1754 3598 est

184 3620 545 3677 mediatorem
573 3640 899 3695 quseramus,
936 3642 1097 3697 qnem
1126 3631 1328 3687 Paulus
1355 3637 1628 3704 apostolus
1645 3641 1767 3708 pri-.

187 3714 528 3783 mogenitum
576 3720 756 3773 omnis
798 3731 1065 3776 creatura:
1106 3728 1442 3805 pronuntiat.
1497 3730 1754 3788 Videntes

186 3821 408 3878 quoque
442 3825 541 3865 nos
568 3826 629 3865 ea
670 3830 789 3883 qua:
824 3815 887 3869 de
915 3814 1033 3883 ejus
1059 3817 1346 3887 majestate
1378 3824 1430 3876 in
1461 3821 1754 3894 Scriptnris

186 3900 393 3953 Sanctis
422 3901 752 3962 referuntur.
790 3917 840 3959 ct
869 3908 1142 3984 intuentes
1177 3912 1317 3978 quod
1357 3932 1375 3964 ι
1412 3915 1588 3984 imago
1619 3919 1756 3973 invi-

189 3982 367 4071 sibilis
403 3993 521 4055 Dei,
552 4004 607 4047 et
650 3998 1048 4067 primogenitae
1097 3981 1275 4057 omnis
1307 4017 1572 4080 creaturae
1604 4012 1719 4065 dira
1741 4044 1754 4054 -

191 4098 299 4153 tur,
325 4095 379 4140 et
402 4088 547 4156 quod
580 4090 633 4142 in
684 4091 800 4159 ipso
823 4106 1009 4151 creata
1054 4106 1175 4152 sunt
1208 4101 1390 4154 omnia
1419 4104 1651 4160 visibilis
1703 4119 1755 4163 et

189 4178 512 4245 invisibilia,
555 4181 688 4237 sive
750 4184 957 4251 throni,
1011 4191 1125 4245 sive
1173 4188 1588 4262 dominationes,
1644 4199 1755 4255 sive

186 4272 553 4339 principatus,
592 4272 709 4326 sive
760 4285 1075 4343 potestates,
1111 4281 1293 4335 omnia
1342 4297 1435 4351 per
1475 4284 1649 4352 ipsum
1703 4298 1756 4342 et

185 4360 241 4415 in
275 4362 394 4429 ipso
427 4366 609 4419 creata
638 4358 797 4428 suni;
828 4378 883 4421 et
911 4368 1026 4438 ipse
1050 4371 1160 4444 (97-)
1185 4382 1267 4427 est
1302 4383 1425 4427 ante
1453 4392 1659 4442 omnes,
1703 4392 1757 4437 et

185 4454 369 4505 omnia
402 4454 477 4507 illi
509 4465 762 4510 constant
792 4457 855 4523 ",
905 4477 923 4510 ι
962 4462 1052 4528 qui
1080 4473 1163 4519 est
1191 4476 1353 4533 caput
1378 4468 1637 4533 omnium,
1665 4487 1754 4526 so-

184 4539 268 4595 ius
285 4542 498 4597 habens
526 4555 687 4613 caput
717 4545 880 4599 Deum
908 4547 1119 4604 Patrem
1144 4570 1158 4618 ;
1192 4556 1452 4625 scriptum
1472 4560 1749 4616 estcnim:

191 4650 211 4683 ι
245 4631 425 4701 Caput
456 4642 634 4687 autem
669 4635 866 4691 Christi
894 4638 1032 4696 Deus
1063 4643 1141 4710 ¹³;
1179 4664 1195 4696 ι
1232 4647 1569 4714 pervidentes
1593 4650 1751 4705 etiam

184 4724 331 4793 quod
366 4725 634 4791 scriptum
666 4738 768 4793 est,
800 4726 1063 4797 quoniam
1089 4735 1201 4807 (98)
1237 4757 1254 4789 ‹
1290 4754 1446 4794 nemo
1477 4742 1622 4795 novit
1654 4741 1755 4796 Pa-

185 4825 324 4868 trem
353 4815 459 4869 nisi
490 4814 680 4881 Filius,
718 4834 891 4888 neque
918 4824 1042 4890 quis
1071 4830 1223 4883 novit
1257 4829 1450 4885 Filium
1500 4833 1599 4887 nisi
1656 4834 1757 4887 Pa-

184 4916 268 4977 ter
291 4909 336 4940 "
364 4925 381 4973 ;
418 4927 435 4959 ι
469 4900 618 4980 (quis
647 4912 791 4964 enim
818 4924 993 4981 potest
1025 4934 1183 4973 nosse
1214 4937 1336 4989 quas
1362 4925 1430 4978 sit
1463 4928 1752 4995 sapientia,

184 5000 290 5055 nisi
330 5002 426 5068 qui
456 5003 646 5072 genuit
674 5018 792 5058 eam
819 5006 841 5058 ?
865 5004 969 5060 Aut
994 5010 1115 5077 quis
1145 5015 1211 5065 ad
1247 5014 1511 5082 liquidum
1539 5034 1659 5088 qum
1686 5020 1755 5075 sit

182 5092 398 5148 veritas
425 5096 578 5169 novit
613 5096 714 5151 nisi
759 5098 1005 5155 veritatis
1033 5103 1219 5171 pater?
1268 5104 1400 5171 Quis
1444 5119 1591 5166 certe
1638 5113 1756 5166 uni-

340 5212 507 5295 ἔφη·
542 5216 781 5295 "IL??-
848 5218 891 5250 “
923 5219 1133 5278 Coloss.
1158 5239 1196 5288 ι.
1238 5225 1320 5287 15,
1358 5225 1444 5290 16,
1500 5228 1587 5283 17.
1667 5233 1708 5263 ¹⁵
1744 5232 1753 5284 l

1855 5230 1956 5285 lor.
2000 5243 2075 5295 xi,
2135 5225 2189 5280 5.

185 5283 233 5315 ³⁸
259 5283 459 5337 Matth.
502 5300 651 5349 xxvi,
683 5287 771 5341 58.

257 5401 377 5469 (95)
413 5400 618 5460 Nostri.
647 5404 805 5459 Deest
828 5408 879 5459 in
909 5416 1064 5461 antea
1100 5407 1277 5471 editis,
1311 5408 1405 5491 sed
1433 5407 1659 5462 habetur
1700 5410 1749 5463 in

184 5487 322 5526 mss.
836 5498 842 5505 ι
1389 5487 1397 5491 ⁷
1456 5502 1461 5505 ·

1858 3356 2122 3408 tantailla
2176 3351 2413 3422 potentia
2451 3350 2646 3403 divina:
2692 3349 3008 3417 majestatis,
3067 3352 3239 3419 ipsum
3291 3351 3419 3404 illud

1857 3445 2090 3501 Verbum
2125 3444 2328 3508 Patris,
2379 3445 2691 3513 atque‘ipsa
2741 3443 3002 3511 sapientia
3058 3436 3170 3506 Dei,
3218 3442 3270 3496 in
3314 3457 3416 3511 qua

1856 3548 2037 3592 creata
2068 3548 2192 3592 sunt
2223 3538 2407 3590 omnia
2439 3537 2671 3591 visibilia
2701 3546 2751 3591 et
2786 3534 3101 3599 invisibilia,
3140 3535 3281 3587 intra
3313 3537 3422 3587 cir-

1855 3628 2331 3695 cumscriptionem
2363 3625 2478 3693 ejus
2501 3627 2735 3680 hominis
2755 3625 2844 3692 qui
2871 3624 3120 3693 apparuit
3140 3625 3191 3678 in
3215 3622 3418 3689 Juda'a,

1857 3719 2030 3773 fuisse
2079 3718 2346 3773 credenda
2381 3718 2490 3782 sit;
2540 3716 2634 3771 sed
2678 3727 2733 3770 et
2777 3719 3021 3786 ingressa
3052 3731 3172 3771 esse
3212 3716 3306 3772 Dei
3334 3732 3422 3770 sa-

1856 3809 2059 3882 pientia
2096 3809 2309 3862 vulvam
2342 3807 2572 3870 feminae,
2609 3816 2665 3859 et
2698 3805 2847 3860 nasci
2879 3805 3161 3873 parvulus,
3194 3815 3249 3859 et
3274 3807 3422 3875 vagi-

1860 3916 1971 3959 tum
2004 3903 2252 3967 emittere
2280 3900 2345 3953 ad
2372 3898 2781 3963 similitudinem
2814 3897 3138 3965 plorantium
3172 3898 3425 3965 parvulo-

1858 4012 1974 4050 rum
2003 4014 2017 4063 ;
2046 4005 2156 4050 tum
2177 3993 2374 4049 deinde
2408 3991 2549 4062 quod
2583 3993 2634 4045 in
2660 4003 2836 4046 morte
2860 3992 3217 4045 conturbatus
3251 3989 3423 4043 refero

1860 4100 1967 4153 tur,
2002 4098 2062 4143 ut
2114 4088 2225 4157 ipse
2257 4085 2425 4140 etiam
2474 4084 2759 4155 proﬁtetur
2785 4085 2969 4137 dicens
3007 4098 3019 4133 :
3058 4101 3076 4134 ι
3112 4081 3308 4135 Tristis
3326 4091 3449 4163 \est-

1857 4183 2033 4236 anima
2068 4195 2186 4234 mea
2218 4193 2391 4247 usque
2423 4178 2492 4231 ad
2520 4187 2748 4231 mortem
2787 4170 2863 4239 ης
2910 4194 2926 4226 ι
2970 4184 3025 4229 et
3074 4174 3137 4227 ad
3177 4172 3419 4226 ultimum

1856 4274 2000 4344 quod
2031 4286 2204 4341 usque
2251 4270 2318 4325 ad
2363 4284 2480 4324 eam
2518 4269 2815 4339 quaeinter
2873 4266 3121 4331 homines
3170 4263 3424 4335 indignis-

1858 4368 1993 4420 sima
2035 4365 2287 4428 habetur,
2323 4351 2689 4416 adductusest
2722 4368 2973 4420 mortem,
3009 4358 3135 4411 licet
3166 4366 3285 4424 post
3311 4364 3415 4409 ter-

1859 4459 1988 4512 tiam
2019 4453 2320 4511 surrexerit
2352 4452 2495 4507 diem
2535 4451 2637 4521 (9).
2667 4451 2802 4505 Cum
2825 4463 2953 4518 ergo
2982 4450 3036 4515 in
3072 4462 3137 4501 eo
3173 4450 3345 4513 quant.
3374 4462 3420 4496 ra

1860 4549 1932 4604 ita
1960 4549 2235 4602 videamus
2267 4546 2499 4597 humana
2548 4553 2603 4596 ut
2653 4541 2790 4597 nihil
2829 4556 2859 4593 a
2900 4538 3170 4593 communi
3220 4546 3423 4591 mor-ta.-

1860 4642 1991 4698 lium
2027 4641 2324 4712 fragilitate
2357 4638 2566 4692 distare
2600 4631 2908 4713 videantur,
2957 4631 3202 4702 quedam
3237 4631 3307 4685 ita
3345 4631 3425 4684 di-

1865 4739 2012 4800 vina,
2042 4744 2101 4789 ut
2133 4732 2258 4789 nulli
2287 4732 2377 4785 alii
2416 4730 2518 4784 nisi
2551 4729 2622 4782 illi
2653 4730 2839 4797 prinne
2870 4737 2924 4780 et
2974 4722 3233 4780 ineﬂ‘abili
3269 4733 3426 4775 uatu-

1867 4848 1937 4885 rre
1991 4828 2314 4885 conveniant
2366 4822 2607 4884 deitatis,
2656 4822 2823 4875 lueret
2862 4817 3081 4872 humani
3119 4815 3427 4869 intellectus

1866 4919 2133 4992 angustia,
2180 4927 2234 4973 et.
2278 4925 2438 4971 tanta:
2472 4910 2848 4967 admirationis
2900 4921 3118 4977 stupore
3171 4920 3424 4975 percussa

1864 5031 1970 5086 quo
2014 5015 2265 5074 declinet,
2316 5006 2443 5076 quid
2474 5014 2678 5068 teneat,
2704 5004 2817 5073 'quo
2844 5017 2902 5056 se
2929 5009 3242 5101 convertat,
3266 5000 3427 5101 igno-

1867 5121 1949 5164 rat
1984 5108 2081 5176 (5).
2114 5104 2169 5159 Si
2202 5104 2368 5157 Deum
2396 5101 2619 5165 sentiat,
2654 5097 2935 5153 mortalem
2966 5096 3146 5157 videt;
3186 5092 3229 5148 si
3266 5093 3429 5146 humi-

2265 5223 2309 5253 ”
2369 5218 2558 5273 Matth.
2611 5233 2686 5282 χι,
2717 5216 2809 5269 27.
2888 5215 2929 5245 ¹⁷
2974 5212 3131 5268 Joan.
3178 5228 3291 5275 xxv,
3334 5209 3423 5263 23.

1933 5410 2043 5483 (es)
2074 5409 2169 5483 S_ic_
2198 5424 2332 5483 mss.
2370 5410 2523 5483 bibl).
2558 5380 3082 5483 edit_i,‘i?quomodo.
3120 5420 3141 5453 ι

1931 5471 2041 5562 (99)
2078 5478 2257 5534 Solus.
2282 5479 2630 5535 Desideratur
2662 5471 2715 5532 in
2745 5471 2899 5531 antea
2926 5472 3108 5539 editis,
3137 5472 3229 5567 sed
3256 5471 3422 5525 habe-

260 5540 378 5609 (96)
427 5540 504 5595 Ita
543 5557 732 5598 omnes
789 5546 943 5602 codd.
997 5563 1151 5615 mss.,
1203 5550 1331 5605 editi
1378 5562 1528 5617 vero,
1567 5566 1586 5598 ι
1636 5548 1789 5611 liceo,
1860 5560 1944 5604 tur
1969 5540 2177 5603 in'mss.

186 5617 304 5667 hat.
352 5629 371 5662 ο

259 5682 380 5750 (97)
438 5681 532 5737 Sic
567 5684 893 5758 mss.,],ibb.
925 5688 1099 5758 pediti,
1151 5707 1171 5739 ί
1226 5691 1405 5744 omnia
1441 5705 1535 5758 per
1587 5689 1757 5757 ipsum

187 5756 336 5828 facta
370 5762 501 5809 sunt
524 5761 579 5806 et
615 5754 820 5828 in_ipso
838 5761 896 5828 'ct
921 5757 1060 5826 ipso,
1098 5779 1115 5810 ι
1148 5768 1253 5814 etc.
1308 5754 1471 5815 Paulo
1508 5754 1629 5828 post
1664 5760 1753 5813 lib.

182 5824 344 5898 gitti,
374 5843 396 5874 ι
456 5822 764 5898 cum_solus
808 5822 1028 5898 habeat_
1046 5838 1208 5898 caput
1252 5829 1418 5883 Deum
1449 5822 1683 5887 Patrem.
1736 5849 1753 5881 ο

180 5895 314 5951 Μιε-
345 5913 367 5947 σ
397 5892 546 5949 solus
576 5893 789 5948 habens
810 5903 968 5962 caput
1000 5892 1165 5953 Deuin
1193 5898 1422 5955 Patrem.
1461 5920 1478 5952 ι

1929 5619 2004 5695 (1-)
2037 5618 2147 5695 His
2181 5618 2344 5695 igitur
2378 5621 2540 5673 (mitis
2567 5636 2626 5671 ac
2653 5612 3045 5695 _talibus.i_‘Sicl
3085 5623 3217 5667 mss.
3269 5608 3422 5665 Libb.
3450 5669 3455 5672 ,

1857 5684 2009 5763 editi,
2039 5707 2064 5763 ε
2097 5684 2697 5763 hisigiturtransactis
2730 5700 2794 5763 ac
2825 5684 3041 5763 talibus:
3079 5702 3097 5737 ι
3163 5762 3167 5763 ί
3245 5751 3275 5763 μ’

1864 5814 1867 5815 ν
1932 5749 2011 5827 (2)
2045 5759 2121 5813 Ita
2178 5749 2305 5814 mss.
2349 5761 2515 5827 Alias,
2550 5777 2567 5809 ι
2611 5758 2980 5811 habebatur...
3009 5755 3132 5809 licet
3157 5751 3311 5806 tertia
3340 5749 3424 5803 die

1859 5830 2235 5901 resurrexerit;
2276 5850 2294 5883 ι
2566 5900 2569 5901 ν
2835 5897 2844 5901 _
3077 5896 3088 5901 _
3172 5892 3201 5901 _
3365 5889 3377 5901 .

1929 5900 2006 5970 (ὅ)
2034 5898 2127 5957 Sic
2148 5910 2296 5957 recte
2330 5910 2458 5956 mss.
2495 5900 2663 5966 Alias,
2711 5915 2729 5950 ι
2766 5897 2939 5968 primo
2981 5903 3033 5949 et
3077 5888 3333 5957 ineilabili
3365 5889 3417 5944 in
