4136 6310
798 337 896 395 2!!

2013 326 2328 386 ORIGENIS
2362 326 2515 384 ΠΕΡΙ
2549 321 2774 376 APan

3879 302 3989 360 2ιῖ

801 470 922 510 nem
953 463 1123 524 putet,
1158 453 1368 510 devicto
1401 453 1587 508 mortis
1615 451 1844 523 imperio
1867 465 1989 506 cum
2027 449 2212 520 spoliis
2255 444 2342 504 re-'
2369 454 2425 506 Α·
2442 451 2606 498 serat.
2641 439 2790 495 Unde
2812 447 2864 493 et
2897 435 3089 494 merito
3117 447 3212 502 pro
3240 443 3303 484 eo
3335 427 3417 520 vel
3452 428 3592 524 quod
3628 433 3734 524 tota
3752 433 3900 524 esset
3929 422 3984 476 in

799 547 1050 599 deuntem
1068 560 1105 599 ‘a
1131 545 1356 600 mortuis
1395 545 1592 602 cernit.
1621 544 1846 610 Propter
1877 542 2016 610 quod
2043 556 2164 596 cum
2192 540 2337 596 omni

798 645 946 689 metu
973 645 1028 690 et
1059 637 1362 692 reverentia
1393 633 1859 704 contemplandum
1897 642 2000 696 est,
2037 641 2096 686 ut
2125 633 2177 684 in
2231 645 2337 684 uno

793 727 1088 795 eodemque
1123 727 1194 780 ita
1230 726 1506 794 utriusque
1532 735 1733 778 natura:
1761 723 1957 778 veritas
1999 722 2339 776 demonstre-

797 823 905 879 tur,
940 823 997 868 ut
1027 830 1202 883 neque
1229 814 1427 881 aliquid
1466 814 1738 882 indignum
1771 806 1825 868 et
1859 814 2112 892 indecens
2163 811 2216 866 in
2257 810 2339 864 di-

796 905 919 975 vina
949 905 1038 958 illa
1092 914 1146 958 et
1195 902 1450 957 ineﬂabili
1503 903 1802 958 substantia
1856 901 2136 964 sentiatur,
2168 915 2337 968 neque

795 1009 1014 1048 rursum
1064 1009 1180 1062 qua:
1216 1005 1364 1061 gesta
1397 1005 1545 1061 sunt,
1594 994 1743 1048 falsis
1794 993 1952 1048 illusa
2007 994 2336 1062 imaginibus

793 1085 1189 1139 existimentur.
1223 1085 1350 1151 Quze
1377 1086 1590 1153 quidem
1634 1084 1686 1138 in
1717 1099 1876 1138 aures
1919 1085 2182 1139 humanas
2211 1096 2337 1152 pro-

793 1174 958 1239 ferre,
983 1184 1039 1230 et
1070 1176 1409 1230 sermonibus
1431 1174 1724 1242 explicare,
1752 1173 1904 1242 longe
1929 1175 2069 1228 vires
2093 1174 2178 1227 vel
2223 1188 2337 1227 me-

793 1265 881 1318 riti
907 1265 1097 1327 nostri,
1123 1265 1202 1317 vel
1221 1262 1420 1332 ingenii
1445 1279 1506 1317 ac
1519 1263 1782 1318 sermonis
1812 1265 2044 1318 excedit.
2087 1263 2336 1318 Arbitror

793 1363 970 1406 autem
999 1355 1123 1422 quia
1169 1354 1330 1407 etiam
1363 1362 1669 1406 sanctorum
1722 1354 2093 1423 apostolorum
2142 1367 2334 1422 super-

791 1442 1069 1510 grcdiatur
1112 1458 1455 1507 mensuram;
1491 1445 1732 1512 quinimo
1779 1445 1940 1498 etiam
1971 1445 2216 1502 fortassis
2251 1457 2332 1501 to-

793 1536 903 1587 tius
954 1543 1216 1588 creatura:
1257 1535 1558 1590 ccelcstium
1593 1536 1852 1589 virtutum
1900 1535 2218 1590 eminentior
2249 1547 2334 1591 est

789 1625 1111 1676 sacramenti
1146 1624 1298 1677 istius
1326 1625 1648 1692 explanatio.
1665 1623 1739 1677 De
1767 1640 1872 1692 quo
1905 1635 1998 1679 nos
2029 1641 2134 1678 non
2168 1637 2330 1681 teme-
2374 1644 2381 1648 ’

789 1714 947 1766 ritate
1001 1714 1199 1780 aliqua,
1247 1714 1336 1766 sed
1367 1715 1620 1782 quoniam
1670 1714 1746 1781 (4)
1780 1715 1911 1768 Ordo
1940 1715 2042 1769 loci
2068 1717 2328 1784 deposcit,
2358 1699 2366 1708 ’
2433 1704 2692 1772 scriptum
2738 1699 2994 1768 εειιψιίέι
3033 1714 3050 1747 ⁸
3083 1705 3239 1750 θΓυιιῑ
3271 1699 3426 1746 ambo
3478 1699 3528 1744 ιιι
3560 1701 3719 1741 came
3753 1699 3882 1748 una.
3926 1699 3976 1737 θι

789 1814 854 1859 ea
891 1804 1059 1860 magis
1084 1818 1202 1860 qua:
1243 1804 1375 1856 fides
1407 1814 1592 1857 nostra
1617 1805 1874 1860 continet.
1907 1819 2063 1860 quam
2084 1820 2201 1860 quae
2231 1807 2330 1858 hu-
2363 1772 2403 1824 Β
2429 1793 2538 1860 iam
2563 1806 2664 1845 n0ll
2697 1798 2821 1843 ευηι
2847 1786 3079 1844 δυοκδθά
3102 1799 3224 1838 (ξατο
3243 1782 3355 1834 ῖιηῖι
3376 1777 3651 1846 ¹¹οιδί³8ίδ
3670 1774 3811 1828 enim
3841 1773 3976 1827 Ve"

785 1814 854 1859 ea
891 1804 1059 1871 magis
1084 1818 1202 1869 qua:
1243 1804 1375 1856 fides
1407 1814 1592 1857 nostra
1617 1805 1874 1869 continet,
1907 1819 2063 1871 quam
2084 1820 2201 1874 qua:
2231 1807 2330 1858 hu-

787 1905 958 1944 mante
989 1891 1211 1944 rati0nis
1241 1893 1465 1946 assertio
1489 1893 1757 1948 vindicare
1815 1894 1968 1957 solet,
2004 1910 2161 1961 quam
2199 1910 2329 1962 pau-

789 1978 1028 2033 CiSsimiS
1087 1979 1451 2047 proferemus,
1504 1983 1832 2047 suspiciones
1882 1983 2059 2050 potius
2118 1992 2327 2037 nostras

785 2082 946 2137 quam
1009 2067 1314 2124 manifestas
1358 2070 1562 2139 aliquas
1596 2069 1969 2126 aﬂirmationcs
2007 2071 2060 2125 in
2092 2073 2326 2126 medium

784 2157 1146 2226 proferentes.
1864 2154 1869 2160 ’

856 2247 911 2301 3.
943 2249 1107 2317 igitur
1140 2249 1452 2319 Unigcnitus
1479 2251 1572 2306 Dei
1624 2251 1722 2320 per
1749 2267 1906 2321 quem
1945 2252 2125 2307 omnia
2181 2251 2322 2304 facta

783 2347 902 2389 esse
927 2339 1156 2391 visibilia
1187 2348 1240 2392 et
1271 2339 1553 2392 invisibilia
1585 2341 1634 2394 in
1658 2340 2020 2407 superioribus
2044 2341 2119 2408 (5)
2143 2353 2324 2393 sermo

783 2425 1164 2494 disputationis
1182 2428 1418 2492 edocuit,
1449 2429 1742 2482 secundum
1788 2427 2084 2494 Scripturze
2109 2435 2325 2480 senten-

739 2507 748 2514 ’
784 2515 914 2569 tiam
945 2528 998 2570 et
1027 2517 1153 2570 fecit
1177 2518 1375 2581 omnia,
1399 2527 1450 2570 et
1479 2526 1598 2584 quae
1623 2517 1770 2580 fecit,
1810 2517 2002 2582 diligit.
2033 2517 2166 2570 Nam
2201 2531 2321 2570 cum

785 2606 1071 2660 invisibilis
1103 2606 1192 2658 Dei
1220 2606 1333 2672 ipse
1357 2607 1427 2658 sit
1476 2607 1650 2675 imago
1697 2606 1995 2684 invisibilis,
2031 2609 2318 2676 participa-

787 2696 982 2748 tionem
1015 2695 1095 2748 sui
1121 2695 1382 2747 universis
1407 2694 1757 2749 rationalibus
1796 2691 2057 2752 creaturis
2087 2698 2325 2751 invisibi-

784 2785 910 2840 liter
935 2788 1180 2854 praebuit,
1207 2789 1277 2840 ita
1319 2796 1375 2839 υι
1407 2797 1607 2840 tantum
1637 2802 1700 2841 ex
1730 2801 1794 2844 eo
1819 2791 2184 2860 unusquisque
2203 2807 2321 2859 par-

788 2879 952 2944 ticipii
982 2888 1234 2943 sumeret,
1271 2887 1471 2941 quanto
1514 2893 1642 2949 erga
1667 2894 1788 2934 cum
1813 2881 2116 2934 dilectionis
2153 2883 2319 2936 inhae-

781 2971 940 3024 sisset
971 2969 1184 3024 allectu.
1216 2971 1414 3025 Verum
1441 2987 1560 3026 cum
1590 2987 1688 3041 pro
1719 2972 1872 3028 liberi
1902 2975 2111 3028 arbitrii
2148 2974 2318 3028 facul-

787 3069 901 3114 tate
949 3060 1025 3129 (6)
1074 3061 1305 3116 varietas
1344 3079 1780 3132 unumquemque
1811 3080 1874 3119 ac
1906 3064 2193 3117 diversitas
2223 3065 2306 3116 ha.
2345 3101 2389 3156 ο

734 3175 740 3180 ·
779 3151 990 3206 buisset
1021 3153 1342 3218 animorum,
1397 3163 1456 3206 ut
1510 3156 1648 3207 alius
1698 3153 2029 3217 ardentiore,
2069 3154 2205 3208 alius
2241 3150 2318 3208 te-

781 3243 972 3296 nuiore
1025 3251 1080 3296 et
1130 3243 1352 3297 exiliore
1394 3259 1536 3312 erga
1595 3253 1869 3298 auctorem
1915 3231 2081 3298 suum
2135 3260 2319 3308 amore

782 3340 1079 3408 teneretur,
1123 3332 1212 3386 illa
1247 3333 1424 3408 anima
1454 3333 1519 3386 de
1544 3348 1647 3402 qua
1667 3333 1803 3387 dixit
1824 3331 1999 3399 Jesus,
2019 3333 2140 3402 quia
2180 3333 2314 3387 «Ne-

783 3405 872 3472 mo
922 3419 1132 3475 auferet
1177 3437 1204 3473 a
1233 3436 1316 3475 me
1339 3406 1568 3475 animam
1595 3437 1765 3477 meam
1795 3423 1980 3489 “pub
2003 3424 2316 3478 initiocrea-

779 3517 915 3565 tura
940 3523 993 3564 et
1023 3512 1273 3580 deinceps
1327 3513 1756 3583 inseparabiliter
1793 3515 1840 3568 ei
1879 3523 2040 3583 atque
2091 3515 2312 3568 indisso-

773 3599 1041 3654 ciabiliter
1071 3601 1333 3655 inhaerens
1366 3601 1465 3672 (7),
1504 3613 1687 3668 utpote
1736 3605 2013 3671 sapientia:
2046 3613 2103 3657 et
2133 3599 2310 3657 Verbo

771 3689 867 3744 Dei
900 3701 952 3746 et
980 3694 1189 3748 veritati
1219 3708 1280 3750 ac
1310 3695 1410 3748 luci
1426 3709 1593 3768 verte,
1621 3704 1675 3749 et
1696 3704 1802 3748 tota
1829 3705 1996 3748 totum
2031 3695 2310 3761 recipiens,

776 3792 936 3850 atque
964 3785 1016 3836 in
1060 3786 1176 3854 ejus
1230 3787 1403 3840 lucem
1443 3785 1891 3853 Splendoremque
1939 3784 2050 3851 ipsa
2093 3787 2308 3854 cedens,

769 3865 908 3921 facta
946 3881 1026 3924 est
1047 3887 1166 3924 cum
1192 3873 1307 3941 ipso
1337 3873 1707 3939 principaliter
1739 3887 1875 3924 unus
1903 3873 2144 3939 spiritus,
2165 3853 2312 3926 'sicut

769 3967 825 4012 et
856 3960 1138 4027 Apostolus
1166 3961 1246 4014 his
1279 3962 1367 4028 qui
1398 3976 1515 4014 eam
1550 3961 1746 4014 imitari
1770 3961 2048 4026 deberent,
2081 3965 2306 4031 proruit-

773 4049 856 4111 tit,
879 4050 1008 4115 quia
1053 4069 1072 4100 ‹
1131 4052 1221 4118 qui
1273 4067 1331 4106 se
1367 4052 1544 4119 jungit
1595 4051 1842 4116 Domino,
1893 4067 2031 4106 unus
2091 4054 2309 4121 spiritus

768 4149 853 4192 est
884 4141 950 4192 ”.
981 4158 1000 4191 ι
1032 4141 1140 4195 liae
1187 4156 1312 4209 ergo
1360 4143 1661 4196 substantia
1707 4144 1898 4196 anima:
1944 4143 2086 4196 inter
2142 4143 2305 4197 Deum

767 4243 1094 4298 carnemque
1126 4232 1392 4284 mediante
1421 4233 1563 4300 (non
1613 4234 1755 4286 enim
1793 4233 2042 4301 possibile
2071 4243 2185 4286 erat
2216 4233 2306 4287 Dei

768 4329 1014 4372 naturam
1041 4323 1248 4388 corpori
1286 4322 1401 4374 sine
1428 4323 1716 4376 mediatore
1749 4323 1960 4376 misceri
1985 4322 2004 4392 )
2035 4322 2303 4388 nascitur,

736 4503 1086 4567 _exsistente,
1135 4506 1217 4557 cui
1269 4505 1450 4572 utique
1495 4514 1678 4559 contra
1733 4516 1979 4558 naturam
2020 4520 2142 4566 non
2188 4517 2305 4561 erat

763 4611 961 4665 corpus
988 4611 1280 4651 assumere.
1315 4597 1419 4652 Sed
1452 4613 1624 4668 neque
1657 4604 1845 4652 rursus
1875 4597 2049 4651 anima
2076 4599 2185 4663 illa,
2218 4609 2303 4653 ut-

761 4696 888 4756 pote
913 4689 1207 4743 substantia
1241 4689 1588 4754 rationabilis,
1617 4699 1800 4743 contra
1834 4697 2076 4754 naturam
2116 4690 2302 4744 habuit

762 4791 955 4844 capere
981 4779 1170 4843 Deum,
1201 4780 1254 4832 in
1281 4795 1462 4849 quem,
1510 4789 1566 4832 ut
1610 4780 1853 4848 superius
1877 4779 2128 4846 diximus,
2159 4781 2300 4835 velut

763 4865 818 4918 in
854 4867 1082 4950 Verbum
1103 4865 1158 4922 et
1188 4872 1499 4939 sapientiam
1522 4880 1575 4925 et
1606 4870 1886 4950 veritatem
1915 4879 2021 4923 tota
2050 4871 2159 4937 jam
2187 4887 2301 4926 ces-

2438 534 2576 589 Filio
2609 532 2722 596 Dei,
2749 528 2834 584 vel
2863 536 3029 582 totum
3059 526 3188 577 inse
3218 516 3432 591 caperet
3458 518 3646 585 Filium
3674 516 3788 579 Dei,
3819 514 3984 568 etiam

2438 629 2550 693 ipsa
2578 636 2698 675 cum
2721 634 2784 674 ea
2816 631 2978 686 quam
3008 620 3374 682 assumpserat
3399 623 3580 674 carne,
3603 606 3708 661 Dei
3737 606 3904 661 Filius
3930 615 3988 658 et

2438 715 2534 769 Dei
2567 714 2758 774 virtus,
2785 709 3032 764 Christus
3064 714 3116 758 et
3147 704 3238 757 Dei
3266 701 3528 770 sapientia
3560 696 3900 767 appellatur;
3929 703 3986 748 et

2437 818 2652 860 rursum
2678 801 2772 854 Dei
2805 797 2970 852 Filius
3004 810 3097 864 per
3129 808 3287 864 quem
3312 792 3489 846 omnia
3515 795 3696 843 creata
3718 794 3860 849 sunt,
3889 781 3983 838 Je-

2440 911 2533 950 sus
2560 895 2816 962 Christus
2841 899 2894 944 et
2939 886 3104 941 Filius
3131 884 3362 938 hominis
3392 881 3717 936 nominatur.
3769 875 3898 929 Nam
3929 884 3987 928 et

2437 986 2603 1041 Filius
2629 984 2719 1038 Dei
2748 989 2992 1036 mortuus
3018 990 3134 1032 esse
3159 973 3379 1038 dicitur,
3423 985 3518 1041 pro
3543 984 3618 1024 .ea
3661 968 3867 1022 scilicet
3889 981 3985 1019 na-

2439 1091 2558 1134 tura
2592 1092 2711 1148 quae
2737 1083 2963 1147 mortem
3002 1071 3190 1138 utique
3223 1069 3461 1131 recipere
3494 1069 3742 1132 poterat;
3799 1067 3851 1112 et
3886 1057 3984 1112 Fi-

2438 1169 2541 1223 lius
2573 1167 2804 1222 hominis
2849 1162 3166 1232 appellatur,
3195 1158 3283 1227 qui
3317 1165 3574 1210 venturus
3601 1154 3653 1206 in
3683 1151 3779 1206 Dei
3806 1149 3985 1204 Patris

2435 1259 2599 1329 gloria
2644 1258 2766 1329 cum
2811 1252 3014 1308 sanctis
3060 1248 3260 1317 angelis
3315 1244 3657 1313 praedicatur.
3681 1240 3747 1293 Et
3782 1240 3883 1292 hac
3915 1235 3985 1290 de

2433 1363 2593 1405 causa
2624 1330 2735 1414 'per
2759 1358 2969 1398 omnem
3008 1340 3342 1406 Scripturam
3405 1344 3510 1386 tam
3564 1330 3740 1385 divina
3789 1338 3984 1382 natura

2434 1436 2687 1493 humanis
2713 1432 2985 1489 vocabulis
3011 1429 3327 1499 appellatur,
3353 1439 3513 1495 quam
3531 1423 3762 1476 humana
3789 1427 3982 1472 natura

2434 1528 2629 1581 divinae
2653 1504 3068 1593 nuncupationis
3103 1516 3405 1587 insignibus
3445 1501 3755 1568 decoratur.
3805 1509 3983 1577 Magis

2433 1615 2573 1672 enim
2619 1615 2683 1668 de
2726 1615 2824 1667 hoc
2853 1625 3013 1680 quam
3057 1609 3121 1661 de
3169 1606 3277 1660 ullo
3329 1605 3434 1658 alio
3463 1603 3571 1657 dici
3610 1609 3804 1670 potest,
3823 1597 3982 1667 quod

2433 1704 2692 1772 scriptum
2738 1711 2851 1764 est,
2873 1698 2994 1768 quia
3033 1714 3050 1747 ι
3083 1705 3239 1750 erunt
3271 1693 3426 1746 ambo
3477 1692 3528 1744 in
3560 1701 3719 1741 carne
3753 1699 3882 1748 una,

2432 1883 2557 1936 bum
2607 1881 2694 1934 Dei
2723 1894 2845 1933 cum
2878 1877 3059 1930 anima
3101 1874 3152 1928 in
3185 1886 3345 1949 carne
3377 1883 3478 1948 una
3522 1882 3662 1932 esse,
3699 1879 3856 1935 quam
3893 1864 3982 1917 vir

2433 1986 2555 2025 cum
2593 1963 2778 2032 uxore,
2815 1956 3104 2037 putandum
3144 1970 3244 2017 est.
3301 1959 3406 2012 Sed
3455 1968 3510 2012 et
3567 1969 3704 2008 unus
3755 1952 3982 2025 spiritus

2431 2077 2552 2116 esse
2575 2077 2693 2115 cum
2731 2060 2858 2124 Deo,
2889 2059 2972 2112 cui
3005 2054 3174 2122 magis
3202 2050 3476 2114 convenit,
3501 2061 3661 2114 quam
3699 2045 3822 2097 huic
3855 2044 3978 2094 ani-

2432 2171 2531 2208 mae
2566 2169 2682 2220 quae
2711 2168 2767 2205 se
2797 2152 2867 2202 ita
2907 2149 3012 2200 Deo
3046 2159 3141 2213 per
3171 2142 3506 2196 dilectionem
3537 2137 3733 2206 junxit,
3770 2145 3825 2188 ut
3852 2148 3977 2187 cum

2429 2261 2493 2298 eo
2519 2259 2659 2296 unus
2683 2241 2905 2307 spiritus
2931 2237 3121 2290 merito
3150 2232 3404 2287 dicatur?

2357 2334 2377 2343 “
2431 2334 2548 2405 [Διά
2571 2305 2844 2384 τοῦτοκαὶ
2889 2328 3166 2399 ἄνθρωπος
3235 2325 3288 2378 4.
3321 2319 3469 2387 Quod
3505 2325 3678 2371 autem
3702 2305 3974 2370 dilectio-

2386 2433 2387 2437 ‘
2429 2424 2613 2492 γέγονε
2630 2418 2952 2491 Χριστὸς,ὲξ
2979 2418 3168 2488 ἀνδρα·
3237 2416 3319 2468 nis
3371 2410 3649 2480 perfectio,
3689 2419 3744 2463 et
3793 2407 3974 2460 meriti

2427 2514 2735 2584 γαθήματος
2759 2512 2944 2564 τούτου
2969 2508 3162 2578 τυχὼν,
3235 2504 3456 2558 affectus
3471 2501 3751 2558 sinceritas
3765 2500 3814 2552 ei
3834 2500 3977 2552 hanc

2427 2607 2499 2668 ὡς
2526 2607 2787 2676 μαρτυρεῖ
2815 2604 2842 2654 ὁ
2877 2600 3164 2671 Προφήτης
3235 2593 3647 2664 inseparabilem
3695 2600 3816 2644 cum
3862 2586 3974 2640 Deo

2425 2697 2595 2765 λέγων
2628 2713 2640 2726 ο
2694 2695 3049 2760 «Ἠγάπησας
3083 2687 3162 2740 δι-
3232 2685 3418 2740 fecerit
3446 2683 3727 2744 unitatem,
3779 2679 3850 2731 ita
3910 2686 3972 2729 ut

2425 2786 2739 2853 καιοσύνην,
2775 2783 2866 2835 καὶ
2897 2780 3158 2850 ἐμίσησας
3231 2789 3339 2828 non
3393 2772 3612 2826 fortuita
3649 2769 3826 2831 fuerit,
3873 2774 3971 2820 aut

2422 2878 2668 2946 ἀνομίανο
2693 2873 2780 2927 διὰ
2801 2873 2954 2925 τοῦτο
2979 2869 3157 2941 ἔχρισε
3225 2863 3329 2933 91
3357 2876 3478 2915 cum
3526 2873 3764 2929 persona
3811 2871 3973 2912 acce-

2399 2969 2403 2971 ’
2425 2987 2483 3023 σε
2498 2973 2525 3023 ὁ
2540 2969 2720 3031 Gaium)
2737 2967 2865 3029 Θεός
2881 2983 2970 3018 σου
2985 2951 3157 3016 ἔλάιον
3199 2975 3204 2981 ·
3230 2955 3411 3021 ptione
3463 2952 3652 3004 anima:
3707 2946 3822 3014 ejus
3880 2961 3972 3000 as-

3229 3042 3460 3111 sumptio
3479 3083 3495 3108 ,
3554 3041 3647 3094 sed
3704 3038 3969 3092 virtutum

3228 3149 3442 3189 suarum
3467 3129 3516 3188 ei
3547 3129 3738 3186 merito
3761 3130 3965 3195 delata,

3226 3228 3349 3280 audi
3401 3227 3466 3279 ad
3514 3237 3634 3277 eam
3667 3220 3775 3290 (l0)
3830 3221 3968 3275 Pro-

3225 3313 3437 3386 phetsm
3470 3314 3773 3368 dicentem:
3814 3330 3834 3363 ι
3877 3312 3963 3366 Di-

3224 3411 3397 3465 lc'xisti
3419 3407 3772 3478 justitiam,et
3795 3407 3965 3460 odisti

3223 3504 3596 3572 iniquitatem;
3671 3511 3958 3569 prapterea

3222 3575 3375 3646 unxit
3407 3600 3455 3644 te
3492 3590 3650 3649 Deus,
3676 3591 3812 3642 Deus
3838 3598 3965 3643 tuus

3219 3687 3337 3740 oleo
3362 3685 3557 3738 laetitiae
3596 3699 3704 3752 pra:
3731 3685 3962 3752 partici-

3219 3777 3373 3845 pibus
3411 3778 3514 3830 tuis
3540 3778 3606 3829 ⁸³.
3642 3795 3660 3828 ι
3702 3775 3963 3829 Dilectio-

3220 3873 3300 3924 nis
3331 3886 3458 3940 ergo
3502 3872 3694 3940 merito
3735 3870 3961 3938 ungitur

3219 3962 3336 4015 oleo
3373 3963 3590 4027 laetitias,
3623 3963 3674 4014 id
3719 3971 3803 4015 est
3835 3961 3956 4013 ani-

3217 4067 3302 4104 ma
3352 4052 3550 4106 Christi
3611 4049 3957 4105 συππλ-νει·ὺο

3218 4146 3307 4200 Dei
3359 4144 3604 4200 Christus
3645 4146 3755 4216 (ll)
3791 4143 3957 4200 elﬁci-

3216 4248 3376 4290 CllUl’.
3470 4260 3478 4268 '

2421 3060 2784 3130 ἀγαλλιάσεως
2845 3056 2994 3127 παρὰ
3035 3055 3157 3116 τοὺς

2425 3153 2674 3221 μετόχους
2701 3167 2810 3202 σου.
2847 3167 2865 3199 ›
2917 3147 3158 3215 Ἐπρεπε

2420 3243 2476 3296 δὲ
2511 3243 2598 3295 τὸν
2626 3241 2887 3313 μηδέποτε
2927 3253 3153 3306 κεχωρι-

2422 3334 2610 3403 σμένον
2675 3331 2769 3383 τοῢ
2846 3328 3156 3398 μονογενοῦς

2421 3440 2623 3492 συγχρη
2632 3421 2849 3492 partem.
2885 3417 2960 3487 τῷ
3001 3433 3154 3486 μονο-

2603 3483 2696 3563 iuit
2739 3483 3151 3578 συνδοξᾷσὸῆναι

2417 3599 2694 3671 αὐτῷ(9)’]
2724 3599 2788 3653 ld'
2803 3612 2920 3657 est:

2392 3690 2623 3746 'Idcirco
2672 3701 2719 3744 et
2771 3694 2919 3745 homo
2976 3692 3150 3760 factus

2416 3793 2492 3838 est
2539 3783 2773 3837 Christus
2827 3800 2919 3837 suo
2967 3785 3146 3835 merito

2415 3878 2509 3929 hoc
2531 3879 2764 3940 sortitus,
2801 3885 2856 3929 ut
2891 3873 3148 3941 Propheta

2407 3979 2629 4021 testatur
2653 3970 2824 4022 dicens
2847 3982 2866 4019 :
2895 3987 2912 4017 ι
2947 3965 3148 4017 Dilexi-

2415 4062 2480 4115 sti
2505 4061 2786 4128 justitiam,
2805 4072 2850 4113 et
2869 4058 3023 4111 odisti
3051 4057 3147 4108 ini-

2390 4151 2676 4220 quitatem,
2706 4159 2970 4218 propterea
2999 4147 3145 4199 unxit

2413 4251 2460 4295 te
2492 4241 2650 4305 Deus,
2681 4241 2817 4294 Deus
2872 4250 2990 4291 tuus
3036 4236 3145 4290 oleo

2412 4331 2608 4386 lwtitiae
2655 4346 2763 4400 pra:
2800 4327 3133 4395 participibus
3165 4327 3285 4378 tuis.
3325 4343 3343 4377 ι
3377 4325 3592 4379 Decebat
3612 4327 3744 4378 enim
3793 4326 3948 4378 illum

768 4420 828 4466 ut
851 4412 1108 4477 diximus,
1158 4413 1300 4467 Deus
1349 4414 1510 4469 homo
1569 4414 1669 4482 illa.
1697 4414 2000 4469 substantia
2032 4417 2204 4468 media
2230 4417 2304 4486 (8)
2340 4435 2383 4488 ι)
2412 4423 2499 4488 qui
2530 4435 2789 4487 nunquam
2818 4418 2879 4470 ab
2909 4416 3179 4485 Uuigenito
3209 4429 3480 4483 separatus
3530 4427 3625 4478 est,
3675 4433 3779 4468 una
3827 4433 3949 4470 cum

2414 4509 2686 4579 Uuigenito
2702 4507 2907 4580 (Deum)
2941 4507 3214 4575 appellari,
3245 4522 3288 4561 et
3321 4506 3746 4576 congloriﬁcari.]
3813 4559 3816 4564 .

2479 4601 2612 4671 Ungi
2645 4615 2874 4668 namque
2906 4600 3021 4653 oleo
3048 4599 3258 4663 iretiliae,
3285 4611 3408 4652 “non
3438 4600 3581 4652 aliud
3625 4600 3948 4668 intelligitur

2405 4707 2564 4760 quam
2605 4691 2808 4758 Spiritu
2849 4700 3032 4743 sancto
3071 4690 3285 4757 repleri.
3333 4689 3485 4754 Quod
3523 4681 3702 4740 autem
3763 4706 3782 4738 ι
3835 4703 3949 4754 pra:

2403 4781 2754 4850 participibus
2792 4800 2811 4832 ι
2839 4780 2992 4843 dixit,
3030 4779 3365 4847 indicatquia
3388 4792 3489 4830 non
3515 4777 3684 4842 gratia
3709 4774 3946 4843 Spiritus

2403 4873 2543 4926 sicut
2574 4873 2848 4942 prophetis
2874 4872 2923 4925 ei
2954 4872 3073 4924 data
3103 4879 3207 4934 est,
3238 4870 3330 4923 sed
3364 4870 3530 4938 ipsius
3560 4867 3719 4920 Verbi
3744 4866 3846 4919 Dei
3884 4866 3941 4918 iu

836 4969 1062 5056 "iJoan.
1089 4981 1256 5068 x,‘18.
1333 4983 1418 5036 ὀι
1466 4982 1593 5038 Cor.
1621 4997 1692 5048 vr,
1719 4969 1801 5036 Π.
1878 4983 1919 5015 ²¹
1957 4982 2088 5037 Gen.
2113 4998 2173 5049 ll,
2198 4982 2301 5049 9.4;
2334 4983 2496 5040 Marc.
2537 5001 2589 5050 x,
2635 4986 2688 5039 8.
2763 4986 2806 5017 “
2851 4985 2992 5038 Psal.
3044 4999 3185 5048 xuv,
3227 4984 3280 5038 8.

761 5132 823 5173 se
849 5117 1133 5171 conveniat
1161 5118 1344 5172 deitati
1375 5122 1591 5185 habere,
1615 5124 1831 5178 humani
1866 5125 2169 5178 intellectus
2199 5139 2293 5176 an-

760 5187 937 5262 gustia
989 5198 1151 5241 tanta:
1205 5188 1572 5244 admirationis
1618 5203 1837 5260 stupore
1893 5209 2145 5262 percussa
2183 5208 2289 5262 quo

762 5255 1010 5328 declinet,
1034 5266 1086 5310 et
1116 5270 1221 5324 quo
1243 5269 1608 5328 segconvertat
1640 5255 1868 5328 ignorat.
1893 5255 1927 5314 ἰ

834 5323 911 5397 (ᾖ.)
941 5325 1074 5397 MSS.
1109 5323 1443 5397 (quoniam.
1482 5343 1499 5375 ι
1529 5323 1694 5392 Alias,
1733 5351 1761 5381 ι.
1785 5334 2067 5397 (ιυοηὶοίἰο.
2099 5351 2118 5384 ι

831 5391 907 5474 (_5)
940 5395 1010 5447 Ita
1050 5391 1377 5474 m'ss.:_Alias,
1418 5411 1436 5444 ι
1467 5405 1593 5449 sunt
1624 5391 1872 5467 visibilia,
1897 5412 1951 5457 et
1987 5401 2290 5465 invisibilia,

760 5473 821 5519 It
856 5467 905 5515 in
934 5466 1313 5530 superioribus.
1360 5483 1378 5514 ι

833 5534 910 5603 (6)
940 5532 1044 5586 Pro
1071 5532 1217 5585 liberi
1262 5533 1466 5588 arbitrii
1505 5535 1774 5604 facultate.
1827 5537 1918 5594 Sic
1969 5556 2098 5598 mss.
2146 5540 2292 5596 Alias

759 5602 934 5663 deest,
967 5621 985 5652 ι
1017 5615 1112 5670 pro
1146 5621 1191 5655 ›.
1506 5602 1515 5604 -
2050 5608 2057 5614 ’

832 5672 909 5744 (7)
941 5673 1072 5728 Vide
1107 5671 1142 5726 Ι.
1186 5687 1218 5725 ιι
1246 5673 1568 5745 Origenian.,
1603 5691 1657 5746 q.
1689 5675 1742 5739 5,
1775 5692 1824 5730 n.
1852 5677 1903 5732 6.

2466 5105 2541 5197 (8i
2576 5098 2706 5181 Vox,
2728 5147 2747 5178 ι
2779 5127 2949 5181 media
2984 5145 3002 5177 ι
3044 5125 3191 5197 deest
3223 5124 3274 5176 in
3323 5130 3476 5176 antea
3509 5121 3689 5188 editis,
3740 5136 3938 5190 quam-

2399 5197 2479 5249 vis
2507 5195 2799 5262 reperiatur
2832 5198 2882 5249 in
2911 5195 3158 5247 omnibus
3181 5208 3311 5247 mss.

2469 5264 2542 5332 (9)
2568 5260 2666 5316 Διὰ
2692 5266 2860 5318 τοῦτο
2884 5265 2980 5317 καὶ
3013 5263 3333 5329 ἅνθρωπος,
3360 5272 3468 5316 etc.
3503 5260 3686 5314 Graeca
3717 5262 3830 5315 hmc
3853 5278 3941 5332 reo

2333 5375 2340 5383 ,
2400 5345 2691 5402 pra-sentat
2716 5335 3046 5392 Justinianus
3072 5334 3360 5402 imperator
3391 5340 3447 5384 ut
3482 5345 3702 5402 erratica
3727 5332 3795 5385 ad
3821 5331 3958 5385 calo.

2401 5400 2514 5455 cem
2539 5403 2774 5469 epistola:
2798 5406 2862 5455 ad
2893 5404 3121 5454 Menam.
3149 5401 3218 5451 De
3245 5400 3343 5452 hoc
3367 5409 3540 5453 autem
3575 5401 3826 5468 Origeuis
3847 5415 3940 5455 er-

2401 5486 2522 5525 rore
2547 5472 2665 5523 vide
2693 5471 3126 5539 Origenianorum
3166 5469 3255 5520 lib.
3290 5483 3350 5531 ll,
3377 5485 3467 5536 qu.
3495 5469 3548 5530 3,
3578 5485 3632 5524 ιι.
3661 5473 3714 5522 6.

2473 5539 2580 5609 (10)
2610 5540 2683 5609 Ita
2717 5547 2844 5593 mss‘.
2873 5541 3042 5601 Alias,
3079 5555 3096 5586 ι
3130 5553 3270 5609 eum,
3306 5556 3324 5588 ι
3361 5539 3514 5591 tnule.

2471 5606 2581 5678 (11)
2613 5607 2869 5663 Christus.
2903 5609 2991 5662 Sic
3021 5621 3149 5662 mss.
3186 5606 3353 5673 Alias,
3390 5627 3408 5658 ι
3444 5621 3628 5680 unum.
3669 5624 3691 5661 ι
