  <div class='ocr_page' id='page_1' title='image "/cluster/home/n/w/nwhite01/storage/ocr_20150623/11/pst.000005711918/126.png"; bbox 0 0 4118 6308; ppageno 0'>
   <div class='ocr_carea' id='block_1_1' title="bbox 188 324 296 381">
    <p class='ocr_par' dir='ltr' id='par_1_1' title="bbox 188 324 296 381">
     <span class='ocr_line' id='line_1_1' title="bbox 188 324 296 381; baseline -0.019 0"><span class='ocrx_word' id='word_1_1' title='bbox 188 324 296 381; x_wconf 62' lang='lat' dir='ltr'><strong>illi</strong></span> 
     </span>
    </p>
   </div>
   <div class='ocr_carea' id='block_1_2' title="bbox 1475 324 2093 415">
    <p class='ocr_par' dir='ltr' id='par_1_2' title="bbox 1475 324 2093 415">
     <span class='ocr_line' id='line_1_2' title="bbox 1475 324 2093 415; baseline -0.003 -31"><span class='ocrx_word' id='word_1_2' title='bbox 1475 327 1666 384; x_wconf 79' lang='lat' dir='ltr'><strong>LIBER</strong></span> <span class='ocrx_word' id='word_1_3' title='bbox 1710 324 2093 415; x_wconf 55' lang='lat' dir='ltr'><strong>securibus:</strong></span> 
     </span>
    </p>
   </div>
   <div class='ocr_carea' id='block_1_3' title="bbox 3265 324 3366 382">
    <p class='ocr_par' dir='ltr' id='par_1_3' title="bbox 3265 324 3366 382">
     <span class='ocr_line' id='line_1_3' title="bbox 3265 324 3366 382; baseline 0.04 -5"><span class='ocrx_word' id='word_1_4' title='bbox 3265 324 3366 382; x_wconf 65' lang='lat' dir='ltr'><strong>IN</strong></span> 
     </span>
    </p>
   </div>
   <div class='ocr_carea' id='block_1_4' title="bbox 191 437 3368 516">
    <p class='ocr_par' dir='ltr' id='par_1_4' title="bbox 191 437 3368 516">
     <span class='ocr_line' id='line_1_4' title="bbox 191 437 3368 516; baseline -0.001 -24"><span class='ocrx_word' id='word_1_5' title='bbox 191 454 250 492; x_wconf 81' lang='lat' dir='ltr'><strong>ea</strong></span> <span class='ocrx_word' id='word_1_6' title='bbox 284 441 656 496; x_wconf 86' lang='lat' dir='ltr'><strong>substantialis</strong></span> <span class='ocrx_word' id='word_1_7' title='bbox 688 443 859 516; x_wconf 85' lang='lat' dir='ltr'><strong>inerat</strong></span> <span class='ocrx_word' id='word_1_8' title='bbox 889 445 1181 512; x_wconf 77' lang='lat' dir='ltr'><strong>plenitudo,</strong></span> <span class='ocrx_word' id='word_1_9' title='bbox 1207 447 1340 500; x_wconf 90' lang='lat' dir='ltr'><strong>sicut</strong></span> <span class='ocrx_word' id='word_1_10' title='bbox 1372 455 1425 501; x_wconf 87' lang='lat' dir='ltr'><strong>et</strong></span> <span class='ocrx_word' id='word_1_11' title='bbox 1448 447 1731 516; x_wconf 80' lang='lat' dir='ltr'><strong>Apostolus</strong></span> <span class='ocrx_word' id='word_1_12' title='bbox 1759 445 1804 500; x_wconf 77' lang='grc' dir='ltr'><strong>Α</strong></span> <span class='ocrx_word' id='word_1_13' title='bbox 1832 443 1881 495; x_wconf 91' lang='lat' dir='ltr'><strong>in</strong></span> <span class='ocrx_word' id='word_1_14' title='bbox 1918 445 2036 514; x_wconf 88' lang='lat' dir='ltr'><strong>igne</strong></span> <span class='ocrx_word' id='word_1_15' title='bbox 2093 440 2318 510; x_wconf 76' lang='lat' dir='ltr'><strong>positam</strong></span> <span class='ocrx_word' id='word_1_16' title='bbox 2370 451 2423 496; x_wconf 87' lang='lat' dir='ltr'><strong>et</strong></span> <span class='ocrx_word' id='word_1_17' title='bbox 2477 441 2840 496; x_wconf 67' lang='lat' dir='ltr'><strong>indesinenter</strong></span> <span class='ocrx_word' id='word_1_18' title='bbox 2887 437 3160 492; x_wconf 83' lang='lat' dir='ltr'><strong>ardentem</strong></span> <span class='ocrx_word' id='word_1_19' title='bbox 3215 452 3368 506; x_wconf 83' lang='lat' dir='ltr'><strong>posse</strong></span> 
     </span>
    </p>
   </div>
   <div class='ocr_carea' id='block_1_5' title="bbox 189 514 1727 616">
    <p class='ocr_par' dir='ltr' id='par_1_5' title="bbox 189 514 1727 616">
     <span class='ocr_line' id='line_1_5' title="bbox 189 514 1727 616; baseline 0.003 -34"><span class='ocrx_word' id='word_1_20' title='bbox 189 529 326 582; x_wconf 76' lang='lat' dir='ltr'><strong>dixit</strong></span> <span class='ocrx_word' id='word_1_21' title='bbox 358 547 371 582; x_wconf 92' lang='lat'><strong>:</strong></span> <span class='ocrx_word' id='word_1_22' title='bbox 407 548 425 581; x_wconf 83' lang='grc'><em>‹</em></span> <span class='ocrx_word' id='word_1_23' title='bbox 460 532 513 584; x_wconf 93' lang='lat' dir='ltr'><strong>In</strong></span> <span class='ocrx_word' id='word_1_24' title='bbox 542 547 647 599; x_wconf 90' lang='lat' dir='ltr'><strong>quo</strong></span> <span class='ocrx_word' id='word_1_25' title='bbox 674 514 932 586; x_wconf 72' lang='lat' dir='ltr'><strong>inhabitat</strong></span> <span class='ocrx_word' id='word_1_26' title='bbox 960 533 1070 603; x_wconf 73' lang='grc'><strong>(12)</strong></span> <span class='ocrx_word' id='word_1_27' title='bbox 1094 536 1266 589; x_wconf 89' lang='lat' dir='ltr'><strong>omnis</strong></span> <span class='ocrx_word' id='word_1_28' title='bbox 1295 514 1564 616; x_wconf 70' lang='lat' dir='ltr'><strong>plenitudo</strong></span> <span class='ocrx_word' id='word_1_29' title='bbox 1595 536 1727 589; x_wconf 86' lang='lat' dir='ltr'><strong>divi-</strong></span> 
     </span>
    </p>
   </div>
   <div class='ocr_carea' id='block_1_6' title="bbox 190 617 1724 693">
    <p class='ocr_par' dir='ltr' id='par_1_6' title="bbox 190 617 1724 693">
     <span class='ocr_line' id='line_1_6' title="bbox 190 617 1724 693; baseline 0.007 -25"><span class='ocrx_word' id='word_1_30' title='bbox 190 617 376 670; x_wconf 72' lang='lat' dir='ltr'><strong>nitatis</strong></span> <span class='ocrx_word' id='word_1_31' title='bbox 404 621 757 687; x_wconf 83' lang='lat' dir='ltr'><strong>corporaliter</strong></span> <span class='ocrx_word' id='word_1_32' title='bbox 788 622 852 676; x_wconf 79' lang='lat'><strong>&quot;.</strong></span> <span class='ocrx_word' id='word_1_33' title='bbox 893 641 910 673; x_wconf 74' lang='grc' dir='ltr'><strong><em>ι</em></strong></span> <span class='ocrx_word' id='word_1_34' title='bbox 957 622 1192 693; x_wconf 90' lang='lat' dir='ltr'><strong>Denique</strong></span> <span class='ocrx_word' id='word_1_35' title='bbox 1244 634 1458 693; x_wconf 80' lang='lat' dir='ltr'><strong>prapter</strong></span> <span class='ocrx_word' id='word_1_36' title='bbox 1489 627 1588 679; x_wconf 92' lang='lat' dir='ltr'><strong>hoc</strong></span> <span class='ocrx_word' id='word_1_37' title='bbox 1623 643 1724 679; x_wconf 88' lang='lat' dir='ltr'><strong>non</strong></span> 
     </span>
    </p>
   </div>
   <div class='ocr_carea' id='block_1_7' title="bbox 189 707 1722 780">
    <p class='ocr_par' dir='ltr' id='par_1_7' title="bbox 189 707 1722 780">
     <span class='ocr_line' id='line_1_7' title="bbox 189 707 1722 780; baseline 0.005 -20"><span class='ocrx_word' id='word_1_38' title='bbox 189 707 363 760; x_wconf 90' lang='lat' dir='ltr'><strong>solum</strong></span> <span class='ocrx_word' id='word_1_39' title='bbox 408 708 578 762; x_wconf 80' lang='lat' dir='ltr'><strong>dixit:</strong></span> <span class='ocrx_word' id='word_1_40' title='bbox 625 728 644 760; x_wconf 77' lang='grc' dir='ltr'>ι</span> <span class='ocrx_word' id='word_1_41' title='bbox 700 710 943 766; x_wconf 79' lang='lat' dir='ltr'><strong>Dilexisti</strong></span> <span class='ocrx_word' id='word_1_42' title='bbox 993 711 1257 780; x_wconf 77' lang='lat' dir='ltr'><strong>justitiam</strong></span> <span class='ocrx_word' id='word_1_43' title='bbox 1285 755 1299 778; x_wconf 93' lang='lat'><strong>,</strong></span> <span class='ocrx_word' id='word_1_44' title='bbox 1337 734 1354 765; x_wconf 73' lang='grc' dir='ltr'><strong><em>ι</em></strong></span> <span class='ocrx_word' id='word_1_45' title='bbox 1397 718 1486 769; x_wconf 77' lang='lat' dir='ltr'><strong>sed</strong></span> <span class='ocrx_word' id='word_1_46' title='bbox 1541 718 1722 770; x_wconf 82' lang='lat' dir='ltr'><strong>addit:</strong></span> 
     </span>
    </p>
   </div>
   <div class='ocr_carea' id='block_1_8' title="bbox 193 795 1748 875">
    <p class='ocr_par' dir='ltr' id='par_1_8' title="bbox 193 795 1748 875">
     <span class='ocr_line' id='line_1_8' title="bbox 193 795 1748 875; baseline 0.009 -30"><span class='ocrx_word' id='word_1_47' title='bbox 193 812 210 843; x_wconf 83' lang='grc' dir='ltr'>ι</span> <span class='ocrx_word' id='word_1_48' title='bbox 244 795 310 849; x_wconf 81' lang='lat' dir='ltr'><strong>Et</strong></span> <span class='ocrx_word' id='word_1_49' title='bbox 341 798 498 851; x_wconf 87' lang='lat' dir='ltr'><strong>odisti</strong></span> <span class='ocrx_word' id='word_1_50' title='bbox 531 799 866 866; x_wconf 86' lang='lat' dir='ltr'><strong>iniquitatem</strong></span> <span class='ocrx_word' id='word_1_51' title='bbox 907 802 972 854; x_wconf 75' lang='grc'><strong>’⁸.</strong></span> <span class='ocrx_word' id='word_1_52' title='bbox 1009 821 1026 853; x_wconf 78' lang='grc' dir='ltr'>ι</span> <span class='ocrx_word' id='word_1_53' title='bbox 1061 804 1250 859; x_wconf 88' lang='lat' dir='ltr'><strong>Odisse</strong></span> <span class='ocrx_word' id='word_1_54' title='bbox 1303 806 1444 859; x_wconf 86' lang='lat' dir='ltr'><strong>enim</strong></span> <span class='ocrx_word' id='word_1_55' title='bbox 1476 807 1748 875; x_wconf 85' lang='lat' dir='ltr'><strong>iniquita-&#39;</strong></span> 
     </span>
    </p>
   </div>
   <div class='ocr_carea' id='block_1_9' title="bbox 187 887 1725 964">
    <p class='ocr_par' dir='ltr' id='par_1_9' title="bbox 187 887 1725 964">
     <span class='ocr_line' id='line_1_9' title="bbox 187 887 1725 964; baseline 0.007 -27"><span class='ocrx_word' id='word_1_56' title='bbox 187 893 295 938; x_wconf 83' lang='lat' dir='ltr'><strong>tem</strong></span> <span class='ocrx_word' id='word_1_57' title='bbox 331 896 410 938; x_wconf 86' lang='lat' dir='ltr'><strong>est</strong></span> <span class='ocrx_word' id='word_1_58' title='bbox 443 887 570 942; x_wconf 89' lang='lat' dir='ltr'><strong>illud</strong></span> <span class='ocrx_word' id='word_1_59' title='bbox 596 889 737 956; x_wconf 89' lang='lat' dir='ltr'><strong>quod</strong></span> <span class='ocrx_word' id='word_1_60' title='bbox 784 889 1056 960; x_wconf 84' lang='lat' dir='ltr'><strong>Scriptura</strong></span> <span class='ocrx_word' id='word_1_61' title='bbox 1096 888 1221 946; x_wconf 91' lang='lat' dir='ltr'><strong>dicit</strong></span> <span class='ocrx_word' id='word_1_62' title='bbox 1255 896 1318 948; x_wconf 88' lang='lat' dir='ltr'><strong>de</strong></span> <span class='ocrx_word' id='word_1_63' title='bbox 1348 910 1412 950; x_wconf 86' lang='lat' dir='ltr'><strong>eo</strong></span> <span class='ocrx_word' id='word_1_64' title='bbox 1442 895 1574 962; x_wconf 84' lang='grc'><strong>(15),</strong></span> <span class='ocrx_word' id='word_1_65' title='bbox 1601 895 1725 964; x_wconf 90' lang='lat' dir='ltr'><strong>quia</strong></span> 
     </span>
    </p>
   </div>
   <div class='ocr_carea' id='block_1_10' title="bbox 191 973 1726 1054">
    <p class='ocr_par' dir='ltr' id='par_1_10' title="bbox 191 973 1726 1054">
     <span class='ocr_line' id='line_1_10' title="bbox 191 973 1726 1054; baseline 0.01 -30"><span class='ocrx_word' id='word_1_66' title='bbox 191 993 209 1024; x_wconf 75' lang='grc' dir='ltr'>ι</span> <span class='ocrx_word' id='word_1_67' title='bbox 238 985 524 1054; x_wconf 82' lang='lat' dir='ltr'><strong>peccatum</strong></span> <span class='ocrx_word' id='word_1_68' title='bbox 556 994 660 1032; x_wconf 90' lang='lat' dir='ltr'><strong>non</strong></span> <span class='ocrx_word' id='word_1_69' title='bbox 693 979 833 1044; x_wconf 91' lang='lat' dir='ltr'><strong>fecit,</strong></span> <span class='ocrx_word' id='word_1_70' title='bbox 869 996 966 1035; x_wconf 89' lang='lat' dir='ltr'><strong>nec</strong></span> <span class='ocrx_word' id='word_1_71' title='bbox 999 973 1244 1038; x_wconf 84' lang='lat' dir='ltr'><strong>inventus</strong></span> <span class='ocrx_word' id='word_1_72' title='bbox 1271 993 1352 1038; x_wconf 89' lang='lat' dir='ltr'><strong>est</strong></span> <span class='ocrx_word' id='word_1_73' title='bbox 1381 986 1532 1039; x_wconf 91' lang='lat' dir='ltr'><strong>dolus</strong></span> <span class='ocrx_word' id='word_1_74' title='bbox 1558 987 1609 1038; x_wconf 94' lang='lat' dir='ltr'><strong>in</strong></span> <span class='ocrx_word' id='word_1_75' title='bbox 1634 1003 1726 1040; x_wconf 90' lang='lat' dir='ltr'><strong>ore</strong></span> 
     </span>
    </p>
   </div>
   <div class='ocr_carea' id='block_1_11' title="bbox 182 1056 1724 1145">
    <p class='ocr_par' dir='ltr' id='par_1_11' title="bbox 182 1056 1724 1145">
     <span class='ocr_line' id='line_1_11' title="bbox 182 1056 1724 1145; baseline 0.009 -29"><span class='ocrx_word' id='word_1_76' title='bbox 182 1065 300 1132; x_wconf 84' lang='lat' dir='ltr'><strong>ejus</strong></span> <span class='ocrx_word' id='word_1_77' title='bbox 325 1067 403 1129; x_wconf 82' lang='lat'><strong>”;</strong></span> <span class='ocrx_word' id='word_1_78' title='bbox 443 1086 462 1118; x_wconf 83' lang='grc'><strong>›</strong></span> <span class='ocrx_word' id='word_1_79' title='bbox 503 1056 559 1121; x_wconf 86' lang='lat' dir='ltr'><strong>et</strong></span> <span class='ocrx_word' id='word_1_80' title='bbox 602 1069 742 1138; x_wconf 90' lang='lat' dir='ltr'><strong>quod</strong></span> <span class='ocrx_word' id='word_1_81' title='bbox 789 1070 896 1123; x_wconf 91' lang='lat' dir='ltr'><strong>ait:</strong></span> <span class='ocrx_word' id='word_1_82' title='bbox 941 1087 960 1119; x_wconf 72' lang='grc' dir='ltr'><strong><em>ι</em></strong></span> <span class='ocrx_word' id='word_1_83' title='bbox 1008 1071 1266 1126; x_wconf 89' lang='lat' dir='ltr'><strong>Tentatus</strong></span> <span class='ocrx_word' id='word_1_84' title='bbox 1300 1090 1394 1142; x_wconf 92' lang='lat' dir='ltr'><strong>per</strong></span> <span class='ocrx_word' id='word_1_85' title='bbox 1423 1077 1599 1129; x_wconf 91' lang='lat' dir='ltr'><strong>omnia</strong></span> <span class='ocrx_word' id='word_1_86' title='bbox 1629 1093 1724 1145; x_wconf 91' lang='lat' dir='ltr'><strong>pro</strong></span> 
     </span>
    </p>
   </div>
   <div class='ocr_carea' id='block_1_12' title="bbox 180 1149 1725 1232">
    <p class='ocr_par' dir='ltr' id='par_1_12' title="bbox 180 1149 1725 1232">
     <span class='ocr_line' id='line_1_12' title="bbox 180 1149 1725 1232; baseline 0.01 -29"><span class='ocrx_word' id='word_1_87' title='bbox 180 1149 538 1206; x_wconf 78' lang='lat' dir='ltr'><strong>similitudine</strong></span> <span class='ocrx_word' id='word_1_88' title='bbox 572 1156 775 1226; x_wconf 81' lang='lat' dir='ltr'><strong>absque</strong></span> <span class='ocrx_word' id='word_1_89' title='bbox 821 1167 1043 1224; x_wconf 82' lang='lat' dir='ltr'><strong>peccato</strong></span> <span class='ocrx_word' id='word_1_90' title='bbox 1072 1160 1136 1214; x_wconf 64' lang='grc'><strong>³³.</strong></span> <span class='ocrx_word' id='word_1_91' title='bbox 1177 1180 1196 1212; x_wconf 72' lang='grc' dir='ltr'><strong><em>ι</em></strong></span> <span class='ocrx_word' id='word_1_92' title='bbox 1249 1161 1352 1215; x_wconf 88' lang='lat' dir='ltr'><strong>Sed</strong></span> <span class='ocrx_word' id='word_1_93' title='bbox 1395 1173 1446 1217; x_wconf 92' lang='lat' dir='ltr'><strong>et</strong></span> <span class='ocrx_word' id='word_1_94' title='bbox 1476 1165 1588 1232; x_wconf 90' lang='lat' dir='ltr'><strong>ipse</strong></span> <span class='ocrx_word' id='word_1_95' title='bbox 1621 1166 1725 1218; x_wconf 77' lang='grc' dir='ltr'><strong>Βο-</strong></span> 
     </span>
    </p>
   </div>
   <div class='ocr_carea' id='block_1_13' title="bbox 181 1239 1727 1323">
    <p class='ocr_par' dir='ltr' id='par_1_13' title="bbox 181 1239 1727 1323">
     <span class='ocr_line' id='line_1_13' title="bbox 181 1239 1727 1323; baseline 0.012 -32"><span class='ocrx_word' id='word_1_96' title='bbox 181 1239 363 1294; x_wconf 90' lang='lat' dir='ltr'><strong>minus</strong></span> <span class='ocrx_word' id='word_1_97' title='bbox 403 1242 571 1295; x_wconf 89' lang='lat' dir='ltr'><strong>dicit:</strong></span> <span class='ocrx_word' id='word_1_98' title='bbox 621 1262 639 1294; x_wconf 76' lang='grc' dir='ltr'>ι</span> <span class='ocrx_word' id='word_1_99' title='bbox 668 1245 799 1310; x_wconf 84' lang='lat' dir='ltr'><strong>Quis</strong></span> <span class='ocrx_word' id='word_1_100' title='bbox 849 1258 1086 1301; x_wconf 85' lang='lat' dir='ltr'><strong>vestrum</strong></span> <span class='ocrx_word' id='word_1_101' title='bbox 1142 1262 1332 1318; x_wconf 83' lang='lat' dir='ltr'><strong>arguet</strong></span> <span class='ocrx_word' id='word_1_102' title='bbox 1368 1269 1451 1307; x_wconf 88' lang='lat' dir='ltr'><strong>tne</strong></span> <span class='ocrx_word' id='word_1_103' title='bbox 1492 1255 1556 1308; x_wconf 90' lang='lat' dir='ltr'><strong>de</strong></span> <span class='ocrx_word' id='word_1_104' title='bbox 1607 1270 1727 1323; x_wconf 87' lang='lat' dir='ltr'><strong>pec-</strong></span> 
     </span>
    </p>
   </div>
   <div class='ocr_carea' id='block_1_14' title="bbox 180 1329 1726 1401">
    <p class='ocr_par' dir='ltr' id='par_1_14' title="bbox 180 1329 1726 1401">
     <span class='ocr_line' id='line_1_14' title="bbox 180 1329 1726 1401; baseline 0.009 -20"><span class='ocrx_word' id='word_1_105' title='bbox 180 1337 305 1381; x_wconf 80' lang='lat' dir='ltr'><strong>cato</strong></span> <span class='ocrx_word' id='word_1_106' title='bbox 341 1329 426 1382; x_wconf 76' lang='grc' dir='ltr'><strong>⁸τῖ</strong></span> <span class='ocrx_word' id='word_1_107' title='bbox 457 1349 477 1382; x_wconf 83' lang='grc'>›</span> <span class='ocrx_word' id='word_1_108' title='bbox 518 1331 581 1384; x_wconf 82' lang='grc' dir='ltr'><strong>Ει</strong></span> <span class='ocrx_word' id='word_1_109' title='bbox 611 1333 802 1386; x_wconf 89' lang='lat' dir='ltr'><strong>iterum</strong></span> <span class='ocrx_word' id='word_1_110' title='bbox 832 1336 944 1401; x_wconf 87' lang='lat' dir='ltr'><strong>ipse</strong></span> <span class='ocrx_word' id='word_1_111' title='bbox 975 1337 1102 1390; x_wconf 87' lang='lat' dir='ltr'><strong>dicit</strong></span> <span class='ocrx_word' id='word_1_112' title='bbox 1137 1341 1201 1393; x_wconf 91' lang='lat' dir='ltr'><strong>de</strong></span> <span class='ocrx_word' id='word_1_113' title='bbox 1228 1355 1286 1394; x_wconf 92' lang='lat' dir='ltr'><strong>se</strong></span> <span class='ocrx_word' id='word_1_114' title='bbox 1313 1355 1327 1393; x_wconf 89' lang='lat'><strong>:</strong></span> <span class='ocrx_word' id='word_1_115' title='bbox 1367 1359 1383 1390; x_wconf 72' lang='grc' dir='ltr'><strong>ε</strong></span> <span class='ocrx_word' id='word_1_116' title='bbox 1415 1341 1551 1397; x_wconf 86' lang='lat' dir='ltr'><strong>Ecce</strong></span> <span class='ocrx_word' id='word_1_117' title='bbox 1584 1346 1726 1398; x_wconf 88' lang='lat' dir='ltr'><strong>venit</strong></span> 
     </span>
    </p>
   </div>
   <div class='ocr_carea' id='block_1_15' title="bbox 177 1417 1728 1500">
    <p class='ocr_par' dir='ltr' id='par_1_15' title="bbox 177 1417 1728 1500">
     <span class='ocr_line' id='line_1_15' title="bbox 177 1417 1728 1500; baseline 0.012 -32"><span class='ocrx_word' id='word_1_118' title='bbox 177 1417 433 1486; x_wconf 86' lang='lat' dir='ltr'><strong>princeps</strong></span> <span class='ocrx_word' id='word_1_119' title='bbox 461 1422 646 1497; x_wconf 66' lang='lat' dir='ltr'><strong>mundi~</strong></span> <span class='ocrx_word' id='word_1_120' title='bbox 684 1423 954 1491; x_wconf 75' lang='lat' dir='ltr'><strong>hujus,-et</strong></span> <span class='ocrx_word' id='word_1_121' title='bbox 995 1428 1046 1479; x_wconf 95' lang='lat' dir='ltr'><strong>in</strong></span> <span class='ocrx_word' id='word_1_122' title='bbox 1078 1439 1164 1481; x_wconf 87' lang='lat' dir='ltr'><strong>me</strong></span> <span class='ocrx_word' id='word_1_123' title='bbox 1202 1444 1306 1483; x_wconf 89' lang='lat' dir='ltr'><strong>non</strong></span> <span class='ocrx_word' id='word_1_124' title='bbox 1337 1431 1538 1484; x_wconf 77' lang='lat' dir='ltr'><strong>invenit</strong></span> <span class='ocrx_word' id='word_1_125' title='bbox 1572 1435 1728 1500; x_wconf 84' lang='lat' dir='ltr'><strong>quid--</strong></span> 
     </span>
    </p>
   </div>
   <div class='ocr_carea' id='block_1_16' title="bbox 176 1508 1724 1588">
    <p class='ocr_par' dir='ltr' id='par_1_16' title="bbox 176 1508 1724 1588">
     <span class='ocr_line' id='line_1_16' title="bbox 176 1508 1724 1588; baseline 0.012 -30"><span class='ocrx_word' id='word_1_126' title='bbox 176 1521 340 1574; x_wconf 85' lang='lat' dir='ltr'><strong>quam</strong></span> <span class='ocrx_word' id='word_1_127' title='bbox 370 1508 434 1559; x_wconf 77' lang='lat'><strong>&quot;.</strong></span> <span class='ocrx_word' id='word_1_128' title='bbox 477 1528 493 1559; x_wconf 79' lang='grc' dir='ltr'><strong><em>ι</em></strong></span> <span class='ocrx_word' id='word_1_129' title='bbox 543 1510 884 1575; x_wconf 69' lang='lat' dir='ltr'><strong>Quaeomnia</strong></span> <span class='ocrx_word' id='word_1_130' title='bbox 911 1517 1111 1569; x_wconf 90' lang='lat' dir='ltr'><strong>nullum</strong></span> <span class='ocrx_word' id='word_1_131' title='bbox 1147 1519 1198 1571; x_wconf 92' lang='lat' dir='ltr'><strong>in</strong></span> <span class='ocrx_word' id='word_1_132' title='bbox 1246 1535 1310 1572; x_wconf 91' lang='lat' dir='ltr'><strong>eo</strong></span> <span class='ocrx_word' id='word_1_133' title='bbox 1342 1523 1547 1588; x_wconf 84' lang='lat' dir='ltr'><strong>peccati</strong></span> <span class='ocrx_word' id='word_1_134' title='bbox 1600 1539 1724 1577; x_wconf 87' lang='lat' dir='ltr'><strong>sen-</strong></span> 
     </span>
    </p>
   </div>
   <div class='ocr_carea' id='block_1_17' title="bbox 179 1601 1724 1677">
    <p class='ocr_par' dir='ltr' id='par_1_17' title="bbox 179 1601 1724 1677">
     <span class='ocr_line' id='line_1_17' title="bbox 179 1601 1724 1677; baseline 0.01 -26"><span class='ocrx_word' id='word_1_135' title='bbox 179 1613 299 1652; x_wconf 82' lang='lat' dir='ltr'><strong>sum</strong></span> <span class='ocrx_word' id='word_1_136' title='bbox 329 1601 569 1655; x_wconf 84' lang='lat' dir='ltr'><strong>indicant</strong></span> <span class='ocrx_word' id='word_1_137' title='bbox 617 1605 910 1660; x_wconf 78' lang='lat' dir='ltr'><strong>exstitisse.</strong></span> <span class='ocrx_word' id='word_1_138' title='bbox 948 1608 1097 1672; x_wconf 87' lang='lat' dir='ltr'><strong>Quod</strong></span> <span class='ocrx_word' id='word_1_139' title='bbox 1140 1620 1193 1661; x_wconf 90' lang='lat' dir='ltr'><strong>ut</strong></span> <span class='ocrx_word' id='word_1_140' title='bbox 1222 1611 1475 1677; x_wconf 80' lang='lat' dir='ltr'><strong>prapheta</strong></span> <span class='ocrx_word' id='word_1_141' title='bbox 1508 1613 1724 1666; x_wconf 76' lang='lat' dir='ltr'><strong>eviden-</strong></span> 
     </span>
    </p>
   </div>
   <div class='ocr_carea' id='block_1_18' title="bbox 177 1689 1726 1772">
    <p class='ocr_par' dir='ltr' id='par_1_18' title="bbox 177 1689 1726 1772">
     <span class='ocr_line' id='line_1_18' title="bbox 177 1689 1726 1772; baseline 0.012 -33"><span class='ocrx_word' id='word_1_142' title='bbox 177 1689 287 1742; x_wconf 85' lang='lat' dir='ltr'><strong>tius</strong></span> <span class='ocrx_word' id='word_1_143' title='bbox 320 1690 660 1760; x_wconf 87' lang='lat' dir='ltr'><strong>designaret,</strong></span> <span class='ocrx_word' id='word_1_144' title='bbox 691 1694 816 1762; x_wconf 83' lang='lat' dir='ltr'><strong>quia</strong></span> <span class='ocrx_word' id='word_1_145' title='bbox 848 1712 1123 1764; x_wconf 79' lang='lat' dir='ltr'><strong>utinquam</strong></span> <span class='ocrx_word' id='word_1_146' title='bbox 1175 1699 1226 1752; x_wconf 91' lang='lat' dir='ltr'><strong>in</strong></span> <span class='ocrx_word' id='word_1_147' title='bbox 1273 1715 1392 1753; x_wconf 89' lang='lat' dir='ltr'><strong>eum</strong></span> <span class='ocrx_word' id='word_1_148' title='bbox 1429 1703 1726 1772; x_wconf 85' lang='lat' dir='ltr'><strong>iniquitatis</strong></span> 
     </span>
    </p>
   </div>
   <div class='ocr_carea' id='block_1_19' title="bbox 1834 528 3370 601">
    <p class='ocr_par' dir='ltr' id='par_1_19' title="bbox 1834 528 3370 601">
     <span class='ocr_line' id='line_1_19' title="bbox 1834 528 3370 601; baseline -0.005 -15"><span class='ocrx_word' id='word_1_149' title='bbox 1834 534 1998 601; x_wconf 81' lang='lat' dir='ltr'><strong>frigus</strong></span> <span class='ocrx_word' id='word_1_150' title='bbox 2033 533 2316 601; x_wconf 86' lang='lat' dir='ltr'><strong>aliquando</strong></span> <span class='ocrx_word' id='word_1_151' title='bbox 2350 533 2626 601; x_wconf 79' lang='lat' dir='ltr'><strong>recipere?</strong></span> <span class='ocrx_word' id='word_1_152' title='bbox 2652 530 2900 597; x_wconf 88' lang='lat' dir='ltr'><strong>Quinimo</strong></span> <span class='ocrx_word' id='word_1_153' title='bbox 2925 566 2940 592; x_wconf 91' lang='lat'><strong>,</strong></span> <span class='ocrx_word' id='word_1_154' title='bbox 2996 529 3136 594; x_wconf 88' lang='lat' dir='ltr'><strong>quod</strong></span> <span class='ocrx_word' id='word_1_155' title='bbox 3190 528 3370 580; x_wconf 81' lang='lat' dir='ltr'><strong>verius</strong></span> 
     </span>
    </p>
   </div>
   <div class='ocr_carea' id='block_1_20' title="bbox 1831 619 3369 692">
    <p class='ocr_par' dir='ltr' id='par_1_20' title="bbox 1831 619 3369 692">
     <span class='ocr_line' id='line_1_20' title="bbox 1831 619 3369 692; baseline -0.003 -16"><span class='ocrx_word' id='word_1_156' title='bbox 1831 633 1932 687; x_wconf 86' lang='lat' dir='ltr'><strong>est,</strong></span> <span class='ocrx_word' id='word_1_157' title='bbox 1959 626 2134 692; x_wconf 84' lang='lat' dir='ltr'><strong>magis</strong></span> <span class='ocrx_word' id='word_1_158' title='bbox 2163 637 2282 676; x_wconf 90' lang='lat' dir='ltr'><strong>eam</strong></span> <span class='ocrx_word' id='word_1_159' title='bbox 2313 625 2454 678; x_wconf 84' lang='lat' dir='ltr'><strong>sicut</strong></span> <span class='ocrx_word' id='word_1_160' title='bbox 2489 625 2539 676; x_wconf 92' lang='lat' dir='ltr'><strong>in</strong></span> <span class='ocrx_word' id='word_1_161' title='bbox 2566 621 2873 678; x_wconf 81' lang='lat' dir='ltr'><strong>fornacibus</strong></span> <span class='ocrx_word' id='word_1_162' title='bbox 2893 634 3031 687; x_wconf 65' lang='lat' dir='ltr'><strong>smpc</strong></span> <span class='ocrx_word' id='word_1_163' title='bbox 3060 620 3173 672; x_wconf 80' lang='lat' dir='ltr'><strong>fieri</strong></span> <span class='ocrx_word' id='word_1_164' title='bbox 3203 619 3369 672; x_wconf 88' lang='lat' dir='ltr'><strong>oculis</strong></span> 
     </span>
    </p>
   </div>
   <div class='ocr_carea' id='block_1_21' title="bbox 1832 708 3369 788">
    <p class='ocr_par' dir='ltr' id='par_1_21' title="bbox 1832 708 3369 788">
     <span class='ocr_line' id='line_1_21' title="bbox 1832 708 3369 788; baseline -0.005 -20"><span class='ocrx_word' id='word_1_165' title='bbox 1832 715 2327 783; x_wconf 75' lang='lat' dir='ltr'><strong>deprehendimus,</strong></span> <span class='ocrx_word' id='word_1_166' title='bbox 2380 723 2546 788; x_wconf 88' lang='lat' dir='ltr'><strong>totam</strong></span> <span class='ocrx_word' id='word_1_167' title='bbox 2608 713 2781 781; x_wconf 89' lang='lat' dir='ltr'><strong>ignem</strong></span> <span class='ocrx_word' id='word_1_168' title='bbox 2839 708 3079 763; x_wconf 75' lang='lat' dir='ltr'><strong>ell&#39;ectam</strong></span> <span class='ocrx_word' id='word_1_169' title='bbox 3109 709 3369 770; x_wconf 84' lang='lat' dir='ltr'><strong>dicimus,</strong></span> 
     </span>
    </p>
   </div>
   <div class='ocr_carea' id='block_1_22' title="bbox 1832 788 3368 872">
    <p class='ocr_par' dir='ltr' id='par_1_22' title="bbox 1832 788 3368 872">
     <span class='ocr_line' id='line_1_22' title="bbox 1832 788 3368 872; baseline -0.003 -17"><span class='ocrx_word' id='word_1_170' title='bbox 1832 805 2084 872; x_wconf 90' lang='lat' dir='ltr'><strong>quoniam</strong></span> <span class='ocrx_word' id='word_1_171' title='bbox 2137 819 2234 860; x_wconf 90' lang='lat' dir='ltr'><strong>nec</strong></span> <span class='ocrx_word' id='word_1_172' title='bbox 2265 795 2407 856; x_wconf 88' lang='lat' dir='ltr'><strong>aliud</strong></span> <span class='ocrx_word' id='word_1_173' title='bbox 2442 805 2492 856; x_wconf 91' lang='lat' dir='ltr'><strong>iu</strong></span> <span class='ocrx_word' id='word_1_174' title='bbox 2527 818 2589 856; x_wconf 89' lang='lat' dir='ltr'><strong>ea</strong></span> <span class='ocrx_word' id='word_1_175' title='bbox 2633 803 2733 855; x_wconf 84' lang='lat' dir='ltr'><strong>nisi</strong></span> <span class='ocrx_word' id='word_1_176' title='bbox 2779 801 2916 869; x_wconf 90' lang='lat' dir='ltr'><strong>ignis</strong></span> <span class='ocrx_word' id='word_1_177' title='bbox 2963 788 3241 862; x_wconf 84' lang='lat' dir='ltr'><strong>cernitur;</strong></span> <span class='ocrx_word' id='word_1_178' title='bbox 3277 801 3368 852; x_wconf 87' lang='lat' dir='ltr'><strong>sed</strong></span> 
     </span>
    </p>
   </div>
   <div class='ocr_carea' id='block_1_23' title="bbox 1830 891 3367 962">
    <p class='ocr_par' dir='ltr' id='par_1_23' title="bbox 1830 891 3367 962">
     <span class='ocr_line' id='line_1_23' title="bbox 1830 891 3367 962; baseline -0.003 -15"><span class='ocrx_word' id='word_1_179' title='bbox 1830 904 1884 948; x_wconf 89' lang='lat' dir='ltr'><strong>et</strong></span> <span class='ocrx_word' id='word_1_180' title='bbox 1907 894 1948 947; x_wconf 89' lang='lat' dir='ltr'><strong>si</strong></span> <span class='ocrx_word' id='word_1_181' title='bbox 1979 896 2099 962; x_wconf 88' lang='lat' dir='ltr'><strong>quis</strong></span> <span class='ocrx_word' id='word_1_182' title='bbox 2125 896 2435 961; x_wconf 84' lang='lat' dir='ltr'><strong>contingere</strong></span> <span class='ocrx_word' id='word_1_183' title='bbox 2461 902 2618 961; x_wconf 83' lang='lat' dir='ltr'><strong>atque</strong></span> <span class='ocrx_word' id='word_1_184' title='bbox 2641 901 2925 945; x_wconf 90' lang='lat' dir='ltr'><strong>attrectare</strong></span> <span class='ocrx_word' id='word_1_185' title='bbox 2940 891 3367 960; x_wconf 72' lang='lat' dir='ltr'><strong>(‘20)tentaverit,</strong></span> 
     </span>
    </p>
   </div>
   <div class='ocr_carea' id='block_1_24' title="bbox 1831 981 3370 1061">
    <p class='ocr_par' dir='ltr' id='par_1_24' title="bbox 1831 981 3370 1061">
     <span class='ocr_line' id='line_1_24' title="bbox 1831 981 3370 1061; baseline -0.003 -25"><span class='ocrx_word' id='word_1_186' title='bbox 1831 999 1932 1036; x_wconf 86' lang='lat' dir='ltr'><strong>nun</strong></span> <span class='ocrx_word' id='word_1_187' title='bbox 1967 984 2133 1051; x_wconf 85' lang='lat' dir='ltr'><strong>ferri,</strong></span> <span class='ocrx_word' id='word_1_188' title='bbox 2171 985 2262 1038; x_wconf 89' lang='lat' dir='ltr'><strong>sed</strong></span> <span class='ocrx_word' id='word_1_189' title='bbox 2300 985 2440 1051; x_wconf 80' lang='lat' dir='ltr'><strong>ignis</strong></span> <span class='ocrx_word' id='word_1_190' title='bbox 2467 984 2571 1036; x_wconf 85' lang='lat' dir='ltr'><strong>vim</strong></span> <span class='ocrx_word' id='word_1_191' title='bbox 2622 982 2843 1035; x_wconf 89' lang='lat' dir='ltr'><strong>sentiet.</strong></span> <span class='ocrx_word' id='word_1_192' title='bbox 2893 981 3003 1061; x_wconf 76' lang='lat' dir='ltr'><strong>lloc</strong></span> <span class='ocrx_word' id='word_1_193' title='bbox 3050 996 3177 1046; x_wconf 83' lang='lat' dir='ltr'><strong>ergo</strong></span> <span class='ocrx_word' id='word_1_194' title='bbox 3215 981 3370 1033; x_wconf 90' lang='lat' dir='ltr'><strong>modo</strong></span> 
     </span>
    </p>
   </div>
   <div class='ocr_carea' id='block_1_25' title="bbox 1831 1066 3371 1141">
    <p class='ocr_par' dir='ltr' id='par_1_25' title="bbox 1831 1066 3371 1141">
     <span class='ocr_line' id='line_1_25' title="bbox 1831 1066 3371 1141; baseline -0.001 -17"><span class='ocrx_word' id='word_1_195' title='bbox 1831 1074 1992 1125; x_wconf 89' lang='lat' dir='ltr'><strong>etiam</strong></span> <span class='ocrx_word' id='word_1_196' title='bbox 2033 1074 2120 1125; x_wconf 89' lang='lat' dir='ltr'><strong>illa</strong></span> <span class='ocrx_word' id='word_1_197' title='bbox 2169 1074 2349 1126; x_wconf 87' lang='lat' dir='ltr'><strong>anima</strong></span> <span class='ocrx_word' id='word_1_198' title='bbox 2375 1066 2514 1141; x_wconf 70' lang='lat' dir='ltr'><strong>quas,</strong></span> <span class='ocrx_word' id='word_1_199' title='bbox 2550 1073 2702 1140; x_wconf 89' lang='lat' dir='ltr'><strong>quasi</strong></span> <span class='ocrx_word' id='word_1_200' title='bbox 2761 1072 2960 1124; x_wconf 89' lang='lat' dir='ltr'><strong>ferrum</strong></span> <span class='ocrx_word' id='word_1_201' title='bbox 3002 1070 3053 1122; x_wconf 89' lang='lat' dir='ltr'><strong>in</strong></span> <span class='ocrx_word' id='word_1_202' title='bbox 3104 1072 3221 1139; x_wconf 89' lang='lat' dir='ltr'><strong>igne</strong></span> <span class='ocrx_word' id='word_1_203' title='bbox 3247 1111 3260 1133; x_wconf 93' lang='lat'><strong>,</strong></span> <span class='ocrx_word' id='word_1_204' title='bbox 3293 1070 3371 1122; x_wconf 90' lang='lat' dir='ltr'><strong>sic</strong></span> 
     </span>
    </p>
   </div>
   <div class='ocr_carea' id='block_1_26' title="bbox 1832 1161 3362 1231">
    <p class='ocr_par' dir='ltr' id='par_1_26' title="bbox 1832 1161 3362 1231">
     <span class='ocr_line' id='line_1_26' title="bbox 1832 1161 3362 1231; baseline -0.004 -14"><span class='ocrx_word' id='word_1_205' title='bbox 1832 1179 2041 1231; x_wconf 85' lang='lat' dir='ltr'><strong>semper</strong></span> <span class='ocrx_word' id='word_1_206' title='bbox 2073 1166 2123 1217; x_wconf 92' lang='lat' dir='ltr'><strong>in</strong></span> <span class='ocrx_word' id='word_1_207' title='bbox 2153 1164 2360 1227; x_wconf 86' lang='lat' dir='ltr'><strong>Verbo,</strong></span> <span class='ocrx_word' id='word_1_208' title='bbox 2402 1177 2626 1230; x_wconf 70' lang='lat' dir='ltr'><strong>semper</strong></span> <span class='ocrx_word' id='word_1_209' title='bbox 2657 1162 2707 1213; x_wconf 91' lang='lat' dir='ltr'><strong>in</strong></span> <span class='ocrx_word' id='word_1_210' title='bbox 2750 1161 3036 1228; x_wconf 86' lang='lat' dir='ltr'><strong>sapientia,</strong></span> <span class='ocrx_word' id='word_1_211' title='bbox 3071 1176 3281 1228; x_wconf 87' lang='lat' dir='ltr'><strong>semper</strong></span> <span class='ocrx_word' id='word_1_212' title='bbox 3313 1161 3362 1211; x_wconf 94' lang='lat' dir='ltr'><strong>in</strong></span> 
     </span>
    </p>
   </div>
   <div class='ocr_carea' id='block_1_27' title="bbox 1831 1246 3364 1322">
    <p class='ocr_par' dir='ltr' id='par_1_27' title="bbox 1831 1246 3364 1322">
     <span class='ocr_line' id='line_1_27' title="bbox 1831 1246 3364 1322; baseline -0.002 -17"><span class='ocrx_word' id='word_1_213' title='bbox 1831 1253 1940 1307; x_wconf 90' lang='lat' dir='ltr'><strong>Deo</strong></span> <span class='ocrx_word' id='word_1_214' title='bbox 1974 1253 2146 1320; x_wconf 89' lang='lat' dir='ltr'><strong>posita</strong></span> <span class='ocrx_word' id='word_1_215' title='bbox 2177 1262 2276 1315; x_wconf 89' lang='lat' dir='ltr'><strong>est,</strong></span> <span class='ocrx_word' id='word_1_216' title='bbox 2315 1267 2472 1307; x_wconf 91' lang='lat' dir='ltr'><strong>omne</strong></span> <span class='ocrx_word' id='word_1_217' title='bbox 2504 1246 2642 1322; x_wconf 85' lang='lat' dir='ltr'><strong>quod</strong></span> <span class='ocrx_word' id='word_1_218' title='bbox 2667 1251 2796 1320; x_wconf 84' lang='lat' dir='ltr'><strong>agit,</strong></span> <span class='ocrx_word' id='word_1_219' title='bbox 2827 1249 2967 1318; x_wconf 89' lang='lat' dir='ltr'><strong>quod</strong></span> <span class='ocrx_word' id='word_1_220' title='bbox 2999 1250 3191 1312; x_wconf 88' lang='lat' dir='ltr'><strong>sentit,</strong></span> <span class='ocrx_word' id='word_1_221' title='bbox 3225 1250 3364 1316; x_wconf 88' lang='lat' dir='ltr'><strong>quod</strong></span> 
     </span>
    </p>
   </div>
   <div class='ocr_carea' id='block_1_28' title="bbox 1832 1339 3370 1412">
    <p class='ocr_par' dir='ltr' id='par_1_28' title="bbox 1832 1339 3370 1412">
     <span class='ocr_line' id='line_1_28' title="bbox 1832 1339 3370 1412; baseline -0.004 -16"><span class='ocrx_word' id='word_1_222' title='bbox 1832 1343 2074 1412; x_wconf 85' lang='lat' dir='ltr'><strong>intelligit</strong></span> <span class='ocrx_word' id='word_1_223' title='bbox 2099 1383 2113 1407; x_wconf 92' lang='lat'><strong>,</strong></span> <span class='ocrx_word' id='word_1_224' title='bbox 2167 1345 2306 1397; x_wconf 90' lang='lat' dir='ltr'><strong>Dens</strong></span> <span class='ocrx_word' id='word_1_225' title='bbox 2341 1352 2456 1406; x_wconf 75' lang='lat' dir='ltr'><strong>est;</strong></span> <span class='ocrx_word' id='word_1_226' title='bbox 2513 1351 2566 1396; x_wconf 87' lang='lat' dir='ltr'><strong>et</strong></span> <span class='ocrx_word' id='word_1_227' title='bbox 2595 1342 2714 1395; x_wconf 90' lang='lat' dir='ltr'><strong>ideo</strong></span> <span class='ocrx_word' id='word_1_228' title='bbox 2754 1357 2851 1394; x_wconf 90' lang='lat' dir='ltr'><strong>nec</strong></span> <span class='ocrx_word' id='word_1_229' title='bbox 2888 1339 3250 1395; x_wconf 89' lang='lat' dir='ltr'><strong>convertibilis</strong></span> <span class='ocrx_word' id='word_1_230' title='bbox 3279 1350 3370 1405; x_wconf 86' lang='lat' dir='ltr'><strong>aut</strong></span> 
     </span>
    </p>
   </div>
   <div class='ocr_carea' id='block_1_29' title="bbox 1832 1433 3365 1506">
    <p class='ocr_par' dir='ltr' id='par_1_29' title="bbox 1832 1433 3365 1506">
     <span class='ocr_line' id='line_1_29' title="bbox 1832 1433 3365 1506; baseline -0.004 -18"><span class='ocrx_word' id='word_1_231' title='bbox 1832 1436 2104 1490; x_wconf 84' lang='lat' dir='ltr'><strong>mutabilis</strong></span> <span class='ocrx_word' id='word_1_232' title='bbox 2136 1434 2237 1488; x_wconf 91' lang='lat' dir='ltr'><strong>dici</strong></span> <span class='ocrx_word' id='word_1_233' title='bbox 2287 1442 2502 1501; x_wconf 90' lang='lat' dir='ltr'><strong>potest,</strong></span> <span class='ocrx_word' id='word_1_234' title='bbox 2554 1449 2674 1506; x_wconf 68' lang='lat' dir='ltr'><strong>qua;</strong></span> <span class='ocrx_word' id='word_1_235' title='bbox 2708 1433 3272 1488; x_wconf 88' lang='lat' dir='ltr'><strong>inconvertibilitatem</strong></span> <span class='ocrx_word' id='word_1_236' title='bbox 3304 1445 3365 1485; x_wconf 77' lang='lat' dir='ltr'><strong>ex</strong></span> 
     </span>
    </p>
   </div>
   <div class='ocr_carea' id='block_1_30' title="bbox 1841 1506 3370 1590">
    <p class='ocr_par' dir='ltr' id='par_1_30' title="bbox 1841 1506 3370 1590">
     <span class='ocr_line' id='line_1_30' title="bbox 1841 1506 3370 1590; baseline -0.003 -12"><span class='ocrx_word' id='word_1_237' title='bbox 1841 1526 2000 1581; x_wconf 83' lang='lat' dir='ltr'><strong>Verbi</strong></span> <span class='ocrx_word' id='word_1_238' title='bbox 2036 1506 2138 1579; x_wconf 85' lang='lat' dir='ltr'><strong>Dei</strong></span> <span class='ocrx_word' id='word_1_239' title='bbox 2163 1525 2367 1578; x_wconf 88' lang='lat' dir='ltr'><strong>unitate</strong></span> <span class='ocrx_word' id='word_1_240' title='bbox 2397 1525 2764 1577; x_wconf 88' lang='lat' dir='ltr'><strong>indesinenter</strong></span> <span class='ocrx_word' id='word_1_241' title='bbox 2805 1524 2970 1590; x_wconf 83' lang='lat' dir='ltr'><strong>ignita</strong></span> <span class='ocrx_word' id='word_1_242' title='bbox 3003 1525 3254 1590; x_wconf 84' lang='lat' dir='ltr'><strong>possedit.</strong></span> <span class='ocrx_word' id='word_1_243' title='bbox 3291 1524 3370 1575; x_wconf 84' lang='lat' dir='ltr'><strong>Ad</strong></span> 
     </span>
    </p>
   </div>
   <div class='ocr_carea' id='block_1_31' title="bbox 1830 1609 3369 1680">
    <p class='ocr_par' dir='ltr' id='par_1_31' title="bbox 1830 1609 3369 1680">
     <span class='ocr_line' id='line_1_31' title="bbox 1830 1609 3369 1680; baseline -0.004 -13"><span class='ocrx_word' id='word_1_244' title='bbox 1830 1629 2016 1667; x_wconf 86' lang='lat' dir='ltr'><strong>omnes</strong></span> <span class='ocrx_word' id='word_1_245' title='bbox 2047 1613 2276 1680; x_wconf 89' lang='lat' dir='ltr'><strong>denique</strong></span> <span class='ocrx_word' id='word_1_246' title='bbox 2315 1621 2531 1665; x_wconf 74' lang='lat' dir='ltr'><strong>sanctos</strong></span> <span class='ocrx_word' id='word_1_247' title='bbox 2556 1615 2704 1664; x_wconf 88' lang='lat' dir='ltr'><strong>calor</strong></span> <span class='ocrx_word' id='word_1_248' title='bbox 2732 1611 2926 1678; x_wconf 88' lang='lat' dir='ltr'><strong>aliquis</strong></span> <span class='ocrx_word' id='word_1_249' title='bbox 2962 1609 3120 1663; x_wconf 86' lang='lat' dir='ltr'><strong>Verbi</strong></span> <span class='ocrx_word' id='word_1_250' title='bbox 3155 1611 3246 1664; x_wconf 88' lang='lat' dir='ltr'><strong>Dei</strong></span> <span class='ocrx_word' id='word_1_251' title='bbox 3273 1626 3369 1679; x_wconf 89' lang='lat' dir='ltr'><strong>pu-</strong></span> 
     </span>
    </p>
   </div>
   <div class='ocr_carea' id='block_1_32' title="bbox 1832 1702 3370 1771">
    <p class='ocr_par' dir='ltr' id='par_1_32' title="bbox 1832 1702 3370 1771">
     <span class='ocr_line' id='line_1_32' title="bbox 1832 1702 3370 1771; baseline 0.001 -17"><span class='ocrx_word' id='word_1_252' title='bbox 1832 1704 2020 1756; x_wconf 91' lang='lat' dir='ltr'><strong>tandus</strong></span> <span class='ocrx_word' id='word_1_253' title='bbox 2064 1714 2144 1756; x_wconf 89' lang='lat' dir='ltr'><strong>est</strong></span> <span class='ocrx_word' id='word_1_254' title='bbox 2179 1705 2518 1771; x_wconf 88' lang='lat' dir='ltr'><strong>pervenisse;</strong></span> <span class='ocrx_word' id='word_1_255' title='bbox 2571 1703 2621 1755; x_wconf 88' lang='lat' dir='ltr'><strong>in</strong></span> <span class='ocrx_word' id='word_1_256' title='bbox 2661 1702 2760 1754; x_wconf 91' lang='lat' dir='ltr'><strong>hac</strong></span> <span class='ocrx_word' id='word_1_257' title='bbox 2811 1711 2987 1755; x_wconf 89' lang='lat' dir='ltr'><strong>autem</strong></span> <span class='ocrx_word' id='word_1_258' title='bbox 3020 1702 3200 1754; x_wconf 89' lang='lat' dir='ltr'><strong>anima</strong></span> <span class='ocrx_word' id='word_1_259' title='bbox 3259 1703 3370 1770; x_wconf 87' lang='lat' dir='ltr'><strong>ipse</strong></span> 
     </span>
    </p>
   </div>
   <div class='ocr_carea' id='block_1_33' title="bbox 166 1779 3370 1863">
    <p class='ocr_par' dir='ltr' id='par_1_33' title="bbox 166 1779 3370 1863">
     <span class='ocr_line' id='line_1_33' title="bbox 166 1779 3370 1863; baseline 0.005 -34"><span class='ocrx_word' id='word_1_260' title='bbox 166 1792 368 1860; x_wconf 51' lang='lat' dir='ltr'><strong>sensus</strong></span> <span class='ocrx_word' id='word_1_261' title='bbox 397 1780 678 1847; x_wconf 81' lang='lat' dir='ltr'><strong>intrasset,</strong></span> <span class='ocrx_word' id='word_1_262' title='bbox 715 1786 788 1838; x_wconf 90' lang='lat' dir='ltr'><strong>ait</strong></span> <span class='ocrx_word' id='word_1_263' title='bbox 817 1804 830 1838; x_wconf 86' lang='lat'><strong>:</strong></span> <span class='ocrx_word' id='word_1_264' title='bbox 869 1804 885 1834; x_wconf 76' lang='grc' dir='ltr'>ι</span> <span class='ocrx_word' id='word_1_265' title='bbox 927 1786 1240 1856; x_wconf 87' lang='lat' dir='ltr'><strong>Priusquam</strong></span> <span class='ocrx_word' id='word_1_266' title='bbox 1273 1791 1432 1846; x_wconf 89' lang='lat' dir='ltr'><strong>sciret</strong></span> <span class='ocrx_word' id='word_1_267' title='bbox 1465 1810 1595 1863; x_wconf 88' lang='lat' dir='ltr'><strong>puer</strong></span> <span class='ocrx_word' id='word_1_268' title='bbox 1626 1811 1721 1862; x_wconf 89' lang='lat' dir='ltr'><strong>pa-</strong></span> <span class='ocrx_word' id='word_1_269' title='bbox 1756 1779 1798 1832; x_wconf 78' lang='grc' dir='ltr'>Β</span> <span class='ocrx_word' id='word_1_270' title='bbox 1831 1793 1967 1862; x_wconf 89' lang='lat' dir='ltr'><strong>ignis</strong></span> <span class='ocrx_word' id='word_1_271' title='bbox 2017 1793 2234 1846; x_wconf 80' lang='lat' dir='ltr'><strong>divinus</strong></span> <span class='ocrx_word' id='word_1_272' title='bbox 2288 1794 2718 1850; x_wconf 82' lang='lat' dir='ltr'><strong>substantialiter</strong></span> <span class='ocrx_word' id='word_1_273' title='bbox 2772 1793 3097 1859; x_wconf 89' lang='lat' dir='ltr'><strong>requievisse</strong></span> <span class='ocrx_word' id='word_1_274' title='bbox 3145 1793 3370 1862; x_wconf 64' lang='lat' dir='ltr'><strong>creden-</strong></span> 
     </span>
    </p>
   </div>
   <div class='ocr_carea' id='block_1_34' title="bbox 177 1876 1726 1954">
    <p class='ocr_par' dir='ltr' id='par_1_34' title="bbox 177 1876 1726 1954">
     <span class='ocr_line' id='line_1_34' title="bbox 177 1876 1726 1954; baseline 0.014 -37"><span class='ocrx_word' id='word_1_275' title='bbox 177 1876 316 1918; x_wconf 85' lang='lat' dir='ltr'><strong>trem</strong></span> <span class='ocrx_word' id='word_1_276' title='bbox 368 1880 459 1922; x_wconf 82' lang='lat' dir='ltr'><strong>aut</strong></span> <span class='ocrx_word' id='word_1_277' title='bbox 511 1882 1020 1942; x_wconf 81' lang='lat' dir='ltr'><strong>matrem.vocare,</strong></span> <span class='ocrx_word' id='word_1_278' title='bbox 1071 1881 1265 1933; x_wconf 82' lang='lat' dir='ltr'><strong>avertit</strong></span> <span class='ocrx_word' id='word_1_279' title='bbox 1317 1896 1374 1935; x_wconf 91' lang='lat' dir='ltr'><strong>se</strong></span> <span class='ocrx_word' id='word_1_280' title='bbox 1417 1885 1483 1937; x_wconf 91' lang='lat' dir='ltr'><strong>ab</strong></span> <span class='ocrx_word' id='word_1_281' title='bbox 1529 1885 1726 1954; x_wconf 88' lang='lat' dir='ltr'><strong>iniqui-</strong></span> 
     </span>
    </p>
   </div>
   <div class='ocr_carea' id='block_1_35' title="bbox 174 1959 425 2011">
    <p class='ocr_par' dir='ltr' id='par_1_35' title="bbox 174 1959 425 2011">
     <span class='ocr_line' id='line_1_35' title="bbox 174 1959 425 2011; baseline 0.004 -1"><span class='ocrx_word' id='word_1_282' title='bbox 174 1965 288 2010; x_wconf 83' lang='lat' dir='ltr'><strong>tate</strong></span> <span class='ocrx_word' id='word_1_283' title='bbox 309 1959 376 2010; x_wconf 79' lang='lat'><strong>”.</strong></span> <span class='ocrx_word' id='word_1_284' title='bbox 405 1978 425 2011; x_wconf 69' lang='grc' dir='ltr'><strong><em>ι</em></strong></span> 
     </span>
    </p>
   </div>
   <div class='ocr_carea' id='block_1_36' title="bbox 244 2048 1724 2132">
    <p class='ocr_par' dir='ltr' id='par_1_36' title="bbox 244 2048 1724 2132">
     <span class='ocr_line' id='line_1_36' title="bbox 244 2048 1724 2132; baseline 0.011 -30"><span class='ocrx_word' id='word_1_285' title='bbox 244 2048 297 2102; x_wconf 88' lang='lat'><strong>5.</strong></span> <span class='ocrx_word' id='word_1_286' title='bbox 332 2049 482 2113; x_wconf 88' lang='lat' dir='ltr'><strong>Quod</strong></span> <span class='ocrx_word' id='word_1_287' title='bbox 510 2051 555 2106; x_wconf 93' lang='lat' dir='ltr'><strong>si</strong></span> <span class='ocrx_word' id='word_1_288' title='bbox 593 2051 754 2106; x_wconf 90' lang='lat' dir='ltr'><strong>alicui</strong></span> <span class='ocrx_word' id='word_1_289' title='bbox 783 2055 1004 2132; x_wconf 33' lang='lat' dir='ltr'><strong>difﬁcile.</strong></span> <span class='ocrx_word' id='word_1_290' title='bbox 1040 2059 1330 2124; x_wconf 79' lang='lat' dir='ltr'><strong>videbitur,</strong></span> <span class='ocrx_word' id='word_1_291' title='bbox 1363 2077 1461 2129; x_wconf 90' lang='lat' dir='ltr'><strong>pro</strong></span> <span class='ocrx_word' id='word_1_292' title='bbox 1488 2080 1551 2118; x_wconf 90' lang='lat' dir='ltr'><strong>eo</strong></span> <span class='ocrx_word' id='word_1_293' title='bbox 1585 2069 1724 2132; x_wconf 88' lang='lat' dir='ltr'><strong>quod</strong></span> 
     </span>
    </p>
   </div>
   <div class='ocr_carea' id='block_1_37' title="bbox 174 2140 1726 2226">
    <p class='ocr_par' dir='ltr' id='par_1_37' title="bbox 174 2140 1726 2226">
     <span class='ocr_line' id='line_1_37' title="bbox 174 2140 1726 2226; baseline 0.013 -36"><span class='ocrx_word' id='word_1_294' title='bbox 174 2140 562 2196; x_wconf 82' lang='lat' dir='ltr'><strong>rationabilem</strong></span> <span class='ocrx_word' id='word_1_295' title='bbox 588 2145 819 2199; x_wconf 88' lang='lat' dir='ltr'><strong>animam</strong></span> <span class='ocrx_word' id='word_1_296' title='bbox 851 2163 971 2203; x_wconf 90' lang='lat' dir='ltr'><strong>esse</strong></span> <span class='ocrx_word' id='word_1_297' title='bbox 1011 2150 1070 2226; x_wconf 18' lang='lat' dir='ltr'><strong>in.</strong></span> <span class='ocrx_word' id='word_1_298' title='bbox 1093 2150 1306 2205; x_wconf 88' lang='lat' dir='ltr'><strong>Christo</strong></span> <span class='ocrx_word' id='word_1_299' title='bbox 1346 2169 1504 2220; x_wconf 79' lang='lat' dir='ltr'><strong>supra</strong></span> <span class='ocrx_word' id='word_1_300' title='bbox 1548 2165 1726 2209; x_wconf 87' lang='lat' dir='ltr'><strong>osten-</strong></span> 
     </span>
    </p>
   </div>
   <div class='ocr_carea' id='block_1_38' title="bbox 171 2227 1722 2304">
    <p class='ocr_par' dir='ltr' id='par_1_38' title="bbox 171 2227 1722 2304">
     <span class='ocr_line' id='line_1_38' title="bbox 171 2227 1722 2304; baseline 0.014 -26"><span class='ocrx_word' id='word_1_301' title='bbox 171 2227 356 2284; x_wconf 87' lang='lat' dir='ltr'><strong>dimus</strong></span> <span class='ocrx_word' id='word_1_302' title='bbox 381 2271 396 2294; x_wconf 91' lang='lat'><strong>,</strong></span> <span class='ocrx_word' id='word_1_303' title='bbox 432 2246 557 2285; x_wconf 92' lang='lat' dir='ltr'><strong>cum</strong></span> <span class='ocrx_word' id='word_1_304' title='bbox 610 2234 722 2303; x_wconf 72' lang='grc'><strong>(14)</strong></span> <span class='ocrx_word' id='word_1_305' title='bbox 756 2239 937 2304; x_wconf 89' lang='lat' dir='ltr'><strong>utique</strong></span> <span class='ocrx_word' id='word_1_306' title='bbox 961 2240 1258 2294; x_wconf 90' lang='lat' dir='ltr'><strong>animarum</strong></span> <span class='ocrx_word' id='word_1_307' title='bbox 1306 2254 1551 2298; x_wconf 89' lang='lat' dir='ltr'><strong>naturam</strong></span> <span class='ocrx_word' id='word_1_308' title='bbox 1601 2248 1722 2300; x_wconf 90' lang='lat' dir='ltr'><strong>boui</strong></span> 
     </span>
    </p>
   </div>
   <div class='ocr_carea' id='block_1_39' title="bbox 177 2320 1724 2399">
    <p class='ocr_par' dir='ltr' id='par_1_39' title="bbox 177 2320 1724 2399">
     <span class='ocr_line' id='line_1_39' title="bbox 177 2320 1724 2399; baseline 0.013 -29"><span class='ocrx_word' id='word_1_309' title='bbox 177 2320 415 2387; x_wconf 89' lang='lat' dir='ltr'><strong>malique</strong></span> <span class='ocrx_word' id='word_1_310' title='bbox 451 2337 702 2391; x_wconf 87' lang='lat' dir='ltr'><strong>capacem</strong></span> <span class='ocrx_word' id='word_1_311' title='bbox 752 2341 844 2394; x_wconf 90' lang='lat' dir='ltr'><strong>per</strong></span> <span class='ocrx_word' id='word_1_312' title='bbox 872 2342 1060 2383; x_wconf 89' lang='lat' dir='ltr'><strong>omnes</strong></span> <span class='ocrx_word' id='word_1_313' title='bbox 1091 2332 1473 2399; x_wconf 83' lang='lat' dir='ltr'><strong>disputationes</strong></span> <span class='ocrx_word' id='word_1_314' title='bbox 1517 2346 1724 2390; x_wconf 90' lang='lat' dir='ltr'><strong>nostras</strong></span> 
     </span>
    </p>
   </div>
   <div class='ocr_carea' id='block_1_40' title="bbox 174 2405 1721 2492">
    <p class='ocr_par' dir='ltr' id='par_1_40' title="bbox 174 2405 1721 2492">
     <span class='ocr_line' id='line_1_40' title="bbox 174 2405 1721 2492; baseline 0.014 -35"><span class='ocrx_word' id='word_1_315' title='bbox 174 2405 492 2475; x_wconf 78' lang='lat' dir='ltr'><strong>frequenter</strong></span> <span class='ocrx_word' id='word_1_316' title='bbox 517 2414 872 2476; x_wconf 84' lang='lat' dir='ltr'><strong>ostendimus,</strong></span> <span class='ocrx_word' id='word_1_317' title='bbox 902 2418 1002 2470; x_wconf 91' lang='lat' dir='ltr'><strong>hoc</strong></span> <span class='ocrx_word' id='word_1_318' title='bbox 1048 2424 1202 2472; x_wconf 89' lang='lat' dir='ltr'><strong>modo</strong></span> <span class='ocrx_word' id='word_1_319' title='bbox 1232 2424 1305 2475; x_wconf 89' lang='lat' dir='ltr'><strong>rei</strong></span> <span class='ocrx_word' id='word_1_320' title='bbox 1351 2423 1502 2490; x_wconf 87' lang='lat' dir='ltr'><strong>hujus</strong></span> <span class='ocrx_word' id='word_1_321' title='bbox 1535 2425 1721 2492; x_wconf 77' lang='lat' dir='ltr'><strong>expla-</strong></span> 
     </span>
    </p>
   </div>
   <div class='ocr_carea' id='block_1_41' title="bbox 170 2495 1723 2586">
    <p class='ocr_par' dir='ltr' id='par_1_41' title="bbox 170 2495 1723 2586">
     <span class='ocr_line' id='line_1_41' title="bbox 170 2495 1723 2586; baseline 0.01 -36"><span class='ocrx_word' id='word_1_322' title='bbox 170 2495 393 2575; x_wconf 75' lang='lat' dir='ltr'><strong>nabitur</strong></span> <span class='ocrx_word' id='word_1_323' title='bbox 418 2498 721 2555; x_wconf 79' lang='lat' dir='ltr'><strong>difﬁcultas.</strong></span> <span class='ocrx_word' id='word_1_324' title='bbox 780 2504 1036 2559; x_wconf 80' lang='lat' dir='ltr'><strong>Naturam</strong></span> <span class='ocrx_word' id='word_1_325' title='bbox 1084 2509 1296 2576; x_wconf 79' lang='lat' dir='ltr'><strong>quidem</strong></span> <span class='ocrx_word' id='word_1_326' title='bbox 1345 2512 1534 2586; x_wconf 65' lang='lat' dir='ltr'><strong>animae</strong></span> <span class='ocrx_word' id='word_1_327' title='bbox 1583 2512 1723 2566; x_wconf 89' lang='lat' dir='ltr'><strong>illius</strong></span> 
     </span>
    </p>
   </div>
   <div class='ocr_carea' id='block_1_42' title="bbox 177 2586 1722 2670">
    <p class='ocr_par' dir='ltr' id='par_1_42' title="bbox 177 2586 1722 2670">
     <span class='ocr_line' id='line_1_42' title="bbox 177 2586 1722 2670; baseline 0.012 -32"><span class='ocrx_word' id='word_1_328' title='bbox 177 2586 322 2640; x_wconf 88' lang='lat' dir='ltr'><strong>hanc</strong></span> <span class='ocrx_word' id='word_1_329' title='bbox 345 2586 508 2642; x_wconf 75' lang='lat' dir='ltr'><strong>fuisse</strong></span> <span class='ocrx_word' id='word_1_330' title='bbox 535 2604 656 2656; x_wconf 65' lang='lat' dir='ltr'><strong>quae</strong></span> <span class='ocrx_word' id='word_1_331' title='bbox 676 2603 757 2646; x_wconf 84' lang='lat' dir='ltr'><strong>est</strong></span> <span class='ocrx_word' id='word_1_332' title='bbox 778 2595 1016 2648; x_wconf 91' lang='lat' dir='ltr'><strong>omnium</strong></span> <span class='ocrx_word' id='word_1_333' title='bbox 1049 2599 1374 2663; x_wconf 88' lang='lat' dir='ltr'><strong>animarum,</strong></span> <span class='ocrx_word' id='word_1_334' title='bbox 1405 2615 1508 2653; x_wconf 90' lang='lat' dir='ltr'><strong>non</strong></span> <span class='ocrx_word' id='word_1_335' title='bbox 1544 2612 1722 2670; x_wconf 89' lang='lat' dir='ltr'><strong>potest</strong></span> 
     </span>
    </p>
   </div>
   <div class='ocr_carea' id='block_1_43' title="bbox 169 2676 1721 2756">
    <p class='ocr_par' dir='ltr' id='par_1_43' title="bbox 169 2676 1721 2756">
     <span class='ocr_line' id='line_1_43' title="bbox 169 2676 1721 2756; baseline 0.014 -30"><span class='ocrx_word' id='word_1_336' title='bbox 169 2676 408 2731; x_wconf 88' lang='lat' dir='ltr'><strong>dubitari</strong></span> <span class='ocrx_word' id='word_1_337' title='bbox 434 2696 449 2744; x_wconf 90' lang='lat'><strong>;</strong></span> <span class='ocrx_word' id='word_1_338' title='bbox 473 2680 707 2749; x_wconf 85' lang='lat' dir='ltr'><strong>alioquin</strong></span> <span class='ocrx_word' id='word_1_339' title='bbox 742 2698 841 2738; x_wconf 92' lang='lat' dir='ltr'><strong>nec</strong></span> <span class='ocrx_word' id='word_1_340' title='bbox 864 2686 964 2739; x_wconf 86' lang='lat' dir='ltr'><strong>dici</strong></span> <span class='ocrx_word' id='word_1_341' title='bbox 987 2689 1160 2740; x_wconf 88' lang='lat' dir='ltr'><strong>anima</strong></span> <span class='ocrx_word' id='word_1_342' title='bbox 1185 2691 1373 2756; x_wconf 92' lang='lat' dir='ltr'><strong>potuit,</strong></span> <span class='ocrx_word' id='word_1_343' title='bbox 1397 2691 1440 2744; x_wconf 93' lang='lat' dir='ltr'><strong>si</strong></span> <span class='ocrx_word' id='word_1_344' title='bbox 1472 2707 1595 2746; x_wconf 89' lang='lat' dir='ltr'><strong>vere</strong></span> <span class='ocrx_word' id='word_1_345' title='bbox 1616 2708 1721 2747; x_wconf 90' lang='lat' dir='ltr'><strong>non</strong></span> 
     </span>
    </p>
   </div>
   <div class='ocr_carea' id='block_1_44' title="bbox 170 2765 1726 2857">
    <p class='ocr_par' dir='ltr' id='par_1_44' title="bbox 170 2765 1726 2857">
     <span class='ocr_line' id='line_1_44' title="bbox 170 2765 1726 2857; baseline 0.013 -41"><span class='ocrx_word' id='word_1_346' title='bbox 170 2765 271 2857; x_wconf 66' lang='lat' dir='ltr'><strong>fuit</strong></span> <span class='ocrx_word' id='word_1_347' title='bbox 289 2768 488 2857; x_wconf 81' lang='lat' dir='ltr'><strong>anima.</strong></span> <span class='ocrx_word' id='word_1_348' title='bbox 507 2769 699 2825; x_wconf 81' lang='lat' dir='ltr'><strong>Verum</strong></span> <span class='ocrx_word' id='word_1_349' title='bbox 713 2775 1223 2857; x_wconf 51' lang='lat' dir='ltr'><strong>quoniam.(l_5)honi</strong></span> <span class='ocrx_word' id='word_1_350' title='bbox 1242 2779 1473 2848; x_wconf 88' lang='lat' dir='ltr'><strong>malique</strong></span> <span class='ocrx_word' id='word_1_351' title='bbox 1493 2783 1726 2852; x_wconf 84' lang='lat' dir='ltr'><strong>eligendi</strong></span> 
     </span>
    </p>
   </div>
   <div class='ocr_carea' id='block_1_45' title="bbox 170 2855 1722 2938">
    <p class='ocr_par' dir='ltr' id='par_1_45' title="bbox 170 2855 1722 2938">
     <span class='ocr_line' id='line_1_45' title="bbox 170 2855 1722 2938; baseline 0.012 -29"><span class='ocrx_word' id='word_1_352' title='bbox 170 2855 403 2911; x_wconf 80' lang='lat' dir='ltr'><strong>facultas</strong></span> <span class='ocrx_word' id='word_1_353' title='bbox 430 2860 678 2915; x_wconf 90' lang='lat' dir='ltr'><strong>omnibus</strong></span> <span class='ocrx_word' id='word_1_354' title='bbox 710 2873 902 2932; x_wconf 68' lang='lat' dir='ltr'><strong>praesto</strong></span> <span class='ocrx_word' id='word_1_355' title='bbox 927 2855 1033 2929; x_wconf 82' lang='lat' dir='ltr'><strong>est,</strong></span> <span class='ocrx_word' id='word_1_356' title='bbox 1061 2867 1172 2920; x_wconf 72' lang='lat' dir='ltr'><strong>liter.</strong></span> <span class='ocrx_word' id='word_1_357' title='bbox 1194 2869 1367 2921; x_wconf 90' lang='lat' dir='ltr'><strong>anima</strong></span> <span class='ocrx_word' id='word_1_358' title='bbox 1390 2883 1508 2938; x_wconf 68' lang='lat' dir='ltr'><strong>quae</strong></span> <span class='ocrx_word' id='word_1_359' title='bbox 1525 2857 1722 2928; x_wconf 80' lang='lat' dir='ltr'><strong>Christi</strong></span> 
     </span>
    </p>
   </div>
   <div class='ocr_carea' id='block_1_46' title="bbox 170 2945 1724 3025">
    <p class='ocr_par' dir='ltr' id='par_1_46' title="bbox 170 2945 1724 3025">
     <span class='ocr_line' id='line_1_46' title="bbox 170 2945 1724 3025; baseline 0.008 -25"><span class='ocrx_word' id='word_1_360' title='bbox 170 2945 415 3014; x_wconf 74' lang='lat' dir='ltr'><strong>est(lt3),</strong></span> <span class='ocrx_word' id='word_1_361' title='bbox 441 2947 513 3000; x_wconf 80' lang='lat' dir='ltr'><strong>ita</strong></span> <span class='ocrx_word' id='word_1_362' title='bbox 547 2948 704 3019; x_wconf 85' lang='lat' dir='ltr'><strong>elegit</strong></span> <span class='ocrx_word' id='word_1_363' title='bbox 731 2952 954 3021; x_wconf 89' lang='lat' dir='ltr'><strong>diligere</strong></span> <span class='ocrx_word' id='word_1_364' title='bbox 973 2953 1255 3022; x_wconf 90' lang='lat' dir='ltr'><strong>justitiam,</strong></span> <span class='ocrx_word' id='word_1_365' title='bbox 1282 2963 1456 3025; x_wconf 92' lang='lat' dir='ltr'><strong>utpro</strong></span> <span class='ocrx_word' id='word_1_366' title='bbox 1498 2958 1724 3012; x_wconf 88' lang='lat' dir='ltr'><strong>immen-</strong></span> 
     </span>
    </p>
   </div>
   <div class='ocr_carea' id='block_1_47' title="bbox 167 3037 1722 3117">
    <p class='ocr_par' dir='ltr' id='par_1_47' title="bbox 167 3037 1722 3117">
     <span class='ocr_line' id='line_1_47' title="bbox 167 3037 1722 3117; baseline 0.01 -30"><span class='ocrx_word' id='word_1_367' title='bbox 167 3040 336 3088; x_wconf 80' lang='lat' dir='ltr'><strong>sitate</strong></span> <span class='ocrx_word' id='word_1_368' title='bbox 357 3037 659 3094; x_wconf 83' lang='lat' dir='ltr'><strong>dilectionis</strong></span> <span class='ocrx_word' id='word_1_369' title='bbox 682 3041 1158 3104; x_wconf 78' lang='lat' dir='ltr'><strong>inconvertibiliter</strong></span> <span class='ocrx_word' id='word_1_370' title='bbox 1179 3046 1226 3099; x_wconf 87' lang='lat' dir='ltr'><strong>ei</strong></span> <span class='ocrx_word' id='word_1_371' title='bbox 1256 3055 1417 3114; x_wconf 88' lang='lat' dir='ltr'><strong>atque</strong></span> <span class='ocrx_word' id='word_1_372' title='bbox 1445 3050 1722 3117; x_wconf 87' lang='lat' dir='ltr'><strong>insepara-</strong></span> 
     </span>
    </p>
   </div>
   <div class='ocr_carea' id='block_1_48' title="bbox 170 3099 1790 3201">
    <p class='ocr_par' dir='ltr' id='par_1_48' title="bbox 170 3099 1790 3201">
     <span class='ocr_line' id='line_1_48' title="bbox 170 3099 1790 3201; baseline 0.009 -25"><span class='ocrx_word' id='word_1_373' title='bbox 170 3125 355 3178; x_wconf 84' lang='lat' dir='ltr'><strong>biliter</strong></span> <span class='ocrx_word' id='word_1_374' title='bbox 378 3125 489 3194; x_wconf 83' lang='lat' dir='ltr'><strong>(l7)</strong></span> <span class='ocrx_word' id='word_1_375' title='bbox 509 3126 813 3193; x_wconf 58' lang='lat' dir='ltr'><strong>inhaereret,</strong></span> <span class='ocrx_word' id='word_1_376' title='bbox 843 3099 1002 3184; x_wconf 29' lang='lat' dir='ltr'><strong>ita‘ut</strong></span> <span class='ocrx_word' id='word_1_377' title='bbox 1029 3133 1286 3201; x_wconf 91' lang='lat' dir='ltr'><strong>pr0positi</strong></span> <span class='ocrx_word' id='word_1_378' title='bbox 1309 3099 1722 3199; x_wconf 17' lang='lat' dir='ltr'><strong>firmitasye‘tarf-</strong></span> <span class='ocrx_word' id='word_1_379' title='bbox 1749 3099 1790 3155; x_wconf 64' lang='grc' dir='ltr'>Ο</span> 
     </span>
    </p>
   </div>
   <div class='ocr_carea' id='block_1_49' title="bbox 169 3214 1720 3293">
    <p class='ocr_par' dir='ltr' id='par_1_49' title="bbox 169 3214 1720 3293">
     <span class='ocr_line' id='line_1_49' title="bbox 169 3214 1720 3293; baseline 0.01 -29"><span class='ocrx_word' id='word_1_380' title='bbox 169 3214 348 3267; x_wconf 87' lang='lat' dir='ltr'><strong>fectus</strong></span> <span class='ocrx_word' id='word_1_381' title='bbox 375 3215 726 3283; x_wconf 87' lang='lat' dir='ltr'><strong>immensitas,</strong></span> <span class='ocrx_word' id='word_1_382' title='bbox 755 3229 808 3272; x_wconf 91' lang='lat' dir='ltr'><strong>et</strong></span> <span class='ocrx_word' id='word_1_383' title='bbox 833 3221 1131 3276; x_wconf 81' lang='lat' dir='ltr'><strong>dilectionis</strong></span> <span class='ocrx_word' id='word_1_384' title='bbox 1160 3224 1606 3293; x_wconf 71' lang='lat' dir='ltr'><strong>iuexstinguibilis</strong></span> <span class='ocrx_word' id='word_1_385' title='bbox 1629 3243 1720 3282; x_wconf 90' lang='lat' dir='ltr'><strong>ca-</strong></span> 
     </span>
    </p>
   </div>
   <div class='ocr_carea' id='block_1_50' title="bbox 168 3304 1723 3382">
    <p class='ocr_par' dir='ltr' id='par_1_50' title="bbox 168 3304 1723 3382">
     <span class='ocr_line' id='line_1_50' title="bbox 168 3304 1723 3382; baseline 0.012 -27"><span class='ocrx_word' id='word_1_386' title='bbox 168 3304 272 3368; x_wconf 91' lang='lat' dir='ltr'><strong>lor,</strong></span> <span class='ocrx_word' id='word_1_387' title='bbox 293 3321 504 3358; x_wconf 89' lang='lat' dir='ltr'><strong>omuem</strong></span> <span class='ocrx_word' id='word_1_388' title='bbox 531 3321 743 3362; x_wconf 87' lang='lat' dir='ltr'><strong>sensum</strong></span> <span class='ocrx_word' id='word_1_389' title='bbox 767 3313 1129 3366; x_wconf 83' lang='lat' dir='ltr'><strong>conversionis</strong></span> <span class='ocrx_word' id='word_1_390' title='bbox 1154 3325 1308 3382; x_wconf 87' lang='lat' dir='ltr'><strong>atque</strong></span> <span class='ocrx_word' id='word_1_391' title='bbox 1338 3315 1723 3374; x_wconf 86' lang='lat' dir='ltr'><strong>immutationis</strong></span> 
     </span>
    </p>
   </div>
   <div class='ocr_carea' id='block_1_51' title="bbox 165 3387 1720 3478">
    <p class='ocr_par' dir='ltr' id='par_1_51' title="bbox 165 3387 1720 3478">
     <span class='ocr_line' id='line_1_51' title="bbox 165 3387 1720 3478; baseline 0.01 -30"><span class='ocrx_word' id='word_1_392' title='bbox 165 3397 534 3462; x_wconf 72' lang='lat' dir='ltr'><strong>abscinderet,</strong></span> <span class='ocrx_word' id='word_1_393' title='bbox 562 3408 616 3451; x_wconf 88' lang='lat' dir='ltr'><strong>et</strong></span> <span class='ocrx_word' id='word_1_394' title='bbox 648 3402 790 3467; x_wconf 86' lang='lat' dir='ltr'><strong>quod</strong></span> <span class='ocrx_word' id='word_1_395' title='bbox 818 3402 870 3455; x_wconf 92' lang='lat' dir='ltr'><strong>in</strong></span> <span class='ocrx_word' id='word_1_396' title='bbox 899 3403 1123 3458; x_wconf 87' lang='lat' dir='ltr'><strong>arbitrio</strong></span> <span class='ocrx_word' id='word_1_397' title='bbox 1149 3413 1266 3459; x_wconf 87' lang='lat' dir='ltr'><strong>erat</strong></span> <span class='ocrx_word' id='word_1_398' title='bbox 1294 3387 1546 3473; x_wconf 84' lang='lat' dir='ltr'><strong>positum,</strong></span> <span class='ocrx_word' id='word_1_399' title='bbox 1578 3409 1720 3478; x_wconf 87' lang='lat' dir='ltr'><strong>longi</strong></span> 
     </span>
    </p>
   </div>
   <div class='ocr_carea' id='block_1_52' title="bbox 169 3486 1719 3556">
    <p class='ocr_par' dir='ltr' id='par_1_52' title="bbox 169 3486 1719 3556">
     <span class='ocr_line' id='line_1_52' title="bbox 169 3486 1719 3556; baseline 0.012 -20"><span class='ocrx_word' id='word_1_400' title='bbox 169 3501 304 3539; x_wconf 84' lang='lat' dir='ltr'><strong>usus</strong></span> <span class='ocrx_word' id='word_1_401' title='bbox 353 3486 545 3540; x_wconf 79' lang='lat' dir='ltr'><strong>atl&#39;ectu</strong></span> <span class='ocrx_word' id='word_1_402' title='bbox 574 3487 687 3553; x_wconf 90' lang='lat' dir='ltr'><strong>jam</strong></span> <span class='ocrx_word' id='word_1_403' title='bbox 738 3506 954 3545; x_wconf 88' lang='lat' dir='ltr'><strong>versum</strong></span> <span class='ocrx_word' id='word_1_404' title='bbox 1013 3496 1080 3546; x_wconf 92' lang='lat' dir='ltr'><strong>sit</strong></span> <span class='ocrx_word' id='word_1_405' title='bbox 1117 3495 1168 3547; x_wconf 92' lang='lat' dir='ltr'><strong>in</strong></span> <span class='ocrx_word' id='word_1_406' title='bbox 1225 3501 1501 3549; x_wconf 86' lang='lat' dir='ltr'><strong>naturam:</strong></span> <span class='ocrx_word' id='word_1_407' title='bbox 1560 3499 1632 3552; x_wconf 88' lang='lat' dir='ltr'><strong>ita</strong></span> <span class='ocrx_word' id='word_1_408' title='bbox 1665 3513 1719 3556; x_wconf 85' lang='lat' dir='ltr'><strong>et</strong></span> 
     </span>
    </p>
   </div>
   <div class='ocr_carea' id='block_1_53' title="bbox 169 3577 1718 3646">
    <p class='ocr_par' dir='ltr' id='par_1_53' title="bbox 169 3577 1718 3646">
     <span class='ocr_line' id='line_1_53' title="bbox 169 3577 1718 3646; baseline 0.012 -18"><span class='ocrx_word' id='word_1_409' title='bbox 169 3577 340 3632; x_wconf 85' lang='lat' dir='ltr'><strong>fuisse</strong></span> <span class='ocrx_word' id='word_1_410' title='bbox 375 3580 588 3646; x_wconf 91' lang='lat' dir='ltr'><strong>quidem</strong></span> <span class='ocrx_word' id='word_1_411' title='bbox 615 3582 666 3631; x_wconf 88' lang='lat' dir='ltr'><strong>in</strong></span> <span class='ocrx_word' id='word_1_412' title='bbox 722 3577 938 3636; x_wconf 84' lang='lat' dir='ltr'><strong>Christo</strong></span> <span class='ocrx_word' id='word_1_413' title='bbox 994 3580 1222 3638; x_wconf 88' lang='lat' dir='ltr'><strong>humana</strong></span> <span class='ocrx_word' id='word_1_414' title='bbox 1274 3597 1329 3639; x_wconf 91' lang='lat' dir='ltr'><strong>et</strong></span> <span class='ocrx_word' id='word_1_415' title='bbox 1378 3588 1718 3646; x_wconf 84' lang='lat' dir='ltr'><strong>rationabilis</strong></span> 
     </span>
    </p>
   </div>
   <div class='ocr_carea' id='block_1_54' title="bbox 167 3667 1719 3749">
    <p class='ocr_par' dir='ltr' id='par_1_54' title="bbox 167 3667 1719 3749">
     <span class='ocr_line' id='line_1_54' title="bbox 167 3667 1719 3749; baseline 0.012 -32"><span class='ocrx_word' id='word_1_416' title='bbox 167 3667 351 3719; x_wconf 89' lang='lat' dir='ltr'><strong>anima</strong></span> <span class='ocrx_word' id='word_1_417' title='bbox 380 3669 648 3721; x_wconf 87' lang='lat' dir='ltr'><strong>credenda</strong></span> <span class='ocrx_word' id='word_1_418' title='bbox 676 3680 757 3722; x_wconf 92' lang='lat' dir='ltr'><strong>est</strong></span> <span class='ocrx_word' id='word_1_419' title='bbox 787 3671 920 3740; x_wconf 86' lang='grc'><strong>(18),</strong></span> <span class='ocrx_word' id='word_1_420' title='bbox 941 3683 996 3726; x_wconf 93' lang='lat' dir='ltr'><strong>et</strong></span> <span class='ocrx_word' id='word_1_421' title='bbox 1017 3675 1216 3727; x_wconf 90' lang='lat' dir='ltr'><strong>nullum</strong></span> <span class='ocrx_word' id='word_1_422' title='bbox 1248 3692 1460 3730; x_wconf 84' lang='lat' dir='ltr'><strong>sensum</strong></span> <span class='ocrx_word' id='word_1_423' title='bbox 1487 3679 1568 3732; x_wconf 88' lang='lat' dir='ltr'><strong>vel</strong></span> <span class='ocrx_word' id='word_1_424' title='bbox 1597 3696 1719 3749; x_wconf 87' lang='lat' dir='ltr'><strong>pos-</strong></span> 
     </span>
    </p>
   </div>
   <div class='ocr_carea' id='block_1_55' title="bbox 169 3757 1610 3834">
    <p class='ocr_par' dir='ltr' id='par_1_55' title="bbox 169 3757 1610 3834">
     <span class='ocr_line' id='line_1_55' title="bbox 169 3757 1610 3834; baseline 0.01 -26"><span class='ocrx_word' id='word_1_425' title='bbox 169 3757 492 3812; x_wconf 87' lang='lat' dir='ltr'><strong>sibilitatem</strong></span> <span class='ocrx_word' id='word_1_426' title='bbox 523 3773 640 3811; x_wconf 89' lang='lat' dir='ltr'><strong>eam</strong></span> <span class='ocrx_word' id='word_1_427' title='bbox 673 3763 965 3826; x_wconf 82' lang='lat' dir='ltr'><strong>putandum</strong></span> <span class='ocrx_word' id='word_1_428' title='bbox 997 3775 1080 3817; x_wconf 87' lang='lat' dir='ltr'><strong>est</strong></span> <span class='ocrx_word' id='word_1_429' title='bbox 1106 3766 1354 3820; x_wconf 89' lang='lat' dir='ltr'><strong>habuisse</strong></span> <span class='ocrx_word' id='word_1_430' title='bbox 1385 3772 1610 3834; x_wconf 89' lang='lat' dir='ltr'><strong>peccati.</strong></span> 
     </span>
    </p>
   </div>
   <div class='ocr_carea' id='block_1_56' title="bbox 239 3851 1752 3924">
    <p class='ocr_par' dir='ltr' id='par_1_56' title="bbox 239 3851 1752 3924">
     <span class='ocr_line' id='line_1_56' title="bbox 239 3851 1752 3924; baseline 0.009 -22"><span class='ocrx_word' id='word_1_431' title='bbox 239 3851 294 3903; x_wconf 88' lang='lat'><strong>6.</strong></span> <span class='ocrx_word' id='word_1_432' title='bbox 333 3851 428 3903; x_wconf 82' lang='lat' dir='ltr'><strong>.Ad</strong></span> <span class='ocrx_word' id='word_1_433' title='bbox 461 3852 750 3918; x_wconf 89' lang='lat' dir='ltr'><strong>pleniorem</strong></span> <span class='ocrx_word' id='word_1_434' title='bbox 795 3860 972 3909; x_wconf 86' lang='lat' dir='ltr'><strong>tamen</strong></span> <span class='ocrx_word' id='word_1_435' title='bbox 1026 3857 1098 3908; x_wconf 90' lang='lat' dir='ltr'><strong>rei</strong></span> <span class='ocrx_word' id='word_1_436' title='bbox 1148 3857 1573 3924; x_wconf 77' lang='lat' dir='ltr'><strong>explanationem</strong></span> <span class='ocrx_word' id='word_1_437' title='bbox 1613 3879 1714 3919; x_wconf 81' lang='lat' dir='ltr'><strong>non</strong></span> <span class='ocrx_word' id='word_1_438' title='bbox 1747 3871 1752 3874; x_wconf 75' lang='grc'><strong><em>“</em></strong></span> 
     </span>
    </p>
   </div>
   <div class='ocr_carea' id='block_1_57' title="bbox 168 3934 1714 4021">
    <p class='ocr_par' dir='ltr' id='par_1_57' title="bbox 168 3934 1714 4021">
     <span class='ocr_line' id='line_1_57' title="bbox 168 3934 1714 4021; baseline 0.012 -32"><span class='ocrx_word' id='word_1_439' title='bbox 168 3939 392 3992; x_wconf 86' lang='lat' dir='ltr'><strong>videtur</strong></span> <span class='ocrx_word' id='word_1_440' title='bbox 438 3934 773 4008; x_wconf 81' lang='lat' dir='ltr'><strong>absurdum,</strong></span> <span class='ocrx_word' id='word_1_441' title='bbox 822 3945 866 3999; x_wconf 90' lang='lat' dir='ltr'><strong>si</strong></span> <span class='ocrx_word' id='word_1_442' title='bbox 925 3945 1084 3998; x_wconf 85' lang='lat' dir='ltr'><strong>etiam</strong></span> <span class='ocrx_word' id='word_1_443' title='bbox 1142 3947 1493 4003; x_wconf 72' lang='lat' dir='ltr'><strong>similitudine</strong></span> <span class='ocrx_word' id='word_1_444' title='bbox 1539 3951 1714 4021; x_wconf 89' lang='lat' dir='ltr'><strong>aliqua</strong></span> 
     </span>
    </p>
   </div>
   <div class='ocr_carea' id='block_1_58' title="bbox 165 4029 1715 4106">
    <p class='ocr_par' dir='ltr' id='par_1_58' title="bbox 165 4029 1715 4106">
     <span class='ocr_line' id='line_1_58' title="bbox 165 4029 1715 4106; baseline 0.012 -27"><span class='ocrx_word' id='word_1_445' title='bbox 165 4038 406 4092; x_wconf 83' lang='lat' dir='ltr'><strong>utamur,</strong></span> <span class='ocrx_word' id='word_1_446' title='bbox 442 4029 564 4084; x_wconf 90' lang='lat' dir='ltr'><strong>licet</strong></span> <span class='ocrx_word' id='word_1_447' title='bbox 601 4032 652 4084; x_wconf 91' lang='lat' dir='ltr'><strong>in</strong></span> <span class='ocrx_word' id='word_1_448' title='bbox 683 4048 740 4087; x_wconf 90' lang='lat' dir='ltr'><strong>re</strong></span> <span class='ocrx_word' id='word_1_449' title='bbox 770 4043 876 4088; x_wconf 88' lang='lat' dir='ltr'><strong>tam</strong></span> <span class='ocrx_word' id='word_1_450' title='bbox 925 4037 1114 4099; x_wconf 86' lang='lat' dir='ltr'><strong>ardua,</strong></span> <span class='ocrx_word' id='word_1_451' title='bbox 1154 4045 1367 4104; x_wconf 85' lang='lat' dir='ltr'><strong>tamque</strong></span> <span class='ocrx_word' id='word_1_452' title='bbox 1393 4040 1614 4106; x_wconf 82' lang='lat' dir='ltr'><strong>difficili,</strong></span> <span class='ocrx_word' id='word_1_453' title='bbox 1649 4059 1715 4098; x_wconf 91' lang='lat' dir='ltr'><strong>ne</strong></span> 
     </span>
    </p>
   </div>
   <div class='ocr_carea' id='block_1_59' title="bbox 167 4120 1712 4196">
    <p class='ocr_par' dir='ltr' id='par_1_59' title="bbox 167 4120 1712 4196">
     <span class='ocr_line' id='line_1_59' title="bbox 167 4120 1712 4196; baseline 0.009 -24"><span class='ocrx_word' id='word_1_454' title='bbox 167 4120 433 4188; x_wconf 81' lang='lat' dir='ltr'><strong>exemplis</strong></span> <span class='ocrx_word' id='word_1_455' title='bbox 463 4123 680 4190; x_wconf 88' lang='lat' dir='ltr'><strong>quidem</strong></span> <span class='ocrx_word' id='word_1_456' title='bbox 721 4126 795 4196; x_wconf 83' lang='lat' dir='ltr'><strong>uti</strong></span> <span class='ocrx_word' id='word_1_457' title='bbox 836 4125 1128 4178; x_wconf 89' lang='lat' dir='ltr'><strong>commodis</strong></span> <span class='ocrx_word' id='word_1_458' title='bbox 1159 4128 1310 4196; x_wconf 90' lang='lat' dir='ltr'><strong>copia</strong></span> <span class='ocrx_word' id='word_1_459' title='bbox 1361 4139 1464 4183; x_wconf 77' lang='lat' dir='ltr'><strong>est.</strong></span> <span class='ocrx_word' id='word_1_460' title='bbox 1513 4131 1712 4187; x_wconf 87' lang='lat' dir='ltr'><strong>Tamen</strong></span> 
     </span>
    </p>
   </div>
   <div class='ocr_carea' id='block_1_60' title="bbox 169 4214 1781 4285">
    <p class='ocr_par' dir='ltr' id='par_1_60' title="bbox 169 4214 1781 4285">
     <span class='ocr_line' id='line_1_60' title="bbox 169 4214 1781 4285; baseline 0.009 -23"><span class='ocrx_word' id='word_1_461' title='bbox 169 4219 229 4263; x_wconf 92' lang='lat' dir='ltr'><strong>ut</strong></span> <span class='ocrx_word' id='word_1_462' title='bbox 254 4215 460 4281; x_wconf 84' lang='lat' dir='ltr'><strong>absque</strong></span> <span class='ocrx_word' id='word_1_463' title='bbox 480 4214 661 4282; x_wconf 89' lang='lat' dir='ltr'><strong>aliquo</strong></span> <span class='ocrx_word' id='word_1_464' title='bbox 676 4214 984 4285; x_wconf 60' lang='lat' dir='ltr'><strong>prwjudicio</strong></span> <span class='ocrx_word' id='word_1_465' title='bbox 1005 4215 1262 4282; x_wconf 78' lang='lat' dir='ltr'><strong>dicamus,</strong></span> <span class='ocrx_word' id='word_1_466' title='bbox 1295 4218 1420 4272; x_wconf 86' lang='lat' dir='ltr'><strong>ferri</strong></span> <span class='ocrx_word' id='word_1_467' title='bbox 1446 4222 1712 4276; x_wconf 86' lang='lat' dir='ltr'><strong>metallum</strong></span> <span class='ocrx_word' id='word_1_468' title='bbox 1773 4232 1781 4238; x_wconf 90' lang='lat'>&#39;</span> 
     </span>
    </p>
   </div>
   <div class='ocr_carea' id='block_1_61' title="bbox 167 4302 1709 4378">
    <p class='ocr_par' dir='ltr' id='par_1_61' title="bbox 167 4302 1709 4378">
     <span class='ocr_line' id='line_1_61' title="bbox 167 4302 1709 4378; baseline 0.007 -25"><span class='ocrx_word' id='word_1_469' title='bbox 167 4315 340 4368; x_wconf 84' lang='lat' dir='ltr'><strong>capax</strong></span> <span class='ocrx_word' id='word_1_470' title='bbox 371 4312 452 4356; x_wconf 88' lang='lat' dir='ltr'><strong>est</strong></span> <span class='ocrx_word' id='word_1_471' title='bbox 476 4302 694 4371; x_wconf 85' lang='lat' dir='ltr'><strong>frigoris</strong></span> <span class='ocrx_word' id='word_1_472' title='bbox 723 4311 776 4356; x_wconf 88' lang='lat' dir='ltr'><strong>et</strong></span> <span class='ocrx_word' id='word_1_473' title='bbox 804 4302 1020 4358; x_wconf 91' lang='lat' dir='ltr'><strong>caloris.</strong></span> <span class='ocrx_word' id='word_1_474' title='bbox 1056 4305 1111 4358; x_wconf 92' lang='lat' dir='ltr'><strong>Si</strong></span> <span class='ocrx_word' id='word_1_475' title='bbox 1143 4320 1270 4375; x_wconf 87' lang='lat' dir='ltr'><strong>ergo</strong></span> <span class='ocrx_word' id='word_1_476' title='bbox 1307 4323 1483 4363; x_wconf 85' lang='lat' dir='ltr'><strong>massa</strong></span> <span class='ocrx_word' id='word_1_477' title='bbox 1534 4310 1709 4378; x_wconf 88' lang='lat' dir='ltr'><strong>aliqua</strong></span> 
     </span>
    </p>
   </div>
   <div class='ocr_carea' id='block_1_62' title="bbox 167 4390 1785 4476">
    <p class='ocr_par' dir='ltr' id='par_1_62' title="bbox 167 4390 1785 4468">
     <span class='ocr_line' id='line_1_62' title="bbox 167 4390 1785 4468; baseline 0.007 -26"><span class='ocrx_word' id='word_1_478' title='bbox 167 4390 298 4445; x_wconf 89' lang='lat' dir='ltr'><strong>ferri</strong></span> <span class='ocrx_word' id='word_1_479' title='bbox 330 4407 543 4459; x_wconf 75' lang='lat' dir='ltr'><strong>semper</strong></span> <span class='ocrx_word' id='word_1_480' title='bbox 572 4395 625 4446; x_wconf 90' lang='lat' dir='ltr'><strong>in</strong></span> <span class='ocrx_word' id='word_1_481' title='bbox 653 4395 772 4462; x_wconf 85' lang='lat' dir='ltr'><strong>igne</strong></span> <span class='ocrx_word' id='word_1_482' title='bbox 801 4394 873 4447; x_wconf 87' lang='lat' dir='ltr'><strong>sit</strong></span> <span class='ocrx_word' id='word_1_483' title='bbox 905 4395 1103 4462; x_wconf 89' lang='lat' dir='ltr'><strong>posita,</strong></span> <span class='ocrx_word' id='word_1_484' title='bbox 1130 4399 1376 4453; x_wconf 89' lang='lat' dir='ltr'><strong>omnibus</strong></span> <span class='ocrx_word' id='word_1_485' title='bbox 1401 4400 1513 4454; x_wconf 74' lang='lat' dir='ltr'><strong>Suis</strong></span> <span class='ocrx_word' id='word_1_486' title='bbox 1544 4402 1710 4468; x_wconf 87' lang='lat' dir='ltr'><strong>poris,</strong></span> <span class='ocrx_word' id='word_1_487' title='bbox 1744 4407 1785 4458; x_wconf 84' lang='lat' dir='ltr'><strong>tt</strong></span> 
     </span>
    </p>
   </div>
   <div class='ocr_carea' id='block_1_63' title="bbox 164 4477 1711 4560">
    <p class='ocr_par' dir='ltr' id='par_1_63' title="bbox 164 4477 1711 4560">
     <span class='ocr_line' id='line_1_63' title="bbox 164 4477 1711 4560; baseline 0.008 -28"><span class='ocrx_word' id='word_1_488' title='bbox 164 4477 528 4547; x_wconf 75' lang='lat' dir='ltr'><strong>dranibusque</strong></span> <span class='ocrx_word' id='word_1_489' title='bbox 572 4482 717 4535; x_wconf 85' lang='lat' dir='ltr'><strong>venis</strong></span> <span class='ocrx_word' id='word_1_490' title='bbox 757 4482 931 4553; x_wconf 86' lang='lat' dir='ltr'><strong>ignem</strong></span> <span class='ocrx_word' id='word_1_491' title='bbox 967 4486 1275 4554; x_wconf 87' lang='lat' dir='ltr'><strong>recipiens,</strong></span> <span class='ocrx_word' id='word_1_492' title='bbox 1307 4497 1362 4540; x_wconf 89' lang='lat' dir='ltr'><strong>et</strong></span> <span class='ocrx_word' id='word_1_493' title='bbox 1412 4498 1518 4542; x_wconf 91' lang='lat' dir='ltr'><strong>tota</strong></span> <span class='ocrx_word' id='word_1_494' title='bbox 1575 4491 1711 4560; x_wconf 89' lang='lat' dir='ltr'><strong>ignis</strong></span> 
     </span>
    </p>
   </div>
   <div class='ocr_carea' id='block_1_64' title="bbox 162 4569 1708 4646">
    <p class='ocr_par' dir='ltr' id='par_1_64' title="bbox 162 4569 1708 4646">
     <span class='ocr_line' id='line_1_64' title="bbox 162 4569 1708 4646; baseline 0.008 -24"><span class='ocrx_word' id='word_1_495' title='bbox 162 4569 379 4632; x_wconf 78' lang='lat' dir='ltr'><strong>eﬂ’eeta,</strong></span> <span class='ocrx_word' id='word_1_496' title='bbox 408 4570 453 4622; x_wconf 84' lang='lat' dir='ltr'><strong>si</strong></span> <span class='ocrx_word' id='word_1_497' title='bbox 483 4585 655 4637; x_wconf 86' lang='lat' dir='ltr'><strong>neque</strong></span> <span class='ocrx_word' id='word_1_498' title='bbox 693 4572 829 4641; x_wconf 88' lang='lat' dir='ltr'><strong>ignis</strong></span> <span class='ocrx_word' id='word_1_499' title='bbox 864 4572 932 4626; x_wconf 82' lang='lat' dir='ltr'><strong>ab</strong></span> <span class='ocrx_word' id='word_1_500' title='bbox 981 4589 1041 4628; x_wconf 90' lang='lat' dir='ltr'><strong>ea</strong></span> <span class='ocrx_word' id='word_1_501' title='bbox 1075 4587 1249 4630; x_wconf 82' lang='lat' dir='ltr'><strong>cesset</strong></span> <span class='ocrx_word' id='word_1_502' title='bbox 1276 4577 1578 4646; x_wconf 88' lang='lat' dir='ltr'><strong>aliquando,</strong></span> <span class='ocrx_word' id='word_1_503' title='bbox 1618 4594 1708 4634; x_wconf 89' lang='lat' dir='ltr'><strong>ne-</strong></span> 
     </span>
    </p>
   </div>
   <div class='ocr_carea' id='block_1_65' title="bbox 166 4647 1708 4736">
    <p class='ocr_par' dir='ltr' id='par_1_65' title="bbox 166 4647 1708 4736">
     <span class='ocr_line' id='line_1_65' title="bbox 166 4647 1708 4736; baseline 0.01 -28"><span class='ocrx_word' id='word_1_504' title='bbox 166 4673 274 4724; x_wconf 87' lang='lat' dir='ltr'><strong>que</strong></span> <span class='ocrx_word' id='word_1_505' title='bbox 302 4647 417 4726; x_wconf 65' lang='lat' dir='ltr'><strong>ipsi</strong></span> <span class='ocrx_word' id='word_1_506' title='bbox 466 4660 690 4729; x_wconf 79' lang='lat' dir='ltr'><strong>ahfigne</strong></span> <span class='ocrx_word' id='word_1_507' title='bbox 714 4673 1014 4732; x_wconf 83' lang='lat' dir='ltr'><strong>separetur,</strong></span> <span class='ocrx_word' id='word_1_508' title='bbox 1053 4667 1413 4734; x_wconf 89' lang='lat' dir='ltr'><strong>nunquidnam</strong></span> <span class='ocrx_word' id='word_1_509' title='bbox 1469 4669 1578 4736; x_wconf 85' lang='grc'><strong>(19)</strong></span> <span class='ocrx_word' id='word_1_510' title='bbox 1626 4671 1708 4723; x_wconf 88' lang='lat' dir='ltr'><strong>di-</strong></span> 
     </span>
    </p>
   </div>
   <div class='ocr_carea' id='block_1_66' title="bbox 163 4742 1704 4824">
    <p class='ocr_par' dir='ltr' id='par_1_66' title="bbox 163 4742 1704 4824">
     <span class='ocr_line' id='line_1_66' title="bbox 163 4742 1704 4824; baseline 0.01 -25"><span class='ocrx_word' id='word_1_511' title='bbox 163 4762 357 4801; x_wconf 88' lang='lat' dir='ltr'><strong>cemus</strong></span> <span class='ocrx_word' id='word_1_512' title='bbox 387 4748 544 4815; x_wconf 86' lang='lat' dir='ltr'><strong>hanc,</strong></span> <span class='ocrx_word' id='word_1_513' title='bbox 579 4767 696 4820; x_wconf 70' lang='lat' dir='ltr'><strong>quae</strong></span> <span class='ocrx_word' id='word_1_514' title='bbox 729 4763 916 4807; x_wconf 85' lang='lat' dir='ltr'><strong>natura</strong></span> <span class='ocrx_word' id='word_1_515' title='bbox 970 4742 1183 4822; x_wconf 83' lang='lat' dir='ltr'><strong>quidem</strong></span> <span class='ocrx_word' id='word_1_516' title='bbox 1225 4753 1350 4808; x_wconf 88' lang='lat' dir='ltr'><strong>ferri</strong></span> <span class='ocrx_word' id='word_1_517' title='bbox 1393 4770 1565 4811; x_wconf 85' lang='lat' dir='ltr'><strong>massa</strong></span> <span class='ocrx_word' id='word_1_518' title='bbox 1605 4770 1704 4824; x_wconf 88' lang='lat' dir='ltr'><strong>est,</strong></span> 
     </span>
    </p>
   </div>
   <div class='ocr_carea' id='block_1_67' title="bbox 223 4861 1327 4929">
    <p class='ocr_par' dir='ltr' id='par_1_67' title="bbox 223 4861 1327 4929">
     <span class='ocr_line' id='line_1_67' title="bbox 223 4861 1327 4929; baseline 0.005 -15"><span class='ocrx_word' id='word_1_519' title='bbox 223 4861 282 4922; x_wconf 76' lang='lat'><strong>_”</strong></span> <span class='ocrx_word' id='word_1_520' title='bbox 330 4861 634 4922; x_wconf 84' lang='lat' dir='ltr'><strong>Coloss.tt,</strong></span> <span class='ocrx_word' id='word_1_521' title='bbox 685 4864 738 4917; x_wconf 91' lang='lat'><strong>9.</strong></span> <span class='ocrx_word' id='word_1_522' title='bbox 814 4866 859 4896; x_wconf 73' lang='lat'>”</span> <span class='ocrx_word' id='word_1_523' title='bbox 883 4863 1243 4929; x_wconf 76' lang='lat' dir='ltr'><strong>Psalm._xr.tv,</strong></span> <span class='ocrx_word' id='word_1_524' title='bbox 1275 4866 1327 4919; x_wconf 90' lang='lat'><strong>8.</strong></span> 
     </span>
    </p>
   </div>
   <div class='ocr_carea' id='block_1_68' title="bbox 1404 4869 1802 4934">
    <p class='ocr_par' dir='ltr' id='par_1_68' title="bbox 1404 4869 1802 4934">
     <span class='ocr_line' id='line_1_68' title="bbox 1404 4869 1802 4934; baseline 0.025 -14"><span class='ocrx_word' id='word_1_525' title='bbox 1404 4869 1447 4899; x_wconf 83' lang='lat'><strong>&quot;</strong></span> <span class='ocrx_word' id='word_1_526' title='bbox 1478 4869 1576 4923; x_wconf 85' lang='lat' dir='ltr'><strong>lsa.</strong></span> <span class='ocrx_word' id='word_1_527' title='bbox 1603 4889 1722 4934; x_wconf 82' lang='lat' dir='ltr'><strong>LIII.‘</strong></span> <span class='ocrx_word' id='word_1_528' title='bbox 1749 4878 1802 4931; x_wconf 82' lang='lat'><strong>9;</strong></span> 
     </span>
    </p>
   </div>
   <div class='ocr_carea' id='block_1_69' title="bbox 1826 1881 3366 1951">
    <p class='ocr_par' dir='ltr' id='par_1_69' title="bbox 1826 1881 3366 1951">
     <span class='ocr_line' id='line_1_69' title="bbox 1826 1881 3366 1951; baseline -0.003 -15"><span class='ocrx_word' id='word_1_529' title='bbox 1826 1883 1924 1936; x_wconf 90' lang='lat' dir='ltr'><strong>dus</strong></span> <span class='ocrx_word' id='word_1_530' title='bbox 1946 1893 2063 1946; x_wconf 81' lang='lat' dir='ltr'><strong>est,</strong></span> <span class='ocrx_word' id='word_1_531' title='bbox 2102 1898 2166 1936; x_wconf 79' lang='lat' dir='ltr'><strong>ex</strong></span> <span class='ocrx_word' id='word_1_532' title='bbox 2220 1898 2324 1951; x_wconf 90' lang='lat' dir='ltr'><strong>quo</strong></span> <span class='ocrx_word' id='word_1_533' title='bbox 2348 1883 2412 1935; x_wconf 87' lang='lat' dir='ltr'><strong>ad</strong></span> <span class='ocrx_word' id='word_1_534' title='bbox 2469 1892 2694 1937; x_wconf 72' lang='lat' dir='ltr'><strong>cmteros</strong></span> <span class='ocrx_word' id='word_1_535' title='bbox 2720 1883 2865 1935; x_wconf 85' lang='lat' dir='ltr'><strong>calor</strong></span> <span class='ocrx_word' id='word_1_536' title='bbox 2890 1882 3084 1950; x_wconf 88' lang='lat' dir='ltr'><strong>aliquis</strong></span> <span class='ocrx_word' id='word_1_537' title='bbox 3141 1881 3366 1934; x_wconf 87' lang='lat' dir='ltr'><strong>venerit.</strong></span> 
     </span>
    </p>
   </div>
   <div class='ocr_carea' id='block_1_70' title="bbox 1828 1971 3370 2042">
    <p class='ocr_par' dir='ltr' id='par_1_70' title="bbox 1828 1971 3370 2042">
     <span class='ocr_line' id='line_1_70' title="bbox 1828 1971 3370 2042; baseline -0.003 -15"><span class='ocrx_word' id='word_1_538' title='bbox 1828 1973 2064 2042; x_wconf 90' lang='lat' dir='ltr'><strong>Denique</strong></span> <span class='ocrx_word' id='word_1_539' title='bbox 2116 1975 2257 2042; x_wconf 84' lang='lat' dir='ltr'><strong>quod</strong></span> <span class='ocrx_word' id='word_1_540' title='bbox 2311 1973 2464 2035; x_wconf 79' lang='lat' dir='ltr'><strong>dixit,</strong></span> <span class='ocrx_word' id='word_1_541' title='bbox 2510 1972 2636 2040; x_wconf 89' lang='lat' dir='ltr'><strong>quia</strong></span> <span class='ocrx_word' id='word_1_542' title='bbox 2682 1991 2700 2022; x_wconf 79' lang='grc' dir='ltr'>ι</span> <span class='ocrx_word' id='word_1_543' title='bbox 2737 1971 2903 2026; x_wconf 80' lang='lat' dir='ltr'><strong>quit</strong></span> <span class='ocrx_word' id='word_1_544' title='bbox 2938 1983 2988 2024; x_wconf 91' lang='lat' dir='ltr'><strong>te</strong></span> <span class='ocrx_word' id='word_1_545' title='bbox 3039 1974 3198 2033; x_wconf 88' lang='lat' dir='ltr'><strong>Deus,</strong></span> <span class='ocrx_word' id='word_1_546' title='bbox 3235 1973 3370 2024; x_wconf 78' lang='lat' dir='ltr'><strong>Deus</strong></span> 
     </span>
    </p>
   </div>
   <div class='ocr_carea' id='block_1_71' title="bbox 1828 2061 3371 2130">
    <p class='ocr_par' dir='ltr' id='par_1_71' title="bbox 1828 2061 3371 2130">
     <span class='ocr_line' id='line_1_71' title="bbox 1828 2061 3371 2130; baseline -0.001 -15"><span class='ocrx_word' id='word_1_547' title='bbox 1828 2071 1950 2116; x_wconf 91' lang='lat' dir='ltr'><strong>tuus</strong></span> <span class='ocrx_word' id='word_1_548' title='bbox 1971 2063 2089 2116; x_wconf 88' lang='lat' dir='ltr'><strong>oleo</strong></span> <span class='ocrx_word' id='word_1_549' title='bbox 2119 2062 2311 2114; x_wconf 79' lang='lat' dir='ltr'><strong>l-.etitia:</strong></span> <span class='ocrx_word' id='word_1_550' title='bbox 2332 2076 2437 2129; x_wconf 66' lang='lat' dir='ltr'><strong>prae</strong></span> <span class='ocrx_word' id='word_1_551' title='bbox 2474 2062 2826 2130; x_wconf 82' lang='lat' dir='ltr'><strong>participibus</strong></span> <span class='ocrx_word' id='word_1_552' title='bbox 2848 2061 2950 2115; x_wconf 89' lang='lat' dir='ltr'><strong>tuis</strong></span> <span class='ocrx_word' id='word_1_553' title='bbox 2978 2061 3044 2124; x_wconf 75' lang='grc'><strong>³⁸,</strong></span> <span class='ocrx_word' id='word_1_554' title='bbox 3083 2079 3100 2110; x_wconf 74' lang='grc' dir='ltr'><strong>ι</strong></span> <span class='ocrx_word' id='word_1_555' title='bbox 3139 2063 3371 2120; x_wconf 80' lang='lat' dir='ltr'><strong>ostendit</strong></span> 
     </span>
    </p>
   </div>
   <div class='ocr_carea' id='block_1_72' title="bbox 1832 2149 3367 2217">
    <p class='ocr_par' dir='ltr' id='par_1_72' title="bbox 1832 2149 3367 2217">
     <span class='ocr_line' id='line_1_72' title="bbox 1832 2149 3367 2217; baseline -0.001 -14"><span class='ocrx_word' id='word_1_556' title='bbox 1832 2153 1976 2217; x_wconf 85' lang='lat' dir='ltr'><strong>quod</strong></span> <span class='ocrx_word' id='word_1_557' title='bbox 2006 2151 2166 2202; x_wconf 87' lang='lat' dir='ltr'><strong>aliter</strong></span> <span class='ocrx_word' id='word_1_558' title='bbox 2193 2151 2291 2203; x_wconf 88' lang='lat' dir='ltr'><strong>ista</strong></span> <span class='ocrx_word' id='word_1_559' title='bbox 2322 2152 2499 2203; x_wconf 88' lang='lat' dir='ltr'><strong>anima</strong></span> <span class='ocrx_word' id='word_1_560' title='bbox 2525 2149 2644 2202; x_wconf 79' lang='lat' dir='ltr'><strong>olco</strong></span> <span class='ocrx_word' id='word_1_561' title='bbox 2668 2150 2881 2215; x_wconf 69' lang='lat' dir='ltr'><strong>lwtitizc,</strong></span> <span class='ocrx_word' id='word_1_562' title='bbox 2910 2152 2960 2203; x_wconf 90' lang='lat' dir='ltr'><strong>id</strong></span> <span class='ocrx_word' id='word_1_563' title='bbox 2979 2159 3060 2203; x_wconf 90' lang='lat' dir='ltr'><strong>est</strong></span> <span class='ocrx_word' id='word_1_564' title='bbox 3081 2150 3254 2203; x_wconf 82' lang='lat' dir='ltr'><strong>Verbo</strong></span> <span class='ocrx_word' id='word_1_565' title='bbox 3280 2151 3367 2203; x_wconf 88' lang='lat' dir='ltr'><strong>Dei</strong></span> 
     </span>
    </p>
   </div>
   <div class='ocr_carea' id='block_1_73' title="bbox 1825 2234 3365 2308">
    <p class='ocr_par' dir='ltr' id='par_1_73' title="bbox 1825 2234 3365 2308">
     <span class='ocr_line' id='line_1_73' title="bbox 1825 2234 3365 2308; baseline -0.001 -16"><span class='ocrx_word' id='word_1_566' title='bbox 1825 2250 1882 2293; x_wconf 90' lang='lat' dir='ltr'><strong>et</strong></span> <span class='ocrx_word' id='word_1_567' title='bbox 1917 2241 2180 2308; x_wconf 87' lang='lat' dir='ltr'><strong>sapientia</strong></span> <span class='ocrx_word' id='word_1_568' title='bbox 2213 2239 2324 2308; x_wconf 75' lang='lat' dir='ltr'><strong>(2t)</strong></span> <span class='ocrx_word' id='word_1_569' title='bbox 2357 2240 2591 2308; x_wconf 73' lang='lat' dir='ltr'><strong>ungitur,</strong></span> <span class='ocrx_word' id='word_1_570' title='bbox 2622 2251 2676 2293; x_wconf 91' lang='lat' dir='ltr'><strong>et</strong></span> <span class='ocrx_word' id='word_1_571' title='bbox 2711 2240 2869 2293; x_wconf 86' lang='lat' dir='ltr'><strong>aliter</strong></span> <span class='ocrx_word' id='word_1_572' title='bbox 2908 2241 3194 2307; x_wconf 89' lang='lat' dir='ltr'><strong>participes</strong></span> <span class='ocrx_word' id='word_1_573' title='bbox 3230 2234 3365 2308; x_wconf 78' lang='lat' dir='ltr'><strong>ejus,</strong></span> 
     </span>
    </p>
   </div>
   <div class='ocr_carea' id='block_1_74' title="bbox 1827 2331 3367 2399">
    <p class='ocr_par' dir='ltr' id='par_1_74' title="bbox 1827 2331 3367 2399">
     <span class='ocr_line' id='line_1_74' title="bbox 1827 2331 3367 2399; baseline -0.001 -14"><span class='ocrx_word' id='word_1_574' title='bbox 1827 2333 1877 2385; x_wconf 93' lang='lat' dir='ltr'><strong>id</strong></span> <span class='ocrx_word' id='word_1_575' title='bbox 1908 2343 1987 2385; x_wconf 86' lang='lat' dir='ltr'><strong>est</strong></span> <span class='ocrx_word' id='word_1_576' title='bbox 2012 2332 2183 2385; x_wconf 88' lang='lat' dir='ltr'><strong>sancti</strong></span> <span class='ocrx_word' id='word_1_577' title='bbox 2210 2334 2480 2399; x_wconf 72' lang='lat' dir='ltr'><strong>propheta:</strong></span> <span class='ocrx_word' id='word_1_578' title='bbox 2513 2341 2566 2385; x_wconf 88' lang='lat' dir='ltr'><strong>et</strong></span> <span class='ocrx_word' id='word_1_579' title='bbox 2600 2331 2844 2398; x_wconf 83' lang='lat' dir='ltr'><strong>apostoli.</strong></span> <span class='ocrx_word' id='word_1_580' title='bbox 2871 2331 2946 2384; x_wconf 94' lang='lat' dir='ltr'><strong>Illi</strong></span> <span class='ocrx_word' id='word_1_581' title='bbox 2967 2332 3108 2384; x_wconf 91' lang='lat' dir='ltr'><strong>enim</strong></span> <span class='ocrx_word' id='word_1_582' title='bbox 3133 2332 3184 2383; x_wconf 92' lang='lat' dir='ltr'><strong>in</strong></span> <span class='ocrx_word' id='word_1_583' title='bbox 3203 2332 3367 2384; x_wconf 88' lang='lat' dir='ltr'><strong>odore</strong></span> 
     </span>
    </p>
   </div>
   <div class='ocr_carea' id='block_1_75' title="bbox 1826 2422 3362 2492">
    <p class='ocr_par' dir='ltr' id='par_1_75' title="bbox 1826 2422 3362 2492">
     <span class='ocr_line' id='line_1_75' title="bbox 1826 2422 3362 2492; baseline -0.001 -16"><span class='ocrx_word' id='word_1_584' title='bbox 1826 2433 2217 2492; x_wconf 84' lang='lat' dir='ltr'><strong>unguentorum</strong></span> <span class='ocrx_word' id='word_1_585' title='bbox 2248 2423 2362 2490; x_wconf 91' lang='lat' dir='ltr'><strong>ejus</strong></span> <span class='ocrx_word' id='word_1_586' title='bbox 2385 2424 2692 2476; x_wconf 89' lang='lat' dir='ltr'><strong>cucurrisse</strong></span> <span class='ocrx_word' id='word_1_587' title='bbox 2736 2422 3020 2476; x_wconf 89' lang='lat' dir='ltr'><strong>dicuntur:</strong></span> <span class='ocrx_word' id='word_1_588' title='bbox 3055 2422 3154 2475; x_wconf 89' lang='lat' dir='ltr'><strong>ista</strong></span> <span class='ocrx_word' id='word_1_589' title='bbox 3187 2432 3362 2475; x_wconf 88' lang='lat' dir='ltr'><strong>autent</strong></span> 
     </span>
    </p>
   </div>
   <div class='ocr_carea' id='block_1_76' title="bbox 1826 2511 3366 2582">
    <p class='ocr_par' dir='ltr' id='par_1_76' title="bbox 1826 2511 3366 2582">
     <span class='ocr_line' id='line_1_76' title="bbox 1826 2511 3366 2582; baseline -0.003 -15"><span class='ocrx_word' id='word_1_590' title='bbox 1826 2516 2006 2567; x_wconf 87' lang='lat' dir='ltr'><strong>anima</strong></span> <span class='ocrx_word' id='word_1_591' title='bbox 2037 2513 2309 2567; x_wconf 88' lang='lat' dir='ltr'><strong>vasculum</strong></span> <span class='ocrx_word' id='word_1_592' title='bbox 2345 2515 2598 2582; x_wconf 77' lang='lat' dir='ltr'><strong>unguenti</strong></span> <span class='ocrx_word' id='word_1_593' title='bbox 2633 2513 2800 2582; x_wconf 88' lang='lat' dir='ltr'><strong>ipsius</strong></span> <span class='ocrx_word' id='word_1_594' title='bbox 2825 2512 2943 2576; x_wconf 87' lang='lat' dir='ltr'><strong>fuit,</strong></span> <span class='ocrx_word' id='word_1_595' title='bbox 2974 2528 3036 2565; x_wconf 87' lang='lat' dir='ltr'><strong>ex</strong></span> <span class='ocrx_word' id='word_1_596' title='bbox 3072 2511 3223 2578; x_wconf 85' lang='lat' dir='ltr'><strong>cujus</strong></span> <span class='ocrx_word' id='word_1_597' title='bbox 3263 2512 3366 2564; x_wconf 90' lang='lat' dir='ltr'><strong>fra-</strong></span> 
     </span>
    </p>
   </div>
   <div class='ocr_carea' id='block_1_77' title="bbox 1825 2605 3368 2674">
    <p class='ocr_par' dir='ltr' id='par_1_77' title="bbox 1825 2605 3368 2674">
     <span class='ocr_line' id='line_1_77' title="bbox 1825 2605 3368 2674; baseline -0.001 -17"><span class='ocrx_word' id='word_1_598' title='bbox 1825 2606 2032 2674; x_wconf 86' lang='lat' dir='ltr'><strong>grantia</strong></span> <span class='ocrx_word' id='word_1_599' title='bbox 2061 2605 2443 2674; x_wconf 85' lang='lat' dir='ltr'><strong>participautes</strong></span> <span class='ocrx_word' id='word_1_600' title='bbox 2475 2605 2619 2673; x_wconf 89' lang='lat' dir='ltr'><strong>digni</strong></span> <span class='ocrx_word' id='word_1_601' title='bbox 2644 2606 2843 2674; x_wconf 87' lang='lat' dir='ltr'><strong>quique</strong></span> <span class='ocrx_word' id='word_1_602' title='bbox 2865 2605 3136 2673; x_wconf 65' lang='lat' dir='ltr'><strong>prephetw</strong></span> <span class='ocrx_word' id='word_1_603' title='bbox 3169 2605 3368 2658; x_wconf 88' lang='lat' dir='ltr'><strong>fiebant</strong></span> 
     </span>
    </p>
   </div>
   <div class='ocr_carea' id='block_1_78' title="bbox 1805 2696 3362 2768">
    <p class='ocr_par' dir='ltr' id='par_1_78' title="bbox 1805 2696 3362 2768">
     <span class='ocr_line' id='line_1_78' title="bbox 1805 2696 3362 2768; baseline -0.003 -15"><span class='ocrx_word' id='word_1_604' title='bbox 1805 2710 1877 2753; x_wconf 84' lang='lat' dir='ltr'><strong>et</strong></span> <span class='ocrx_word' id='word_1_605' title='bbox 1903 2699 2154 2768; x_wconf 84' lang='lat' dir='ltr'><strong>apostoli.</strong></span> <span class='ocrx_word' id='word_1_606' title='bbox 2176 2699 2326 2752; x_wconf 90' lang='lat' dir='ltr'><strong>Sicut</strong></span> <span class='ocrx_word' id='word_1_607' title='bbox 2350 2709 2478 2765; x_wconf 84' lang='lat' dir='ltr'><strong>ergo</strong></span> <span class='ocrx_word' id='word_1_608' title='bbox 2501 2698 2645 2749; x_wconf 84' lang='lat' dir='ltr'><strong>aliud</strong></span> <span class='ocrx_word' id='word_1_609' title='bbox 2671 2706 2752 2751; x_wconf 92' lang='lat' dir='ltr'><strong>est</strong></span> <span class='ocrx_word' id='word_1_610' title='bbox 2771 2697 3023 2764; x_wconf 87' lang='lat' dir='ltr'><strong>unguenti</strong></span> <span class='ocrx_word' id='word_1_611' title='bbox 3046 2696 3362 2760; x_wconf 86' lang='lat' dir='ltr'><strong>substantia,</strong></span> 
     </span>
    </p>
   </div>
   <div class='ocr_carea' id='block_1_79' title="bbox 1825 2785 3364 2857">
    <p class='ocr_par' dir='ltr' id='par_1_79' title="bbox 1825 2785 3364 2857">
     <span class='ocr_line' id='line_1_79' title="bbox 1825 2785 3364 2857; baseline -0.003 -16"><span class='ocrx_word' id='word_1_612' title='bbox 1825 2789 1967 2842; x_wconf 88' lang='lat' dir='ltr'><strong>aliud</strong></span> <span class='ocrx_word' id='word_1_613' title='bbox 2001 2791 2131 2843; x_wconf 89' lang='lat' dir='ltr'><strong>odor</strong></span> <span class='ocrx_word' id='word_1_614' title='bbox 2167 2789 2317 2857; x_wconf 87' lang='lat' dir='ltr'><strong>ejus;</strong></span> <span class='ocrx_word' id='word_1_615' title='bbox 2369 2789 2438 2839; x_wconf 90' lang='lat' dir='ltr'><strong>ita</strong></span> <span class='ocrx_word' id='word_1_616' title='bbox 2488 2785 2636 2840; x_wconf 89' lang='lat' dir='ltr'><strong>aliud</strong></span> <span class='ocrx_word' id='word_1_617' title='bbox 2666 2799 2749 2840; x_wconf 89' lang='lat' dir='ltr'><strong>est</strong></span> <span class='ocrx_word' id='word_1_618' title='bbox 2786 2787 3067 2849; x_wconf 83' lang='lat' dir='ltr'><strong>Christus,</strong></span> <span class='ocrx_word' id='word_1_619' title='bbox 3118 2793 3169 2839; x_wconf 90' lang='lat' dir='ltr'><strong>et</strong></span> <span class='ocrx_word' id='word_1_620' title='bbox 3223 2785 3364 2837; x_wconf 91' lang='lat' dir='ltr'><strong>aliud</strong></span> 
     </span>
    </p>
   </div>
   <div class='ocr_carea' id='block_1_80' title="bbox 1823 2875 3362 2948">
    <p class='ocr_par' dir='ltr' id='par_1_80' title="bbox 1823 2875 3362 2948">
     <span class='ocr_line' id='line_1_80' title="bbox 1823 2875 3362 2948; baseline -0.004 -16"><span class='ocrx_word' id='word_1_621' title='bbox 1823 2878 2114 2948; x_wconf 90' lang='lat' dir='ltr'><strong>participes</strong></span> <span class='ocrx_word' id='word_1_622' title='bbox 2138 2877 2239 2931; x_wconf 92' lang='lat' dir='ltr'><strong>sui.</strong></span> <span class='ocrx_word' id='word_1_623' title='bbox 2269 2878 2333 2930; x_wconf 83' lang='lat' dir='ltr'><strong>Et</strong></span> <span class='ocrx_word' id='word_1_624' title='bbox 2363 2878 2501 2929; x_wconf 91' lang='lat' dir='ltr'><strong>sicut</strong></span> <span class='ocrx_word' id='word_1_625' title='bbox 2530 2891 2622 2929; x_wconf 87' lang='lat' dir='ltr'><strong>vas</strong></span> <span class='ocrx_word' id='word_1_626' title='bbox 2646 2876 2816 2944; x_wconf 89' lang='lat' dir='ltr'><strong>ipsum</strong></span> <span class='ocrx_word' id='word_1_627' title='bbox 2845 2877 2984 2944; x_wconf 87' lang='lat' dir='ltr'><strong>quod</strong></span> <span class='ocrx_word' id='word_1_628' title='bbox 3014 2875 3362 2929; x_wconf 86' lang='lat' dir='ltr'><strong>substantiam</strong></span> 
     </span>
    </p>
   </div>
   <div class='ocr_carea' id='block_1_81' title="bbox 1824 2964 3366 3035">
    <p class='ocr_par' dir='ltr' id='par_1_81' title="bbox 1824 2964 3366 3035">
     <span class='ocr_line' id='line_1_81' title="bbox 1824 2964 3366 3035; baseline -0.003 -13"><span class='ocrx_word' id='word_1_629' title='bbox 1824 2969 2064 3022; x_wconf 87' lang='lat' dir='ltr'><strong>continet</strong></span> <span class='ocrx_word' id='word_1_630' title='bbox 2091 2967 2350 3035; x_wconf 87' lang='lat' dir='ltr'><strong>unguenti</strong></span> <span class='ocrx_word' id='word_1_631' title='bbox 2405 2965 2538 3035; x_wconf 64' lang='lat'><strong>(9.2),</strong></span> <span class='ocrx_word' id='word_1_632' title='bbox 2577 2964 2718 3018; x_wconf 91' lang='lat' dir='ltr'><strong>nullo</strong></span> <span class='ocrx_word' id='word_1_633' title='bbox 2741 2979 2935 3033; x_wconf 88' lang='lat' dir='ltr'><strong>genere</strong></span> <span class='ocrx_word' id='word_1_634' title='bbox 2965 2974 3136 3032; x_wconf 83' lang='lat' dir='ltr'><strong>potest</strong></span> <span class='ocrx_word' id='word_1_635' title='bbox 3168 2965 3366 3032; x_wconf 83' lang='lat' dir='ltr'><strong>aliquid</strong></span> 
     </span>
    </p>
   </div>
   <div class='ocr_carea' id='block_1_82' title="bbox 1826 3055 3366 3126">
    <p class='ocr_par' dir='ltr' id='par_1_82' title="bbox 1826 3055 3366 3126">
     <span class='ocr_line' id='line_1_82' title="bbox 1826 3055 3366 3126; baseline -0.001 -16"><span class='ocrx_word' id='word_1_636' title='bbox 1826 3059 2058 3126; x_wconf 73' lang='lat' dir='ltr'><strong>recipere</strong></span> <span class='ocrx_word' id='word_1_637' title='bbox 2084 3057 2325 3118; x_wconf 79' lang='lat' dir='ltr'><strong>foetoris;</strong></span> <span class='ocrx_word' id='word_1_638' title='bbox 2354 3056 2404 3109; x_wconf 90' lang='lat' dir='ltr'><strong>hi</strong></span> <span class='ocrx_word' id='word_1_639' title='bbox 2436 3071 2562 3109; x_wconf 86' lang='lat' dir='ltr'><strong>vero</strong></span> <span class='ocrx_word' id='word_1_640' title='bbox 2589 3055 2679 3123; x_wconf 91' lang='lat' dir='ltr'><strong>qui</strong></span> <span class='ocrx_word' id='word_1_641' title='bbox 2703 3068 2764 3107; x_wconf 83' lang='lat' dir='ltr'><strong>ex</strong></span> <span class='ocrx_word' id='word_1_642' title='bbox 2798 3055 2965 3108; x_wconf 88' lang='lat' dir='ltr'><strong>odore</strong></span> <span class='ocrx_word' id='word_1_643' title='bbox 2995 3055 3110 3123; x_wconf 85' lang='lat' dir='ltr'><strong>ejus</strong></span> <span class='ocrx_word' id='word_1_644' title='bbox 3142 3055 3366 3122; x_wconf 86' lang='lat' dir='ltr'><strong>partici-</strong></span> 
     </span>
    </p>
   </div>
   <div class='ocr_carea' id='block_1_83' title="bbox 1823 3142 3367 3215">
    <p class='ocr_par' dir='ltr' id='par_1_83' title="bbox 1823 3142 3367 3215">
     <span class='ocr_line' id='line_1_83' title="bbox 1823 3142 3367 3215; baseline -0.004 -15"><span class='ocrx_word' id='word_1_645' title='bbox 1823 3157 1988 3214; x_wconf 90' lang='lat' dir='ltr'><strong>pant,</strong></span> <span class='ocrx_word' id='word_1_646' title='bbox 2029 3148 2073 3202; x_wconf 91' lang='lat' dir='ltr'><strong>si</strong></span> <span class='ocrx_word' id='word_1_647' title='bbox 2107 3161 2165 3201; x_wconf 87' lang='lat' dir='ltr'><strong>se</strong></span> <span class='ocrx_word' id='word_1_648' title='bbox 2200 3146 2357 3215; x_wconf 90' lang='lat' dir='ltr'><strong>paulo</strong></span> <span class='ocrx_word' id='word_1_649' title='bbox 2391 3145 2600 3214; x_wconf 83' lang='lat' dir='ltr'><strong>longius</strong></span> <span class='ocrx_word' id='word_1_650' title='bbox 2630 3159 2658 3196; x_wconf 90' lang='lat' dir='ltr'><strong>a</strong></span> <span class='ocrx_word' id='word_1_651' title='bbox 2713 3142 3008 3212; x_wconf 87' lang='lat' dir='ltr'><strong>fragrantia</strong></span> <span class='ocrx_word' id='word_1_652' title='bbox 3043 3143 3158 3210; x_wconf 90' lang='lat' dir='ltr'><strong>ejus</strong></span> <span class='ocrx_word' id='word_1_653' title='bbox 3195 3157 3367 3196; x_wconf 79' lang='lat' dir='ltr'><strong>remo-</strong></span> 
     </span>
    </p>
   </div>
   <div class='ocr_carea' id='block_1_84' title="bbox 1821 3231 3366 3314">
    <p class='ocr_par' dir='ltr' id='par_1_84' title="bbox 1821 3231 3366 3314">
     <span class='ocr_line' id='line_1_84' title="bbox 1821 3231 3366 3314; baseline -0.002 -24"><span class='ocrx_word' id='word_1_654' title='bbox 1821 3238 2016 3300; x_wconf 85' lang='lat' dir='ltr'><strong>verint,</strong></span> <span class='ocrx_word' id='word_1_655' title='bbox 2049 3237 2302 3306; x_wconf 87' lang='lat' dir='ltr'><strong>possibile</strong></span> <span class='ocrx_word' id='word_1_656' title='bbox 2348 3243 2429 3289; x_wconf 88' lang='lat' dir='ltr'><strong>est</strong></span> <span class='ocrx_word' id='word_1_657' title='bbox 2471 3245 2540 3307; x_wconf 32' lang='lat' dir='ltr'><strong>ut.</strong></span> <span class='ocrx_word' id='word_1_658' title='bbox 2581 3234 2898 3287; x_wconf 83' lang='lat' dir='ltr'><strong>incidentem</strong></span> <span class='ocrx_word' id='word_1_659' title='bbox 2927 3233 3185 3314; x_wconf 38' lang='lat' dir='ltr'><strong>recipia‘ut</strong></span> <span class='ocrx_word' id='word_1_660' title='bbox 3215 3231 3366 3287; x_wconf 68' lang='lat' dir='ltr'><strong>freto-</strong></span> 
     </span>
    </p>
   </div>
   <div class='ocr_carea' id='block_1_85' title="bbox 1823 3325 3366 3393">
    <p class='ocr_par' dir='ltr' id='par_1_85' title="bbox 1823 3325 3366 3393">
     <span class='ocr_line' id='line_1_85' title="bbox 1823 3325 3366 3393; baseline -0.003 -13"><span class='ocrx_word' id='word_1_661' title='bbox 1823 3341 1970 3393; x_wconf 85' lang='lat' dir='ltr'><strong>rem;</strong></span> <span class='ocrx_word' id='word_1_662' title='bbox 2000 3327 2070 3380; x_wconf 89' lang='lat' dir='ltr'><strong>ita</strong></span> <span class='ocrx_word' id='word_1_663' title='bbox 2102 3326 2372 3390; x_wconf 90' lang='lat' dir='ltr'><strong>Christus,</strong></span> <span class='ocrx_word' id='word_1_664' title='bbox 2405 3325 2545 3378; x_wconf 87' lang='lat' dir='ltr'><strong>velut</strong></span> <span class='ocrx_word' id='word_1_665' title='bbox 2573 3339 2666 3376; x_wconf 91' lang='lat' dir='ltr'><strong>vas</strong></span> <span class='ocrx_word' id='word_1_666' title='bbox 2702 3325 2872 3391; x_wconf 88' lang='lat' dir='ltr'><strong>ipsum</strong></span> <span class='ocrx_word' id='word_1_667' title='bbox 2902 3325 2953 3375; x_wconf 93' lang='lat' dir='ltr'><strong>iu</strong></span> <span class='ocrx_word' id='word_1_668' title='bbox 2981 3337 3086 3391; x_wconf 86' lang='lat' dir='ltr'><strong>quo</strong></span> <span class='ocrx_word' id='word_1_669' title='bbox 3113 3329 3226 3376; x_wconf 85' lang='lat' dir='ltr'><strong>e&#39;rat</strong></span> <span class='ocrx_word' id='word_1_670' title='bbox 3269 3337 3366 3376; x_wconf 87' lang='lat' dir='ltr'><strong>un-</strong></span> 
     </span>
    </p>
   </div>
   <div class='ocr_carea' id='block_1_86' title="bbox 1826 3414 3360 3486">
    <p class='ocr_par' dir='ltr' id='par_1_86' title="bbox 1826 3414 3360 3486">
     <span class='ocr_line' id='line_1_86' title="bbox 1826 3414 3360 3486; baseline -0.005 -15"><span class='ocrx_word' id='word_1_671' title='bbox 1826 3419 2011 3486; x_wconf 88' lang='lat' dir='ltr'><strong>guenti</strong></span> <span class='ocrx_word' id='word_1_672' title='bbox 2043 3417 2340 3471; x_wconf 87' lang='lat' dir='ltr'><strong>substantia</strong></span> <span class='ocrx_word' id='word_1_673' title='bbox 2371 3455 2384 3478; x_wconf 92' lang='lat'><strong>,</strong></span> <span class='ocrx_word' id='word_1_674' title='bbox 2432 3415 2761 3483; x_wconf 88' lang='lat' dir='ltr'><strong>impossibile</strong></span> <span class='ocrx_word' id='word_1_675' title='bbox 2809 3414 2906 3465; x_wconf 87' lang='lat' dir='ltr'><strong>fuit</strong></span> <span class='ocrx_word' id='word_1_676' title='bbox 2945 3422 3000 3464; x_wconf 93' lang='lat' dir='ltr'><strong>ut</strong></span> <span class='ocrx_word' id='word_1_677' title='bbox 3031 3414 3360 3466; x_wconf 75' lang='lat' dir='ltr'><strong>contrario-ni</strong></span> 
     </span>
    </p>
   </div>
   <div class='ocr_carea' id='block_1_87' title="bbox 1823 3501 3364 3578">
    <p class='ocr_par' dir='ltr' id='par_1_87' title="bbox 1823 3501 3364 3578">
     <span class='ocr_line' id='line_1_87' title="bbox 1823 3501 3364 3578; baseline -0.005 -15"><span class='ocrx_word' id='word_1_678' title='bbox 1823 3511 2086 3578; x_wconf 88' lang='lat' dir='ltr'><strong>reciperet</strong></span> <span class='ocrx_word' id='word_1_679' title='bbox 2135 3501 2698 3572; x_wconf 47' lang='lat' dir='ltr'><strong>odorem.&#39;Participes</strong></span> <span class='ocrx_word' id='word_1_680' title='bbox 2740 3520 2864 3556; x_wconf 86' lang='lat' dir='ltr'><strong>vero</strong></span> <span class='ocrx_word' id='word_1_681' title='bbox 2899 3505 3012 3569; x_wconf 89' lang='lat' dir='ltr'><strong>ejus</strong></span> <span class='ocrx_word' id='word_1_682' title='bbox 3043 3519 3203 3571; x_wconf 90' lang='lat' dir='ltr'><strong>quam</strong></span> <span class='ocrx_word' id='word_1_683' title='bbox 3236 3518 3364 3571; x_wconf 89' lang='lat' dir='ltr'><strong>pro-</strong></span> 
     </span>
    </p>
   </div>
   <div class='ocr_carea' id='block_1_88' title="bbox 1822 3593 3361 3667">
    <p class='ocr_par' dir='ltr' id='par_1_88' title="bbox 1822 3593 3361 3667">
     <span class='ocr_line' id='line_1_88' title="bbox 1822 3593 3361 3667; baseline -0.003 -16"><span class='ocrx_word' id='word_1_684' title='bbox 1822 3599 1951 3651; x_wconf 80' lang='lat' dir='ltr'><strong>ximi</strong></span> <span class='ocrx_word' id='word_1_685' title='bbox 1981 3597 2180 3650; x_wconf 87' lang='lat' dir='ltr'><strong>fuerint</strong></span> <span class='ocrx_word' id='word_1_686' title='bbox 2205 3597 2317 3667; x_wconf 72' lang='lat'><strong>(23)</strong></span> <span class='ocrx_word' id='word_1_687' title='bbox 2347 3596 2561 3651; x_wconf 90' lang='lat' dir='ltr'><strong>vasculo</strong></span> <span class='ocrx_word' id='word_1_688' title='bbox 2588 3636 2600 3660; x_wconf 93' lang='lat'><strong>,</strong></span> <span class='ocrx_word' id='word_1_689' title='bbox 2645 3605 2752 3646; x_wconf 90' lang='lat' dir='ltr'><strong>tam</strong></span> <span class='ocrx_word' id='word_1_690' title='bbox 2793 3593 2976 3646; x_wconf 91' lang='lat' dir='ltr'><strong>odoris</strong></span> <span class='ocrx_word' id='word_1_691' title='bbox 3009 3602 3168 3646; x_wconf 90' lang='lat' dir='ltr'><strong>erunt</strong></span> <span class='ocrx_word' id='word_1_692' title='bbox 3196 3593 3361 3656; x_wconf 81' lang='lat' dir='ltr'><strong>parti-</strong></span> 
     </span>
    </p>
   </div>
   <div class='ocr_carea' id='block_1_89' title="bbox 1817 3690 3153 3758">
    <p class='ocr_par' dir='ltr' id='par_1_89' title="bbox 1817 3690 3153 3758">
     <span class='ocr_line' id='line_1_89' title="bbox 1817 3690 3153 3758; baseline -0.001 -15"><span class='ocrx_word' id='word_1_693' title='bbox 1817 3690 1961 3757; x_wconf 88' lang='lat' dir='ltr'><strong>cipes</strong></span> <span class='ocrx_word' id='word_1_694' title='bbox 1993 3697 2046 3742; x_wconf 89' lang='lat' dir='ltr'><strong>et</strong></span> <span class='ocrx_word' id='word_1_695' title='bbox 2077 3703 2321 3758; x_wconf 86' lang='lat' dir='ltr'><strong>capaces.</strong></span> <span class='ocrx_word' id='word_1_696' title='bbox 3146 3694 3153 3701; x_wconf 89' lang='lat'><strong><em>&#39;</em></strong></span> 
     </span>
    </p>
   </div>
   <div class='ocr_carea' id='block_1_90' title="bbox 1885 3774 3358 3847">
    <p class='ocr_par' dir='ltr' id='par_1_90' title="bbox 1885 3774 3358 3847">
     <span class='ocr_line' id='line_1_90' title="bbox 1885 3774 3358 3847; baseline -0.002 -17"><span class='ocrx_word' id='word_1_697' title='bbox 1885 3778 1992 3847; x_wconf 73' lang='lat'><strong>92</strong></span> <span class='ocrx_word' id='word_1_698' title='bbox 2028 3779 2078 3833; x_wconf 87' lang='lat'><strong>7.</strong></span> <span class='ocrx_word' id='word_1_699' title='bbox 2110 3779 2358 3832; x_wconf 84' lang='lat' dir='ltr'><strong>Arbitror</strong></span> <span class='ocrx_word' id='word_1_700' title='bbox 2387 3791 2516 3830; x_wconf 81' lang='lat' dir='ltr'><strong>sane</strong></span> <span class='ocrx_word' id='word_1_701' title='bbox 2545 3774 2706 3830; x_wconf 78' lang='lat' dir='ltr'><strong>etiam</strong></span> <span class='ocrx_word' id='word_1_702' title='bbox 2739 3775 3021 3830; x_wconf 81' lang='lat' dir='ltr'><strong>Jeremiam</strong></span> <span class='ocrx_word' id='word_1_703' title='bbox 3051 3777 3358 3844; x_wconf 85' lang='lat' dir='ltr'><strong>prophetam</strong></span> 
     </span>
    </p>
   </div>
   <div class='ocr_carea' id='block_1_91' title="bbox 1808 3867 3353 3936">
    <p class='ocr_par' dir='ltr' id='par_1_91' title="bbox 1808 3867 3353 3936">
     <span class='ocr_line' id='line_1_91' title="bbox 1808 3867 3353 3936; baseline -0.003 -14"><span class='ocrx_word' id='word_1_704' title='bbox 1808 3867 2194 3936; x_wconf 66' lang='lat' dir='ltr'><strong>,iutettigentem</strong></span> <span class='ocrx_word' id='word_1_705' title='bbox 2235 3881 2350 3934; x_wconf 63' lang='lat' dir='ltr'><strong>qua:</strong></span> <span class='ocrx_word' id='word_1_706' title='bbox 2393 3867 2462 3919; x_wconf 89' lang='lat' dir='ltr'><strong>sit</strong></span> <span class='ocrx_word' id='word_1_707' title='bbox 2494 3867 2543 3919; x_wconf 89' lang='lat' dir='ltr'><strong>in</strong></span> <span class='ocrx_word' id='word_1_708' title='bbox 2589 3883 2652 3922; x_wconf 91' lang='lat' dir='ltr'><strong>eo</strong></span> <span class='ocrx_word' id='word_1_709' title='bbox 2701 3879 2889 3921; x_wconf 86' lang='lat' dir='ltr'><strong>natura</strong></span> <span class='ocrx_word' id='word_1_710' title='bbox 2935 3867 3025 3921; x_wconf 86' lang='lat' dir='ltr'><strong>Dei</strong></span> <span class='ocrx_word' id='word_1_711' title='bbox 3059 3868 3353 3933; x_wconf 61' lang='lat' dir='ltr'><strong>Sapientiae,</strong></span> 
     </span>
    </p>
   </div>
   <div class='ocr_carea' id='block_1_92' title="bbox 1816 3957 3358 4026">
    <p class='ocr_par' dir='ltr' id='par_1_92' title="bbox 1816 3957 3358 4026">
     <span class='ocr_line' id='line_1_92' title="bbox 1816 3957 3358 4026; baseline 0.003 -19"><span class='ocrx_word' id='word_1_712' title='bbox 1816 3973 1932 4026; x_wconf 75' lang='lat' dir='ltr'><strong>qua:</strong></span> <span class='ocrx_word' id='word_1_713' title='bbox 1961 3959 2121 4011; x_wconf 90' lang='lat' dir='ltr'><strong>etiam</strong></span> <span class='ocrx_word' id='word_1_714' title='bbox 2155 3957 2266 4010; x_wconf 68' lang='lat' dir='ltr'><strong>haec</strong></span> <span class='ocrx_word' id='word_1_715' title='bbox 2293 3967 2434 4009; x_wconf 89' lang='lat' dir='ltr'><strong>esset</strong></span> <span class='ocrx_word' id='word_1_716' title='bbox 2459 3972 2618 4023; x_wconf 84' lang='lat' dir='ltr'><strong>quam</strong></span> <span class='ocrx_word' id='word_1_717' title='bbox 2649 3973 2743 4026; x_wconf 89' lang='lat' dir='ltr'><strong>pro</strong></span> <span class='ocrx_word' id='word_1_718' title='bbox 2767 3959 2940 4012; x_wconf 87' lang='lat' dir='ltr'><strong>salute</strong></span> <span class='ocrx_word' id='word_1_719' title='bbox 2971 3959 3150 4011; x_wconf 89' lang='lat' dir='ltr'><strong>tnundi</strong></span> <span class='ocrx_word' id='word_1_720' title='bbox 3178 3972 3358 4011; x_wconf 87' lang='lat' dir='ltr'><strong>susce-</strong></span> 
     </span>
    </p>
   </div>
   <div class='ocr_carea' id='block_1_93' title="bbox 1814 4049 3357 4116">
    <p class='ocr_par' dir='ltr' id='par_1_93' title="bbox 1814 4049 3357 4116">
     <span class='ocr_line' id='line_1_93' title="bbox 1814 4049 3357 4116; baseline 0 -16"><span class='ocrx_word' id='word_1_721' title='bbox 1814 4059 2007 4116; x_wconf 87' lang='lat' dir='ltr'><strong>perat,</strong></span> <span class='ocrx_word' id='word_1_722' title='bbox 2045 4049 2282 4104; x_wconf 74' lang='lat' dir='ltr'><strong>dixisse:</strong></span> <span class='ocrx_word' id='word_1_723' title='bbox 2343 4066 2360 4098; x_wconf 84' lang='grc'><strong>‹</strong></span> <span class='ocrx_word' id='word_1_724' title='bbox 2393 4049 2626 4115; x_wconf 89' lang='lat' dir='ltr'><strong>Spiritus</strong></span> <span class='ocrx_word' id='word_1_725' title='bbox 2668 4051 2849 4104; x_wconf 87' lang='lat' dir='ltr'><strong>vultus</strong></span> <span class='ocrx_word' id='word_1_726' title='bbox 2889 4050 3055 4102; x_wconf 92' lang='lat' dir='ltr'><strong>nostri</strong></span> <span class='ocrx_word' id='word_1_727' title='bbox 3113 4050 3357 4102; x_wconf 82' lang='lat' dir='ltr'><strong>Christus</strong></span> 
     </span>
    </p>
   </div>
   <div class='ocr_carea' id='block_1_94' title="bbox 1817 4136 3355 4206">
    <p class='ocr_par' dir='ltr' id='par_1_94' title="bbox 1817 4136 3355 4206">
     <span class='ocr_line' id='line_1_94' title="bbox 1817 4136 3355 4206; baseline 0.001 -16"><span class='ocrx_word' id='word_1_728' title='bbox 1817 4137 2092 4202; x_wconf 90' lang='lat' dir='ltr'><strong>Dominus,</strong></span> <span class='ocrx_word' id='word_1_729' title='bbox 2124 4136 2207 4190; x_wconf 88' lang='lat' dir='ltr'><strong>cui</strong></span> <span class='ocrx_word' id='word_1_730' title='bbox 2239 4137 2469 4190; x_wconf 75' lang='lat' dir='ltr'><strong>diximus</strong></span> <span class='ocrx_word' id='word_1_731' title='bbox 2500 4140 2640 4206; x_wconf 84' lang='lat' dir='ltr'><strong>quod</strong></span> <span class='ocrx_word' id='word_1_732' title='bbox 2671 4141 2722 4191; x_wconf 92' lang='lat' dir='ltr'><strong>in</strong></span> <span class='ocrx_word' id='word_1_733' title='bbox 2753 4139 2939 4192; x_wconf 89' lang='lat' dir='ltr'><strong>umbra</strong></span> <span class='ocrx_word' id='word_1_734' title='bbox 2969 4140 3084 4206; x_wconf 83' lang='lat' dir='ltr'><strong>ejus</strong></span> <span class='ocrx_word' id='word_1_735' title='bbox 3118 4140 3355 4191; x_wconf 75' lang='lat' dir='ltr'><strong>vivemus</strong></span> 
     </span>
    </p>
   </div>
   <div class='ocr_carea' id='block_1_95' title="bbox 1816 4231 3354 4302">
    <p class='ocr_par' dir='ltr' id='par_1_95' title="bbox 1816 4231 3354 4302">
     <span class='ocr_line' id='line_1_95' title="bbox 1816 4231 3354 4302; baseline -0.005 -15"><span class='ocrx_word' id='word_1_736' title='bbox 1816 4234 1868 4287; x_wconf 81' lang='lat' dir='ltr'><strong>in</strong></span> <span class='ocrx_word' id='word_1_737' title='bbox 1917 4233 2171 4302; x_wconf 86' lang='lat' dir='ltr'><strong>gentibus</strong></span> <span class='ocrx_word' id='word_1_738' title='bbox 2201 4233 2265 4285; x_wconf 85' lang='grc'><strong>⁸¹.</strong></span> <span class='ocrx_word' id='word_1_739' title='bbox 2321 4251 2338 4283; x_wconf 76' lang='grc' dir='ltr'><strong><em>ι</em></strong></span> <span class='ocrx_word' id='word_1_740' title='bbox 2379 4233 2482 4288; x_wconf 90' lang='lat' dir='ltr'><strong>Pro</strong></span> <span class='ocrx_word' id='word_1_741' title='bbox 2530 4235 2673 4288; x_wconf 90' lang='lat' dir='ltr'><strong>enim</strong></span> <span class='ocrx_word' id='word_1_742' title='bbox 2704 4247 2767 4287; x_wconf 87' lang='lat' dir='ltr'><strong>eo</strong></span> <span class='ocrx_word' id='word_1_743' title='bbox 2805 4233 2945 4300; x_wconf 90' lang='lat' dir='ltr'><strong>quod</strong></span> <span class='ocrx_word' id='word_1_744' title='bbox 2992 4233 3128 4286; x_wconf 87' lang='lat' dir='ltr'><strong>sicut</strong></span> <span class='ocrx_word' id='word_1_745' title='bbox 3166 4231 3354 4283; x_wconf 86' lang='lat' dir='ltr'><strong>umbra</strong></span> 
     </span>
    </p>
   </div>
   <div class='ocr_carea' id='block_1_96' title="bbox 1817 4316 3352 4389">
    <p class='ocr_par' dir='ltr' id='par_1_96' title="bbox 1817 4316 3352 4389">
     <span class='ocr_line' id='line_1_96' title="bbox 1817 4316 3352 4389; baseline -0.007 -14"><span class='ocrx_word' id='word_1_746' title='bbox 1817 4321 2055 4389; x_wconf 87' lang='lat' dir='ltr'><strong>corporis</strong></span> <span class='ocrx_word' id='word_1_747' title='bbox 2085 4321 2252 4373; x_wconf 91' lang='lat' dir='ltr'><strong>nostri</strong></span> <span class='ocrx_word' id='word_1_748' title='bbox 2279 4320 2652 4389; x_wconf 87' lang='lat' dir='ltr'><strong>inseparabilis</strong></span> <span class='ocrx_word' id='word_1_749' title='bbox 2682 4328 2765 4373; x_wconf 90' lang='lat' dir='ltr'><strong>est</strong></span> <span class='ocrx_word' id='word_1_750' title='bbox 2795 4335 2824 4372; x_wconf 92' lang='lat' dir='ltr'><strong>a</strong></span> <span class='ocrx_word' id='word_1_751' title='bbox 2849 4332 3089 4386; x_wconf 86' lang='lat' dir='ltr'><strong>corpore,</strong></span> <span class='ocrx_word' id='word_1_752' title='bbox 3123 4326 3178 4369; x_wconf 87' lang='lat' dir='ltr'><strong>et</strong></span> <span class='ocrx_word' id='word_1_753' title='bbox 3205 4316 3352 4367; x_wconf 84' lang='lat' dir='ltr'><strong>iudc-</strong></span> 
     </span>
    </p>
   </div>
   <div class='ocr_carea' id='block_1_97' title="bbox 1817 4405 3357 4481">
    <p class='ocr_par' dir='ltr' id='par_1_97' title="bbox 1817 4405 3357 4481">
     <span class='ocr_line' id='line_1_97' title="bbox 1817 4405 3357 4481; baseline -0.006 -17"><span class='ocrx_word' id='word_1_754' title='bbox 1817 4410 2139 4464; x_wconf 87' lang='lat' dir='ltr'><strong>clinabiliter</strong></span> <span class='ocrx_word' id='word_1_755' title='bbox 2172 4419 2349 4465; x_wconf 87' lang='lat' dir='ltr'><strong>motus</strong></span> <span class='ocrx_word' id='word_1_756' title='bbox 2376 4426 2439 4466; x_wconf 88' lang='lat' dir='ltr'><strong>ac</strong></span> <span class='ocrx_word' id='word_1_757' title='bbox 2466 4422 2648 4481; x_wconf 84' lang='lat' dir='ltr'><strong>gestus</strong></span> <span class='ocrx_word' id='word_1_758' title='bbox 2671 4409 2917 4476; x_wconf 80' lang='lat' dir='ltr'><strong>corporis</strong></span> <span class='ocrx_word' id='word_1_759' title='bbox 2946 4405 3166 4473; x_wconf 87' lang='lat' dir='ltr'><strong>suscipit</strong></span> <span class='ocrx_word' id='word_1_760' title='bbox 3188 4413 3240 4456; x_wconf 91' lang='lat' dir='ltr'><strong>et</strong></span> <span class='ocrx_word' id='word_1_761' title='bbox 3267 4417 3357 4470; x_wconf 86' lang='lat' dir='ltr'><strong>ge-</strong></span> 
     </span>
    </p>
   </div>
   <div class='ocr_carea' id='block_1_98' title="bbox 1818 4493 3380 4567">
    <p class='ocr_par' dir='ltr' id='par_1_98' title="bbox 1818 4493 3380 4567">
     <span class='ocr_line' id='line_1_98' title="bbox 1818 4493 3380 4567; baseline -0.004 -14"><span class='ocrx_word' id='word_1_762' title='bbox 1818 4499 1907 4564; x_wconf 90' lang='lat' dir='ltr'><strong>rit,</strong></span> <span class='ocrx_word' id='word_1_763' title='bbox 1937 4509 2063 4567; x_wconf 87' lang='lat' dir='ltr'><strong>puto</strong></span> <span class='ocrx_word' id='word_1_764' title='bbox 2093 4514 2215 4553; x_wconf 90' lang='lat' dir='ltr'><strong>eum</strong></span> <span class='ocrx_word' id='word_1_765' title='bbox 2247 4495 2450 4554; x_wconf 60' lang='lat' dir='ltr'><strong>anima:~</strong></span> <span class='ocrx_word' id='word_1_766' title='bbox 2484 4501 2680 4555; x_wconf 89' lang='lat' dir='ltr'><strong>Christi</strong></span> <span class='ocrx_word' id='word_1_767' title='bbox 2710 4513 2846 4566; x_wconf 87' lang='lat' dir='ltr'><strong>opus</strong></span> <span class='ocrx_word' id='word_1_768' title='bbox 2870 4512 2932 4551; x_wconf 88' lang='lat' dir='ltr'><strong>ac</strong></span> <span class='ocrx_word' id='word_1_769' title='bbox 2962 4505 3162 4549; x_wconf 86' lang='lat' dir='ltr'><strong>motum</strong></span> <span class='ocrx_word' id='word_1_770' title='bbox 3186 4493 3274 4560; x_wconf 90' lang='lat' dir='ltr'><strong>qui</strong></span> <span class='ocrx_word' id='word_1_771' title='bbox 3307 4494 3380 4546; x_wconf 80' lang='lat' dir='ltr'><strong>ci,</strong></span> 
     </span>
    </p>
   </div>
   <div class='ocr_carea' id='block_1_99' title="bbox 1816 4584 3353 4656">
    <p class='ocr_par' dir='ltr' id='par_1_99' title="bbox 1816 4584 3353 4656">
     <span class='ocr_line' id='line_1_99' title="bbox 1816 4584 3353 4656; baseline -0.005 -16"><span class='ocrx_word' id='word_1_772' title='bbox 1816 4588 2255 4656; x_wconf 86' lang='lat' dir='ltr'><strong>inseparabiliter</strong></span> <span class='ocrx_word' id='word_1_773' title='bbox 2286 4591 2597 4655; x_wconf 65' lang='lat' dir='ltr'><strong>iubatrebat,</strong></span> <span class='ocrx_word' id='word_1_774' title='bbox 2627 4598 2681 4643; x_wconf 89' lang='lat' dir='ltr'><strong>et</strong></span> <span class='ocrx_word' id='word_1_775' title='bbox 2707 4600 2803 4655; x_wconf 92' lang='lat' dir='ltr'><strong>pro</strong></span> <span class='ocrx_word' id='word_1_776' title='bbox 2831 4596 2976 4640; x_wconf 89' lang='lat' dir='ltr'><strong>motu</strong></span> <span class='ocrx_word' id='word_1_777' title='bbox 3013 4584 3127 4648; x_wconf 82' lang='lat' dir='ltr'><strong>ejus</strong></span> <span class='ocrx_word' id='word_1_778' title='bbox 3160 4598 3220 4634; x_wconf 83' lang='lat' dir='ltr'><strong>ac</strong></span> <span class='ocrx_word' id='word_1_779' title='bbox 3262 4597 3353 4633; x_wconf 68' lang='lat' dir='ltr'><strong>vo-</strong></span> 
     </span>
    </p>
   </div>
   <div class='ocr_carea' id='block_1_100' title="bbox 1816 4665 3353 4745">
    <p class='ocr_par' dir='ltr' id='par_1_100' title="bbox 1816 4665 3353 4745">
     <span class='ocr_line' id='line_1_100' title="bbox 1816 4665 3353 4745; baseline -0.006 -18"><span class='ocrx_word' id='word_1_780' title='bbox 1816 4675 2019 4731; x_wconf 86' lang='lat' dir='ltr'><strong>luntate</strong></span> <span class='ocrx_word' id='word_1_781' title='bbox 2099 4688 2290 4731; x_wconf 86' lang='lat' dir='ltr'><strong>cuncta</strong></span> <span class='ocrx_word' id='word_1_782' title='bbox 2365 4677 2741 4745; x_wconf 84' lang='lat' dir='ltr'><strong>perpetrabat,</strong></span> <span class='ocrx_word' id='word_1_783' title='bbox 2829 4675 3115 4727; x_wconf 88' lang='lat' dir='ltr'><strong>ostendere</strong></span> <span class='ocrx_word' id='word_1_784' title='bbox 3169 4665 3353 4722; x_wconf 86' lang='lat' dir='ltr'><strong>volen-</strong></span> 
     </span>
    </p>
   </div>
   <div class='ocr_carea' id='block_1_101' title="bbox 1819 4761 3398 4827">
    <p class='ocr_par' dir='ltr' id='par_1_101' title="bbox 1819 4761 3398 4827">
     <span class='ocr_line' id='line_1_101' title="bbox 1819 4761 3398 4827; baseline -0.006 -8"><span class='ocrx_word' id='word_1_785' title='bbox 1819 4777 1923 4821; x_wconf 91' lang='lat' dir='ltr'><strong>tem</strong></span> <span class='ocrx_word' id='word_1_786' title='bbox 1973 4769 2214 4820; x_wconf 90' lang='lat' dir='ltr'><strong>umbram</strong></span> <span class='ocrx_word' id='word_1_787' title='bbox 2255 4767 2450 4819; x_wconf 88' lang='lat' dir='ltr'><strong>Christi</strong></span> <span class='ocrx_word' id='word_1_788' title='bbox 2478 4761 2684 4819; x_wconf 84' lang='lat' dir='ltr'><strong>Doiuini</strong></span> <span class='ocrx_word' id='word_1_789' title='bbox 2716 4767 2854 4818; x_wconf 90' lang='lat' dir='ltr'><strong>hanc</strong></span> <span class='ocrx_word' id='word_1_790' title='bbox 2879 4777 3116 4824; x_wconf 78' lang='lat' dir='ltr'><strong>vocasse,</strong></span> <span class='ocrx_word' id='word_1_791' title='bbox 3164 4761 3211 4811; x_wconf 91' lang='lat' dir='ltr'><strong>in</strong></span> <span class='ocrx_word' id='word_1_792' title='bbox 3251 4775 3352 4827; x_wconf 86' lang='lat' dir='ltr'><strong>qua</strong></span> <span class='ocrx_word' id='word_1_793' title='bbox 3377 4789 3398 4799; x_wconf 62' lang='grc' dir='ltr'><strong><em>ρ</em></strong></span> 
     </span>
    </p>
   </div>
   <div class='ocr_carea' id='block_1_102' title="bbox 1877 4872 3350 4939">
    <p class='ocr_par' dir='ltr' id='par_1_102' title="bbox 1877 4872 3350 4939">
     <span class='ocr_line' id='line_1_102' title="bbox 1877 4872 3350 4939; baseline -0.002 -9"><span class='ocrx_word' id='word_1_794' title='bbox 1877 4880 1921 4913; x_wconf 73' lang='grc' dir='ltr'>’θ</span> <span class='ocrx_word' id='word_1_795' title='bbox 1952 4878 2082 4932; x_wconf 88' lang='lat' dir='ltr'><strong>lleb.</strong></span> <span class='ocrx_word' id='word_1_796' title='bbox 2116 4893 2190 4939; x_wconf 84' lang='lat' dir='ltr'><strong>tv,</strong></span> <span class='ocrx_word' id='word_1_797' title='bbox 2222 4876 2305 4928; x_wconf 83' lang='lat' dir='ltr'><strong>l5.</strong></span> <span class='ocrx_word' id='word_1_798' title='bbox 2381 4877 2421 4905; x_wconf 80' lang='grc'><strong>’⁷</strong></span> <span class='ocrx_word' id='word_1_799' title='bbox 2462 4874 2617 4928; x_wconf 82' lang='lat' dir='ltr'><strong>Joan.</strong></span> <span class='ocrx_word' id='word_1_800' title='bbox 2663 4890 2779 4938; x_wconf 80' lang='lat' dir='ltr'><strong>vni,</strong></span> <span class='ocrx_word' id='word_1_801' title='bbox 2811 4875 2893 4928; x_wconf 68' lang='grc'><strong>46.</strong></span> <span class='ocrx_word' id='word_1_802' title='bbox 2988 4875 3031 4905; x_wconf 80' lang='grc'><strong>⁵⁸</strong></span> <span class='ocrx_word' id='word_1_803' title='bbox 3061 4872 3214 4930; x_wconf 84' lang='lat' dir='ltr'><strong>Joau.</strong></span> <span class='ocrx_word' id='word_1_804' title='bbox 3247 4891 3350 4939; x_wconf 71' lang='lat' dir='ltr'><strong>xw,</strong></span> 
     </span>
    </p>
   </div>
   <div class='ocr_carea' id='block_1_103' title="bbox 159 4923 2135 5012">
    <p class='ocr_par' dir='ltr' id='par_1_103' title="bbox 159 4923 2135 5012">
     <span class='ocr_line' id='line_1_103' title="bbox 159 4923 2135 5012; baseline -0.027 6"><span class='ocrx_word' id='word_1_805' title='bbox 159 4927 252 4983; x_wconf 59' lang='grc' dir='ltr'><strong>ω’</strong></span> <span class='ocrx_word' id='word_1_806' title='bbox 330 4931 374 4961; x_wconf 78' lang='grc'><strong>⁸⁸</strong></span> <span class='ocrx_word' id='word_1_807' title='bbox 415 4931 527 5006; x_wconf 75' lang='grc'><strong>¹⁸³·.</strong></span> <span class='ocrx_word' id='word_1_808' title='bbox 561 4947 673 4994; x_wconf 73' lang='grc' dir='ltr'>νιιιο</span> <span class='ocrx_word' id='word_1_809' title='bbox 711 4932 776 4997; x_wconf 63' lang='grc' dir='ltr'><strong>ις</strong></span> <span class='ocrx_word' id='word_1_810' title='bbox 805 4947 900 4995; x_wconf 80' lang='grc' dir='ltr'><strong>νη.</strong></span> <span class='ocrx_word' id='word_1_811' title='bbox 941 4925 1026 4985; x_wconf 71' lang='lat'><strong>1&#39;6.</strong></span> <span class='ocrx_word' id='word_1_812' title='bbox 1074 4923 1137 4963; x_wconf 75' lang='grc' dir='ltr'><strong>’³ο</strong></span> <span class='ocrx_word' id='word_1_813' title='bbox 1169 4923 1364 4988; x_wconf 80' lang='lat' dir='ltr'><strong>Psalm.</strong></span> <span class='ocrx_word' id='word_1_814' title='bbox 1394 4951 1532 5001; x_wconf 74' lang='grc' dir='ltr'><strong>ων,</strong></span> <span class='ocrx_word' id='word_1_815' title='bbox 1567 4923 1732 4994; x_wconf 52' lang='lat'><strong>3,—&quot;3&#39;1</strong></span> <span class='ocrx_word' id='word_1_816' title='bbox 1751 4923 2135 5012; x_wconf 50' lang='lat' dir='ltr'><strong>712m.en:&#39;l&quot;v:&#39;i-_</strong></span> 
     </span>
    </p>
   </div>
   <div class='ocr_carea' id='block_1_104' title="bbox 238 5041 1656 5112">
    <p class='ocr_par' dir='ltr' id='par_1_104' title="bbox 238 5041 1656 5112">
     <span class='ocr_line' id='line_1_104' title="bbox 238 5041 1656 5112; baseline 0.006 -20"><span class='ocrx_word' id='word_1_817' title='bbox 238 5041 353 5112; x_wconf 58' lang='lat' dir='ltr'><strong>(l3)</strong></span> <span class='ocrx_word' id='word_1_818' title='bbox 381 5041 472 5112; x_wconf 78' lang='lat' dir='ltr'><strong>Sic</strong></span> <span class='ocrx_word' id='word_1_819' title='bbox 500 5056 629 5095; x_wconf 86' lang='lat' dir='ltr'><strong>mss.</strong></span> <span class='ocrx_word' id='word_1_820' title='bbox 657 5043 824 5109; x_wconf 79' lang='lat' dir='ltr'><strong>Alias,</strong></span> <span class='ocrx_word' id='word_1_821' title='bbox 864 5062 882 5094; x_wconf 85' lang='grc'><strong><em>‹</em></strong></span> <span class='ocrx_word' id='word_1_822' title='bbox 917 5045 1139 5098; x_wconf 87' lang='lat' dir='ltr'><strong>habitat.</strong></span> <span class='ocrx_word' id='word_1_823' title='bbox 1170 5063 1188 5095; x_wconf 69' lang='lat' dir='ltr'><strong>i</strong></span> <span class='ocrx_word' id='word_1_824' title='bbox 1649 5099 1656 5101; x_wconf 95' lang='lat'>_</span> 
     </span>
    </p>
   </div>
   <div class='ocr_carea' id='block_1_105' title="bbox 236 5042 1710 5189">
    <p class='ocr_par' dir='ltr' id='par_1_105' title="bbox 236 5042 1710 5189">
     <span class='ocr_line' id='line_1_105' title="bbox 238 5042 1656 5178; baseline 0.006 -85"><span class='ocrx_word' id='word_1_825' title='bbox 238 5042 356 5178; x_wconf 48' lang='lat' dir='ltr'><strong>(l2;</strong></span> <span class='ocrx_word' id='word_1_826' title='bbox 381 5042 472 5094; x_wconf 89' lang='lat' dir='ltr'><strong>Sic</strong></span> <span class='ocrx_word' id='word_1_827' title='bbox 500 5056 629 5095; x_wconf 86' lang='lat' dir='ltr'><strong>mss.</strong></span> <span class='ocrx_word' id='word_1_828' title='bbox 657 5043 824 5109; x_wconf 79' lang='lat' dir='ltr'><strong>Alias,</strong></span> <span class='ocrx_word' id='word_1_829' title='bbox 864 5062 882 5094; x_wconf 85' lang='grc'><strong><em>‹</em></strong></span> <span class='ocrx_word' id='word_1_830' title='bbox 917 5045 1139 5098; x_wconf 87' lang='lat' dir='ltr'><strong>habitat.</strong></span> <span class='ocrx_word' id='word_1_831' title='bbox 1170 5063 1188 5095; x_wconf 69' lang='lat' dir='ltr'><strong>i</strong></span> <span class='ocrx_word' id='word_1_832' title='bbox 1649 5099 1656 5101; x_wconf 95' lang='lat'>_</span> 
     </span>
     <span class='ocr_line' id='line_1_106' title="bbox 236 5110 1710 5189; baseline 0.009 -28"><span class='ocrx_word' id='word_1_833' title='bbox 236 5111 333 5189; x_wconf 65' lang='grc'><strong>(15</strong></span> <span class='ocrx_word' id='word_1_834' title='bbox 386 5110 477 5189; x_wconf 71' lang='lat' dir='ltr'><strong>Sic</strong></span> <span class='ocrx_word' id='word_1_835' title='bbox 507 5125 632 5163; x_wconf 88' lang='lat' dir='ltr'><strong>mss.</strong></span> <span class='ocrx_word' id='word_1_836' title='bbox 661 5113 828 5189; x_wconf 76' lang='lat' dir='ltr'><strong>Alias,</strong></span> <span class='ocrx_word' id='word_1_837' title='bbox 861 5130 878 5162; x_wconf 74' lang='grc' dir='ltr'>ι</span> <span class='ocrx_word' id='word_1_838' title='bbox 914 5113 1057 5189; x_wconf 80' lang='lat' dir='ltr'><strong>illius</strong></span> <span class='ocrx_word' id='word_1_839' title='bbox 1082 5123 1164 5166; x_wconf 73' lang='lat' dir='ltr'><strong>est</strong></span> <span class='ocrx_word' id='word_1_840' title='bbox 1203 5115 1267 5168; x_wconf 91' lang='lat' dir='ltr'><strong>de</strong></span> <span class='ocrx_word' id='word_1_841' title='bbox 1295 5131 1399 5183; x_wconf 90' lang='lat' dir='ltr'><strong>quo</strong></span> <span class='ocrx_word' id='word_1_842' title='bbox 1434 5117 1710 5189; x_wconf 85' lang='lat' dir='ltr'><strong>Scriptura</strong></span> 
     </span>
    </p>
   </div>
   <div class='ocr_carea' id='block_1_106' title="bbox 165 5177 1638 5250">
    <p class='ocr_par' dir='ltr' id='par_1_106' title="bbox 165 5177 1638 5250">
     <span class='ocr_line' id='line_1_107' title="bbox 165 5177 1638 5250; baseline 0.005 -17"><span class='ocrx_word' id='word_1_843' title='bbox 165 5177 638 5250; x_wconf 33' lang='lat' dir='ltr'><strong>diei_t_:;-q‘ui...._et</strong></span> <span class='ocrx_word' id='word_1_844' title='bbox 673 5181 738 5232; x_wconf 86' lang='lat' dir='ltr'><strong>de</strong></span> <span class='ocrx_word' id='word_1_845' title='bbox 765 5196 870 5248; x_wconf 92' lang='lat' dir='ltr'><strong>quo</strong></span> <span class='ocrx_word' id='word_1_846' title='bbox 901 5182 1155 5250; x_wconf 85' lang='lat' dir='ltr'><strong>scriptum</strong></span> <span class='ocrx_word' id='word_1_847' title='bbox 1185 5194 1265 5236; x_wconf 90' lang='lat' dir='ltr'><strong>est</strong></span> <span class='ocrx_word' id='word_1_848' title='bbox 1303 5177 1581 5244; x_wconf 63' lang='lat' dir='ltr'><strong>tentatum&#39;.</strong></span> <span class='ocrx_word' id='word_1_849' title='bbox 1610 5211 1638 5241; x_wconf 71' lang='grc' dir='ltr'><strong><em>ἰ</em></strong></span> 
     </span>
    </p>
   </div>
   <div class='ocr_carea' id='block_1_107' title="bbox 235 5245 1504 5320">
    <p class='ocr_par' dir='ltr' id='par_1_107' title="bbox 235 5245 1504 5320">
     <span class='ocr_line' id='line_1_108' title="bbox 235 5245 1504 5320; baseline 0.009 -24"><span class='ocrx_word' id='word_1_850' title='bbox 383 5245 640 5320; x_wconf 50' lang='lat' dir='ltr'><strong>gratuita</strong></span> <span class='ocrx_word' id='word_1_851' title='bbox 685 5245 836 5320; x_wconf 64' lang='lat' dir='ltr'><strong>editi.</strong></span> <span class='ocrx_word' id='word_1_852' title='bbox 865 5250 988 5302; x_wconf 78' lang='lat' dir='ltr'><strong>Mss.</strong></span> <span class='ocrx_word' id='word_1_853' title='bbox 1015 5245 1170 5320; x_wconf 55' lang='lat' dir='ltr'><strong>&#39;vero,</strong></span> <span class='ocrx_word' id='word_1_854' title='bbox 1212 5269 1229 5300; x_wconf 75' lang='grc' dir='ltr'>ί</span> <span class='ocrx_word' id='word_1_855' title='bbox 1268 5267 1448 5320; x_wconf 89' lang='lat' dir='ltr'><strong>quam.</strong></span> <span class='ocrx_word' id='word_1_856' title='bbox 1486 5275 1504 5307; x_wconf 76' lang='grc' dir='ltr'><strong>ι</strong></span> 
     </span>
    </p>
   </div>
   <div class='ocr_carea' id='block_1_108' title="bbox 234 5314 1438 5386">
    <p class='ocr_par' dir='ltr' id='par_1_108' title="bbox 234 5314 1438 5386">
     <span class='ocr_line' id='line_1_109' title="bbox 234 5314 1438 5386; baseline 0.012 -21"><span class='ocrx_word' id='word_1_857' title='bbox 234 5314 353 5386; x_wconf 79' lang='grc'><strong>(15)</strong></span> <span class='ocrx_word' id='word_1_858' title='bbox 387 5314 515 5386; x_wconf 66' lang='lat' dir='ltr'><strong>)v&#39;ide</strong></span> <span class='ocrx_word' id='word_1_859' title='bbox 545 5316 581 5367; x_wconf 94' lang='lat' dir='ltr'><strong>l.</strong></span> <span class='ocrx_word' id='word_1_860' title='bbox 617 5331 652 5368; x_wconf 85' lang='lat' dir='ltr'><strong>ll</strong></span> <span class='ocrx_word' id='word_1_861' title='bbox 687 5315 1081 5386; x_wconf 75' lang='lat' dir='ltr'><strong>0rigenian.,q.</strong></span> <span class='ocrx_word' id='word_1_862' title='bbox 1124 5319 1174 5379; x_wconf 75' lang='grc'><strong>5.</strong></span> <span class='ocrx_word' id='word_1_863' title='bbox 1213 5314 1354 5376; x_wconf 79' lang='lat' dir='ltr'><strong>unm.</strong></span> <span class='ocrx_word' id='word_1_864' title='bbox 1387 5325 1438 5379; x_wconf 81' lang='lat'><strong>6.</strong></span> 
     </span>
    </p>
   </div>
   <div class='ocr_carea' id='block_1_109' title="bbox 235 5380 1713 5465">
    <p class='ocr_par' dir='ltr' id='par_1_109' title="bbox 235 5380 1713 5465">
     <span class='ocr_line' id='line_1_110' title="bbox 235 5380 1713 5465; baseline 0.01 -29"><span class='ocrx_word' id='word_1_865' title='bbox 235 5380 474 5465; x_wconf 49' lang='lat' dir='ltr'><strong>(ﬁtilla</strong></span> <span class='ocrx_word' id='word_1_866' title='bbox 494 5398 623 5437; x_wconf 88' lang='lat' dir='ltr'><strong>mss.</strong></span> <span class='ocrx_word' id='word_1_867' title='bbox 655 5380 818 5448; x_wconf 76' lang='lat' dir='ltr'><strong>Alias,</strong></span> <span class='ocrx_word' id='word_1_868' title='bbox 854 5404 872 5436; x_wconf 73' lang='grc' dir='ltr'>ι</span> <span class='ocrx_word' id='word_1_869' title='bbox 901 5380 1090 5452; x_wconf 67' lang='lat' dir='ltr'><strong>praesit:</strong></span> <span class='ocrx_word' id='word_1_870' title='bbox 1121 5397 1200 5442; x_wconf 83' lang='lat' dir='ltr'><strong>est</strong></span> <span class='ocrx_word' id='word_1_871' title='bbox 1227 5391 1350 5446; x_wconf 85' lang='lat' dir='ltr'><strong>huic</strong></span> <span class='ocrx_word' id='word_1_872' title='bbox 1381 5395 1566 5450; x_wconf 80' lang='lat' dir='ltr'><strong>anima:</strong></span> <span class='ocrx_word' id='word_1_873' title='bbox 1595 5413 1713 5465; x_wconf 62' lang='lat' dir='ltr'><strong>quae</strong></span> 
     </span>
    </p>
   </div>
   <div class='ocr_carea' id='block_1_110' title="bbox 164 5453 834 5511">
    <p class='ocr_par' dir='ltr' id='par_1_110' title="bbox 164 5453 834 5511">
     <span class='ocr_line' id='line_1_111' title="bbox 164 5453 834 5511; baseline -0.006 -4"><span class='ocrx_word' id='word_1_874' title='bbox 164 5453 374 5507; x_wconf 80' lang='lat' dir='ltr'><strong>Christi</strong></span> <span class='ocrx_word' id='word_1_875' title='bbox 399 5461 501 5505; x_wconf 86' lang='lat' dir='ltr'><strong>est.</strong></span> <span class='ocrx_word' id='word_1_876' title='bbox 527 5470 546 5502; x_wconf 72' lang='grc' dir='ltr'><strong><em>ι</em></strong></span> <span class='ocrx_word' id='word_1_877' title='bbox 815 5495 834 5511; x_wconf 16' lang='grc' dir='ltr'><strong>,Α</strong></span> 
     </span>
    </p>
   </div>
   <div class='ocr_carea' id='block_1_111' title="bbox 238 5518 1710 5590">
    <p class='ocr_par' dir='ltr' id='par_1_111' title="bbox 238 5518 1710 5590">
     <span class='ocr_line' id='line_1_112' title="bbox 238 5518 1710 5590; baseline 0.009 -17"><span class='ocrx_word' id='word_1_878' title='bbox 238 5520 356 5590; x_wconf 85' lang='grc'><strong>(17)</strong></span> <span class='ocrx_word' id='word_1_879' title='bbox 388 5518 455 5571; x_wconf 81' lang='lat' dir='ltr'><strong>Ei</strong></span> <span class='ocrx_word' id='word_1_880' title='bbox 504 5532 654 5587; x_wconf 81' lang='lat' dir='ltr'><strong>atque</strong></span> <span class='ocrx_word' id='word_1_881' title='bbox 703 5523 1132 5588; x_wconf 71' lang='lat' dir='ltr'><strong>inseparabiliter.</strong></span> <span class='ocrx_word' id='word_1_882' title='bbox 1174 5527 1291 5582; x_wconf 68' lang='lat' dir='ltr'><strong>Hrec</strong></span> <span class='ocrx_word' id='word_1_883' title='bbox 1340 5531 1710 5587; x_wconf 86' lang='lat' dir='ltr'><strong>desiderantur</strong></span> 
     </span>
    </p>
   </div>
   <div class='ocr_carea' id='block_1_112' title="bbox 171 5591 1708 5664">
    <p class='ocr_par' dir='ltr' id='par_1_112' title="bbox 171 5591 1708 5664">
     <span class='ocr_line' id='line_1_113' title="bbox 171 5591 1708 5664; baseline 0.007 -19"><span class='ocrx_word' id='word_1_884' title='bbox 171 5594 224 5645; x_wconf 83' lang='lat' dir='ltr'><strong>in</strong></span> <span class='ocrx_word' id='word_1_885' title='bbox 258 5601 418 5645; x_wconf 82' lang='lat' dir='ltr'><strong>antea</strong></span> <span class='ocrx_word' id='word_1_886' title='bbox 455 5591 613 5646; x_wconf 90' lang='lat' dir='ltr'><strong>editis</strong></span> <span class='ocrx_word' id='word_1_887' title='bbox 641 5629 655 5656; x_wconf 86' lang='lat'><strong>,</strong></span> <span class='ocrx_word' id='word_1_888' title='bbox 708 5594 949 5659; x_wconf 74' lang='lat' dir='ltr'><strong>quantivis</strong></span> <span class='ocrx_word' id='word_1_889' title='bbox 994 5599 1327 5664; x_wconf 84' lang='lat' dir='ltr'><strong>reperiantur</strong></span> <span class='ocrx_word' id='word_1_890' title='bbox 1362 5602 1412 5654; x_wconf 90' lang='lat' dir='ltr'><strong>in</strong></span> <span class='ocrx_word' id='word_1_891' title='bbox 1464 5605 1708 5657; x_wconf 79' lang='lat' dir='ltr'><strong>omnibus</strong></span> 
     </span>
    </p>
   </div>
   <div class='ocr_carea' id='block_1_113' title="bbox 1883 5058 3347 5130">
    <p class='ocr_par' dir='ltr' id='par_1_113' title="bbox 1883 5058 3347 5130">
     <span class='ocr_line' id='line_1_114' title="bbox 1883 5058 3347 5130; baseline -0.002 -17"><span class='ocrx_word' id='word_1_892' title='bbox 1883 5061 1992 5130; x_wconf 89' lang='grc'><strong>(18)</strong></span> <span class='ocrx_word' id='word_1_893' title='bbox 2021 5060 2109 5113; x_wconf 89' lang='lat' dir='ltr'><strong>Sic</strong></span> <span class='ocrx_word' id='word_1_894' title='bbox 2130 5073 2257 5111; x_wconf 90' lang='lat' dir='ltr'><strong>mss.</strong></span> <span class='ocrx_word' id='word_1_895' title='bbox 2277 5058 2426 5112; x_wconf 89' lang='lat' dir='ltr'><strong>Libb.</strong></span> <span class='ocrx_word' id='word_1_896' title='bbox 2461 5059 2612 5122; x_wconf 86' lang='lat' dir='ltr'><strong>editi,</strong></span> <span class='ocrx_word' id='word_1_897' title='bbox 2640 5077 2656 5107; x_wconf 84' lang='grc'>‹</span> <span class='ocrx_word' id='word_1_898' title='bbox 2687 5060 2758 5110; x_wconf 75' lang='lat' dir='ltr'><strong>ita</strong></span> <span class='ocrx_word' id='word_1_899' title='bbox 2792 5068 2847 5112; x_wconf 90' lang='lat' dir='ltr'><strong>ut</strong></span> <span class='ocrx_word' id='word_1_900' title='bbox 2878 5058 3037 5112; x_wconf 89' lang='lat' dir='ltr'><strong>fuisse</strong></span> <span class='ocrx_word' id='word_1_901' title='bbox 3065 5059 3347 5127; x_wconf 79' lang='lat' dir='ltr'><strong>quidem...</strong></span> 
     </span>
    </p>
   </div>
   <div class='ocr_carea' id='block_1_114' title="bbox 1813 5130 3255 5195">
    <p class='ocr_par' dir='ltr' id='par_1_114' title="bbox 1813 5130 3255 5195">
     <span class='ocr_line' id='line_1_115' title="bbox 1813 5130 3255 5195; baseline -0.01 -12"><span class='ocrx_word' id='word_1_902' title='bbox 1813 5131 2073 5184; x_wconf 89' lang='lat' dir='ltr'><strong>credenda</strong></span> <span class='ocrx_word' id='word_1_903' title='bbox 2108 5130 2197 5180; x_wconf 84' lang='lat' dir='ltr'><strong>sit.</strong></span> <span class='ocrx_word' id='word_1_904' title='bbox 2231 5145 2250 5178; x_wconf 71' lang='grc' dir='ltr'><strong><em>ι</em></strong></span> <span class='ocrx_word' id='word_1_905' title='bbox 3251 5190 3255 5195; x_wconf 29' lang='grc' dir='ltr'><strong>Ι</strong></span> 
     </span>
    </p>
   </div>
   <div class='ocr_carea' id='block_1_115' title="bbox 1883 5195 3346 5264">
    <p class='ocr_par' dir='ltr' id='par_1_115' title="bbox 1883 5195 3346 5264">
     <span class='ocr_line' id='line_1_116' title="bbox 1883 5195 3346 5264; baseline -0.001 -14"><span class='ocrx_word' id='word_1_906' title='bbox 1883 5199 1995 5264; x_wconf 88' lang='lat' dir='ltr'><strong>(l9)</strong></span> <span class='ocrx_word' id='word_1_907' title='bbox 2027 5195 2423 5264; x_wconf 83' lang='lat' dir='ltr'><strong>Nunquidnnm.</strong></span> <span class='ocrx_word' id='word_1_908' title='bbox 2461 5195 2536 5250; x_wconf 84' lang='lat' dir='ltr'><strong>Ita</strong></span> <span class='ocrx_word' id='word_1_909' title='bbox 2569 5210 2724 5262; x_wconf 83' lang='lat' dir='ltr'><strong>mss.;</strong></span> <span class='ocrx_word' id='word_1_910' title='bbox 2756 5196 2904 5261; x_wconf 87' lang='lat' dir='ltr'><strong>editi,</strong></span> <span class='ocrx_word' id='word_1_911' title='bbox 2939 5214 2956 5244; x_wconf 75' lang='grc' dir='ltr'><strong><em>ι</em></strong></span> <span class='ocrx_word' id='word_1_912' title='bbox 2995 5209 3288 5261; x_wconf 82' lang='lat' dir='ltr'><strong>nunquam.</strong></span> <span class='ocrx_word' id='word_1_913' title='bbox 3328 5214 3346 5246; x_wconf 75' lang='grc' dir='ltr'><strong><em>ι</em></strong></span> 
     </span>
    </p>
   </div>
   <div class='ocr_carea' id='block_1_116' title="bbox 1885 5265 3241 5332">
    <p class='ocr_par' dir='ltr' id='par_1_116' title="bbox 1885 5265 3241 5332">
     <span class='ocr_line' id='line_1_117' title="bbox 1885 5265 3241 5332; baseline -0.002 -16"><span class='ocrx_word' id='word_1_914' title='bbox 1885 5265 1993 5332; x_wconf 71' lang='grc'><strong>(20)</strong></span> <span class='ocrx_word' id='word_1_915' title='bbox 2032 5265 2124 5332; x_wconf 77' lang='lat' dir='ltr'><strong>Sic</strong></span> <span class='ocrx_word' id='word_1_916' title='bbox 2161 5280 2288 5318; x_wconf 89' lang='lat' dir='ltr'><strong>mss.</strong></span> <span class='ocrx_word' id='word_1_917' title='bbox 2327 5265 2490 5326; x_wconf 81' lang='lat' dir='ltr'><strong>Alias,</strong></span> <span class='ocrx_word' id='word_1_918' title='bbox 2534 5284 2550 5315; x_wconf 74' lang='grc' dir='ltr'>α</span> <span class='ocrx_word' id='word_1_919' title='bbox 2590 5276 2845 5320; x_wconf 86' lang='lat' dir='ltr'><strong>tractare.</strong></span> <span class='ocrx_word' id='word_1_920' title='bbox 2882 5283 2899 5312; x_wconf 76' lang='grc' dir='ltr'>ι</span> <span class='ocrx_word' id='word_1_921' title='bbox 3233 5292 3241 5297; x_wconf 76' lang='lat'>~</span> 
     </span>
    </p>
   </div>
   <div class='ocr_carea' id='block_1_117' title="bbox 1885 5331 3350 5400">
    <p class='ocr_par' dir='ltr' id='par_1_117' title="bbox 1885 5331 3350 5400">
     <span class='ocr_line' id='line_1_118' title="bbox 1885 5331 3350 5400; baseline -0.003 -15"><span class='ocrx_word' id='word_1_922' title='bbox 1885 5331 1994 5400; x_wconf 69' lang='grc'><strong>(21)</strong></span> <span class='ocrx_word' id='word_1_923' title='bbox 2049 5331 2110 5382; x_wconf 81' lang='lat' dir='ltr'><strong>Et</strong></span> <span class='ocrx_word' id='word_1_924' title='bbox 2161 5334 2436 5400; x_wconf 78' lang='lat' dir='ltr'><strong>sapientia.</strong></span> <span class='ocrx_word' id='word_1_925' title='bbox 2491 5334 2832 5387; x_wconf 89' lang='lat' dir='ltr'><strong>Desideratur</strong></span> <span class='ocrx_word' id='word_1_926' title='bbox 2880 5333 2932 5383; x_wconf 88' lang='lat' dir='ltr'><strong>in</strong></span> <span class='ocrx_word' id='word_1_927' title='bbox 2964 5339 3117 5383; x_wconf 86' lang='lat' dir='ltr'><strong>antea</strong></span> <span class='ocrx_word' id='word_1_928' title='bbox 3148 5333 3304 5384; x_wconf 57' lang='lat' dir='ltr'><strong>editis</strong></span> <span class='ocrx_word' id='word_1_929' title='bbox 3336 5370 3350 5390; x_wconf 90' lang='lat'><strong>,</strong></span> 
     </span>
    </p>
   </div>
   <div class='ocr_carea' id='block_1_118' title="bbox 1817 5398 2402 5454">
    <p class='ocr_par' dir='ltr' id='par_1_118' title="bbox 1817 5398 2402 5454">
     <span class='ocr_line' id='line_1_119' title="bbox 1817 5398 2402 5454; baseline -0.005 0"><span class='ocrx_word' id='word_1_930' title='bbox 1817 5398 1905 5454; x_wconf 87' lang='lat' dir='ltr'><strong>sed</strong></span> <span class='ocrx_word' id='word_1_931' title='bbox 1934 5398 2159 5453; x_wconf 84' lang='lat' dir='ltr'><strong>habetur</strong></span> <span class='ocrx_word' id='word_1_932' title='bbox 2197 5398 2245 5454; x_wconf 90' lang='lat' dir='ltr'><strong>iu</strong></span> <span class='ocrx_word' id='word_1_933' title='bbox 2277 5398 2402 5454; x_wconf 60' lang='lat' dir='ltr'><strong>MISS.</strong></span> 
     </span>
    </p>
   </div>
   <div class='ocr_carea' id='block_1_119' title="bbox 1853 5468 3346 5537">
    <p class='ocr_par' dir='ltr' id='par_1_119' title="bbox 1853 5468 3346 5537">
     <span class='ocr_line' id='line_1_120' title="bbox 1853 5468 3346 5537; baseline -0.002 -16"><span class='ocrx_word' id='word_1_934' title='bbox 1853 5492 1856 5497; x_wconf 88' lang='grc'><strong>·</strong></span> <span class='ocrx_word' id='word_1_935' title='bbox 1886 5470 1997 5535; x_wconf 66' lang='grc'><strong>(2-3.)</strong></span> <span class='ocrx_word' id='word_1_936' title='bbox 2029 5468 2311 5535; x_wconf 78' lang='lat' dir='ltr'><strong>ngueuti.</strong></span> <span class='ocrx_word' id='word_1_937' title='bbox 2349 5470 2435 5522; x_wconf 88' lang='lat' dir='ltr'><strong>Sic</strong></span> <span class='ocrx_word' id='word_1_938' title='bbox 2453 5484 2586 5537; x_wconf 81' lang='lat' dir='ltr'><strong>mss.</strong></span> <span class='ocrx_word' id='word_1_939' title='bbox 2619 5469 2782 5532; x_wconf 85' lang='lat' dir='ltr'><strong>Alias,</strong></span> <span class='ocrx_word' id='word_1_940' title='bbox 2824 5487 2840 5518; x_wconf 78' lang='grc' dir='ltr'>ι</span> <span class='ocrx_word' id='word_1_941' title='bbox 2871 5477 2922 5522; x_wconf 89' lang='lat' dir='ltr'><strong>et</strong></span> <span class='ocrx_word' id='word_1_942' title='bbox 2953 5479 3296 5537; x_wconf 87' lang='lat' dir='ltr'><strong>unguennuu.</strong></span> <span class='ocrx_word' id='word_1_943' title='bbox 3328 5487 3346 5519; x_wconf 72' lang='grc' dir='ltr'><strong><em>ι</em></strong></span> 
     </span>
    </p>
   </div>
   <div class='ocr_carea' id='block_1_120' title="bbox 1887 5533 3349 5607">
    <p class='ocr_par' dir='ltr' id='par_1_120' title="bbox 1887 5533 3349 5607">
     <span class='ocr_line' id='line_1_121' title="bbox 1887 5533 3349 5607; baseline 0 -17"><span class='ocrx_word' id='word_1_944' title='bbox 1887 5533 1998 5607; x_wconf 71' lang='grc' dir='ltr'><strong>(Ξὸ)</strong></span> <span class='ocrx_word' id='word_1_945' title='bbox 2054 5533 2142 5590; x_wconf 78' lang='lat' dir='ltr'><strong>Sic</strong></span> <span class='ocrx_word' id='word_1_946' title='bbox 2173 5556 2297 5593; x_wconf 89' lang='lat' dir='ltr'><strong>mss.</strong></span> <span class='ocrx_word' id='word_1_947' title='bbox 2341 5533 2504 5604; x_wconf 61' lang='lat' dir='ltr'><strong>Alia‘s,</strong></span> <span class='ocrx_word' id='word_1_948' title='bbox 2547 5558 2562 5589; x_wconf 73' lang='grc' dir='ltr'>ι</span> <span class='ocrx_word' id='word_1_949' title='bbox 2605 5538 2885 5606; x_wconf 88' lang='lat' dir='ltr'><strong>participes</strong></span> <span class='ocrx_word' id='word_1_950' title='bbox 2920 5533 3053 5592; x_wconf 65' lang='lat' dir='ltr'><strong>vero</strong></span> <span class='ocrx_word' id='word_1_951' title='bbox 3076 5538 3154 5592; x_wconf 90' lang='lat' dir='ltr'><strong>sui</strong></span> <span class='ocrx_word' id='word_1_952' title='bbox 3191 5553 3349 5606; x_wconf 80' lang='lat' dir='ltr'><strong>quam</strong></span> 
     </span>
    </p>
   </div>
   <div class='ocr_carea' id='block_1_121' title="bbox 1748 5609 2392 5677">
    <p class='ocr_par' dir='ltr' id='par_1_121' title="bbox 1748 5609 2392 5677">
     <span class='ocr_line' id='line_1_122' title="bbox 1748 5609 2392 5677; baseline 0 -18"><span class='ocrx_word' id='word_1_953' title='bbox 1748 5652 1760 5659; x_wconf 89' lang='lat'><strong>.</strong></span> <span class='ocrx_word' id='word_1_954' title='bbox 1815 5609 2094 5677; x_wconf 82' lang='lat' dir='ltr'><strong>propinqui</strong></span> <span class='ocrx_word' id='word_1_955' title='bbox 2127 5609 2342 5663; x_wconf 82' lang='lat' dir='ltr'><strong>fuerint.</strong></span> <span class='ocrx_word' id='word_1_956' title='bbox 2375 5628 2392 5659; x_wconf 79' lang='grc' dir='ltr'><strong><em>ι</em></strong></span> 
     </span>
    </p>
   </div>
  </div>
