4118 6308
654 480 759 533 21έὶ

1883 463 2203 522 URICENIS
2240 468 2395 520 ΠΕΡΙ
2436 465 2667 517 ΛΡΧΩΝ

3781 455 3893 508 ΞΜ

654 601 845 655 umbra
871 612 969 667 nos
997 598 1298 650 viveremus
1327 594 1378 648 in
1403 592 1678 661 genti-bus.
1717 589 1773 642 In
1803 588 1964 656 hujus
1990 597 2296 659 namque-A
2324 588 2588 658 geliorum
2624 598 2764 655 unus
2788 591 2950 649 atque
2981 578 3118 663 idem
3154 573 3294 628 Deus
3322 591 3338 640 ;
3370 582 3479 626 tum
3507 570 3885 667 deinde'etiam

654 688 1039 757 assumptionis
1075 693 1418 739 sacramento
1464 691 1652 752 gentes
1699 683 1908 745 vi-vnnt,
1947 695 2065 749 qure
2097 682 2218 734 imi-

657 789 836 833 tantes
871 792 987 831 eam
1025 792 1120 844 per
1145 776 1300 830 ﬁdem
1344 775 1566 828 veniunt
1598 773 1662 825 ad
1708 772 1960 825 salutem.
2012 770 2116 823 Sed
2168 782 2221 823 et

661 870 824 922 David
853 869 1075 921 dicens:
1106 886 1125 917 ι
1147 867 1349 920 Memor
1376 874 1492 920 esto
1516 864 1793 934 opprobrii
1821 863 1949 928 mei,
1976 862 2219 926 Domine,

658 972 767 1025 quo
790 958 1261 1025 exprobraverunt
1286 970 1369 1008 me
1416 955 1467 1005 in
1503 953 1983 1007 commutationem
2021 938 2219 1005 Christi

660 1046 735 1098 tui
760 1045 825 1107 ³⁷⁸,
866 1064 885 1097 ι
917 1043 1115 1098 similia
1151 1042 1277 1095 mihi
1310 1038 1524 1094 videtur
1564 1040 1875 1093 ostendere.
1930 1037 1997 1091 Et
2027 1036 2222 1090 Paulus

656 1138 785 1205 quid
817 1137 961 1190 aliud
986 1135 1172 1196 sentit,
1211 1148 1329 1187 eum
1362 1133 1530 1185 dicit:
1572 1149 1590 1181 ι
1622 1131 1740 1184 V-ita
1777 1139 1955 1184 vestra
1991 1131 2222 1182 abscon-

584 1270 593 1279 .
654 1226 766 1282 dita
801 1236 884 1282 est
932 1242 1051 1279 eum
1085 1225 1304 1279 ChriSto
1333 1225 1384 1277 in
1420 1224 1529 1278 Deo
1579 1220 1670 1273 "?
1706 1240 1724 1272 ι
1781 1220 1845 1273 Ει
1889 1220 2106 1287 quidem
2169 1220 2219 1271 in

659 1322 766 1373 alio
791 1319 909 1373 loco
940 1318 1066 1371 dicit
1093 1317 1234 1386 (2i);
1265 1335 1282 1365 ι
1315 1317 1396 1369 An
1429 1315 1811 1368 documentum
1835 1312 2077 1381 quarritis
2107 1312 2222 1378 ejus

657 1413 747 1482 qui
782 1412 833 1464 in
866 1425 951 1464 me
985 1410 1223 1476 loquitur
1250 1407 1497 1461 Christus
1522 1405 1604 1457 ³⁸⁸2
1632 1423 1651 1456 ι
1684 1405 1746 1458 Et
1779 1419 1920 1458 nunc
1944 1404 2219 1457 Christum

654 1505 709 1557 in
741 1502 849 1556 Deo
882 1502 1009 1554 dicit
1044 1500 1447 1553 absconditum.
1477 1497 1643 1565 Cujus
1677 1498 1753 1551 rei
1781 1497 2088 1552 intellectus
2118 1495 2221 1548 nisi

658 1593 781 1647 talis
828 1584 1025 1659 aliquis
1078 1591 1344 1643 indicetur
1388 1587 1498 1657 ('25)
1528 1628 1542 1652 ,
1590 1588 1809 1657 qualem
1839 1601 1937 1654 per
1972 1584 2219 1638 umbram

654 1684 858 1738 Christi
884 1699 911 1735 a
938 1683 1196 1749 propheta
1226 1682 1584 1749 signiticatum
1618 1694 1737 1734 esse
1770 1693 1932 1755 supra
1962 1677 2222 1743 diximus,

654 1774 905 1830 Iortassis
935 1776 1092 1828 etiam
1129 1774 1275 1826 hunc
1305 1788 1519 1826 sensum
1552 1772 1803 1825 humana:
1844 1770 2036 1823 mentis
2061 1785 2222 1823 exce-

659 1866 755 1918 dit.
794 1865 898 1918 Sed
930 1872 982 1917 et
1014 1864 1409 1931 quamplurima
1446 1861 1549 1913 alia
1598 1861 1650 1913 in
1690 1860 1989 1929 Scripturis
2027 1860 2226 1913 divinis

2332 682 2399 732 de
2431 677 2671 739 Christo,
2701 673 2841 742 quod
2879 674 2923 725 is
2952 659 3041 739 qui
3072 666 3299 723 Verbum
3325 664 3659 733 etsapientia
3683 662 3774 716 Dei
3800 676 3893 715 su-

2330 770 2513 839 perius
2544 767 2717 819 fuerat
2740 772 3013 824 ostensus,
3047 760 3209 813 etiam
3239 758 3471 826 qualiter
3507 755 3668 808 homo
3713 753 3893 806 factus

2248 856 2251 857 ⁷
2327 868 2409 913 est
2441 858 2493 910 in
2521 853 2976 923 consequentibus
2999 849 3181 903 dehuit
3209 844 3607 909 demonstrari;
3638 848 3894 910 superest

2331 958 2387 1001 ut
2413 948 2577 999 etiam
2609 948 2673 998 de
2706 942 2909 1011 Spiritu
2935 946 3119 993 sancto
3150 953 3308 1005 quam
3334 947 3619 1003 possumus
3649 930 3894 985 breviter

2332 1026 2658 1106 repetamus.
2703 1033 2938 1100 Tempus
2985 1044 3113 1103 ergo
3142 1037 3225 1081 est
3258 1016 3500 1079 nnnc'de
3528 1022 3729 1092 Spiritu
3758 1034 3894 1074 san-

2330 1139 2416 1182 eto
2450 1136 2547 1182 n05
2574 1143 2672 1196 pro
2701 1123 2904 1177 viribus
2936 1136 3105 1189 pauca
3136 1120 3405 1174 disserere
3437 1129 3595 1185 quem
3630 1110 3894 1166 Dominus

2330 1229 2381 1271 et
2415 1218 2667 1271 Salvator
2702 1226 2887 1271 noster
2918 1216 2971 1269 in
3000 1210 3289 1278 Evangelio
3314 1208 3603 1263 secumlum
3625 1206 3893 1259 Joannem

2331 1310 2669 1363 Paraeletum
2712 1307 3011 1361 nominavit
3063 1303 3127 1357 ³⁹.
3195 1300 3345 1353 Sicut
3393 1298 3535 1352 enim
3585 1297 3722 1350 idem
3777 1296 3897 1361 ipse

2332 1400 2495 1467 Deus,
2531 1410 2694 1468 atque
2723 1400 2861 1452 idem
2916 1397 3033 1465 ipse
3067 1392 3339 1453 Christus,
3387 1390 3458 1443 ita
3488 1390 3626 1443 idem
3660 1388 3901 1457 Spiritus

2331 1482 2557 1547 sanctus
2583 1500 2663 1544 est
2693 1490 2784 1557 qui
2817 1490 2869 1542 in
2901 1486 3176 1557 prophetis
3205 1492 3260 1536 et
3294 1482 3345 1535 in
3383 1482 3643 1548 apostolis
3672 1481 3791 1543 fuit,
3840 1481 3893 1531 id

2330 1596 2411 1641 est
2437 1586 2552 1638 sive
2582 1585 2635 1636 in
2667 1582 2770 1634 illis
2798 1583 2885 1648 qui
2914 1589 3037 1632 ante
3064 1580 3349 1633 adventum
3392 1577 3594 1631 Christi
3637 1576 3742 1627 Deo
3770 1587 3901 1627 ere-

2331 1678 2605 1739 diderunt,
2641 1674 2755 1727 sive
2786 1672 2837 1725 iu
2871 1672 2955 1725 his
2985 1671 3073 1738 qui
3104 1686 3199 1739 per
3224 1670 3499 1723 Christum
3534 1664 3899 1732 confugerunt

2333 1770 2398 1820 ad
2434 1767 2623 1819 Deum.
2647 1765 2713 1819 Et
2738 1765 2869 1817 duos
2891 1764 3108 1830 quidem
3131 1761 3258 1814 deos
3285 1774 3443 1811 ausos
3474 1772 3592 1812 esse
3616 1758 3899 1810 haereticos

2334 1859 2553 1922 dicere,
2607 1866 2661 1909 et
2691 1856 2826 1909 duos
2861 1854 3105 1907 Christus
3156 1839 3459 1904 audivimus
3485 1890 3497 1911 ,
3535 1849 3666 1902 duos
3711 1859 3896 1911 autem

656 1956 722 2010 de
755 1957 963 2009 umbrze
991 1954 1348 2023 significantia
1375 1954 1617 2005 videmus
1649 1953 1877 2015 inserta,
1906 1961 1963 2005 ut
1997 1952 2128 2004 illud
2166 1952 2217 2005 in
2254 1951 2292 2005 Β
2324 1950 2560 2017 Spiritus
2576 1955 2790 2001 sanctos
2812 1958 3079 2011 nunquam
3100 1942 3444 2009 cognovimus
3468 1942 3534 1992 ab
3558 1939 3734 2007 aliquo
3762 1955 3901 2005 prte—

657 2048 945 2118 Evangelio
973 2049 1270 2101 secundum
1304 2047 1529 2109 Lucam,
1580 2062 1706 2099 cum
1741 2037 1877 2099 dicit
1907 2043 2125 2099 Gabriel
2157 2045 2221 2097 ad

656 2136 926 2190 Mariam:
967 2154 984 2186 ι
1016 2136 1251 2204 Spiritus
1283 2147 1459 2188 autem
1509 2134 1721 2187 Domini
1772 2135 2120 2202 Superveniet
2161 2134 2217 2186 in

657 2236 730 2289 te,
757 2234 812 2279 et
846 2226 1016 2279 virtus
1045 2224 1305 2278 Altissimi
1340 2224 1686 2278 obumbrabit
1714 2223 1808 2278 tibi
1837 2225 1901 2280 ³⁸.
1933 2244 1950 2276 ι
1988 2224 2053 2277 Ει
2082 2226 2223 2293 Apo-

654 2316 919 2377 stolusde
968 2317 1085 2383 lege
1121 2315 1287 2376 dicit,
1323 2315 1447 2382 quia
1496 2333 1513 2364 ι
1547 2315 1885 2367 similitudini
1936 2325 1989 2370 et
2021 2319 2224 2368 umbra:

659 2408 973 2462 deserviunt
1024 2407 1323 2460 emlestium
1362 2406 1407 2436 ³⁶
1436 2424 1454 2456 ι
1492 2407 1545 2459 1ιί
1572 2404 1671 2474 ψεῖ
1696 2409 1970 2461 carnalem
2024 2408 2224 2461 habent

657 2497 1156 2551 circumcisionem.
1208 2499 1273 2551 Et
1303 2496 1427 2549 alibi
1480 2495 1711 2549 dicitur:
1750 2514 1769 2546 ι
1809 2496 1996 2550 Nonne
2035 2496 2222 2549 umbra

656 2596 741 2643 est
801 2589 907 2641 vita
958 2599 1142 2641 nostra
1194 2605 1356 2655 supra
1390 2598 1590 2644 terram
1623 2589 1664 2618 ³⁷
1690 2589 1713 2640 ?
1740 2608 1759 2639 ι
1812 2589 1867 2643 Si
1897 2603 2027 2661 ergo
2056 2597 2109 2641 et
2140 2587 2223 2641 lex

656 2694 779 2748 qua:
809 2693 970 2746 super
1003 2688 1224 2744 terram,
1256 2683 1444 2734 umbra
1477 2692 1583 2745 est,
1617 2690 1671 2735 et
1699 2682 1750 2733 in
1800 2682 1989 2733 umbra
2022 2679 2225 2734 Christi

660 2772 893 2823 vivimus
930 2771 1070 2823 inter
1094 2772 1316 2838 gentes';
1354 2773 1642 2827 videndum
1684 2782 1767 2827 est
1798 2786 1864 2827 ne
1892 2773 2082 2825 harum
2104 2787 2226 2826 om-

658 2864 807 2917 nium
841 2862 955 2934 (26)
983 2866 1186 2918 veritas
1215 2866 1533 2919 umbrarum
1562 2868 1613 2919 in
1648 2866 1735 2919 illa
1768 2864 2094 2919 revelatione
2126 2875 2224 2915 no-

657 2965 845 3009 scatur
872 2971 992 3008 eum
1016 2956 1125 3023 jam
1156 2972 1263 3011 non
1295 2973 1390 3026 per
1431 2959 1707 3027 speculum
1740 2968 1795 3012 et
1836 2958 1888 3011 in
1918 2957 2225 3022 aenigmate,

660 3046 753 3099 sed
791 3045 931 3099 facie
960 3046 1024 3098 ad
1072 3046 1260 3101 faciem
1294 3049 1465 3102 sancti
1521 3050 1721 3117 quique
1768 3047 1997 3116 gloriam
2034 3045 2124 3098 Dei
2175 3053 2228 3098 et
2288 3108 2291 3111 _

661 3147 841 3189 rerum
878 3153 1075 3192 causas
1125 3154 1187 3193 ac
1222 3141 1502 3193 veritatem
1543 3141 1812 3207 speculari
1850 3138 2224 3192 merebuntur.

660 3227 826 3295 Cujus
854 3229 1101 3282 veritatis
1138 3241 1361 3296 accepto
1387 3228 1498 3296 jam
1549 3229 1775 3298 pignore
1824 3227 2226 3297 per.Spiritum

2330 2043 2447 2094 diua
2459 2043 2498 2093 ri
2526 2038 2941 2109 (‘27).Quomodo
2956 2036 3099 2089 enim
3122 2036 3221 2088 hoc
3238 2035 3303 2088 de
3325 2032 3622 2102 Scripturis
3640 2041 3901 2099 poterunt

2332 2130 2621 2193 allirtnare,
2645 2135 2733 2180 aut
2762 2142 2919 2195 quam
2940 2124 3295 2180 differentiam
3323 2124 3447 2176 dare
3475 2131 3722 2190 poterunt
3754 2123 3903 2175 inter

2333 2223 2589 2291 Spiritum
2614 2231 2859 2273 sanetum
2878 2230 2924 2273 et
2946 2219 3206 2285 Spiritum
3222 2216 3499 2271 sanctum?
3518 2216 3560 2269 si
3596 2224 3767 2265 tamen
3792 2210 3904 2264 dif-

2332 2314 2503 2366 ﬁnitio
2526 2314 2726 2382 aliqua,
2761 2320 2852 2363 aut
2889 2307 3181 2377 descriptio
3206 2304 3433 2359 inveniri
3460 2312 3633 2371 potest
3657 2301 3899 2369 Spiritus

2331 2408 2525 2463 sancti.
2558 2405 2694 2459 Nam
2723 2414 2777 2458 ut
2807 2403 3161 2458 concedamus
3209 2397 3465 2452 Mareioni
3498 2395 3581 2448 vel
3614 2393 3904 2447 Valentino
3948 2411 3959 2429 ι

2331 2512 2495 2568 posse
2528 2496 2867 2552 diﬂ‘erentias
2895 2493 3111 2548 deitatis
3161 2492 3437 2552 inducere,
3488 2497 3542 2541 et
3577 2486 3734 2540 aliam
3768 2485 3900 2539 boni

2336 2596 2608 2652 naturam,
2642 2588 2803 2640 aliam
2832 2599 2963 2638 vero
2993 2582 3119 2650 justi
3145 2579 3256 2651 (28)
3293 2577 3621 2643 describere,
3654 2579 3785 2646 quid
3810 2594 3909 2631 ex-

2334 2680 2618 2749 eogitabit,
2655 2688 2816 2744 atque
2839 2675 2964 2744 quid
3000 2674 3258 2734 inveniet,
3288 2680 3345 2725 ut
3376 2672 3736 2725 diﬂ'ereutiam
3762 2669 3898 2737 Spi-

2337 2768 2472 2819 ritus
2493 2765 2665 2819 sancti
2693 2762 3037 2817 introducat?
3072 2760 3214 2814 Nihil
3238 2775 3365 2831 ergo
3394 2761 3511 2814 illos
3539 2774 3695 2828 posse
3717 2760 3783 2812 ad
3811 2761 3901 2811 in-

2335 2858 2533 2912 dicium
2558 2856 2947 2926 qualiscunque
2978 2853 3306 2905 diﬂ‘erentite
3327 2851 3566 2904 arbitror
3603 2851 3873 2904 invenire.

2404 2950 2462 3004 9..
2493 2947 2602 3001 Nos
2646 2963 2772 2999 vero
2803 2947 3173 2999 existimamus
3206 2944 3317 3016 (‘29)
3351 2943 3490 3010 quod
3524 2944 3901 3012 participatioo

2338 3056 2460 3095 nem
2489 3040 2607 3109 ejus
2643 3040 2889 3093 similiter
2938 3049 2995 3091 ut
3026 3038 3305 3106 sapientia:
3356 3034 3448 3087 Dei
3494 3047 3547 3089 et
3598 3037 3753 3090 Verbi
3801 3035 3900 3089 Dei

2337 3132 2539 3200 absque
2586 3132 2691 3185 ulla
2726 3132 2829 3179 σὶῖξτ.
2857 3111 3021 3182 rentia
3070 3139 3317 3183 creatura
3348 3130 3682 3184 rationabilis
3714 3129 3902 3182 omnis

2338 3231 2601 3275 assumat.
2644 3220 2761 3277 Vin.
2786 3252 2809 3267 η.
2844 3234 3021 3272 tamen
3048 3221 3187 3285 quod
3221 3222 3519 3290 prmcipuus
3552 3222 3719 3275 sancti
3768 3218 3905 3287 Spi-

659 3327 933 3385 sanetum,
972 3319 1186 3372 dicebat
1214 3320 1541 3389 Apostolus:
1589 3338 1607 3369 r
1669 3319 1841 3373 Etiam
1881 3319 1927 3373 si
1975 3319 2231 3388 cognovi-
2258 3290 2304 3352 θ
2340 3313 2474 3366 ritus
2497 3311 2764 3364 adventus
2789 3311 2853 3363 ad
2879 3310 3122 3365 homines
3157 3322 3277 3379 post
3302 3314 3670 3367 ascensionem
3692 3310 3898 3364 Christi

660 3421 782 3463 mus
834 3408 1111 3463 Christum
1145 3411 1441 3463 secundum
1476 3423 1694 3463 carnem
1749 3410 2080 3478 aliquando,
2137 3412 2230 3465 sed

661 3497 932 3566 nuncjam
964 3514 1068 3552 non
1112 3501 1359 3553 novimus
1418 3499 1483 3554 ³⁸.
1525 3520 1543 3552 ι
1579 3501 1703 3555 Hth
1734 3501 1949 3554 interim
1984 3504 2137 3556 nobis
2166 3503 2232 3556 ad

671 3602 913 3656 praesens
954 3588 1021 3642 de
1052 3588 1209 3642 rebus
1245 3598 1349 3642 tam
1381 3589 1686 3645 diﬂicilibns
1718 3591 2145 3659 disputantihus,
2178 3591 2231 3645 id

664 3686 746 3731 est
780 3677 848 3733 de
881 3679 1265 3733 incarnatione
1294 3689 1348 3734 ct
1378 3680 1443 3734 de
1476 3680 1679 3734 deitate
1713 3680 1915 3735 Christi
1943 3696 2233 3737 occurrere

663 3775 975 3834 potuerunt.
1006 3768 1061 3822 Si
1088 3769 1211 3838 quis
1241 3784 1370 3824 sane
1402 3769 1593 3825 melius
1618 3769 1818 3839 aliquid
1856 3772 2053 3840 poterit
2083 3772 2235 3827 inve-

666 3858 803 3924 nire,
832 3872 885 3914 et
926 3862 1356 3917 evidentiorihus
1399 3864 1464 3917 de
1498 3863 1798 3932 Seripturis
1829 3864 2033 3917 sanctis
2054 3878 2233 3918 asser-

663 3948 901 4006 tionibus
924 3953 1250 4007 contirmare
1275 3970 1393 4023 quze
1422 3955 1576 4021 dicit,
1613 3955 1702 4008 illa
1733 3955 1915 4024 potius
1936 3969 2097 4025 quam
2120 3956 2232 4011 hare

661 4039 1012 4109 recipiantur.

1248 4132 1472 4191 CAPUT
1527 4136 1636 4191 VII.

1160 4225 1232 4278 De
1288 4225 1487 4294 Spiritu
1526 4237 1732 4281 sanclo.

732 4311 785 4371 ‘l.
819 4314 956 4380 Quia
986 4331 1111 4384 ergo
1132 4324 1250 4386 post
1282 4317 1482 4385 primas
1516 4318 1636 4373 illas
1654 4318 2063 4375 dissertationes
2094 4335 2230 4390 quas

659 4404 729 4460 de
754 4405 921 4461 Patre
944 4416 999 4460 et
1028 4404 1166 4459 Filio
1197 4415 1249 4461 et
1280 4405 1484 4474 Spiritu
1520 4416 1710 4463 sancto
1742 4408 1794 4462 in
1829 4409 2000 4464 initiis
2027 4425 2227 4464 secun-

660 4498 789 4552 dum
824 4498 968 4566 quod
1022 4513 1108 4552 res
1157 4508 1493 4567 poposcerat,
1524 4503 1899 4570 exposuimus,
1933 4502 2109 4555 visum
2146 4512 2229 4556 est

2334 3402 2388 3457 in
2423 3402 2591 3457 caelos
2618 3404 2787 3473 magis
2813 3417 2975 3471 quam
3011 3412 3136 3456 ante
3179 3404 3461 3457 adventum
3505 3404 3621 3473 ejus
3651 3400 3921 3455 declare»

2336 3502 2441 3545 tur.
2469 3494 2639 3547 Antea
2666 3509 2895 3561 namque
2923 3494 3049 3547 solis
3071 3494 3366 3563 prophetis,
3398 3504 3449 3548 et
3476 3494 3679 3563 paucis,
3704 3492 3748 3544 si
3772 3493 3903 3560 quis

2337 3583 2483 3638 forte
2534 3586 2585 3661 in
2640 3585 2834 3654 populo
2882 3588 3167 3642 meruisset
3198 3586 3348 3659 ('50),
3401 3586 3600 3641 donum
3656 3583 3899 3652 Spiritus

2339 3682 2509 3734 sancti
2540 3680 2915 3750 praebebatur;
2950 3690 3069 3749 post
3117 3683 3403 3734 adventum
3437 3696 3563 3734 vero
3594 3678 3901 3734 Salvatoris

2337 3772 2598 3836 scripturn
2651 3782 2737 3827 est
2781 3771 3132 3841 adimpletum
3168 3787 3287 3827 esse
3327 3773 3478 3833 illud,
3510 3771 3651 3840 quod
3687 3771 3897 3824 dietuut

2335 3870 2420 3914 est
2472 3862 2525 3914 in
2558 3863 2819 3932 propheta
2852 3858 3001 3914 Joele
3029 3899 3043 3925 ,
3096 3862 3221 3928 quia
3281 3863 3450 3918 (Erit
3485 3864 3537 3916 in
3583 3862 3896 3917 novissimis

2336 3954 2559 4022 diehus,
2591 3966 2645 4009 et
2674 3954 2942 4010 eﬂ‘undam
2975 3956 3042 4009 de
3077 3955 3279 4023 Spiritu
3315 3972 3433 4011 meo
3464 3972 3625 4027 super
3676 3972 3895 4012 omnem

2335 4060 2576 4110 carnem,
2605 4056 2658 4101 et
2690 4046 3090 4119 prophetabunt
3116 4046 3161 4077 ⁸ο
3188 4064 3203 4113 ;
3238 4066 3257 4099 ι
3284 4049 3427 4116 quod
3464 4051 3650 4117 utique
3678 4048 3783 4100 tale
3810 4061 3897 4103 est

2335 4136 2477 4190 sicut
2503 4139 2632 4191 illud
2661 4142 2801 4207 quod
2823 4141 2933 4195 ait:
2965 4158 2983 4192 ι
3005 4137 3204 4194 Omnes
3229 4152 3412 4208 gentes
3435 4143 3675 4195 servient
3697 4140 3744 4194 ei
3776 4141 3843 4196 ".
3870 4160 3890 4193 r

2335 4225 2439 4280 Per
2472 4228 2705 4296 gratiam
2732 4228 2838 4299 93
2873 4244 3001 4299 ergo
3033 4228 3266 4298 Spiritus
3299 4232 3469 4285 sancti
3512 4246 3631 4285 eum
3670 4232 3895 4299 reliquis

2333 4317 2751 4386 quamplurimis
2795 4320 2961 4373 etiam
2998 4319 3126 4374 illud
3160 4321 3749 4389 magnilicentissimum
3791 4325 3892 4377 de-

2334 4419 2691 4475 monstratur,
2718 4409 2856 4476 quod
2889 4426 2949 4464 ea
2976 4426 3095 4480 qua:
3123 4412 3175 4465 in
3210 4414 3485 4480 prophetis
3508 4416 3709 4483 scripta
3741 4426 3893 4482 sunt,

2332 4501 2418 4555 vel
2451 4500 2565 4570 lege
2598 4498 2789 4568 Moysi,
2818 4502 2971 4566 pauci
3020 4511 3167 4567 tunc,
3200 4502 3254 4555 id
3282 4512 3362 4555 est
3384 4503 3494 4572 (51)
3531 4504 3629 4571 ipsi
3656 4506 3897 4573 prophe-

658 4602 871 4644 rursum
899 4601 1139 4659 repetere
1167 4605 1263 4644 nos
1288 4589 1505 4656 debere,
1532 4600 1586 4645 et
1608 4594 1890 4648 ostendere
1913 4594 2056 4664 quod
2082 4594 2225 4648 Deus
2257 4619 2302 4675 ο
2334 4602 2421 4656 ta),
2475 4604 2529 4648 et
2564 4595 2654 4646 vix
2689 4592 2857 4646 sicubi
2896 4608 3033 4647 unus
3066 4610 3130 4647 ex
3180 4595 3325 4649 omni
3373 4596 3569 4663 populo
3626 4612 3895 4664 superare

658 4680 800 4735 Idem
849 4693 995 4735 esset
1029 4692 1246 4736 creator
1274 4681 1479 4745 mundi,
1508 4688 1563 4736 et
1613 4680 1775 4736 Pater
1804 4684 2017 4739 Domini
2055 4684 2221 4738 nostri

654 4767 783 4827 Jesu
806 4771 1029 4837 Christi,
1049 4773 1097 4827 id
1121 4783 1203 4828 est
1224 4774 1358 4843 legis
1384 4785 1437 4827 et
1458 4772 1841 4843 prophetarum
1866 4784 2027 4844 atque
2050 4773 2227 4829 Evan-

726 4909 935 4989 "Esal.
972 4927 1237 4989 ιλιωεινηιἱ
1260 4914 1349 4989 fil,
1384 4915 1489 4989 _52._
1552 4915 1597 4947 ³³
1624 4914 1741 4970 Col.
1779 4930 1862 4989 nt_.
1878 4916 1944 4989 A5.
1997 4915 2133 4989 _f‘_ll
2170 4916 2219 4989 7C

2340 4930 2465 4989 aut,
2496 4917 2548 4970 ’5.
2572 4918 2623 4989 f5
2653 4917 2781 4970 Luc.
2812 4934 2850 4981 ι,
2876 4918 2964 4972 55.
3039 4918 3082 4949 ³⁸
3105 4918 3233 4971 Heb.
3266 4930 3381 4985 vtu,
3408 4919 3465 4977 5.
3538 4916 3584 4952 ⁸⁷
3619 4918 3716 4976 Job

2332 4693 2548 4753 poterat
2589 4686 2923 4738 intellectum
2961 4699 3317 4752 corporeum,
3349 4695 3404 4739 et
3447 4689 3623 4752 majus
3660 4689 3893 4756 aliquid,

2335 4776 2384 4829 id
2420 4784 2502 4829 est
2533 4776 2779 4845 spiritale
2808 4776 2933 4844 quid
2966 4785 3173 4845 poterat
3206 4777 3503 4847 intelligere
3541 4778 3593 4830 in
3649 4777 3761 4847 lege
3803 4782 3894 4834 vel

3790 4872 3891 4897 μοι

657 4976 709 5033 9.
784 4978 829 5011 ³⁸
876 4980 915 5033 ll
980 4982 1108 5036 Cor.
1140 5001 1190 5046 v,
1223 4984 1302 5039 16.
1340 4976 1345 4977 7
1380 4986 1423 5018 ⁸⁵
1462 4984 1616 5041 Joan.
1672 5000 1785 5050 xw,
1832 4983 1923 5038 26.
1995 4985 2041 5016 ⁸ο
2067 4984 2183 5039 Joel

2332 4987 2419 5041 28.
2453 4976 2463 4983 ’
2497 4990 2538 5019 ⁸⁸
2569 4987 2710 5042 Psal.
2737 4976 2885 5055 uxi,
2931 4990 3015 5043 11.

727 5115 941 5188 (ᾖρᾘιθ
974 5136 1103 5175 mss.
1138 5124 1304 5188 Alias,
1346 5143 1364 5175 ι
1405 5127 1626 5181 dicitur.
1667 5146 1685 5178 ι
2192 5157 2203 5162 -

727 5176 840 5264 (es)
875 5188 1127 5264 Sic_mss.
1164 5176 1352 5257 Αιίεὲέ,
1412 5176 1814 5264 {aristam
1853 5193 2056 5250 Ibidem
2095 5196 2225 5252 libb.

658 5253 787 5333 editi
820 5292 833 5315 ,
866 5274 912 5333 _r
944 5258 1217 5325 signatum
1270 5253 1389 5317 esse
1422 5253 1584 5331 supra
1642 5253 1901 5319 dixinius.
1952 5263 2228 5321 Fortassis

659 5326 835 5405 etiam
864 5325 964 5405 hoc
999 5341 1344 5405 sensmn....._
1366 5325 1543 5405 sedet
1584 5335 1983 5403 quamplurima
2020 5334 2124 5387 alia
2162 5337 2228 5389 de

661 5395 978 5459 Scriptnris.
1023 5415 1038 5445 ι
1070 5396 1179 5450 Mss
1209 5436 1223 5461 ,
1255 5417 1272 5449 ι
1306 5395 1663 5470 significatum
1700 5395 1844 5471 esse,
1874 5425 1892 5458 ι
1921 5414 2051 5469 ete.,
2086 5414 2145 5457 ut
2174 5405 2226 5458 iu

662 5471 846 5515 nostro
889 5474 1056 5519 textu.

729 5532 845 5600 (26)
879 5534 969 5616 Sic
1002 5536 1127 5590 1ι1›1›.
1169 5537 1339 5600 editi,
1370 5539 1575 5609 aliquot
1604 5557 1734 5597 vero
1766 5559 1897 5601 mss.
1928 5585 1942 5611 ,
1981 5561 2001 5598 ι
2040 5553 2100 5599 ut
2129 5544 2229 5598 ha-

663 5614 1071 5674 runlputnhyn.
1105 5625 1121 5657 ι

700 5660 843 5751 ,(ἓῗ)
866 5666 1207 5754 ρυόιξμιιιεηι
1239 5676 1469 5754 Spiritus
1502 5690 1707 5754 sanctos
1739 5699 2004 5754 nunquam
2040 5702 2229 5754 cogno-

661 5742 844 5819 rimus
861 5742 922 5819 ab
957 5744 1132 5809 aliquo
1168 5742 1470 5819 pra’dicari.
1500 5742 2059 5808 Contrarium'tanien
2090 5742 2228 5809 sueri-

661 5814 769 5932 psit
805 5807 1068 5889 Origenes
1106 5807 1176 5866 ad
1212 5818 1314 5871 Titi
1359 5835 1441 5882 lll,
1495 5819 1583 5883 10,
1617 5807 1895 5875 ῐθῐεινριιιό
1944 5807 2225 5893 Ρίὲίίιριὶειο

690 5900 716 5932 ιι
768 5882 999 5932 ironiam
1024 5896 1038 5930 .'
1075 5902 1089 5932 ί
1128 5884 1230 5932 Siti
1267 5898 1313 5932 Pl
1349 5902 1467 5932 stant
1523 5892 1610 5932 mli
1636 5890 1921 5932 ‘Snirilnm
1975 5906 2220 5932 cunntnm

690 5900 716 5932 ιο
768 5882 999 5949 lmingia
1024 5896 1038 5930 :
1075 5902 1089 5933 ι
1128 5884 1234 5940 Sed
1267 5898 1317 5942 et
1349 5902 1467 5942 sunt
1523 5882 1610 5959 qui
1636 5890 1921 5959 ‘Spit‘itum
1974 5882 2222 5948 sanctum

2338 5127 2502 5180 alium
2538 5128 2755 5195 quidem
2788 5130 2993 5183 'dieant
3042 5144 3164 5184 esse
3200 5130 3289 5198 qui
3341 5128 3437 5183 fuit
3470 5129 3523 5181 in
3558 5125 3840 5197 prophetis
3874 5166 3891 5189 .

2338 5197 2727 5267 aliumuautem
2759 5198 2849 5267 qui
2890 5199 2990 5251 fuit
3036 5198 3089 5251 in
3147 5197 3404 5267 apostolis
3438 5198 3649 5251 Domini
3710 5198 3890 5250 nostri

2335 5264 2460 5318 Jesu
2492 5264 2717 5318 Christi.
2751 5285 2769 5316 ι
2806 5266 2964 5319 Certe
2998 5264 3203 5320 canone
3236 5269 3527 5335 apostolico
3563 5267 3628 5321 41
3662 5270 3892 5322 damna—

2338 5343 2426 5387 tur
2456 5336 2543 5402 qui
2577 5335 2930 5402 baptizaverit
2959 5335 3010 5387 in
3046 5344 3157 5389 'res'
3188 5336 3349 5389 Filios
3376 5348 3467 5390 aut
3497 5339 3546 5389 in
3582 5348 3690 5391 tres
3718 5336 3891 5390 Para-

2336 5404 2503 5457 cletos
2524 5418 2559 5468 ;’
2577 5414 2633 5457 et
2655 5405 2829 5473 capite
2853 5417 3015 5457 seeun
3057 5422 3087 5473 ρ
3108 5406 3323 5457 concilii
3344 5406 3688 5459 Bracarensis
3716 5406 3885 5473 primi

2336 5472 2681 5543 anathemate
2724 5471 2998 5543 feriuntur
3044 5471 3282 5527 Gnostici
3325 5476 3550 5543 quodin
3599 5471 3889 5531 divinitate

2332 5540 2653 5611 Trinitatem
2684 5543 2716 5596 ’1
2736 5542 2965 5596 rinitatis
2991 5550 3270 5611 ponerent.
3341 5540 3359 5543 ⁷
3894 5558 3911 5567 θ’

2398 5608 2509 5677 (28)
2554 5612 2643 5663 Sic
2670 5627 2858 5665 omnes
2886 5608 3041 5665 codd.
3065 5626 3196 5665 mss.
3226 5611 3393 5677 Alias,
3431 5630 3450 5663 ι
3476 5612 3620 5666 mali.
3654 5630 3674 5663 ι

2401 5679 2512 5752 (ἓῼ)
2561 5678 2703 5752 yidg
2726 5682 2756 5734 Ι,
2791 5696 2828 5733 η
2864 5682 3171 5751 Origeniau.
3196 5722 3211 5746 ,
3246 5699 3300 5752 q.
3332 5682 3388 5746 2,
3428 5699 3482 5736 n.
3506 5682 3573 5734 9.7
3603 5693 3657 5735 et
3680 5684 3771 5740 28.
3830 5682 3833 5683 ν

2400 5748 2511 5827 (50)
2560 5748 2651 5827 Sic
2677 5750 2835 5804 iidem
2869 5748 2997 5807 mss.
3028 5748 3333 5817 Alias,‘_t'si
3372 5754 3463 5822 qui
3500 5752 3641 5806 forte
3691 5757 3741 5809 in
3776 5770 3883 5826 po-

2325 5823 2451 5891 pulo
2487 5823 2880 5891 meruissent.)

2398 5888 2509 5959 (5i)
2550 5886 2624 5941 ita
2659 5902 2786 5941 mss.
2819 5889 2985 5955 Alias,
3010 5893 3233 5947 οἱίἀρηι,
3264 5912 3281 5944 ι
