4118 6308
185 454 290 511 επ

1478 457 1680 513 LIBER
1722 458 2109 519 SECUNDUS.

3318 467 3429 526 δὶῐὸ

183 569 502 640 prophetis;
532 584 675 626 nunc
697 581 878 627 autem
903 570 1197 628 innumera:
1223 582 1350 628 sunt
1383 575 1755 628 multitudines
1786 576 1827 630 A
1860 572 2092 642 Spiritus
2133 585 2350 629 sanctus
2371 615 2385 638 ,
2424 575 2625 630 docens
2670 571 2876 643 majora
2924 589 3086 643 quam
3128 591 3259 632 voce
3302 593 3428 646 pro-

184 660 554 726 credentium,
587 662 678 730 qui
724 662 848 717 licet
879 678 983 719 non
1013 677 1198 717 omnes
1248 665 1455 732 pessint
1480 680 1573 732 per
1606 666 1754 718 ordi-
1801 721 1805 726 ,

184 766 311 805 nem
342 760 511 821 atque
546 752 613 806 ad
661 744 919 822 liquidum
961 753 1222 821 spiritalis
1258 754 1623 824 intelligentia:
1653 773 1750 809 ex-

183 843 412 911 planare
442 847 890 913 consequentiam
921 845 1062 914 ('52),
1100 853 1278 899 tamen
1314 861 1500 900 omnes
1530 864 1753 917 persua-

184 950 302 988 sum
354 929 561 990 habent
588 976 603 999 ,
634 938 778 1005 quod
811 952 981 1004 neque
1025 938 1367 991 circumcisio
1400 939 1752 1008 corporaliter

184 1028 406 1097 intelligi
466 1029 663 1083 debeat
718 1044 893 1098 neque
945 1031 1111 1084 otium
1139 1030 1383 1101 sabbati,
1428 1032 1507 1085 vel
1535 1034 1751 1103 sangui-

183 1118 264 1172 nis
292 1119 490 1173 effusio
541 1120 774 1188 pecoris,
812 1136 984 1189 neque
1020 1122 1161 1189 quod
1195 1122 1261 1176 de
1310 1124 1394 1178 his
1442 1124 1607 1195 Moysi
1666 1141 1754 1180 re-

184 1196 378 1278 sponsa
415 1212 675 1265 darentur
727 1228 753 1265 a
787 1214 926 1267 Deo:
961 1214 1051 1281 qui
1086 1214 1272 1281 utique
1298 1230 1489 1270 sensus
1528 1218 1747 1274 dubium

183 1316 283 1353 non
312 1311 395 1354 est
430 1303 576 1370 quod
612 1302 849 1372 Spiritus
878 1305 1052 1359 sancti
1097 1306 1295 1359 virtute
1325 1308 1578 1361 omnibus
1617 1324 1746 1380 sng-

182 1404 420 1460 geratur.
1474 1450 1475 1453 η

246 1484 301 1537 3.
346 1485 504 1541 Sicut
538 1496 716 1540 autem
751 1488 902 1542 multi
930 1490 1055 1543 sunt
1080 1490 1381 1545 intellectus
1408 1494 1473 1546 de
1501 1492 1744 1555 Christo,

182 1574 267 1642 qui
323 1575 515 1643 utique
549 1579 801 1645 quamvis
851 1579 1116 1648 sapientia
1170 1583 1267 1645 sit,
1304 1596 1407 1633 non
1462 1593 1637 1635 tamen
1696 1585 1745 1635 in

180 1667 428 1721 omnibus
468 1668 746 1735 sapientia:
797 1670 909 1738 agit
968 1680 1061 1724 aut
1108 1671 1316 1725 obtinet
1357 1676 1501 1736 vim,
1546 1674 1646 1725 nisi
1694 1674 1744 1726 iti

181 1760 263 1814 his
292 1759 386 1823 qui
420 1761 472 1812 in
502 1761 619 1829 ipso
648 1763 923 1829 sapientia:
967 1765 1221 1817 student:
1274 1779 1445 1834 neque
1479 1782 1599 1819 cum
1632 1782 1747 1819 me-

180 1851 331 1903 dicus
367 1851 607 1913 dicatur,
640 1866 768 1918 erga
810 1866 999 1905 omnes
1028 1853 1181 1919 quasi
1223 1854 1462 1907 medicus
1492 1855 1619 1923 agit,
1654 1854 1743 1905 sed

1864 664 1993 718 ferri
2033 665 2139 735 (54)
2178 675 2424 733 possunt,
2456 676 2528 732 et,
2564 676 2623 720 ut
2663 666 2733 719 ita
2778 667 3031 732 dixerim,
3062 684 3182 735 qua:
3236 668 3421 723 ineffa-

1862 756 1988 811 bilia
2022 767 2168 824 sunt,
2195 767 2248 810 et
2292 775 2309 808 ι
2342 772 2458 824 qua:
2493 773 2594 811 non
2632 758 2756 812 licet
2806 759 3009 812 homini
3045 762 3189 827 loqui
3216 761 3281 827 “,
3313 780 3332 812 ι
3373 762 3422 817 id

1862 856 1944 899 est
1999 862 2118 915 qua:
2176 847 2403 900 indicari
2446 848 2679 901 humano
2714 833 2976 923 sermone.
3018 866 3122 904 non
3176 860 3420 920 possunt.

1860 937 2011 1002 Quod
2056 947 2233 990 autem
2280 939 2354 991 ait
2396 956 2415 988 ι
2444 953 2546 993 non
2594 939 2739 1004 licet,
2770 958 2787 990 ι
2834 924 2938 1009 ριό
2968 957 3032 995 eo
3077 943 3215 1011 quod
3264 962 3282 993 ι
3317 958 3421 996 non

1861 1016 2058 1096 potest,
2094 1046 2111 1077 ι
2152 1027 2348 1079 dictum
2396 1029 2652 1083 sentimus
2690 1029 2757 1082 ab
2787 1030 3062 1098 Apostolo,
3101 1033 3239 1085 sicut
3267 1042 3321 1085 et
3350 1033 3420 1086 ibi

1862 1114 1951 1169 tibi
1983 1116 2059 1168 ait
2084 1115 2231 1186 ('55):
2269 1135 2286 1166 ι
2320 1118 2510 1171 Omnia
2542 1120 2669 1172 mihi
2719 1119 2911 1183 licent,
2960 1124 3053 1176 sed
3105 1138 3210 1176 noo
3241 1124 3420 1177 omnia

1859 1206 2191 1274 expediunt;
2224 1206 2403 1259 oninia
2441 1210 2569 1262 mihi
2611 1210 2792 1273 licent,
2827 1212 2920 1266 sed
2948 1229 3051 1265 non
3082 1217 3261 1267 omnia
3290 1216 3421 1269 tedi-

1858 1299 2158 1351 ﬁcant”.i
2210 1298 2281 1349 Ea
2336 1300 2477 1351 enim
2534 1318 2764 1372 quorum
2817 1312 3058 1370 potestas
3113 1306 3269 1359 nobis
3316 1314 3418 1367 est,

1846 1380 2076 1456 ~propter
2112 1392 2252 1458 quod
2301 1392 2503 1445 habere
2560 1407 2621 1445 ea
2672 1407 2995 1459 possumus,
3052 1394 3213 1449 licere
3267 1397 3422 1449 nobis

1857 1481 2013 1533 dicit.
2052 1481 2366 1535 Paracletus
2398 1498 2524 1536 vero
2566 1484 2708 1551 quod
2764 1484 2961 1537 dicitur
3010 1486 3244 1559 Spiritus
3294 1502 3420 1540 sau-

1855 1582 1995 1634 ctus,
2033 1588 2060 1625 a
2095 1574 2465 1636 consolatione
2497 1575 2715 1627 dicitur.
2746 1573 3045 1631 Paraclcsis
3069 1579 3208 1630 enini
3232 1577 3420 1633 Latine

1855 1662 2155 1715 consolatio
2205 1662 2525 1731 appellatur.
2559 1663 2614 1717 Si
2650 1663 2786 1732 quis-
2820 1679 3053 1730 namque
3104 1666 3169 1718 de
3218 1667 3418 1735 Spiritu

1854 1764 2041 1808 sancto
2082 1756 2409 1823 participare
2453 1758 2742 1818 meruerit,
2792 1756 3021 1825 cognitis
3060 1757 3420 1814 inefl‘abilibus

1856 1848 2214 1900 sacramentis
2256 1848 2680 1901 consolationem
2714 1849 2831 1903 sine
2879 1850 3042 1904 dubio
3079 1858 3135 1903 et
3179 1850 3417 1904 Imtitiam
3452 1878 3478 1887 ι-

178 1958 299 2012 erga
330 1942 451 1995 illos
479 1952 688 1995 tantum
712 1944 802 2010 qui
826 1943 1160 2012 azgritudinis
1186 1959 1294 1997 suae
1332 1945 1603 1999 intellecto
1631 1946 1749 1998 lan—
1782 1926 1822 1983 Β
1854 1940 2035 1991 cordis
2079 1943 2325 1995 assumit.
2365 1943 2496 1996 Cum
2548 1945 2690 1997 enim
2732 1942 2967 1995 rationes
3010 1944 3250 2007 omnium
3303 1959 3421 2012 qua:

177 2047 344 2099 gnere
376 2030 690 2101 confugiunt
717 2034 782 2085 ad
815 2033 1239 2086 misericordiam
1287 2033 1422 2100 ejus,
1457 2045 1513 2087 ut
1546 2038 1753 2101 possint

176 2123 438 2192 consequi
478 2125 809 2189 sanitatem;
854 2124 926 2178 ita
967 2124 1204 2178 arbitror
1243 2126 1405 2177 etiam
1448 2127 1512 2179 de
1545 2127 1747 2194 Spiritu

175 2222 362 2267 sancto
393 2215 444 2267 in
466 2229 575 2281 quo
598 2216 776 2268 omnis
801 2224 884 2269 est
909 2225 1099 2268 natura
1131 2217 1413 2270 donorum.
1434 2220 1567 2273 Aliis
1596 2236 1750 2272 nam-

175 2320 280 2375 que
313 2308 586 2374 prmbetnr
619 2322 714 2373 per
746 2305 1005 2375 Spiritum
1055 2322 1235 2362 sermo
1270 2310 1584 2379 sapientim,
1628 2312 1748 2366 aliis

172 2411 357 2451 sermo
386 2398 650 2462 scientize,
670 2400 793 2454 aliis
825 2400 954 2453 fides
980 2399 1047 2465 "’,
1078 2408 1133 2451 et
1170 2398 1239 2451 ita
1274 2417 1371 2470 per
1395 2402 1636 2472 singulos
1655 2403 1745 2471 qui

172 2502 297 2542 eum
335 2504 529 2558 capere
564 2501 814 2558 possunt,
853 2493 955 2545 hoc
989 2492 1241 2557 efficitur,
1278 2496 1361 2549 vel
1407 2496 1509 2549 hoc
1549 2497 1746 2550 intelli-

173 2578 323 2646 gitur
352 2580 463 2648 ipse
495 2579 755 2649 Spiritus,
788 2598 893 2652 quo
920 2584 1123 2653 indiget
1168 2585 1254 2639 ille
1285 2587 1373 2654 qui
1413 2602 1532 2639 enm
1571 2590 1745 2655 parti-

170 2669 359 2739 cipare
385 2674 828 2742 meruerit.Quas
852 2676 1148 2730 divisiones
1181 2693 1243 2731 ac
1280 2679 1609 2733 differentias
1638 2696 1744 2734 non

170 2762 523 2819 advertentes
568 2768 625 2821 hi
675 2771 764 2836 qui
809 2785 931 2823 eum
977 2770 1318 2826 Paracletum
1359 2774 1409 2825 in
1455 2771 1745 2839 Evangelio

170 2854 398 2907 audiunt
424 2859 717 2923 nominari,
746 2875 917 2929 neque
936 2864 1345 2917 considerantes
1366 2880 1430 2917 ex
1455 2878 1563 2931 quo
1582 2878 1746 2932 opere

169 2946 257 2999 vel
291 2957 407 3000 actu
445 2946 761 3004 Paracletus
792 2953 1124 3012 nominetur,
1158 2954 1358 3008 vilibus
1399 2970 1521 3008 eum
1560 2955 1745 3007 nescio

170 3038 370 3107 quibus
391 3039 675 3108 spiritibus
730 3054 1133 3110 compararunt,
1162 3058 1218 3098 et
1256 3062 1350 3114 per
1386 3047 1486 3100 hoc
1519 3055 1744 3099 contur-

172 3130 311 3185 bare
333 3132 511 3183 conati
537 3142 665 3185 sunt
714 3132 983 3188 Ecclesias
1025 3134 1247 3196 Christi,
1305 3136 1373 3188 ita
1427 3146 1483 3188 ut
1530 3136 1738 3189 dissen-

171 3223 356 3277 siones
393 3220 656 3279 fratribus
694 3240 800 3278 non
846 3228 1086 3281 modicas
1118 3236 1457 3295 generarent.
1500 3227 1742 3296 Evange-

172 3301 305 3367 liu‘m
329 3330 454 3368 vero
490 3324 654 3370 tanta:
686 3333 808 3371 eum
841 3322 1092 3387 potentiae
1131 3334 1195 3375 ac
1227 3320 1520 3387 maiestatis
1562 3331 1742 3375 osten-

172 3404 283 3470 dit,
315 3416 370 3460 tit
419 3407 565 3460 dicat
597 3417 873 3477 apostolos
915 3427 1017 3465 non
1059 3429 1217 3482 posse
1248 3430 1444 3483 capere
1476 3416 1650 3467 adhuc
1680 3430 1741 3467 ea

170 3507 297 3565 qua
316 3498 526 3553 volebat
566 3499 765 3554 docere
807 3518 900 3557 eos
940 3503 1210 3569 Salvator,
1258 3507 1360 3557 nisi
1412 3522 1531 3559 cum
1575 3507 1743 3559 adve-

175 3588 313 3641 nerit
345 3590 456 3660 (-53)
487 3589 722 3658 Spiritus
750 3603 987 3657 sanctus,
1021 3597 1111 3663 qui
1139 3612 1197 3651 se
1232 3612 1420 3650 eorum
1457 3600 1744 3653 animabus

174 3675 461 3736 infundens
492 3682 802 3738 illuminare
848 3700 940 3738 eos
982 3688 1150 3753 possit
1188 3688 1253 3740 de
1289 3689 1495 3742 ratione
1533 3704 1596 3743 ac
1642 3689 1745 3743 fide

176 3768 480 3829 Trinitatis.
528 3774 620 3829 Isti
654 3790 785 3827 vero
831 3792 927 3844 pro
978 3776 1252 3846 imperitia
1299 3780 1379 3833 sui
1415 3780 1741 3843 intellectus,

176 3861 305 3927 quia
336 3880 441 3917 non
472 3864 649 3919 solum
679 3864 778 3932 ipsi
824 3864 965 3933 quod
1000 3875 1202 3919 rectum
1233 3877 1315 3922 est
1348 3879 1745 3937 consequenter

177 3967 285 4008 non
335 3955 520 4010 valent
563 3970 859 4024 exponere,
907 3955 1000 4008 sed
1051 3957 1253 4011 ne-.liis
1294 3957 1509 4025 quidem
1545 3972 1664 4023 qua:
1712 3971 1741 4007 a

178 4046 346 4102 nobis
380 4049 671 4113 dicuntur,
717 4058 942 4117 possunt
988 4049 1319 4103 audientiam
1361 4049 1739 4111 commodare,

178 4139 386 4195 minora
418 4157 582 4211 quam
637 4141 859 4211 dignum
906 4144 1090 4197 estde
1137 4143 1253 4212 ejus
1292 4142 1571 4195 divinitate
1608 4155 1741 4205 sen-

180 4234 399 4299 tientes,
438 4234 719 4289 erroribus
745 4250 803 4288 se
835 4250 899 4289 ac
936 4234 1345 4307 deceptionibus
1387 4232 1739 4301 tradiderunt,

176 4327 417 4379 erratico
469 4326 643 4393 magis
678 4325 911 4394 ‘Spiritu
966 4325 1286 4396 depravati,
1340 4338 1502 4392 quam
1570 4325 1740 4378 sancti

176 4414 414 4485 Spiritus
466 4416 901 4472 institutionibus
962 4417 1195 4480 eruditi,
1244 4406 1538 4469 secundum
1601 4417 1741 4485 quod

175 4506 469 4575 Apostolus
512 4509 689 4564 dixit:
724 4528 743 4560 ι
776 4508 1086 4562 Doctrinam
1122 4506 1404 4575 spirituum
1452 4509 1743 4562 daemonio-

1858 2031 2014 2095 fiunl,
2066 2048 2233 2099 quare
2289 2022 2365 2085 vel
2412 2036 2649 2103 qualiter
2686 2037 2848 2102 fiant,
2897 2034 3099 2104 Spiritu
3145 2036 3420 2090 indicante

1854 2124 2193 2191 regnoverit,
2228 2124 2279 2176 in
2334 2125 2478 2178 nullo
2522 2127 2703 2195 utique
2748 2126 3061 2179 conturbari
3098 2126 3212 2194 ejus
3238 2127 3417 2181 anima

1853 2214 2071 2280 poterit,
2103 2224 2194 2266 aut
2242 2216 2405 2268 ullum
2446 2210 2672 2269 sensum
2708 2218 2962 2271 mmroris
2992 2217 3103 2287 (56l
3135 2219 3417 2286 accipere;

1853 2320 1950 2358 uec
1982 2307 2031 2356 in
2058 2306 2235 2373 aliquo
2268 2315 2521 2372 terretur,
2542 2321 2661 2359 cum
2708 2306 2881 2360 Verbo
2931 2308 3028 2360 Dei
3060 2319 3113 2361 et
3141 2309 3419 2378 sapientia?

1861 2398 1979 2465 ejus
2028 2397 2319 2461 inhaerens,
2378 2398 2658 2451 Dominum
2712 2396 2893 2452 Jcsum
2944 2398 3079 2452 dicit
3109 2400 3161 2453 in
3212 2401 3417 2467 Spiritu

1849 2501 2036 2543 saneto
2061 2489 2193 2567 (ΞΠ).
2220 2489 2414 2543 Verum
2442 2492 2704 2559 quoniam
2725 2489 2993 2543 Parat-Icti
3022 2492 3245 2545 fecimus
3268 2507 3418 2544 men-

1852 2584 2072 2645 tionem,
2112 2590 2164 2636 et
2195 2598 2292 2651 pro
2320 2584 2522 2637 viribus
2555 2582 2754 2637 nostris
2775 2582 3009 2649 qualiter
3042 2583 3107 2637 dc
3135 2598 3198 2637 eo
3227 2584 3415 2638 sentiri

1851 2674 2063 2730 debeat.
2096 2674 2485 2739 exposuimus;
2535 2673 2732 2726 dicitur
2765 2682 2944 2725 autem
2975 2674 3139 2726 etiam
3168 2674 3418 2729 Saluator

1850 2773 2033 2817 imstcr
2071 2762 2382 2817 Paracletus
2434 2765 2483 2817 in
2535 2762 2770 2829 Epistola
2808 2762 3031 2819 Joannis
3068 2782 3191 2820 cum
3245 2769 3413 2822 dicit:

1855 2872 1870 2901 ι
1897 2852 1954 2904 Si
1982 2853 2105 2918 quis
2140 2862 2380 2902 nostrum
2420 2852 2747 2919 peccaverit,
2782 2849 3122 2909 l‘araclelum
3162 2858 3419 2914 habemus

1849 2944 1986 3009 apud
2014 2941 2225 2993 I’atrein
2251 2939 2431 2993 Jcsuui
2457 2939 2727 2996 Christum
2747 2945 2978 3013 justum,
2998 2958 3051 3001 et
3075 2950 3185 3015 ipse
3207 2959 3285 3002 est
3305 2948 3416 3019 (38)

1847 3031 2156 3100 propitiatio
2197 3046 2291 3095 pro
2338 3031 2575 3095 peccatis
2621 3035 2916 3100 noStris";
2951 3056 2969 3087 ι
3004 3054 3086 3091 co:
3112 3041 3418 3095 sidcrcmus

1848 3141 1914 3177 ne
1947 3124 2084 3177 forte
2103 3122 2243 3174 aliud
2275 3122 2361 3174 hic
2390 3121 2663 3186 signiticet
2691 3124 2804 3178 haec
2831 3129 3083 3195 appellati
3108 3146 3123 3182 )
3147 3129 3414 3183 Paraclcti

1849 3219 1913 3273 de
1945 3217 2245 3281 Salv‘atore,
2274 3215 2415 3267 aliud
2449 3216 2513 3266 de
2548 3212 2751 3282 Spiritu
2779 3229 2991 3273 sancto.
3025 3222 3247 3274 Videtur
3269 3223 3415 3275 enim

1853 3312 1918 3364 de
1942 3309 2222 3365 Salvatore
2260 3306 2572 3360 Paracletus
2606 3308 2707 3359 dici
2744 3309 3085 3376 deprecator.
3118 3311 3417 3381 Utrumque

1852 3404 1995 3457 enim
2033 3399 2300 3471 significat
2359 3400 2408 3451 in
2454 3399 2643 3458 Graeco
2687 3401 3017 3466 Paracletus,
3068 3417 3124 3457 et
3155 3406 3415 3472 depreca-

1856 3507 2061 3560 torem,
2107 3506 2159 3547 et
2212 3494 2627 3549 consolatorem.
2684 3496 2907 3562 Pr0pter
2960 3510 3083 3548 eum
3136 3511 3264 3564 ergo
3323 3497 3415 3564 qui

1851 3586 2199 3656 Subsequitur
2250 3594 2579 3651 sermonem,
2615 3602 2720 3656 quo
2755 3587 2830 3638 ait
2868 3603 2883 3639 ;
2918 3604 2935 3636 ι
2962 3585 3026 3640 Et
3070 3587 3182 3655 ipse
3215 3597 3295 3639 est
3330 3604 3420 3640 re-

1853 3672 2166 3749 propitiatio
2202 3692 2298 3744 pro
2335 3683 2569 3745 peccatis
2601 3678 2823 3739 nostris,
2860 3696 2878 3727 ι
2917 3678 3087 3747 magis
3125 3679 3176 3731 in
3222 3678 3413 3731 Salva-

1852 3781 1968 3823 tnre
1997 3783 2188 3822 nomen
2215 3767 2478 3838 Paracleti
2512 3785 2607 3838 pro
2634 3770 3412 3847 deprecatore/iutelligendutn

1851 3863 2096 3924 videtur;
2136 3862 2415 3929 deprecari
2466 3864 2607 3917 enim
2647 3862 2861 3915 Patrem
2910 3878 3006 3931 pro
3054 3865 3289 3931 peccatis
3321 3879 3408 3918 ιιοο

1850 3955 1979 4007 stris
1999 3954 2108 4021 (59)
2136 3953 2357 4009 dicitur.
2390 3956 2462 4009 De
2488 3956 2694 4022 Spiritu
2723 3962 2913 4005 sancto
2942 3954 3253 4010 Paracletus
3284 3971 3415 4009 con‘

1851 4046 2050 4098 solator
2081 4044 2191 4113 (40)
2227 4046 2387 4098 debet
2420 4047 2638 4115 intelligi
2676 4062 2772 4114 pro
2814 4060 2877 4099 eo
2912 4032 3055 4113 quod
3090 4045 3415 4099 consolatio-

1852 4153 1974 4190 nem
2000 4147 2228 4205 przcstat
2259 4138 2539 4190 animabus
2559 4179 2572 4201 ,
2602 4138 2797 4205 quibus
2825 4145 3011 4206 aperte
3049 4137 3251 4192 revelat
3285 4153 3414 4193 sen-

1853 4244 1971 4284 sum
2005 4232 2244 4285 scientiac
2271 4230 2549 4298 spiritalis.

2428 4341 2655 4395 CAPUT
2701 4341 2833 4395 VIII.

2478 4412 2550 4465 De
2580 4415 2778 4465 anima.

1920 4511 1971 4565 I.
2026 4510 2154 4563 Post
2209 4508 2320 4560 lucc
2367 4504 2477 4571 jam
2513 4504 2936 4572 ordo‘deposcit
2988 4518 3087 4557 nos
3139 4502 3302 4556 etiam
3349 4501 3417 4555 de

175 4616 295 4655 rum
334 4611 623 4672 sequentes
668 4601 1071 4670 prohibentium
1115 4600 1318 4654 nubere
1362 4601 1428 4655 ad
1464 4603 1740 4671 interitum
1775 4605 1823 4663 D
1850 4607 2026 4659 anima
2060 4604 2410 4673 generaliter
2476 4600 2789 4668 inquirere,
2842 4609 2897 4653 et
2954 4599 3022 4652 ab
3066 4584 3413 4650 interieribns

175 4702 233 4747 et
264 4695 475 4748 ruinam
510 4691 821 4754 multorum,
858 4700 914 4745 et
955 4691 1261 4761 importune
1306 4708 1366 4748 se
1412 4694 1680 4749 abstinere
1712 4709 1740 4746 a

173 4784 335 4847 cibis,
384 4792 443 4836 ut
500 4796 597 4850 per
650 4781 1067 4836 oStentationem
1102 4782 1335 4838 acrioris
1377 4783 1749 4838 observantiae.

173 4873 442 4927 aeducant
468 4872 684 4926 animas
714 4872 1063 4928 innocentum
1087 4872 1155 4929 δ’.
1188 4892 1209 4926 ι

243 4963 302 5016 ι.
342 4962 572 5032 Oportet
618 4980 752 5036 ergo
798 4979 899 5021 nos
942 4965 1084 5021 scire
1130 4964 1256 5033 quia
1312 4964 1627 5021 Paracletus
1660 4977 1739 5022 est

183 5078 199 5090 α
243 5129 290 5160 ⁸⁸
330 5127 353 5182 l
397 5098 708 5195 columns.

174 5196 230 5263 ι,
260 5199 318 5255 2.

245 5342 361 5413 (32)
406 5342 498 5399 Sic
537 5357 669 5397 mss.
699 5339 869 5405 Alias,
901 5358 921 5391 ι
943 5352 1118 5409 neque
1158 5340 1224 5396 ad
1254 5339 1612 5410 liquidum...
1648 5358 1744 5398 ex.

174 5412 382 5483 plicare
403 5414 920 5483 consequentiam.)

246 5483 360 5554 (53)
400 5478 559 5536 Libb.
596 5478 746 5546 editi,
778 5499 799 5533 ι
832 5480 1129 5536 adveniret.
1158 5500 1177 5532 ι
1209 5479 1315 5535 Sed
1353 5496 1539 5538 omnes
1588 5499 1742 5549 mss,

179 5571 202 5606 ι
225 5554 526 5607 advenerit.
558 5569 577 5602 ι

246 5624 360 5697 (54)
402 5619 662 5689 Proferri.
692 5620 770 5697 Ita
805 5628 955 5697 recte
989 5635 1121 5697 mss.
1151 5621 1320 5697 Alias,
1354 5641 1372 5697 ε
1400 5620 1536 5697 fieri.
1563 5642 1584 5697 ρ
1621 5623 1739 5677 Mox

177 5691 349 5758 mss,
370 5713 390 5747 ι
416 5706 673 5763 quaepon
703 5692 1066 5763 licetiliomini
1095 5691 1260 5762 loqui.
1299 5709 1317 5741 ι
1355 5691 1412 5746 la
1445 5693 1607 5749 editis
1647 5710 1743 5763 pro

182 5781 202 5815 ι
236 5762 467 5828 homini,
495 5782 514 5815 ι
550 5761 769 5829 legitur,
797 5779 815 5812 ι
841 5761 1212 5816 hominibus.»

404 5833 557 5897 3153.,
592 5849 613 5879 ‹
638 5832 707 5887 ibi
740 5832 829 5885 ubi
857 5832 955 5886 ait.
986 5852 1006 5885 ι
1040 5833 1202 5895 Alias,
1226 5854 1245 5886 ι
1269 5832 1395 5889 alibi
1424 5833 1517 5888 ait.
1549 5852 1568 5884 ι

404 5833 557 5897 Μεεη
592 5849 613 5879 ι
638 5833 707 5887 ibi
740 5833 829 5885 ubi
857 5833 955 5886 ait.
986 5852 1006 5885 ι
1040 5833 1202 5895 Alias,
1226 5854 1245 5886 ι
1269 5833 1395 5889 alibi

243 5833 362 5977 £3
399 5902 495 5961 Sic
527 5917 655 5959 mss.
682 5902 850 5969 Alias,
882 5922 899 5953 ‹
926 5903 1160 5959 timoris.
1190 5923 1206 5955 ι
1392 5916 1395 5920 ·

1852 4694 2173 4761 incipientes
2206 4692 2271 4744 ad
2296 4690 2575 4759 superiora
2608 4688 2996 4742 conscendere.
3020 4688 3151 4741 Esse
3179 4698 3411 4753 namque

1848 4786 2058 4840 animas
2088 4786 2139 4837 iu
2186 4783 2409 4851 singulis
2439 4782 2743 4850 quibusque
2772 4780 3112 4843 animalibus,
3163 4778 3324 4831 etiam
3360 4778 3413 4827 in

1850 4879 1934 4933 his
1967 4894 2083 4947 quae
2120 4880 2170 4931 in
2203 4878 2354 4945 aquis
2389 4877 2610 4944 degunt,
2642 4889 2670 4926 a
2704 4872 2847 4925 nullo
2876 4872 3111 4926 arbitror
3157 4867 3409 4922 dubitari.

1848 4970 1982 5025 Nam
2017 4980 2070 5026 et
2096 4969 2206 5040 94
2243 4968 2545 5023 communis
2576 4965 2815 5019 omnium
2857 4962 2961 5016 hoc
2994 4952 3177 5015 servat
3206 4958 3410 5029 opinio,

782 5127 827 5161 ιι
877 5127 898 5181 t
946 5123 1085 5181 Tim.
1148 5140 1223 5194 IV,
1278 5114 1416 5190 κε.
1490 5125 1537 5157 ιι
1591 5126 1631 5181 ιι
1707 5128 1746 5184 c

1872 5090 2061 5202 xu,.4.
2183 5130 2227 5161 ’⁸⁵
2299 5126 2567 5188 ICor.x,
2608 5123 2700 5181 22.
2742 5120 2832 5175 25.
2920 5121 2963 5153 ⁸⁵
3020 5118 3043 5174 I
3135 5118 3291 5178 Joau.
3350 5136 3407 5186 ιι,

1922 5338 2031 5412 (57)
2073 5336 2280 5391 Sancto.
2334 5331 2495 5397 Deest
2530 5310 2593 5383 in
2624 5339 2783 5383 antea
2824 5328 3004 5394 editis,
3042 5328 3137 5383 sed
3183 5326 3411 5381 habetur

1827 5412 1904 5468 .in
1937 5426 2066 5462 mss.

1922 5478 2044 5551 (33);
2072 5476 2143 5551 Ita
2177 5488 2306 5527 mss.
2348 5473 2516 5551 Alias,
2556 5490 2575 5524 ι
2602 5472 2743 5542 apud
2774 5468 2988 5523 Patrem
3025 5462 3291 5551 nostrum,
3321 5464 3409 5520 δελ

1849 5544 1967 5605 sum
1990 5544 2275 5616 Christum,
2306 5554 2361 5596 et
2388 5544 2502 5611 ipse
2539 5552 2639 5598 est.
2665 5563 2685 5616 ρ
3069 5604 3080 5616 ,

1922 5618 2029 5689 (59)
2076 5614 2327 5689 S‘IC‘IIISS.
2371 5603 2541 5689 Alias,
2588 5631 2607 5665 ‹
2645 5611 2971 5679 deprecatur
2996 5604 3139 5660 enim
3191 5603 3409 5661 Patrem

1850 5684 1950 5759 pro
1985 5684 2220 5759 peccatis
2256 5686 2477 5759 nostris.
2512 5704 2531 5735 ι
2620 5751 2631 5759 _
2788 5757 2795 5759 Α

1919 5741 2028 5825 (Mi)
2068 5756 2394 5809 Consotzior.
2432 5755 2590 5811 Deest
2618 5751 2670 5804 in
2705 5757 2866 5825 antea
2897 5746 3075 5809 editis,
3111 5745 3202 5801 sed
3238 5741 3408 5825 liiith

1793 5868 1800 5875 .
1852 5815 1938 5879 tur
1977 5815 2028 5879 Ili
2063 5840 2189 5878 mss.
2243 5825 2359 5877 ἱιίυξι
2411 5838 2564 5885 ιιιδς..
2613 5839 2630 5872 ι
2657 5821 2853 5888 quibus
2894 5827 3083 5883 aperte
3122 5815 3345 5873 revelat.
3374 5824 3403 5867 Β

1847 5897 2006 5955 Libb.
2040 5896 2190 5959 editi,
2228 5914 2244 5946 ι
2270 5897 2466 5962 quibus
2501 5894 2671 5961 aperit
2696 5900 2747 5943 et
2783 5889 3007 5942 revelat.
3034 5906 3053 5939 ι
