4136 6310
669 312 776 369 219

1887 318 2132 376 ORIGEN
2140 317 2201 373 IS
2240 317 2395 372 ΠΕΡΙ
2428 318 2654 371 ΑΡΧΩΝ

3764 317 3873 375 3‘20

669 436 720 482 et
751 430 1088 487 eouflrmatio
1122 443 1324 488 sancta
1357 433 1653 504 Scriptura:
1697 434 2032 488 auctoritatis
2064 447 2221 487 acce-
2253 428 2296 489 Α
2325 430 2449 483 item
2479 428 2604 483 alibi
2633 447 2646 484 :
2687 447 2705 479 ι
2733 427 3053 488 Neomeuias
3078 437 3284 483 vestras
3313 438 3364 483 et
3391 429 3611 486 sabbata
3639 436 3693 483 et
3725 431 3872 486 dies.

669 514 771 578 dit,
807 530 928 570 cum
959 519 1178 584 di‘citur,
1221 523 1345 590 quia
1384 540 1402 573 ι
1431 522 1551 576 fecit
1611 524 1748 578 Deus
1799 533 1950 578 cetos
1979 537 2220 592 magnos,

671 613 728 655 et
775 618 983 658 onmem
1042 609 1277 662 animam
1325 610 1677 666 animantium
1731 614 2064 680 repentium,
2105 625 2223 678 quas

681 693 1055 760 produxerunt
1083 713 1233 765 aquae
1263 700 1551 752 secundum
1586 715 1749 768 genus
1786 715 1969 753 eorum
1995 699 2058 752 ⁸⁷.
2091 718 2108 750 ι
2146 699 2221 754 Ex

669 787 942 840 communi
999 803 1125 841 vero
1190 792 1416 844 rationis
1471 793 1820 862 intelligentia
1876 791 2223 848 continuatur

667 877 830 930 etiam
863 879 930 932 ab
975 880 1057 933 his
1085 882 1174 948 qui
1209 883 1577 939 definitionem
1619 870 1828 940 anima:~
1849 887 2012 940 certis
2042 887 2220 942 deter-

669 967 882 1021 minaht
909 970 1104 1024 Verbis.
1137 973 1398 1026 Definitnr
1422 991 1653 1042 namque
1685 976 1864 1029 anima
1909 978 2008 1031 hoc
2041 977 2218 1045 modo,

667 1059 795 1127 quia
840 1060 908 1113 sit
935 1062 1228 1116 substantia
1264 1067 1595 1138 φανταστικὴ
1643 1077 1712 1133 et
1741 1069 2008 1139 ὁρμητική
2029 1109 2043 1134 ,
2076 1069 2221 1138 quod

576 1140 579 1143 ’
668 1148 892 1214 Latine,
946 1142 1071 1206 lieet
1124 1169 1226 1207 non
1277 1164 1386 1208 tam
1448 1158 1661 1226 proprie
1710 1159 2066 1224 explanetur,
2115 1159 2220 1213 dici

666 1246 846 1293 tamen
873 1248 1048 1308 potest
1109 1244 1379 1298 sensibilis
1424 1257 1478 1299 et
1533 1247 1764 1303 mobilis.
1819 1249 1969 1313 Quod
2038 1250 2221 1319 utique

665 1332 916 1384 convenit
947 1334 1108 1386 etiam
1136 1338 1201 1390 de
1234 1338 1480 1393 omnibus
1525 1341 1846 1396 animalibus
1882 1344 2008 1407 dici,
2048 1354 2102 1397 et
2137 1343 2221 1398 his

666 1421 868 1486 quze'in
917 1425 1071 1490 aquis
1101 1426 1333 1495 degunt;
1375 1432 1466 1483 sed
1501 1442 1554 1485 et
1599 1434 1651 1485 in
1685 1435 1995 1489 volucribus
2030 1435 2219 1489 eadem

667 1507 912 1566 deﬁnitio
961 1514 1152 1568 animae
1203 1520 1582 1574 convenienter
1633 1523 1957 1576 ostenditur.
2000 1523 2220 1577 Addidit

665 1613 798 1655 sane
829 1600 1107 1672 Scriptura
1146 1607 1307 1667 etiam
1340 1609 1564 1664 alterius
1604 1614 1888 1666 sententia:
1918 1615 2217 1668 auctorita-

668 1699 810 1757 tem,
862 1707 982 1764 eum
1015 1695 1188 1750 dicit:
1236 1715 1254 1747 ‹
1286 1696 1401 1751 Νοιι
1440 1701 1832 1757 manducabitis
1875 1705 2215 1774 sanguinem,

2326 537 2575 590 maguum
2606 530 2877 588 acceptum
2927 535 3028 573 non
3065 520 3255 574 habeo.
3289 519 3500 589 Jejuuia
3534 530 3588 574 et
3618 519 3784 576 ferias
3809 531 3870 575 et

2323 611 2439 674 dies
2479 611 2646 663 festos
2679 620 2882 663 vestros
2921 609 3035 662 odit
3076 611 3250 664 anima
3287 627 3403 664 mea
3429 611 3492 665 ".
3526 629 3544 662 ι
3578 611 3643 664 ΕΙ.
3687 612 3738 664 in
3775 627 3866 665 an

2323 700 2528 768 psalmo
2554 699 2624 753 de
2652 699 2868 755 Christo
2896 703 3136 766 (certum
3183 712 3265 756 est
3296 703 3438 756 enim
3483 702 3608 770 quia
3644 715 3706 753 ex
3743 716 3870 769 per-

2321 802 2450 841 sona
2482 788 2649 856 ipsius
2689 789 2793 858 iste
2833 792 3069 857 psalmus
3099 792 3416 857 ascribitur,
3454 793 3594 845 sicut
3631 791 3872 858 Evange-

2322 879 2448 932 Iium
2479 882 2842 947 contestatur)
2881 880 2951 933 ita
2988 881 3182 934 dictum
3219 892 3304 936 est
3331 898 3345 935 :
3385 901 3402 933 ι
3430 881 3508 937 Tu
3536 892 3737 944 autem,
3765 881 3871 933 Do-

2321 971 2484 1035 mine,
2530 986 2597 1024 ne.
2645 970 2798 1040 longe
2839 971 3005 1024 facias
3047 971 3302 1025 auxilium
3343 982 3533 1036 tuum‘,
3569 973 3634 1024 ad
3685 973 3872 1026 defen-

2321 1061 2523 1116 sionem
2553 1077 2721 1133 meam
2759 1064 2980 1132 respice,
2998 1079 3124 1118 erue
3157 1079 3185 1117 a
3215 1065 3870 1132 fratnea,Deus,animam

2322 1165 2517 1215 meam,
2534 1160 2592 1213 et
2612 1151 2678 1204 de
2701 1166 2862 1203 manu
2891 1153 3038 1206 cauis
3056 1153 3268 1206 unicam
3297 1169 3467 1206 meam
3489 1154 3553 1206 ⁸³.
3570 1172 3587 1204 ι
3610 1153 3870 1219 Quamvis

2319 1249 2376 1294 et
2423 1239 2585 1293 multa
2631 1239 2730 1293 alia
2777 1241 2884 1294 sint
2919 1242 3221 1295 testimonia
3267 1243 3332 1297 de
3374 1243 3551 1297 anima
3581 1242 3868 1320 Christi-in

2320 1343 2482 1382 carne
2507 1329 2686 1396 positi.
3061 1370 3067 1375 -

2387 1418 2441 1470 2.
2475 1419 2580 1472 Sed
2617 1419 2681 1472 de
2719 1418 2918 1472 Christi
2967 1419 3182 1487 quidem
3227 1421 3408 1474 anima
3451 1437 3664 1475 omnem
3713 1421 3910 1476 nobis.

2319 1509 2516 1565 adimet
2547 1507 2890 1576 quaestionem
2937 1512 3075 1564 ratio
3128 1505 3512 1566 incarnationis
3554 1525 3868 1566 occurrens.

2320 1598 2470 1652 Sicut
2503 1602 2644 1653 enim
2678 1615 2802 1654 vere
2823 1616 3038 1656 carnem
3071 1601 3278 1666 habuit,
3306 1603 3376 1655 ita
3402 1618 3524 1656 vere
3553 1615 3607 1657 et
3633 1604 3868 1657 animam

2321 1691 2528 1744 habuit.
2550 1688 2633 1744 'De
2671 1706 2734 1744 eo
2781 1706 2907 1745 vero
2941 1691 3051 1760 (45)
3083 1694 3222 1761 quod
3257 1694 3345 1746 Dei
3389 1695 3564 1747 anima
3614 1695 3666 1747 in
3719 1691 3875 1748 Scri-

664 1781 788 1847 qnia
830 1783 1007 1836 anima
1058 1787 1220 1840 totius
1265 1789 1446 1842 carnis
1479 1792 1696 1859 sanguis
1737 1792 1853 1860 ejus
1895 1803 1998 1859 est,
2029 1804 2083 1848 et
2113 1810 2216 1848 nou

2324 1781 2495 1848 pluris
2525 1782 2855 1858 nominatur,
2880 1785 3117 1849 qualiter
3159 1783 3383 1854 intelligi
3420 1785 3630 1851 debeat,
3660 1795 3714 1839 et
3744 1800 3874 1839 seno

665 1870 1059 1927 manducabitis
1115 1876 1348 1928 animum
1392 1894 1513 1931 cum
1547 1883 1802 1937 carnibus
1826 1884 1899 1950 ‘9;
1936 1904 1956 1936 ι
2005 1887 2056 1938 iu
2111 1901 2219 1954 quo

663 1961 1070 2016 evidentissime
1106 1968 1419 2034 sanguinem
1471 1972 1707 2023 omnium
1753 1973 2218 2030 animalium-ani-

665 2065 806 2104 mam
859 2069 1042 2107 eorum
1077 2073 1197 2112 esse
1247 2059 1508 2129 designat.
1558 2060 1675 2115 Jam
1706 2079 1832 2117 vero
1885 2067 1928 2118 si
1979 2068 2100 2134 quis
2138 2083 2221 2122 re-

664 2144 863 2210 quirat,
895 2150 1162 2214 quomodo
1201 2152 1436 2205 animam
1468 2155 1647 2208 oumis
1677 2157 1857 2208 carnis
1894 2160 2216 2228 sanguinem

659 2234 777 2302 ejus
799 2250 918 2290 esse
941 2239 1096 2306 dixit,
1128 2243 1193 2296 de
1225 2243 1439 2309 apibus,
1472 2246 1672 2313 vespis,
1702 2255 1756 2299 et
1779 2246 2037 2312 formicis,
2074 2259 2126 2304 et
2154 2253 2218 2304 de

659 2325 746 2379 his
792 2343 910 2395 qua:
959 2329 1012 2382 in
1065 2332 1219 2398 aquis
1254 2343 1419 2399 sunt,
1455 2337 1681 2398 ostreis,
1741 2347 1794 2389 et
1840 2340 2114 2405 cochleis,
2166 2349 2219 2395 et

659 2429 996 2486 quacunque
1042 2414 1298 2474 suut'alia
1325 2422 1436 2490 (41)
1473 2441 1589 2491 quae
1630 2439 1816 2480 carent
1848 2427 2220 2497 sanguiue,el
2251 2473 2260 2487 .

661 2519 784 2561 esse
846 2510 1140 2564 animantia
1225 2513 1664 2570 manifestissime
1738 2519 2214 2586 demonstrantur;

662 2599 1209 2672 respondendumest
1234 2643 1246 2666 ,
1280 2607 1532 2671 quoniam
1580 2607 1632 2659 in
1681 2607 2073 2675 hujuscemodi
2102 2613 2218 2664 ani—

661 2689 932 2743 ntantibus
953 2705 1110 2757 quam
1137 2692 1188 2746 in
1226 2695 1434 2749 ccete'ris
1458 2695 1563 2748 vim
1587 2697 1744 2751 habet
1770 2699 1912 2752 rubri
1942 2702 2218 2768 sanguinis

659 2778 832 2847 vigor,
887 2779 1022 2835 hanc
1051 2783 1157 2835 vim
1215 2785 1423 2839 obtinet
1473 2786 1525 2839 in
1570 2788 1689 2841 istis
1736 2789 1926 2842 lnnnor
1975 2791 2073 2845 iste
2121 2793 2214 2861 qui

661 2871 800 2926 inest
829 2871 881 2925 in
917 2874 1032 2936 eis,
1081 2875 1204 2945 licet
1249 2877 1469 2932 alterius
1503 2880 1570 2932 sit
1605 2881 1835 2944 coloris,
1881 2882 2013 2934 nihil
2072 2883 2214 2936 enim

661 2963 829 3019 refert
850 2966 940 3033 qui
968 2967 1037 3020 sit
1061 2968 1230 3033 color,
1259 2970 1547 3031 dummodo
1583 2971 1883 3023 substantia
1919 2973 1986 3024 sit
2012 2973 2212 3024 vitalis.

2321 1876 2424 1928 tire
2453 1883 2507 1928 et
2534 1856 2776 1942 proferre
2812 1875 3024 1929 diﬂicile
3058 1887 3170 1940 est;
3213 1878 3375 1930 semel
3405 1879 3544 1930 enim
3570 1878 3869 1946 simplicem

2321 1967 2467 2019 illam
2496 1975 2741 2019 naturam
2765 2005 2779 2026 .
2815 1975 2866 2020 et
2921 1967 3123 2037 absque
3169 1968 3331 2021 ullius
3369 1952 3692 2037 'adjectionis
3737 1984 3870 2037 per-

2320 2058 2572 2124 mistione
2627 2058 2969 2126 profitemur;
3005 2067 3181 2110 tamen
3217 2059 3588 2126 quoquomodo
3628 2060 3868 2111 sentien—

2321 2150 2443 2201 dum
2470 2158 2575 2212 est,
2619 2149 2883 2200 nominari
2914 2149 3130 2200 interim
3169 2148 3268 2202 Dei
3299 2149 3476 2201 anima
3521 2149 3763 2212 videtur;
3804 2153 3873 2202 de

2318 2238 2536 2291 Christo
2582 2252 2707 2290 vero
2767 2251 2871 2289 non
2935 2237 3229 2290 dubitatur.
3280 2238 3344 2292 Et
3400 2238 3519 2292 ideo
3582 2254 3686 2292 non
3737 2240 3871 2294 mihi

2319 2329 2526 2381 videtur
2573 2329 2859 2383 absurdum
2909 2328 3023 2396 (46)
3072 2329 3233 2381 etiam
3280 2329 3346 2383 de
3395 2329 3601 2383 sanctis
3639 2313 3915 2398 .angelis'

2318 2411 2637 2487 eteterisque
2686 2421 3003 2475 cmlestibus
3049 2420 3335 2473 virtutibus
3381 2419 3487 2472 tale
3535 2421 3734 2488 aliquid
3783 2420 3869 2476 vel

2281 2564 2283 2566 .
2319 2508 2519 2574 dicere,
2553 2509 2635 2566 vel
2677 2511 2901 2564 sentire.
2953 2511 3228 2578 Siquidem
3283 2509 3522 2564 definitio
3550 2511 3640 2564 illa
3673 2514 3871 2587 anima:

2317 2602 2480 2656 etiam
2508 2604 2563 2655 in
2601 2601 2748 2668 ipsos
2779 2601 2993 2654 videtur
3036 2600 3334 2654 incurrere.
3368 2601 3498 2668 Quis
3527 2603 3667 2654 enim
3703 2603 3873 2656 ratio-

2319 2689 2575 2745 nabiliter
2623 2691 2906 2746 sensibiles
2951 2706 3044 2746 eos
3093 2705 3210 2745 esse
3268 2693 3347 2746 vel
3397 2693 3622 2748 mobiles
3671 2693 3872 2761 poterit

2317 2780 2613 2848 denegare?
2639 2780 2791 2847 Quod
2829 2780 2872 2835 si
2905 2792 3058 2836 recta-
3084 2783 3188 2834 ista
3220 2782 3432 2837 videtur
3453 2797 3572 2838 esse
3602 2783 3868 2849 deﬁnitio,

2275 2925 2277 2927 ,
2315 2871 2458 2938 quod
2494 2871 2795 2924 substantia
2837 2870 3236 2926 rationabiliter
3261 2873 3531 2928 sensibilis
3560 2860 3633 2925 et‘
3650 2872 3869 2928 mobilis

2318 2961 2496 3014 anima
2549 2963 2778 3025 dicatur,
2824 2963 3039 3015 videtur
3086 2963 3198 3016 haec
3246 2965 3430 3016 eadem
3469 2963 3579 3031 (47)
3619 2962 3871 3018 definitio

659 3051 736 3106 De
772 3052 1029 3120 iumentis
1071 3070 1197 3109 vero
1248 3056 1329 3109 vel
1382 3057 1672 3124 pecudibus
1728 3061 1867 3125 quod
1924 3060 2211 3113 animantia
2242 3087 2284 3142 Ο
2320 3051 2481 3104 etiam
2531 3052 2597 3104 ad
2649 3052 2865 3120 angelos
2913 3054 3199 3120 pertinere.
3239 3054 3374 3118 Quid
3427 3052 3567 3106 enim
3621 3053 3765 3142 aliud
3810 3055 3869 3106 is:

659 3142 791 3207 sint,
815 3144 976 3197 etiam
1013 3147 1148 3212 apud
1173 3161 1509 3201 communem
1551 3149 1857 3217 opinionem
1889 3150 2027 3217 nulla
2060 3152 2214 3204 dubi-

660 3233 794 3287 talio
820 3243 922 3286 est.
952 3233 1184 3289 Evidens
1212 3245 1393 3290 tamen
1427 3249 1508 3292 est
1537 3241 1731 3294 divina:
1759 3242 2053 3309 Scriptura:
2091 3258 2214 3295 scn-

663 3325 851 3388 tcntia,
890 3340 1012 3378 cum
1063 3326 1192 3379 dicit
1243 3328 1418 3394 Deus:
1455 3345 1473 3378 ι
1507 3329 1771 3384 Producat
1809 3343 1949 3385 terra
1981 3335 2213 3386 animam

658 3415 832 3467 vivam
864 3417 1063 3469 secund
1088 3433 1156 3470 tm
1185 3434 1353 3486 genus
1375 3459 1388 3482 ,
1419 3421 1784 3487 quadrupedia
1810 3433 1863 3475 et
1897 3424 2134 3491 repentia
2162 3432 2216 3478 ct

665 3505 867 3558 bestias
902 3515 1060 3559 terrae
1078 3509 1367 3562 secundum
1399 3511 1765 3580 genus“(42).
1800 3533 1818 3566 ι
1844 3513 1960 3566 Jam
1994 3529 2122 3569 vero
2151 3517 2215 3572 de

661 3594 875 3650 homine
903 3600 1146 3664 quamvis
1176 3600 1300 3652 nulli
1328 3599 1548 3653 dubium
1575 3601 1663 3665 sit,
1691 3619 1788 3656 nec
1814 3607 2086 3672 requirere
2117 3607 2216 3658 ali-

661 3685 781 3752 quis
802 3690 997 3753 possit;
1022 3700 1198 3743 tamen
1220 3701 1269 3742 et
1287 3691 1558 3759 Scriptura
1583 3688 1769 3758 divina'
1785 3693 2050 3762 designat,
2072 3697 2212 3763 quod

667 3775 837 3827 «Deus
865 3775 916 3827 in
944 3774 1130 3830 faciem
1153 3779 1266 3845 ejus
1294 3781 1635 3847 in~‘piraverit
1663 3781 2046 3847 spiramentum
2070 3785 2210 3848 vitae,

662 3874 717 3918 et
745 3865 916 3918 factus
936 3877 1020 3920 est
1046 3869 1201 3922 homo
1229 3872 1280 3923 in
1302 3887 1533 3924 annnam
1555 3873 1818 3922 viventem
1841 3872 1939 3922 ⁵ο.»
1961 3873 2216 3939 Superest

664 3954 731 4006 de
765 3957 1006 4022 angelico
1038 3960 1234 4011 ordiue'
1268 3962 1562 4028 requirere,
1594 3970 1770 4013 utrum
1798 3971 1850 4014 et
1881 3963 1980 4029 ipsi
2011 3965 2215 4017 animas

667 4046 900 4099 habeant
921 4048 1052 4116 (45),
1080 4065 1142 4101 an
1174 4053 1365 4104 animae
1397 4053 1526 4116 sint,
1568 4053 1647 4106 vel
1687 4056 1751 4106 de
1784 4054 1993 4106 ceteris
2021 4053 2216 4106 divinis

667 4136 1087 4206 caelestibusque
1136 4141 1441 4206 virtutibus,
1473 4144 1563 4194 sed
1612 4123 1673 4195 et.
1693 4144 1755 4196 de
1796 4142 2086 4195 contrariis
2125 4159 2218 4210 po-

670 4229 976 4284 testatibus.
1016 4231 1400 4282 Auctoritatem
1453 4233 1666 4298 quidem
1701 4235 1890 4286 divina:
1925 4220 2218 4302 Scriptura:

667 4333 891 4385 usquam
933 4318 1128 4371 nullam
1171 4318 1493 4380 invenimus,
1524 4323 1664 4384 quod
1696 4312 1775 4374 «ξι
1825 4323 2022 4390 angeli,
2058 4323 2139 4376 vel
2170 4324 2212 4377 si

2317 3141 2423 3195 illis
2460 3156 2622 3211 quam
2670 3156 2858 3196 sensus
2904 3142 3240 3195 rationabilis
3289 3151 3343 3196 et
3374 3153 3548 3197 motus
3589 3154 3670 3197 est
3709 3141 3821 3212 (48)
3849 3184 3863 3198 .

2306 3231 2556 3297 Quorum
2606 3241 2781 3286 autem
2815 3245 2920 3284 una
2974 3233 3297 3286 definitionis
3343 3235 3479 3288 ratio
3531 3243 3633 3298 est,
3671 3233 3866 3288 borum

2315 3322 2432 3378 sine
2467 3321 2633 3377 dubio
2665 3333 2720 3376 et
2767 3323 2952 3377 eadem
2996 3325 3295 3378 substantia
3336 3335 3439 3379 est.
3486 3325 3684 3378 Paulus
3731 3339 3868 3382 sane

2313 3426 2434 3465 esse
2486 3407 2775 3488 quemdam
2840 3412 3125 3465 animalem
3173 3413 3442 3468 hominem
3505 3413 3866 3483 signiﬁcat“,

2315 3516 2471 3569 quem
2508 3511 2665 3567 negat
2692 3515 2752 3552 ea
2791 3517 2907 3568 qtae
2953 3514 3077 3556 sinit
3112 3503 3348 3572 Spiritus
3397 3506 3486 3557 Dei
3525 3519 3688 3572 posse.
3725 3506 3884 3560 reci-.

2313 3607 2468 3662 pere;
2501 3576 2592 3646 sed
2637 3593 2854 3645 stultam
2897 3594 3028 3646 dicit
3076 3595 3124 3647 ei
3185 3596 3349 3650 videri
3406 3595 3637 3664 Spiritus
3689 3597 3860 3650 sancti

2315 3683 2646 3745 doctrinam,
2690 3697 2786 3736 uec
2822 3697 2979 3749 posse
3023 3699 3143 3736 eum
3181 3685 3485 3754 intelligere
3525 3686 3665 3752 quod
3701 3689 3864 3754 spiri-

2319 3772 2534 3825 tualiter
2568 3773 2928 3825 discernatur.
2961 3773 3065 3826 Sed
3099 3785 3152 3828 et
3200 3776 3251 3828 in
3289 3777 3394 3829 alio
3437 3777 3557 3829 loco
3580 3776 3664 3827 .ait
3701 3779 3863 3830 semi-

2317 3863 2431 3914 nari
2465 3877 2664 3931 corpus
2693 3862 2945 3928 animale,
2981 3871 3033 3915 et
3062 3879 3282 3933 surgere
3309 3881 3505 3935 corpus
3530 3864 3768 3932 spiritale
3792 3868 3863 3932 ",

2316 3953 2605 4006 ostendens
2633 3952 2683 4004 in
2717 3953 3106 4005 resurrectione
3141 3954 3402 4020 jnstornm
3447 3956 3579 4007 nihil
3624 3957 3862 4012 animale

2318 4041 2574 4095 futurum.
2616 4042 2680 4096 Et
2729 4043 2847 4095 ideo
2899 4043 3223 4109 requirimus
3273 4060 3337 4097 ne
3378 4044 3515 4098 forte
3561 4046 3860 4100 substantia

2318 4131 2494 4198 aliqua
2528 4133 2596 4185 sit
2625 4149 2742 4201 quae
2771 4133 3060 4186 secundum
3105 4133 3205 4186 hoc
3233 4138 3373 4200 quod
3417 4137 3591 4186 anima
3618 4136 3721 4192 est.
3766 4137 3866 4189 im-

2318 4221 2555 4290 perfecta
2591 4225 2678 4276 sit.
2725 4222 2921 4278 Verum
2967 4231 3144 4275 utrum
3188 4223 3298 4290 (49)
3350 4221 3628 4292 propterea
3666 4225 3866 4293 imper-

2318 4313 2459 4366 fecta
2489 4312 2562 4364 sit
2591 4315 2731 4380 quod
2772 4331 2798 4365 a
2832 4313 3158 4382 perfectione
3189 4312 3411 4375 decidit,
3444 4328 3509 4364 an
3541 4313 3660 4366 talis
3689 4331 3718 4366 a
3756 4317 3865 4370 Deo

668 4409 760 4479 qui
804 4420 925 4462 sunt
965 4410 1129 4463 divini
1183 4410 1402 4476 spiritus
1432 4411 1658 4462 ministri
1715 4411 1824 4473 Dei,
1884 4413 1965 4466 vel
2008 4415 2218 4484 animas
2249 4417 2292 4488 ρ
2325 4405 2466 4459 facta
2494 4405 2588 4466 εἱῑ.
2632 4410 2752 4458 cuin
2785 4422 2880 4473 per
2912 4408 3155 4488 o‘rdinem
3197 4407 3404 4473 singula
3451 4405 3645 4457 discuti
3685 4419 3867 4476 ctepeé

669 4501 888 4564 habere,
915 4503 992 4555 vel
1034 4503 1222 4555 anima:
1254 4503 1525 4566 dicantur;
1558 4501 1847 4553 animantia
1883 4513 2058 4557 tamen
2098 4521 2218 4559 esse

669 4607 698 4643 a
723 4595 1138 4661 quaniplurimis
1171 4596 1496 4647 sentiuntur.
1526 4593 1599 4645 De
1641 4590 1745 4643 Deo
1766 4581 1952 4646 autem
1989 4595 2219 4663 (Mliu-

571 4691 583 4699 ”
667 4685 910 4738 venimus
966 4687 1223 4752 scriptum
1259 4701 1376 4739 esse
1431 4686 1541 4756 ita:
1593 4679 1700 4732 «Et
1745 4697 1936 4747 ponam
1980 4687 2211 4738 animam

672 4788 844 4826 meam
876 4792 1036 4844 super
1070 4778 1300 4828 animam
1334 4777 1473 4829 illam
1508 4784 1623 4843 qum
1661 4775 2068 4828 manducaverit
2096 4790 2219 4827 san-

672 4863 903 4940 guinem,
939 4872 992 4916 et.
1047 4869 1333 4919 eradicabo
1382 4883 1497 4919 eam
1548 4869 1613 4921 de
1670 4865 1861 4936 populo
1892 4864 2050 4919 suo“
2079 4878 2126 4927 ;ι
2165 4873 2218 4917 ει

2325 4498 2880 4562 rint,,requtrenuts.
2935 4495 2993 4548 Si
3032 4482 3200 4549 ‘enim
3243 4495 3502 4548 animalis
3546 4499 3705 4550 llOlllo
3758 4513 3862 4551 non

2325 4585 2514 4654 recipit
2545 4602 2662 4652 qua:
2686 4593 2813 4636 sunt
2838 4582 3070 4651 Spiritus
3095 4586 3208 4646 Dei,
3245 4595 3300 4640 et
3339 4602 3434 4654 pro
3468 4601 3532 4639 eo
3564 4587 3704 4654 quod
3753 4588 3868 4639 ani-

2325 4678 2481 4730 malis
2513 4663 2880 4738 est,imelioris
2904 4684 3128 4738 naturae,
3154 4676 3202 4728 id
3219 4687 3301 4728 est
3325 4677 3537 4743 divinas,
3559 4677 3867 4747 intelligen-

2328 4775 2451 4827 tiam
2489 4768 2728 4839 recipere
2758 4784 2863 4821 non
2912 4778 3111 4836 potest,
3165 4769 3260 4821 hac
3314 4769 3562 4824 fortassis
3601 4773 3668 4826 de
3701 4788 3862 4826 causa

2323 4866 2621 4920 evidentius
2662 4878 2758 4916 nos
2796 4860 2993 4924 Paulus
3028 4861 3221 4917 docere
3268 4862 3452 4915 volens
3483 4862 3610 4930 quid
3660 4865 3730 4916 sit
3773 4879 3867 4931 per

691 4955 693 4957 ί
744 4975 787 5006 δ’
819 4943 954 5097 (ἢθη.
984 4995 1020 5038 l,
1053 4982 1140 5033 ‘21.
1219 4982 1261 5012 "
1285 4983 1451 5034 LnVil.
1484 4999 1614 5046 xvii,
1654 4941 1767 5034 14)
1814 4981 1856 5011 ’⁸³
1880 4978 2012 5033 Gen.
2045 4995 2083 5042 ι,
2117 4979 2206 5032 24.

691 5046 720 5077 1³
747 5045 845 5097 Psa
873 5082 890 5097 .
922 5063 1032 5097 nt.
1061 5050 1150 5097 20-
1176 5053 1264 5097 9|-
1344 5054 1386 5082 δ”
1413 5058 1424 5097 t
1455 5054 1572 5097 (Zur.
1610 5069 1664 5097 ne
1706 5051 1789 5097 14-
1868 5049 1913 5081 ⁸⁸
1945 5050 1963 5097 1
1993 5051 2113 5097 Cur.
2139 5052 2218 5097 xv.‘

2313 4981 2504 5035 °~Gcn.
2534 4996 2595 5047 tt,
2627 4980 2678 5033 7.
2755 4979 2795 5010 ⁸⁸
2837 4977 3006 5035 Levit.
3051 4991 3156 5030 xvtt
3183 5017 3196 5040 ,
3233 4975 3317 5029 l0.
3363 4961 3436 5008 ’⁸³
3460 4977 3560 5031 lsa.
3596 4991 3631 5040 ι,
3659 4978 3744 5042 15,
3782 4978 3863 5034 14.

672 5045 720 5080 ⁵³
747 5045 890 5099 Psai.
922 5063 1032 5110 ut,
1061 5050 1150 5115 ‘20,
1176 5053 1264 5102 2|.
1344 5054 1386 5082 ‘"
1413 5058 1426 5104 l
1455 5054 1573 5106 Cor.
1602 5045 1666 5117 ill,
1706 5051 1790 5106 H.

747 5183 858 5324 (ait?
901 5185 989 5237 Sic
1026 5201 1151 5238 mss.
1190 5188 1356 5250 Alias,
1394 5209 1411 5239 ‹
1438 5190 1582 5244 talia.
1610 5208 1626 5239 ι

741 5257 830 5326 (4⁸2
889 5256 1259 5323 Quadrupedia
1287 5266 1336 5308 et
1369 5261 1593 5324 repentia

679 5395 1292 5464 quaqln‘visurcperiantur
1322 5396 1373 5447 in
1407 5396 1654 5448 omnibus
1689 5413 1816 5450 mss.

750 5461 859 5533 (45)
903 5461 1084 5533 Utrum
1133 5476 1180 5530 et
1227 5466 1324 5530 ipsi
1381 5464 1582 5515 animas
1628 5467 1878 5533 habeant,
1932 5479 2040 5521 etc.
2091 5466 2224 5521 Vide

680 5530 931 5601 Hu‘etiuni
962 5530 1396 5601 Grigeuianorum
1435 5533 1525 5585 lib.
1555 5550 1612 5598 ll,
1649 5547 1838 5601 quaest.
1865 5530 1915 5593 5.
1943 5553 2088 5589 num.
2121 5537 2174 5589 6.

775 5598 864 5665 44)
909 5598 979 5651 De
1009 5598 1109 5652 Deo
1142 5613 1336 5665 autem,
1370 5613 1472 5657 etc.
1506 5603 1636 5657 Vide
1661 5598 1905 5657 lluetiutu
1939 5607 2154 5659 ibidem.

775 5601 842 5654 44
909 5598 979 5651 De
1009 5597 1109 5652 Deo
1142 5613 1336 5665 autem,
1370 5613 1472 5657 etc.
1506 5603 1636 5657 Vide
1661 5597 1905 5657 lluetiutu
1939 5607 2154 5659 ibidem.

751 5597 868 5744 ibi);
910 5666 1040 5724 Vide
1071 5670 1221 5745 lib.“
1271 5675 1598 5743 Origeniau.,
1624 5682 1818 5743 quiest.
1847 5675 1897 5738 5,
1933 5692 2077 5728 num.
2105 5675 2155 5730 6.

889 5256 1259 5323 Quadrupedia
1287 5266 1336 5308 et
1369 5261 1593 5324 repentia
1633 5271 1678 5310 et
1714 5259 1897 5312 bestias
1946 5269 2096 5312 terra:
2139 5273 2220 5310 se-

679 5330 906 5402 cundum
935 5326 1264 5404 genum-llaec
1310 5328 1360 5404 i_n
1401 5337 1566 5404 antea
1605 5329 1761 5380 editis
1807 5334 2007 5383 omissa
2057 5337 2224 5404 sunt,

1868 5049 1913 5081 ⁸⁸
1944 5050 1963 5101 1
1993 5051 2113 5103 Cor.
2139 5051 2224 5112 xv,’
2246 5051 2332 5102 εΗ.

2401 5186 2508 5255 (46)
2549 5187 2638 5240 Sic
2666 5201 2797 5242 mss.
2843 5185 3013 5251 Alias,
3042 5195 3134 5240 «et
3165 5186 3284 5241 ideo
3319 5202 3421 5240 non
3465 5184 3727 5241 videbitur
3770 5189 3866 5242 ab-

2317 5259 2756 5406 fuiil'iliniitidem.
2802 5325 2959 5384 Deest
2989 5325 3044 5379 in
3091 5336 3245 5379 antea
3277 5325 3437 5382 editis
3459 5362 3475 5388 ,
3508 5325 3600 5379 sed
3637 5326 3863 5380 habetur

2321 5408 2693 5542 miliagidllss”
2743 5482 2760 5514 ‹
2793 5473 2844 5518 et
2879 5444 3054 5517 motus
3092 5474 3194 5518 est.
3224 5480 3240 5512 ι
3275 5462 3423 5515 Libb.
3462 5462 3624 5524 editi,
3662 5481 3679 5511 ι
3708 5475 3873 5536 coms

2323 5544 2496 5588 111011ιὸ
2525 5544 2628 5584 est.
2665 5551 2683 5582 ι
3251 5583 3254 5585 λ

2396 5601 2506 5672 (49)
2553 5599 2736 5653 Verum
2783 5610 2990 5672 utrum,
3022 5611 3126 5672 etc.
3173 5599 3299 5672 Vide
3348 5601 3439 5656 lib.
3509 5616 3542 5653 Il
3587 5597 3865 5668 Origenia-

2328 5670 2529 5737 norum,
2564 5679 2750 5738 quatst.
2781 5670 2836 5735 6,
2867 5685 3010 5722 num.
3038 5670 3065 5722 4
3103 5680 3152 5721 et
3179 5670 3228 5720 5.
