4136 6310
298 294 405 361 ω

1584 306 1783 377 LIBER
1823 311 2194 373 SECUNDUS.

3394 332 3501 391 23!

298 413 449 485 quod
475 427 540 470 ea
568 429 687 485 qua
727 424 854 470 sunt
881 416 1121 486 spiritus,
1148 416 1218 513 id
1247 429 1329 509 est
1365 420 1623 491 spiritalia
1654 426 1848 479 intelli-
1880 442 1921 490 Α
1952 449 2015 488 ne
2040 434 2260 489 liberata
2310 446 2486 509 potest
2520 440 2711 494 iterum
2763 440 2889 495 illud
2922 445 3195 513 essequod
3226 443 3323 501 fuit
3345 457 3494 505 ante-

302 516 432 572 gere
468 518 774 572 possumus,
818 516 1049 562 mentem
1083 509 1251 579 magis
1276 506 1433 581 quam
1464 516 1693 569 animam
1728 517 1863 585 Spi-.

303 593 429 646 ritui
467 603 656 649 sancto
707 597 985 668 coniungit
1016 608 1072 653 et
1114 601 1302 653 sociat.
1351 601 1461 656 Hoc
1530 605 1673 657 enim
1723 623 1844 661 eum

301 692 431 751 puto
452 685 735 739 ostendere
755 701 874 740 cum
898 687 1059 741 dicit:
1083 705 1101 738 ι
1120 688 1297 744 Orabo
1319 692 1531 760 spiritu,
1550 695 1716 749 orabo
1732 696 1843 765 (50)

299 783 359 829 et
388 785 582 842 mente,
615 777 878 845 psalmum
909 778 1082 833 dicam
1124 781 1339 849 spiritu,
1367 785 1633 851 psalmum
1667 788 1842 842 dicam

262 922 265 925 _
300 873 358 947 et
388 878 565 922 mente
586 868 652 921 ⁸⁸.
677 885 700 919 ι
729 868 797 923 Ει
840 884 943 923 non
985 870 1114 926 dicit
1146 874 1273 942 quia
1315 876 1493 931 anima
1521 880 1705 947 orabo,
1750 882 1843 935 sed

298 942 489 1041 spiritu
524 966 581 1012 et
611 967 821 1024 mente;
854 968 910 1015 et
948 975 1052 1015 non
1083 963 1234 1028 dicit,
1264 966 1442 1021 anima
1471 942 1713 1037 psallam;
1751 972 1843 1026 sed

298 1047 493 1116 spiritu
527 1048 753 1117 psallam
783 1058 839 1103 et
868 1060 1063 1107 mente.

365 1136 472 1207 95
491 1138 543 1191 5.
573 1138 678 1192 Sed
701 1138 927 1195 fortasse
951 1157 1037 1195 re-

295 1225 549 1298 q’uiritur:
569 1227 629 1281 Si
655 1244 802 1284 mens
816 1239 899 1284 est
919 1245 1037 1299 qua:

295 1321 486 1389 spiritu
520 1331 637 1376 orat
666 1331 721 1377 et
757 1323 956 1393 psallit,
980 1332 1034 1378 el
1104 1331 1240 1385 tione
1270 1334 1600 1395 tractandam
1626 1344 1700 1387 est
1721 1374 1735 1398 ,
1781 1351 1842 1388 ne

293 1416 406 1485 ipsa
428 1425 512 1471 est
535 1432 654 1487 quae
676 1417 1032 1486 etperfectioc
1100 1421 1235 1489 forte
1258 1438 1372 1474 cum
1404 1424 1593 1476 anima:
1623 1423 1841 1477 salutem

294 1523 413 1563 nem
443 1510 743 1580 percipitet
764 1511 1028 1566 salutem:
1099 1510 1294 1577 fuerint
1339 1522 1659 1576 consecutw,
1686 1524 1733 1566 et
1774 1515 1840 1566 ad

292 1592 561 1668 quomodo
618 1603 749 1657 dicit
805 1584 1031 1670 Petrus,
1100 1602 1295 1653 beatam
1324 1603 1477 1655 vitam
1503 1606 1840 1671 pervenerint,

297 1679 703 1761 «'Percipientes
724 1696 880 1749 linem
906 1696 1029 1750 ﬁdei
1100 1695 1290 1748 animo:
1318 1712 1426 1749 esse
1451 1698 1720 1754 desistant.

1277 1164 1422 1201 BIER.
1462 1164 1675 1204 INTERP.

1176 1236 1323 1319 Unde
1352 1258 1465 1294 cum
1488 1243 1694 1309 inﬁnita
1721 1258 1844 1296 cau-
1879 1286 1882 1289 .

1950 528 2111 593 Quam
2164 528 2363 595 periret
2415 542 2468 581 et
2511 531 2685 584 anima
2746 532 3028 587 diceretur.
3068 534 3174 588 Sed
3209 545 3260 591 et
3286 551 3351 590 ex
3380 539 3491 605 ipsa

1952 616 2187 674 nominis
2222 618 2410 671 animm
2431 619 2826 687 significatione
2849 639 3009 690 quam
3046 625 3096 676 in
3143 622 3329 679 Graeco
3358 629 3498 681 indi-

1950 716 2058 771 cat,
2097 706 2268 760 visum
2299 717 2380 762 est
2406 719 2461 762 et
2488 711 2762 765 nonnullis
2799 714 3194 781 requirentibus
3228 717 3496 771 curiosius

1951 811 2108 863 posse
2140 812 2243 850 non
2275 799 2593 853 medioerem
2614 800 2724 871 (56)
2751 805 2960 872 suggeri
2993 804 3333 859 intellectum.
3359 805 3490 860 Nam

1950 904 2125 944 sermo
2172 893 2385 945 divinus
2438 892 2598 967 Deum
2650 894 2821 962 ignem
2866 910 2989 949 esse
3036 898 3327 951 dixitcum
3380 900 3487 952 ait:

1954 998 1972 1030 ι
2010 981 2149 1034 Deus
2182 991 2361 1036 noster
2400 984 2537 1052 ignis
2570 996 2652 1038 est
2699 999 3020 1040 consumens
3048 987 3113 1041 ⁵⁸.
3148 1006 3165 1038 ι
3205 970 3308 1042 Sed
3342 997 3396 1042 et
3426 980 3491 1046 de

1948 1072 2257 1139 angelorum
2285 1076 2588 1127 substantia
2630 1077 2702 1129 ita
2747 1077 2855 1131 ait:
2915 1095 2932 1127 ί
2966 1078 3065 1144 Qui
3099 1078 3231 1132 facit
3275 1080 3493 1151 angelos

1949 1177 2081 1217 suos
2108 1164 2349 1231 spiritus,
2370 1174 2423 1217 et
2449 1165 2726 1220 ministros
2756 1182 2880 1221 suos
2909 1169 3080 1236 ignem
3105 1180 3345 1223 urentem
3368 1172 3483 1237 ";o

1946 1266 2001 1308 et
2030 1256 2189 1308 alibi:
2228 1276 2245 1306 ι
2271 1256 2529 1326 Apparuit
2552 1258 2771 1326 angelus
2796 1260 3002 1312 Domini
3031 1261 3081 1312 in
3110 1253 3332 1313 finitima.
3351 1260 3490 1329 ignis

1948 1346 1998 1421 in
2031 1348 2162 1401 ruho
2196 1348 2260 1401 ⁸⁸.
2304 1369 2321 1400 ι
2372 1349 2590 1417 Insuper
2611 1351 2775 1401 etiam
2821 1352 3129 1404 mandatum
3162 1354 3487 1421 accepimus,

1950 1446 2001 1488 ut
2033 1437 2200 1490 simus
2234 1438 2423 1506 spiritu
2476 1438 2744 1493 ferventes
2772 1441 2845 1504 “;
2878 1456 2974 1509 per
2999 1442 3141 1508 quod
3176 1432 3291 1495 sine
3328 1438 3489 1497 dubio

1947 1530 2161 1596 igneum
2185 1532 2483 1585 ostenditur
2511 1540 2563 1584 et
2599 1531 2827 1585 calidum
2869 1532 2961 1585 Dei
2999 1534 3250 1588 Verbum.
3282 1532 3385 1588 Sed
3433 1543 3491 1587 et

1945 1618 2207 1676 Jeremias
2235 1621 2493 1687 propheta
2547 1623 2694 1675 audit
2735 1626 2801 1675 ab
2825 1638 2913 1676 ‘eo
2950 1625 3059 1690 qui
3092 1624 3189 1677 sibi
3230 1639 3487 1691 responsa

1948 1711 2143 1766 dabat:
2178 1729 2195 1761 ι
2223 1712 2359 1765 Ecce
2382 1712 2499 1765 dedi
2522 1715 2680 1767 verba
2709 1730 2823 1768 mea
2856 1715 2908 1767 in
2927 1730 2986 1768 os
3016 1725 3161 1767 tuum
3183 1713 3438 1783 ignem“.
3461 1732 3481 1764 ι

290 1795 490 1842 nostra;
517 1790 742 1843 salutem
772 1791 1068 1845 animarum
1088 1802 1393 1869 nostrarum
1422 1794 1501 1849 '7?
1529 1816 1547 1849 ι
1584 1798 1638 1850 Si
1663 1798 1838 1852 anima
1871 1779 1913 1832 η
1946 1800 2095 1854 Sient
2129 1816 2257 1869 ergo
2292 1800 2428 1855 Deus
2458 1803 2730 1871 ignis-est,
2760 1815 2813 1857 et
2849 1806 3021 1874 angeli
3061 1805 3273 1857 llatmna
3313 1805 3484 1872 ignis,

288 1892 409 1932 eum
431 1878 624 1947 spiritu
660 1894 759 1934 nec
793 1891 913 1935 orat
941 1897 1038 1936 nec
1065 1868 1257 1952 psallit,
1292 1887 1565 1951 quomodo
1601 1889 1840 1954 sperabit

288 1967 559 2021 salutem?
589 1962 693 2022 Aut
721 1970 764 2024 si
799 1986 921 2025 cum
950 1974 1016 2027 ad
1046 1974 1430 2028 beatitudinem
1463 1978 1699 2050 venerit,
1727 1977 1837 2045 jam

288 2055 465 2110 anima
496 2072 601 2127 non
630 2058 874 2113 dicetur?
921 2052 1025 2115 sed
1050 2062 1350 2136 videamus
1384 2080 1450 2118 ne
1497 2064 1635 2118 forte
1674 2066 1840 2133 possit

291 2144 395 2200 hoc
430 2149 587 2201 modo
624 2144 1121 2227 resp0tideri,'quia
1152 2154 1295 2208 sicut
1324 2154 1572 2208 Salvator
1600 2156 1708 2226 (51)
1742 2150 1832 2210 νέ-

358 2232 371 2302 [
396 2232 516 2307 (52)Δ
547 2237 755 2307 ᾯσπερ
782 2238 951 2291 σῶσαι
972 2239 1031 2291 τὸ

288 2302 561 2378 smne
588 2302 800 2378 ἧλθεὶνρ
823 2308 1027 2378 Σωτὴρς

287 2371 375 2422 ὅτε
422 2373 521 2440 μέν
560 2371 639 2427 tot.
692 2375 923 2439 σώζεται
960 2371 1032 2428 ὀξὺ

286 2439 561 2505 ἀπολωλὸς
586 2482 600 2505 ,
659 2444 837 2497 οὐκέτι
887 2447 1033 2498 ἐστὶν

284 2509 560 2583 ἀπῡλέξιλὸς
574 2551 605 2583 ,_
623 2510 809 2583 06:9);
834 2515 897 2583 ἣν
929 2514 1031 2565 σῶ-

286 2594 377 2632 σαι
412 2575 541 2650 ἦλθε
578 2579 749 2650 ψυχὴν
784 2575 867 2643 ὡς’
924 2582 1029 2634 σῶ-

285 2664 374 2700 σαι
413 2649 476 2701 τὸ
516 2649 816 2714 ἀπολωλὸς,
849 2652 1029 2704 οὐκέτι

288 2718 450 2789 μένε(Δ
464 2717 607 2789 ψυχὴ
629 2721 670 2789 ἡ,
685 2720 912 2789 σωθεῖσα
926 2721 1029 2788 ψυ-

324 2787 373 2851 ὴ,
396 2786 518 2839 οὔτε
534 2786 897 2851 ’ξδ’ἀὴολωλὸς.
909 2786 1028 2841 Ἔτι

356 2858 628 2909 σανιστέον
670 2860 717 2910 ει
748 2856 931 2911 ὥσπερ
968 2859 1028 2911 τὸ

320 2925 555 2996 troitung
574 2923 639 2996 ἦν
662 2928 749 2979 ὅτε
774 2929 871 2980 οὐκ
894 2923 1027 2979 ἁπο-

282 2991 460 3055 λὼλει,
490 2991 757 3049 misceat
786 2996 912 3050 ποτὲ
936 2999 1025 3049 ὅτε

282 3063 379 3139 οὐξι
403 3063 551 3139 ἔσται
568 3064 1025 3139 ᾁτξηλιρλὸςηοὶξῖω

282 3132 373 3205 καὶ
394 3135 431 3205 μή
457 3132 600 3205 ψσχῂ
623 3130 690 3205 ἦν
721 3134 809 3205 ὅτε
831 3130 941 3187 οὐχ’
956 3132 1021 3205 ἦν

276 3199 453 3319 imm,
473 3199 758 3255 sares-ml
775 3204 885 3282 ¹ὅτε
926 3199 1022 3284 ot’ix

309 3285 431 3319 σται
450 3268 1022 3319 tLuv‘il.I.e-Struzemm

309 3268 431 3321 σταζι
450 3268 1022 3391 ῒυχήλβδίσαερηὶιη

310 3341 417 3391 enit
500 3346 701 3391 ominus
725 3352 875 3391 atque
898 3337 1017 3391 Sul-

281 3341 417 3391 venit
451 3337 701 3391 Dominus
725 3352 875 3407 atque
898 3337 1017 3392 Sul-

278 3417 426 3475 entor
454 3424 682 3475 quwrere
734 3418 779 3459 et
819 3408 1017 3460 salvum

277 3474 471 3539 facere
498 3479 635 3544 quod
664 3476 912 3545 perierat,
960 3486 1015 3527 ut

274 3547 534 3611 perditum
592 3562 700 3597 esse
762 3545 1015 3607 desistat;

276 3614 349 3666 sic
392 3614 570 3666 anima
608 3629 723 3681 quae
770 3615 1013 3678 perierat,

276 3692 322 3735 et
353 3683 414 3734 ob
451 3682 602 3749 cujus
631 3683 846 3735 salutem
885 3684 1013 3734 venit

280 3750 553 3813 Dominus,
573 3767 686 3802 cum
709 3752 848 3802 salva
877 3750 1013 3819 facta

275 3822 434 3887 fuerit
466 3821 666 3887 animo,
701 3820 876 3872 anima
905 3836 1013 3873 esse

273 3886 517 3942 cessabit.
550 3886 691 3940 Illud
704 3904 900 3955 quoque
921 3906 1014 3951 pa-

275 3961 402 4011 riter
434 3958 819 4026 requirendum,
840 3967 1011 4009 utrum

275 4030 407 4079 sicut
445 4028 698 4094 perditum
727 4026 1009 4095 aliquando

275 4095 500 4161 nonfuit
531 4096 809 4163 perditum,
843 4104 891 4147 et
913 4096 1009 4147 erit

275 4174 478 4230 tempus
516 4165 725 4232 quando
757 4166 1010 4227 perditum

274 4250 375 4285 non
397 4236 595 4301 erit,sic
612 4234 889 4303 aliquando
907 4233 1014 4283 ani-

273 4318 360 4354 lla
401 4304 559 4369 fuerit
602 4319 701 4355 non
730 4303 902 4353 animo
921 4340 937 4363 ,
963 4311 1009 4351 et

271 4369 388 4439 [ore
434 4382 631 4435 tempus
670 4370 877 4435 quando
925 4384 1013 4419 ne-

272 4440 539 4509 quaquam
574 4440 748 4493 animo
783 4453 1012 4509 perseve-

271 4516 369 4563 ra.

1102 2265 1437 2319 nit‘salvare
1481 2270 1621 2337 quod
1666 2272 1837 2337 perie-

1103 2368 1200 2424 rat,
1228 2362 1392 2415 etiam
1422 2377 1543 2415 cum
1580 2364 1835 2428 salvator,
1886 2388 1889 2393 ν

1104 2468 1206 2506 non
1256 2461 1341 2507 e>t
1387 2456 1649 2521 perditum
1696 2461 1835 2525 quod

1101 2544 1245 2610 prius
1262 2545 1523 2612 perditum
1538 2546 1830 2614 dicebatur;

1100 2635 1182 2687 ita,
1224 2632 1467 2689 fortassis
1523 2638 1682 2689 etiam
1734 2638 1834 2691 hoc

1098 2726 1237 2791 quod
1268 2725 1521 2789 salvatur,
1551 2726 1726 2779 anima
1754 2728 1835 2780 di-

1099 2812 1273 2876 citur;
1318 2827 1439 2866 cum
1498 2821 1672 2867 autem
1719 2813 1830 2881 jam

1095 2900 1238 2963 salva
1263 2900 1401 2957 facta
1425 2903 1606 2970 fuerit,
1626 2920 1691 2958 ex
1710 2921 1830 2974 per-

1094 2995 1330 3051 fectioris
1382 2998 1549 3065 partis
1590 3014 1700 3053 sua:
1733 3015 1829 3054 vo-

1094 3089 1281 3142 cabulo
1297 3084 1681 3156 nun'cupabitur
1694 3088 1823 3161 (55).

1096 3174 1198 3229 Sed
1228 3185 1283 3230 et
1315 3177 1439 3230 illud
1471 3176 1626 3244 adjici
1671 3193 1827 3245 posse

1089 3267 1303 3319 videtur
1322 3262 1667 3334 quibusdam;
1703 3268 1824 3343 quia

1089 3357 1227 3417 sicut
1259 3358 1358 3410 hoc
1386 3358 1525 3425 quod
1558 3358 1824 3426 perditum

1086 3438 1187 3512 est,
1224 3459 1341 3502 erat
1384 3450 1505 3503 sine
1535 3451 1698 3504 dubio
1730 3467 1823 3503 an-

1088 3547 1295 3607 tequatu
1312 3539 1526 3608 periret,
1544 3553 1663 3592 cum
1684 3542 1825 3594 aliud

1088 3630 1265 3683 nescio
1320 3630 1446 3698 quid
1498 3637 1615 3682 erat
1662 3645 1821 3698 quam

1084 3722 1372 3787 perditum,
1408 3721 1547 3774 sicut
1574 3720 1677 3774 erit
1711 3719 1821 3791 (54)

1084 3805 1265 3885 utique
1297 3831 1416 3869 cum
1451 3814 1561 3882 jam
1607 3830 1709 3868 non
1738 3824 1822 3867 est

1082 3908 1381 3975 perditum:
1410 3908 1483 3959 ita
1508 3906 1670 3959 etiam
1706 3906 1823 3959 ani-

1081 4017 1166 4055 ma
1199 4017 1315 4069 qua:
1362 4003 1562 4070 perisse
1602 4001 1815 4063 dicitur,

1084 4093 1347 4146 videbitur
1381 4092 1542 4147 fuisse
1570 4094 1695 4161 quid
1723 4094 1821 4144 ali-
1886 4125 1888 4128 μ

1082 4185 1295 4250 quando
1317 4201 1437 4239 cum
1472 4186 1701 4240 nondum
1728 4200 1839 4252 ρει

1084 4277 1273 4345 risset,
1302 4326 1305 4329 ,
1333 4288 1389 4333 et
1437 4289 1652 4348 prepter
1713 4282 1816 4334 hoc

1083 4368 1258 4422 anima
1324 4371 1599 4426 diceretur
1661 4370 1814 4443 (55),

1082 4474 1201 4530 qua:
1237 4476 1447 4515 rursum
1473 4479 1538 4516 ex
1570 4463 1818 4532 perditio-

1941 1893 2181 1943 et-sancti
2216 1894 2410 1959 quique
2440 1893 2628 1960 spiritu
2666 1893 2870 1947 fervent
2899 1910 2913 1957 ;
2969 1897 3036 1947 ita
3068 1909 3097 1948 e
3133 1896 3406 1948 contrario
3431 1896 3483 1949 hi

1890 1992 1893 1995 '
1940 1979 2028 2044 qui
2057 1979 2372 2031 deciderunt
2416 1995 2445 2032 a
2480 1981 2765 2034 dilectione
2796 1982 2921 2045 Dei,
2956 1984 3071 2035 sine
3122 1983 3286 2036 dubio
3331 1982 3487 2036 refri-

1941 2068 2083 2120 xisse
2118 2069 2169 2120 in
2193 2068 2460 2121 charitate
2490 2069 2603 2135 ejus
2634 2085 2697 2123 ac
2727 2070 2908 2137 frigidi
2942 2071 3064 2125 facti
3099 2072 3306 2126 dicendi
3336 2080 3480 2125 sunt.

1938 2158 2185 2211 Aitenim
2210 2166 2262 2212 et
2292 2159 2568 2223 Dominus,
2596 2161 2717 2226 quia
2750 2178 2768 2210 ι
2809 2173 3088 2231 propterea
3124 2164 3265 2230 quod
3304 2163 3483 2215 multi-

1934 2247 2129 2313 plicata
2179 2256 2259 2301 est
2306 2246 2590 2318 iniquitas,
2621 2250 2951 2318 refrigescet
2998 2253 3233 2305 Charitas
3285 2250 3481 2322 multo-

1939 2352 2052 2389 rum
2090 2337 2154 2394 ”.
2191 2356 2211 2389 ι
2264 2338 2368 2392 Sed
2419 2347 2471 2393 et
2491 2340 2677 2419 omnia
2710 2355 3037 2409 quzeeunque
3062 2350 3186 2395 sunt
3228 2356 3344 2409 quze
3379 2342 3477 2413 ad-

1937 2442 2104 2482 versa:
2135 2429 2383 2497 potestati
2415 2430 2466 2483 in
2499 2430 2796 2497 Scripturis
2825 2433 3025 2486 sanctis
3068 2442 3475 2502 comparantur,

1939 2520 2125 2587 frigida
2157 2535 2365 2589 semper
2398 2522 2675 2576 inveniens
2693 2519 2935 2577 diabolus
2958 2524 3189 2580 dicitur:
3218 2540 3323 2593 quo
3349 2525 3476 2593 quid

1937 2611 2178 2679 frigidius
2212 2612 2502 2664 invenitur.
2534 2611 2723 2687 Sedet
2768 2613 2819 2665 in
2861 2614 2996 2667 mari
3031 2628 3256 2683 regnare
3281 2614 3476 2668 dicitur

1934 2701 2117 2755 draco.
2155 2700 2465 2767 Serpentem
2492 2716 2721 2769 namque
2753 2710 2807 2754 et
2835 2702 3122 2755 draconem
3143 2742 3158 2768 ,
3202 2701 3342 2769 quod
3373 2702 3477 2756 uti-

1934 2806 2037 2858 que
2068 2793 2130 2846 ad
2160 2794 2386 2861 aliquem
2423 2791 2486 2845 de
2519 2791 2763 2862 malignis
2789 2792 3065 2859 spiritibus
3102 2796 3473 2860 retorquetur,

1931 2891 1984 2935 et
2018 2882 2069 2935 in
2095 2884 2227 2935 mari
2257 2884 2513 2951 propheta
2553 2896 2672 2935 esse
2707 2872 2951 2949 designat
2981 2882 3046 2937 “.
3084 2881 3148 2957 Et
3190 2882 3315 2936 alibi
3348 2880 3478 2935 dicit

1932 2970 2215 3038 prOph'eta:
2246 2988 2263 3019 ι
2301 2971 2551 3024 lnducam
2593 2971 2823 3036 gladium
2873 2979 3117 3023 sanctum
3153 2984 3313 3037 super
3350 2971 3473 3022 dra-

1856 3091 1896 3146 ε
1931 3076 2115 3114 conetn
2151 3072 2452 3128 serpentem
2490 3062 2599 3133 (57)
2639 3061 2950 3129 fugientem,
2997 3075 3157 3129 super
3182 3060 3470 3116 draconem

1929 3159 2226 3217 serpentem
2273 3164 2618 3217 perversum,
2661 3162 2715 3205 et
2750 3150 3032 3204 interficiet
3069 3164 3188 3211 eum
3221 3148 3287 3200 ⁸⁸.
3329 3166 3347 3198 ι
3406 3146 3468 3200 Et

1929 3242 2123 3293 iterum
2152 3240 2258 3293 ait:
2294 3257 2311 3290 ‹
2344 3240 2518 3293 Etiam
2548 3240 2974 3295 si‘abscesseriut
3002 3241 3073 3293 "ab
3106 3239 3277 3293 oculis
3309 3239 3469 3302 meis,

1926 3340 1977 3382 et
2008 3331 2391 3384 descenderint.
2413 3329 2463 3382 in
2501 3330 2818 3397 profundum
2848 3330 3048 3392 maris,
3094 3329 3165 3381 ibi
3207 3328 3469 3381 mandabo

1925 3423 2142 3476 draconi
2168 3431 2222 3475 et
2246 3420 2508 3475 mordebit
2537 3436 2631 3475 eos
2662 3421 2725 3474 “.
2766 3440 2784 3472 ι
2819 3421 2924 3474 Sed
2953 3429 3004 3473 et
3032 3422 3080 3472 in
3117 3418 3216 3473 Job
3240 3420 3351 3485 ipse
3375 3431 3467 3470 rex

1920 3528 2042 3567 esse
2062 3514 2299 3567 omnium
2325 3526 2443 3578 qum
2476 3513 2525 3563 in
2553 3511 2711 3578 aquis
2741 3520 2865 3562 sunt
2899 3510 3096 3562 dicitur
3122 3509 3187 3560 ".
3220 3509 3263 3559 Α
3299 3509 3465 3561 Borea

1926 3620 2050 3658 vero
2074 3603 2294 3657 accendi
2329 3602 2463 3655 mala
2509 3616 2667 3667 super
2704 3614 2892 3653 omnes
2940 3601 3028 3666 qui
3073 3598 3315 3650 habitant
3354 3606 3463 3651 ter-

1926 3709 2062 3758 ram,
2088 3693 2347 3760 propheta
2388 3681 2665 3744 denuntiat
2715 3690 2778 3743 ‘8.
2810 3690 3007 3743 Boreas
3048 3700 3225 3741 autem
3277 3697 3466 3743 ventus

1924 3785 1975 3837 in
2002 3784 2291 3850 Scripturis
2322 3784 2522 3833 sanctis
2550 3781 2773 3849 frigidus
2802 3780 3125 3849 designatur,
3163 3781 3300 3833 sicut
3326 3778 3461 3831 scri-

1920 3884 2066 3942 ptum
2092 3884 2172 3925 est
2198 3872 2248 3924 in
2276 3871 2514 3940 Sapienti
2544 3886 2557 3921 :
2591 3889 2611 3922 ι
2650 3870 2892 3937 Frigidus
2913 3882 3099 3923 ventus
3126 3869 3321 3923 Boreas
3348 3870 3409 3921 °'.
3436 3887 3456 3920 ο

1918 3964 2069 4029 Quod
2093 3974 2143 4016 et
2176 3964 2347 4031 ipsum
2388 3966 2505 4017 sine
2547 3963 2707 4015 dubio
2741 3962 3073 4015 sentiendum
3103 3970 3185 4015 est
3235 3962 3298 4014 de
3342 3961 3460 4014 dia-

1922 4054 2061 4107 bolo.
2094 4052 2150 4105 Si
2179 4067 2307 4120 ergo
2338 4066 2397 4105 ea
2424 4048 2545 4119 qua?
2566 4041 2754 4103 sancta
2788 4059 2933 4112 sunt,
2961 4051 3013 4103 et
3046 4050 3184 4115 ignis
3201 4058 3254 4101 et
3284 4048 3462 4104 lumen

1918 4152 1971 4196 et
1998 4142 2256 4196 ferventia
2280 4142 2647 4203 nominantur,
2684 4154 2800 4206 qua:
2826 4148 3001 4191 autem
3021 4139 3287 4215 contraria
3312 4147 3458 4201 sunt,

1920 4234 2135 4302 frigida,
2161 4242 2213 4286 et
2250 4233 2485 4300 Charitas
2519 4224 2805 4285 multorum
2855 4230 3200 4297 refrigescere
3236 4230 3345 4299 (58)
3382 4232 3457 4278 tli—

1919 4333 2057 4387 cittir
2088 4329 2217 4400 (59),
2244 4326 2618 4394 requirendum
2651 4333 2732 4377 est
2757 4338 2823 4375 ne
2854 4319 2988 4375 forte
3028 4329 3082 4373 et
3121 4334 3315 4371 nomen
3345 4318 3452 4370 ani-

1849 4414 1889 4468 D
1919 4419 2179 4489 maequod
2207 4417 2386 4471 Graece
2412 4417 2603 4469 dicitur
2622 4414 2783 4483 ψυχή,
2807 4429 2836 4465 a
2857 4410 3245 4480 refrigescendo
3266 4411 3371 4477 (60)
3396 4411 3460 4461 de

1899 4519 2060 4575 ~statu
2085 4508 2341 4562 diviniore
2365 4521 2426 4559 ac
2453 4506 2690 4569 meliore,
2720 4503 2918 4557 dictum
2953 4502 3039 4561 sit,
3071 4510 3125 4552 et
3150 4500 3456 4552 translatum

347 4736 393 4768 ⁵⁸
430 4735 595 4788 lCor.
652 4747 763 4793 xlv,
824 4729 908 4784 l5.
982 4725 1364 4793 |'lPet.t,Q.
1438 4724 1663 4782 "'Dent.
1705 4725 1846 4791 ιν,2λ

1878 4764 1892 4779 .
1965 4724 2009 4755 ⁸⁰
2035 4721 2197 4776 Hebr.
2241 4737 2278 4782 ι,
2305 4720 2357 4773 9.
2430 4716 2675 4793 "Exod.
2711 4728 2786 4772 ut,
2827 4711 2899 4793 2..
2954 4710 3192 4793 “nititur.
3226 4725 3319 4773 xtt,

278 4807 323 4840 ⁸³
354 4803 464 4859 Jer.
509 4820 550 4869 I,
588 4802 640 4868 9.
686 4850 695 4851 κ

278 4876 328 4912 ⁸³
344 4874 456 4931 der.
500 4890 564 4942 ι,,Ι
589 4872 671 4925 14.

278 5099 338 5153 in
366 5111 464 5148 ms.

750 4801 795 4838 ⁸⁸
826 4800 1011 4853 Matth.
1060 4799 1217 4862 μιν(
1238 4799 1324 4851 121

759 4870 802 4903 ⁶⁹
830 4870 995 4925 Eccli.
1027 4884 1187 4933 itm,
1232 4869 1322 4921 22.

354 5027 467 5095 (50)
508 5026 705 5080 Orabo.
741 5026 1101 5110 Desideratur'
1127 5024 1179 5077 in
1208 5025 1367 5080 editis
1383 5065 1406 5108 ,
1453 5024 1544 5078 sed
1584 5002 1816 5079 habetur
1848 5029 1856 5031 ‘

354 5162 462 5235 (sl)
493 5160 585 5235 Sic
612 5179 749 5235 mss.
780 5164 893 5235 Lib.
926 5166 1093 5228 editi,
1129 5179 1149 5214 ι
1184 5172 1361 5234 potest
1401 5164 1501 5217 hoc
1536 5160 1695 5219 modo
1737 5179 1817 5219 re-

274 5232 557 5306 Ipopﬂeﬂ.
580 5236 700 5297 quia
730 5234 992 5306 Salvator.
1024 5254 1041 5285 ι

354 5300 463 5371 (52)
492 5300 710 5367 Ὠσπερ
737 5302 948 5368 σῶσαι,
977 5313 1079 5357 etc.
1108 5304 1292 5358 Graeca
1340 5302 1455 5354 haec
1498 5311 1710 5357 exstant
1754 5306 1817 5358 ad

274 5371 486 5433 calcem
516 5371 753 5440 epistola.-
774 5372 1060 5426 Justiniani
1104 5371 1440 5440 imperatoris
1469 5373 1534 5422 ad
1566 5372 1768 5426 Menam
1799 5390 1810 5437 ;

275 5442 472 5513 Latina
502 5449 677 5513 autem
701 5439 1082 5513 interpretatio
1112 5443 1160 5513 in
1179 5439 1601 5513 epistulasancti
1629 5442 1809 5496 lliero-
1914 5507 1925 5513 _
1949 5439 2057 5513 (58)
2092 5439 2178 5513 Sic
2208 5446 2338 5513 mss.
2370 5439 2539 5491 Alias,
2559 5446 2597 5513 Δ(
2618 5439 2915 5513 quaeaut:

277 5490 515 5581 ad
543 5490 1601 5581 avitum.Videbriqenidnornmflib.in,
1623 5490 1809 5578 quia].
1878 5490 2361 5581 gitiaifetcharitas
2391 5490 2609 5581 peccato
2634 5490 2826 5581 dicitur
2854 5490 3211 5581 figas-ceree)

276 5577 334 5644 6,
373 5577 448 5630 De
479 5578 681 5634 anima.

348 5647 463 5717 (δῦ)
500 5650 589 5704 Sic
620 5662 752 5703 mss.
784 5645 946 5713 Alias,
974 5666 992 5699 ι
1014 5647 1123 5715 jam
1154 5659 1509 5718 nuncupatur.
1549 5666 1567 5698 ι

1436 4799 1481 4829 ἰ
1504 4800 1696 4853 Eaech.
1731 4813 1897 4850 χχιιι.
1944 4794 2013 4866 ,⁸⁸
2043 4792 2145 4847 lsa.
2175 4804 2341 4854 xxvu,
2369 4791 2419 4841 i.

2490 4785 2715 4836 “Amos
2766 4781 2924 4845 Ix,5.
2994 4779 3034 4810 ⁸⁷
3076 4777 3175 4831 Job
3232 4778 3447 4842 λιμῶ.

1950 5023 2037 5092 (5t
2079 5020 2166 5073 Sic
2196 5025 2324 5070 mss.
2356 5002 2497 5093 Alias
2524 5008 2773 5090 pessime,
2812 5024 2830 5056 ι
2868 4999 3206 5057 succurrerit.
3252 5016 3269 5047 ι

1950 5021 2057 5160 (55)
2093 5090 2179 5160 Sic
2206 5082 2528 5160 mss-Alias.
2563 5100 2580 5129 ι
2612 5081 2841 5160 (licetur.
2884 5092 2901 5122 ι
3122 5139 3248 5160 ΝΜ

1973 5081 2057 5149 55)
2093 5090 2179 5143 Sic
2206 5099 2332 5138 mss.
2367 5082 2528 5137 Alias.
2563 5100 2580 5129 ί
2617 5081 2841 5149 dicetur.
2884 5092 2901 5122 ι
3040 5124 3043 5125 ,

1973 5096 2057 5160 55)
2093 5096 2179 5143 Sic
2206 5099 2332 5138 mss.
2367 5096 2528 5137 Alias.
2563 5100 2580 5129 ί
2617 5096 2841 5159 arcetur.
2884 5096 2901 5122 ι
3040 5124 3043 5125 ν
3178 5139 3187 5149 ο

1948 5096 2205 5233 (56)_Non
2236 5153 2557 5207 mediocrem.
2610 5148 2698 5203 Sic
2730 5154 2876 5200 recte
2927 5156 3054 5197 mss.
3111 5139 3251 5193 Alias
3276 5150 3420 5199 vero,

1884 5251 1902 5282 ι
1948 5230 2283 5284 mediocrem.
2322 5241 2339 5272 ›

1950 5273 2401 5369 (Sal-Serpentem.
2433 5289 2610 5355 Deest
2631 5287 2682 5340 in
2717 5294 2875 5339 antea
2910 5279 3084 5342 editis,
3120 5275 3212 5330 sed
3252 5273 3423 5361 habe-

1881 5376 1966 5422 tur
1994 5370 2046 5421 in
2076 5380 2202 5418 mss.

2370 5427 2539 5491 Alias,
2579 5402 3277 5505 rquzeiau'temcontraria
3328 5415 3412 5468 fri-

1950 5556 2217 5642 is'swide
2247 5570 2338 5623 lib.
2376 5556 2758 5642 nongentos,
2790 5576 2844 5628 q.
2885 5556 2948 5625 6;
2969 5573 3119 5612 num.
3158 5556 3207 5610 5.

1953 5632 2180 5710 (GOl‘Sic
2209 5655 2337 5696 mss.
2371 5632 2581 5703 Aliasft
2618 5650 2645 5687 a
2677 5632 2886 5701 frigesc.
2926 5647 2943 5680 ι
