4136 6310
641 470 744 505 ’⁵ὃὲ

644 495 747 527 :30

1796 485 1808 495 ε
1861 455 2182 518 οιιιαιῖΝιδ
2219 455 2378 511 ΠΕΡΙ
2412 449 2642 506 ΑΡΧΩΝ

3683 424 3692 428 ’
3749 443 3860 497 ω

641 583 770 640 inde
799 583 941 651 qnod
967 598 1032 637 ea
1061 585 1246 639 calore
1284 584 1375 639 illo
1423 582 1656 637 naturali
1703 591 1765 654 ,ει
1815 582 2000 636 divino
2036 578 2191 633 reer
2223 582 2265 638 Α
2297 574 2410 626 licet
2439 573 2609 625 int-itte
2639 567 2917 636 compulsa-
2948 566 3048 620 sint
3074 562 3257 633 subjici
3272 562 3516 626 vanitati,
3540 562 3600 614 ob
3638 562 3861 629 premit;

637 677 783 730 xisse
803 675 1049 730 videatur
1070 715 1087 741 ,
1116 685 1172 730 et
1217 676 1336 730 ideo
1377 677 1428 729 in
1461 676 1564 730 hoc
1598 689 1706 744 quo
1733 685 1871 727 nunc
1897 681 1982 727 est.
2016 678 2190 733 statu,

637 775 693 820 et
755 764 1010 822 vocabulo
1047 767 1146 823 sila
1181 767 1270 822 sit.
1309 767 1546 838 Denique
1585 767 1797 838 proprie
1854 760 2194 816 laudabiliter

595 901 609 908 -
638 854 872 907 animam
902 856 1025 924 poni
1059 856 1109 907 in
1137 854 1435 922 Scripturis
1467 861 1697 917 sanctis,
1725 852 1939 920 require
1959 851 2003 903 si
2041 849 2194 903 facile

638 945 920 1011 invenias;
975 945 1316 1012 culpabiliter
1354 954 1532 998 autem
1581 945 1893 1012 frequenter
1938 941 2192 1002 occurrit,

636 1044 692 1087 ut
717 1036 784 1088 ibi
813 1052 826 1086 :
898 1057 916 1085 ι
951 1035 1141 1088 Anima
1173 1037 1305 1088 mala
1343 1035 1514 1104 perdit
1543 1033 1651 1105 (6t)
1675 1049 1796 1086 eum
1830 1033 1918 1101 qui
1957 1031 2196 1100 possidet

636 1139 796 1190 eam;
831 1146 847 1177 ι
875 1137 926 1179 et
958 1128 1160 1179 «anima
1194 1143 1310 1195 quae
1363 1135 1578 1195 peccat,
1631 1126 1742 1191 ipsa
1776 1125 2030 1177 morietur
2060 1122 2125 1173 7°.
2172 1139 2208 1170 ι.

638 1218 825 1271 Postea
859 1217 1002 1270 cnim
1025 1232 1184 1284 quam
1215 1216 1416 1268 dictum
1438 1223 1518 1268 est
1541 1231 1554 1266 :
1579 1231 1597 1262 ι
1631 1214 1826 1266 Omnes
1851 1211 2042 1264 anima:
2067 1223 2196 1260 mea:

637 1317 779 1368 sunt,
805 1308 944 1359 sicut
969 1309 1147 1358 anima
1183 1306 1370 1373 patris,
1397 1305 1467 1356 ita
1496 1303 1674 1355 anima
1702 1302 1795 1353 lilii
1825 1314 1940 1354 mea
1965 1297 2107 1350 est"
2132 1313 2145 1361 ;
2173 1313 2190 1344 ι

635 1399 821 1464 Utique
865 1411 1202 1462 consequens
1256 1393 1536 1446 videbatur
1587 1409 1643 1447 ut
1702 1395 1905 1447 diceret.
1948 1411 1958 1444 :
2006 1386 2197 1438 Anima

633 1503 752 1556 quae
779 1485 1204 1554 agirjustitiam,
1251 1485 1364 1552 ipsa
1404 1482 1698 1537 salvabitur
1722 1499 1736 1547 ;
1761 1489 1816 1534 et
1851 1478 2031 1532 anima
2080 1491 2198 1544 quae

632 1583 860 1645 peccat,
905 1574 1016 1640 ipsa
1066 1573 1346 1629 morietur.
1409 1572 1511 1625 Sed
1577 1588 1721 1625 nunc
1773 1569 2013 1621 videmus
2063 1581 2189 1633 quo-

634 1666 779 1718 niam
802 1664 943 1732 quod
979 1663 1247 1732 culpabile
1275 1663 1490 1732 quidem
1534 1670 1620 1714 est
1648 1702 1662 1726 ,
1705 1659 1950 1728 adjunin
1982 1658 2046 1711 ad
2077 1657 2196 1715 ani-

634 1771 813 1812 mam:
866 1758 1008 1824 quod
1061 1765 1240 1808 autem
1286 1755 1445 1808 laude
1499 1753 1714 1820 dignum
1757 1760 1910 1816 erat,
1962 1750 2195 1804 reticuit.

635 1845 816 1918 [Παρὰ
830 1847 927 1917 τὴν
943 1846 1256 1899 ἀπόπτιιισιν
1276 1845 1384 1914 (6‘2)
1417 1855 1420 1859 ‘
1455 1843 1566 1914 96
1591 1842 1886 1908 Videndum
1929 1855 2058 1909 ergo
2095 1851 2194 1914 est,

633 1935 728 1990 καὶ
743 1937 838 2005 τὴν
860 1936 1018 2005 ψύξιν
1050 1918 1144 2004 rip;
1167 1935 1271 2004 ἀπὸ
1293 1932 1385 1985 τοῦ

635 2026 735 2098 ζῇν
757 2029 832 2098 τῷ
862 2027 1150 2097 πνεύματι,
1169 2027 1388 2094 γέγονεν
1459 2039 1525 2093 εις
1562 2025 1680 2092 ipso
1712 2023 1930 2076 nomine
1958 2021 2202 2074 declara-

632 2103 778 2190 1ἰιῖδῦν
799 2120 1060 2191 γενομένη
1076 2119 1239 2189 ψυχὴ.
1255 2116 1387 2174 οὖσα

634 2210 728 2261 καὶ
749 2209 966 2280 δεκτικὴ
997 2210 1096 2278 τῆς
1129 2210 1384 2262 ἐπανόδου

634 2301 730 2370 τῆς
759 2303 842 2370 ἐφ’
875 2305 1009 2372 ὅπερ
1033 2298 1098 2373 ἦν
1133 2304 1188 2354 ὲν
1219 2303 1380 2372 ἀρχῇ·

630 2396 766 2469 ὅπερ
793 2397 997 2466 νομίζω
1012 2397 1264 2466 λέγεσθαι
1281 2397 1384 2449 ὑπὸ

632 2487 724 2539 τοῦ
788 2489 1067 2558 Προφήτου
1149 2490 1206 2539 ὲν
1273 2486 1378 2555 τῷ·

639 2599 665 2632 ι’
699 2581 1229 2651 ”Επίστρε’ζαον,ψυχή
1260 2597 1384 2649 μου,

633 2674 714 2740 εἰς
743 2673 838 2742 τὴν
871 2671 1172 2724 ἀνάπαυσίν
1208 2687 1299 2741 σον
1321 2687 1333 2698 ’
1363 2689 1380 2721 ›

634 2766 774 2820 ὥστε
803 2765 920 2817 ὅλον
952 2764 1103 2818 τοῦτο
1131 2759 1285 2816 εἶναι..

703 2855 724 2878 ³
747 2856 890 2917 Νοῦς
923 2873 1038 2917 πως
1086 2850 1175 2907 οὖν
1201 2853 1388 2922 γέγονε

633 2946 799 3018 ψυχὴ,
829 2947 922 2999 καὶ
949 2945 1092 3017 ψυχὴ
1118 2945 1390 3016 κατορθω-

636 3037 789 3090 θεῖσα
820 3038 1025 3104 γίνεται
1046 3035 1187 3098 νοῦς.
1217 3036 1296 3089 Είῑ
1328 3053 1386 3088 eo

637 3130 774 3197 quod
798 3128 986 3180 decidit
1012 3139 1057 3179 et
1107 3127 1310 3203 refrixit
1352 3143 1382 3178 a

634 3221 862 3288 spiritali
895 3223 1022 3283 vita,
1047 3221 1184 3288 facta
1219 3231 1383 3276 esta-

639 3314 811 3373 m'ma,
859 3330 973 3381 qua:
1015 3315 1174 3364 etiam
1219 3313 1272 3364 in
1330 3313 1385 3363 id

634 3411 774 3476 quod
807 3409 869 3459 ab
897 3408 1043 3459 initio
1064 3409 1190 3470 fuit,
1219 3407 1386 3458 redire

637 3507 825 3564 potest.
862 3496 1014 3560 Quod
1061 3514 1090 3548 α
1135 3495 1387 3562 ΡνοιπΙιεια

639 3588 925 3656 signiﬁca-ri
965 3588 1223 3651 πύξινον,
1266 3589 1388 3644 dum

639 3680 746 3733 ait:
781 3699 799 3730 ι
851 3680 1152 3745 lieret'tere,
1214 3681 1387 3733 auium

642 3755 776 3833 mea,
809 3772 862 3822 in
886 3775 1114 3840 requiem
1154 3779 1296 3824 tuam
1321 3812 1335 3838 ,
1362 3791 1380 3823 ι

641 3875 698 3919 tu
727 3874 888 3921 totum
914 3865 1008 3920 lioc
1039 3867 1128 3919 sit.

1461 2117 1526 2179 ri,
1557 2117 1624 2168 ab
1663 2131 1728 2170 eo
1754 2114 1895 2183 quod
1934 2113 2204 2166 refrixerit

1457 2223 1484 2260 a
1543 2204 1756 2259 fervore
1818 2203 2090 2271 justorum
2149 2212 2203 2256 et

1456 2295 1620 2348 divini
1655 2295 1792 2362 ignis
1831 2293 2206 2361 participatio-

1457 2399 1522 2437 ne
1555 2382 1665 2453 (65)
1691 2383 1859 2453 ψυχή,
1893 2383 1944 2435 id
1980 2392 2062 2435 est
2088 2383 2205 2434 aui-

1458 2491 1544 2528 tna
1579 2475 1841 2542 appellata
1871 2474 1958 2536 sit,
1996 2491 2092 2527 nec
2127 2485 2206 2527 ta-

1459 2585 1580 2623 men
1652 2569 1831 2622 amisit
1894 2567 2202 2621 facultatem

1461 2659 1772 2714 restituendi
1839 2674 1897 2712 se
1948 2661 2008 2711 in
2059 2658 2204 2711 illttnt

1458 2765 1654 2811 statum
1693 2755 1955 2819 fervoris,
2007 2754 2059 2807 in
2101 2770 2206 2822 quo

1459 2864 1527 2901 ex
1585 2848 1737 2902 initio
1782 2846 1900 2900 fuit.
1956 2847 2107 2901 Unde
2155 2860 2208 2902 et

1458 2938 1725 3005 Propheta
1761 2939 1866 2992 tale
1897 2938 2098 3006 aliquid
2130 2941 2207 2991 vi-

1459 3032 1616 3082 detur
1640 3029 1948 3090 ostendere,
1974 3044 2093 3081 eum
2125 3028 2206 3080 di-

1458 3117 1567 3172 cit:
1605 3135 1623 3166 ι
1667 3116 1980 3180 licvertere,
2023 3116 2202 3168 anima

1460 3225 1599 3272 mea,
1617 3211 1667 3261 in
1684 3209 1920 3277 requiem
1945 3221 2086 3259 tuam
2105 3209 2202 3258 τ’.»

2302 667 2636 734 futurorum;
2672 677 2774 713 non
2807 675 2959 712 suam
2991 656 3183 724 facere,
3213 653 3299 707 sed
3331 651 3592 706 Creatoris
3619 650 3864 706 volunta-

2301 765 2422 816 tem,
2449 770 2478 804 α
2507 769 2606 822 quo
2631 753 2684 803 in
2704 751 2812 802 Iure
2846 748 3009 816 ofﬁcia
3037 745 3329 798 distributor
3357 740 3540 813 suut.]

2365 846 2420 900 4.
2453 846 2604 911 Quod
2630 845 2671 898 si
2706 845 2777 895 ita
2815 850 2919 905 est,
2953 824 3203 893 decessus
3227 836 3342 904 ipse
3377 835 3572 888 mentis
3603 849 3667 888 ac
3695 834 3862 888 devo-

2300 937 2430 990 lutio
2463 937 2676 993 videtur
2711 933 2840 986 mihi
2887 931 3026 1000 quod
3076 946 3181 985 non
3214 927 3438 996 aequalis
3461 926 3700 982 omnium
3729 940 3860 979 sen-

2301 1029 2512 1082 tiendus
2543 1028 2632 1092 sit,
2661 1005 2752 1079 Sed
2789 1024 2870 1078 vel
2896 1023 3014 1093 plus
3037 1020 3118 1074 vel
3150 1021 3325 1074 minus
3350 1021 3398 1071 in
3431 1018 3663 1070 animam
3698 1017 3860 1080 verti,

2301 1127 2354 1172 et
2393 1118 2599 1187 aliquas
2647 1117 2860 1185 quidem
2916 1122 3120 1168 mentes
3165 1124 3380 1166 servare
3442 1108 3640 1177 aliquid
3693 1107 3858 1160 etiam

2299 1210 2496 1278 prioris
2532 1210 2759 1272 vigoris,
2785 1207 2996 1274 aliquas
3022 1219 3150 1258 vero
3181 1214 3271 1254 attt
3302 1201 3456 1263 nihil,
3481 1210 3575 1252 aut
3603 1199 3859 1268 exiguum

2301 1302 2519 1369 aliquid.
2555 1300 2708 1355 Unde
2739 1297 3087 1351 inveniuntur
3104 1294 3315 1364 quidam
3335 1293 3516 1346 statim
3547 1292 3612 1345 ab
3643 1293 3863 1344 ineunte

2301 1402 2462 1446 mtate
2497 1390 2821 1445 ardentioris
2855 1388 3135 1448 acuminis,
3169 1387 3256 1440 alii
3281 1402 3407 1440 vero
3427 1386 3700 1451 tardioris,
3725 1399 3863 1438 non-

2304 1479 2431 1532 nulli
2469 1491 2645 1532 autem
2680 1477 3005 1530 obtusissimi
3049 1485 3101 1530 et
3133 1476 3343 1544 penitus
3389 1475 3649 1530 indociles
3684 1473 3855 1528 nasci.

2305 1572 2684 1633 Verumtamen
2717 1570 2858 1637 quod
2919 1569 3156 1623 diximus
3188 1565 3334 1637 .(65),
3367 1576 3608 1620 mentem
3653 1566 3704 1618 in
3739 1565 3862 1618 ani-

2303 1678 2442 1716 mam
2469 1663 2628 1724 verti,
2657 1661 2739 1713 vel
2772 1661 2816 1714 si
2845 1675 2947 1730 qua
2980 1660 3079 1712 alia
3110 1661 3158 1712 in
3187 1661 3286 1713 hoc
3318 1659 3573 1710 videntur
3600 1655 3863 1725 aspicere,

2303 1752 2556 1806 discutiat
2580 1755 2722 1820 apud
2747 1766 2805 1805 se
2841 1752 2929 1820 qui
2956 1750 3084 1820 legit
3115 1748 3420 1816 diligentius
3446 1757 3499 1799 et
3529 1753 3859 1814 pertractet;

2304 1859 2332 1896 a
2386 1845 2538 1897 nobis
2584 1853 2761 1897 tamen
2809 1858 2912 1895 non
2968 1850 3220 1909 putentur
3257 1838 3401 1891 velut
3452 1838 3703 1906 dogmata
3743 1851 3864 1891 esse

1459 1951 1524 1990 ne
1568 1935 1710 1990 forte
1733 1975 1749 2000 ,
1796 1935 1940 1988 sicut
1974 1935 2203 1986 diximus
2236 1935 2275 1987 Β
2305 1934 2530 2002 prolata,
2567 1936 2659 1988 sed
2690 1932 2950 1986 tractandi
2982 1945 3127 1982 more
3170 1945 3238 1982 ac-
3277 1929 3585 1994 requirendi
3607 1943 3727 1985 esse
3742 1927 3855 1985 dis-

2306 2043 2452 2083 cuss.
2536 2025 2712 2078 Addat
2743 2032 2920 2080 autem
2945 2031 2999 2074 et
3041 2021 3141 2073 hoc
3169 2019 3258 2088 qui
3297 2020 3424 2089 legit
3449 2021 3513 2072 ad
3549 2026 3864 2090 tractatum,

2305 2114 2442 2182 quod
2479 2114 2641 2168 etiam
2671 2115 2737 2165 de
2762 2112 3058 2165 Salvatoris
3091 2110 3265 2163 anima
3289 2126 3353 2164 ex
3392 2111 3476 2164 his
3499 2110 3714 2178 quidem
3741 2125 3864 2176 qua:

2307 2204 2356 2256 in
2416 2202 2698 2271 Evangelio
2739 2201 2938 2267 scripta
2995 2209 3139 2262 sunt,
3164 2201 3525 2263 observatur,
3572 2201 3710 2267 quod
3759 2198 3864 2252 alia

2305 2302 2429 2346 sunt
2462 2307 2582 2360 qua:
2615 2291 2660 2342 ei
2690 2291 2789 2343 sub
2820 2291 3009 2343 animae
3041 2290 3258 2343 nomine
3288 2290 3654 2353 ascribuntur,
3683 2299 3736 2342 et
3761 2290 3866 2344 alia

2306 2379 2426 2452 qua!
2472 2383 2570 2434 sub
2607 2381 2842 2450 Spiritus
2895 2382 3111 2435 nomine
3144 2383 3491 2448 deputantur.
3561 2378 3691 2432 Nam
3740 2397 3863 2434 eum

2308 2470 2613 2537 passionem
2652 2469 2889 2538 aliquant
2924 2471 3006 2523 vel
3041 2468 3498 2539 perturbationem
3531 2471 3613 2523 sui
3645 2470 3869 2524 vultin-

2307 2564 2506 2625 dieare,
2548 2563 2646 2614 sub
2674 2563 2867 2615 anin’tze
2917 2561 3130 2614 nomine
3160 2559 3383 2624 indicat,
3436 2569 3493 2613 ut
3546 2576 3665 2613 cum
3700 2561 3868 2618 dicit;

2312 2672 2330 2704 ι
2373 2653 2523 2708 Nunc
2548 2652 2722 2706 anima
2758 2668 2871 2705 mea
2899 2652 3103 2704 turbata
3132 2636 3347 2717 est'",t
3381 2661 3432 2704 et
3460 2669 3471 2702 :
3508 2668 3530 2703 ι
3567 2649 3761 2702 Tristis
3788 2659 3872 2705 est

2307 2747 2486 2800 anima
2519 2761 2635 2800 mea
2672 2759 2840 2810 usque
2869 2742 2934 2793 ad
2973 2751 3196 2795 mortent
3227 2741 3292 2805 ⁷⁸,
3340 2761 3357 2792 i
3388 2751 3476 2794 et:
3515 2759 3534 2792 ι
3571 2740 3739 2794 Nemo
3769 2721 3867 2793 tol-

2308 2839 2362 2890 lit
2404 2837 2639 2890 animam
2662 2848 2833 2886 meam
2855 2829 2986 2901 (66);
3009 2833 3100 2885 sed
3120 2845 3218 2900 ego
3241 2845 3383 2900 pono
3409 2845 3526 2884 eam
3545 2830 3643 2882 abs
3666 2830 3827 2884 me".
3844 2847 3863 2882 ι

2309 2929 2362 2982 lu
2401 2941 2592 2980 manus
2625 2934 2804 2975 autem
2847 2923 3018 2976 Patris
3061 2921 3404 2975 con‘imeodat
3448 2934 3554 2972 non
3602 2921 3864 2992 animam,

2311 3016 2400 3070 sed
2431 3015 2708 3082 spiritum;
2759 3023 2810 3065 et
2840 3028 2959 3064 cum
2990 3026 3206 3065 carnem
3241 3009 3383 3062 dicat
3431 3007 3721 3074 infirmam,
3757 3024 3862 3063 non

2310 3107 2545 3158 animum
2574 3114 2874 3170 promptam
2911 3101 3064 3161 dicit,
3107 3100 3198 3152 sed
3231 3098 3514 3166 spiritum;
3548 3101 3686 3152 unde
3715 3099 3866 3152 vide-

2315 3207 2398 3250 tur
2421 3198 2568 3264 quasi
2600 3197 2832 3248 medium
2856 3193 3122 3261 quoddam
3146 3204 3264 3243 eSsc
3288 3189 3460 3242 anima
3485 3189 3624 3244 inter
3644 3203 3864 3244 carnem

1459 3306 1531 3359 Ex
1567 3305 1762 3372 quilms
1805 3303 1915 3383 (δι)
1959 3303 2207 3355 omnibus
2235 3279 2276 3334 C
2311 3287 2576 3340 infirmam
2605 3294 2659 3338 et
2692 3285 2938 3352 spiritum
2979 3290 3305 3350 promptum.

1461 3397 1586 3448 illud
1604 3396 1812 3448 videtur
1826 3393 2030 3447 ostendi
2043 3394 2206 3458 ,quod

1461 3501 1611 3540 mens
1638 3487 1704 3539 de
1737 3495 1877 3538 statu
1902 3500 1998 3539 suo
2030 3501 2092 3538 ac
2126 3487 2204 3538 di-

1460 3582 1664 3651 gnitate
1687 3580 1984 3646 declinans,
2019 3579 2208 3634 effecta

1460 3676 1543 3730 vel
1573 3685 1874 3743 nuncupata
1905 3676 2205 3739 estanima;

1459 3782 1580 3837 qua:
1611 3766 1655 3819 si
1681 3777 1926 3835 reparata
1952 3766 2114 3818 fuerit
2152 3775 2209 3819 et

1462 3871 1730 3921 correcta,
1765 3862 1905 3915 redit
1939 3863 1988 3914 in
2021 3860 2122 3913 hoc
2154 3869 2208 3912 ut

1463 3957 1533 4010 sit
1557 3972 1726 4009 mens.
1776 3976 1792 3983 ο

1245 4104 1437 4144 νειιειο
1465 4104 1608 4142 HIEB.

716 4203 735 4227 ⁶
754 4202 914 4266 Νοῦς,
935 4205 989 4256 id
1007 4213 1103 4267 est,
1136 4198 1544 4256 mensrorruem
1561 4200 1700 4268 facta
1720 4210 1793 4253 est
1811 4200 2008 4262 anima,
2030 4207 2077 4253 et
2093 4216 2209 4252 rur-

646 4306 760 4344 sum
781 4295 1244 4345 an'ma'instructo
1276 4292 1562 4343 rirtutibus
1594 4307 1735 4342 mens
1761 4290 1869 4354 (iet.
1902 4289 2116 4354 Quatlet
2148 4292 2209 4344 de

645 4383 819 4434 animo
839 4379 977 4433 Esau
994 4391 1284 4434 scrutantes
1301 4398 1572 4449 possumus
1587 4381 1833 4442 invenire,
1853 4384 2210 4448 propteranti-

645 4489 751 4540 qua
772 4483 979 4540 peccata
1006 4488 1120 4524 eum
1168 4474 1220 4523 in
1250 4473 1493 4525 deteriori
1521 4475 1624 4524 vita
1651 4489 1760 4524 esse
1785 4473 2112 4524 damnatum.
2144 4471 2208 4524 Et

645 4566 710 4617 de
730 4565 1013 4616 ca'lestibus
1031 4565 1389 4632 requirendum
1415 4575 1509 4626 est,
1523 4565 1657 4631 quod
1677 4550 1775 4617 non
1793 4580 1850 4616 eo
1871 4572 2094 4629 tempore
2114 4580 2210 4630 quo

2379 3377 2432 3431 5.
2465 3377 2568 3430 Sed
2601 3375 2851 3428 fortassis
2874 3381 3122 3424 occurrat
3162 3370 3311 3422 nobis
3343 3369 3538 3437 aliquis
3566 3383 3630 3423 ex
3665 3369 3750 3424 his
3779 3359 3868 3424 Ide

2309 3467 2503 3534 quibus
2541 3464 2637 3533 ipsi
2676 3464 2726 3515 iu
2763 3461 2962 3514 nostris
2989 3459 3445 3527 propositionibus
3466 3459 3863 3521 admonuimus,

2309 3568 2362 3611 et
2397 3549 2591 3640 dicati;
2618 3551 2896 3618 Quomodo
2929 3563 3056 3617 ergo
3099 3549 3259 3600 etiam
3295 3546 3381 3599 Dei
3414 3547 3593 3600 anima
3625 3545 3867 3601 dicitur?

2309 3645 2404 3700 Cui
2443 3637 2885 3714 respOndebimus
2943 3640 3041 3693 hoc
3092 3639 3282 3691 modo:
3332 3637 3457 3705 quia
3493 3637 3632 3692 sicut
3678 3637 3861 3691 omnia

2311 3755 2430 3807 qua:
2479 3734 2837 3805 corporaliter
2863 3731 2971 3802 (67)
3004 3732 3067 3783 de
3105 3732 3208 3783 Deo
3237 3728 3518 3792 dicunturj,
3541 3753 3549 3760 -
3570 3729 3620 3782 id
3668 3738 3752 3783 est
3781 3728 3865 3782 vel

2310 3831 2490 3899 digiti,
2524 3828 2607 3880 vel
2652 3838 2864 3883 manus,
2903 3822 2984 3875 vel
3017 3821 3256 3881 brachia,
3293 3820 3372 3873 vel
3406 3819 3547 3872 oculi
3572 3858 3587 3882 ,
3618 3817 3697 3872 vel
3746 3833 3862 3886 pes,

2311 3925 2391 3975 vel
2422 3937 2502 3987 os,
2533 3920 2886 3974 dieimusnon
2913 3913 3023 3966 haec
3059 3913 3286 3965 humana
3325 3913 3585 3969 tncmbra.
3619 3912 3710 3965 sed
3752 3912 3865 3964 vir-

2312 4022 2450 4065 tutes
2478 4008 2591 4076 ejus
2613 4005 2871 4075 quasdam
2903 4005 2952 4053 in
2983 4003 3064 4054 his
3096 4016 3476 4066 corporeorum
3502 3999 3860 4054 membrorum

2311 4101 2753 4172 appellationilnts
2783 4095 3039 4159 indicari;
3089 4094 3159 4144 ita
3194 4101 3246 4146 et
3301 4107 3420 4146 esse
3461 4092 3661 4159 aliquid
3717 4077 3860 4146 aliud

2312 4195 2605 4266 putandum
2658 4199 2777 4254 est,
2838 4187 2976 4256 quod
3031 4183 3139 4256 (68)
3187 4179 3546 4254 appellatione
3600 4185 3698 4238 hac
3744 4198 3865 4254 qua:

2311 4290 2483 4340 anima
2521 4285 2610 4338 Dei
2662 4283 2880 4346 dicitur,
2926 4279 3213 4331 indicatur.
3263 4278 3395 4330 Etsi
3429 4278 3507 4330 fas
3545 4285 3626 4331 est
3663 4279 3863 4331 audere

2312 4396 2409 4433 nos
2449 4382 2498 4430 in
2555 4375 2644 4428 tali
2694 4388 2749 4426 re
2804 4370 3034 4438 amplius
3064 4369 3262 4436 aliquid
3317 4369 3498 4422 dicere
3527 4367 3666 4439 (69).
3693 4376 3866 4436 potest

2315 4471 2543 4523 fortasse
2575 4465 2752 4518 anima
2790 4463 2883 4516 Dei
2924 4462 3146 4532 intelligi
3180 4459 3484 4530 unigenitus
3527 4459 3694 4514 Filius
3725 4460 3863 4528 ejus.

2315 4567 2467 4615 Sicut
2492 4560 2634 4613 enim
2677 4557 2854 4609 anima
2885 4570 2979 4625 per
3008 4569 3168 4609 omne
3211 4566 3406 4620 corpus
3437 4546 3638 4605 inserta
3687 4559 3866 4604 movet

644 4655 817 4722 factus
849 4667 918 4706 est
948 4658 1190 4715 mundus,
1217 4655 1341 4707 solis
1374 4656 1549 4706 animo
1574 4694 1588 4714 ,
1622 4656 1697 4706 rel
1726 4657 2066 4721 quodcunque
2092 4670 2202 4705 eum
2242 4625 2285 4680 υ
2314 4653 2494 4705 omnia
2529 4658 2584 4702 et
2615 4647 2780 4718 agitat
2812 4662 2931 4716 quae
2948 4656 3202 4714 operatur
3231 4637 3515 4704 universa;
3555 4642 3626 4693 ita
3663 4651 3717 4694 et
3741 4640 3867 4694 uni-

643 4745 900 4812 appelluri
933 4754 1150 4807 oportet,
1186 4762 1293 4796 esse
1318 4744 1548 4810 cmperit,
1581 4742 1670 4794 sed
1708 4753 1985 4810 antequam
2025 4742 2200 4796 lucens

645 4832 774 4883 illud
801 4844 847 4884 et
894 4835 1083 4884 ardens
1115 4850 1300 4899 corpus
1338 4833 1578 4885 infraret.
1607 4830 1680 4883 De
1720 4831 1844 4882 luna
1863 4843 1908 4882 et
1947 4830 2106 4882 stellis
2133 4832 2246 4880 δεῖ-⁸

644 4925 836 4977 militer
881 4927 1164 4978 sentiamus
1193 4969 1207 4992 ,
1242 4929 1380 4992 quod
1425 4942 1488 4979 ex
1543 4925 1716 4992 causis
1771 4922 2203 4990 prwccdeutibus,

689 5034 762 5074 ·”¹⁶
801 5035 964 5090 Eccli.
997 5051 1070 5102 vr,
1101 5037 1156 5089 4.

648 5117 703 5166 κ,
745 5103 832 5162 18.

718 5261 831 5343 (fit)
869 5261 952 5315 Ibi
965 5277 1187 5343 {animo
1235 5269 1377 5317 mata
1417 5267 1605 5343 perdit.
1651 5248 1922 5343 Stczmss.
1955 5263 2011 5315 lu
2044 5260 2202 5343 editis

657 5349 674 5380 ι
720 5328 847 5404 ibi)
879 5328 1164 5404 omittitur,
1193 5345 1248 5404 et
1277 5349 1376 5404 pro
1413 5328 1430 5383 ἆ
1461 5335 1598 5388 mala
1639 5354 1657 5386 ι
1694 5333 1887 5404 legitur
1928 5352 1946 5384 ‹
1985 5328 2146 5386 male.
2181 5350 2199 5404 ι

724 5398 831 5470 (6'2)
861 5402 1022 5468 Παρὰ
1045 5402 1158 5470 τὴν
1179 5403 1545 5465 ἀπόπτωσιν,
1569 5415 1677 5458 etc.
1710 5398 1832 5457 Hice
1851 5404 2121 5470 habentur
2143 5401 2206 5450 ad

653 5468 857 5522 calcem
885 5468 1444 5539 cpistolze-Justiniani
1476 5474 1542 5525 ad
1571 5473 1798 5537 Monam,
1820 5468 2002 5539 Latina
2024 5479 2205 5522 atttcm

657 5535 1038 5610 interpretatio
1071 5545 1266 5607 partim
1299 5551 1481 5594 exstat
1527 5542 1577 5604 in
1622 5535 1853 5610 cpistola
1899 5539 2207 5610 Hieronymi

2316 4744 2526 4809 genitus
2553 4739 2718 4793 Filius
2742 4737 2852 4800 Dci,
2873 4739 2962 4807 qui
2994 4745 3074 4790 est
3099 4733 3332 4788 Verbum
3355 4742 3410 4785 et
3436 4731 3696 4797 sapientia
3720 4730 3858 4798 ejus,

2315 4826 2569 4896 pertingit
2594 4834 2648 4879 et
2671 4826 2915 4893 pervenit
2936 4823 3000 4876 ad
3022 4834 3238 4874 omnem
3269 4819 3522 4870 virtutem
3551 4817 3664 4882 Dei,
3694 4817 3866 4871 inser-

2316 4929 2398 4971 tus
2459 4914 2532 4967 ei.
2589 4911 2654 4966 Et
2709 4911 2953 4966 fortassis
3006 4903 3073 4959 ob
3127 4900 3284 4970 hujus
3343 4904 3665 4956 sacramenti
3716 4904 3858 4957 indi-

1235 5041 1276 5068 “
1320 5039 1514 5092 Ezech.
1539 5051 1696 5091 xvm.
1722 5035 1775 5089 4.
1837 5035 1884 5064 ⁷¹
1915 5031 2061 5087 Psal.
2091 5046 2200 5084 exn

2306 5033 2330 5083 ’.
2389 5028 2434 5060 ⁷³
2485 5026 2641 5083 Joan.
2672 5043 2771 5094 xu,
2805 5027 2915 5088 27.⁴
2968 5025 3012 5057 ⁷⁸
3050 5023 3238 5077 Matth.
3274 5034 3423 5084 xxvi,
3457 5017 3544 5073 58.
3622 5017 3668 5050 "
3701 5015 3883 5083 πίοιμι,

2371 5253 2480 5324 (es)
2519 5228 2653 5324 vita;
2683 5251 2719 5303 l.
2753 5263 2791 5302 ιι
2823 5243 3150 5324 augentem,
3180 5256 3232 5308 q.
3269 5240 3322 5302 6.
3353 5257 3405 5294 η.
3446 5240 3586 5324 ιὲιεει
3625 5240 3789 5324 is...

2369 5311 2478 5398 (66)
2520 5321 2585 5398 Et
2623 5335 2771 5374 neuio
2823 5311 2964 5398 tollit
2991 5314 3221 5398 animant
3271 5326 3458 5398 meant.
3515 5311 3850 5398 Hzeeietiam

2298 5383 2492 5450 destitit
2535 5383 2598 5446 in
2641 5399 2798 5444 antea
2836 5386 3022 5445 editis,
3069 5383 3162 5436 sed
3211 5383 3261 5435 in
3295 5383 3545 5438 omnibus
3589 5385 3854 5443 habentur

2274 5517 2276 5519 ,
2300 5480 2428 5519 mss.

2366 5532 2474 5606 (67)
2504 5528 2889 5598 Corporaliter.
2915 5526 3072 5580 Deest
3117 5522 3169 5575 in
3203 5530 3356 5575 antea
3386 5521 3566 5588 editis,
3613 5521 3706 5586 sed
3755 5520 3852 5574 ha-

658 5611 721 5659 ad
753 5609 987 5672 Avitum,
1021 5605 1086 5663 es
1135 5627 1238 5679 qua
1273 5612 1450 5681 palam
1481 5621 1564 5664 est
1601 5605 1767 5665 multa
1822 5612 2075 5664 [inlinunt
2105 5605 2214 5661 'in-
2298 5605 2550 5681 betur‘in‘
2575 5617 2704 5681 ipss.

661 5682 1005 5744 terpt'etando
1026 5683 1290 5734 omisisse.
1384 5720 1392 5728 -
1696 5733 1702 5740 .

733 5749 845 5828 (ϋό)
878 5745 1315 5828 Participatioue.
1349 5749 1511 5803 Deest
1558 5748 1610 5802 in
1665 5757 1820 5803 antea
1851 5751 2031 5817 editis,
2086 5749 2187 5803 lice

663 5819 961 5884 reperiatur
993 5819 1044 5869 in
1069 5821 1314 5876 omnibus
1344 5833 1478 5872 mss.

736 5883 1008 5960 (6‘)_Yide
1032 5889 1064 5938 l.
1101 5903 1136 5940 tl
1172 5887 1500 5955 migratum,
1525 5903 1575 5956 q.
1611 5885 1664 5952 6,
1695 5902 1746 5939 rt.
1778 5884 1831 5937 4.

2758 5666 2924 5744 aliud.
2948 5666 3232 5744 putandum
3273 5642 3528 5733 estquod.
3578 5658 3849 5744 Sicimss.

2301 5727 2417 5796 Lib.
2446 5727 2571 5794 vero
2599 5727 2749 5803 editi,
2787 5756 2803 5786 ι
2837 5736 2978 5790 aliud
3009 5733 3306 5806 putandum
3330 5727 3413 5789 est
3433 5745 3595 5805 quam
3634 5727 3846 5799 quodn

2303 5824 2483 5948 elc(iiii)
2518 5877 2688 5933 Caute
2714 5875 2852 5947 lege.
