4136 6310
670 546 777 604 est
1226 580 1235 584 -
1875 525 1880 530 ’
1913 539 2227 597 omcems

2286 541 2420 595 IRPI
2454 541 2680 598 APXQN
3744 535 3853 596 229

677 683 782 720 non
807 667 948 720 aliud
987 674 1250 734 estquam
1279 663 1413 719 cﬂlci
1446 664 1497 718 in
1534 657 1693 719 malo.
1725 661 1944 718 Certum
1985 677 2214 731 namque
2244 669 2290 726 Α
2315 672 2371 715 et
2407 678 2460 715 tn
2494 660 2796 716 hominibus
2825 661 3110 716 invenitur.
3138 661 3279 715 Sane
3323 661 3593 731 apostolus
3642 636 3852 718 Paulus

675 765 758 809 est
792 755 984 808 ntalem
1015 763 1134 808 esse
1175 758 1316 808 bono
1355 769 1562 809 carere.
1593 754 1669 808 Ex
1691 769 1797 822 quo
1820 745 2031 817 accidit,
2061 754 2210 808 utin
2237 765 2253 807 ἢ
2316 765 2435 804 esse
2485 752 2730 820 quaedam
2767 751 2926 805 etiam
2965 751 3174 831 inferna
3225 741 3488 820 designat,
3521 761 3576 807 et
3611 754 3662 806 in
3712 755 3848 823 ipsis

676 855 873 912 quanta
905 859 1151 898 mensura
1183 845 1301 913 quis
1345 845 1727 898 devolveretur
1763 861 1792 898 a
1826 834 1982 908 bono,
2017 847 2068 899 in
2097 854 2211 898 tan-

678 942 787 989 tain
849 951 1149 989 mensuram
1205 935 1424 989 malitia:
1457 927 1782 990 idevenirct.
1837 935 1892 988 ln
1945 951 2053 1004 quo
2101 938 2209 989 utl-

669 1039 783 1092 que
810 1024 921 1096 (δί)
952 1041 1048 1094 pro
1075 1026 1302 1080 molibus
1332 1028 1442 1080 suis
1471 1041 1795 1094 unaqumque
1822 1040 1971 1080 mens
1997 1025 2079 1078 vel
2105 1041 2213 1078 am-

681 1116 841 1181 plius,
870 1117 950 1168 vel
985 1117 1196 1184 parcius
1223 1117 1334 1187 (83)
1367 1119 1558 1170 bonum
1595 1117 1890 1186 negligens,
1923 1117 1976 1169 in
2000 1126 2212 1171 contra-

681 1208 824 1260 rium
854 1208 976 1259 boni
1007 1208 1147 1274 quod
1181 1209 1297 1261 sine
1332 1210 1492 1262 dubio
1521 1208 1714 1262 malum
1747 1216 1847 1270 est,
1879 1201 2209 1262 trahebatur.

681 1296 755 1349 Ex
788 1312 891 1364 quo
921 1299 1131 1350 videtur
1163 1299 1366 1351 semina
1399 1299 1638 1366 quaedam
1673 1308 1726 1375 et
1751 1313 1939 1351 causas
1976 1298 2211 1350 varieta-

669 1389 748 1443 .tis
780 1403 840 1439 ac
873 1389 1196 1441 diversitatis
1227 1388 1310 1442 ille
1339 1391 1579 1442 omnium
1629 1390 1870 1443 conditor
1915 1386 2208 1456 accc-pisse,

681 1487 736 1529 ιιι
780 1492 876 1543 pro
917 1478 1227 1531 diversitate
1267 1481 1541 1541 mentium,
1575 1478 1625 1532 id
1661 1487 1766 1542 est,
1810 1477 2209 1530 rationabilium

680 1573 1071 1629 creaturarum,
1099 1581 1258 1635 quam
1299 1567 1660 1638 diversitatem
1683 1582 1745 1620 ex
1771 1581 1831 1619 ea
1861 1581 2019 1620 causa
2051 1581 2208 1634 quam

633 1710 639 1716 ,
680 1656 923 1724 superius
944 1658 1193 1722 diximus,
1233 1659 1477 1723 putanda:
1499 1667 1624 1709 sunt
1659 1658 1986 1723 concepisse,
2008 1656 2209 1710 varium

682 1760 745 1798 ac
767 1747 1028 1798 diversum
1053 1747 1301 1798 mundum
1325 1745 1704 1811 crearet.()uod
1727 1753 1900 1801 autem
1923 1746 2124 1799 varium
2148 1759 2212 1799 ac

680 1825 949 1889 diversum
984 1836 1225 1900 dicimus,
1260 1839 1358 1889 hoc
1385 1845 1466 1890 est
1503 1837 1641 1905 quod
1685 1827 2207 1891 volttmus'iudieare.

750 1928 802 1980 ὅ.
834 1926 1082 1979 Mundum
1120 1941 1259 1979 nunc
1287 1925 1533 1988 dicimus,
1563 1941 1720 1979 omne
1751 1926 1890 1993 quod
1920 1934 2002 1979 est
2049 1942 2212 1995 super

2315 842 2476 920 simili
2505 845 2661 896 modo
2696 844 2812 897 sine
2841 843 3002 896 dubio
3033 842 3308 896 varietatis
3336 857 3497 896 causa
3522 845 3848 913 requirenda

2313 928 2415 986 est.
2450 932 2523 986 De
2551 933 2712 986 mutis
2737 948 2864 986 vero
2886 924 3205 986 animalibus
3230 944 3283 987 et
3325 932 3656 1000 volucribus,
3689 943 3849 1002 atque

2315 1023 2381 1077 de
2400 1024 2486 1077 bis
2516 1038 2635 1092 qua:
2670 1024 2722 1077 in
2759 1025 2914 1092 aquis
2935 1025 3196 1086 habitant,
3229 1024 3499 1090 requirere
3524 1021 3840 1091 superﬂuum

2318 1114 2566 1167 videtur:
2595 1130 2720 1167 cum
2755 1116 2867 1169 haec
2903 1130 3005 1167 non
3033 1113 3365 1183 principalia,
3397 1107 3843 1184 sed'consequen-

2317 1205 2390 1259 tia
2427 1207 2595 1274 accipi
2627 1207 2822 1260 debere
2854 1216 3056 1260 certum
3086 1206 3176 1258 sit.
3494 1206 3524 1237 -'

2381 1295 2460 1348 4.‘
2489 1295 2748 1362 Quoniam
2793 1310 2922 1364 ergo
2974 1295 3148 1348 omnia
3200 1310 3318 1364 quae
3367 1295 3507 1350 facta
3564 1303 3710 1361 sunt,
3749 1310 3849 1365 per

2315 1383 2585 1440 Christum
2638 1396 2691 1440 et
2747 1387 2798 1439 in
2852 1385 3066 1439 Christo
3095 1385 3235 1438 facta
3283 1400 3400 1440 esse
3430 1387 3682 1442 dicuntur
3710 1385 3858 1457 (87),

2317 1477 2460 1533 sicut
2493 1485 2547 1530 et
2575 1476 2848 1542 apostolus
2899 1475 3090 1530 Paulus
3141 1475 3574 1530 manifestissime
3606 1476 3850 1544 designat

2314 1567 2537 1620 dicens:
2579 1565 2885 1632 «Quoniam
2939 1565 2993 1619 itt
3044 1567 3159 1633 ipso
3211 1575 3267 1620 et
3316 1579 3414 1633 per
3466 1566 3638 1632 ipsum
3667 1573 3847 1618 creata

2314 1666 2440 1710 sunt
2488 1657 2690 1720 omnia,
2725 1657 2834 1711 sive
2889 1673 3004 1723 qua:
3039 1657 3090 1709 in
3125 1656 3261 1711 ctelo
3308 1663 3451 1719 sunt,
3485 1655 3600 1709 sive
3632 1669 3748 1722 qua:
3795 1655 3850 1707 in

2316 1752 2481 1807 terra,
2508 1745 2737 1800 visibilia
2790 1756 2846 1799 et
2897 1746 3210 1810 invisibilia,
3236 1747 3348 1800 sive
3381 1745 3580 1810 throni,
3609 1746 3720 1799 sive
3752 1759 3851 1813 po-

2317 1847 2552 1902 testates,
2585 1840 2698 1893 sive
2744 1839 3097 1907 principatus,
3123 1838 3236 1892 sive
3276 1838 3704 1901 dominationes;
3735 1852 3853 1890 om-

2316 1913 2407 1980 nia
2439 1941 2533 1994 per
2563 1926 2814 1994 ipsumet
2855 1926 2907 1979 in
2938 1926 3052 1993 ipso
3083 1935 3260 1982 creata
3291 1925 3493 1978 sunt“.
3520 1944 3540 1976 ι
3571 1924 3676 1978 Sed
3705 1933 3758 1978 et
3792 1924 3846 1977 in

682 2016 869 2076 eteius,
904 2015 984 2068 vel
1018 2013 1070 2066 in
1119 2015 1293 2076 cmlis,
1334 2014 1416 2067 vel
1452 2028 1610 2081 super
1647 2023 1873 2077 terram,
1896 2015 1976 2067 vel
2022 2017 2074 2069 in
2130 2017 2214 2071 his
2248 2000 2288 2056 Β
2317 2015 2611 2083 Evangelio
2642 2005 2872 2068 Ioannes
2905 2013 3254 2067 nihilominus
3276 2012 3465 2067 eadem
3488 2011 3741 2076 ostendit,
3774 2009 3852 2063 di-

683 2107 770 2174 qui
799 2105 953 2158 inferi
985 2104 1094 2177 (84)
1128 2104 1591 2174 appellantnr,.vel
1632 2120 1956 2174 quacunque
1986 2121 2209 2175 usquam

684 2210 907 2265 prorsus
938 2194 1051 2248 loca
1082 2203 1228 2256 sunt,
1259 2203 1310 2247 et
1344 2193 1395 2246 hi
1421 2195 1508 2259 qui
1541 2194 1592 2245 in
1635 2193 1763 2261 ipsis
1803 2196 1996 2261 degere
2039 2195 2212 2247 nomi-

683 2296 896 2339 nantur.
925 2284 1114 2337 Totttm
1153 2284 1440 2352 ergohoc,
1481 2285 1708 2358 mundus
1743 2295 1985 2336 vocatur.
2023 2283 2076 2336 In
2105 2299 2211 2352 quo

687 2374 882 2429 mundo
910 2376 1162 2442 quaedam
1209 2367 1625 2427 dicuntnr'essn
1673 2373 2099 2442 superccefestia,
2158 2375 2210 2427 id

681 2474 786 2527 est,
815 2465 867 2517 in
901 2452 1314 2517 habitationibus
1353 2463 1679 2516 beatioribus
1711 2464 1903 2530 posita,
1938 2474 1992 2516 et
2025 2475 2214 2531 corpo-

685 2553 829 2617 ribus
847 2551 1240 2604 cmlestioribus
1267 2564 1328 2602 ac
1358 2549 1846 2617 splendentioribus
1872 2551 2050 2603 induta
2078 2549 2210 2623 (85),

682 2652 737 2696 et
769 2644 819 2694 in
847 2644 928 2694 bis
953 2643 1080 2708 ipsis
1106 2639 1286 2695 multa:
1311 2638 1624 2693 differentias
1653 2642 2028 2706 ostenduntur;
2053 2642 2210 2713 sicut,

684 2729 836 2782 verbi
858 2745 1046 2794 causa,
1076 2732 1233 2782 etiam
1264 2730 1542 2797 Apostolus
1575 2729 1721 2792 dicit,
1754 2730 1894 2799 quod
1949 2747 1966 2779 t
1991 2731 2092 2783 alia
2144 2731 2214 2783 sit

684 2819 856 2886 gloria
885 2819 1034 2880 solis,
1058 2817 1156 2870 alia
1191 2819 1342 2881 lttnaa,
1379 2819 1482 2872 alia
1516 2802 1686 2889 gloria
1716 2820 2022 2885 stellarum;
2053 2820 2200 2875 stella

681 2909 824 2960 enim
875 2923 904 2960 a
946 2908 1098 2960 stella
1154 2907 1332 2962 diﬂ'ert
1381 2908 1432 2961 itt
1485 2909 1716 2978 gloria“
1749 2899 1926 2979 (86):»
1957 2910 2207 2975 Quadam

680 3010 810 3051 vero
846 3008 1056 3052 terrena
1103 2999 1371 3063 dicuntur,
1401 3009 1454 3054 et
1481 3002 1619 3053 inter
1665 2998 1773 3068 ipsa
1807 3017 1909 3054 non
1935 3008 2096 3071 parva
2127 2991 2211 3056 est

683 3089 998 3154 differentia,
1033 3089 1082 3142 id
1123 3098 1225 3153 est,
1258 3093 1400 3143 inter
1443 3091 1717 3156 homines;
1741 3092 1833 3146 alii
1866 3107 2096 3162 namque
2123 3107 2221 3146 eo-

684 3197 801 3235 rum
840 3181 952 3252 98
996 3182 1234 3246 barbari,
1258 3182 1348 3234 alii
1377 3181 1579 3247 Graeci;
1606 3191 1660 3237 ct
1713 3183 2060 3238 barbarorum
2087 3185 2228 3253 qui--

2313 2119 2438 2159 cens
2469 2122 2484 2158 :
2521 2122 2540 2154 ι
2565 2103 2620 2156 1η
2645 2105 2906 2174 principio
2950 2113 3067 2158 erat
3117 2103 3365 2168 Verbum,
3396 2112 3451 2157 et
3475 2101 3700 2156 Verbum
3728 2109 3852 2154 erat

2312 2195 2452 2263 apud
2507 2194 2689 2257 Deum,
2735 2205 2789 2248 et
2829 2195 2967 2249 Deus
3003 2202 3126 2248 erat
3174 2193 3442 2256 Verbum;
3497 2193 3596 2250 hac
3647 2200 3759 2245 erat
3794 2191 3849 2243 in

2313 2283 2576 2354 principio
2606 2285 2744 2352 apud
2778 2286 2939 2338 Deum
2967 2284 3112 2355 (88);
3145 2285 3320 2339 omnia
3356 2298 3452 2351 per
3491 2285 3665 2350 ipsum
3695 2279 3838 2334 facta

2313 2386 2457 2439 sunt,
2496 2385 2552 2429 et
2598 2376 2724 2428 sine
2761 2377 2875 2442 ipso
2922 2375 3120 2430 factum
3165 2385 3250 2428 est
3279 2370 3500 2427 'nthil".
3525 2392 3543 2423 ι
3585 2371 3688 2425 Sed
3710 2379 3765 2424 et
3793 2373 3843 2422 in

2312 2465 2519 2535 psalmo
2561 2455 2818 2532 scriptum
2848 2475 2928 2520 est
2956 2466 3078 2534 quia
3114 2463 3336 2520 tOmnia
3387 2465 3438 2517 in
3474 2462 3731 2532 sapientia
3779 2461 3840 2516 fe-

2313 2554 2517 2610 cisti”.
2545 2573 2563 2605 ι
2599 2553 2734 2621 Quia
2767 2571 2897 2624 ergo
2921 2555 3173 2609 Christus
3207 2555 3348 2608 sicut
3380 2553 3613 2609 Verbum
3661 2563 3713 2608 et
3759 2567 3848 2606 sa-

2315 2646 2514 2715 pientia
2546 2655 2651 2712 est,
2683 2647 2756 2700 ita
2787 2647 2946 2699 etiam
2987 2645 3198 2714 justitia
3243 2654 3343 2709 est,
3370 2660 3703 2714 consequens
3731 2647 3850 2701 sine

2314 2736 2475 2790 dnbio
2497 2735 2621 2800 erit,
2656 2745 2713 2788 ut
2763 2750 2826 2788 ea
2869 2749 2986 2804 quae
3030 2736 3081 2788 in
3127 2733 3302 2788 Verbo
3331 2744 3384 2789 et
3414 2735 3676 2804 sapientia
3705 2735 3846 2790 facta

2315 2834 2460 2890 sunt,
2493 2825 2654 2879 etiam
2693 2839 2753 2878 ea
2792 2825 2844 2878 iu
2867 2824 3073 2892 justitta
3119 2839 3236 2893 qua:
3283 2835 3367 2879 est
3411 2827 3690 2890 Christus,-
3710 2825 3850 2898 facta

2313 2932 2435 2972 esse
2479 2917 2732 2969 dicantur
2759 2914 3070 2985 (89);-quod
3105 2905 3313 2969 scilicel
3343 2915 3395 2968 in
3433 2916 3515 2970 his
3544 2931 3662 2984 qua:
3707 2916 3847 2969 facta

2315 3017 2460 3072 sunt,
2495 3007 2627 3060 nihil
2669 3008 2944 3076 injustutn.
2983 3007 3110 3060 nihil
3145 3006 3423 3061 fortuitum
3455 3009 3729 3070 videatur,
3754 3008 3848 3072 sed

2313 3099 2488 3153 omnia
2508 3099 2576 3152 ita
2596 3113 2712 3152 esse
2733 3108 2789 3150 ut
2805 3099 3073 3166 aequitatis
3093 3114 3152 3152 ac
3177 3098 3399 3167 justitia:
3427 3099 3603 3162 regula
3625 3099 3849 3168 expetit,

2316 3191 2625 3246 doceantur.
2654 3191 2932 3255 Quomodo
2959 3204 3086 3256 ergo
3111 3197 3254 3241 tanta
3275 3188 3374 3241 ista
3397 3205 3574 3242 rerum
3591 3191 3847 3255 varietas,

684 3273 805 3325 dam
837 3273 1094 3326 immanes
1114 3281 1169 3326 et
1210 3272 1329 3337 feri,
1351 3273 1453 3327 alii
1483 3275 1739 3329 mitiores.
1773 3274 1834 3327 Et
1863 3276 2076 3343 quidam
2100 3277 2214 3343 qui-
2240 3310 2283 3367 ο
2319 3290 2568 3350 tantaque
2599 3282 2877 3334 diversitas
2921 3280 3212 3346 justissima
3257 3291 3310 3335 ct
3359 3283 3658 3350 arquissima
3683 3280 3851 3352 possit

685 3362 804 3415 dem
842 3361 1044 3429 legibus
1087 3361 1486 3431 Probatissimis
1519 3374 1761 3429 utuntur,
1803 3364 1892 3416 alii
1931 3365 2207 3419 vilioribus

685 3453 774 3506 vel
815 3454 1196 3521 asperioribus,
1223 3453 1312 3506 alii
1354 3468 1563 3521 quoque
1595 3455 1898 3508 inhumanis
1930 3465 1985 3509 et
2029 3457 2217 3510 ferinis

685 3533 1122 3612 magis'moribus
1167 3559 1324 3612 quam
1359 3543 1571 3613 legibus
1610 3553 1852 3598 utuntur.
1891 3545 1954 3599 Et
2001 3548 2215 3622 quidam

683 3635 897 3703 quidem
944 3634 1124 3688 statim
1161 3636 1227 3687 ab
1274 3635 1426 3688 initio
1463 3635 1763 3688 nativitatis
1794 3628 1902 3690 sua}
1931 3636 2216 3690 butnilian-
2250 3631 2252 3635 ’

684 3735 794 3788 tur,
829 3732 883 3778 et
915 3723 1140 3792 subjecti
1173 3733 1317 3789 sunt,
1375 3739 1439 3778 ac
1487 3726 1755 3780 serviliter
1782 3727 2096 3791 educantur,
2133 3727 2215 3780 vel

684 3816 785 3869 sub
811 3816 1061 3880 dominis,
1096 3816 1175 3870 vel
1207 3819 1306 3870 sub
1353 3817 1688 3885 principibus
1716 3816 1896 3884 positi,
1931 3817 2012 3869 vel
2040 3825 2219 3888 tyran-

684 3909 910 3972 nis,_alii
953 3916 1079 3962 vero
1112 3907 1351 3975 ,liberius
1381 3919 1435 3961 et
1471 3907 1840 3961 ratiortabilius
1893 3908 2214 3972 educantur,

685 3998 778 4052 alii
801 3999 944 4052 sanis
970 3998 1303 4066 corporibus,
1336 3997 1574 4051 nonnulli
1603 3997 1762 4066 aegris
1787 3997 1967 4052 statim
1990 4013 2020 4052 a
2047 4001 2217 4068 prima

683 4099 862 4152 atate,
896 4088 983 4140 alii
1029 4088 1166 4146 visu,
1195 4085 1282 4138 alii
1349 4086 1532 4139 auditu
1555 4096 1609 4140 et
1647 4103 1777 4142 voce
1819 4089 2051 4156 decepti,
2087 4073 2220 4140 non-

665 4180 812 4234 .nnlli
853 4182 922 4232 ita
973 4179 1106 4244 uati,
1155 4179 1244 4230 alii
1298 4178 1472 4230 statim
1514 4185 1631 4245 pust
1669 4179 1998 4230 ttativ'itatem
2045 4177 2222 4245 hujus-

686 4271 888 4326 cemodi
921 4271 1159 4324 sensibus
1201 4268 1506 4340 defraudati
1531 4307 1546 4332 ,
1580 4269 1662 4320 vel
1706 4279 1850 4321 certe
1885 4267 1995 4334 jam
2038 4267 2216 4321 adulta

685 4369 840 4414 aztate
875 4361 975 4413 tale
1002 4359 1200 4428 aliquid
1222 4359 1402 4426 passi.
1433 4359 1499 4411 Et
1523 4358 1647 4426 quid
1677 4354 1840 4411 refert
1869 4357 2114 4410 evolvere
2137 4371 2218 4412 nte

688 4467 873 4505 omnes
917 4461 1079 4518 atque
1120 4464 1431 4504 enumerare
1459 4450 1816 4502 humanarum
1847 4448 2030 4501 clades
2060 4450 2217 4503 mise-

690 4543 912 4603 riarum,
939 4557 968 4593 a
999 4541 1190 4608 quibus
1220 4539 1308 4592 alii
1338 4541 1513 4604 liberi,
1547 4541 1635 4594 alii
1669 4537 1891 4592 involuti
1915 4549 2058 4602 sunt,
2095 4552 2215 4592 eum

2319 3371 2568 3446 intelligi,
2596 3381 2776 3425 certus
2816 3387 2931 3425 stitit
2976 3371 3209 3425 humano
3247 3371 3454 3438 ingenio
3483 3371 3562 3425 vel
3604 3387 3851 3432 sermone

2297 3461 2566 3528 ,expliCari
2586 3476 2688 3514 non
2708 3475 2876 3527 posse,
2895 3460 2993 3512 nisi
3018 3460 3186 3528 ipsum
3209 3459 3433 3514 Verbum
3453 3476 3513 3514 ac
3531 3464 3848 3530 sapientiam

2315 3561 2370 3604 et
2393 3551 2658 3619 justitiam
2682 3551 2770 3617 qui
2797 3559 2878 3602 est
2905 3551 3211 3618 unigenitus
3244 3549 3411 3604 Filius
3441 3551 3551 3626 Dei,
3582 3552 3843 3622 prostrati

2316 3658 2379 3696 ac
2431 3641 2699 3712 supplices
2750 3642 3119 3710 deprecemur,
3168 3642 3256 3708 qui
3303 3657 3396 3710 per
3440 3644 3662 3711 gratiam
3699 3657 3850 3698 suam

2317 3732 2562 3786 sensibus
2605 3746 2664 3784 se
2705 3731 2904 3784 nostris
2928 3728 3229 3796 infundens,
3259 3733 3486 3785 obscura
3522 3731 3846 3794 illuminare,

2317 3823 2494 3884 rlattsa
2525 3819 2852 3888 patefacere,
2877 3822 3218 3889 pandereque
3265 3821 3511 3888 dignetur
3536 3836 3731 3875 arcana
3766 3823 3850 3876 :si

2320 3918 2499 3962 tamen
2549 3909 2886 3962 inveniamur
2923 3917 3025 3961 tam
3060 3909 3216 3977 digne
3245 3905 3358 3980 (90)
3403 3908 3484 3961 vel
3528 3919 3737 3977 petere,
3764 3908 3850 3962 vel

2318 4013 2575 4067 qumrere,
2601 3998 2682 4051 vel
2709 3997 2939 4066 pulsare,
2971 4005 3027 4050 ut
3058 3997 3140 4050 vel
3175 4007 3414 4065 petentes
3452 4001 3700 4066 accipere
3733 4014 3851 4052 me-

2317 4104 2556 4151 reamur,
2607 4088 2685 4141 vel
2726 4095 3027 4152 quterentes
3079 4081 3340 4150 invenire,
3393 4088 3475 4140 vel
3513 4089 3851 4156 pulsantibus

2314 4179 2563 4247 iubeatur
2610 4180 2825 4246 aperiri.
2880 4179 2992 4231 Non
3043 4193 3172 4247 ergo
3205 4177 3326 4231 freti
3377 4187 3562 4232 nostro
3613 4180 3850 4248 ingenio,

2319 4272 2410 4324 sed
2444 4271 2611 4340 ipsius
2645 4271 2922 4338 sapientiae
2951 4271 3152 4322 auxilio
3185 4283 3302 4337 qua:
3345 4268 3471 4323 fecit
3499 4270 3771 4344 universa,
3797 4281 3854 4326 et

2312 4363 2533 4432 justitia:
2561 4362 2676 4428 ejus
2699 4377 2862 4430 quam
2888 4363 3060 4414 inesse
3103 4361 3366 4414 creaturis
3393 4363 3641 4416 omnibus
3675 4363 3853 4418 credi-

2317 4469 2457 4516 mus,
2487 4453 2698 4505 interim
2733 4452 3217 4504 etiamsiasserere
3252 4465 3353 4503 non
3382 4453 3646 4518 valemus,
3689 4453 3854 4522 ipsius

2322 4549 2498 4594 tamen
2528 4541 2717 4593 confisi
2757 4541 3125 4592 misericordia
3181 4540 3452 4608 inquirere
3495 4528 3852 4611 perscrutari-

688 4632 856 4701 possit
884 4631 1244 4700 unusquisque
1271 4631 1432 4683 etiam
1469 4631 1605 4698 apud
1648 4629 1991 4695 semetipsum
2041 4630 2218 4683 consi-
2251 4630 2291 4683 D
2320 4647 2422 4702 que
2448 4630 2770 4686 tentabimus
2795 4633 3062 4698 quontodo
3096 4631 3194 4684 ista
3230 4639 3378 4685 tanta
3407 4635 3638 4688 varietas
3669 4635 3852 4689 mundi

687 4724 876 4776 derare
913 4721 978 4773 de
1019 4721 1100 4772 his
1143 4721 1368 4787 singulis
1413 4729 1576 4786 atque
1600 4718 1965 4787 perpendere?
1998 4719 2135 4772 Sunt
2163 4731 2216 4773 et

685 4813 929 4884 quaedam
982 4810 1276 4863 invisibiles
1327 4811 1571 4873 virtutes,
1635 4809 1826 4874 quibus
1881 4823 2002 4876 quae
2061 4824 2217 4877 super

689 4914 891 4959 terram
935 4912 1079 4964 sunt,
1122 4900 1472 4968 dispensanda
1501 4899 1788 4953 commissa
1835 4909 1993 4962 sunt;
2031 4909 2216 4952 etnon

689 5009 853 5066 parva
879 4994 1048 5047 etiam
1081 4993 1132 5044 in
1183 4993 1307 5059 ipsis
1331 4991 1628 5046 differentia
1662 4992 1926 5044 credenda
1950 5000 2049 5057 est,
2081 4992 2219 5044 sicut

2323 4734 2479 4791 atque
2502 4721 2806 4784 diversitas,
2829 4721 2976 4776 omni
3007 4721 3216 4788 justitia
3248 4737 3310 4776 ac
3350 4723 3558 4776 ratione
3581 4724 3692 4791 (91)
3720 4739 3852 4778 cono

2323 4823 2465 4867 stare
2508 4814 2771 4867 videatur.
2805 4812 3083 4864 [lationem
3125 4823 3303 4866 autem
3329 4815 3447 4867 dico
3477 4815 3733 4866 duntaxat
3757 4827 3852 4880 ge-

2275 4955 2280 4960 _
2324 4902 2596 4962 neralem;
2633 4916 2754 4954 nam
2801 4903 3081 4970 specialem
3134 4901 3488 4970 singulorum,
3517 4911 3572 4954 et
3614 4914 3854 4977 querere

2325 4991 2550 5059 imperiti
2575 5001 2678 5056 est,
2705 5002 2756 5042 et
2783 4992 3000 5044 reddere
3029 4991 3160 5044 veile
3187 4992 3445 5058 dementis
3471 4998 3578 5044 est.

756 5135 801 5168 ⁸⁸
837 5134 857 5186 ι
899 5136 1019 5188 Cor.
1062 5148 1157 5198 xv,
1214 5133 1303 5186 ill.
1376 5128 1643 5183 “Coloss.
1677 5143 1712 5189 t,
1756 5116 1867 5180 l6.
1914 5128 1957 5163 '1'
1997 5109 2150 5180 Joan.
2176 5142 2214 5188 ι,

2286 5164 2300 5188 ,
2326 5124 2380 5176 2.
2456 5125 2500 5154 ⁸³
2541 5124 2678 5177 Psal.
2709 5140 2828 5189 CIII,
2864 5124 2956 5178 24.

763 5269 870 5338 (82)
905 5269 1032 5323 Vide
1056 5269 1093 5320 l.
1118 5284 1155 5322 tt
1209 5267 1616 5336 0rigenian.,-q.
1649 5267 1733 5328 η.
1763 5283 1814 5319 n.
1842 5267 1896 5318 2.

762 5335 869 5412 (85)
903 5339 1116 5412 Priorcs
1163 5335 1428 5393 editidnes
1479 5339 1734 5393 omittunt
1766 5355 1782 5385 t
1805 5338 1886 5386 vel
1923 5335 2156 5402 parcius,
2187 5353 2202 5383 ι

691 5407 830 5477 quod
852 5407 1073 5477 habetur
1105 5407 1155 5458 in
1185 5422 1314 5458 mss.

760 5478 872 5546 (84)
896 5475 1062 5536 Alias,
1099 5493 1116 5525 t
1142 5490 1299 5540 supra
1332 5483 1527 5528 terram
1549 5475 1632 5530 vel
1660 5476 1711 5527 in
1741 5474 1824 5528 his
1856 5487 1972 5541 qute
1995 5472 2203 5525 inferi.»

692 5546 794 5600 Sed
831 5559 956 5597 mss.
983 5555 1039 5596 ut
1066 5546 1116 5597 in
1152 5557 1330 5597 nostro
1356 5555 1522 5598 textu.

762 5615 870 5682 (85)
908 5615 996 5665 Sic
1022 5630 1148 5668 mss.
1183 5613 1349 5676 Alias,
1385 5631 1402 5662 t
1427 5613 1647 5682 inclyta.
1675 5630 1694 5663 ι

760 5681 872 5755 (86)
907 5683 1068 5755 Alias,
1111 5703 1126 5732 ι
1153 5683 1457 5755 claritate.)
1489 5681 1653 5755 Paulo
1675 5688 1796 5755 post
1821 5689 1979 5755 ‘mss_.,
2011 5681 2104 5755 «id
2137 5689 2218 5732 est

693 5750 829 5808 inter
859 5754 1148 5805 bominesa
1188 5751 1338 5803 Libb.
1375 5752 1524 5813 editi,
1557 5767 1574 5799 t
1599 5751 1736 5802 sicut
1759 5750 1895 5801 inter
1919 5751 2208 5803 homines.»

764 5823 872 5888 (87)
901 5823 989 5875 Sic
1022 5836 1148 5877 mss.
1173 5821 1339 5889 Alias,
1377 5838 1392 5868 t
1418 5820 1798 5888 quotttotlo.....
1834 5817 1970 5871 facta
1993 5834 2111 5874 esse
2135 5820 2209 5870 vi-

693 5892 901 5945 dentur.
918 5906 938 5940 ι
1244 5901 1256 5916 ’

2384 5266 2490 5336 (88)
2514 5263 2576 5320 In
2600 5269 2989 5336 principioiernt
3019 5265 3233 5317 Verbum
3259 5275 3305 5315 et
3340 5264 3554 5318 Verbum
3580 5277 3687 5319 erat
3716 5271 3854 5335 apud

2316 5336 2497 5398 Deum,
2515 5349 2558 5388 et
2581 5338 2714 5388 Deus
2733 5351 2839 5388 erat
2867 5335 3116 5386 Verbum:
3139 5337 3230 5384 hoc
3245 5336 3423 5386 eratin
3441 5338 3694 5402 principio
3718 5354 3853 5400 apua

2319 5404 2500 5456 Deum.
2545 5407 2664 5458 llaec
2701 5406 3077 5457 desiderantur
3115 5404 3166 5454 in
3214 5405 3480 5468 prioribus
3505 5405 3853 5468 editionibus,

2319 5474 2439 5526 licet
2471 5476 2765 5526 habeantur
2794 5474 2844 5524 in
2871 5472 3118 5523 omnibus
3144 5486 3270 5524 mss.
3783 5498 3786 5502 ί

2389 5543 2495 5608 (89)
2534 5545 2622 5595 Sic
2649 5557 2776 5597 mss.
2813 5543 2978 5598 Alias.
3014 5559 3030 5589 ι
3057 5540 3215 5592 etiam
3264 5553 3326 5592 ea
3371 5541 3579 5609 justitia
3626 5554 3744 5608 qua:
3774 5548 3859 5592 est

2322 5611 2374 5661 in
2405 5611 2620 5664 Christo
2652 5612 2788 5663 facta
2819 5623 2936 5663 esse
2971 5609 3240 5660 dicantur.
3269 5627 3288 5660 ι

2393 5679 2500 5744 (90)
2537 5681 2688 5739 Mss.,
2708 5680 3069 5742 ttatndigne.»
3097 5676 3246 5729 Libb.
3274 5677 3426 5743 editi,
3456 5697 3474 5729 t
3499 5692 3616 5730 eam
3643 5677 3856 5744 digner.

2396 5746 2503 5814 (9|)
2537 5748 2623 5799 Sic
2656 5759 2800 5800 recte
2829 5762 2955 5798 mss.
2991 5747 3154 5806 Alias,
3194 5762 3212 5794 t
3237 5748 3471 5798 omnium
3503 5747 3724 5812 iustitiae
3771 5762 3857 5799 ra-

2311 5817 2488 5867 tione.
2521 5835 2539 5865 ι
2594 5817 2759 5870 Paulo
2809 5826 2928 5882 post
2985 5830 3134 5874 mss.,
3175 5826 3273 5867 tet
3316 5829 3559 5881 (ιιιειξτυιέ
3623 5818 3855 5880 imperiti

2325 5895 2456 5941 est.»
2498 5885 2668 5952 Alias,
2702 5905 2719 5935 ι
2741 5896 2795 5940 et
2832 5900 3072 5952 quaerere
3098 5884 3360 5938 rationem
3396 5885 3674 5952 imperitia:
3708 5896 3847 5938 est.»
