4136 6310
268 536 371 590 ses
1569 548 1783 616 χιιιιειι
1825 549 2203 609 SECUNDUS.
3365 569 3472 629 nso

341 637 393 709 ἐ.
421 653 734 710 Dicentibus
766 667 942 713 autem
969 661 1126 716 nobis
1162 665 1418 718 mundum
1443 666 1608 720 istum
1633 669 1686 722 in
1713 671 1813 724 hac
1843 677 1890 734 Α
1922 685 2109 728 natura
2142 675 2334 729 aninue
2375 676 2444 729 ad
2473 686 2686 745 gentem
2731 679 2927 734 malam
2965 681 3291 752 destinetur,
3323 684 3467 745 bona

273 747 531 806 varietate
579 749 837 818 positum,
889 767 994 820 qua
1061 770 1220 822 supra
1268 743 1612 825 exposuimus
1649 778 1677 815 a
1709 762 1817 817 Deo
1917 776 2093 818 autem
2131 767 2195 819 ad
2241 768 2428 830 bonas,
2464 743 2592 836 quid
2644 770 2785 823 aliud
2835 784 3096 838 superest,
3126 774 3227 830 nisi
3264 743 3322 830 ut
3352 781 3466 834 for-

271 837 489 904 factum,
523 854 681 908 quem
723 839 888 894 Deum
939 852 995 896 et
1039 846 1235 900 bonum
1284 856 1335 900 et
1385 849 1591 915 justum
1658 864 1817 922 atque
1917 856 2053 908 tuito
2088 856 2186 908 ista
2214 859 2295 926 agi
2341 869 2597 924 putentur
2623 869 2677 912 et
2711 861 2877 915 casui
2904 837 3064 927 Quod
3099 865 3284 931 utique
3303 869 3346 922 si
3379 885 3466 924 re-

267 934 632 999 aequissimum
675 938 924 1001 dicimus,
955 939 1188 1006 obiicere
1237 943 1337 997 hoc
1379 946 1589 1013 plurimi
1620 951 1813 1014 solent,
1915 944 2164 1011 cipiatur,
2192 947 2304 1013 jam
2339 963 2441 1002 nec
2476 964 2504 1000 a
2555 948 2664 1004 Dco
2697 949 2869 1003 lactus
2919 967 3039 1006 esse
3071 958 3322 1024 mundus,
3360 975 3463 1028 nec
3492 982 3496 990 -

229 1059 231 1062 ι
267 1034 325 1076 et
356 1024 408 1078 hi
461 1027 695 1081 maxime
739 1031 829 1097 qui
878 1045 942 1083 ex
985 1032 1167 1084 schola
1206 1032 1512 1095 Marcionis,
1539 1047 1589 1090 et
1624 1038 1813 1092 Valen-

268 1115 390 1177 tini,
423 1125 481 1168 et
511 1117 755 1171 Basilithe
785 1121 1081 1183 venientes,
1111 1123 1392 1182 audierunt
1423 1125 1532 1195 (92)
1572 1128 1814 1185 diversas

264 1213 384 1253 esse
417 1212 636 1256 naturas
662 1205 960 1257 animarum
990 1211 1528 1279 :quomodojustitiae
1557 1215 1646 1269 Dei
1677 1233 1807 1270 con-

265 1289 448 1344 veniat
479 1295 732 1345 mundum
770 1295 1036 1362 facientis,
1071 1309 1125 1351 ut
1157 1300 1519 1356 habitaculum
1544 1307 1665 1360 aliis
1691 1310 1808 1375 qui-

263 1380 386 1432 dem
424 1382 472 1447 in
504 1382 656 1435 malis
685 1384 942 1450 praebeat,
971 1395 1025 1447 et
1057 1403 1160 1440 non
1196 1390 1366 1444 solum
1410 1393 1495 1446 his
1524 1394 1806 1451 habitacu-

265 1469 374 1536 lum
412 1468 864 1540 melius'prtestet,
899 1490 1084 1530 verum
1132 1479 1294 1532 etiam
1325 1483 1545 1548 gradum
1571 1485 1803 1554 aliquem

261 1564 545 1618 celsiorem
586 1567 1123 1640 spectabilioremque
1153 1572 1260 1642 (93)
1291 1575 1572 1641 concedat,
1606 1579 1806 1645 princi-

258 1662 444 1724 patum
482 1657 601 1710 aliis
642 1658 943 1728 indulgeat,
980 1661 1100 1716 aliis
1133 1672 1447 1732 potestates,
1480 1669 1801 1724 dominatio-

259 1759 357 1799 nes
407 1761 616 1814 quoque
660 1749 788 1803 aliis
833 1750 1054 1816 tribuat,
1087 1755 1207 1807 aliis
1255 1759 1616 1824 amplissimas
1647 1764 1800 1816 sedes

255 1833 560 1891 calestium
603 1839 951 1895 tribunalium
990 1854 1226 1912 prmstet,
1256 1847 1500 1902 eluceaut
1525 1852 1626 1905 alii
1665 1854 1799 1906 ruti-

189 1919 194 1924 ’
255 1921 478 1985 lautius.
509 1934 562 1978 et
586 1939 872 2004 coruscent
917 1929 1121 1999 fulgore
1153 1934 1394 2001 sidereo;
1428 1937 1549 1992 aliis
1587 1940 1658 1993 sit
1684 1941 1796 2010 glo-

255 2015 333 2069 ria
385 2016 536 2081 solis,
591 2017 712 2071 aliis
764 2019 933 2088 gloria
991 2021 1150 2086 lunae,
1212 2025 1334 2079 aliis
1379 2029 1544 2096 gloria
1603 2033 1792 2086 stella-

253 2119 371 2158 rum
395 2103 536 2175 (94);
569 2106 716 2160 stella
764 2123 790 2162 a
830 2109 977 2163 stella
1013 2111 1062 2163 in
1089 2112 1253 2180 gloria
1285 2114 1590 2182 diﬂ'erat“;
1626 2118 1701 2180 of,
1738 2132 1793 2175 ut

251 2194 411 2247 sitnnl
437 2210 500 2248 ac
536 2197 772 2251 breviter
805 2205 972 2253 totum
1002 2201 1196 2266 dicam,
1228 2207 1271 2259 si
1296 2211 1522 2262 creaturi
1544 2210 1664 2264 .Deo
1696 2228 1792 2265 nec

249 2286 500 2341 voluntas
557 2289 756 2355 summi
802 2289 1032 2359 bonique
1078 2296 1280 2362 operis.
1318 2313 1416 2352 nec
1477 2303 1789 2369 perliciendi

248 2371 479 2427 facultas
506 2376 676 2440 deest,
701 2377 842 2443 .quid
880 2394 1055 2432 causa:
1084 2383 1345 2440 exsistere
1375 2389 1569 2454 potuit,
1605 2398 1663 2441 ut
1699 2405 1790 2444 na-

249 2472 402 2517 turas
454 2465 800 2522 rationabiles
835 2485 1046 2553 creans,
1079 2474 1144 2554 id,
1163 2483 1267 2538 est,
1295 2477 1493 2543 quibus
1518 2489 1574 2532 ut
1603 2487 1787 2535 essent

247 2553 360 2622 ipse
397 2557 606 2610 exstitit
661 2572 841 2621 causa,
895 2561 1150 2616 celsiores
1201 2554 1334 2618 alios
1384 2565 1612 2634 faceret,
1644 2564 1780 2625 alios

244 2645 501 2709 secundo,
525 2655 616 2700 aut
652 2649 832 2712 tertio,
863 2659 916 2704 et
951 2653 1260 2720 multisjam
1295 2654 1586 2713 inferiores
1609 2663 1788 2729 gradi-

243 2735 342 2789 bus
390 2730 796 2807 deterioresque
840 2744 1183 2809 procrearet?
1213 2746 1342 2799 Tum
1405 2748 1598 2803 deinde
1656 2751 1786 2820 obji-

242 2826 392 2878 ciunt
423 2827 683 2889 etiamlde
715 2829 797 2882 his
830 2846 948 2899 qua:
980 2833 1029 2887 in
1064 2829 1237 2888 terris
1255 2847 1398 2900 sunt,
1451 2841 1595 2908 quod
1653 2843 1776 2896 aliis

243 2917 495 2970 nascendi
521 2917 879 2985 sorsl’elicior
909 2925 1172 2986 evenerit,
1203 2936 1259 2978 ut
1285 2928 1421 2993 quis,
1460 2929 1604 2982 verbi
1647 2946 1768 2996 gra-

243 3007 338 3070 tia,
369 3023 436 3061 ex
484 3007 752 3062 Abraham
786 3018 1096 3082 generetur,
1133 3021 1187 3066 et
1241 3029 1305 3066 ex
1355 3008 1778 3083 repromissione

241 3107 514 3162 nascatur,
531 3098 669 3153 alios
689 3113 904 3169 quoque
922 3116 988 3155 ex
1015 3101 1162 3157 Isaac
1177 3113 1230 3157 et
1245 3103 1481 3159 Rebecca
1496 3106 1562 3170 ⁸⁸,
1583 3108 1780 3176 quique

238 3189 416 3243 adhuc
446 3189 498 3243 in
533 3197 720 3243 ventre
751 3191 955 3256 positus
997 3191 1308 3260 supplantat
1339 3191 1568 3271 fratrem
1601 3210 1774 3262 SlIIllI,

1913 1050 1940 1086 a
1968 1037 2300 1102 providentia
2335 1039 2450 1107 ejus
2487 1043 2598 1110 regi
2651 1043 2920 1106 credetur,
2957 1053 3010 1097 et
3061 1058 3461 1116 consequenter

1915 1139 2012 1178 nec
2034 1126 2126 1179 Dei
2152 1126 2418 1193 judicium
2449 1131 2514 1183 de
2546 1132 2968 1201 uniuscuiusque
2993 1136 3155 1201 gestis
3186 1138 3453 1194 videbitur

1910 1219 2347 1298 exspectandum.
2380 1218 2432 1271 Ιιι
2466 1235 2569 1288 qua
2606 1235 2661 1275 re
2703 1238 2821 1290 qua:
2857 1225 2926 1284 sit
2955 1226 3170 1294 quidem
3201 1230 3266 1280 ad
3301 1228 3459 1298 liqui-

1910 1293 2036 1356 dum
2067 1306 2265 1360 veritas
2296 1321 2498 1371 rerum,
2526 1309 2670 1362 illius
2700 1321 2782 1363 est
2811 1327 2966 1366 nosse
2993 1314 3160 1370 solius
3181 1317 3269 1385 qui
3301 1333 3456 1373 scru-

1911 1405 2054 1447 tatur
2084 1396 2285 1458 o‘mnia,
2320 1400 2482 1449 etiam
2521 1399 2624 1450 alta
2656 1399 2827 1452 Dei”.
3013 1401 3015 1403 ’
3308 1407 3321 1417 “

1980 1486 2030 1538 6.
2063 1485 2170 1540 Nos
2205 1501 2329 1540 vero
2362 1488 2510 1556 quasi
2563 1489 2805 1543 homines
2835 1489 2925 1561 (ne
2966 1494 3335 1550 hatreticorum
3368 1497 3452 1552 in-

1904 1573 2183 1627 solentiam
2235 1576 2504 1629 reticendo
2541 1579 2882 1648 nutriamus),
2927 1598 3046 1651 qme
3101 1601 3197 1652 pro
3247 1588 3451 1644 Viribus

1904 1665 2102 1717 nostris
2122 1679 2404 1718 occurrere
2439 1668 2588 1718 nobis
2610 1681 2850 1735 possunt,
2892 1673 2955 1722 ad
2996 1688 3058 1726 ea
3110 1691 3229 1743 qua:
3260 1679 3449 1732 obten-

1903 1754 2112 1815 (lerunt,
2149 1756 2247 1808 hoc
2289 1759 2446 1808 modo
2478 1748 2932 1826 respondebimus.
2983 1760 3184 1816 Bonum
3237 1780 3359 1821 esse
3393 1775 3448 1820 et

1893 1842 2093 1908 justum
2125 1854 2177 1897 et
2199 1847 2620 1913 omnipotentem
2658 1846 2822 1900 Deum
2879 1860 3176 1907 creatorem
3216 1842 3444 1910 ‘univer-

1899 1949 2101 1996 sormn,
2135 1923 2329 2002 quibus
2370 1936 2634 2006 valuimus
2672 1953 2737 1990 ex
2781 1937 2975 1993 divinis
3015 1942 3308 2014 Scriputris
3352 1962 3443 2000 as-

1845 2026 2220 2092 ?scrtionibus
2276 2027 2586 2096 frequenter
2650 2032 2999 2087 ostendimus.
3063 2033 3156 2087 llic
3210 2051 3331 2090 cum
3387 2037 3442 2092 in

1895 2117 2156 2184 princioio
2197 2128 2408 2171 crearet
2449 2134 2509 2172 ea
2553 2134 2674 2186 qum
2709 2137 2893 2176 creare
2925 2124 3087 2178 voluit
3117 2127 3249 2196 (98).
3281 2129 3331 2184 id
3359 2139 3444 2185 est

1894 2207 2504 2272 rationabilcsuaturas,
2549 2210 2746 2263 nullam
2799 2213 2985 2266 habuit
3015 2216 3173 2269 aliam
3223 2211 3440 2276 creandi

1887 2310 2104 2369 causam
2131 2297 2227 2349 nisi
2262 2308 2478 2364 propter
2507 2299 2738 2366 seipsum
2767 2301 2904 2369 (99),
2943 2303 2992 2355 id
3027 2315 3109 2357 est
3142 2304 3433 2363 bonitatem

1889 2398 2062 2438 suam.
2094 2384 2224 2450 Quia
2261 2401 2386 2455 ergo
2434 2399 2617 2441 eorum
2660 2404 2778 2456 qua:
2824 2394 3050 2445 creanda
3098 2405 3268 2458 erant,
3288 2408 3300 2443 ἰ
3324 2397 3438 2467 ipse

1891 2476 2093 2527 exstitit
2122 2489 2280 2529 causa
2316 2494 2330 2530 :
2365 2478 2414 2529 in
2448 2469 2556 2544 quo
2603 2493 2774 2545 neque
2822 2480 3053 2535 varietas
3092 2484 3290 2554 aliqua,
3337 2502 3461 2542 ne-.

1888 2580 1991 2633 que
2018 2566 2360 2633 permutatio,
2396 2579 2567 2634 neque
2588 2567 2984 2635 impossibilitas
3016 2571 3214 2636 iuerat,
3255 2589 3436 2643 aequa-

1885 2653 1963 2706 les
2020 2655 2227 2708 creavit
2270 2655 2354 2724 (l)
2406 2670 2597 2710 omnes
2642 2673 2706 2710 ac
2778 2659 2980 2713 similes
3031 2675 3166 2729 quos
3208 2667 3431 2729 creavit,

1885 2746 2079 2815 quippe
2105 2762 2226 2800 cum
2260 2747 2496 2820 uullaﬂei
2527 2764 2586 2801 ca
2629 2763 2687 2800 sa
2717 2751 2992 2805 varietatis
3019 2754 3433 2836 acidiversitatil

1885 2838 2193 2890 exsisteret.
2227 2836 2426 2890 Verum
2445 2765 2708 2891 ‘anonram
2736 2839 3241 2891 rationabilerrinsm
3279 2861 3431 2891 ama-

1885 2838 2193 2890 exsisteret.
2227 2825 2708 2912 Veruml‘gnoniam
2736 2825 3241 2912 rationabiles'ipste
3279 2861 3431 2901 crea-

2475 2891 2491 2907 _
2629 2891 2638 2898 ,
2742 2891 2747 2892 ,
2804 2891 3082 2897 πηνα-
3118 2891 3241 2912 τ-..
3284 2891 3400 2901 η--

1884 2930 2040 2986 turne,
2087 2924 2224 2978 sicut
2262 2891 2575 2995 frequenter
2628 2929 2979 2994 ostendimus,
3023 2941 3076 2984 et
3106 2931 3157 2984 in
3187 2933 3302 2986 loco
3331 2926 3438 2988 suo.

1884 2935 2040 2986 turne,
2087 2935 2224 2978 Sicut
2262 2935 2451 2992 ireque
2497 2937 2575 2995 ter
2628 2935 2979 2994 ostendimus,
3023 2941 3076 2984 et
3106 2935 3157 2984 in
3187 2935 3302 2986 loco
3331 2946 3430 2988 suo

1884 3011 2237 3066 nihilominus
2293 2935 2654 3111 ostend‘emus,
2689 3017 2897 3070 arbitrii
2939 3018 3192 3076 facultate
3220 3022 3430 3077 donatae
3459 3039 3462 3042 '

1879 3109 2040 3163 sunt;
2070 3101 2286 3156 libertas
2307 3079 2742 3174 ubutnqttemque
2776 3107 2853 3177 (2)
2886 3109 3176 3176 voluntatis
3205 3127 3313 3166 sua:
3339 3115 3425 3169 vel

1879 3191 1944 3243 ad
1973 3191 2264 3258 profectum
2296 3207 2390 3262 per
2429 3194 2779 3250 imitationem
2829 3199 2918 3251 Dei
2960 3202 3271 3266 provocavit
3322 3201 3424 3273 (5),

234 3287 298 3332 et
321 3288 608 3347 antequam
641 3289 916 3343 nascatur,
950 3280 1096 3350 diligi
1114 3283 1310 3335 dicitur
1338 3298 1368 3336 a
1391 3269 1528 3338 'Deo.
1556 3269 1644 3339 Vel
1677 3287 1776 3341 hoc
1803 3304 1851 3362 α
1877 3281 1960 3336 νει
1989 3283 2054 3362 ad
2091 3283 2353 3337 defectum
2396 3299 2490 3352 per
2548 3287 2929 3356 negligentiam
2986 3290 3166 3343 traxit.
3205 3291 3271 3344 Et

238 3371 410 3440 ipsum
435 3370 544 3440 (95)
570 3372 811 3436 omnino,
833 3372 972 3439 quod
1001 3371 1053 3424 in
1087 3369 1326 3440 Hebrazis
1359 3375 1480 3443 quis
1513 3375 1797 3444 nascitur,-

237 3465 372 3529 apud
401 3476 536 3529 quos
575 3462 933 3515 eruditionem
963 3462 1156 3516 divina:
1181 3463 1604 3530 legisinveniat;
1635 3466 1775 3521 alius

237 3566 361 3606 vero
395 3551 535 3618 apud
562 3549 776 3604 Graecos
810 3551 1027 3619 etipsos
1055 3553 1348 3619 sapientes,
1381 3565 1436 3607 et
1461 3570 1566 3610 non
1593 3571 1771 3624 parvae

235 3639 550 3694 eruditionis
614 3639 858 3691 homines
892 3675 908 3702 ,
969 3637 1079 3707 99
1121 3639 1230 3707 jam
1281 3656 1411 3694 vero
1445 3642 1585 3698 alius
1632 3646 1773 3712 apud

235 3729 538 3797 Aithiopes,
600 3728 798 3796 quibus
855 3729 995 3782 vesci
1049 3728 1160 3799 (96)
1222 3729 1470 3783 humanis
1521 3735 1773 3787 carnibus

235 3838 360 3877 usus
383 3831 505 3889 est;
544 3829 636 3874 aut
661 3820 802 3890 apud
832 3818 1059 3890 Scythas
1101 3821 1238 3887 apud
1269 3835 1402 3888 quos
1428 3823 1770 3889 parricidium

232 3915 382 3983 quasi
416 3927 481 3968 ex
517 3913 632 3982 lege
684 3912 930 3981 geritur;
970 3910 1054 3963 vel
1107 3910 1243 3979 apud
1276 3906 1509 3973 Tauros,
1543 3911 1633 3964 ubi
1675 3913 1770 3965 ho-

233 4003 395 4072 spites
428 4001 796 4054 immolantur.
826 3997 990 4051 Aiunt
1022 4010 1151 4065 ergo
1181 3997 1335 4051 nobis
1366 4012 1381 4049 :
1413 3997 1468 4051 Si
1500 3999 1768 4052 haec-tan“-

235 4106 284 4148 ta
316 4109 494 4148 rerum
538 4091 848 4154 diversitas,
887 4091 1250 4158 nascendique
1280 4090 1514 4144 conditio
1548 4099 1652 4142 tam
1678 4103 1770 4142 va.

234 4185 327 4251 ria,
377 4184 603 4251 tamque
648 4182 877 4246 diversa,
914 4181 967 4233 in
995 4195 1099 4249 qua
1129 4194 1289 4234 causa
1323 4180 1508 4248 utique
1543 4176 1767 4263 facultas

231 4274 379 4329 liberi
405 4273 618 4327 arbitrii
648 4270 824 4325 locum
860 4285 964 4322 non
996 4270 1154 4322 habet
1179 4271 1306 4330 (non
1340 4270 1480 4322 enim
1507 4269 1767 4336 quis'ipse

230 4367 328 4422 sibi
361 4365 533 4436 eligit,
563 4361 646 4416 vel
681 4362 790 4428 ubi,
822 4359 902 4414 vel
932 4360 1069 4429 apud
1120 4375 1275 4429 quos,
1302 4358 1384 4413 vel
1417 4374 1522 4427 qua
1571 4360 1758 4414 condi-

180 4503 186 4511 κ
233 4458 372 4511 tione
425 4450 820 4522 nascatur);si
851 4467 1000 4521 ergo,
1035 4452 1301 4519 inquiunt,
1337 4451 1436 4504 hoc
1478 4464 1583 4503 non
1636 4448 1767 4503 facit

229 4558 430 4601 natura:
478 4543 766 4599 diversitas
803 4543 1102 4596 animarum
1138 4538 1269 4612 (97),
1293 4540 1346 4594 id
1385 4548 1484 4605 est,
1527 4547 1585 4593 ut
1611 4537 1750 4592 mala

291 4711 335 4744 “
365 4709 532 4766 iCor.
557 4722 645 4773 xv,
676 4707 763 4761 Η.
835 4706 881 4738 ⁸⁸
909 4706 1044 4760 Gen.
1071 4721 1196 4759 xxv.
1269 4707 1315 4738 ⁸⁸
1349 4707 1368 4761 l
1395 4706 1520 4762 Cor.
1549 4721 1608 4773 ιι,
1637 4707 1728 4761 10.-

216 4852 224 4862 ’
294 4853 401 4923 (9%)
430 4852 507 4923 l_ta
546 4864 676 4904 mss.
700 4848 865 4910 Alias,
900 4865 924 4898 r
951 4855 1221 4923 asserunt.
1249 4865 1267 4923 ι

292 4917 402 4993 (93)
429 4921 889 4993 Prwstet,__uerum
923 4920 1095 4993 etimit
1120 4917 1348 4993 gradum
1377 4917 1604 4993 aliquem
1634 4917 1752 4993 fel-

229 4985 407 5044 notem
455 4988 991 5063 spectabilioremqne.
1043 4985 1131 5038 Sic
1172 4987 1323 5063 tussi;
1377 4988 1427 5036 in
1480 4986 1753 5063 prioribus

231 5053 551 5113 cditionibus
598 5057 748 5110 deest
785 5053 1062 5124 tpra-stet,
1089 5072 1106 5103 ι
1131 5062 1185 5108 et
1232 5070 1326 5122 pro
1368 5070 1384 5102 ι
1408 5053 1753 5121 ερεςιειιιιιίο-

234 5141 357 5202 rein,
384 5146 404 5202 ι
435 5128 636 5202 legitur
665 5145 684 5175 ‹
703 5125 1126 5202 spectaculutn._,i
1275 5196 1286 5202 Δ
1599 5191 1628 5202 γ’

297 5196 403 5265 (ΕΝ)
434 5190 525 5248 5ιέ
577 5211 706 5248 mss.
736 5190 916 5265 ‘Alias,
952 5211 969 5243 ι
993 5202 1045 5246 et
1084 5191 1292 5265 luceant
1318 5190 1475 5265 {aliis
1514 5190 1752 5265 rutilan-

233 5260 456 5324 tiatn.'et
477 5271 769 5316 coruscent
820 5262 1022 5330 fulgore
1053 5261 1282 5327 sidereo.
1317 5261 1434 5313 Alia
1483 5263 1552 5312 sit
1583 5260 1751 5328 gloria
1812 5271 1815 5276 ί

231 5333 371 5392 solis,
403 5332 504 5408 alia
535 5332 695 5408 lunae,
728 5331 1157 5408 aliastellarut‘rr.
1178 5344 1196 5377 ι
1364 5395 1366 5402 γ
1397 5396 1408 5407 .
1433 5398 1446 5408 _
1485 5397 1496 5408 _
1645 5398 1655 5408 .

295 5401 401 5469 (95)
432 5398 548 5469 [ioc
573 5399 767 5469 ipsum.
798 5398 887 5469 Sic
918 5415 1045 5469 mss.
1079 5397 1243 5469 Alias,
1279 5413 1298 5446 ι
1322 5397 1446 5469 quid
1473 5397 1584 5469 hoc
1616 5398 1701 5450 sit.
1729 5416 1746 5448 ι

295 5465 400 5537 (96)
455 5465 623 5537 Vetti.
670 5467 825 5521 Deest
861 5468 912 5520 in
959 5467 1226 5536 prioribus
1266 5467 1611 5528 editiouibus,
1660 5467 1753 5519 sed
1794 5472 1805 5479 '

173 5536 686 5614 insanin.
829 5604 877 5614 ..
1067 5603 1107 5614 ..
1496 5601 1509 5614 .

293 5607 396 5676 (97)
437 5605 782 5676 Animorum,
925 5614 1018 5676 est.
1067 5603 1185 5676 Haec
1230 5616 1444 5676 quoque
1471 5601 1668 5676 desunt
1700 5603 1750 5654 in

229 5671 350 5732 libb.
373 5671 526 5727 antea
549 5671 730 5731 editis,
753 5674 842 5724 sed
867 5672 1131 5726 habentur
1150 5674 1201 5724 in
1223 5687 1347 5724 mss.
1375 5672 1571 5736 Ibidem
1599 5687 1746 5728 mss.,

234 5763 252 5814 ι
285 5745 415 5800 bona
439 5750 621 5793 autem
656 5739 724 5791 ad
757 5743 942 5792 bonas.
975 5759 994 5791 ι
1025 5741 1193 5814 Alias,
1221 5757 1261 5810 ,ι
1309 5742 1443 5794 bona
1478 5750 1652 5793 autent
1685 5739 1748 5791 ad

227 5812 403 5870 bonos.
434 5828 452 5860 t
1007 5843 1018 5849 ν

293 5882 398 5952 (98)
425 5877 556 5934 Vide
587 5881 624 5930 l.
652 5891 690 5929 tt
718 5874 1039 5943 0rigenian.,
1071 5891 1124 5943 q.
1163 5876 1250 5941 l2,
1280 5891 1332 5930 n.
1369 5878 1425 5930 2.
1466 5919 1499 5960 -Ι

1879 3373 2083 3426 exstitit
2107 3387 2288 3436 causa,
2315 3373 2454 3442 sicut
2483 3383 2537 3428 et
2567 3385 2722 3428 antea
2755 3377 2864 3444 jam
2911 3379 3173 3442 diximus,
3204 3381 3425 3436 diversi-

1881 3461 2005 3515 tatis
2025 3461 2161 3515 inter
2195 3462 2538 3516 rationabiles
2590 3473 2886 3532 creaturas,
2935 3480 3039 3519 non
3084 3480 3151 3520 ex
3182 3468 3424 3522 condito-

1880 3553 1954 3606 ris
1981 3553 2252 3606 voluntate
2277 3553 2357 3606 vel
2387 3553 2590 3620 jndicio
2623 3556 2886 3623 originem
2921 3542 3157 3621 trahens,
3184 3559 3276 3611 sed
3301 3575 3425 3627 pro-

1878 3641 2008 3708 pria:
2033 3641 2296 3694 libertatis
2323 3642 2570 3695 arbitrio.
2608 3643 2750 3696 Dens
2792 3659 2922 3697 vero
2949 3647 3032 3698 cui
3065 3647 3174 3713 jam
3208 3660 3422 3702 creatu-

1877 3744 1988 3782 ram
2018 3745 2168 3783 suam
2201 3745 2297 3798 pro
2329 3733 2518 3784 merito
2551 3733 2861 3800 dispensare
2885 3735 3087 3802 justum
3120 3737 3420 3805 videbatur,

1876 3821 2214 3874 diversitates
2242 3822 2497 3874 mentium
2528 3823 2581 3875 in
2618 3825 2773 3877 unius
2805 3828 2986 3878 mundi
3010 3833 3418 3885 consonantiam

1875 3908 2054 3968 traxit,
2083 3923 2186 3974 quo
2211 3909 2352 3962 velut
2379 3925 2537 3961 unam
2586 3913 2800 3963 demum
2835 3912 2886 3964 in
2916 3907 3018 3979 qua
3051 3913 3228 3968 inesse
3260 3918 3418 3972 debe-

1837 4005 1993 4053 ,rent
2037 4012 2139 4050 non
2190 3997 2360 4050 solum
2412 4013 2534 4051 vasa
2562 4014 2724 4052 aurea
2767 4009 2837 4066 et,
2862 4011 3112 4068 argentea
3140 4044 3154 4068 ,
3214 4009 3306 4059 sed
3365 4015 3418 4060 et

1872 4083 2128 4153 lignea-et
2153 4086 2352 4151 ﬁctilia,
2393 4097 2444 4140 et
2484 4089 2587 4140 alia
2621 4089 2833 4156 quidem
2889 4092 2954 4144 ad
3001 4093 3280 4159 honorem,
3310 4095 3415 4150 alia
3488 4165 3492 4168 i

1870 4184 2045 4227 autem
2070 4177 2133 4228 ad
2168 4177 2564 4242 contumeliam,
2609 4194 2672 4231 ex
2719 4180 2836 4234 istis
2873 4181 2947 4250 (4)
2984 4183 3213 4237 diversis
3246 4188 3413 4252 vasis,

1871 4264 1950 4317 vel
1979 4265 2193 4329 animis,
2219 4267 2301 4320 vel
2331 4269 2595 4322 mentibus
2624 4280 2864 4333 ornaret,
2897 4281 2949 4324 et
2980 4272 3074 4325 has
3107 4287 3320 4340 causas,
3359 4284 3415 4329 ut

1871 4374 1971 4427 ego
2000 4359 2255 4427 arbitror,
2291 4363 2521 4415 mundus
2574 4364 2670 4416 iste
2709 4379 2818 4417 sure
2884 4366 3213 4420 dirersitatis
3257 4384 3414 4425 accc-

1872 4453 1969 4518 pit,
2027 4452 2150 4505 dttm
2183 4467 2613 4520 unumquemque
2637 4455 2812 4508 divina
2846 4456 3172 4523 providentia
3213 4460 3292 4527 (5)
3315 4475 3412 4527 pro

1871 4541 2130 4596 varietate
2165 4551 2401 4596 motuum
2441 4555 2683 4607 suorum,
2709 4545 2791 4598 vel
2820 4547 3116 4599 animorum
3168 4549 3411 4618 proposi-

1935 4846 2044 4917 (99)
2070 4844 2238 4897 Aliam
2267 4844 2473 4918 creandi
2512 4861 2753 4918 causam,
2793 4844 2892 4918 nisi
2924 4851 3135 4918 propter
3159 4841 3402 4912 “ipsum.

1862 4911 1952 4970 Sie
1981 4911 2168 4988 omnes
2207 4915 2358 4965 codd.
2394 4928 2520 4965 mss.
2548 4914 2599 4963 ln
2630 4914 2785 4988 editis
2815 4914 2961 4988 deest
3005 4928 3022 4958 ι
3071 4911 3269 4988 aliam,
3294 4923 3399 4988 net

1859 4994 1953 5051 pro
1991 5001 2010 5032 ι
2049 4979 2144 5034 nisi
2170 4992 2384 5049 propter
2412 4985 2640 5047 seipsum
2676 4999 2693 5029 ι
2734 4980 2928 5044 legitur
2972 4996 2988 5026 (
3035 4987 3230 5042 praeter
3257 4979 3398 5045 seip-

1857 5066 1994 5104 sum.
2036 5069 2053 5099 ι

1927 5119 2001 5188 (l)
2032 5119 2186 5173 Libb.
2223 5115 2369 5178 editi,
2418 5132 2436 5164 ι
2479 5116 2707 5182 aequales
2757 5115 2994 5177 crearit,
3046 5132 3063 5162 ι
3105 5115 3197 5168 sed
3247 5130 3396 5178 mss.,

1863 5205 1882 5238 t
1913 5188 2208 5253 aequaliter.
2243 5203 2260 5233 ι
2515 5239 2520 5245 ,

1929 5249 2003 5325 (2⁷)
2034 5257 2125 5307 Sic
2149 5267 2276 5304 mss.
2313 5251 2484 5325 Alias,
2516 5270 2533 5302 ι
2569 5251 3001 5325 unumquodque.
3041 5249 3252 5325 l_PalllO
3282 5260 3402 5318 past

1859 5321 2013 5387 ιιιεέεέ,
2042 5341 2059 5371 ‹
2102 5336 2202 5373 non
2231 5334 2292 5372 ex
2332 5323 2624 5381 conditoris
2654 5321 2947 5372 voluntate.
2978 5341 2992 5371 ι
3027 5321 3190 5382 Alias,
3230 5338 3248 5369 ι
3293 5336 3396 5372 non

1859 5408 1922 5446 ex
1959 5391 2219 5450 creatoris
2254 5389 2544 5445 voluntate.
2580 5409 2596 5441 ι

1928 5461 2002 5527 (5)
2041 5459 2167 5510 Vide
2197 5457 2523 5525 0rigenian.,
2559 5460 2742 5518 lib.tt,
2778 5472 2830 5523 (ι.
2870 5458 2920 5517 7,
2951 5474 3000 5507 ιι.
3034 5455 3118 5508 ιε.

1929 5532 2004 5598 (4)
2032 5527 2180 5579 Libb.
2216 5529 2364 5587 editi,
2407 5546 2422 5576 t
2469 5531 2709 5593 quietiam
2752 5529 2815 5578 ad
2844 5528 3097 5578 honorem
3121 5561 3204 5578 ....
3240 5533 3298 5578 ut
3330 5540 3393 5578 ex

1859 5598 1991 5656 istis,
2034 5616 2052 5646 ι
2095 5604 2220 5651 etc.,
2254 5599 2342 5646 sed
2379 5611 2503 5649 mss.
2536 5607 2590 5648 ut
2620 5613 2667 5647 ιιι
2705 5605 2884 5647 nostro
2916 5605 3081 5645 textu.

1925 5666 1999 5731 (5)
2027 5663 2446 5731 Uuum‘quemque
2486 5667 2660 5716 divina
2693 5663 3029 5739 prouidentia:
3057 5662 3146 5712 Sic
3179 5675 3307 5715 mss.
3333 5662 3391 5712 In

1862 5743 2020 5785 antea
2049 5733 2203 5786 editis
2227 5747 2320 5798 pro
2355 5750 2372 5782 ι
2405 5747 2835 5807 unumquemque
2870 5751 2898 5807 i_
2920 5733 3110 5807 l_egi‘._ur
3141 5747 3159 5778 ι
3203 5744 3395 5807 uruuu-i-

1857 5804 2121 5868 quodque,
2159 5819 2175 5851 ι
2208 5796 2260 5852 et
2288 5802 2436 5853 deest
2467 5821 2482 5850 ι
2521 5796 2695 5852 divina
2751 5796 3107 5866 providentia.
3161 5816 3178 5846 ι
3225 5796 3392 5847 Paulo

1857 5880 1976 5939 post
2014 5872 2142 5924 libb.
2177 5870 2322 5934 editi,
2365 5888 2380 5918 ι
2420 5871 2511 5924 sed
2544 5872 2834 5922 secundum
2869 5872 3230 5934 prtecedcutes
3260 5877 3391 5915 cau-
