4118 6308
232 416 303 472 .33
908 435 913 441 ι
1101 490 1111 504 ‘
1478 421 1679 479 LIBER
1720 400 2107 484 SECUNDUS.

3252 444 3414 525 es

197 545 329 591 tum,
361 530 587 586 Domino
617 534 745 587 utile
774 536 838 589 ad
864 550 1021 592 onme
1060 550 1192 607 opus
1224 536 1422 590 bonum
1446 540 1527 604 “;
1568 559 1584 590 ι
1629 543 1744 608 sine
1774 547 1817 603 Α
1850 545 2017 599 rectio
2049 545 2118 600 sit
2168 555 2521 609 mortuorum,
2576 556 2930 621 respondeant
2983 557 3135 613 nobis
3170 562 3297 629 quid
3328 575 3412 621 est

193 620 360 672 dubio
389 621 514 672 illud
568 623 826 687 ostendit,
874 625 994 693 quia
1042 624 1215 692 quise
1252 627 1630 693 expurgaverit
1691 626 1740 678 in

195 710 299 765 hac
324 710 414 763 vit.
460 714 687 777 positus,
723 714 788 765 ad
812 730 973 776 onine
1000 715 1195 769 benum
1226 727 1362 781 opus
1392 716 1494 775 erit
1521 726 1742 783 paratus

192 801 247 853 in
287 801 501 877 futuro;
530 803 621 873 qui
656 813 831 857 autem
859 820 960 859 non
998 818 1054 858 se
1089 805 1414 875 purgaverit,
1448 806 1740 859 secundum

188 892 545 965 quantitatem
581 895 930 965 inmunditiae
956 910 1066 947 suae
1087 895 1189 948 erit
1221 909 1315 952 vas
1354 897 1417 947 ad
1462 905 1742 969 coritnme-

186 984 343 1044 liam,
368 984 418 1037 id
443 993 543 1048 est,
573 985 871 1054 indignum.
913 983 987 1038 lla
1022 997 1153 1051 ergo
1180 986 1430 1054 possibile
1459 995 1561 1039 cst-
1587 986 1744 1040 intel-

184 1076 280 1144 ligi
315 1077 479 1130 etiam
504 1086 657 1130 antea
697 1074 863 1143 fuisse
898 1091 1022 1129 vasa
1058 1076 1397 1132 rationabilia
1436 1075 1515 1130 vel
1552 1091 1744 1145 purga-

186 1175 267 1230 ta,
292 1166 379 1219 vel
406 1167 582 1230 minus
614 1176 861 1235 purgata,
897 1167 949 1220 id
988 1175 1070 1220 est
1106 1182 1224 1236 qnze
1258 1168 1434 1241 seipsa
1483 1165 1567 1223 vel
1614 1182 1745 1235 pur-

179 1260 455 1323 gaverint,
512 1260 593 1312 vel
642 1260 746 1311 non
780 1260 1160 1327 purgaverint;
1214 1269 1265 1312 et
1301 1274 1363 1313 ex
1400 1261 1501 1312 hoc
1551 1263 1745 1311 uniun-

179 1347 439 1414 quodqne
487 1363 579 1401 vas
622 1350 913 1401 secundum
972 1362 1278 1409 mensuram
1330 1347 1438 1419 (2|)
1490 1348 1744 1417 puritatis

178 1444 276 1485 aut
310 1434 634 1504 impuritatis
657 1452 769 1491 sure
812 1426 986 1491 l0cum
1019 1439 1101 1491 vel
1146 1438 1443 1507 regionem,
1494 1438 1576 1491 vel
1617 1453 1743 1491 con-

179 1524 444 1579 ditionem
499 1530 749 1581 nascendi
815 1529 895 1583 vel
953 1530 1204 1597 explendi
1270 1529 1467 1597 aliquid
1535 1532 1586 1582 in
1641 1532 1743 1583 hoc

180 1617 389 1671 mundo
419 1621 722 1687 accepisse;
775 1636 891 1687 qua:
944 1621 1125 1673 omnia
1163 1621 1301 1673 Deus
1335 1636 1501 1688 usque
1536 1624 1601 1673 ad
1640 1621 1741 1673 mi-

180 1704 391 1759 nimum
416 1708 527 1776 (2'2)
566 1712 767 1765 virtute
794 1712 1075 1779 sapientiae
1109 1728 1218 1765 sure
1263 1712 1550 1781 providens
1581 1719 1743 1779 atque

178 1799 522 1868 dignoscens,
559 1802 923 1856 moderamine
962 1794 1154 1870 judicii
1201 1805 1287 1869 sui
1322 1803 1628 1870 arquissima
1660 1818 1746 1885 re:

181 1893 758 1950 tributioneunivcrsa
817 1898 1074 1966 disponit,
1123 1908 1386 1965 quatenus
1447 1900 1742 1967 unicuique

178 1999 283 2053 pro
312 1986 505 2039 merito
538 1987 616 2040 vel
649 1989 889 2041 succurri
921 1989 1004 2043 vel
1037 1990 1241 2044 consuli
1274 1991 1493 2043 deberet
1520 1990 1653 2061 (25).
1688 1990 1741 2044 ln

178 2090 290 2145 quo
318 2077 564 2146 profecto
595 2078 770 2155 omnis
796 2082 933 2132 ratio
956 2080 1228 2147 aequitatis
1258 2082 1584 2145 ostenditur,
1617 2083 1740 2134 (lunt

178 2169 525 2236 inaequalitas
574 2184 753 2223 rerum
806 2170 1184 2225 retributionis
1258 2174 1578 2226 meritorum
1628 2172 1740 2243 (24)

177 2269 362 2313 servat
386 2255 717 2327 :equitatein.
748 2262 991 2325 Quorum
1022 2262 1342 2316 meritorum
1383 2264 1626 2317 rationes
1649 2278 1745 2332 per

176 2349 423 2419 singulos
454 2364 694 2418 quosque
720 2334 1009 2404 secundum
1060 2351 1341 2405 veritatem
1387 2362 1441 2407 et
1480 2353 1546 2406 ad
1580 2353 1741 2423 liqui-

176 2442 306 2493 dum
336 2440 485 2493 solus
525 2442 636 2508 ipse
670 2455 791 2493 cum
829 2441 1106 2510 unigenito
1148 2440 1327 2498 Verbo
1367 2458 1429 2497 ac
1476 2444 1741 2513 sapientia

176 2547 276 2585 sna
310 2541 368 2584 et
390 2530 597 2600 Spiritu
625 2540 811 2586 saneto
840 2532 1199 2603 recognoscit.

787 2666 1010 2722 CAPUT
1061 2666 1133 2720 X.

245 2778 325 2833 De
379 2782 754 2835 resurrectione
806 2792 854 2834 et
889 2781 1129 2862 judicio,
1187 2783 1250 2836 de
1298 2782 1416 2855 igne
1464 2782 1662 2851 inferni

826 2860 875 2903 et
919 2867 1100 2903 mnus.
1353 2869 1357 2901 γ

826 2867 875 2903 ει
916 2867 1100 2918 prmus.
1353 2869 1357 2901 ξ

248 2963 301 3016 1.
338 2961 445 3017 Sed
472 2964 723 3033 quoniam
754 2980 851 3019 nos
885 2981 1062 3020 sermo
1086 2969 1418 3021 commonuit
1442 2969 1505 3021 de
1536 2966 1740 3033 Iudicio

178 3052 383 3115 futuro,
406 3057 544 3107 etde
572 3057 946 3113 retributione.
978 3072 1041 3111 ac
1072 3058 1348 3126 suppliciis
1368 3071 1739 3126 peccatorum,

178 3150 478 3203 secundum
506 3146 649 3215 quod
672 3148 1073 3200 comminantur
1095 3159 1297 3203 sancite
1333 3149 1648 3217 Seripturre,
1683 3161 1735 3204 et

177 3238 547 3292 ecclesiastica
591 3235 904 3303 pratilicatio
948 3235 1212 3298 continet,
1269 3250 1335 3290 eo
1362 3237 1505 3305 quod
1538 3236 1731 3305 judicii

128 3344 141 3351 '
179 3338 417 3398 tempore
505 3328 643 3397 ignis
714 3335 953 3380 aeternus
1015 3336 1069 3381 et
1141 3326 1376 3381 tenebrae
1438 3329 1735 3382 exteriores

178 3428 233 3473 et
286 3431 476 3472 career
533 3427 588 3470 et
633 3418 899 3481 caminus,
956 3424 1009 3471 et
1058 3416 1161 3469 alia
1211 3417 1297 3470 lus
1358 3417 1556 3471 similia
1608 3430 1733 3486 pec-

175 3515 454 3568 catoribus
502 3522 800 3582 przeparata
861 3513 999 3578 sint;
1070 3513 1349 3566 videamus
1396 3513 1527 3580 quid
1572 3513 1735 3566 etiam

176 3605 245 3659 de
305 3608 388 3660 his
433 3608 640 3662 sentire
700 3615 967 3675 oporteat.
1038 3606 1142 3660 Sed
1193 3616 1250 3658 ut
1298 3605 1364 3657 ad
1423 3606 1533 3658 lucc
1590 3619 1737 3658 com--

179 3702 379 3766 petenti
431 3700 622 3753 ordine
688 3699 962 3764 veniatur,
1008 3698 1158 3766 prius
1211 3697 1342 3749 mihi
1401 3696 1611 3749 videtur
1668 3697 1735 3749 de

177 3790 578 3851 resurrectione
638 3802 816 3841 sermo
857 3789 1172 3851 movendus,
1221 3797 1280 3840 ut
1321 3788 1554 3841 sciamus
1604 3786 1732 3854 quid

174 3891 261 3937 est
314 3881 442 3936 illud
506 3882 651 3949 quod
709 3882 791 3936 vel
849 3882 915 3934 ad
964 3880 1321 3948 supplicium,
1382 3878 1465 3931 vel
1514 3878 1579 3930 ad
1652 3892 1735 3930 rc-

173 3973 377 4042 quiem,
406 3972 489 4027 vel
521 3974 588 4025 ad
620 3971 1002 4026 beatitudinem
1031 3971 1234 4034 veniet;
1278 3971 1342 4025 de
1380 3984 1485 4037 quo
1519 3970 1567 4020 in
1614 3969 1733 4021 aliis

108 4114 109 4117 η
175 4066 390 4133 quidem
429 4064 586 4117 libris
634 4068 767 4131 quos
819 4063 884 4116 de
942 4061 1340 4114 resurrectione
1397 4059 1729 4126 scripsimus,

174 4156 386 4224 plenius
417 4154 836 4223 disputavimus,
862 4159 913 4206 et
946 4150 1073 4220 quid
1103 4152 1259 4204 nobis
1292 4151 1355 4203 de
1393 4151 1490 4202 hoc
1526 4150 1735 4201 videre-

176 4256 286 4312 tur,
312 4248 665 4300 ostendimus.
708 4243 809 4297 Sed
842 4252 895 4295 et
943 4257 1085 4294 nunc
1140 4250 1359 4310 propter
1394 4254 1732 4306 (-rmsequcn—

177 4338 305 4390 tiam
343 4346 605 4391 tractatus
632 4336 798 4403 pauca
828 4333 950 4385 inde
983 4342 1225 4398 repetere
1272 4347 1373 4383 non
1404 4331 1610 4380 videtur
1636 4329 1728 4378 ah-

173 4428 397 4481 snrdum
444 4445 457 4480 :
503 4426 737 4478 maxime
788 4430 1007 4490 pr0pter
1057 4423 1156 4472 hoc
1201 4420 1340 4485 quod
1393 4417 1731 4469 uile-inlinitur

1848 638 1986 704 quod
2028 647 2294 689 mortuum
2340 646 2440 689 est.
2472 637 2659 693 Nonne
2706 649 2936 712 corpus?
2973 648 3225 719 Corporis
3275 667 3408 723 ergo

1846 725 2171 779 resurrectio
2198 724 2304 778 lict.
2335 724 2471 778 Tum
2505 727 2691 781 deinde
2729 731 2909 788 dicant
2954 737 2996 791 si
3034 741 3289 795 utendum
3315 757 3410 797 no-

1847 815 1927 867 bis
1959 823 2149 882 imm"t
2186 814 2293 886 ('26)
2327 830 2445 869 esse
2494 819 2804 884 corporibus
2856 839 2921 877 an
2973 831 3117 882 non?
3166 832 3409 889 .\rbitror

1846 906 2089 972 apostolo
2131 904 2296 958 Paulo
2352 907 2559 960 dicente
2611 909 2735 975 quia
2791 927 2809 958 ι
2859 916 3160 969 seminatur
3209 938 3408 987 corpus

1846 995 2100 1057 animale,
2156 1005 2401 1062 resurget
2449 1012 2643 1065 corpus
2695 995 2937 1066 spiritale
2970 1004 3037 1065 θ’,
3080 1023 3097 1055 ι
3136 1009 3268 1064 istos
3314 1028 3407 1067 ne-

1846 1099 1970 1153 gare
2001 1101 2100 1137 non
2130 1098 2283 1153 posse
2311 1087 2448 1154 quod
2473 1092 2667 1153 corpus
2694 1100 2954 1159 resurgat,
2987 1091 3067 1145 vel
3094 1097 3216 1160 quia
3246 1099 3295 1151 iu
3325 1117 3405 1155 re-

1847 1176 2181 1229 surrectione
2220 1178 2535 1243 corporibus
2578 1188 2812 1232 utamur.
2853 1178 2991 1245 Quid
3013 1184 3174 1252 ergo?
3209 1186 3401 1241 Sicer.

1849 1273 1956 1316 tum
2018 1277 2101 1318 cst
2157 1267 2300 1334 quod
2353 1269 2666 1333 corporibus
2721 1269 2874 1323 nobis
2936 1254 3187 1343 utendiim
3236 1275 3327 1335 sit.
3354 1291 3409 1333 et

1848 1367 2072 1420 corpora
2114 1370 2230 1424 quae
2256 1356 2588 1422 ceciderunt,
2610 1372 2887 1427 resurgere
2902 1354 3262 1429 praedicantur
3281 1366 3409 1432 (non

1847 1442 1990 1494 enim
2028 1445 2244 1512 proprie
2284 1459 2569 1512 resurgere
2611 1442 2964 1513 dicitur,4n'isi
3012 1447 3062 1501 id
3110 1456 3248 1518 quod
3288 1461 3413 1507 ante

1847 1533 2151 1599 ceciderit),
2187 1535 2316 1587 nulli
2355 1536 2574 1590 dubium
2628 1549 2708 1598 est
2749 1539 2946 1594 idcirco
2976 1556 3039 1595 ea
3096 1525 3408 1611 resurgere,

1847 1633 1902 1675 ut
1931 1624 2013 1676 his
2045 1625 2239 1678 iterum
2278 1643 2339 1680 ex
2380 1630 2776 1683 resurrectione
2814 1633 3117 1686 induamur.
3169 1612 3409 1689 Alterum

1847 1727 1975 1781 ergo
1992 1715 2154 1768 haeret
2186 1731 2250 1770 cx
2274 1719 2455 1793 altero.
2484 1721 2634 1789 101
2662 1722 2787 1775 Nam
2813 1733 2864 1777 et
2894 1723 2936 1777 si
2977 1734 3260 1795 resurgunt
3296 1726 3406 1797 (ΞΤ)

1848 1819 2095 1875 c0rpora,
2127 1808 2246 1861 sine
2286 1810 2448 1862 dubio
2486 1814 2551 1863 ad
2594 1812 2964 1867 indumentum
3010 1818 3179 1869 nostri
3224 1831 3409 1871 resur—

1845 1908 2015 1963 gunt;
2056 1909 2110 1951 et
2169 1901 2211 1951 si
2250 1915 2473 1954 necesse
2519 1911 2602 1956 est
2648 1918 2744 1957 nos
2794 1919 2918 1959 esse
2967 1906 3019 1958 in
3068 1909 3410 1975 corporibus,

1848 1988 1987 2040 sicut
2019 2000 2171 2043 certe
2200 2005 2423 2046 necesse
2455 2002 2554 2059 est,
2586 2008 2688 2046 non
2718 1994 2766 2046 in
2803 1995 2925 2049 aliis
2948 2010 3104 2064 quam
3135 1997 3187 2049 in
3214 1999 3414 2051 nostris

1845 2075 2302 2142 corporibus/esse
2329 2081 2587 2133 debemus
2640 2080 2766 2146 Qua:
2792 2081 2834 2134 si
2852 2097 3041 2135 verum
3062 2090 3140 2136 est
3162 2085 3304 2150 quod
3329 2099 3412 2138 re-

1844 2176 2069 2233 surgunt
2091 2176 2143 2220 et
2170 2171 2433 2238 spiritalia
2467 2182 2782 2242 resurgunt,
2805 2173 3022 2226 dubimn
3050 2187 3152 2226 non
3170 2180 3253 2226 est
3280 2174 3410 2242 quin

1845 2254 2051 2321 alujecta
2084 2262 2451 2327 corruptione,
2484 2275 2536 2316 et
2574 2265 2814 2331 deposita
2866 2264 3199 2318 mortalitate
3228 2278 3410 2317 resur-

1845 2358 1971 2409 gere
1997 2348 2248 2402 dicantur
2278 2368 2306 2403 a
2358 2356 2619 2417 mortuis;
2667 2355 2904 2424 alioquin
2955 2370 3153 2409 vanum
3201 2355 3411 2408 videbi-

1848 2444 1934 2487 tur
1960 2445 2012 2489 et
2038 2440 2367 2505 superﬂuum
2410 2456 2696 2509 resurgere
2727 2458 3052 2513 quemquam
3102 2460 3128 2497 a
3160 2447 3408 2510 mortuis,

1846 2534 1902 2577 ut
1936 2526 2129 2579 iterum
2160 2530 2440 2581 ttioriatur.
2480 2530 2633 2594 Quod
2665 2532 2733 2582 ita
2766 2532 2981 2585 demum
3023 2534 3242 2604 intelligi
3290 2536 3409 2589 evi-

1845 2615 2059 2671 dentius
2094 2628 2287 2686 potest,
2322 2619 2364 2672 si
2400 2622 2520 2687 quis
2548 2620 2831 2688 diligenter
2859 2623 3108 2676 advertat
3129 2625 3264 2696 ($8),
3288 2641 3409 2695 quin

1843 2708 1914 2759 sit
1944 2708 2189 2762 animalis
2217 2712 2457 2777 corporis
2483 2712 2738 2777 qualitas,
2770 2727 2891 2778 qua:
2929 2713 2981 2766 in
3013 2724 3211 2768 terram
3240 2717 3408 2770 semi-

1846 2805 1967 2849 nata
2022 2798 2280 2866 spiritalis
2352 2803 2598 2869 corporis
2645 2812 2863 2868 reparet
2928 2803 3266 2871 qualitatem.
3328 2806 3408 2862 Ex

1847 2886 2064 2940 animali
2122 2904 2354 2956 namque
2398 2905 2628 2957 corpore
2672 2890 2784 2958 ipsa
2818 2891 2928 2960 (29)
2973 2894 3140 2948 virtus
3172 2910 3409 2950 resurre-

1845 2977 2040 3032 ctionis
2069 2987 2120 3031 et
2161 2980 2331 3047 gratia
2359 2982 2607 3048 spi‘riiale
2652 2998 2844 3050 corpus
2873 2984 3071 3049 educit,
3096 3002 3215 3042 cum
3244 2969 3309 3042 ‘id
3340 2988 3408 3043 ab

1844 3068 2161 3136 indignitate
2190 3081 2514 3126 transmutat
2544 3075 2608 3126 ad
2648 3074 2894 3142 gloriam.

1912 3157 1963 3210 Ω.
2003 3159 2262 3225 Quoniam
2298 3177 2426 3228 ergo
2477 3164 2714 3220 lueretici
2769 3167 3119 3221 eruditissimi
3168 3171 3272 3223 sibi
3323 3171 3405 3225 vi-

1840 3244 2038 3301 dentur
2093 3258 2147 3303 et
2199 3252 2617 3319 sapientissimi,
2690 3255 3143 3326 interrogabimus
3205 3244 3317 3323 eos,
3358 3265 3404 3317 si

1840 3349 1998 3390 omne
2027 3352 2230 3407 corpus
2276 3343 2495 3395 schema
2546 3344 2760 3410 aliquod
2812 3346 2995 3412 habet,
3026 3349 3076 3401 id
3108 3359 3188 3403 est
3219 3350 3401 3403 habitu

1840 3424 2019 3493 aliquo
2069 3424 2178 3495 (εει)
2221 3427 2577 3482 deformetur.
2613 3430 2680 3482 Et
2705 3432 2746 3484 si
2778 3434 2994 3501 quidem
3026 3437 3262 3492 dixerint
3284 3453 3406 3493 esse

1839 3530 2032 3583 corpus
2057 3519 2200 3584 quod
2235 3534 2337 3571 non
2364 3520 2545 3588 aliquo
2581 3521 2767 3575 habitu
2794 3524 3149 3592 deformetur,
3184 3530 3403 3597 imperi-

1840 3606 2030 3660 tissimi
2079 3610 2320 3662 omninm
2370 3622 2531 3680 atque
2580 3615 3004 3683 insipientissimi
3054 3618 3401 3674 videbuntur.

1838 3698 2028 3753 Nullus
2073 3702 2217 3754 enim
2254 3702 2356 3755 hoc
2402 3705 2640 3772 negabit,
2678 3707 2777 3758 nisi
2826 3707 2897 3758 sit
2944 3707 3012 3761 ab
3040 3709 3186 3761 omni
3217 3711 3404 3763 erudi-

1839 3788 1982 3842 tione
2028 3791 2245 3857 penitus
2292 3778 2521 3846 alienus.
2558 3792 2614 3845 Si
2661 3808 2791 3847 vero
2841 3796 3137 3849 secundUm
3178 3796 3229 3849 id
3258 3800 3402 3864 quod

1837 3894 2176 3949 consequens
2221 3891 2302 3935 est
2346 3882 2604 3949 dixerint,
2642 3885 2765 3951 quia
2798 3899 2956 3939 omne
3008 3900 3202 3953 corpus
3249 3897 3403 3941 certo

1836 3969 2014 4037 aliquo
2052 3970 2158 4041 (51)
2198 3972 2381 4024 habitu
2408 3973 2762 4034 deformatur,
2796 3975 3133 4040 requiremus
3156 3974 3222 4027 ab
3247 3974 3324 4028 eis
3352 3977 3401 4029 si

1836 4072 2061 4125 possunt
2108 4062 2263 4113 nobis
2311 4062 2571 4127 spiritalis
2609 4063 2849 4129 corporis
2894 4050 3135 4116 habitum
3174 4064 3399 4116 demon-

1836 4161 2008 4204 strare
2054 4160 2218 4219 atque
2251 4153 2590 4215 describere;
2644 4154 2785 4217 quod
2830 4152 3015 4221 utique
3058 4142 3203 4205 nullo
3238 4154 3400 4207 modo

1836 4241 2017 4292 facere
2046 4248 2317 4308 poterunt.
2356 4240 2461 4295 Sed
2490 4252 2543 4295 et
2587 4241 2924 4295 differentias
2961 4238 3153 4296 eorum
3188 4242 3280 4309 qui
3314 4256 3400 4295 re-

1836 4338 2063 4398 surgunt
2090 4330 2422 4396 inquiremus
2454 4332 2520 4384 ab
2549 4333 2650 4384 eis.
2679 4331 2957 4398 Quomodo
2989 4332 3271 4385 ostendent
3302 4346 3397 4385 ve-

1838 4434 1953 4470 rum
1988 4433 2108 4471 esse
2136 4419 2262 4471 illud
2297 4421 2436 4485 quod
2464 4421 2664 4472 dictum
2698 4430 2778 4472 est
2806 4420 2928 4485 quia
2969 4439 2985 4469 (
3011 4420 3113 4471 alia
3149 4434 3275 4473 caro
3307 4434 3399 4473 vo-

174 4519 397 4587 qnidam
428 4519 478 4570 in
507 4515 872 4570 ecclesiastica
926 4514 1048 4579 tide,
1093 4512 1246 4579 quasi
1298 4510 1439 4561 velut
1477 4506 1638 4559 stulte
1679 4516 1732 4558 et
1766 4511 1808 4563 Ι)
1841 4506 2072 4571 lucrum,
2097 4508 2197 4558 alia
2230 4508 2473 4573 piscium,
2501 4518 2552 4558 et
2575 4522 2800 4574 corpora
2824 4507 3063 4559 cmlcstia
3090 4516 3143 4561 et
3171 4522 3399 4575 corpora

175 4613 389 4679 penitus
417 4609 733 4676 insipienter
763 4606 825 4657 de
855 4602 1254 4656 resurrectione
1278 4598 1561 4654 credamus
1592 4596 1728 4667 (‘25);

174 4700 443 4767 prmeipue
489 4695 751 4756 haeretici,
785 4693 980 4761 quibus
1030 4691 1133 4743 hoc
1184 4690 1339 4741 modo
1373 4686 1605 4741 arbitror
1654 4700 1738 4738 re-

176 4787 564 4857 spondendum.
608 4787 667 4839 Si
704 4784 1026 4837 conﬁtentur
1079 4781 1239 4834 etiam
1270 4779 1365 4844 ipsi
1388 4776 1527 4844 quia
1558 4789 1738 4829 resur-

242 4884 347 4937 “ll
376 4882 514 4935 Tim.
544 4881 715 4945 tt,‘20,
742 4880 834 4932 ‘ll.
906 4880 949 4909 "
985 4879 998 4928 l
1025 4876 1151 4931 Cor.
1185 4891 1273 4936 xv,
1312 4872 1397 4925 εΗ.

389 4978 461 5051 l_ta
485 4992 618 5030 mss.
649 4976 816 5051 Alias,
853 4992 871 5024 r
909 4983 1179 5025 naturam.
1208 4990 1241 5022 ι

245 5045 361 5115 (Ξῖ)
390 5047 474 5100 Sic
500 5062 629 5099 mss.
664 5045 827 5114 Alias,
870 5062 888 5094 ι
921 5056 1282 5115 numerum._r

246 5107 365 5186 {23)
393 5117 520 5186 Vide
552 5112 877 5186 Origenian.,
910 5112 999 5186 lib.
1033 5126 1090 5170 ιι.
1126 5126 1182 5186 _q.
1209 5111 1265 5186 _'i.
1295 5125 1345 5161 n.
1379 5107 1502 5186 id...
1586 5176 1593 5185 η

391 5175 715 5256 Meritorum.
756 5182 913 5256 Deest
960 5180 1011 5231 in
1060 5175 1324 5248 prioribus
1374 5175 1726 5240 editionibus,

179 5254 307 5310 licet
344 5258 395 5307 in
424 5254 680 5307 omnibus
715 5254 1010 5318 reperiatur
1037 5264 1166 5302 mss.

247 5324 365 5395 (9.5)
398 5324 559 5389 Quasi
596 5323 727 5395 velut
750 5316 1199 5395 stulte‘et‘penitus
1222 5316 1523 5395 insipienter
1551 5316 1615 5365 de
1644 5328 1725 5395 re-

178 5383 499 5450 surrectione
539 5393 832 5445 credamus.
890 5383 1025 5455 Quid
1070 5389 1135 5441 de
1180 5387 1572 5455 resurrectione
1631 5383 1726 5433 do-

179 5466 357 5518 cuerit
404 5462 699 5529 Origenes,
762 5460 878 5513 [use
918 5454 1234 5527 dieputatur
1284 5454 1727 5522 Origeuianorum

181 5536 323 5589 libro
360 5547 420 5592 ιι,
453 5533 749 5600 (ιιιίιεειὶοιιθ
778 5545 938 5581 nona.

249 5590 691 5677 (26)_Dii:alnt,__si
741 5601 1007 5677 utendum”
1035 5596 1179 5677 nobis
1227 5602 1436 5677 putant..-
1482 5590 1732 5677 ltarecte

182 5664 317 5728 ms‘s.
351 5664 425 5725 Ἰιι
459 5670 728 5738 prioribus
767 5669 1091 5721 editionibus
1143 5666 1292 5719 deest
1334 5681 1352 5715 ί
1389 5664 1593 5727 dicunt,
1632 5677 1652 5711 ι
1680 5668 1734 5711 et

184 5756 281 5808 pro
316 5760 336 5792 ι
374 5749 558 5809 putant
599 5754 629 5789 r
655 5738 847 5809 legitur
887 5754 903 5786 ι
944 5746 1180 5809 putatur.
1225 5751 1243 5784 ι

253 5796 387 5881 (ἐπί
404 5809 493 5864 Sic
528 5824 655 5862 mss.
688 5796 854 5863 tilias,
881 5825 897 5854 ι
939 5796 1147 5861 etiamsi
1176 5810 1475 5872 resurgant.
1514 5818 1532 5851 ι
1563 5796 1736 5852 Paulo

524 5887 796 5945 PATROL.
830 5882 941 5943 Gtt.
980 5884 1092 5946 ΧΙ.

1847 4596 2146 4663 terrestria,
2198 4598 2287 4647 sed
2334 4596 2436 4647 alia
2482 4596 2697 4663 quidem
2735 4595 3036 4648 caelestium
3076 4595 3265 4663 gloria,
3295 4594 3400 4649 alia

1844 4703 1977 4740 vero
2007 4688 2369 4749 terrestrium,
2403 4688 2504 4739 alia
2555 4687 2723 4753 gloria
2769 4686 2917 4748 solis,
2954 4686 3057 4737 alia
3106 4686 3261 4748 turma,
3294 4685 3398 4738 alia

1847 4777 2163 4841 stellarum;
2198 4778 2351 4830 stella
2386 4794 2411 4829 a
2467 4776 2621 4829 stella
2669 4773 2847 4827 dill'ert
2880 4775 2931 4827 in
2983 4774 3174 4842 gloria,
3226 4776 3300 4828 ita
3342 4782 3396 4828 et

1840 4973 1982 5030 post,
2024 4980 2041 5009 ι
2075 4962 2213 5013 sicut
2247 4969 2393 5030 certe
2429 4972 2647 5011 necesse
2679 4964 2779 5030 est,
2823 4974 2839 5006 ι
2883 4956 2995 5030 μαῖα
3026 4954 3303 5030 desun_t_in_
3334 4953 3398 5005 li-

1840 5021 2162 5091 bris'editis,
2190 5031 2313 5082 licet
2348 5029 2644 5079 habeantur
2679 5027 2728 5077 in
2752 5026 3001 5099 omnibus
3040 5037 3169 5081 mss.
3194 5021 3396 5099 Ibidem

1840 5117 1991 5164 mss.,
2027 5118 2043 5149 ε
2080 5100 2206 5163 Qua:
2234 5101 2276 5151 si
2323 5113 2508 5151 verum
2560 5095 2809 5163 estquod
2839 5100 3142 5159 resurgunt.
3178 5108 3199 5141 ι
3230 5090 3397 5151 Alias,

1844 5186 1861 5218 ι
1898 5172 2140 5238 quodsi,
2179 5187 2194 5217 ι
2239 5180 2358 5238 etc._
2586 5233 2664 5238 ___
2835 5232 2845 5238 _
2948 5231 2959 5238 _

1909 5227 2018 5307 (9.8)
2054 5227 2144 5291 Sic
2183 5254 2309 5290 mss.
2340 5234 2494 5289 Libl).
2534 5233 2690 5295 editi,
2730 5250 2747 5283 ‹
2801 5232 2846 5285 si
2870 5231 2960 5298 qui
2992 5229 3275 5297 diligenter
3305 5227 3397 5279 ad-

1836 5318 2072 5363 vertant.
2111 5327 2130 5357 ι

1906 5380 2012 5445 (Siti)
2040 5377 2180 5434 Ipsa.
2219 5376 2375 5445 Deest
2401 5372 2450 5424 in
2472 5373 2601 5445 libb.
2627 5370 2804 5445 editis,
2828 5370 2919 5421 sed
2943 5366 3175 5445 habetur
3199 5364 3249 5416 in
3270 5378 3398 5445 mss.

1908 5434 1955 5517 (ρ
2058 5446 2262 5513 Aliquo.
2302 5444 2463 5517 Deest
2506 5444 2555 5517 in
2589 5434 2858 5506 prioribus
2890 5434 3395 5517 editioni_bus,iicot

1837 5504 2101 5571 habeatur
2155 5504 2203 5566 in
2262 5530 2391 5567 mss.
2439 5504 2641 5565 Ibidem
2700 5523 2852 5570 mss.,
2908 5523 2926 5555 ι
2979 5516 3030 5557 et
3084 5504 3126 5555 si
3184 5504 3397 5569 quidem

1838 5584 2074 5639 dixerint
2102 5600 2220 5637 esse
2265 5598 2483 5649 corpus.
2525 5598 2542 5628 ι
2582 5579 2638 5631 lu
2674 5577 2803 5635 libb.
2838 5575 2999 5629 editis
3037 5589 3129 5639 pro
3162 5589 3178 5621 ι
3213 5584 3333 5627 esse
3376 5585 3395 5617 ι

1838 5656 2030 5722 legitur
2069 5672 2085 5703 ‹
2129 5655 2311 5723 etiam.
2351 5670 2368 5700 ι
2406 5719 2452 5723 Η
2677 5716 2689 5723 _
2820 5715 2830 5723 _
2904 5712 2937 5723 η
3100 5713 3132 5723 __
3166 5710 3177 5720 ε
3260 5707 3271 5717 ,

1920 5706 2023 5793 (51)
2060 5724 2269 5789 Aliquo.
2299 5719 2644 5773 Desideratur
2677 5716 2727 5769 in
2753 5712 3026 5786 prioribus
3049 5706 3398 5769 etlitionibus,

1843 5792 1936 5851 sed
1966 5792 2194 5849 habetur
2232 5792 2286 5844 in
2327 5804 2457 5844 mss.
3054 5850 3093 5909 8
