4118 6308
744 565 858 621 ’.88

1967 551 2282 612 ORIGENIS
2321 547 2479 608 ΠΕΡΙ
2514 555 2742 610 APan

3847 557 3936 612 256

747 679 1072 733 resurrectio
1106 685 1440 732 mortuorum
1471 676 1558 730 "i
1590 695 1608 728 ι
1646 674 1949 731 Secundum
1980 675 2136 728 istam
2168 688 2297 742 ergo
2326 677 2371 733 Α
2402 673 2452 725 in
2501 687 2604 740 qua
2661 672 2776 752 sine
2823 671 2984 728 dubio
3035 671 3248 742 dignum
3301 670 3501 741 aliquid
3557 670 3732 725 divina
3779 674 3936 742 gratia

748 769 1184 837 coiisequentiam
1230 764 1530 820 caelestium
1576 780 1858 832 corporum
1885 766 2172 818 ostendant
2199 779 2298 820 no-

750 860 833 913 bis
869 856 1200 912 diﬂ‘crontias
1229 855 1413 924 gloriae
1439 853 1548 924 (52)
1573 869 1756 908 eorum
1796 855 1886 923 qui
1917 862 2220 922 resurgunt,
2246 861 2299 908 et

748 954 791 1006 si
829 953 935 1005 ullo
963 965 1154 1020 genere
1188 949 1365 1004 conati
1413 949 1609 1003 fuerint
1653 948 1948 1003 secundum
1997 945 2296 1000 caelestium

749 1056 1032 1109 corporum
1065 1039 1394 1092 ;'.il‘."erentias
1426 1039 1654 1108 aliquam
1677 1040 1984 1107 excogitare
2013 1037 2295 1102 ratioaem,

681 1129 684 1134 ’
748 1131 1152 1200 queremusab
1194 1131 1270 1182 cis
1314 1139 1370 1182 ut
1420 1131 1579 1183 etiam
1634 1128 1929 1183 secundum
1965 1135 2296 1179 tet-rcuornm

751 1236 1040 1288 corporum
1079 1219 1538 1286 comparationem
1578 1209 1914 1272 ditl'erentias
1947 1217 2294 1270 resurrectio-

748 1309 832 1364 nis
855 1310 1133 1377 assignent
1167 1309 1297 1380 t35).
1339 1309 1444 1363 Nos
1477 1322 1603 1362 vero
1632 1307 1705 1361 ita
1755 1307 2122 1375 intelligimus,
2154 1304 2296 1374 quod

745 1399 932 1455 volens
954 1401 1239 1470 Apostolus
1271 1399 1576 1454 describere
1600 1409 1800 1467 quanta
1829 1409 1968 1452 esset
1991 1396 2292 1452 ditferentia

745 1508 931 1548 eorum
977 1492 1065 1560 qui
1105 1501 1384 1558 resurgent
1417 1493 1468 1544 in
1516 1490 1703 1560 gloria,
1754 1490 1805 1544 id
1851 1498 1933 1544 est
1963 1499 2290 1553 sanctorum,

727 1570 1201 1650 'comparationem
1252 1581 1553 1635 crelestium
1610 1593 1894 1647 corporum
1943 1578 2170 1646 sumpsit
2216 1578 2295 1629 di-

681 1664 684 1665 ⁷
748 1687 921 1727 cens:
959 1691 977 1723 ι
1031 1672 1147 1726 Alia
1194 1669 1360 1741 gloria
1410 1670 1560 1732 solis,
1609 1671 1711 1723 alia
1759 1669 1928 1738 gloria
1982 1667 2140 1730 lunae,
2189 1667 2292 1720 alia

741 1763 913 1833 gloria
974 1762 1248 1816 stellarum
1283 1760 1350 1813 “.
1404 1780 1421 1812 ι
1479 1759 1544 1813 Et
1589 1759 1784 1812 iterum
1815 1756 1999 1810 volens
2045 1755 2293 1810 diﬂ‘ercn-

742 1853 846 1906 tias
872 1867 1055 1905 eorum
1080 1851 1272 1903 docere
1307 1849 1439 1919 (54),
1471 1848 1562 1914 qui
1602 1848 1653 1900 in
1687 1847 1786 1900 hac
1820 1846 1927 1898 vita
1965 1860 2067 1900 non
2098 1859 2294 1914 expur-

742 1940 851 2009 gati
889 1938 954 1992 ad
1002 1939 1449 1994 resurrectionem
1484 1935 1727 1998 venient,
1769 1933 1821 1986 id
1852 1942 1934 1987 est
1959 1942 2288 2001 peccatores,

2405 773 2624 827 sperare
2670 775 2768 812 nos
2822 761 3068 814 convenit
3121 760 3265 829 (56);
3301 764 3442 830 quod
3491 761 3727 816 futurum
3773 766 3933 818 credi-

2406 863 2523 899 mus
2563 849 2658 902 lioc
2683 850 2869 901 ordine
2900 865 3004 918 quo
3035 869 3051 900 ι
3087 851 3284 904 nudum
3322 866 3542 921 granum
3575 851 3823 907 frumenti
3853 862 3934 906 aut

2368 938 2634 1004 ,alicujus
2665 949 2985 992 cretcrorum
3027 959 3044 990 ι
3089 942 3304 995 interra
3330 941 3653 997 seminatum
3690 942 3935 997 describit

2403 1022 2704 1094 Apostolus.
2730 1031 2812 1082 cui
2832 1048 2849 1080 ι
2873 1029 3009 1082 Deus
3041 1029 3129 1083 dat
3153 1045 3345 1100 corpus
3380 1029 3488 1102 (δῖ)
3516 1043 3672 1099 prout
3703 1033 3810 1085 vult
3831 1033 3890 1098 ⁸⁸,
3911 1051 3928 1084 ι

2403 1134 2524 1174 cum
2574 1122 2800 1188 primum
2856 1136 3077 1190 granum
3141 1122 3311 1191 ipsum
3367 1123 3615 1177 frumenti
3676 1134 3932 1178 mortuum

2403 1209 2581 1263 fuerit.
2616 1211 2688 1263 lla
2735 1228 2963 1280 namque
2989 1213 3150 1266 etiam
3188 1223 3365 1266 nostra
3397 1228 3623 1283 corpora
3655 1215 3796 1268 velut
3822 1231 3934 1284 gra-

2357 1292 2362 1296 ’
2402 1317 2527 1354 num
2565 1305 2758 1356 cadere
2793 1305 2842 1355 in
2895 1313 3090 1357 terram
3131 1305 3361 1373 putanda
3413 1314 3572 1369 sunt;
3624 1305 3820 1373 quibus
3862 1307 3934 1359 in-

2401 1394 2500 1446 sita
2527 1395 2674 1446 ratio
2705 1393 2813 1464 (58)
2844 1410 2904 1448 ea
2933 1411 3050 1465 quae
3075 1395 3432 1450 substantiam
3463 1398 3704 1450 continet
3753 1409 3934 1463 corpo-

2401 1483 2591 1546 ralem,
2623 1485 2869 1550 quamvis
2902 1477 3142 1539 emortua
3173 1485 3369 1538 fuerint
3417 1499 3637 1554 corpora
3679 1494 3732 1538 et
3759 1499 3934 1537 corru-

2399 1583 2485 1640 pta
2514 1586 2677 1640 atque
2705 1574 2970 1642 dispersa,
3005 1577 3170 1631 verbo
3215 1587 3390 1630 tamen
3419 1575 3509 1628 Dei
3544 1576 3683 1629 ratio
3709 1574 3794 1627 illa
3827 1575 3933 1643 ipsa

2397 1677 2517 1731 qua:
2547 1677 2756 1731 semper
2786 1666 2838 1717 in
2870 1666 3170 1720 substantia
3217 1668 3460 1734 corporis
3502 1665 3645 1719 salva
3692 1674 3792 1728 est,
3834 1665 3936 1720 eri-

2400 1763 2489 1821 gat
2529 1768 2592 1807 ea
2639 1752 2704 1807 de
2749 1763 2909 1813 terra.
2942 1765 2996 1808 et
3031 1759 3276 1811 restituat
3327 1771 3388 1810 ac
3433 1766 3663 1824 reparet,
3705 1753 3842 1807 sicut
3875 1766 3930 1810 es

2397 1841 2568 1894 virtus
2604 1857 2720 1909 quae
2758 1852 2839 1896 est
2886 1845 2936 1896 in
2970 1860 3139 1914 grano
3183 1845 3453 1908 frumenti,
3499 1856 3831 1914 postcorrur

2387 1945 2518 1985 ‘nem
2555 1930 2668 1998 ejus
2717 1945 2770 1986 et
2813 1944 3040 1988 mortem
3086 1945 3297 2002 reparat
3334 1949 3398 1988 ac
3434 1934 3668 1989 restituit
3718 1947 3809 2004 gn
3862 1937 3913 1984 ιη

744 2028 812 2081 de
847 2028 1075 2081 terrenis
1103 2027 1264 2079 sumit
1307 2024 1633 2093 exemplum,
1685 2025 1867 2077 dicens
1901 2041 1914 2077 :
1952 2040 1967 2073 ι
2008 2023 2125 2075 Alia
2171 2037 2290 2075 cor—
2321 2014 2365 2074 Β
2393 2019 2446 2074 in
2477 2021 2637 2075 culmi
2684 2027 2878 2091 corpus
2921 2034 2975 2077 et
3023 2026 3183 2090 spica:
3218 2024 3347 2096 (39).
3382 2026 3444 2078 Et
3490 2026 3561 2078 ita
3608 2027 3688 2078 bis
3726 2016 3854 2093 quid

743 2133 870 2189 pora
913 2118 1210 2180 volucrum,
1266 2116 1370 2169 alia
1422 2115 1648 2178 piscium
1680 2113 1748 2167 θ’.
1802 2131 1822 2165 ι
1876 2113 2043 2183 Digne
2093 2113 2291 2167 etenim

699 2223 705 2228 '
742 2209 946 2263 sanctis
990 2207 1251 2270 coelestia,
1313 2216 1521 2258 terrena
1555 2202 1930 2272 peccatoribus
1976 2216 2292 2272 comparan-

719 2299 848 2351 tur.
893 2297 1016 2350 Haec
1040 2297 1254 2364 quidem
1303 2295 1439 2347 dicta
1485 2293 1593 2346 sint
1640 2291 1899 2347 adversus
1929 2307 2024 2346 eos
2063 2292 2177 2359 qni‘
2204 2305 2291 2344 re-

742 2387 1131 2442 surrectionem
1180 2395 1538 2448 mortuorum,
1592 2382 1646 2435 id
1691 2390 1775 2435 est
1843 2382 2290 2454 resurrectionem

739 2493 1026 2546 corporum
1056 2485 1276 2545 negant.
1576 2530 1583 2534 _

809 2568 864 2621 5.
958 2566 1111 2618 Nunc
1191 2578 1316 2616 vero
1401 2574 1701 2615 sermonem
1786 2559 2149 2614 convertimus
2225 2559 2290 2612 ad

741 2657 1023 2713 nonnullos
1081 2665 1434 2716 nostrorum,
1506 2653 1596 2720 qui
1665 2652 1746 2704 vel
1812 2667 1908 2719 pro
1990 2652 2291 2706 intellectus

741 2749 1050 2816 exiguitate,
1103 2746 1184 2800 vel
1241 2745 1637 2812 explanatioais
1688 2745 1887 2813 in0pia,
1932 2741 2084 2796 valde
2132 2742 2289 2795 vilem

741 2847 798 2890 et
860 2835 1124 2903 abiectum
1187 2848 1405 2888 sensum
1468 2833 1536 2887 de
1594 2831 1988 2887 resurrectione
2052 2833 2291 2898 corporis

739 2926 1104 2980 introducunt.
1180 2924 1323 2989 Quos
1397 2922 2153 2990 interroganius,.quomodo
2210 2920 2291 2976 in-

742 3015 987 3082 teiligant
1013 3012 1240 3067 animale
1288 3027 1481 3080 corpus
1514 3012 1686 3082 gratia
1735 3012 2146 3066 resurrectionis
2192 3011 2290 3065 im-

743 3105 1090 3164 mutandum,
1155 3108 1208 3155 et
1270 3099 1514 3170 spiritale
1575 3099 1847 3164 futurum;
1912 3110 1967 3153 et
2023 3100 2290 3169 quomodo

743 3194 881 3263 quod
914 3194 966 3247 in
1012 3191 1321 3245 infirmitate
1348 3191 1665 3254 seminatur,
1691 3201 2120 3244 resurrecturum
2155 3188 2288 3245 ‘sen-

744 3282 880 3336 tiant
927 3282 978 3334 in
1022 3281 1255 3344 virtute;
1308 3280 1446 3348 quod
1502 3280 1553 3333 in
1615 3281 1970 3348 ignobilitate,
2020 3281 2288 3350 quomodo

2398 2109 2487 2176 qui
2541 2112 2685 2180 regni
2731 2113 2992 2166 cmlorum
3047 2114 3412 2167 ha~reditatem
3469 2112 3720 2181 consequi
3769 2121 3935 2168 mere-

2397 2200 2616 2266 buntur,
2650 2202 2785 2255 ratio
2831 2202 2916 2254 illa
2957 2205 3232 2272 reparaudi
3279 2205 3522 2272 corporis
3569 2218 3730 2272 quam
3779 2218 3935 2274 supra

2397 2289 2649 2354 diximus,
2683 2291 2772 2344 Dei
2811 2291 2962 2357 jussu
2999 2308 3063 2346 ex
3117 2304 3328 2348 terreno
3368 2306 3422 2349 et
3467 2295 3679 2349 animali
3713 2307 3937 2363 corpore

2396 2392 2589 2447 corpus
2634 2391 2843 2447 reparat
2887 2382 3149 2450 spiritale,
3195 2382 3334 2450 quod
3385 2384 3626 2437 habitare
3671 2383 3842 2451 possit
3882 2383 3934 2436 in

2396 2470 2548 2524 C(Blis
2576 2487 2590 2535 ;
2622 2471 2706 2524 his
2747 2487 2875 2525 vero
2912 2473 3000 2540 qui
3044 2473 3313 2528 inferioris
3360 2472 3534 2527 meriti
3586 2472 3806 2539 fuerint,
3859 2472 3936 2526 vel

2395 2561 2737 2627 abjectioris,
2799 2561 2881 2614 vel
2953 2563 3111 2616 etiam
3182 2563 3349 2615 ultimi
3407 2571 3463 2617 et
3519 2564 3791 2629 abstrusi,
3844 2579 3938 2633 pra

2396 2652 2816 2720 uniuscujusque
2865 2654 2986 2707 vitm
3036 2665 3197 2722 atque
3223 2654 3435 2708 animae
3465 2653 3741 2724 dignitate,
3777 2655 3937 2709 etiam
3967 2664 3969 2667 '

2395 2743 2563 2811 gloria
2615 2747 2857 2814 corporis
2908 2754 2962 2800 et
3007 2746 3244 2814 dignitas
3295 2745 3487 2811 datur;
3537 2747 3606 2799 ita
3662 2756 3840 2801 tamen
3885 2757 3941 2800 ut

2399 2833 2551 2901 102
2585 2835 2742 2887 etiam
2774 2849 2957 2888 eorum
2991 2836 3079 2902 qui
3115 2837 3181 2890 ad
3212 2836 3383 2904 ignem
3414 2848 3689 2902 internum,
3743 2837 3828 2892 vel
3876 2837 3939 2889 ad

2395 2922 2655 2991 supplicia
2688 2924 2989 2978 destinandi
3017 2933 3160 2988 sunt,
3195 2940 3289 2992 per
3320 2926 3488 2993 ipsam
3533 2928 3941 2982 resurrectionis

2395 3013 2843 3078 permutationem
2923 3015 2995 3066 ita
3041 3029 3232 3080 corpus
3274 3014 3635 3084 incorruptum
3682 3016 3753 3070 sit
3803 3016 3941 3085 quod

2395 3101 2625 3170 resurgit
2655 3101 2789 3172 (40),
2820 3110 2876 3156 ut
2911 3117 2975 3155 ne
2997 3103 3271 3172 suppliciis
3306 3105 3518 3173 quidem
3546 3104 3818 3173 corrumpi
3848 3118 3937 3157 va-

2394 3185 2500 3239 leat
2527 3197 2580 3241 et
2614 3187 2852 3240 dissolvi.
2902 3188 2956 3242 Si
2995 3202 3121 3258 ergo
3156 3191 3227 3244 ita
3268 3206 3325 3246 se
3364 3192 3521 3246 habet
3551 3190 3783 3259 qualitas
3828 3190 3942 3260 ejus

2393 3276 2640 3342 corporis
2670 3279 2810 3344 quod
2842 3288 3085 3347 resurget
3117 3295 3144 3333 a
3194 3282 3439 3344 mortuis,
3490 3281 3766 3335 videamus
3796 3294 3940 3335 nunc

744 3380 992 3439 resurgat
1033 3371 1083 3422 in
1115 3369 1311 3437 gloria;
1365 3376 1421 3422 et
1469 3369 1610 3438 quod
1666 3370 1714 3422 in
1747 3371 2113 3440 corruptione,
2145 3386 2286 3439 quo-
2313 3350 2358 3407 C
2389 3365 2515 3432 quid
2543 3366 2645 3419 sibi
2685 3367 2810 3420 velit
2844 3368 2980 3437 ignis
3006 3372 3192 3423 aeterni
3223 3369 3576 3424 c'omminatio
3607 3370 3741 3441 (41).

744 3460 902 3515 modo
930 3459 994 3512 ad
1028 3458 1484 3525 incorruptionem
1520 3459 1896 3512 transferatur.
1922 3461 2073 3525 Quod
2105 3462 2286 3529 utique

745 3547 790 3603 si
837 3547 1059 3601 credunt
1091 3546 1364 3613 Apostolo,
1398 3545 1523 3612 quia
1553 3559 1749 3614 corpus
1791 3548 1840 3598 in
1880 3548 2048 3620 gloria
2091 3555 2144 3602 ct
2180 3549 2287 3602 vir-

745 3647 858 3692 tute
889 3646 941 3691 et
993 3635 1501 3703 incorruptibilitate
1546 3648 1850 3703 resurgens,
1898 3638 2140 3704 Spiritale
2175 3638 2285 3706 jam

743 3724 991 3780 eﬂectum
1039 3724 1128 3790 sit,
1166 3723 1455 3778 absurdum
1487 3725 1697 3778 videtur
1729 3733 1782 3776 et
1835 3735 2020 3778 contra
2069 3740 2285 3780 sensum

745 3813 980 3881 Apostoli
1013 3810 1191 3865 dicere
1224 3810 1274 3863 id
1307 3825 1516 3864 rursum
1551 3809 1732 3863 carnis
1761 3819 1811 3864 et
1850 3811 2129 3880 sanguinis
2161 3826 2289 3879 pas-

744 3901 983 3955 sionibus
1018 3901 1303 3969 implicari,
1337 3915 1458 3953 cum
1482 3900 1763 3982 manifeste
1794 3900 1936 3952 dicat
1963 3901 2283 3968 Apostolus:

748 4009 768 4043 ι
809 3992 1227 4058 Quoniam‘caro
1270 4000 1323 4044 et
1364 3992 1581 4058 sanguis
1607 3983 1827 4059 regnum
1857 3988 1949 4042 Dei
1983 4005 2086 4043 non
2117 3992 2287 4058 possi-

743 4082 973 4148 debunt;
1002 4096 1175 4150 neque
1202 4082 1470 4150 corruptio
1498 4081 1953 4150 incorruptionem
1984 4079 2094 4150 (55)
2121 4080 2289 4148 possi-

743 4173 971 4228 debit".
1003 4193 1025 4226 ι
1055 4172 1161 4227 Sed
1207 4172 1336 4226 illud
1377 4171 1642 4240 quomodo
1692 4171 1962 4240 accipiunt
1988 4175 2128 4238 quod
2159 4171 2290 4224 dicit

743 4259 1030 4329 Apostolus
1072 4276 1086 4312 :
1137 4276 1155 4310 ι
1213 4256 1410 4313 Omnes
1457 4267 1639 4314 autem
1687 4258 2090 4311 immutabimur
2127 4257 2214 4309 9"?
2266 4276 2284 4308 ι

744 4347 871 4414 Qure
939 4348 1120 4416 utique
1191 4349 1500 4403 immutatio
1582 4349 1872 4403 secundum
1941 4348 2087 4402 illum
2148 4349 2292 4402 ordi-

741 4452 888 4503 nem,
937 4453 1091 4508 quem
1147 4440 1388 4507 superius
1435 4439 1732 4503 docuimus,
1782 4441 2140 4508 exspectanda
2165 4449 2287 4503 est;

811 4529 858 4561 ⁸³
888 4529 905 4582 1
943 4529 1073 4584 Cor.
1119 4545 1208 4595 xv,
1241 4531 1328 4596 59,
1358 4531 1446 4597 40,
1480 4531 1568 4596 41,
1602 4531 1689 4584 42.
1768 4533 1808 4564 θ’
1832 4533 1989 4599 Ibid.,
2016 4533 2104 4587 41.

743 4597 795 4630 ⁹⁹
834 4599 938 4653 lsa.
970 4613 1019 4662 ι,
1054 4599 1139 4655 11.
1216 4600 1230 4629 ί
1266 4599 1436 4654 lCor.
1470 4616 1546 4665 in,
1593 4601 1675 4653 12.

815 4685 923 4758 (32)
944 4685 1169 4758 Gloriae.
1196 4686 1354 4742 Deest
1384 4689 1542 4741 etiam
1570 4688 1622 4742 in
1646 4690 1918 4758 prioribus
1945 4691 2285 4756 cditionibus,
2318 4695 2362 4750 D

745 4755 838 4812 sed
871 4755 1092 4807 habetur
1126 4757 1176 4807 in
1212 4772 1338 4810 mss.

839 4824 928 4890 55)
960 4820 1053 4876 Sic
1104 4832 1246 4876 recte
1289 4839 1474 4879 omnes
1522 4824 1676 4878 codd.
1735 4843 1860 4881 mss.
1915 4829 2055 4882 Editi
2107 4841 2281 4880 vero:

753 4911 773 4944 ι
806 4893 1115 4966 Qumraitius
1141 4895 1209 4946 ab
1239 4893 1404 4966 eis__ut
1434 4894 1593 4966 etiam
1640 4905 1975 4966 terrenarum
2004 4912 2283 4966 corporum

747 4960 1203 5030 comparationum
1235 4961 1564 5014 diti'ereutias
1600 4964 1888 5030 assigneut.
1931 4982 1951 5015 ι

817 5027 925 5098 ('51)
961 5027 1033 5098 Ita
1062 5044 1190 5082 mss.
1220 5031 1384 5093 Alias,
1420 5048 1437 5079 ‹
1477 5027 1777 5084 ostendere.
1815 5050 1833 5081 ι

723 5096 928 5169 (55)
967 5096 1069 5169 Sic
1109 5099 1445 5169 mssi.tLibb.
1495 5100 1643 5161 editi,
1685 5119 1702 5149 ‹
1763 5101 2195 5169 incorrupteiam.
2260 5119 2279 5152 ι

748 5164 1108 5236 Ibidemlibb.
1137 5168 1287 5236 editi,
1321 5185 1338 5218 ι
1381 5172 1645 5236 quomodo
1679 5169 1947 5236 accipiunt
1975 5164 1994 5220 Ξ
2027 5173 2118 5222 sed
2171 5185 2279 5223 nou

728 5233 1534 5301 .omnesimmutabiniur.'Qu¢e
1580 5233 1898 5291 immuta—tio.
1939 5256 1957 5286 ι
2004 5238 2109 5291 Sed
2136 5254 2282 5292 ,mss.

751 5312 809 5356 ut
839 5303 889 5355 in
922 5313 1104 5356 nostro
1135 5313 1298 5357 textu.
1451 5351 1454 5354 .

819 5370 1212 5445 (56)_Mend_ose
1259 5373 1309 5424 in
1365 5383 1519 5445 antea
1566 5375 1722 5428 editis
1766 5375 1974 5445 legitur,
2013 5391 2033 5424 ι
2071 5375 2284 5441 dignum

750 5439 950 5511 aliquid
976 5455 1043 5493 ex
1074 5440 1262 5511 divina
1285 5443 1451 5509 gratia
1488 5455 1766 5510 sperantes
1796 5439 1899 5497 u'on
1938 5439 2213 5498 convenit.
2263 5462 2281 5496 ι

752 5509 859 5564 Sed
883 5524 1008 5562 mss.
1047 5523 1226 5563 veram
1250 5509 1528 5565 lectionem
1565 5514 1876 5566 restituunt.

755 5645 765 5655 ο
820 5578 931 5648 (57)
973 5578 1191 5647 Corpus.
1228 5579 1388 5633 Deest
1430 5581 1483 5632 in
1527 5593 1679 5634 antea
1711 5584 1888 5643 editis,
1922 5581 2014 5635 sed
2065 5578 2289 5633 habetur

752 5661 806 5702 ιη
837 5662 965 5700 mss.

819 5713 931 5785 (58)
965 5715 1051 5772 Sic
1082 5730 1209 5769 mss.
1242 5714 1394 5770 Libb.
1417 5712 1583 5782 \editi,
1616 5735 1634 5768 ‹
1674 5719 1899 5772 ratione.
1937 5735 1955 5768 ι

819 5786 930 5852 (59)
966 5788 1061 5856 δῖοί
1094 5787 1293 5856 optime
1345 5800 1531 5840 omnes
1583 5787 1740 5839 codd.
1793 5801 1959 5850 mss.;
2030 5786 2287 5840 mendose

750 5865 927 5909 autem
973 5855 1103 5910 libb.
1136 5855 1311 5920 editi,
1388 5872 1407 5906 ι
1466 5856 1704 5910 restituit
1755 5856 1929 5908 vivum
1987 5871 2180 5926 corpus
2231 5864 2322 5910 et.

749 5926 928 5993 spicae.
962 5943 981 5974 ι

2192 4535 2236 4565 θ’
2266 4534 2418 4598 lbid.,
2446 4533 2534 4588 59.
2604 4534 2649 4564 ’⁸
2677 4533 2826 4596 lbid.,
2860 4534 2947 4588 50.
3021 4536 3062 4567 ⁹⁷
3089 4537 3242 4602 lbid.,
3281 4536 3368 4590 51.

2461 3454 2571 3525 (42)
2606 3456 2656 3509 4.
2705 3455 3012 3515 invenimus
3042 3473 3267 3528 namque
3299 3460 3351 3512 in
3395 3458 3532 3513 Isaia
3563 3461 3824 3530 propheta
3852 3459 3944 3517 de-

2392 3546 2592 3615 signari
2641 3546 3060 3618 uniuscujusque
3109 3549 3380 3616 proprium
3431 3564 3552 3604 esse
3604 3552 3782 3620 ignem
3835 3565 3942 3622 quo

2389 3635 2641 3704 punitur;
2690 3637 2764 3688 ait
2813 3637 2954 3690 enim
3009 3636 3118 3707 (i3)
3163 3653 3175 3689 :
3224 3656 3242 3688 ‹
3295 3639 3580 3696 Ainbulate
3638 3641 3691 3695 in
3741 3643 3943 3694 lumine

2389 3725 2527 3792 ignis
2558 3725 2739 3788 vestri,
2774 3733 2821 3779 et
2870 3725 2922 3778 in
2971 3723 3184 3778 ﬂamma
3235 3742 3393 3796 quam
3425 3729 3749 3784 accendistis
3779 3731 3850 3783 υ.
3912 3747 3932 3780 ›

2390 3811 2493 3865 Per
2543 3827 2679 3880 quos
2735 3827 3012 3867 sermones
3071 3813 3170 3869 hoc
3227 3818 3436 3872 videtur
3499 3819 3749 3886 indicari,
3797 3820 3940 3890 quod

2385 3894 2755 3967 unusquisque
2805 3911 3147 3966 peccatorum
3196 3905 3464 3959 ﬂammam
3511 3904 3621 3978 (44)
3672 3909 3774 3964 sibi
3825 3909 3941 3977 ipse

2390 3990 2589 4056 proprii
2647 3990 2785 4057 ignis
2838 3992 3096 4047 accendat
3147 3992 3293 4063 (45),
3342 4005 3395 4047 et
3444 4008 3548 4048 non
3599 3996 3649 4048 in
3702 3996 3939 4067 aliquem

2393 4081 2592 4149 ignem,
2629 4081 2720 4149 qui
2755 4091 2907 4136 antea
2934 4082 3044 4150 jam
3095 4085 3254 4138 fuerit
3283 4099 3541 4140 accensus
3581 4089 3647 4141 ab
3695 4090 3824 4152 alio,
3858 4087 3940 4141 vel

2392 4179 2518 4223 ante
2567 4171 2740 4238 ipsum
2789 4173 3123 4236 substiterit,
3169 4175 3529 4241 demergatur.
3580 4177 3744 4248 Cujus
3800 4176 3940 4245 ignis

2394 4260 2615 4311 materia
2666 4269 2825 4327 atque
2859 4275 2980 4316 esca
3021 4275 3202 4318 nostra
3252 4273 3377 4318 sunt
3418 4275 3655 4335 peccata,
3702 4282 3825 4336 quae
3872 4269 3938 4321 ab

2394 4349 2632 4417 apostolo
2683 4348 2846 4404 Paulo
2898 4349 3042 4419 ligna
3074 4361 3128 4405 et
3182 4350 3360 4406 fenum
3409 4363 3463 4407 et
3513 4357 3706 4424 stipula
3757 4355 3940 4410 nomi-

2397 4448 2591 4492 nantur
2629 4441 2668 4493 ¹.
2709 4439 2771 4492 Ει
2807 4443 3040 4496 arbitror
3072 4443 3214 4509 quod
3246 4443 3387 4495 sicut
3435 4443 3486 4495 in
3533 4458 3753 4513 corpore
3798 4459 3939 4502 esea:

3472 4535 3516 4567 οε
3546 4537 3694 4606 Ibid.,
3726 4539 3816 4605 31,
3846 4538 3936 4594 ss.

2463 4691 2573 4764 (40)
2605 4687 2703 4764 Sic,
2726 4708 2854 4749 mss.
2888 4694 3057 4758 Alias,
3092 4713 3109 4745 ε
3149 4704 3205 4749 ut
3235 4704 3492 4764 resurgat.
3529 4713 3548 4748 ι

2459 4762 2570 4832 (si)
2617 4761 2860 4832 Qrigenis
2908 4766 3231 4832 sententiam
3279 4765 3343 4818 de
3391 4761 3566 4832 pennis
3613 4763 3806 4821 inferni
3847 4768 3934 4822 iii-

2388 4829 2614 4903 yeStigat
2642 4829 2861 4903 ﬂuetius
2887 4829 3455 4903 Origeitiumirumdib.
3500 4848 3560 4897 II,
3613 4846 3806 4903 quast.
3843 4839 3932 4891 11.

2387 4896 2800 4971 lllum'videsis.
2836 4896 3046 4954 Interim
3101 4917 3294 4956 moneo
3339 4901 3452 4955 haec
3495 4896 3657 4956 verba
3687 4920 3701 4956 :
3738 4921 3757 4954 r
3794 4905 3936 4971 Quid

2387 4967 2655 5039 sibivelit
2700 4969 2837 5036 ignis
2889 4973 3072 5022 aeterni
3110 4972 3476 5034 comminatio,
3513 4988 3532 5020 ι
3565 4972 3616 5023 in
3652 4967 3932 5039 prioribus

2389 5035 2916 5090 editionibus’finem
2966 5052 3084 5092 esse
3106 5039 3296 5106 capitis
3328 5039 3542 5101 decimi.
3585 5035 3667 5092 cui
3715 5045 3940 5105 undeci-

2389 5118 2531 5155 mum
2559 5107 2895 5177 subnectitur
2921 5120 3041 5158 cum
3078 5108 3177 5177 hoc
3204 5109 3356 5161 titulo
3385 5125 3398 5160 :
3435 5127 3453 5157 ί
3487 5108 3560 5161 De
3582 5107 3703 5177 igne
3732 5110 3934 5164 inferni

2386 5179 2440 5224 et
2475 5174 2645 5251 pretiis
2671 5173 2903 5251 ejusdem
2927 5189 2941 5236 ;
2973 5193 2992 5224 ι
3019 5176 3110 5227 sed
3138 5176 3188 5227 in
3219 5177 3467 5251 omnibus
3497 5173 3628 5251 mss:
3657 5184 3938 5251 sequentia

2386 5185 2440 5224 et
2475 5185 2645 5292 granis
2671 5185 2903 5251 ejusdem
2927 5189 2941 5236 ;
2973 5193 2992 5224 ι
3019 5185 3110 5227 sed
3138 5185 3188 5227 In
3219 5185 3467 5229 omnibus
3499 5192 3628 5231 mss.
3657 5185 3933 5244 sequentia

2385 5253 2477 5292 ver
2518 5255 2568 5314 a,
2635 5257 2653 5291 ι
2697 5256 2996 5314 invenimus
3042 5244 3364 5314 namquein
3409 5245 3545 5298 Isaia
3593 5247 3882 5314 prapheta,
3913 5266 3933 5297 ι

2389 5309 2638 5362 continua
2657 5311 2793 5362 serie
2825 5321 2941 5377 post
2961 5329 2980 5359 ι
3002 5309 3340 5365 comminatio
3363 5331 3381 5362 ι
3399 5309 3666 5376 ponuntur
3684 5309 3802 5369 sine
3825 5318 3937 5368 ullo

2387 5381 2584 5452 praevio
2608 5379 2781 5452 titulo,
2815 5394 2970 5452 quem
2995 5380 3191 5452 idcirco
3213 5385 3615 5452 expungendum
3639 5398 3757 5439 esse
3777 5385 3938 5439 duxi.

2458 5445 2570 5514 (42)
2606 5448 2769 5506 Alias.
2801 5445 2922 5514 cap.
2947 5448 3034 5501 Μ.

2460 5516 2689 5587 (45)(Αξι
2722 5518 2875 5568 enim.
2912 5516 3069 5571 Deest
3096 5518 3149 5570 in
3184 5517 3340 5573 antea
3385 5520 3563 5587 editis,
3610 5520 3706 5575 sed
3735 5520 3817 5577 sic
3839 5521 3940 5577 ha-

2392 5581 2514 5636 betu
2527 5581 2561 5633 ι’⁷
2579 5586 2628 5634 in
2660 5599 2788 5638 mss.

2458 5652 2567 5719 (44)
2605 5652 2694 5706 Sic
2745 5662 2889 5708 recte
2932 5669 3058 5709 mss.
3112 5655 3284 5718 Alias,
3331 5657 3602 5720 mendose.
3637 5675 3658 5709 ι
3698 5657 3935 5712 indicari

2389 5733 2637 5786 peccator
2691 5734 2746 5774 ut
2797 5723 3084 5785 flammam,
3140 5743 3158 5775 ι
3195 5736 3301 5781 etc.
3352 5726 3547 5778 Ibidem
3593 5725 3722 5779 libb.
3770 5738 3936 5780 antea

2390 5790 2540 5852 editi,
2587 5809 2603 5838 ε
2655 5794 2745 5861 qui
2790 5794 2965 5847 fuerat
3007 5808 3265 5850 accensus
3305 5797 3372 5850 ab
3400 5793 3521 5848 alio.
3562 5811 3582 5843 ι
3613 5792 3746 5850 Mss.
3789 5798 3935 5851 utin

2389 5869 2569 5910 liOSlfO
2600 5871 2764 5915 ιθχιυ.

2462 5928 2571 5996 (ιὸ)
2602 5930 2761 5988 Cave.
2851 5991 2854 5993 λ
