4136 6310
197 565 299 625 937

198 774 313 847 (ιδ)
356 776 540 834 febres
594 791 879 851 generant,
927 791 981 839 et
1028 785 1207 842 febres
1256 774 1455 844 diversi
1504 795 1643 848 modi
1680 795 1759 847 vel

199 868 461 937 taniporis
494 873 793 926 secundum
841 888 959 929 eam
1010 891 1315 933 mensuram
1350 879 1454 949 qua
1500 882 1761 953 intempe-

200 958 312 1013 ries
339 960 567 1016 collecta
601 964 880 1018 materiam
924 970 1253 1039 suggesserit
1298 986 1361 1027 ac
1394 972 1636 1030 fomitem
1678 976 1758 1031 fe-

198 1047 414 1114 brium;
443 1065 564 1119 qua:
604 1055 843 1107 materiae.
869 1056 1106 1124 qualitas
1131 1074 1195 1114 ex
1244 1061 1756 1135 diversawintempe-

198 1137 282 1190 rie
328 1148 676 1209 congregata,
729 1157 892 1198 causa
946 1145 1026 1199 vel
1086 1148 1381 1206 acerbioris
1425 1155 1619 1217 morbi,
1671 1156 1757 1211 vel

192 1225 509 1293 prolixioris
543 1229 795 1292 exsistit;
845 1233 915 1286 ita
960 1234 1137 1289 anima
1192 1253 1314 1293 cum
1358 1242 1755 1298 multitudinem

199 1314 474 1369 maiorum
515 1324 735 1387 operum
781 1318 894 1391 (47)
944 1332 997 1377 et
1030 1327 1410 1383 abundantiam
1444 1330 1495 1385 in
1528 1348 1584 1388 se
1629 1349 1757 1388 con-

194 1409 514 1475 gregaverit
554 1422 919 1479 peccatorum,
949 1421 1273 1486 competenti
1308 1429 1549 1489 tempore
1580 1426 1755 1480 omnis

194 1498 285 1550 illa
316 1500 581 1555 malorum
599 1506 951 1577 congregatio
971 1507 1277 1565 effervescit
1304 1515 1371 1565 ad
1404 1515 1746 1583 supplicium,

190 1601 356 1659 atque
389 1591 752 1650 inﬂammatur
783 1598 893 1668 (48)
924 1599 993 1653 ad
1021 1611 1243 1669 poenas;
1277 1618 1399 1657 cum
1436 1621 1584 1661 mens
1614 1607 1753 1676 ipsa,

190 1681 276 1735 vel
321 1685 659 1739 conscientia
712 1702 808 1755 per
864 1689 1102 1744 divinam
1159 1692 1415 1751 virtutem
1465 1699 1647 1752 omnia
1695 1700 1751 1754 in

193 1774 518 1826 memoriam
562 1775 845 1845 recipiens,
872 1793 1099 1848 quorum
1150 1782 1205 1835 in
1260 1780 1554 1856 semetipsa
1600 1790 1751 1859 signa

188 1861 443 1929 quaedam
475 1872 529 1918 et
553 1862 775 1930 formas,
826 1882 946 1923 cum
988 1882 1260 1940 peccaret,
1301 1887 1664 1946 expresserat,
1697 1892 1752 1934 et

186 1952 531 2022 singulorum
567 1970 685 2023 quae
712 1957 795 2011 vel
835 1958 977 2014 fcede
1023 1976 1083 2016 ac
1118 1964 1344 2032 turpiter
1369 1978 1631 2033 gesserat,
1666 1972 1749 2026 vel

1497 583 1699 641 LIBER
1741 586 2123 650 SECUNDUS.

198 684 536 750 abundantia
582 697 647 745 et
699 691 931 762 qualitas
965 703 1017 748 et
1043 696 1315 777 quantitas
1342 699 1445 755 cibi
1494 706 1760 758 contraria
1795 712 1834 765 Α
1863 720 1978 775 est;
2030 728 2098 767 an
2153 715 2237 770 his
2284 715 2565 775 aﬂ‘ectibus
2605 722 2900 789 immutatis
2933 734 3203 799 generalis

202 774 310 799 ΙΙΩὶ
358 776 536 799 ι’-ι....-
604 794 654 799 μ-
713 798 723 799 γ
839 791 851 799 .
962 791 973 799 .
1031 785 1051 799 ιι
1084 788 1095 799 ι
1276 789 1307 799 ..
1442 793 1455 799 -
1612 795 1640 799 --
1746 795 1757 799 -

3312 616 3420 675 238

1866 752 1978 775 νυ,
2030 752 2098 767 ι...
2154 752 2237 770 ...ο
2284 752 2565 775 ωυιιιυυο
2605 752 2900 789 ana-mutatus
2933 752 3203 799 generalis
3233 752 3408 806 pana:

1866 802 2095 859 Stimulis
2123 808 2476 866 vexabuntur.
2533 813 2636 869 Sed
2671 825 2726 871 et
2769 818 2927 873 aliam
2974 822 3086 895 (51)
3131 824 3418 897 supplicio-

1868 909 1982 948 rum
2029 900 2260 967 speciem
2313 903 2536 976 intelligi
2595 910 2832 966 arbitror
2876 930 3052 983 posse,
3101 923 3226 990 quia
3275 926 3417 981 sicut

1864 988 2079 1054 quidem
2114 992 2378 1059 sentimus
2408 996 2579 1051 soluta
2612 1003 2860 1071 corporis
2906 988 3143 1064 membra
3191 1024 3350 1083 atque
3384 1032 3415 1071 a

1864 1080 1976 1131 suis
2017 1080 2241 1135 invicem
2290 1084 2503 1139 divulsa
2539 1093 2887 1160 compagibus
2930 1096 3177 1155 immensi
3214 1080 3419 1161 doloris

1867 1183 2128 1237 generare
2164 1172 2487 1239 cruciatum,
2522 1176 2597 1232 ita
2626 1194 2745 1233 cum
2780 1185 2958 1239 anima
2993 1198 3143 1243 extra
3170 1192 3413 1250 ordinem

1864 1268 2024 1328 atque
2056 1276 2389 1331 compagem,
2418 1265 2499 1317 vel
2523 1280 2642 1320 eain
2679 1269 3014 1326 harmoniam
3039 1293 3142 1347 qua
3175 1281 3239 1333 ad
3274 1268 3413 1337 bene

1863 1352 2129 1419 agendum
2163 1363 2218 1407 et
2250 1354 2447 1408 utiliter
2480 1358 2820 1414 sentiendum
2868 1377 2898 1416 a
2944 1364 3049 1421 Deo
3092 1382 3268 1425 cleata
3301 1383 3408 1439 est,

1864 1439 2025 1495 fuerit
2069 1442 2308 1509 inventa,
2346 1461 2443 1499 nec
2484 1446 2800 1519 sibimetipsi
2846 1458 3240 1515 rationabiiium
3290 1480 3407 1520 mo-

1849 1526 2008 1583 tuum
2049 1536 2364 1603 compagine
2405 1551 2719 1603 consonare,
2752 1555 2967 1610 pmnam
3001 1534 3407 1624 cruciatumque

1858 1623 2095 1689 putanda
2141 1624 2212 1677 sit
2253 1626 2619 1697 suimelipsius
2658 1630 2797 1686 ferre
2846 1635 3073 1707 dissidii,
3120 1650 3173 1695 et
3225 1623 3407 1701 incon-

1858 1715 2066 1767 stantite
2080 1728 2209 1779 suat,
2230 1725 2389 1785 atque
2408 1718 2816 1779 inordinationis
2844 1729 3401 1802 sentiresupplicium.

1857 1801 1988 1869 Quae
2020 1805 2211 1859 anima:
2238 1806 2517 1865 dissolutio
2544 1821 2704 1881 atque
2751 1814 2979 1873 divulsio
3023 1836 3143 1875 cum
3167 1801 3404 1883 adhibiti

1857 1891 1992 1960 ignis
2028 1894 2233 1949 ratione
2286 1895 2448 1952 fuerit
2490 1901 2814 1969 explorata,
2842 1905 2958 1961 sine
3005 1908 3163 1965 dubio
3197 1914 3263 1969 ad
3313 1915 3405 1970 fir-

1857 1981 2081 2037 miorem
2132 1986 2213 2039 sui
2258 1988 2627 2058 compaginem
2680 1993 3231 2069 instaurationemque
3276 2006 3403 2061 soli-

186 2044 357 2098 etiam
395 2044 555 2114 impie
587 2050 952 2117 commiserat,
987 2052 1263 2109 historiam
1310 2059 1595 2125 quamdam
1630 2076 1747 2117 sce-
1773 2061 1820 2114 Β
1848 2070 2026 2130 datttr.

185 2134 362 2189 terum
396 2153 618 2194 suorum
651 2148 775 2194 ante
806 2143 990 2199 oculos
1016 2160 1142 2200 suos
1175 2148 1376 2203 videbit
1408 2151 1743 2219 expositam;

186 2232 321 2280 tunc
347 2236 405 2282 et
433 2230 545 2298 ipsa
576 2232 910 2288 conscientia
952 2238 1188 2305 propriis
1232 2241 1466 2296 stimulis
1512 2244 1747 2313 agitatur

182 2323 351 2385 atque
383 2324 782 2390 compungitur,
817 2333 871 2378 et
917 2327 999 2379 sui
1034 2327 1144 2396 ipsa
1177 2328 1407 2385 efficitur
1439 2335 1742 2390 accusatrix

181 2415 237 2462 et
284 2410 467 2466 testis.
523 2404 682 2478 Quod
722 2415 800 2489 ita
856 2418 1093 2472 sensisse
1141 2431 1266 2489 puto
1306 2423 1467 2477 etiam
1522 2425 1740 2480 Paulum

179 2500 487 2565 apostolum
516 2516 637 2555 cum
671 2503 800 2558 dicit
852 2520 866 2558 :
904 2524 924 2557 ‹
962 2506 1106 2562 Inter
1154 2524 1211 2563 se
1258 2511 1487 2567 invicem
1537 2518 1745 2586 cogita-

181 2587 425 2644 tionibus
454 2593 850 2658 accusantibus,
884 2607 982 2651 aut
1014 2598 1177 2651 etiam
1226 2600 1639 2662 defendentibus
1685 2608 1739 2662 in

178 2679 265 2734 die
314 2696 422 2750 qua
463 2682 722 2751 judicabit
770 2688 910 2744 Deus
966 2691 1175 2746 occulta
1210 2693 1507 2761 hominum,
1546 2714 1740 2753 secun-

177 2769 306 2824 dum
346 2771 695 2852 Evangelium
726 2791 901 2830 meum
930 2793 1025 2847 per
1052 2778 1235 2855 Iesum
1263 2784 1587 2842 Christum'.
1616 2786 1740 2846 tEx

173 2870 283 2928 quo
315 2860 635 2928 intelligitur
665 2867 805 2932 quod
851 2867 996 2923 circa
1047 2874 1217 2940 ipsam
1247 2875 1441 2931 animm
1483 2880 1742 2951 substanc

176 2948 308 3001 tiam
349 2960 615 3004 tormenta
649 2954 890 3022 quaedam
929 2971 996 3012 ex
1031 2960 1161 3030 ipsis
1190 2975 1529 3033 peccatorum
1563 2948 1740 3028 noxiis

177 3029 463 3096 aﬂ'ectibus
494 3055 841 3111 generantur.

245 3148 296 3202 5.
337 3148 403 3203 Et
431 3166 499 3205 ne
546 3153 679 3209 satis
710 3156 804 3210 tibi
836 3157 993 3227 hujus
1026 3162 1103 3215 rei
1154 3164 1460 3225 intellectus
1489 3168 1729 3226 diliicilis

172 3251 451 3309 appareat,
504 3245 834 3301 considerari
880 3251 1135 3317 possibile
1170 3264 1253 3309 est
1286 3272 1352 3312 ex
1401 3258 1484 3313 his
1517 3262 1724 3329 passio-

173 3340 302 3381 num
331 3330 503 3395 vitiis,
533 3346 653 3401 qua:
680 3335 963 3394 animabus
1006 3342 1253 3398 accidere
1299 3346 1492 3413 solent,
1541 3350 1592 3403 id
1621 3360 1727 3414 est,
1757 3384 1797 3438 Ο
1838 3330 2048 3433 ieram,

173 3408 289 3438 μζ..-
335 3419 416 3438 ---ι
467 3418 581 3438 ιμμ
629 3425 686 3438 ,-,
898 3427 908 3438 .
962 3434 967 3438 .
1119 3430 1131 3438 .
1281 3432 1372 3438 η-.

170 3408 294 3470 cum
335 3419 418 3473 vel
466 3418 697 3478 ﬂammis
740 3427 941 3481 amoris
962 3430 1228 3496 jexuritur
1270 3432 1380 3506 (49)
1414 3438 1611 3506 anima,
1643 3440 1727 3494 vel

177 3509 299 3577 zeli,
350 3511 435 3566 vel
483 3510 669 3569 livoris
722 3516 938 3586 ignibus
968 3530 1302 3590 maceratur;
1352 3534 1443 3580 aut
1492 3543 1611 3582 cum
1646 3532 1725 3585 ira

171 3601 432 3670 agitatur,
462 3603 542 3659 vel
564 3619 684 3659 cum
714 3607 955 3679 insania,
983 3613 1065 3675 vel
1101 3614 1333 3671 tristitia
1360 3615 1726 3675 immensitate

168 3695 529 3762 consumitur,
570 3699 835 3766 quomodo
864 3700 1079 3769 horum,
1104 3705 1366 3760 malorum
1419 3708 1723 3768 nimietates

170 3780 431 3852 aliquanti
482 3788 893 3844 intolerabiliter
938 3790 1200 3862 ferentes,
1241 3812 1467 3853 mortem
1520 3804 1719 3867 subire,

168 3885 329 3943 quam
361 3874 478 3947 (50)
506 3880 871 3950 hujuscemodi
906 3888 1176 3944 cruciatus
1206 3894 1430 3961 perpeti,
1473 3895 1721 3949 tolerabi-

170 3962 270 4019 lius
305 3965 564 4024 babuere.
613 3970 877 4042 Requircs
925 3990 1058 4031 sane
1098 3980 1142 4034 si
1195 3981 1278 4035 his
1319 3984 1408 4051 qui
1466 3985 1717 4039 vitiorum

170 4056 321 4111 malis
356 4058 476 4114 istis
520 4076 639 4130 qua:
682 4079 842 4133 supra
890 4066 1144 4137 diximus,
1183 4071 1374 4127 irretiti
1430 4085 1574 4142 sunt,
1621 4092 1718 4131 nec

169 4148 559 4207 emendationis
584 4152 788 4225 aliquid
816 4154 868 4208 in
896 4155 999 4212 hac
1026 4159 1135 4213 vita
1164 4163 1338 4218 adhuc
1366 4168 1528 4234 positi
1572 4183 1717 4221 com-

168 4250 355 4305 parare
407 4242 624 4298 sibimet
660 4258 970 4315 potuerunt,
1020 4259 1077 4304 et
1122 4251 1193 4306 ita
1240 4266 1307 4307 ex
1360 4256 1461 4309 hoc
1515 4256 1714 4310 mundo

168 4329 567 4403 abscesserunt,
618 4337 846 4395 suﬂiciat
892 4341 999 4397 illis
1046 4343 1112 4396 ad
1160 4356 1372 4411 pmnam
1420 4346 1559 4414 quod
1608 4347 1712 4401 illis

167 4421 291 4489 ipsis
318 4428 737 4491 perdurantibus
777 4432 830 4486 in
874 4447 932 4488 se
958 4434 1132 4488 noxiis
1163 4433 1442 4490 aﬂ‘ectibus
1468 4438 1712 4505 crucian-

150 4518 266 4576 tur,
315 4515 367 4569 id
411 4526 517 4582 est,
548 4519 631 4573 vel
677 4521 794 4587 ira,
838 4521 919 4577 vei
969 4523 1186 4587 furoris,
1218 4525 1303 4578 vel
1344 4524 1585 4592 insaniae,
1628 4526 1709 4580 vel

167 4609 431 4673 mroris,
461 4625 689 4679 quorum
733 4612 917 4681 utique
979 4604 1315 4668 mortiferum
1368 4617 1516 4670 virus
1562 4617 1707 4669 nullo

1915 2185 1968 2239 ε.
2006 2186 2166 2242 Multa
2213 2202 2339 2245 sunt
2368 2193 2528 2247 etiam
2560 2195 2662 2249 alia
2691 2210 2806 2264 quae
2836 2214 2933 2256 nos
2957 2200 3147 2270 latent,
3176 2219 3294 2274 quae
3326 2207 3401 2264 illi

1846 2276 1945 2335 soJ-i
1986 2280 2195 2348 cognita
2250 2292 2396 2346 sunt,
2429 2286 2518 2353 qui
2556 2295 2638 2340 est
2678 2286 2915 2345 medicus
2956 2294 3256 2351 animarum
3299 2312 3400 2352 no-

1844 2376 2104 2422 strarum.
2146 2369 2203 2424 Si
2239 2374 2379 2426 enim
2431 2376 2495 2429 ad
2548 2381 2791 2446 corporis
2834 2384 3120 2439 sanitatem
3180 2400 3277 2455 pro
3314 2388 3400 2443 his

1845 2458 1986 2511 vitiis
2015 2474 2131 2526 qua
2165 2476 2259 2529 per
2290 2478 2467 2518 escam
2516 2478 2807 2538 potumque
2846 2471 3175 2541 collegimus,
3206 2486 3398 2532 neces-

1844 2550 2040 2603 sariam
2096 2552 2356 2607 habemus
2399 2556 2669 2613 interdum
2714 2563 3028 2618 austerioris
3079 2579 3143 2620 ac
3178 2568 3429 2623 morda-’

1844 2640 2006 2695 cioris
2040 2639 2150 2712 (52)
2182 2644 2556 2703 medicamenti
2585 2664 2805 2717 curam;
2835 2668 3211 2726 nonnunquam
3242 2674 3391 2724 vero,

1844 2729 1887 2783 si
1938 2730 1989 2784 id
2044 2732 2159 2785 vitii
2206 2734 2435 2802 qualitas
2476 2739 2871 2808 depoposcerit,
2934 2746 3111 2817 rigore
3159 2747 3287 2804 ferri
3333 2762 3392 2806 et

1842 2822 2097 2879 sectionis
2137 2827 2427 2895 asperitate
2454 2829 2785 2901 indigemus;
2834 2837 2975 2907 quod
3012 2840 3055 2895 si
3085 2842 3246 2896 etiam
3278 2843 3393 2899 b:ec

1840 2927 2221 2982 supergressus
2278 2915 2442 2971 fuerit
2504 2923 2676 2975 morbi
2736 2926 2958 2991 modus,
3005 2930 3073 2984 ad
3142 2929 3389 2986 ultimum

1840 3015 2157 3072 conceptum
2184 3004 2372 3060 vitium
2404 3009 2566 3063 etiam
2607 3011 2746 3079 ignis
2781 3018 3001 3083 exurit;
3046 3030 3246 3089 quanto
3277 3038 3391 3076 ma-

1838 3093 1919 3162 gis
1969 3094 2375 3165 intelligendum
2425 3108 2508 3154 est
2544 3111 2597 3153 et
2650 3102 2791 3159 hunc
2841 3109 3101 3164 medicum
3145 3121 3388 3169 nostrum

1838 3184 2003 3238 Deum
2032 3186 2299 3242 volentem
2330 3189 2537 3245 diluere
2563 3191 3022 3251 vitia-animarum
3056 3209 3381 3268 nostrarum,

1836 3287 1955 3341 qua:
1982 3289 2049 3328 ex
2085 3286 2428 3343 peccatorum
2475 3289 2530 3334 et
2570 3281 2833 3337 scelerum
2867 3285 3177 3343 diversitate
3224 3289 3386 3345 coite-

2082 3366 2157 3419 uti
2205 3366 2567 3437 hujuscemodi
2592 3373 2906 3457 pmnalibus
2951 3379 3114 3457 curis,
3162 3380 3379 3448 insuper

1833 3452 1993 3507 etiam
2030 3453 2166 3522 ignis
2196 3453 2398 3509 inferre
2448 3456 2773 3525 supplicium
2821 3459 2907 3515 his
2948 3452 3059 3529 qui"
3092 3463 3378 3519 sanitatem

1833 3543 2025 3597 anima:
2098 3542 2484 3610 perdiderunt?
2543 3541 2705 3613 Cujus
2753 3550 2829 3603 rei
2897 3551 3050 3622 103
3118 3553 3380 3623 imagines

1831 3634 1990 3688 etiam
2022 3634 2075 3688 in
2111 3634 2403 3705 Scripturis
2440 3640 2644 3693 sanctis
2688 3640 3016 3696 referuntur.
3054 3642 3290 3713 Denique
3319 3644 3374 3701 in

1831 3722 2241 3778 Deuteronomio
2285 3740 2461 3779 sermo
2494 3726 2706 3782 divinus
2744 3731 3111 3797 peccatoribus
3154 3733 3374 3790 commi-

1830 3815 2043 3878 uatur',
2067 3816 2206 3883 quod
2239 3814 2477 3872 febribus
2511 3830 2565 3873 et
2594 3821 2883 3889 frigoribus
2911 3832 2965 3875 et
2997 3823 3237 3891 aurigine
3274 3839 3370 3894 pu-

1827 3904 2060 3969 nientur,
2080 3912 2136 3957 et
2166 3902 2439 3958 oculorum
2466 3900 2910 3973 vacillationibus,
2938 3917 2993 3963 et
3024 3912 3217 3968 mentis
3243 3913 3371 3970 alie-

1827 3994 2065 4059 natione,
2109 4004 2164 4048 et
2213 3995 2545 4065 paraplexia,
2576 4006 2629 4052 et
2679 4000 2940 4061 caecitate,
2990 4016 3054 4057 ac
3096 4003 3367 4062 debilitate

1825 4099 2013 4138 renum
2034 4086 2310 4139 cruciandi
2331 4087 2459 4143 sint.
2480 4087 2534 4141 Si
2561 4088 2682 4156 quis
2710 4088 2870 4157 igitur
2895 4106 2961 4145 ex
2988 4093 3097 4148 otio
3126 4093 3193 4148 de
3220 4094 3366 4153 omni

1820 4174 2097 4243 Scriptura
2138 4187 2423 4245 congreget
2461 4193 2647 4235 omnes
2677 4180 2991 4251 ianguorum
3034 4198 3367 4246 commemo-

1824 4267 2077 4331 rationes,
2101 4281 2222 4334 qua:
2280 4268 2333 4319 in
2393 4270 2805 4325 comminatione
2834 4270 2942 4342 (53)
2993 4276 3367 4341 peccatoribus

1819 4355 1964 4407 velut
2020 4368 2399 4423 corporearum
2470 4358 2847 4427 aegritudinum
2916 4364 3365 4432 appellationibus

1819 4456 2212 4509 memorantur,
2244 4446 2482 4502 inveniet
2509 4450 2648 4517 quod
2678 4445 2975 4505 animarum
3004 4454 3087 4509 vel
3114 4456 3362 4522 vitia,vel

1815 4537 2069 4604 supplicia
2115 4552 2211 4605 per
2257 4538 2357 4591 hoc
2391 4538 2687 4607 figuraliter
2721 4543 3046 4598 iudicentur.
3078 4545 3147 4601 Ut
3178 4556 3359 4606 autem

1816 4623 2173 4692 intelligamus
2220 4625 2341 4693 quia
2377 4641 2439 4679 ea
2475 4628 2682 4683 ratione
2714 4643 2817 4698 qua
2852 4630 3045 4686 medici
3093 4631 3358 4701 adjutoria

168 4694 215 4749 in
244 4697 346 4752 bac
388 4700 498 4752 vita
532 4702 927 4759 emendationis
973 4706 1365 4761 medicamento
1410 4707 1703 4777 mitigatum
1743 4725 1786 4777 ι)
1817 4711 2184 4781 languentibus
2222 4714 2499 4782 adhibent,
2531 4727 2589 4772 ut
2618 4733 2713 4789 per
2743 4734 2902 4775 curas
2938 4732 3185 4792 reparent
3212 4726 3358 4784 sani-
3398 4746 3403 4747 ί

215 4825 246 4865 ’¹
277 4834 524 4899 Rom.tt,
551 4836 638 4901 t3,
676 4838 764 4897 t6.
856 4840 876 4871 ⁸
919 4810 1073 4897 Deut.
1108 4856 1295 4898 xxvm.

227 4973 684 5047 (tdeontraria.
735 4977 893 5031 Deest
940 4977 993 5030 in
1040 4980 1306 5046 prioribus
1349 4982 1695 5046 editionibus,

165 5046 249 5118 sed
278 5046 508 5100 habetur
538 5047 744 5118 ingtnss.
777 5047 940 5100 Paulo
964 5056 1079 5115 post
1112 5063 1265 5113 mss.,
1301 5069 1319 5100 ‹
1357 5052 1697 5118 intemperies

164 5114 387 5187 collecta;
422 5116 703 5187 materiam
732 5118 1103 5187 Lsuggesserit.
1164 5135 1183 5166 ι
1233 5118 1380 5172 Alias
1402 5114 1549 5187 pro}
1587 5121 1697 5175 col-

166 5180 289 5253 lecta
326 5204 345 5235 ι
376 5185 579 5253 legitur
607 5203 625 5237 ί
662 5180 961 5240 collectam.
1000 5203 1019 5235 ι

227 5252 333 5323 (47)
377 5252 691 5325 Itauauinta
734 5271 849 5308 cum
876 5254 1252 5308 multitudinem
1293 5254 1547 5310 malorum
1580 5275 1698 5325 ope-

165 5334 290 5384 runt,
316 5322 429 5379 etc.
463 5322 833 5396 Hunelocum
876 5326 1182 5396 summatim
1216 5325 1378 5396 refert
1429 5322 1696 5396 Hierony-

1806 4980 2013 5061 pictura
2043 4982 2385 5067 describitur,
2418 4998 2480 5039 ac
2510 4984 2815 5067 praeteritas
2860 4983 3163 5067 voluptates
3201 5000 3352 5067 mens

1806 5053 2019 5121 intuens
2052 5053 2391 5121 conscientia
2421 5054 2638 5119 punitur
2661 5053 2875 5118 ardore,
2912 5061 2965 5106 et
3000 5053 3351 5121 paenitudinis

1804 5120 2039 5173 stimulis
2071 5120 2391 5175 confoditur.
2430 5138 2449 5170 ι

1873 5190 1985 5257 (48)
2036 5187 2125 5243 Sic
2160 5203 2289 5243 mss.
2336 5189 2502 5252 Alias,
2536 5205 2556 5240 ‹
2590 5198 2748 5260 atque
2787 5189 3105 5258 supplicium
3140 5191 3348 5250 inﬂam-

2041 5276 2133 5377 i’el
2178 5325 2406 5399 ﬂammis
2452 5329 2647 5399 amaris
2690 5329 2947 5384 exuritur.
2990 5328 3067 5385 Ita
3112 5346 3244 5387 mss.
3286 5333 3344 5388 In

1799 5395 1958 5451 editis
1986 5395 2134 5447 deest
2162 5396 2243 5445 vel
2267 5404 2319 5448 et
2343 5397 2561 5450 amoris.

165 5402 271 5443 mus
294 5393 450 5459 epist.
480 5393 551 5447 9t
577 5393 641 5446 ad
667 5393 878 5448 Avitqu
908 5395 989 5448 his
1014 5393 1223 5447 verbis:
1255 5412 1273 5444 ‹
1312 5394 1464 5463 ignes
1485 5393 1697 5466 quoque
1799 5393 1958 5451 editis
1986 5395 2134 5447 deest
2162 5396 2243 5445 uel
2267 5404 2319 5448 et
2343 5397 2561 5477 amoris.
2802 5449 2823 5476 ζ
3180 5468 3191 5479 .

165 5458 405 5535 gehennae
430 5472 487 5515 et
517 5470 778 5535 tormenta
818 5478 935 5532 quae
962 5462 1243 5535 Scriptura,
1279 5474 1464 5535 sancta
1506 5480 1692 5533 pecca-
1853 5461 1979 5535 (50)
2017 5461 2093 5535 Ita
2146 5476 2273 5516 mss.
2319 5466 2485 5529 Alias,
2532 5484 2550 5517 ε
2607 5468 2700 5518 im
2742 5472 2980 5535 agitatur
3021 5468 3229 5522 insania
3260 5469 3343 5525 vel

164 5458 405 5525 gehennae
430 5472 487 5515 et
517 5470 778 5542 tormenta
818 5478 935 5532 quae
962 5462 1245 5549 Scriptura.
1279 5458 1692 5549 sancta'pccéa-
1798 5541 1812 5549 _
1836 5461 2485 5549 A_(§.ll)gultfa_#m‘ss.._Aiias,
2532 5484 2550 5517 ε
2607 5468 2716 5549 irae
2742 5470 2980 5535 agitatur
3004 5468 3229 5549 insania
3260 5469 3365 5549 vel,

166 5528 357 5583 toribus
409 5531 789 5597 comminatur,
824 5528 928 5587 non
962 5528 1109 5599 ponit
1134 5530 1432 5603 (Origenes)
1476 5528 1527 5588 in
1570 5551 1695 5602 sup-
1797 5528 2029 5587 tristitiae
2053 5532 2413 5618 immensitate
2453 5528 2812 5618 consumitur:
2857 5538 3338 5618 quoniamdiorum

167 5595 318 5618 -I:-:!-
381 5599 548 5618 --J2_
592 5615 640 5618 -_
695 5603 759 5618 κγ·
844 5603 876 5618 ,υ
958 5616 1077 5618 ,__,,
1120 5609 1133 5618 Δ
1509 5605 1521 5618 ι
1597 5604 1635 5618 n
1675 5606 1689 5618 ο
1809 5603 2051 5618 Α--ι-ηᾼ-μ--
2135 5616 2190 5618 ηᾼ
2218 5612 2279 5618 -,.

167 5595 343 5662 pliciis,
378 5601 473 5653 sed
502 5599 554 5653 in
584 5595 912 5656 conscientia
956 5595 1557 5683 peccatorum_,'qu'ando
1596 5595 1689 5660 Dei
1794 5603 2055 5683 malorum
2094 5599 2318 5683 durities
2347 5604 2607 5674 aliquanti
2653 5595 3064 5661 intolerabiliter
3106 5596 3337 5663 ferentes

166 5666 349 5722 virtute
382 5678 439 5722 et
475 5671 916 5751 potentiaomnis
946 5666 1199 5755 memoria
1226 5666 1539 5755 delictorum
1563 5684 1689 5731 ante

1850 5671 2134 5755 951992.”,
2170 5688 2189 5721 ι
2228 5682 2377 5755 εισι..
2435 5666 2455 5674 “

164 5739 332 5814 oculos
356 5736 583 5819 nostros.
609 5740 917 5825 poni’tur,“et
948 5740 1128 5823 .veluti.
1148 5756 1214 5795 ex
1245 5743 1559 5825 quibusdam
1600 5760 1685 5799 se-
2016 5736 2105 5825 $9
2136 5755 2264 5795 mss.
2300 5742 2465 5825 ᾼρξξιε.
2506 5761 2525 5794 t
2551 5743 2813 5825 ‘aiio_ruttt._
2843 5762 2897 5825 ι.

166 5805 379 5862 minibus
416 5808 470 5861 in
496 5805 678 5861 anima
717 5805 1287 5894 de'relictiauuniversa
1319 5812 1572 5892 vitiorum
1604 5828 1689 5894 se:
2003 5806 2267 5894 literas-5.
2296 5812 2466 5894 ‘Alias,
2500 5814 2952 5894 «.modgratioris.
2982 5831 3003 5865 ι
3166 5893 3169 5894 ν
3208 5884 3220 5894 _
3292 5885 3306 5894 _
3390 5850 3414 5876 ιι

164 5887 247 5942 ges
283 5877 558 5943 exoritur,
610 5883 663 5930 et
703 5878 961 5949 quidquid
1010 5879 1307 5962 feceramus
1355 5880 1407 5935 in
1452 5882 1560 5936 vita
1606 5882 1689 5937 vel
1797 5959 1810 5964 _
1861 5877 1973 5964 (55)
1999 5877 2058 5964 in
2093 5879 2250 5964 editis
2278 5880 2429 5964 deest
2462 5882 2573 5964 (“in
2606 5877 3037 5950 comminatione,
3070 5904 3091 5936 ι
3126 5893 3178 5940 et
3206 5884 3338 5953 Ιυκίο

167 5950 304 6015 turpe
330 5949 413 6003 vel
440 5948 685 6019 impium,
711 5948 884 6004 omnis
905 5965 1093 6006 eorum
1114 5951 1168 6007 in
1188 5959 1476 6023 conspectu
1505 5962 1689 6009 nostro
1796 5959 1905 6016 tur,
1939 5948 1959 6000 t
1989 5962 2109 6020 qua:
2133 5950 2199 6007 de
2228 5953 2619 6022 peccatoribus.
2654 5971 2675 6003 ι
