4118 6308
709 461 819 522 259

1936 452 2092 509 OBIG
2101 452 2251 526 suis
2267 482 2271 487 ι
2288 449 2447 509 ΠΕΡι
2485 455 2716 509 APXON

3832 445 3926 504 210

715 594 904 650 tatem,
940 582 1104 638 etiam
1145 581 1283 636 Deus
1302 579 1426 648 agit
1454 579 1600 634 circa
1638 594 1735 634 eos
1765 578 1856 649 qui
1889 577 2024 648 lapsi
2054 587 2201 636 sunt,
2225 585 2281 630 et
2308 582 2352 639 Α
2386 577 2637 644 puritatis
2665 581 2933 644 assumpta
2954 580 3058 640 est,
3076 587 3195 643 quae
3217 572 3402 642 utique
3424 586 3550 641 pars
3571 577 3757 640 atpote
3773 567 3929 626 amica

716 679 1034 735 deciderunt
1085 676 1138 730 in
1199 685 1440 745 peccata,
1492 674 1695 728 indicio
1739 681 1820 727 est
1867 681 1920 726 et
1965 671 2094 726 illud
2139 670 2274 741 (54),

713 771 857 839 quod
889 785 984 840 per
1014 767 1319 824 Jeremiam-
1348 766 1669 836 prophetam
1712 763 1932 834 jubetur
1956 762 2093 819 calix
2128 763 2271 817 furo-

719 864 793 918 ris
822 863 935 934 (55)
972 861 1061 915 Dei
1109 859 1380 931 propinari
1417 857 1670 912 omnibus
1698 857 1944 926 gentibus
1981 865 2039 909 ut
2069 855 2274 917 bibant,

713 967 766 1027 et
824 956 1118 1018 insaniant,
1166 962 1220 1008 et
1275 950 1587 1006 evomant‘.
1633 950 1686 1003 in
1750 967 1859 1020 quo
1920 950 2278 1002 conuuiuatur

715 1047 959 1110 dicens“,
993 1046 1116 1116 quia
1141 1047 1187 1100 si
1216 1045 1336 1114 quis
1381 1044 1610 1099 noluerit
1651 1043 1855 1107 bibere,
1895 1056 2000 1093 non
2053 1041 2277 1092 munda-

713 1140 877 1194 bitur.
925 1138 998 1192 Ex
1053 1152 1160 1206 quo
1204 1139 1392 1206 utique
1439 1135 1759 1203 intelligitur
1783 1136 1924 1205 quod
1978 1132 2128 1186 furor
2161 1132 2278 1185 vin-

714 1231 869 1285 dicta!
907 1228 995 1282 Dei
1031 1228 1097 1280 ad
1135 1227 1507 1296 purgationem
1541 1225 1757 1295 prolicit
1784 1224 2106 1279 animarum.
2135 1222 2277 1288 Quo-

716 1321 860 1375 niam
900 1330 1076 1374 autent
1101 1319 1210 1389 (56)
1237 1331 1287 1373 et
1315 1333 1376 1373 ea
1412 1333 1570 1389 pteua
1599 1315 1717 1386 quae
1756 1331 1852 1386 per
1879 1315 2052 1384 ignem
2091 1313 2275 1368 inferri

715 1413 909 1467 dicitur
956 1413 1092 1484 (5'7),
1146 1429 1241 1480 pro
1283 1411 1552 1481 adjutorio
1626 1407 1944 1478 intelligitur
2007 1407 2270 1470 adhiberi,

717 1504 881 1559 Isaias
912 1503 1200 1572 doect,qui
1229 1503 1294 1556 de
1323 1500 1488 1556 Israel
1516 1501 1731 1569 quidem
1759 1501 1838 1554 sie
1862 1498 1985 1553 dicit
2011 1516 2023 1550 :
2050 1497 2276 1550 «Abluet

719 1595 974 1651 Dominus
1005 1596 1192 1650 sordes
1225 1594 1480 1658 ﬁliorum,
1514 1593 1594 1645 vel
1629 1593 1854 1646 ﬁliarum
1892 1591 2042 1656 Sion,
2068 1601 2123 1644 et
2153 1607 2274 1644 san-

715 1689 930 1759 guinem
976 1688 1296 1758 cxpurgabit
1333 1702 1362 1739 e
1399 1670 1846 1754 metlio‘ipsorum
1874 1684 2063 1754 spiritu
2086 1683 2276 1752 judicii

714 1793 768 1837 et
806 1781 998 1851 Spiritu
1042 1780 1271 1833 ustionis
1295 1779 1335 1832 ⁸.
1377 1799 1395 1831 ι
1438 1779 1511 1832 De
1539 1777 1808 1833 Chaitlaais
1862 1776 2146 1831 autem’sic
2199 1777 2277 1830 di-
2326 1810 2328 1814 τ

713 1875 788 1931 cit
834 1873 943 1945 (58)
973 1887 988 1925 :
1019 1892 1037 1924 ι
1075 1871 1247 1926 liabes
1294 1872 1556 1925 carbones
1609 1871 1767 1939 ignis,
1795 1870 1920 1923 sede
1967 1883 2124 1938 super
2159 1863 2273 1931 cos,

715 1967 769 2020 hi
822 1975 982 2020 erunt
1033 1964 1124 2018 tibi
1182 1964 1235 2016 in
1296 1963 1663 2031 adjutorio’.)
1703 1963 1766 2016 Et
1819 1965 1870 2015 in
1922 1961 2042 2014 aliis
2096 1961 2270 2014 dicit:

719 2075 741 2109 ι
775 2055 1149 2114 Sanctiﬁcabit
1181 2056 1435 2110 Dominus
1465 2056 1516 2110 in
1534 2056 1654 2125 igne
1714 2054 1939 2108 ardenti.
1972 2054 2034 2109 Et
2079 2054 2131 2107 in
2163 2052 2276 2106 Ma-
2311 2057 2313 2060 ‘

716 2145 896 2203 lacinia
929 2145 1187 2217 propheta
1221 2148 1352 2201 dicit
1384 2164 1398 2200 :
1437 2165 1454 2196 ι
1489 2145 1694 2201 Sedens
1721 2144 1977 2200 Dominus
2004 2145 2117 2215 (59)
2149 2158 2275 2197 con-

716 2236 957 2302 IIalrit,et
985 2239 1258 2307 purgabit,
1298 2248 1352 2291 et
1385 2237 1570 2290 fut'tdet
1598 2250 1848 2306 purgatos
1868 2235 2004 2290 ﬁlios
2032 2233 2223 2289 Juda'.
2251 2252 2269 2285 ι

787 2330 838 2384 7.
875 2329 978 2384 Sed
1004 2339 1054 2383 et
1078 2331 1207 2382 illud
1235 2330 1374 2396 quod
1402 2329 1466 2382 de
1495 2329 1961 2395 tlispettSatnribus
1987 2342 2086 2380 non
2115 2326 2274 2381 bouis

717 2423 769 2477 in
801 2422 1086 2492 Evangelio
1126 2424 1324 2477 dictum
1382 2420 1642 2486 est9,‘qui
1693 2418 1962 2470 dividendi
2001 2418 2270 2478 dicuntur,

714 2521 769 2568 et
809 2529 936 2584 pars
982 2529 1167 2567 eorum
1205 2529 1327 2565 cum
1372 2509 1680 2563 iuﬁdclilms
1730 2507 1874 2576 poni,
1911 2517 2160 2576 tauquant
2209 2522 2271 2560 ea

715 2619 846 2676 pars
873 2621 992 2673 qum
1015 2603 1253 2673 ipsorum
1280 2602 1492 2669 propria
1524 2615 1628 2651 non
1655 2598 1742 2660 sit,
1770 2599 2025 2651 aliorsum
2055 2599 2124 2651 sit
2150 2598 2276 2652 mit-

718 2695 879 2752 tenda
902 2695 1049 2764 (60),
1081 2677 1200 2746 sitie
1233 2691 1394 2743 dubio
1429 2705 1596 2759 genus
1637 2690 1846 2757 aliquod
1880 2690 2072 2743 indicat
2103 2705 2274 2756 pmnie

714 2800 922 2852 eorum,
980 2798 1232 2851 quorum,
1273 2791 1329 2834 ιιι
1386 2780 1516 2834 mihi
1570 2779 2158 2849 videtur,separandus
2206 2783 2272 2836 ab

716 2875 899 2932 anima
954 2873 1175 2942 spiritus
1236 2872 1524 2926 indicatur.
1573 2869 1670 2935 Qui
1715 2871 1932 2938 Spiritus
1969 2871 2012 2923 si
2054 2873 2270 2936 quidem

717 2967 912 3021 divinae
945 2978 1172 3027 naturae,
1203 2963 1252 3018 id
1280 2973 1360 3016 est
1396 2963 1630 3032 Spiritus
1657 2973 1876 3014 sanctus
1902 2961 2272 3031 intelligendus

715 3065 830 3122 cst,
867 3056 1164 3108 sentiemus
1197 3055 1298 3109 ltoc
1327 3054 1529 3108 dictum
1558 3051 1621 3106 de
1654 3053 1793 3106 d0t.o
1817 3050 2042 3119 Spiritus
2069 3050 2270 3117 sancti;

713 3149 878 3219 quod.
905 3147 1020 3200 sive
1044 3161 1137 3216 per
1174 3145 1518 3215 baptismum,
1545 3143 1658 3198 sive
1679 3158 1772 3212 per
1793 3133 2020 3211 gratiam
2037 3142 2272 3210 Spiritus

2378 675 2430 719 et
2475 667 2639 720 chara
2692 667 2931 719 materia!
2969 679 3090 718 cum
3121 662 3417 718 inﬁdelium
3457 669 3601 716 sorte
3633 662 3929 717 mulctatur.

2381 760 2574 813 Potest
2615 768 2792 812 autem
2825 766 2877 812 et
2915 758 3078 812 tertio
3108 770 3266 811 sensu
3305 753 3434 808 illud
3462 753 3685 822 intelligi
3711 753 3778 808 de
3810 754 3930 808 diri-

2379 849 2530 904 sione
2551 849 2793 919 ista(62),
2813 858 2868 902 ut
2885 847 3138 916 quoniam
3159 845 3450 914 unicuique
3473 841 3710 897 Ildeiium
3731 842 3933 899 etiarnsi

2379 941 2631 1004 minimus
2661 941 2730 994 sit
2765 941 2825 994 in
2853 939 3113 1003 Ecclesia,
3157 938 3348 990 adesse
3377 936 3608 1006 angelus
3634 935 3828 988 dicitur
3851 937 3932 1004 qui

2377 1035 2538 1086 etiam
2572 1049 2784 1101 semper
2813 1032 2994 1084 videre
3022 1029 3213 1084 faciem
3259 1029 3352 1082 Dei
3385 1027 3567 1083 Patris
3600 1043 3628 1080 a
3667 1026 3933 1082 Salvatore

2379 1124 2693 1194 perhibetur
2723 1122 2789 1187 η,
2824 1131 2877 1176 et
2910 1121 2995 1175 hic
3027 1122 3212 1191 utique
3237 1135 3403 1174 unum
3429 1129 3548 1174 erat
3591 1134 3712 1173 eum
3759 1133 3822 1172 eo
3851 1119 3932 1187 qui

2378 1224 2628 1285 przeerat,
2669 1214 2712 1268 si
2770 1215 2816 1267 is
2870 1227 2964 1281 per
3023 1210 3440 1265 inobedientiam
3491 1208 3760 1263 eﬁiciatur
3804 1207 3933 1262 iudi-

2378 1321 2535 1376 gnus,
2560 1304 2759 1358 auferri
2785 1303 2854 1356 ab
2879 1316 2944 1356 eo
2972 1301 3062 1354 Dei
3084 1299 3198 1370 (65)
3217 1299 3441 1369 angelus
3471 1298 3705 1361 dicatur,
3739 1306 3793 1351 et
3820 1307 3936 1350 tunc

2382 1413 2508 1468 pars
2541 1399 2681 1466 ejus,
2718 1397 2767 1450 id
2792 1405 2873 1449 est
2898 1394 3146 1448 humana:
3177 1401 3381 1446 natura:
3411 1406 3536 1462 pars
3557 1390 3749 1443 avulsa
3779 1405 3806 1442 a
3839 1387 3928 1442 Dei

2381 1500 2534 1559 parte
2565 1503 2688 1544 cmn
2729 1485 3030 1541 inﬁdelibus
3071 1485 3382 1553 deputetur,
3411 1483 3665 1553 quoniam
3697 1495 3931 1537 commo-

2377 1585 2610 1636 nitioues
2665 1579 2893 1649 appositi
2948 1576 3048 1631 sibi
3101 1590 3129 1628 a
3182 1576 3291 1629 Deo
3341 1575 3515 1646 angeli
3555 1589 3660 1627 non
3709 1572 3931 1626 ﬁdeliter

2375 1673 2692 1728 custodivit.

2446 1780 2498 1841 8:
2525 1786 2629 1840 Sed
2656 1794 2707 1838 et
2739 1783 3043 1838 ettleriores
3077 1765 3351 1844 tenebras,
3374 1787 3429 1830 ut
3459 1791 3559 1845 ego
3599 1775 3815 1844 opinor,
3838 1787 3934 1827 non

2378 1890 2482 1932 tam
2524 1893 2704 1931 aerem
2747 1877 2980 1945 aliquem
3030 1876 3320 1928 obscurum
3350 1879 3404 1925 et
3436 1869 3552 1923 sine
3592 1867 3700 1920 ullo
3744 1865 3939 1920 lumine

2380 1968 2776 2036 intelligendum
2843 1977 2994 2033 puto,
3045 1979 3206 2032 quam
3274 1961 3338 2016 de
3403 1960 3487 2014 his
3525 1958 3618 2029 qui
3666 1957 3939 2027 profunda:

2377 2058 2692 2127 ignorantia:
2723 2059 2960 2112 tenebris
2990 2057 3226 2111 immersi
3259 2062 3410 2108 extra
3448 2051 3608 2104 omne
3640 2049 3938 2119 intelligen-

2377 2153 2463 2205 tia:
2506 2152 2685 2205 lumen
2720 2152 2831 2222 (64)
2871 2150 3047 2206 effecti
3084 2157 3225 2204 sunt.
3255 2144 3552 2200 Videndum
3589 2137 3934 2212 quoqueest,

2377 2259 2442 2297 ne
2489 2242 2622 2297 forte
2681 2242 2842 2297 etiam
2899 2242 3028 2296 illud
3085 2240 3187 2294 istc
3247 2252 3423 2291 sermo
3479 2235 3765 2305 signiﬁcet,
3801 2233 3940 2303 quod

2376 2337 2515 2391 sicut
2567 2337 2736 2390 sancti
2784 2351 3007 2405 corpora
3047 2349 3162 2400 sua,
3195 2334 3247 2386 in
3285 2332 3480 2400 quibus
3504 2336 3686 2382 sancte
3716 2338 3770 2381 et
3811 2341 3941 2396 pure

2334 2489 2335 2492 η
2376 2427 2427 2479 in
2481 2427 2643 2495 hujus
2698 2427 2821 2482 vita:
2879 2424 3307 2480 habitationibus
3357 2421 3628 2482 vixerunt,
3674 2418 3854 2472 lucida
3889 2427 3944 2472 et

2375 2515 2603 2586 gloriosa
2630 2532 2691 2569 ex
2719 2500 3117 2571 résurrcetione
3136 2512 3454 2580 suseipient,
3473 2511 3543 2564 ita
3566 2519 3620 2564 et
3655 2509 3804 2578 impii
3834 2508 3944 2577 qni-

2375 2623 2477 2676 que
2514 2609 2601 2676 qui
2641 2608 2693 2661 itt
2721 2608 2823 2662 hac
2850 2608 2957 2660 vita
2983 2621 3226 2660 errorum
3254 2605 3502 2659 tenebras
3519 2611 3573 2656 et
3606 2610 3816 2654 noctem
3831 2598 3940 2669 (65)

2377 2699 2693 2767 ignorantia:
2737 2701 3064 2764 dilexerunt,
3092 2697 3340 2751 obscuris
3372 2704 3427 2750 et
3457 2697 3590 2750 atris
3613 2704 3734 2763 post
3767 2710 3943 2749 resur-

2379 2790 2670 2842 rectionem
2727 2787 3043 2857 corporibus
3080 2787 3394 2852 induantur,
3432 2799 3487 2838 ut
3512 2802 3572 2838 ea
3612 2787 3724 2854 ipsa
3763 2784 3945 2850 caligo

2445 2876 2742 2934 "IERONHII
2771 2893 2974 2934 vensro.
3017 2875 3138 2930 Nisi
3213 2877 3526 2946 ignorantur:
3572 2891 3691 2944 qua:
3740 2875 3795 2928 in
3849 2874 3947 2927 hoc

2375 2968 2508 3038 forte
2532 2986 2718 3035 corpus
2755 2971 2850 3022 hoc
2867 2969 2976 3039 (66)
2995 2972 3113 3039 pin-
3189 2970 3388 3024 mundo
3419 2969 3708 3022 interiores
3752 2980 3945 3020 eorum

2373 3074 2468 3125 gue
2489 3071 2639 3126 atque
2662 3069 2923 3113 terrenum
2946 3061 3115 3130 caligo
3191 3069 3405 3113 mentes
3455 3058 3749 3111 obsederat
3808 3057 3946 3126 (67),

2374 3163 2418 3205 et
2495 3152 2719 3206 tenebrae
2785 3154 3118 3206 nominandae
3192 3153 3244 3206 in
3314 3151 3495 3204 futuro
3551 3165 3648 3218 per
3703 3149 3948 3204 exterius

714 3254 835 3294 cum
872 3238 1028 3315 alicui
1059 3251 1242 3290 sermo
1269 3237 1568 3303 sapientiae,
1591 3234 1668 3287 vel
1691 3249 1866 3288 sermo
1905 3235 2159 3296 scientiae,
2200 3238 2278 3288 vel
2306 3245 2346 3302 ε
2377 3256 2517 3306 sum,
2563 3261 2654 3312 per
2697 3245 2834 3313 quod
2887 3260 3127 3297 consum.
3199 3241 3445 3312 corporis
3479 3248 3737 3310 appareat
3783 3241 3949 3294 indu-

714 3330 932 3383 aiterins
980 3328 1237 3396 cujusque
1271 3327 1432 3380 datus
1483 3337 1566 3380 est
1599 3325 1709 3394 (6i)
1740 3327 1890 3405 doni,
1923 3336 1974 3379 et
1999 3341 2100 3380 non
2135 3337 2276 3381 recte

717 3420 1148 3479 administratus,
1191 3418 1241 3468 id
1295 3428 1372 3469 est
1427 3425 1520 3471 aut
1547 3417 1614 3469 ad
1651 3427 1848 3470 terram
1895 3417 2136 3471 defossus
2170 3428 2275 3479 est,

713 3520 805 3564 aut
857 3509 909 3562 in
961 3507 1175 3567 sudario
1235 3506 1536 3576 coligatus,
1599 3504 1869 3559 auferetur
1921 3506 2161 3572 profecto
2209 3509 2274 3560 ab

713 3603 887 3655 anima
921 3603 1117 3652 tltIilIllI
1163 3597 1329 3664 Spirit
1353 3612 1413 3656 ιε,
1464 3605 1515 3650 et.
1543 3611 1666 3665 pars
1699 3597 1900 3665 reliqua
1935 3613 2053 3664 quae
2087 3612 2275 3667 Sttpt'r-

711 3701 810 3755 est,
863 3689 918 3742 id
949 3699 1030 3743 est
1061 3688 1254 3742 anima:
1301 3687 1603 3741 substa:.tia
1631 3703 1749 3741 eum
1784 3675 2084 3741 inﬁdelibus
2109 3703 2272 3756 pone-

671 3831 674 3834 .
714 3790 820 3844 tttr,
853 3779 1021 3832 divisa
1075 3794 1136 3830 ac
1189 3786 1434 3846 separata
1469 3782 1533 3832 ab
1561 3793 1626 3832 eo
1657 3778 1858 3846 Spiritu
1885 3793 2004 3832 eum
2038 3794 2144 3847 quo
2173 3781 2270 3831 ad-

701 3872 934 3943 iungens
966 3884 1022 3923 se
1057 3869 1286 3924 Domino
1326 3882 1466 3924 unus
1503 3867 1733 3938 Spiritus
1763 3883 1882 3922 esse
1907 3869 2186 3924 debuerat.
2213 3869 2268 3924 Si

710 3975 839 4015 vero
870 3962 970 4016 hoc
999 3978 1102 4015 non
1133 3961 1198 4015 de
1228 3961 1318 4014 Dei
1361 3961 1590 4031 Spiritu,
1633 3961 1726 4015 sed
1765 3963 1829 4013 de
1867 3960 2057 4014 animae
2104 3961 2270 4030 ipsius

712 4062 902 4108 natura
934 4053 1336 4121 intelligendum
1359 4064 1462 4114 est,
1491 4067 1618 4121 pars
1647 4051 1762 4120 ejus
1792 4051 1980 4105 melior
2007 4051 2093 4106 illa
2119 4052 2268 4108 dice-

712 4150 802 4198 tur
824 4157 940 4210 quae
959 4143 1023 4196 ad
1052 4143 1340 4209 imaginem
1366 4142 1457 4196 Dei
1487 4151 1542 4196 et
1574 4142 1981 4196 similitudinem
2008 4141 2140 4196 facta
2160 4153 2268 4210 est;

711 4235 816 4290 alia
849 4239 1024 4288 autem
1070 4250 1210 4304 pars,
1240 4250 1299 4288 ea
1334 4249 1449 4302 qua:
1496 4235 1835 4303 postmodum
1872 4250 1966 4304 per
1993 4233 2145 4289 liberi
2178 4251 2268 4288 ar-

709 4324 856 4380 bitrii
890 4323 1092 4394 lapsum
1132 4332 1322 4376 contra
1351 4332 1595 4373 naturam
1634 4323 1818 4389 prima:
1853 4323 2176 4378 conditionis
2216 4334 2271 4378 et

779 4417 802 4447 ⁸
835 4415 940 4469 Jer.
977 4430 1100 4476 xxv,
1139 4412 1224 4467 I5.
1328 4411 1346 4442 ⁸
1391 4411 1547 4478 Ibid.,
1575 4411 1665 4465 28.
1769 4411 1788 4442 ⁶
1815 4413 1919 4468 Isa.
1962 4429 2037 4479 tv,
2068 4415 2122 4468 4.

710 4486 753 4518 ¹⁹
802 4484 990 4540 Matth.
1031 4482 1290 4549 xvttt,IO,
1329 4483 1414 4535 II.
1799 4487 1802 4491 ‘

2228 4415 2246 4445 ⁷
2292 4413 2394 4469 Isa.
2455 4430 2619 4480 XLVII,
2669 4416 2756 4469 Η.

2377 3346 2512 3386 mum
2541 3337 2635 3388 hoc
2667 3335 2866 3387 mundo
2893 3351 3009 3388 cum
3037 3350 3129 3387 ηρ·
3204 3342 3464 3387 mentum.
3501 3332 3768 3386 Similiter
3813 3347 3950 3402 quo-

2375 3426 2683 3496 cessefuerit
2704 3428 2756 3477 in
2775 3425 2934 3478 alium
2957 3436 3130 3478 lrans-
3205 3438 3310 3493 que
3351 3436 3405 3478 et
3457 3423 3525 3478 de
3564 3437 3791 3478 carcere
3825 3438 3951 3478 sen-

2375 3518 2447 3566 ire
2537 3510 2825 3578 muptdum,
2918 3531 3126 3567 rursum
3203 3516 3440 3570 tiettdum
3501 3525 3606 3570 est.
3648 3514 3756 3569 Sed
3839 3515 3952 3569 suf-

2374 3607 2618 3658 nascendi
2681 3616 2844 3659 sumet
2878 3609 3114 3660 exordia.
3192 3608 3376 3662 ﬁciant
3480 3608 3579 3661 ista
3662 3607 3714 3660 in
3816 3623 3952 3678 pne-

2373 3697 2507 3750 seuti
2551 3697 2695 3760 loco,
2722 3711 2840 3764 quae
2884 3698 3099 3752 interim
3144 3714 3286 3754 nunc
3315 3709 3373 3752 ιιι
3407 3699 3617 3753 dicendi
3647 3700 3787 3757 ordo
3823 3716 3951 3756 sero

2375 3795 2616 3850 varetur,
2638 3802 2798 3856 quam
2829 3789 3173 3856 paucissimis
3196 3789 3338 3844 dicta
3379 3798 3523 3845 sunt.

2879 3967 3036 4040 104
3077 3968 3304 4025 CAPUT
3345 3967 3436 4022 XI.

2842 4099 2920 4154 De
2951 4101 3464 4168 repromissionibus.

2446 4233 2498 4287 I.
2522 4233 2810 4288 Videamus
2827 4249 2969 4288 nunc
2989 4234 3224 4289 breviter
3240 4233 3367 4302 quid
3397 4243 3452 4288 et
3477 4233 3544 4290 de
3561 4236 3951 4306 repromissio-

2379 4325 2534 4378 nibus
2564 4325 2906 4380 sentiendum
2939 4326 3012 4379 sit
3036 4325 3165 4397 (68).
3193 4325 3411 4379 Certum
3444 4336 3528 4380 est
3553 4327 3682 4395 quia
3727 4328 3947 4384 nullum

2858 4413 2880 4444 ⁸
2910 4413 3140 4470 Malach.
3192 4430 3272 4480 ιιι,
3311 4414 3365 4470 5.
3465 4415 3486 4446 ⁹
3516 4413 3646 4471 Luc.
3695 4434 3804 4485 xu,
3851 4419 3951 4496 £6;

778 4580 900 4662 (5t).
922 4581 1012 4662 Sic
1035 4578 1423 4662 'otunesocotltl.
1459 4592 1589 4631 mss.
1616 4575 1783 4641 Alias,
1815 4594 1833 4627 ι
1870 4586 1924 4630 et
1947 4576 2260 4662 deciderunt
2295 4582 2336 4636 D
2370 4577 2637 4662 anima":

707 4651 762 4705 in
792 4649 1010 4718 indit-io.
1035 4651 1125 4703 Est
1157 4657 1209 4702 et
1246 4649 1393 4708 illud,
1433 4667 1448 4698 ι
1483 4659 1586 4718 ele.
1632 4715 1660 4718 ὴ
1769 4680 1774 4682 -

778 4715 889 4788 (55)
928 4718 1169 4772 Fui-oris.
1209 4719 1364 4772 Deest
1395 4720 1443 4770 in
1477 4715 1750 4787 prioribus
1790 4715 2136 4782 cditionibus,
2167 4720 2260 4774 sed

709 4788 940 4844 habetur
971 4792 1020 4841 in
1054 4803 1180 4843 mss.

779 4861 890 4928 (56)
932 4859 1020 4912 Sic
1058 4873 1186 4912 mss.
1221 4857 1388 4920 Alias,
1426 4875 1445 4908 ι
1481 4855 1724 4925 proﬁciet
1765 4867 2082 4909 anlutarum.
2116 4856 2258 4923 ρυδ.

707 4931 865 4984 tnodo
892 4939 1091 4993 autem,
1121 4947 1138 4979 ι
1171 4941 1276 4982 etc.

778 4999 890 5066 (57)
922 4999 1079 5052 Cave.
1974 5064 1980 5066 ἓ
2043 5065 2076 5066 ρ
2233 5024 2236 5026 ~

776 5064 886 5137 (58)
921 5067 1106 5120 Abluet
1155 5067 1407 5121 Dominus
1435 5067 1614 5122 sordes
1649 5066 1880 5134 ﬁliorum
1907 5064 1980 5117 re!
2020 5065 2255 5131 ﬁliarum

707 5135 924 5206 Sioniet
955 5138 1258 5204 sanguinem
1289 5138 1594 5206 expurgabit
1629 5153 1656 5188 e
1682 5137 1850 5194 medio
1894 5137 2125 5206 ipsorum
2151 5137 2256 5202 spi-

707 5209 810 5260 ritu
835 5205 1027 5275 judicii
1065 5217 1110 5258 et
1159 5209 1345 5275 spiritu
1383 5205 1622 5261 nationis.
1654 5207 1729 5260 De
1771 5205 2031 5260 Cltaida'is
2085 5216 2255 5256 autent

706 5277 780 5328 sic
809 5275 954 5327 dicit.
990 5273 1112 5327 Haec
1145 5273 1195 5327 in
1227 5278 1497 5344 prioribus
1523 5277 1847 5332 editionibus
1879 5278 2074 5329 omissa
2097 5284 2252 5344 sunt,

704 5345 832 5400 licet
858 5344 911 5397 itt
949 5344 1197 5398 omnibus
1219 5347 1515 5402 habeantur
1551 5362 1680 5401 mss.

705 5485 716 5497 θ
774 5413 884 5483 (59)
913 5412 1184 5467 Dominus.
1219 5412 1377 5470 D'cest
1401 5417 1455 5471 in
1479 5429 1637 5472 antea
1668 5416 1964 5484 editis,sed
1988 5413 2254 5482 reperitur

705 5500 758 5539 tn
794 5501 924 5539 mss.
1195 5538 1198 5542 ,
1834 5529 1838 5532 _
2209 5509 2235 5518 ,ι

772 5553 882 5625 (60)
912 5554 1153 5610 Ιιειίιιεε.
1180 5557 1345 5621 Alias,
1380 5574 1398 5609 t
1433 5572 1553 5610 cum
1601 5555 1902 5610 inﬁdelibus
1943 5563 2099 5608 terrai
2129 5552 2251 5625 poni

703 5623 955 5694 tanquam
983 5641 1043 5697 ea
1067 5642 1186 5695 qua:
1219 5630 1453 5697 ipsorum
1485 5627 1700 5696 propria
1732 5643 1835 5680 non
1871 5626 1961 5691 sit,
1982 5640 2103 5680 eum
2130 5623 2255 5677 alio-

701 5711 819 5752 rum
845 5696 1089 5766 partibus
1115 5699 1184 5751 sit
1220 5696 1495 5752 mittenda.
1532 5713 1553 5747 ι

769 5761 882 5837 (tif)
909 5768 998 5822 Sic
1030 5783 1157 5822 mss.
1186 5769 1351 5833 Alias“,
1383 5785 1402 5821 t
1439 5774 1494 5819 et
1517 5779 1699 5837 sermo
1739 5765 1976 5820 scientia:
2021 5763 2102 5817 vel
2153 5761 2261 5837 a_|i-,

702 5832 847 5888 ruins
866 5832 1100 5892 alterius
1135 5839 1286 5889 datus
1323 5832 1404 5890 est
1473 5855 1492 5880 ι
1517 5832 1682 5887 Paulo
1713 5844 1832 5888 nost
1858 5849 2011 5891 mss.,
2045 5851 2064 5884 ι
2098 5833 2251 5887 aufe-

2439 4647 2550 4715 (62)
2593 4643 2718 4715 Vide
2744 4641 2835 4715 li_h.
2873 4659 2908 4697 II
2936 4642 3348 4715 0rigenian.,q.
3382 4645 3460 4709 5.,
3494 4661 3547 4697 ιι.
3584 4645 3668 4700 28.

2434 4713 2545 4784 (63)
2599 4714 2712 4768 Dei.
2772 4713 2930 4784 Deest
2989 4713 3042 4768 in
3098 4713 3365 4782 prioribus
3431 4715 3786 4783 editionibus,
3848 4716 3945 4770 sed

2359 4783 2585 4840 habetur
2613 4784 2666 4836 in
2695 4798 2818 4837 mss.
2852 4783 3017 4837 Paulo
3047 4795 3165 4853 post
3199 4785 3326 4838 libb.
3359 4784 3514 4846 editi,
3537 4802 3555 4834 ι
3580 4786 3954 4839 commonitih

2359 4854 2584 4925 appositi
2614 4854 2712 4906 sibi
2739 4870 2767 4906 a
2796 4854 2902 4909 Deo
2920 4855 3091 4921 angeli
3129 4869 3231 4925 non
3275 4853 3499 4908 ﬁdeliter
3532 4867 3652 4907 eum
3681 4856 3944 4925 custodi-

2358 4924 2453 4980 vit.
2481 4924 2632 4977 )MSS.
2650 4934 2702 4978 ut
2720 4926 2768 4977 in
2789 4934 2970 4978 nostro
2991 4934 3154 4979 textu.
3174 4924 3368 4977 Ibidem
3387 4938 3544 4984 mss.,
3571 4941 3588 4972 ι
3617 4932 3669 4975 et
3687 4924 3812 4976 sine
3833 4924 3951 4977 ullo

2365 4997 2583 5049 lumine.
2624 5015 2642 5047 ›
2679 4997 2733 5049 1η
2786 4995 3052 5062 prioribus
3097 4994 3628 5062 editionibusideest,
3671 5009 3689 5040 ι
3732 4994 3877 5047 ullo.
3920 5012 3945 5046 ι

2429 5065 2537 5132 (64)
2573 5066 2738 5119 Omne
2784 5061 3135 5131 intelligentia!
3189 5063 3380 5114 lumen.
3435 5061 3525 5114 Sic
3572 5075 3706 5114 mss.
3757 5064 3947 5131 Alias,

2369 5154 2385 5186 t
2425 5137 2615 5189 divinae
2646 5136 3009 5203 intelligentia:
3042 5133 3240 5184 lumen.
3279 5148 3296 5179 ι

2437 5206 2545 5274 (65)
2585 5197 3009 5257 ΝοσιεηιῘῡθεδι
3049 5203 3100 5253 in
3147 5209 3303 5274 antea
3339 5197 3516 5274 editis,
3548 5199 3643 5254 sed
3697 5199 3953 5260 habetur

2365 5274 2416 5326 in
2445 5268 2576 5328 'ms's.
2600 5274 2801 5327 Ibidem
2834 5288 2964 5326 mss.
3001 5290 3018 5322 t
3052 5278 3104 5324 et
3129 5271 3281 5323 atris.
3307 5286 3327 5321 ο
3354 5268 3510 5335 Editi,
3547 5287 3571 5319 ι
3599 5279 3651 5324 et
3701 5275 3900 5328 tetris.
3925 5293 3947 5328 ι

2434 5344 2548 5410 (66)
2581 5343 2697 5396 Nisi
2730 5348 2864 5414 [orte
2895 5347 3230 5414 ερνριιδμιιοσἲ
3263 5351 3382 5414 etc._
3408 5337 3530 5414 Haec
3564 5339 3954 5414 Hieronymus

2361 5426 2390 5464 e
2423 5409 2590 5484 i_ib.;n
2636 5409 2773 5480 Περὶ
2802 5412 3004 5482 ἀρχῶν
3036 5409 3191 5484 affert
3219 5409 3271 5462 in
3301 5412 3529 5484 cpistola
3580 5410 3646 5463 ad
3684 5409 3949 5484 Avitum,

2363 5497 2390 5534 τι
2425 5481 2616 5534 Ruﬁno
2647 5497 2822 5535 autem
2856 5480 3176 5550 interpolata
3207 5494 3259 5533 et.
3302 5482 3354 5534 in
3384 5480 3548 5535 alium
3582 5496 3814 5537 sensum
3849 5480 3950 5542 tle-'-

2361 5560 2496 5602 torta
2537 5550 2701 5603 fuisse
2732 5555 2904 5620 palam
2945 5561 3044 5604 est.
3074 5574 3075 5577 π
3326 5619 3331 5620 γ
3564 5569 3571 5577 -

2419 5621 2530 5690 (67)
2563 5620 2652 5675 Sic
2689 5619 2815 5676 mss.
2867 5623 3037 5688 Alias,
3094 5639 3113 5671 ‹
3176 5619 3434 5675 interiora
3483 5635 3672 5676 eorum
3724 5627 3950 5681 mentis

2351 5689 2654 5744 obsederat.
2696 5709 2714 5741 ι

2419 5762 2532 5831 (68)
2571 5761 2708 5827 Quid
2731 5771 2781 5816 et
2815 5763 2878 5815 de
2911 5760 3396 5830 repromissionibus
3444 5761 3790 5816 sentiendum
3839 5766 3949 5823 sit.

2350 5830 2482 5896 Vide
2517 5831 2953 5902 Origeniauorum
2983 5834 3076 5889 lib.
3103 5848 3162 5893 tt.
3187 5845 3378 5911 quaest.
3412 5834 3521 5903 IL,
