4118 6308
749 329 861 399 ιιδ

1966 323 2284 384 ORIGENIS
2323 326 2480 379 ΠΕΡΙ
2520 323 2743 377 ΑΡΧΩΝ

3839 316 3936 372 2H

750 453 992 510 eruditus
1024 449 1137 520 (77)
1168 446 1380 513 abierit,
1414 445 1713 518 probabilia
1749 419 1926 499 tamen
1956 457 2118 513 opera
2143 443 2292 498 detu-
2322 423 2371 505 Αἰ
2397 441 2599 496 iaciunt
2642 441 2707 493 ad
2754 435 3082 492 eruditionis
3123 434 3314 488 futura:
3369 433 3754 503 capacitatem;
3801 433 3941 487 sient

751 545 894 612 terit,
927 542 1118 596 instrui
1171 539 1370 610 poterit
1423 537 1476 591 in
1535 536 1622 591 illa
1652 535 1947 592 Jerusalem
1981 544 2292 590 sanctomm

749 633 991 698 civitate,
1042 629 1098 683 id
1140 637 1222 683 est
1263 626 1472 682 edoceri
1501 626 1614 699 (78)
1646 634 1702 681 et
1735 623 2034 692 informari,
2070 632 2126 680 et
2155 623 2291 680 edici

734 715 895 792 "lapis
934 721 1111 783 vivus,
1139 717 1273 787 lapis
1301 718 1564 788 pretiosus
1590 725 1642 772 et
1673 715 1897 783 electus,
1925 730 2024 786 pro
2049 729 2113 771 eo
2150 716 2292 784 quod

731 811 968 865 .tortiter
998 818 1052 864 et
1075 816 1385 864 constanter
1412 804 1691 876 pertulerit
1713 818 1908 874 agones
1933 804 2076 867 vitae,
2105 810 2157 858 et
2182 817 2292 858 cer-

749 901 946 955 tamina
981 899 1226 970 pietatis;
1257 898 1437 966 ibique
1454 897 1554 953 hoc
1583 897 1724 966 quod
1735 894 1846 962 jam
1872 895 1959 950 Lic
1979 895 2290 963 pradictum

743 975 1049 1057 ean-veris
1074 991 1517 1059 maniiestiusque
1539 995 1850 1058 cognoscet,
1873 1006 1894 1039 ι
1932 986 2072 1055 quod
2102 999 2204 1039 non
2234 986 2286 1040 in

744 1099 881 1152 pane
915 1081 1029 1138 solo
1055 1082 1188 1137 vivit
1220 1081 1399 1144 homo,
1432 1079 1524 1134 sed
1557 1077 1608 1132 in
1644 1078 1787 1132 omni
1814 1075 1974 1130 verbo
1996 1075 2134 1144 quod
2166 1088 2291 1144 pro-

741 1173 886 1228 cedit
917 1174 983 1229 de
1021 1187 1114 1229 ore
1144 1172 1260 1227 Dei.
1280 1170 1322 1203 "
1365 1188 1383 1223 ι
1424 1169 1530 1225 Sed
1585 1176 1638 1224 et
1669 1165 1937 1238 principes
1961 1174 2014 1220 et
2054 1172 2288 1219 rectores

742 1263 1069 1334 intelligendi
1120 1271 1244 1319 sunt
1297 1262 1352 1317 hi
1396 1261 1489 1332 qui
1536 1259 1812 1328 interiores
1846 1266 1900 1311 et
1950 1265 2165 1325 regunt,
2234 1264 2289 1308 et

740 1353 1010 1419 erudiunt,
1041 1363 1097 1408 et
1116 1353 1340 1407 edocent
1367 1361 1528 1422 atque
1557 1349 1836 1405 instituunt
1865 1347 1976 1416 (79)
2007 1347 2070 1400 ad
2088 1345 2284 1400 divina.

807 1444 861 1499 ι.
901 1443 1097 1499 Verum
1130 1443 1174 1496 si
1203 1441 1378 1497 minus
1402 1442 1651 1496 videntur
1679 1441 1792 1493 haec
1838 1436 2180 1508 sperantibus
2210 1451 2275 1492 ea

738 1537 958 1606 dignum
1014 1534 1284 1588 mentibus
1332 1532 1574 1587 incutere
1610 1529 1962 1594 desiderium,
2010 1528 2283 1597 paululum

737 1633 1060 1695 repetentes,
1089 1636 1392 1693 quanquam
1441 1618 1700 1674 naturalis
1725 1619 1795 1672 sit
1823 1626 1876 1672 et
1900 1619 2060 1672 insita
2093 1617 2284 1672 anima!

737 1715 815 1770 rei
845 1715 1015 1782 ipsius
1037 1713 1320 1781 cupiditas,
1353 1711 1708 1780 inquiramus,
1738 1718 1795 1763 ut
1823 1710 1894 1769 ita
1923 1709 2139 1764 demum
2171 1708 2282 1778 (80)

2391 546 2514 588 cum
2544 530 2737 600 aliquis
2761 527 2889 582 velit
2918 527 3205 596 imaginem
3241 526 3484 596 pingere,
3516 525 3560 581 si
3590 533 3716 578 ante
3751 523 3942 578 iuturte

2391 612 2579 677 ferinae
2632 620 2955 673 lineamenta
3025 618 3203 671 tenuis
3266 615 3390 686 styli
3460 613 3797 680 adumbratio
3854 615 3944 666 dc-

2391 714 2562 783 signet
2590 710 2725 781 (ει),
2753 719 2809 762 et
2831 704 3257 776 superponendis
3286 705 3522 760 vultibus
3550 717 3776 772 capaces
3805 719 3942 772 prte-

2391 811 2542 872 paret
2565 810 2740 866 notas,
2759 799 2875 854 sine
2898 797 3056 852 dubio
3078 811 3177 868 per
3198 795 3662 851 adumbrationem
3687 793 3937 864 imposita

2363 890 2754 963 .prazl‘ormatio
2797 888 2864 944 ad
2912 887 3285 957 suscipiendos
3334 902 3495 942 veros
3553 886 3674 941 illos
3730 884 3941 940 colores

2383 981 2495 1053 jam
2525 983 2765 1053 paratior
2795 981 3103 1048 invenitur;
3132 981 3211 1037 sic
3259 983 3416 1034 modo
3451 977 3796 1033 adumbratio
3825 978 3940 1045 ipsa

2390 1089 2453 1130 ac
2484 1073 2970 1144 deformatiostylo
2998 1073 3111 1142 (85)
3150 1071 3361 1127 Domini
3399 1070 3567 1126 nostri
3589 1068 3713 1125 Jesu
3741 1069 3940 1125 Christi

2389 1166 2442 1219 in
2495 1165 2671 1220 cordis
2727 1165 2898 1218 nostri
2952 1162 3149 1217 tabulis
3197 1162 3580 1232 perscribatur.
3623 1160 3684 1214 Et
3734 1161 3943 1215 ideirco

2387 1255 2614 1310 fortasse
2645 1254 2861 1314 dicitur,
2901 1271 2920 1305 ι
2955 1253 3078 1320 quia
3101 1253 3488 1307 omni-habenti
3520 1252 3734 1306 dabitur
3765 1259 3820 1306 et
3842 1250 3942 1304 ad-

2381 1346 2678 1416 jicietur“.
2707 1365 2726 1398 ι
2768 1343 2921 1400 Unde
2963 1355 3172 1400 constat
3215 1346 3538 1399 habentibus
3587 1341 3945 1396 deformatio-

2387 1452 2506 1491 nem
2535 1437 2820 1505 quamdam
2856 1438 2907 1491 in
2934 1438 3034 1492 hac
3058 1437 3166 1491 vita
3197 1437 3445 1490 veritatis
3465 1446 3518 1490 et
3549 1435 3806 1500 scientiae,
3843 1433 3942 1487 ad-

2385 1527 2613 1583 dendam
2645 1528 2807 1582 etiam
2833 1542 2951 1583 esse
2981 1527 3432 1599 pulchritudinem
3466 1526 3716 1596 perfecta!
3743 1524 3942 1595 imagi-

2386 1618 2470 1674 nis
2499 1619 2549 1672 iu
2583 1619 2781 1679 futuro,
2869 1671 2889 1679 ,,

2454 1710 2506 1763 5.
2550 1707 2700 1774 Tale,
2740 1710 2952 1779 opinor,
2999 1690 3265 1764 indicabat
3294 1707 3617 1763 desiderium
3641 1722 3792 1762 suum
3849 1706 3943 1763 ille

736 1805 883 1860 velut
924 1804 1127 1875 species
1175 1802 1319 1871 ipsas
1364 1803 1519 1872 panis
1571 1799 1694 1854 vita:
1737 1809 1791 1854 et
1828 1799 2139 1869 qualitatem
2173 1799 2278 1853 vini
2315 1782 2353 1835 Β
2386 1801 2474 1870 qui
2499 1800 2748 1856 dicebat:
2784 1818 2802 1852 ι
2834 1802 3093 1857 Coarctor
3140 1811 3316 1855 autem
3350 1815 3416 1853 ex
3453 1799 3693 1862 duobus,
3725 1798 3941 1853 deside-

733 1894 849 1965 ejus
903 1910 967 1950 ac
1020 1894 1396 1964 proprietatem
1457 1892 1870 1962 principatuum,
1911 1905 2010 1959 per
2061 1890 2280 1944 theorite

725 1982 1167 2053 consequentiam
1198 1981 1581 2036 describamus.
1619 1981 1784 2051 Igitur
1813 1981 1952 2035 sicut
1990 1980 2041 2033 in
2071 1980 2278 2035 artibus

731 2074 817 2130 his
847 2089 962 2146 quae
999 2089 1155 2128 manu
1188 2072 1471 2141 adimpleri
1503 2073 1700 2137 solent,
1725 2073 1868 2127 ratio
1888 2072 2099 2140 quidem
2128 2071 2275 2140 quid,

729 2165 1094 2234 vel.qualiter,
1129 2163 1213 2218 vel
1241 2164 1304 2216 ad
1331 2178 1466 2231 quos
1490 2179 1618 2218 usus
1642 2164 1756 2226 liat,
1789 2172 2038 2217 versatur
2065 2162 2118 2216 in
2157 2177 2279 2215 sen-

728 2269 816 2319 su,
851 2253 1085 2308 efficacia
1126 2267 1252 2307 vero
1290 2252 1468 2320 operis
1495 2269 1748 2306 manuum
1785 2240 2088 2306 ministerio
2116 2253 2279 2321 expli-

728 2347 913 2410 catur';
946 2345 1017 2398 ita
1052 2346 1102 2398 iu
1146 2343 1516 2413 operibus.Dei
1547 2359 1666 2414 quae
1698 2345 1764 2399 ab
1802 2346 1916 2416 ipso
1949 2344 2087 2398 facta
2131 2351 2274 2408 sunt,

727 2434 1064 2491 sentiendum
1103 2445 1206 2502 est,
1252 2437 1395 2503 quod
1442 2449 1627 2489 eorum
1678 2451 1796 2504 quae
1830 2436 2072 2490 videmus
2108 2435 2175 2488 ab
2213 2449 2276 2489 eo

725 2526 888 2593 facta,
919 2529 1056 2582 ratio
1079 2536 1136 2582 et
1169 2527 1518 2598 intelligentia
1544 2534 1728 2580 manet
1753 2527 1803 2593 in
1829 2525 2062 2596 occulto.
2084 2525 2149 2578 Et
2175 2526 2275 2580 sica

726 2627 786 2673 ut
818 2634 879 2676 ea
901 2634 1019 2689 qua:
1049 2619 1116 2673 ab
1146 2620 1350 2676 artifice
1381 2621 1516 2673 facta
1554 2627 1698 2680 sunt,
1729 2633 1852 2672 cum
1882 2618 2069 2672 oculus
2093 2627 2276 2672 uoster

723 2711 938 2774 viderit,
967 2711 1012 2764 si
1043 2710 1168 2778 quid
1210 2711 1472 2781 praecipue
1501 2710 1856 2765 fabrefactum
1907 2713 2274 2789 prospexerit,

725 2805 980 2858 continuo
1009 2803 1262 2872 qualiter,
1295 2802 1376 2856 vel
1407 2803 1695 2871 quomodo,
1733 2802 1815 2856 vel
1853 2805 1918 2855 ad
1961 2819 2098 2872 quos
2137 2819 2270 2859 usus

723 2894 924 2949 factum
957 2895 1043 2960 sit,
1072 2896 1224 2949 ardet
1266 2895 1474 2948 animus
1513 2895 1811 2960 sciscitari;
1846 2896 2016 2950 multo
2042 2897 2272 2965 amplius

723 2993 779 3039 et
808 2999 968 3062 super
996 3001 1205 3040 omnem
1237 2986 1714 3054 comparationem,
1741 3000 1928 3040 eorum
1954 3001 2070 3054 quae
2102 3003 2128 3040 a
2167 2989 2271 3041 Deo

726 3074 868 3129 facta
895 3076 1252 3143 pervidemus,
1289 3075 1536 3130 ineffabili
1571 3078 1839 3133 desiderio
1877 3077 2029 3133 ardet
2060 3080 2270 3132 animus

725 3178 1014 3234 agnoscere
1044 3165 1328 3219 rationem.
1361 3165 1510 3231 Quod
1549 3167 1896 3235 desiderium,
1928 3185 2088 3238 quem
2122 3187 2270 3224 amo~

723 3269 836 3308 rem
882 3255 999 3310 sine
1040 3256 1200 3310 dubio
1242 3271 1271 3309 a
1305 3257 1411 3311 Deo
1439 3259 1592 3313 nobis
1624 3259 1842 3314 insitum
1879 3261 2185 3325 credimus;
2217 3272 2271 3314 et

723 3347 862 3401 sicut
893 3346 1078 3402 oculus
1113 3346 1431 3401 naturaliter
1460 3347 1630 3403 lucem
1669 3349 1894 3418 requirit
1923 3359 1976 3403 et
1998 3349 2192 3416 visum,
2217 3359 2271 3404 et

722 3453 919 3506 corpus
957 3448 1198 3494 nostrum
1243 3453 1397 3493 escas
1430 3439 1539 3509 (8t)
1571 3449 1624 3493 et
1661 3450 1841 3508 potum
1873 3441 2148 3494 desiderat
2178 3456 2273 3508 per

724 3536 1000 3590 naturam;
1035 3527 1102 3581 ita
1136 3541 1289 3582 mens
1317 3539 1498 3583 nostra
1525 3529 1759 3583 scienda:
1801 3530 2046 3583 veritatis
2080 3529 2171 3582 Dei
2216 3540 2271 3583 et

719 3633 901 3673 rerum
931 3633 1122 3673 causas
1148 3621 1402 3681 noscendi
1439 3595 1714 3688 proprium
1747 3636 1810 3675 ac
1854 3620 2096 3693 naturale
2127 3622 2268 3675 desi-

719 3709 928 3764 derium
952 3709 1110 3779 gerit.
1147 3710 1462 3778 Accepimus
1492 3711 1730 3764 autem-a
1757 3710 1865 3765 Deo
1891 3711 2030 3765 istud
2061 3712 2269 3766 deside-

721 3800 881 3867 rium,
914 3816 1021 3854 non
1046 3801 1110 3854 ad
1135 3801 1234 3863 hoc
1265 3811 1322 3854 nt
1350 3815 1448 3855 nec
1478 3799 1666 3855 debeat
1696 3816 1954 3873 unquam,
1979 3815 2078 3854 nec
2107 3804 2271 3870 possit

717 3889 951 3958 expleri;
988 3890 1221 3958 alioquin
1246 3905 1272 3942 a
1295 3891 1572 3943 conditore
1604 3891 1712 3945 Deo
1744 3892 1907 3944 menti
1935 3902 2131 3945 nosme
2157 3894 2268 3962 (82)

721 3980 915 4035 frustra
970 3982 1238 4036 videbitur
1287 3997 1437 4035 amor
1478 3983 1724 4041 veritatis
1761 3984 2017 4046 insertus,
2052 3984 2095 4036 si
2134 4001 2270 4037 nuu-

717 4085 875 4138 quam
925 4071 1176 4126 desiderii
1222 4086 1441 4140 compos
1471 4071 1716 4128 eliicitur.
1756 4073 1906 4128 Unde
1956 4083 2011 4127 et
2065 4075 2118 4128 in
2167 4077 2269 4130 hac

717 4161 825 4213 vita
858 4160 948 4229 qui
980 4176 1186 4216 summo
1207 4161 1386 4217 labore
1417 4162 1518 4230 piis
1549 4164 1739 4218 studiis
1776 4179 1839 4217 ac
1862 4163 2128 4234 religiosis
2157 4167 2268 4234 (85)

717 4265 934 4316 operam
964 4252 1226 4318 dederint,
1256 4269 1558 4322 quanquam
1589 4270 1750 4323 parva
1776 4257 2022 4324 quasdam
2046 4272 2112 4310 ex
2137 4258 2270 4311 mul-

719 4342 786 4394 tis
828 4347 882 4395 et
915 4340 1189 4396 immensis
1236 4343 1429 4397 divina:
1464 4345 1699 4399 scientiae
1735 4348 1952 4414 capiant
1979 4347 2265 4412 thesauris,

2383 1891 2521 1944 rium
2561 1891 2766 1944 habens
2794 1890 3009 1944 dissolvi
3059 1900 3114 1943 et
3160 1903 3280 1942 cum
3323 1888 3539 1943 Christo
3587 1901 3730 1952 esse,
3767 1886 3941 1939 multo

2382 1982 2523 2034 enim
2573 1980 2762 2034 melius
2781 1981 2854 2046 ";
2890 1999 2910 2031 ι
2940 1981 3116 2035 sciens
3147 1979 3286 2049 quod
3324 1989 3448 2033 tunc
3494 1994 3614 2032 cum
3659 1991 3940 2046 regressus

2383 2081 2528 2126 esset
2559 2073 2622 2126 ad
2654 2061 2947 2135 Christum,
2977 2075 3219 2127 omnium
3245 2087 3365 2141 quae
3399 2081 3656 2142 geruntur
3683 2070 3735 2123 in
3775 2069 3957 2124 terris-

2385 2161 2726 2215 manilestius
2755 2171 3071 2230 agnosceret
3099 2161 3357 2227 rationes,
3391 2161 3474 2214 vel
3503 2160 3568 2214 de
3593 2159 3810 2213 homine
3851 2157 3939 2212 vel

2382 2251 2446 2305 de
2489 2254 2672 2305 anima
2719 2251 2975 2318 hominis,
3012 2251 3097 2310 vel
3141 2253 3207 2306 de
3253 2260 3455 2315 mente,
3487 2249 3571 2304 vel
3614 2263 3680 2303 ex
3712 2248 3940 2318 quibus-

2382 2355 2590 2410 cunque
2620 2342 2724 2396 illis
2751 2344 2843 2411 qui
2888 2343 2957 2397 sit
2989 2343 3212 2411 spiritus
3247 2342 3337 2411 qui
3369 2341 3702 2410 inoperetur,
3733 2343 3829 2411 qui
3866 2343 3940 2398 sit

2380 2447 2592 2501 quoque
2614 2433 2791 2487 vitalis
2823 2432 2932 2502 (86)
2966 2435 3211 2502 spiritus,
3245 2433 3326 2485 vel
3361 2447 3477 2502 qua:
3507 2433 3577 2488 sit
3611 2434 3782 2505 gratia
3813 2448 3938 2502 qua

2380 2523 2538 2576 datur
2569 2520 2812 2575 ﬁdelibus
2840 2521 3076 2590 Spiritus
3098 2523 3293 2576 sancti.
3321 2521 3470 2576 Tunc
3493 2537 3708 2592 quoque
3733 2522 3941 2576 intelli-

2379 2619 2470 2680 get
2495 2611 2584 2678 qui
2610 2611 2709 2664 sibi
2741 2611 2984 2664 videatur
3019 2610 3200 2672 Israel,
3234 2611 3315 2664 vel
3350 2626 3468 2679 qua:
3493 2613 3777 2667 diversitas
3804 2627 3940 2680 gen-

2381 2702 2532 2766 tium,
2564 2702 2690 2769 quid
2719 2701 3009 2756 etiam‘sibi
3039 2701 3203 2772 velint
3230 2701 3389 2756 Israel
3417 2702 3700 2756 duodecim
3732 2703 3938 2768 tribus,

2379 2802 2432 2844 et
2456 2781 2583 2859 quid
2618 2792 3017 2868 singulipopuli
3057 2807 3150 2860 per
3182 2793 3417 2862 singulas
3450 2792 3642 2847 tribus.
3680 2791 3830 2846 Tunc
3856 2793 3934 2846 in-

2380 2881 2579 2952 telliget
2623 2883 2784 2936 etiam
2824 2885 2889 2936 de
2933 2882 3300 2938 sacerdotibus
3340 2893 3398 2938 et
3445 2882 3643 2944 levitis,
3669 2891 3724 2936 et
3756 2883 3825 2937 de
3853 2884 3938 2938 di-

2378 2976 2546 3030 versis
2573 2974 2993 3053 sacerdotalibus
3035 2975 3312 3029 ordinibus
3340 2975 3632 3036 ratiouem,
3669 2982 3724 3027 et
3781 2972 3939 3040 cujus

2381 3067 2548 3122 forma
2581 3079 2698 3122 erat
2729 3069 2780 3122 in
2811 3068 3010 3139 Moyse,
3039 3077 3090 3122 et
3116 3067 3463 3122 nihilominus
3489 3081 3609 3135 quze
3630 3066 3700 3120 sit
3733 3067 3939 3120 veritas

2377 3161 2515 3229 apud
2533 3160 2696 3214 Deum
2721 3160 3088 3226 jubiheorum,
3103 3169 3156 3212 (ιι
3171 3159 3494 3226 scptimanas
3513 3171 3775 3210 annorum
3795 3155 3936 3228 (87);

2373 3254 2463 3308 sed
2498 3260 2561 3325 et
2607 3250 2866 3304 festorum
2896 3249 3103 3303 dierum
3137 3259 3191 3302 et
3223 3247 3480 3302 feriarum
3517 3247 3755 3301 rationes
3777 3247 3937 3300 vide-

2372 3345 2484 3408 hit;
2524 3350 2578 3397 et
2607 3341 2849 3397 omnium
2878 3340 3272 3396 sacriﬁciorum
3307 3349 3358 3392 et
3384 3333 3818 3408 puriﬁcationem
3853 3340 3939 3392 in-

2375 3435 2612 3490 tuebitur
2637 3447 2866 3500 causas;
2898 3447 3017 3500 qua:
3043 3435 3113 3488 sit
3138 3446 3352 3502 quoque
3379 3433 3514 3484 ratio
3545 3431 3705 3500 lepra:
3733 3447 3941 3503 purga-

2374 3528 2557 3592 tionis,
2586 3534 2642 3580 ct
2674 3537 2796 3594 qua
2841 3523 3003 3593 leprte
3043 3525 3290 3586 diversae,
3318 3532 3372 3576 et
3414 3538 3532 3592 quae
3579 3525 3831 3593 purgatio
3865 3525 3939 3578 sit

2369 3634 2555 3674 eorum
2586 3619 2676 3688 qui
2708 3615 2930 3672 seminis
2958 3617 3279 3686 proﬂuvium
3317 3616 3612 3685 patiuntur,
3643 3599 3936 3683 advertet;

2370 3723 2423 3766 ct
2453 3716 2707 3783 agnoscet
2732 3723 2944 3778 quoque
2972 3724 3091 3777 quae
3123 3719 3176 3763 et
3204 3718 3415 3777 quanta:
3441 3703 3734 3777 qualesque
3757 3711 3937 3762 virtu—

2373 3814 2451 3857 tes
2503 3803 2609 3857 sint
2663 3800 2836 3865 bonae,
2867 3815 3091 3870 quzeque
3143 3800 3496 3854 nihilominus
3538 3799 3848 3863 contrariae,
3878 3808 3936 3854 et

2369 3896 2456 3963 qui
2490 3894 2571 3947 vel
2606 3893 2710 3946 illis
2743 3889 2963 3961 alfectus
2990 3893 3061 3946 sit
3086 3892 3413 3955 hominibus,
3439 3889 3519 3944 vel
3554 3892 3669 3945 istis
3695 3901 3934 3946 conten-

2373 3985 2506 4039 tiosa
2557 3983 2849 4038 aemulatio.
2896 3981 3196 4036 lutuebitur
3249 3995 3459 4051 quoque
3507 3997 3624 4049 qua:
3672 3982 3741 4036 sit
3789 3980 3935 4036 ratio

2371 4076 2695 4134 animarum,
2727 4085 2913 4140 quaeve
2938 4073 3222 4127 diversitas
3253 4070 3585 4136 animalium,
3609 4071 3691 4124 vel
3734 4086 3931 4126 eorum

2370 4180 2489 4232 quae
2517 4165 2568 4216 in
2590 4163 2747 4230 aquis
2777 4162 2983 4226 vivunt,
3013 4162 3093 4216 vel
3115 4163 3318 4225 avium,
3340 4160 3419 4213 vel
3450 4159 3708 4229 ferarum,
3729 4146 3934 4231 quidve

2371 4259 2440 4311 sit
2467 4257 2604 4325 quod
2659 4258 2709 4309 in
2761 4265 2866 4308 tam
2902 4255 3102 4310 multas
3129 4256 3332 4325 species
3361 4254 3567 4323 singula
3601 4270 3798 4324 genera
3831 4257 3934 4311 de-

2371 4350 2657 4411 ducuntur,
2706 4347 2798 4414 qui
2837 4346 3108 4414 creatoris
3161 4355 3490 4425 prospectus,
3539 4346 3623 4399 vel
3661 4347 3782 4415 quis
3831 4362 3933 4416 per

717 4440 894 4485 tamen
948 4431 1050 4485 hoc
1100 4432 1271 4499 ipsum
1325 4438 1466 4500 quod
1506 4435 1714 4490 animos
1752 4452 1878 4490 suos
1929 4447 2266 4504 mentemque
2298 4463 2343 4519 ι)
2373 4442 2482 4494 lucc
2535 4438 2744 4510 singula
2795 4439 3072 4508 sapientia:
3098 4441 3229 4508 Aejus
3259 4441 3450 4510 tegitur
3481 4453 3689 4493 sensus.
3728 4440 3838 4496 Sed
3875 4455 3933 4498 et

715 4537 840 4593 erga
881 4523 995 4579 haec
1034 4531 1320 4589 occupant,
1347 4531 1506 4592 atque
1539 4526 1588 4577 'rn
1631 4526 1730 4580 hac
1759 4531 2077 4595 semetipsos
2112 4531 2260 4598 cupi-

715 4614 882 4667 ditate
923 4615 1280 4682 prxveuiuut,
1311 4613 1533 4667 multum
1584 4616 1836 4670 utilitatis
1878 4619 2151 4687 accipiunt
2195 4637 2260 4673 ex

713 4703 814 4758 hoc
846 4703 962 4771 ipso
993 4706 1134 4771 quod
1169 4703 1378 4757 animos
1403 4716 1529 4756 suos
1561 4703 1627 4755 ad
1659 4704 1990 4771 inquirendae
2023 4708 2264 4764 veritatis

710 4793 950 4850 studium
1003 4807 1345 4862 amoremque
1380 4801 1720 4856 convertunt,
1759 4804 1813 4846 et
1845 4797 2140 4863 paratiores
2168 4815 2260 4852 eos

786 4880 831 4911 ¹⁷
867 4879 1026 4934 Deut.
1063 4895 1182 4944 vnt,
1206 4884 1258 4936 5.
1336 4883 1377 4914 ¹⁸
1419 4883 1546 4937 Luc.
1578 4898 1691 4949 xu,
1724 4882 1813 4936 26.

780 4969 897 5047 (77)
937 4970 1018 5024 Ea:
1042 4970 1136 5047 {tae
1163 4973 1265 5024 vita
1309 4975 1477 5047 minus
1515 4976 1774 5030 eruditus.
1809 4975 1898 5029 Sic
1931 4993 2056 5032 mss.
2088 4980 2253 5047 Alias,

719 5059 736 5093 ι
772 5039 835 5092 ex
871 5039 971 5094 hoc
996 5039 1173 5093 minus
1195 5043 1458 5098 eruditus.
1503 5064 1520 5096 ι

783 5109 893 5177 (78)
930 5111 979 5162 ln
1001 5110 1274 5181 prioribus
1297 5114 1619 5167 editionihus
1642 5113 1815 5179 deest,
1845 5132 1864 5165 ‹
1904 5116 1956 5168 id
1987 5126 2067 5170 est
2091 5116 2167 5181 ;'i
2208 5128 2266 5173 et

711 5193 808 5248 pro
841 5198 857 5228 ‹
901 5180 1110 5232 edoceri
1145 5197 1162 5228 ι
1190 5177 1378 5245 legitur
1413 5199 1432 5231 ι
1470 5183 1668 5237 doceri.
1705 5203 1721 5233 ι

780 5248 889 5320 (79)
930 5248 1020 5320 Sic
1051 5250 1378 5320 mssaAlias,
1430 5267 1448 5299 ι
1483 5253 1673 5303 docent
1706 5263 1866 5320 atque
1903 5257 2194 5311 instruunt.
2237 5276 2255 5308 ι

807 5318 896 5382 80)
939 5317 1090 5379 Mss.,
1123 5335 1143 5369 t
1180 5319 1417 5372 demum.
1458 5339 1475 5370 ι
1511 5321 1672 5380 Editi,
1711 5339 1730 5370 ι
1769 5317 1979 5381 deinde.
2022 5346 2041 5378 ι

779 5319 888 5457 ist)
932 5386 1021 5440 Sic
1047 5403 1174 5440 mss.
1206 5389 1371 5457 Alias,
1398 5406 1416 5439 ‹
1436 5391 1500 5443 ad
1527 5390 1697 5442 visum
1728 5400 1781 5443 et
1799 5408 1995 5457 corpus
2021 5413 2041 5449 t‘

802 5387 888 5456 81)
932 5386 1021 5440 Sic
1047 5403 1174 5440 mss.
1206 5389 1371 5457 Alias,
1398 5406 1416 5439 ‹
1436 5391 1500 5443 ad
1527 5390 1697 5442 visum
1728 5400 1781 5443 et
1799 5408 1995 5462 corpus
2021 5406 2258 5451 nostrum

709 5470 912 5519 escam,
948 5475 966 5507 ι
999 5463 1110 5509 etc.
1769 5504 1780 5510 -

780 5524 890 5601 (8:2)
910 5589 912 5591 ν
933 5525 986 5578 1η
1021 5527 1360 5601 antea_editis
1383 5543 1479 5594 pro
1507 5544 1527 5579 ς
1547 5528 1653 5582 Deo
1683 5547 1702 5580 ι
1732 5528 1924 5597 legitur
1952 5550 1971 5582 ‹
2015 5545 2253 5601 ιιοειιὊρ

708 5601 762 5646 et
793 5595 943 5648 deest
979 5614 998 5645 ‹
1039 5597 1200 5649 menti
1224 5605 1418 5649 nostrae
1479 5617 1492 5651 ι

927 5663 1079 5743 μεθ),
1110 5683 1128 5714 t
1163 5666 1450 5743 religiosis.
1485 5686 1501 5716 ι
1531 5667 1689 5743 L_ibb.
1717 5669 1868 5743 editi,
1901 5688 1920 5720 ε
1959 5670 2254 5741 religioni»

777 5732 888 5804 (84)
929 5733 1085 5792 Lihb.
1110 5732 1301 5802 cditi,i
1327 5736 1369 5791 si
1405 5745 1528 5791 ante
1557 5737 1745 5793 forma
1773 5732 2090 5796 lineamenta
2115 5745 2255 5798 tenui

2371 4539 2622 4598 agnoscet
2655 4544 2758 4598 qua
2801 4530 3004 4583 ratione
3037 4530 3304 4583 radicibus
3326 4530 3645 4599 quibusdam
3682 4533 3767 4584 vel
3800 4533 3935 4598 her-

2373 4619 2453 4673 bis
2492 4620 2832 4673 associantu‘r
2856 4619 3098 4685 quaedam
3135 4618 3382 4680 virtute-5,
3416 4624 3472 4669 et
3517 4617 3635 4670 aliis
3675 4628 3935 4671 econtra-

2371 4712 2451 4764 rio
2501 4710 2679 4763 herbis
2743 4707 2822 4762 vel
2877 4708 3147 4761 radicibus
3199 4707 3564 4775 depelluntur;
3616 4721 3734 4774 quzc
3783 4711 3932 4764 ratio

2367 4811 2729 4871 apostatarum
2781 4800 3115 4868 angelorum,
3139 4814 3323 4868 quaeve
3358 4813 3520 4852 causa
3552 4800 3692 4867 quod
3728 4799 3797 4853 iis
3833 4803 3928 4870 qui

1892 4885 1934 4916 ¹⁹
1967 4885 2195 4956 Philipp.
2228 4906 2266 4954 ι,
2297 4890 2385 4944 25.

2370 4987 2493 5056 styli
2526 4983 2935 5038 adumbrationc
2978 4982 3238 5052 designet.
3278 4989 3295 5033 δ
3334 4980 3437 5038 Sed
3477 4998 3663 5038 omnes
3697 5001 3833 5043 mss.
3869 4998 3930 5043 ut

2371 5057 2422 5107 in
2459 5064 2644 5108 nostro
2679 5062 2845 5108 textu.

2441 5125 2550 5206 (85)
2594 5123 2930 5206 μὶὺὺῖιξάίιί,
2982 5140 3001 5206 ς
3047 5122 3183 5174 sicut
3230 5122 3385 5197 modo
3414 5123 3750 5180 adumbratio
3802 5126 3926 5195 ipsa

2369 5192 2668 5246 deformata
2708 5192 2914 5261 stylo,}
2944 5203 3046 5245 etc.
3122 5260 3152 5261 η
3187 5259 3196 5261 _
3235 5195 3238 5197 “

2441 5264 2547 5334 (86)
2592 5265 2678 5316 Sic
2713 5259 2853 5334 ιιιξε.Δ
2882 5260 3032 5312 Lihh.
3058 5259 3225 5334 editi,
3262 5277 3287 5334 c_
3315 5259 3407 5328 qui
3432 5260 3540 5314 sint
3572 5261 3799 5329 spiritus
3830 5265 3927 5330 qui

2365 5330 2669 5398 operentur,
2691 5332 2780 5399 qtti
2815 5331 2941 5390 sint,
2979 5330 3135 5398 quive
3166 5330 3371 5383 vitales.
3404 5350 3421 5382 ι

2438 5401 2547 5472 (87)
2588 5401 2659 5453 lla
2692 5417 2820 5453 mss.
2848 5401 3015 5472 Alias,
3049 5399 3284 5472 clornize
3315 5409 3471 5453 erant
3511 5415 3524 5450 ε
3562 5401 3668 5452 imo
3713 5403 3925 5472 sentiet

2368 5469 2714 5523 nihiloiuinns
2746 5485 2864 5537 qua:
2881 5471 2950 5522 sit
2978 5469 3546 5538 veritasjubilarurnm
3578 5480 3630 5521 et
3658 5469 3926 5538 septima-

2366 5554 2559 5592 narum
2607 5536 2888 5592 annorum.
2929 5557 2946 5588 ›
2982 5536 3144 5590 Paulo
3190 5536 3309 5606 post
3356 5541 3491 5591 inl'ra
3533 5553 3686 5601 mss.,
3723 5536 3745 5587 i
3783 5537 3926 5604 Qua

2364 5618 2418 5662 et
2468 5618 2681 5677 quanta:
2732 5609 3027 5675 qualesque
3071 5608 3293 5663 virtutes
3340 5610 3448 5660 sint
3484 5610 3655 5660 honre.
3683 5626 3712 5677 γι
3752 5606 3922 5663 Libb.

2365 5676 2496 5734 editi
2537 5679 2706 5733 solum
2757 5677 2976 5744 habent,
3006 5694 3026 5726 ‹
3062 5680 3246 5745 quales
3287 5681 3510 5732 virtutes
3541 5676 3918 5740 siuLhazzar;
