4118 6308
682 511 789 570 217

1918 493 2244 552 ORIGENIS
2275 495 2433 548 ΠΕΡΙ
2468 495 2694 548 ΑΡΧΩΝ

3809 473 3912 531 218

681 645 807 704 qua:
840 629 894 683 in
938 624 1074 682 cmio
1097 633 1221 679 sunt
1256 620 1622 681 continentur,
1650 616 1871 670 venient
1903 616 2068 670 etiam
2098 616 2164 670 ad
2191 629 2253 670 ea
2284 622 2330 680 Α
2360 615 2541 669 ctione
2584 613 2761 682 primo
2796 608 2886 664 illa
2918 607 3109 680 quain
3144 605 3198 660 id
3242 598 3510 676 ascendit,
3544 593 3780 651 secundo
3809 607 3913 663 qua

685 735 808 792 qua:
835 735 938 774 non
985 715 1261 779 videnlur,
1295 711 1380 766 vel
1413 709 1480 764 ad
1511 723 1572 763 ea
1606 721 1835 777 quorum
1885 706 2017 787 sola.
2039 707 2256 762 nomina

687 825 832 869 nunc
896 804 1236 870 audivimus,
1296 811 1351 856 et
1425 800 1493 854 ad
1554 798 1879 854 invisibilia:
1922 814 2042 869 quae
2093 799 2256 853 multa

688 902 901 974 quidem
944 912 1063 952 esse
1113 893 1308 949 Paulus
1338 888 1610 961 apostolus
1647 889 1875 954 docuit,“
1904 903 2025 958 quae
2079 899 2257 944 autem

684 995 818 1058 sint,
856 990 939 1045 vel
996 1003 1160 1057 quam
1216 985 1444 1039 habeant
1494 979 1882 1046 diﬂ‘ercutiam,
1945 994 2012 1034 ne
2067 982 2260 1049 exiguo

687 1084 906 1154 quidem
963 1079 1139 1147 aliquo
1191 1074 1461 1130 intellectu
1516 1072 1789 1140 conjicere
1846 1086 2132 1141 possumus
2193 1071 2258 1124 “.

689 1175 755 1229 Et
791 1175 863 1227 ita
903 1183 1293 1238 crescensgper
1321 1167 1436 1221 sin-
1509 1164 1813 1218 Htsuonvut
1848 1178 2051 1217 \sasm.
2096 1163 2262 1216 Cum-

689 1265 811 1335 gula
852 1261 1195 1317 rationabilis
1242 1267 1436 1313 natura
1507 1274 1606 1324 que
1638 1259 1689 1310 in
1719 1265 1922 1310 tantum
1966 1255 2256 1324 profeceri-

690 1355 792 1431 (I),
811 1368 914 1408 non
934 1352 1075 1408 sicut
1097 1352 1148 1404 in
1168 1361 1330 1402 carne
1355 1346 1436 1399 vel

687 1459 914 1514 corpore
945 1452 1000 1497 et
1031 1441 1208 1494 anima
1240 1440 1293 1490 in
1339 1439 1440 1491 hac

693 1535 850 1604 107
880 1535 987 1588 vita
1015 1531 1319 1593 crescebat,
1349 1529 1439 1583 sed

691 1637 872 1682 mente
933 1641 995 1680 ac
1063 1639 1220 1679 sensu
1283 1631 1438 1676 aucta

693 1719 759 1772 ad
818 1718 1111 1787 perlectam
1157 1716 1440 1771 Stienliatn

694 1824 846 1864 mens
886 1813 996 1880 jam
1036 1808 1274 1878 perlecta
1318 1822 1442 1876 per-

693 1900 930 1966 dueitur,
960 1915 1302 1969 nequaquam
1331 1899 1440 1966 jam

1510 1365 1624 1402 mus
1665 1348 1770 1418 (‘2)
1824 1358 1878 1400 ut
1936 1361 2260 1415 nequaquam

1513 1457 1695 1494 carnes
1729 1449 1774 1491 et
1813 1454 2072 1502 corpora,
2108 1435 2266 1504 forsi-

1512 1545 1601 1586 tan
1629 1549 1690 1585 ne
1707 1533 1898 1584 um'ma’
1919 1530 2125 1600 quidem
2151 1529 2265 1598 [uc-

1515 1626 1704 1687 rimus,
1724 1623 1812 1674 sed
1839 1637 1980 1675 meus
2007 1629 2056 1674 et
2083 1637 2263 1673 sensus

1514 1717 1582 1769 ad
1659 1713 1948 1782 perfectum
2015 1714 2262 1775 veniens,

1516 1808 1762 1875 nulloque
1809 1803 2263 1872 ιιετιιιτισαιὶυηηηι

1517 1898 1697 1952 nubilo
1726 1898 1983 1966 caligant,
2039 1899 2265 1950 intuebi-

2364 714 2665 777 permanet,
2693 703 2846 759 cibos
2865 702 3059 772 quibus
3087 705 3334 753 vescatur
3355 693 3555 748 habens
3581 691 3912 744 theoremata

2363 806 2420 852 ct
2469 795 2772 850 intellectus
2817 806 2998 848 rerum
3044 789 3390 854 rationesque
3427 796 3736 838 cauSarum.
3767 780 3917 834 Sicut

2365 889 2510 944 enim
2535 889 2587 941 in
2616 887 2718 942 hac
2738 886 2846 940 vita
2880 897 3106 953 corpora
3129 891 3309 935 nostra
3329 877 3504 941 primo
3532 875 3583 928 in
3606 872 3707 927 hoc
3742 871 3916 941 ipsum

2367 980 2510 1049 quod
2554 992 2736 1032 sumus
2770 972 3125 1044 corporaliter
3169 976 3440 1032 crescunt,
3477 966 3530 1019 in
3558 962 3728 1032 prima
3761 967 3920 1013 aztate

2367 1073 2612 1128 ciborum
2643 1068 2960 1124 suﬁicieutia
2991 1064 3146 1120 nobis
3172 1065 3560 1118 incrementum
3591 1061 3916 1125 prmstante;

2367 1157 2556 1233 postea
2585 1177 2708 1216 vero
2736 1174 2898 1228 quam
2927 1153 3202 1212 crescendi
3222 1151 3290 1206 ad
3311 1162 3614 1204 mensuram
3644 1143 3727 1197 sui
3762 1139 3922 1195 fuerit

2369 1251 2577 1320 expleta
2608 1248 2930 1318 proceritas,
2970 1243 3173 1298 utimur
3204 1240 3338 1296 cibis
3363 1237 3474 1308 iam
3503 1251 3608 1290 non
3638 1244 3925 1288 utcresca-

2371 1359 2512 1406 mus,
2552 1340 2642 1395 sed
2685 1349 2743 1392 ut
2788 1339 3035 1391 vivamus
3073 1343 3128 1388 et
3169 1343 3557 1390 conserventur
3587 1325 3638 1379 in
3680 1325 3790 1377 vita
3831 1333 3925 1388 per

2371 1455 2526 1494 escas
2563 1453 2576 1490 :
2608 1439 2684 1490 ita
2733 1433 2973 1487 arbitror
2999 1438 3053 1484 et
3084 1437 3316 1482 mentem
3351 1425 3512 1479 etiam
3558 1433 3677 1474 cum
3712 1413 3922 1469 venerit

2371 1531 2433 1584 ad
2472 1528 2794 1599 perlectum,
2828 1523 2970 1578 vesci
3006 1531 3180 1576 tamen
3217 1528 3271 1573 et
3300 1517 3372 1571 uti
3421 1511 3650 1584 propriis
3685 1516 3739 1562 et
3779 1519 3926 1559 com-

2371 1621 2677 1690 petentibus
2709 1617 2845 1673 cibis
2887 1616 2942 1670 in
2987 1629 3052 1668 ca
3095 1625 3371 1673 mensura,
3413 1605 3497 1660 cui
3535 1617 3705 1672 neque
3737 1603 3927 1655 deesse

2371 1711 2578 1780 aliquid
2609 1710 2821 1771 debeat,
2857 1700 3352 1780 neque-abundare.
3389 1696 3445 1751 ln
3468 1695 3718 1750 omnibus
3745 1699 3925 1780 autem

2373 1778 2524 1858 cibus
2551 1803 2638 1856 hic
2666 1797 3048 1868 intelligendus
3070 1802 3154 1848 est
3179 1778 3386 1846 theoria
3409 1797 3462 1842 et
3488 1784 3795 1840 intellectus
3812 1778 3956 1843 Dei,‘

2373 1893 2580 1947 habens
2636 1902 2920 1944 mensuras
2967 1882 3215 1954 proprias
3265 1890 3318 1934 et
3385 1880 3751 1942 competentes
3806 1869 3929 1926 huic

1517 2000 1604 2042 tur
1632 1989 1706 2058 (ὅ)
1741 1962 2083 2042 rationabiles
2111 1988 2266 2041 intel-
2305 1975 2342 2028 Β
2375 1996 2580 2038 natura:
2603 1997 2720 2052 qua:
2753 1979 2890 2032 facta
2919 1987 3004 2032 est
3035 1983 3092 2029 et
3117 1982 3335 2038 creata;
3365 1983 3498 2041 quas
3520 1962 3933 2058 mensurassin-

693 2081 845 2136 sibus
873 2081 1440 2151 impedita,sediutel-
1511 2054 2270 2150 ligibilesquesubstantiasfa-
2376 2075 2533 2147 gulos
2585 2084 2830 2140 quosque
2883 2065 3256 2139 incipientium
3309 2058 3736 2151 videre.Deu_m,
3769 2054 3822 2151 id
3854 2060 3934 2107 est

695 2145 1016 2228 lectualibits
1087 2174 1438 2228 incrementis
1510 2145 1587 2224 cie
1610 2172 1678 2222 ad
1703 2145 1913 2238 faciem.
2193 2145 2200 2147 ⁷
2377 2145 2688 2236 intelligere
2735 2177 2833 2236 per
2878 2161 3166 2232 puritatem
3207 2155 3386 2211 cordis
3436 2149 3692 2220 competit
3743 2145 3934 2201 obser-

693 2271 875 2328 aucta,
901 2279 1114 2332 semper
1149 2263 1214 2317 ad
1261 2279 1475 2332 purum,
1504 2272 1578 2326 et,
1609 2270 1665 2312 ut
1695 2260 1765 2311 ita
1807 2259 2062 2321 dixerim,
2130 2256 2266 2310 facie
2372 2271 2518 2311 vare.

693 2348 762 2403 ad
809 2350 1001 2407 facient
1046 2369 1222 2406 rerum
1258 2367 1448 2406 causas
1484 2351 1803 2420 inspiciens,
1855 2349 2060 2417 potitur
2084 2345 2264 2416 petie-

692 1989 834 2043 ultra
857 1991 977 2046 istis
996 1989 1308 2044 carnalibus
1327 2003 1446 2042 sen-

709 2463 3910 2502 Μ

1733 2641 2154 2753 LIBER
2220 2637 2886 2797 TERTIUS.

2275 2868 2349 2883 ᾔ

1534 3005 2373 3098 ΡΒίΕΡΑΤΙΟ
2485 2965 3114 3097 nonut.

767 3317 870 3384 Qui
897 3317 1050 3386 legis,
1095 3329 1302 3369 memor
1333 3323 1452 3370 esto
1476 3315 1580 3368 mei
1626 3314 1679 3367 in
1711 3314 1818 3366 tuis
1845 3312 2055 3367 sanctis
2085 3312 2449 3374 orationibus,
2474 3321 2532 3365 ut
2559 3321 2614 3365 et
2651 3325 2750 3365 nos
2795 3310 2932 3366 elIici
2970 3321 3278 3366 mereamur
3304 3307 3652 3364 aeruulatores
3688 3308 3932 3378 spiritus.

701 3407 1026 3476 Superiores
1065 3407 1200 3462 duos
1227 3405 1376 3472 napi.
1407 3404 1609 3472 ἀρχῶν
1643 3396 1855 3457 libellos
1888 3411 1940 3456 te
1979 3417 2086 3456 non
2119 3402 2294 3456 solum
2327 3402 2635 3464 insistente,
2679 3417 2864 3456 verum
2893 3403 3052 3457 etiam
3093 3410 3324 3468 cogente
3347 3439 3361 3464 ,
3387 3401 3578 3456 diebus
3620 3399 3934 3468 Quadringe-

731 3499 852 3548 "-'-:e
886 3504 1276 3565 it:~,.-tpretatus
1313 3510 1452 3548 sum.
1486 3494 1591 3548 Sed
1615 3493 1873 3562 quoniam
1911 3493 2016 3548 illis
2063 3493 2256 3547 diebus
2308 3493 2472 3547 etiam
2518 3502 2572 3546 tu
2602 3535 2616 3557 ,
2651 3494 2904 3560 religiose
2935 3493 3103 3546 frater
3140 3490 3377 3557 Macari,
3405 3500 3461 3546 et
3496 3492 3708 3548 vicintts
3754 3506 3938 3545 mane-

827 3590 927 3655 τῇ),
959 3597 1014 3641 et
1042 3587 1266 3654 implius
1302 3586 1559 3648 vacahas,
1593 3584 1755 3638 etiam
1789 3597 1892 3652 ego
1924 3583 2156 3652 amplius
2187 3585 2492 3652 operahar;
2524 3583 2622 3637 hos
2647 3599 2772 3646 vero
2796 3583 3127 3652 posteriores
3153 3580 3290 3636 duos
3328 3581 3534 3639 tardius
3556 3583 3934 3654 explicuimus,

700 3660 830 3734 Iliun
853 3689 908 3732 tu
950 3681 1014 3731 ad
1039 3693 1137 3731 nos
1174 3678 1241 3730 ab
1275 3685 1517 3729 extrema
1551 3684 1606 3729 et
1631 3675 1822 3727 ultima
1853 3677 2004 3728 urbis
2036 3673 2114 3744 (5)
2141 3683 2298 3742 parte
2331 3674 2510 3728 rarior
2546 3660 2770 3730 exae'tor
2802 3673 3036 3728 accedis.
3072 3671 3270 3726 Verum
3305 3674 3353 3728 si
3388 3671 3682 3728 meministi
3714 3673 3854 3743 quod
3885 3673 3935 3726 in

699 3768 1111 3840 praefatinncula
1153 3769 1335 3838 priore
1359 3768 1694 3832 commonui,
1731 3769 1857 3839 quia
1887 3769 2219 3837 iudignaturi
2246 3777 2430 3822 essent
2458 3769 2678 3837 quidam
2721 3773 2764 3823 si
2807 3781 2907 3822 nos
2944 3766 3222 3819 audissent
3275 3781 3380 3820 non
3436 3765 3640 3836 aliquid
3692 3764 3758 3819 de
3807 3763 3934 3822 Ori-

700 3879 838 3934 gene
868 3865 943 3931 (6)
982 3865 1120 3918 male
1153 3863 1319 3933 loqui,
1349 3865 1610 3918 continuo
1643 3865 1719 3929 id,
1746 3874 1804 3918 ut
1835 3866 2090 3929 arbitror,
2123 3875 2474 3934 prosecutum
2497 3866 2769 3934 probasti.
2823 3863 2977 3930 Quod
3019 3863 3063 3917 si
3096 3864 3148 3916 in
3183 3863 3272 3917 illo
3302 3879 3468 3933 opere
3496 3863 3576 3917 ita
3618 3860 3932 3916 inﬂammati

699 3966 826 4018 sunt
856 3957 908 4010 hi
931 3957 1022 4026 qui
1055 3958 1334 4011 hominum
1369 3958 1578 4025 linguas
1612 3960 1679 4011 ad
1707 3960 1844 4014 male
1874 3960 2205 4029 loquendum
2238 3961 2482 4014 excitant
2518 3962 2797 4016 dmmoues
2823 3998 2839 4022 ,
2870 3959 2924 4012 in
2970 3972 3078 4026 quo
3109 3959 3340 4012 nondum
3389 3973 3579 4013 eorum
3624 3967 3833 4012 secreta
3868 3958 3930 4012 ad

701 4049 921 4119 plenum
958 4048 1253 4102 nudaverat
1278 4065 1292 4109 ;
1315 4048 1442 4116 quid
1468 4049 1518 4101 in
1545 4049 1648 4103 hoc
1677 4048 1920 4104 futurum
1941 4061 2117 4121 putas,
2147 4051 2199 4104 in
2230 4065 2337 4119 quo
2364 4065 2554 4107 omnes
2583 4066 2770 4106 eorum
2793 4063 2966 4104 caecas
2987 4057 3042 4102 et
3069 4049 3312 4105 occultas
3338 4051 3477 4117 vias,
3510 4049 3704 4119 quibus
3743 4050 3935 4104 huma.

700 4143 787 4197 nis
817 4141 1071 4194 cordibus
1105 4141 1372 4206 irrepant,
1401 4149 1454 4192 et
1485 4141 1700 4193 animas
1732 4141 1976 4196 inﬁrmas
2009 4158 2072 4197 ac
2108 4143 2332 4211 fragiles
2362 4143 2661 4212 decipiunt,
2705 4141 3002 4198 revelabit?
3043 4140 3264 4196 \‘idehis
3295 4144 3440 4198 iiiico
3477 4143 3784 4212 perturbari
3817 4158 3932 4198 om-

701 4236 813 4298 nia,
838 4232 1136 4287 seditiones
1161 4231 1386 4293 movcri,
1421 4231 1687 4286 clamores
1730 4243 1837 4288 tota
1879 4235 2014 4290 urbe
2047 4234 2296 4302 diﬂ‘undi,
2331 4235 2394 4288 ad
2427 4237 2831 4292 damnationem
2859 4233 3040 4290 vocari
3063 4248 3182 4287 eum
3220 4236 3308 4304 qui
3344 4234 3669 4306 evangelicae
3699 4233 3932 4289 lucerna:

702 4322 905 4376 lumine
933 4320 1227 4374 diabolicas
1262 4318 1584 4385 ignorantia:
1617 4322 1690 4391 (7)
1725 4325 1977 4379 tenebras
2011 4325 2199 4394 fugare
2229 4335 2459 4381 conatus
2505 4336 2608 4382 est.
2650 4327 2849 4383 Verum
2882 4327 2997 4381 haec
3049 4325 3402 4394 parvipendat
3447 4327 3540 4397 qui
3591 4326 3740 4395 cupit
3786 4326 3929 4380 salva

707 4411 831 4464 ildei
861 4409 1140 4463 catholica:
1175 4407 1355 4477 regula
1385 4407 1437 4458 in
1467 4407 1665 4460 divinis
1694 4412 2095 4468 eruditionibus
2126 4415 2372 4468 exerceri
2396 4433 2409 4479 ;
2432 4415 2571 4475 illud
2609 4426 2786 4472 autem
2817 4415 3126 4471 necessario
3155 4416 3676 4486 commoneo,-quod
3709 4416 3851 4472 sicut
3881 4419 3932 4474 in

701 4503 977 4570 Prioribus
1001 4493 1155 4555 libris
1183 4500 1434 4563 [εεὶιιιιιεν
1458 4501 1618 4553 etiam
1652 4501 1703 4554 in
1741 4504 1861 4559 istis
1886 4509 2330 4573 observavimus,
2363 4525 2431 4563 ne
2447 4526 2508 4564 ea
2533 4527 2652 4581 quae
2683 4511 2909 4582 reliquis
2952 4509 3069 4576 ejus
3111 4511 3422 4576 sententiis,
3469 4521 3523 4566 et
3562 4521 3763 4566 nostra:
3813 4511 3932 4568 lidei

705 4593 980 4645 contraria
1011 4591 1362 4646 videbantur.
1389 4590 1803 4658 interpretarer,
1829 4598 1922 4649 sed
1951 4598 2096 4650 velut
2125 4599 2328 4653 inserta
2356 4615 2418 4652 ea
2453 4603 2518 4654 ah
2549 4601 2670 4655 aliis
2699 4610 2753 4656 et
2788 4601 3092 4656 adulterata
3133 4603 3487 4667 praeterirem.
3545 4601 3619 4658 De
3668 4604 3934 4659 creaturis

701 4701 833 4739 vero
856 4686 1262 4739 rationabilihus
1290 4686 1330 4738 si
1359 4685 1486 4754 quid
1517 4687 1638 4738 novi
1673 4687 1877 4744 dixisse
1907 4693 2052 4747 visus
2076 4704 2187 4761 est,
2213 4697 2336 4765 quia

2369 4712 2466 4751 non
2500 4698 2552 4751 in
2572 4699 2673 4753 hoc
2703 4707 2786 4754 est
2809 4713 3018 4752 summa
3044 4695 3183 4758 fidei,
3219 4698 3457 4753 scientiae
3485 4699 3659 4768 gratia
3699 4710 3754 4754 et
3779 4715 3933 4754 exer-

704 4779 843 4842 eitii,
879 4794 1002 4831 cum
1034 4779 1171 4832 forte
1196 4780 1351 4833 nobis
1379 4781 1668 4832 adversum
1700 4783 1988 4840 nonnullas
2014 4788 2261 4848 haereses.
2291 4791 2381 4845 tali
2411 4793 2607 4847 ordine
2636 4793 2946 4849 necessario
2983 4791 3415 4859 respondendum
3444 4805 3547 4861 est,
3573 4810 3749 4865 neque
3778 4795 3829 4848 in
3853 4795 3934 4849 his

705 4875 920 4936 libellis,
958 4890 1131 4944 neque
1157 4877 1206 4928 in
1238 4877 1610 4943 superioribus
1646 4881 1989 4945 prmlermisi,
2022 4885 2126 4937 nisi
2162 4887 2206 4939 si
2244 4901 2349 4956 qua
2396 4888 2536 4943 forte
2563 4888 2674 4955 jam
2707 4891 2760 4944 in
2804 4888 3175 4957 superioribus
3204 4888 3342 4941 dicta
3386 4899 3631 4959 repetere
3672 4891 3843 4946 etiam
3884 4892 3931 4943 in

705 4966 788 5018 his
812 4969 1204 5035 posterioribus
1237 4970 1427 5034 voluit,
1462 4981 1512 5025 ct
1545 4972 1834 5026 brevitatis
1862 4976 2034 5042 gratia
2065 4977 2238 5047 aliqua
2266 4998 2331 5036 ex
2364 4985 2447 5038 his
2473 5000 2724 5040 resecare
2756 4985 3098 5040 commodum
3124 4984 3272 5038 duxi.
3303 4984 3358 5037 Si
3400 4988 3525 5052 quis
3563 4997 3741 5042 tamen
3776 4988 3935 5056 proﬁ.

703 5062 878 5112 cieudi
911 5074 961 5114 et
989 5081 1088 5114 ιιυιι
1119 5065 1450 5118 obtrectandi
1482 5068 1660 5120 studio
1692 5068 1807 5148 haec
1838 5068 1995 5138 leget,
2020 5074 2228 5127 rectius
2259 5075 2418 5132 faciet
2443 5080 2486 5133 si
2521 5083 2715 5148 exponi
2744 5082 2843 5134 sibi
2873 5081 2986 5135 hanc
3012 5094 3039 5132 a
3071 5073 3418 5148 peritidribus
3448 5068 3596 5135 velit.
3628 5084 3930 5138 Absurduui

708 5165 940 5244 namque
970 5163 1352 5244 estpactarum
1397 5157 1518 5209 ﬁcta
1551 5157 1875 5212 carmiua'et
1899 5162 2292 5217 comoediarum
2319 5168 2576 5223 ridiculas
2605 5171 2816 5224 fabulas
2861 5187 2888 5222 a
2926 5170 3292 5238 grammaticis
3333 5171 3569 5237 exponi;
3615 5181 3671 5226 et
3709 5188 3776 5226 ea
3816 5190 3930 5244 quas

704 5238 787 5291 vel
813 5240 875 5291 de
904 5233 1036 5331 ξδρθ,
1071 5241 1147 5292 vel
1177 5243 1243 5296 dc
1269 5245 1581 5302 cmicstibus
1607 5250 1924 5314 virtutibus,
1959 5265 2021 5305 ac
2050 5251 2116 5304 de
2143 5255 2288 5307 omni
2327 5272 2336 5308 ι

2369 5257 2682 5316 ulversitate
2722 5233 2997 5325 dicuntur,
3031 5263 3080 5315 in
3122 5262 3318 5330 quibus
3358 5233 3534 5318 omnis
3563 5265 3640 5334 (8)
3673 5266 3753 5318 vel
3777 5233 3930 5337 paga-

778 5357 819 5384 ’δ
854 5353 1048 5420 Lpltes.
1087 5371 1120 5415 t,
1168 5355 1257 5418 “2.0,
1286 5357 1375 5408 21.

779 5461 852 5543 (li
898 5462 1084 5543 [\"idel.
1125 5480 1158 5543 lt
1196 5465 1520 5535 Origeuimt.,
1555 5488 1606 5539 q.
1651 5475 1734 5536 ll,
1776 5491 1922 5528 num.
1962 5475 2047 5527 H.

777 5535 854 5614 μὶ)
893 5535 1119 5614 Canaque
1143 5536 1421 5614 in_tanlum
1448 5535 1840 5608 profecerimus,
1867 5557 1974 5599 etc.
2004 5546 2125 5598 Haec
2148 5561 2266 5614 qua:

707 5621 736 5660 e
769 5606 957 5686 (itil‘f‘o
995 5606 1056 5686 mu!
1095 5607 1328 5686 Δ’νυγιιιιιη
1371 5606 1697 5686 γίςιῑὼειιιιι
1729 5615 1794 5665 ab
1839 5606 2177 5686 llieronymo'
2208 5620 2259 5669 in

708 5673 928 5741 cpistola
982 5674 1318 5752 adﬁnium},
1368 5677 1526 5731 luisse
1556 5696 1582 5730 a
1619 5680 1813 5735 iluliuo
1845 5673 2146 5740 adulterata
2191 5687 2260 5740 li-

707 5755 829 5812 ῳιυῖ
877 5760 938 5792 ex
967 5747 1246 5811 utriusque
1279 5747 1783 5812 interpretationem
1810 5756 2120 5811 collatione.

781 5817 855 5871 ςῖςι
900 5814 1214 5886 Inmebitttr.
1269 5815 1428 5868 Ft‘irte
1463 5817 1745 5886 legendum
1795 5842 1810 5871 ι
1843 5825 2201 5882 intuebimur.
2229 5845 2247 5880 ι

783 5889 856 5951 γε)
885 5885 951 5935 ita
986 5902 1112 5938 mss.
1141 5883 1304 5948 Alias,
1345 5905 1361 5935 α
1400 5883 1625 5943 vicinius
1659 5893 1935 5949 moucbas.
1980 5914 1998 5946 ι

2455 5477 2530 5549 (ἲὶ)
2560 5477 2646 5549 _Sic
2677 5480 2876 5549 optime
2911 5499 3043 5535 mss.
3069 5483 3232 5549 Alias,
3271 5503 3289 5535 ι
3323 5483 3489 5538 orbis.
3524 5501 3544 5535 ι

2449 5547 2530 5631 (ti).
2554 5546 2626 5597 De
2655 5546 2906 5631 ρϊξθωω.
2955 5555 3113 5631 Deest
3165 5546 3787 5631 i_t_r_antea,__etlitis,_ubi
3836 5575 3930 5631 pro

2378 5633 2396 5665 ι
2431 5617 2565 5695 male
2587 5634 2624 5695 ⁸ι
2655 5617 2849 5695 legitur
2882 5638 2898 5668 ι
2932 5623 3079 5676 ntali.
3123 5642 3142 5675 ι
3170 5623 3368 5678 Ibidem
3400 5625 3524 5679 libb.
3547 5617 3676 5679 editi
3703 5666 3722 5692 ,
3752 5649 3771 5682 ι
3801 5617 3928 5685 ὡυ-

2371 5695 2517 5807 tmulo
2548 5686 2599 5808 idl
2629 5687 2860 5808 arlbitror
2889 5703 3225 5755 persecutum
3277 5697 3498 5762 putasti.
3534 5713 3556 5748 ι
3585 5686 3718 5752 Mss:
3767 5709 3826 5755 ut
3872 5701 3926 5757 in

2371 5772 2468 5808 nos
2501 5771 2557 5807 ro
2609 5771 2670 5808 ex
2703 5772 2753 5808 u.

2369 5767 2557 5809 liOSll‘O
2588 5766 2670 5808 lex
2682 5766 2753 5808 tu.

2434 5826 2512 5904 (ξ)
2544 5823 2620 5904 ita
2661 5840 2785 5880 mss.
2825 5824 2992 5904 Alias,
3024 5845 3044 5878 ι
3087 5830 3360 5888 diabolica)
3387 5834 3722 5902 ignorantiae.
3763 5854 3785 5889 ο

2431 5900 2508 5967 t8)
2543 5897 2633 5952 Sic
2659 5911 2784 5952 mss.
2820 5897 2996 5966 Alias,
3024 5916 3041 5950 ‹
3081 5904 3348 5959 oumibus.
3394 5897 3417 5957 ὁ
