4136 6310
199 477 306 535 sta
1522 457 1725 542 LIBER
1764 484 2081 544 TERTIUS.
2795 478 2802 484 '
3077 529 3081 532 .
3305 494 3412 554 250

193 619 390 660 norum
417 603 894 679 philosophorum,
927 606 1011 663 vel
1039 605 1411 663 haereticorum
1446 622 1645 678 pravus
1690 624 1848 665 error
1874 611 2138 694 arguitur,
2169 609 2290 666 sine
2323 613 2584 683 magistro
2614 618 2668 668 et
2696 611 3048 682 explanatore
3085 621 3276 683 putare
3307 614 3405 668 ali-

193 712 346 766 quem
377 713 541 769 posse
578 714 639 762 se
667 700 879 756 discere
903 700 981 774 (9)
1014 717 1029 755 :
1059 709 1112 756 et
1137 701 1210 755 ita
1246 702 1301 754 lit
1331 711 1387 754 ut
1415 715 1502 755 res
1532 701 1770 756 dilIiciles
1796 711 1849 756 et
1876 703 2160 758 obscuras
2188 704 2377 759 malint
2427 705 2676 761 homines
2725 719 2821 775 per
2849 707 3214 762 temeritatem
3247 714 3299 761 et
3327 707 3412 761 in-

194 789 482 848 scientiam
519 793 907 864 condemnare,
931 810 1090 866 quam
1117 809 1214 866 per
1237 795 1565 866 diligentiam
1599 807 1657 852 et
1691 797 1930 852 studium
1962 799 2196 857 discere.

1753 938 1817 956 -ι

804 1056 1048 1114 ΚΕΦΑΛ.
1089 1062 1163 1113 Α’.
1788 1070 1833 1127 Α

195 1152 329 1222 Περὶ
354 1153 760 1226 αὐτεξουσίορ
773 1195 787 1218 ,
837 1155 934 1209 καὶ
957 1155 1087 1226 τῶν
1124 1155 1459 1210 δοκσύντων
1496 1156 1762 1226 ἀναιρεῖν

2382 1071 2540 1151 103
2579 1070 2803 1126 CAPUT
2847 1073 2884 1126 l.

2341 1161 2415 1216 De
2445 1163 2648 1216 arbitrii
2670 1162 2924 1218 libertate.

295 1224 477 1277 τοῦτο
502 1224 813 1294 Γραφικῶν
828 1224 1024 1293 ῥητῶν
1043 1227 1221 1291 λύσις
1245 1226 1338 1280 καὶ
1363 1224 1666 1295 ἑρμηνεία.

275 1335 431 1389 Ἐπεὶ
457 1335 515 1388 δὲ
543 1339 599 1390 ὲν
623 1337 699 1408 τῷ
727 1336 1038 1409 κηρύγματι
1077 1335 1152 1407 τῷ
1190 1336 1622 1409 ἐκκλησιαστικῷ
1665 1356 1759 1392 πε-

202 1425 436 1497 ριέχεται
465 1428 495 1479 ὁ
531 1430 657 1499 περὶ
680 1430 914 1500 κρίσεως
956 1429 1166 1493 δικαίας
1207 1429 1339 1482 Θεοῦ
1375 1430 1562 1496 λόγος,
1613 1432 1758 1495 ὅστις

199 1518 288 1570 καὶ
320 1521 449 1582 τοὺς
495 1519 789 1584 ἀκούοντας
813 1520 1118 1584 πιστευθεὶς
1151 1516 1287 1573 εἶναι
1324 1520 1524 1591 ἀληθὴς
1555 1539 1762 1592 προκα-

208 1607 376 1662 λεῖται
404 1610 501 1661 ἐπὶ
531 1610 592 1662 τὸ
621 1610 798 1675 καλῶς
837 1611 1019 1682 βιοῦν,
1062 1613 1154 1666 καὶ
1197 1613 1357 1666 παντὶ
1398 1615 1582 1684 τρόπῳ
1631 1613 1763 1683 φεύ-

212 1716 311 1767 ίειν
336 1699 437 1770 τὴν
470 1700 772 1772 ἁμαρτίαν,
814 1700 1055 1773 δηλονότι
1097 1703 1655 1774 συγκατατιθεμένους
1703 1704 1761 1756 τὸ

200 1791 281 1858 ἐφ’
301 1794 437 1863 ἡμῖν
469 1787 608 1845 εἶναι
641 1792 708 1845 τὰ
734 1793 953 1846 ἐπαίνου
977 1793 1070 1846 καὶ
1091 1793 1256 1864 ψόγου
1287 1792 1408 1857 ἄξια
1431 1812 1443 1824 ·
1485 1795 1620 1866 φέρε
1668 1795 1762 1847 καὶ

201 1883 324 1951 περὶ
342 1883 438 1936 τοῦ
476 1881 819 1948 αύτεξουσίου
853 1882 956 1954 ίδίᾳ
990 1867 1149 1952 ὀλίγα
1186 1883 1553 1954 διαλάϐωμεν,
1599 1887 1764 1954 ἀναγ-

201 1975 484 2029 καιοτάτου
512 1975 587 2039 ὡς
614 1975 692 2029 ἔνι
723 1975 956 2045 μάλιστα
986 1975 1382 2047 προϐλήματος.
1426 1978 1538 2029 Ἵνα
1563 1977 1618 2028 δὲ
1641 1978 1766 2046 νοήδ

202 2081 379 2136 σωμεν
409 2066 464 2118 τί
497 2066 554 2120 τὸ
585 2066 943 2134 αὐτεξούσιον,
973 2067 1070 2138 τὴν
1100 2067 1302 2120 ἔννοιαν
1336 2067 1497 2120 αὑτοῦ
1527 2067 1764 2121 ἀναπτύ-

202 2153 285 2219 ξαι
307 2155 420 2219 δεῖ,
449 2156 536 2210 ἴνα
567 2157 770 2228 ταύτης
807 2157 1228 2229 σαφηνισθείσης
1266 2157 1508 2228 ἀκριϐῶς
1534 2198 1548 2224 ,
1584 2177 1759 2230 παρα-

203 2244 365 2317 σταθῇ
399 2245 513 2318 (10)
543 2247 604 2301 τὸ
627 2247 976 2319 ζητούμενον.

1936 1250 1986 1306 Ι.
2029 1247 2180 1305 Talia
2236 1251 2477 1319 quaedam
2542 1252 2607 1305 de
2665 1252 3168 1321 repromissionibns
3217 1253 3416 1311 divinis

1863 1339 2133 1396 credimus
2160 1341 2460 1407 sentienda,
2489 1357 2608 1395 cum
2643 1341 3051 1411 intelligentiam
3085 1352 3323 1398 nostram
3344 1345 3411 1398 ad

1866 1429 2371 1500 contemplationem
2404 1432 2593 1486 aeterni
2639 1432 2810 1496 illius,
2852 1443 2908 1486 et
2944 1433 3089 1488 nullo
3127 1434 3234 1488 line
3265 1434 3414 1487 clau-

1869 1521 2028 1576 dendi
2065 1522 2243 1578 sarculi
2266 1522 2593 1592 jaenlamur,
2622 1533 2786 1593 atque
2817 1523 3141 1579 ineffabilem
3188 1525 3303 1592 ejus
3326 1526 3417 1581 la:-

1868 1612 2038 1666 titiam
2066 1626 2128 1667 ac
2151 1611 2537 1667 beatitudinem
2566 1604 3014 1681 contemplamur.
3046 1615 3246 1670 Verum
3273 1629 3414 1683 quo-

1863 1705 2006 1758 niam
2055 1705 2106 1758 in
2144 1705 2509 1761 ecclesiastica
2555 1705 2936 1773 praedicatione
2977 1705 3122 1759 inest
3159 1706 3321 1760 etiam
3353 1707 3418 1761 de

1864 1794 2042 1850 futuro
2066 1794 2159 1849 Dei
2193 1796 2341 1865 justo
2366 1795 2569 1866 judicio
2592 1795 2743 1860 fides,
2769 1809 2890 1864 quae
2913 1794 3099 1864 iudicii
3124 1795 3418 1852 credulitas

1866 1895 2119 1957 provocat
2169 1887 2417 1941 homines
2446 1897 2500 1941 et
2546 1887 2736 1941 suadet
2775 1887 2842 1939 ad
2877 1873 3012 1940 bene
3055 1885 3419 1956 prmelareque

1868 1976 2172 2040 vivendum,
2209 1984 2266 2029 et
2290 1976 2434 2029 omni
2466 1990 2664 2044 genere
2712 1972 2960 2044 refugere
2998 1983 3315 2044 peccatum,
3365 1985 3420 2030 et

1865 2080 1958 2134 per
1987 2067 2089 2121 hoc
2113 2067 2226 2120 sine
2251 2066 2411 2120 dubio
2442 2065 2713 2119 indicatur
2746 2068 2888 2133 quod
2925 2066 2978 2120 in
3011 2078 3197 2121 nostra
3225 2068 3295 2121 sit
3325 2081 3421 2136 po-

1865 2158 2026 2211 situm
2057 2167 2322 2227 potestate
2355 2158 2435 2210 vel
2463 2158 2720 2212 laudabili
2757 2172 2856 2212 nos
2892 2159 3014 2213 vita:
3047 2159 3130 2213 vel
3173 2157 3423 2227 culpabili

1862 2248 2082 2313 dedere,
2113 2258 2390 2318 propterea
2415 2251 2776 2304 necessarium
2807 2266 2929 2304 reor
2958 2266 3128 2318 pauca
3167 2252 3329 2304 etiam
3360 2251 3424 2306 de

203 2341 412 2395 arbitrii
437 2345 605 2397 nostri
634 2345 883 2398 libertate
908 2346 1190 2410 disserere,
1223 2375 1226 2377 -
1250 2357 1314 2397 eo
1368 2345 1509 2414 quod
1562 2361 1666 2399 non
1727 2343 2034 2415 ignobiliter
2060 2347 2170 2400 haec
2196 2362 2406 2414 quoque
2429 2348 2698 2415 quaestioa
2726 2325 3137 2416 quamplurimis
3171 2349 3423 2416 agitetur.

203 2435 474 2492 Utautetn
507 2436 720 2492 facilius
751 2439 875 2507 quid
903 2439 1218 2495 sitlibertas
1271 2439 1483 2493 arbitrii
1519 2451 1930 2507 cognoscamus,
1981 2439 2106 2507 quid
2165 2439 2262 2492 sibi
2313 2438 2440 2492 velit
2503 2449 2690 2493 natura
2726 2439 2894 2508 ipsius
2934 2423 3146 2494 arbitrii
3180 2440 3422 2494 volunta-

206 2531 398 2601 tisque,
427 2532 789 2600 requiramus.

271 2624 392 2676 Τῶν
419 2623 754 2695 κινουμένων
780 2623 848 2677 τὰ
891 2622 988 2694 μὲν
1011 2623 1130 2677 τινὰ
1175 2625 1231 2676 ὲν
1272 2624 1482 2686 ἑαυτοῖς
1516 2624 1628 2693 ἔχει
1666 2623 1764 2694 τὴν

1935 2617 1990 2671 2.
2021 2615 2269 2672 Omnium
2331 2630 2450 2683 qua:
2503 2626 2786 2670 moventur
2843 2618 2948 2672 alia
3009 2619 3061 2673 in
3122 2621 3425 2689 semetipsis

204 2714 296 2784 τῆς
319 2716 586 2784 κινήσεως
611 2715 810 2778 αἰτίαν,
839 2713 999 2785 ’ἐτερα
1017 2713 1070 2766 δὲ
1095 2711 1290 2779 ἔξωθεν
1331 2713 1485 2783 μόνον
1515 2715 1763 2764 κινεῖται.

208 2804 446 2869 Ἔξωθεν
468 2800 580 2858 οὖν
610 2804 770 2874 μόνον
799 2808 1025 2858 κινεῖται
1053 2806 1122 2859 τὰ
1161 2803 1396 2875 φορητὰ,
1443 2797 1550 2856 οἷον
1572 2845 1585 2868 ,
1639 2801 1766 2866 ξύλα

215 2896 304 2948 καὶ
331 2893 607 2968 λίθοι-καὶ
644 2896 790 2946 πᾶσα
823 2895 856 2963 ἡ
895 2895 1000 2946 ὑπὸ
1026 2893 1192 2958 ἕξεως
1235 2893 1399 2964 μόνης
1439 2891 1766 2963 συνεχομένη

209 2984 324 3054 ὕλη.
372 2982 768 3053 ’Υπεξῃρήσθω
809 2982 864 3034 δὲ
892 2982 983 3035 νῦν
1013 2981 1104 3034 τοῦ
1143 2982 1300 3050 λόγου
1333 2983 1392 3038 τὸ
1433 2984 1643 3053 κίνησιν
1680 2982 1765 3034 λέ-

208 3089 320 3140 γειν
350 3073 449 3144 τὴν
481 3071 636 3143 ῥύσιν
673 3071 780 3124 τῶν
823 3072 1088 3142 σωμάτων
1110 3112 1124 3136 ,
1173 3060 1295 3124 ἐπεὶ
1340 3073 1414 3142 μὴ
1461 3073 1617 3144 χρεία
1650 3073 1771 3125 τού-

206 3148 296 3217 του
331 3166 440 3236 (Η)
476 3165 611 3236 πρὸς
641 3164 700 3217 τὸ
730 3165 1109 3235 προκείμενον.
1160 3163 1244 3215 Ἐν
1293 3163 1525 3227 ἑαυτοῖς
1549 3164 1606 3216 δὲ
1658 3163 1769 3234 ἔχει

208 3252 302 3321 τὴν
330 3253 511 3306 αἰτίαν
552 3251 646 3305 τοῦ
680 3252 945 3305 κινεῖσθαι
992 3250 1104 3316 ζῶα
1135 3252 1227 3304 καὶ
1257 3251 1396 3319 φυτὰ
1432 3254 1525 3304 καὶ
1562 3252 1772 3319 ἁπαξα-

209 3344 352 3407 πλῶς
383 3347 487 3397 ὅσα
525 3343 629 3398 ὑπὸ
662 3343 872 3411 φύσεως
907 3347 1000 3397 καὶ
1038 3345 1211 3414 ψυχῆς
1258 3343 1571 3412 συνέχεται,
1615 3343 1672 3408 ἐξ
1697 3337 1768 3396 ὧν

213 3439 368 3506 φασὶν
396 3436 536 3492 εἶναι
560 3440 654 3492 καὶ
700 3437 767 3491 τὰ
807 3438 1062 3507 μέταλλα.
1096 3437 1240 3507 Πρὸς
1268 3437 1323 3490 δὲ
1351 3436 1561 3499 τούτοις
1589 3438 1681 3489 καὶ
1709 3437 1770 3489 τὸ

212 3526 317 3599 πῦρ
331 3529 686 3599 αὐτοκίνητόν
710 3530 844 3593 ἐστι,
873 3530 1012 3598 τάχα
1030 3529 1083 3581 δὲ
1111 3530 1204 3582 καὶ
1245 3530 1299 3582 αἱ
1340 3527 1529 3598 πηγαί.
1561 3526 1679 3580 Τῶν
1712 3528 1768 3579 δὲ

213 3625 266 3676 ὲν
291 3625 505 3687 ἑαυτοῖς
531 3621 628 3675 τοῦ
657 3620 919 3673 κινεῖσθαι
948 3622 1044 3692 τὴν
1071 3621 1246 3674 αἰτίαν
1281 3622 1370 3690 ὲχό
1383 3639 1528 3685 ιτων,
1559 3620 1626 3673 τὰ
1668 3621 1769 3691 μὲν

213 3715 369 3783 φασὶν
399 3713 460 3778 ἐξ
485 3711 690 3766 ἑαυτῶν
716 3709 1013 3774 κινεῖσθαι,
1049 3709 1117 3761 τὰ
1147 3709 1201 3760 δὲ
1255 3709 1346 3777 ἀφ’
1395 3708 1618 3764 ἑαυτῶν.
1683 3709 1769 3775 Ἐξ

213 3805 413 3861 ιαυτῶν
457 3805 558 3876 μὲν
601 3802 670 3856 τὰ
709 3801 922 3870 ἄψυχα,
953 3802 1043 3870 ἀφ’
1084 3800 1285 3854 ἑαυτῶν
1330 3800 1386 3853 δὲ
1412 3798 1478 3852 τὰ
1529 3799 1765 3872 ἔμψυχαο

212 3895 297 3969 ἀφ’
316 3896 524 3949 ἑαυτῶν
555 3895 661 3965 γὰρ
684 3896 909 3945 κινεῖται
937 3893 1005 3944 τὰ
1029 3891 1261 3962 ἔμψυχα,
1294 3891 1590 3959 φαντασίας
1622 3893 1771 3958 ἐγγι-

213 3987 436 4059 νομένης
459 3986 634 4059 ὁρμὴν
653 3984 1114 4056 προκαλουμένης·
1139 3981 1231 4033 καῖ
1261 3980 1417 4034 πάλιν
1439 3980 1495 4034 ὲν
1526 3982 1634 4033 τισὶ
1660 3981 1768 4051 (12)

214 4077 316 4130 τῶν
350 4079 505 4143 ζώων
533 4075 822 4146 φαντασίαι
854 4075 1089 4143 γίνονται
1117 4071 1291 4143 ὁρμὴν
1315 4071 1772 4141 προκαλούμεναι,

218 4169 420 4237 φύσεως
455 4153 824 4238 φανταστικῆς
857 4161 1204 4234 τεταγμένως
1250 4160 1504 4231 κινούσης
1550 4161 1646 4232 τὴν
1685 4162 1775 4228 ὁρ-

220 4259 336 4328 μὴν,
363 4261 437 4323 ὡς
451 4261 511 4312 ἐν
533 4258 611 4327 τῷ
636 4259 842 4330 ἀράχνῃ
870 4254 1133 4326 φαντασία
1161 4253 1251 4306 τοῦ
1281 4251 1522 4320 ὑφαίνειν
1543 4252 1771 4318 γίνεται,

217 4352 302 4405 καί
327 4352 469 4424 ὁρμὴ
502 4349 785 4405 ἀκολουθεῖ
805 4350 894 4402 ἐπὶ
919 4347 978 4400 τὸ
994 4346 1255 4414 ὑφαίνειν,
1279 4343 1376 4413 τῆς
1407 4344 1774 4413 φανταστικῆς

1871 2724 2061 2763 causas
2089 2719 2325 2762 motuum
2353 2720 2568 2759 suorum
2602 2714 2812 2789 gerunt,
2843 2708 2947 2761 alia
2972 2709 3311 2766 extrinsecus
3337 2725 3428 2767 θεά

1870 2801 2113 2868 cipiunt;
2171 2807 2351 2867 ulputa
2383 2799 3116 2856 extrinsecustantummodo
3142 2812 3427 2859 mo’ventur
3480 2800 3488 2808 ’

1840 2890 2044 2942 omnia
2071 2905 2192 2957 mite
2218 2890 2334 2943 sine
2366 2889 2471 2942 vita
2516 2899 2673 2956 sunt,
2729 2900 2786 2944 ut
2837 2890 3044 2961 lapides
3087 2902 3142 2948 el
3183 2894 3324 2964 ligna
3376 2909 3428 2950 et

1869 2993 2197 3047 quzecnnque
2233 2977 2534 3047 lnijusmodi
2565 2990 2690 3033 sunt
2724 2997 2845 3049 qua:
2889 2984 3008 3038 solo
3043 2985 3228 3040 habitu
3256 2997 3426 3040 mate-

1872 3070 1965 3123 riu:
1998 3085 2105 3123 suae
2147 3070 2227 3123 vel
2277 3085 2560 3138 corporum
2607 3082 2878 3129 constant.
2935 3075 3244 3131 Omittenda
3294 3093 3427 3132 sane

1872 3176 2016 3214 nunc
2040 3155 2122 3214 est
2146 3162 2232 3215 illa
2270 3163 2497 3231 quiestio
2528 3178 2646 3232 quae
2678 3167 2844 3220 etiam
2878 3165 3023 3219 illum
3052 3178 3252 3221 motum
3277 3177 3428 3236 putat

1871 3268 2008 3317 esse,
2048 3269 2164 3306 cum
2200 3269 2295 3320 per
2328 3256 2694 3323 corruptelam
2745 3273 2972 3328 corpora
3031 3260 3424 3324 dissolvuntur;

1873 3346 2002 3398 nihil
2055 3347 2198 3399 enim
2237 3349 2537 3401 nunc.hmc
2598 3351 2662 3403 ad
2715 3354 3045 3420 propositum
3099 3355 3424 3408 conducunt.

1870 3437 1987 3490 Alia
2025 3452 2150 3490 vero
2202 3438 2253 3489 in
2305 3439 2494 3506 seipsis
2538 3425 2743 3496 habent
2777 3445 3025 3498 movendi
3075 3461 3328 3510 causam,
3371 3456 3428 3499 ιιι
3486 3509 3490 3513 _

1874 3529 2150 3594 animalia,
2180 3531 2264 3584 vel
2292 3534 2539 3601 arbores,
2567 3545 2620 3588 et
2647 3536 2824 3587 omnia
2857 3551 2974 3604 qua:
3010 3551 3102 3604 per
3132 3538 3424 3599 naturalem

1873 3622 2065 3685 vitam,
2093 3623 2178 3676 vel
2217 3636 2312 3690 per
2332 3625 2564 3677 animam
2598 3636 2845 3681 constant
2891 3645 2904 3680 :
2945 3629 3085 3680 inter
3113 3644 3229 3695 qua:
3263 3630 3423 3683 etiam

1871 3705 2208 3767 metallorum
2264 3730 2430 3768 venas
2486 3716 2725 3782 deputari
2763 3719 3034 3787 aliquibus
3083 3720 3255 3773 visum
3303 3731 3421 3786 est;

1871 3804 1964 3857 sed
1999 3812 2050 3857 et
2083 3805 2221 3874 ignis
2251 3806 2329 3858 sui
2365 3816 2545 3860 motus
2569 3821 2690 3860 esse
2726 3810 2996 3875 putandus
3019 3822 3102 3863 est
3127 3851 3141 3873 ,
3177 3811 3425 3885 fortassis

1874 3905 2052 3949 autem
2088 3897 2250 3949 etiam
2280 3908 2330 3950 et
2353 3896 2528 3953 fontes
2551 3917 2834 3970 aquarttm.
2867 3901 2990 3956 Haec
3014 3915 3194 3956 autem
3221 3919 3339 3971 quae
3373 3905 3423 3957 iu

1872 3987 2174 4055 semetipsis
2198 4003 2412 4042 causam
2437 4007 2655 4060 suorum
2681 4002 2917 4056 motuum
2947 3994 3162 4060 habent,
3181 3997 3424 4064 quardatn

1875 4073 2126 4128 dicuntur
2153 4093 2218 4131 ex
2268 4094 2348 4144 se,
2408 4084 2649 4150 quaedam
2677 4099 2705 4136 a
2751 4099 2808 4138 se
2843 4087 3048 4139 moveri
3089 4096 3140 4138 et
3172 4088 3242 4138 ita
3291 4087 3428 4140 divi-

1874 4163 2006 4218 dunt
2027 4164 2162 4234 (i3),
2193 4168 2333 4235 quod
2354 4184 2418 4221 ex
2449 4185 2505 4223 se
2540 4159 2852 4226 moveantur
2873 4189 2935 4226 ea
2959 4191 3076 4243 quae
3104 4176 3286 4228 vivunt
3311 4177 3428 4244 qui-

1872 4257 2012 4319 dem,
2039 4268 2142 4308 non
2169 4267 2341 4312 tamen
2360 4260 2647 4313 animantia
2673 4273 2829 4327 sunt;
2857 4279 2885 4316 a
2904 4281 2961 4318 se
2981 4274 3158 4318 autem
3178 4280 3426 4320 movean-

1875 4354 1961 4400 tur
1990 4348 2305 4412 animantia,
2331 4364 2449 4403 cum
2487 4351 2641 4420 109
2662 4353 2740 4406 eis
2771 4354 3075 4421 phantasia,
3113 4349 3161 4409 id
3206 4367 3309 4422 est,
3339 4373 3428 4411 vo-

1419 4452 1976 4521 INT'ERPRETATIO
2014 4466 2216 4522 NOVA.

1669 4559 1893 4615 CAPUT
1934 4560 1972 4614 l.

413 4661 493 4715 De
517 4660 681 4714 libero
710 4655 960 4719 arbitrio;
993 4654 1116 4708 item
1143 4653 1399 4706 dictorum
1421 4651 1726 4717 Scriptum,
1759 4670 1875 4722 qum
1903 4655 1956 4706 id
1985 4653 2164 4707 tollere
2194 4655 2450 4720 videntur,
2485 4658 2675 4712 solutio
2708 4667 2754 4711 ct
2793 4660 3176 4727 interimunt).

204 4746 206 4748 ’
283 4755 334 4811 1.
367 4754 638 4821 Quoniam
667 4753 731 4806 de
751 4749 894 4818 justo
929 4748 1018 4802 Dei
1045 4746 1249 4821 judicio
1283 4761 1584 4821 sermonem
1617 4746 1852 4821 continet
1875 4746 2244 4821 ecclesiastica
2272 4751 2581 4818 praedicatio
2605 4794 2618 4816 ,
2645 4753 2735 4820 qui
2768 4753 2984 4818 quidem
3024 4755 3066 4805 si
3097 4767 3257 4805 verus
3290 4766 3412 4805 cre-
3461 4774 3463 4776 ·

222 4814 482 4887 ὀίω-,τεά
513 4823 680 4875 vitam
702 4814 981 4872 honestam
1015 4814 1068 4871 et
1096 4818 1160 4888 ad
1185 4816 1500 4888 fugiendum
1545 4814 1791 4888 omnibus
1824 4817 1995 4868 modis
2027 4814 2306 4884 peccatum
2339 4814 2610 4875 auditores
2643 4814 2928 4888 provocat,
2980 4830 3164 4888 utpote
3213 4822 3303 4888 qui
3361 4822 3413 4874 in

221 4884 373 4947 nobis.
388 4895 492 4946 sita
523 4906 645 4944 esse
675 4889 943 4942 fateantur
966 4903 1082 4956 qua:
1122 4886 1280 4940 laude
1305 4894 1360 4938 et
1391 4884 1656 4956 vituperio
1686 4884 1848 4956 digna
1874 4895 2017 4950 sunt,
2053 4904 2148 4956 age
2179 4901 2230 4942 et
2258 4892 2323 4944 de
2355 4891 2524 4944 libero
2554 4884 2799 4951 arbitrio,
2829 4884 3128 4943 necessaria
3159 4890 3208 4940 in
3230 4884 3422 4955 primis

222 4965 507 5032 quaestione
538 4973 710 5032 pauca
755 4953 998 5011 seorsum
1033 4958 1381 5032 disputemus.
1410 4955 1585 5032 Atque
1619 4961 1676 5007 ut.
1705 4953 2067 5032 intelligamus
2090 4953 2222 5026 quid
2247 4962 2314 5012 sit
2345 4961 2561 5014 libertas
2593 4962 2800 5013 arbitrii
2825 4998 2838 5019 ,
2875 4960 3039 5027 ipsius
3067 4959 3213 5012 notio
3233 4953 3421 5027 expli-

222 5026 374 5088 cauda
406 5041 512 5095 est,
539 5026 615 5082 ἰιι
641 5030 740 5082 hac
763 5036 1009 5082 accurate
1043 5026 1330 5082 declarata,
1363 5026 1588 5088 quaestio
1621 5026 2005 5096 constituatur.
2646 5093 2650 5096 '

280 5103 334 5157 2.
361 5094 558 5158 Eorum
592 5114 706 5164 quae
732 5108 1012 5151 moventur
1034 5097 1132 5148 alia
1168 5097 1218 5148 in
1244 5109 1300 5146 se
1331 5106 1545 5164 causam
1585 5101 1758 5164 motus
1789 5094 1981 5146 habent
2006 5113 2020 5159 ;
2053 5096 2151 5149 alia
2174 5098 2503 5150 extrinsecus
2529 5094 2726 5149 tantum
2748 5106 3049 5151 moventur.
3073 5097 3424 5151 Extrinsecus

222 5172 391 5241 itaque
419 5161 921 5226 solum—moventur
950 5182 1067 5241 qua:
1093 5166 1364 5241 feruntur,
1395 5161 1613 5241 ut_l:gna
1651 5171 1704 5213 et
1735 5161 1936 5230 lapides
1961 5175 2013 5241 et.
2050 5169 2225 5219 omnis
2257 5168 2478 5217 materia
2515 5183 2631 5234 qua:
2659 5167 2801 5241 solo
2854 5167 3036 5219 habitu
3088 5171 3418 5241 continetur.

218 5229 326 5294 Jani
357 5258 481 5296 vero
511 5229 1048 5311 prmlermittatur'id
1083 5232 1222 5302 quod
1251 5230 1357 5284 dici
1387 5229 1557 5311 solet”
1581 5229 1934 5311 inlotumesse
1959 5234 2138 5311 luxum
2181 5229 2668 5311 corporunn;_i;uod
2707 5237 2770 5286 ad
2806 5252 2916 5311 rem
2963 5248 3278 5304 przesentem
3315 5236 3417 5288 mi-

223 5299 534 5366 nitue'facit'.
560 5311 620 5366 In
647 5309 840 5375 seipsis
866 5315 1043 5360 autem
1080 5299 1300 5356 causam
1334 5308 1508 5353 motus
1547 5299 1747 5353 habent
1781 5302 2029 5355 animalia
2063 5313 2115 5355 et
2142 5299 2362 5370 plantae,
2393 5319 2452 5357 ea
2491 5299 2717 5358 demum
2748 5307 2927 5359 Otttltla
2957 5299 3074 5375 qua:
3127 5318 3316 5360 natura
3365 5319 3422 5360 et

288 5501 360 5573 (9)
388 5500 477 5556 Sic
501 5496 842 5573 mss._Alias,
879 5512 910 5573 ¢_
933 5488 1314 5573 explanatione
1349 5483 1586 5573 aliquem
1824 5473 1827 5475 ’

223 5555 435 5626 discere.
473 5589 490 5621 ι
518 5568 688 5622 Paulo
714 5575 835 5634 post
861 5555 1341 5635 nbitnss._ltabent,
1371 5573 1387 5605 ι
1431 5555 1761 5631 inscientiam

224 5644 595 5704 condemnare,
645 5654 663 5687 ι
714 5630 770 5689 in
826 5631 986 5686 editis
1027 5630 1222 5696 legitur
1259 5644 1275 5676 ι
1315 5630 1584 5678 inscitiam
1637 5638 1764 5675 con-

225 5712 485 5766 demnare.
527 5730 546 5760 ι
745 5773 768 5777 _
821 5771 870 5777 *Α
1173 5767 1219 5777 ..

285 5761 392 5848 (liii
413 5761 786 5848 ἀοψασταθῇ.
818 5771 906 5826 Sic
931 5785 1067 5848 mss.
1088 5767 1240 5848 codd:
1274 5767 1409 5820 Editi
1430 5761 1757 5848 verocrcaiiﬁ.

227 5835 528 5984 ῂῖιιυξροέι
563 5835 769 5918 aliquot
800 5859 951 5906 mss.,
983 5843 1016 5911 ἡ
1049 5839 1152 5892 ὑπὸ
1182 5837 1344 5902 ἕξεως
1378 5835 1512 5906 μόνη
1538 5849 1754 5902 συνεχοο

292 5936 350 5984 νη
371 5939 486 5984 υΑη,
1625 5956 1630 5960 .

292 5936 350 5990 νη
371 5939 486 5991 υΑη,

1935 5487 2045 5555 (Η)
2075 5487 2147 5540 Ita
2177 5503 2305 5540 mss.
2335 5489 2496 5554 Editi,
2528 5469 2758 5543 rodunt).
2786 5489 2949 5542 Paulo
2978 5496 3092 5554 post
3119 5485 3414 5552 lihb.editi,

1862 5556 1959 5608 ὅσα
1997 5559 2103 5610 ἀπὸ
2129 5557 2359 5626 φύσεως,
2389 5564 2480 5612 sed
2515 5578 2640 5613 mss.
2661 5562 2773 5613 ,ὅσα
2804 5559 2906 5611 ὑπὸ
2937 5557 3169 5626 φύσεως.

1931 5627 2037 5693 (19.)
2068 5629 2214 5681 Lilib.
2249 5632 2400 5689 editi,
2435 5630 2498 5682 ἄν
2531 5648 2670 5694 τισι;
2706 5647 2856 5689 tuss.,
2890 5628 2945 5678 ἐν
2970 5645 3100 5679 τισι.

1930 5697 2040 5767 (15)
2074 5699 2163 5750 Sic
2195 5713 2322 5751 mss.
2365 5700 2619 5755 Merlinus
2650 5717 2798 5761 vero,
2829 5718 2844 5748 ι
2877 5709 2930 5749 et
2956 5701 3024 5750 ita
3048 5696 3410 5767 dividuntur.)

1861 5764 2177 5821 Infra'mss.
2243 5779 2386 5822 recte
2414 5772 2658 5832 omnino,
2711 5787 2727 5818 σ
2767 5769 2911 5821 aeria
2960 5764 3341 5836 congregandi.
3379 5778 3408 5819 ι

1859 5839 2135 5905 Merliuus,
2173 5857 2188 5888 ι
2239 5842 2464 5895 avaritia
2491 5839 2869 5908 congregandi.
2905 5857 2922 5890 ι
