4118 6308
718 343 813 399 151

1920 339 2236 396 ORIGENIS
2267 341 2423 393 ΠΕΡΙ
2464 338 2690 392 ΔΡΧΩΝ

3781 335 3884 391 252

711 464 886 516 lnntas
915 462 1154 529 quaedam
1177 459 1259 513 vcl
1290 458 1715 524 incitamentum,
1745 459 1977 512 adfuerit
1997 500 2010 522 ,
2040 475 2157 526 quae
2183 475 2240 514 ea

2347 456 2508 509 αὑτοῦ
2538 456 2749 525 φύσεως
2772 454 3112 524 τεταγμένως
3157 455 3249 509 ἐπὶ
3287 454 3443 507 τοῦτο
3478 452 3638 507 αὐτὸν
3681 469 3885 522 προκα-

709 551 910 606 moveri
936 553 1021 609 ad.
1036 551 1237 620 aliquid
1257 551 1339 605 vel
1363 551 1577 605 incitari
1596 549 1981 619 provocaverit.
2009 549 2244 614 Denique

709 641 762 695 in
794 638 1111 708 quibusdam
1165 640 1532 695 animantibus
1580 640 1719 694 inest
1759 639 1882 693 talis
1925 639 2238 707 phantasia,

712 723 764 778 id
785 736 870 779 est
901 726 1166 804 voluntas,
1195 726 1274 781 vel
1299 741 1489 782 sensus
1527 727 1618 796 qui
1662 741 1723 780 ea
1753 726 1982 780 naturali
2013 728 2242 795 quodam

2348 548 2627 617 λουμένης·
2659 548 2749 600 καὶ
2770 546 2980 608 οὐδενὸς
3019 545 3174 600 ἄλλου
3219 544 3356 615 μετά
3394 545 3491 614 τὴν
3528 541 3886 612 φανταστικὴν

2349 635 2510 690 αὑτοῦ
2534 636 2690 706 φύσιν
2709 633 3245 704 πεπιστευμένου.τοῦ
3274 633 3411 697 {mou
3429 674 3444 698 ,
3484 635 3576 688 καὶ
3602 635 3661 686 ὲν
3691 635 3758 703 τῇ
3787 648 3879 702 με·

2347 726 2503 796 λίσσῃ
2531 727 2621 779 ἐπὶ
2649 726 2708 777 τὸ
2729 725 3140 795 κηροπλαστεῖν.

706 815 962 870 instinctu
992 826 1245 886 provocet
1267 825 1320 872 et
1345 817 1574 872 concitet
1621 818 1686 870 ad
1727 818 1999 871 ordinatos
2031 828 2083 871 et
2125 817 2446 885 compositos
2495 826 2670 870 motus
2705 818 2883 870 :sicut
2939 817 3180 870 videmus
3231 829 3454 868 araneas
3513 814 3722 870 facere.
3771 829 3882 883 qua

705 912 1009 979 phantasia,
1062 911 1112 965 id
1157 921 1239 966 est
1295 911 1568 967 voluntate
1603 912 1844 980 quadam
1878 919 1931 965 ct
1972 911 2148 964 studio
2209 912 2455 965 textrina;
2497 911 2562 963 ad
2610 925 2754 978 opus
2816 910 3023 964 texendi
3084 909 3487 963 ordinatissime
3528 907 3883 968 concitantur,

707 1001 825 1054 sine
883 1001 1046 1056 dubio
1087 1001 1318 1056 naturali
1374 1002 1605 1070 quodam
1680 1011 1824 1055 motu
1881 1001 2229 1073 intentionem
2268 999 2634 1065 hujuscemodi
2701 999 2879 1066 Operis
2925 1007 3250 1066 provocante
3303 1015 3315 1050 :

3373 1012 3471 1051 nec
3525 995 3697 1049 tamen
3749 995 3883 1048 ultra

665 1143 668 1148 .
703 1093 869 1148 alium
899 1108 1112 1148 sensum
1139 1094 1368 1162 aliquem
1400 1107 1560 1161 quam
1593 1093 1803 1147 texendi
1846 1092 2094 1147 naturale
2126 1092 2358 1146 studium
2395 1092 2564 1159 ipsum
2599 1089 2795 1144 animal
2846 1090 3135 1155 invenitur,
3201 1089 3338 1143 sicut
3381 1097 3437 1143 et
3487 1103 3614 1157 apes
3660 1087 3886 1157 tinge-di

703 1184 875 1251 favos,
899 1198 963 1238 ac
994 1184 1169 1247 mella,
1199 1192 1257 1236 ut
1281 1184 1456 1246 aiunt,
1485 1184 1633 1238 aeria
1654 1183 2031 1253 congregandi.

772 1279 826 1334 3.
866 1278 1200 1333 Rationabile
1233 1290 1360 1331 vero
1389 1277 1584 1329 animal
1619 1292 1738 1331 cum
1775 1277 1965 1330 habeat
2014 1279 2063 1328 in
2105 1289 2161 1329 se
2187 1282 2241 1328 et

701 1364 1101 1425 bos'natnralcs
1137 1377 1331 1428 motus,
1367 1367 1528 1422 habet
1556 1379 1730 1422 tamen
1771 1367 1998 1434 amplius
2031 1366 2240 1419 cteteris'

699 1457 1021 1512 animalibus
1079 1457 1239 1510 etiam
1304 1460 1527 1513 rationis
1587 1458 1691 1510 vim
1745 1470 1849 1525 qua
1899 1455 2142 1520 judicare
2184 1462 2238 1506 et

700 1547 1009 1601 discernere
1037 1547 1104 1600 de
1140 1547 1368 1601 motibus
1403 1547 1734 1601 naturalibus
1781 1545 1966 1613 possit,
2015 1553 2068 1597 et
2102 1545 2237 1598 alios

699 1637 913 1706 quidem
956 1639 1247 1706 reprobare
1290 1648 1345 1693 et
1389 1638 1636 1704 abjicere,
1682 1637 1813 1690 alios
1849 1653 1977 1691 vero
2018 1637 2241 1704 probare

699 1733 863 1793 atque
893 1725 1188 1794 suscipere,
1225 1727 1374 1794 cujus
1410 1727 1631 1780 rationis
1655 1725 1854 1792 judicio
1881 1726 2032 1794 dirigi
2061 1741 2113 1778 et
2145 1742 2238 1795 gu-

691 1813 910 1868 bernari
939 1813 1172 1868 hominis
1198 1825 1372 1870 motus
1395 1817 1459 1870 ad
1479 1818 1640 1869 vitam
1667 1815 1990 1884 probabilem
2015 1817 2238 1893 possint.

2413 1273 2485 1328 Ἰδ
2513 1274 2689 1344 μέντοι
2719 1273 2930 1341 λογικὸν
2967 1271 3100 1336 ζῶον
3157 1273 3250 1324 καὶ
3304 1271 3459 1338 λόγον
3492 1269 3602 1339 ἔχει
3647 1271 3780 1348 πρὸς
3822 1273 3889 1342 τῇ

2343 1365 2672 1433 φανταστικῇ
2703 1362 2878 1431 φύσει,
2909 1363 3000 1414 τὸν
3034 1362 3284 1430 κρίνοντα
3321 1360 3417 1421 τὰς
3440 1362 3762 1439 ιραντασιςις⁹
3800 1359 3893 1413 καὶ

2340 1455 2488 1516 τινάς
2523 1455 2618 1522 μὲν
2643 1453 3128 1524 ἀποδοκιμάζοντα,
3162 1451 3311 1513 τινάς
3337 1451 3394 1504 δὲ
3438 1452 3890 1522 παραδεχόμενον,

2345 1543 2432 1596 ἵνα
2472 1544 2665 1612 ἄγηται
2710 1544 2770 1596 τὸ
2808 1543 2944 1606 ζῶον
2989 1543 3104 1595 κατ’
3146 1542 3330 1604 αὑτάς.
3371 1542 3530 1594 Ὅθεν
3572 1542 3690 1594 ἐπεὶ
3727 1543 3784 1594 ὲν
3821 1545 3890 1612 τῇ

2345 1635 2500 1702 φύσει
2525 1635 2614 1687 τοῦ
2647 1636 2800 1703 λόγου
2831 1634 2966 1687 εἰσὶν
3000 1636 3240 1704 ἀφορμαὶ
3265 1634 3357 1686 τοῦ
3388 1634 3658 1704 θεωρῆσαι
3691 1633 3754 1686 τὸ
3790 1650 3892 1687 κα-

2343 1724 2429 1778 λὸν
2469 1725 2561 1777 καὶ
2603 1725 2667 1777 τὸ
2706 1725 2924 1796 αισχρδν
2948 1766 2963 1789 ,
3014 1719 3100 1786 αἷς
3139 1725 3386 1794 ἑπόμενοι
3421 1725 3784 1794 θεωρήσαντες
3832 1725 3893 1777 τὺ

2343 1815 2500 1867 καλὸν
2527 1817 2617 1868 καὶ
2643 1815 2701 1867 τὸ
2734 1816 2971 1885 αἰσχρὸν,
3013 1815 3306 1887 αἱρούμεθα
3360 1817 3455 1884 μὲν
3496 1815 3556 1866 τὸ
3597 1815 3774 1878 καλὸν,
3799 1818 3894 1869 ὲκ-

697 1903 852 1960 Unde
896 1918 1232 1973 consequens
1254 1916 1356 1970 est,
1380 1915 1437 1960 ut
1482 1907 1730 1974 quoniam
1784 1915 1971 1959 natura
2019 1905 2237 1958 rationis

2342 1906 2581 1976 κλινομεν
2614 1906 2669 1958 δὲ
2700 1906 2759 1958 τὸ
2782 1907 2997 1976 αἰσχρόν
3026 1924 3037 1938 ·
3072 1907 3342 1959 ὲπαινετοὶ
3369 1907 3468 1975 μέν
3498 1908 3659 1974 ὲσμεν
3685 1907 3896 1960 ἐπιδόν-

697 1993 861 2061 bujus
889 2009 1008 2064 qua:
1039 2006 1121 2050 est
1163 1997 1216 2050 in
1265 1997 1499 2062 homine,
1533 1997 1689 2052 habet
1722 1997 1774 2049 in
1818 2012 1876 2050 se
1907 1997 2010 2048 vim
2053 1997 2236 2063 digno-

698 2086 882 2141 scendi
918 2087 1042 2142 boni
1072 2088 1154 2142 vel
1187 2088 1335 2153 mali,
1375 2089 1534 2157 idque
1573 2103 1693 2142 cum
1719 2088 1998 2151 discernit,
2029 2088 2165 2140 inest
2193 2088 2240 2141 ei

699 2174 924 2240 facultas
947 2178 1108 2232 etiam
1144 2177 1373 2247 eligendi
1406 2179 1545 2245 quod
1571 2176 1894 2244 probaverit,
1925 2176 1973 2228 in
2003 2175 2244 2244 eligendo

697 2267 911 2334 quidem
945 2272 1088 2338 quod
1137 2271 1334 2323 bonum
1381 2277 1482 2328 est,
1534 2267 1834 2330 laudabilis,
1880 2269 1933 2320 in
1974 2269 2243 2336 sequendo

695 2370 827 2412 vero
860 2359 1001 2426 quod
1036 2367 1191 2426 turpe
1225 2357 1304 2411 vel
1331 2358 1526 2411 malum
1558 2367 1662 2419 est,
1698 2357 1818 2424 jure
1853 2358 2129 2426 culpabilis
2155 2357 2242 2424 ju--

695 2444 928 2501 dicetur.
973 2447 1108 2499 Illud
1147 2461 1275 2500 sane
1321 2461 1653 2514 nequaquam
1705 2446 1874 2501 latere
1925 2462 2022 2501 nos
2061 2448 2239 2511 debet,

697 2536 840 2605 quod
880 2536 933 2590 in
965 2536 1237 2590 nonnullis
1267 2537 1425 2590 mutis
1451 2535 1770 2591 animalibus
1800 2537 2096 2592 ordinatior
2125 2539 2243 2606 qui-

697 2628 818 2681 dem
853 2635 1026 2682 motus
1056 2641 1120 2682 ac
1152 2629 1363 2682 caeteris
1398 2628 1718 2683 animalibus
1751 2628 2038 2692 invenitur,
2082 2637 2138 2681 ut
2189 2629 2240 2682 in

694 2717 982 2785 sagacibus
1012 2718 1233 2772 canibus
1267 2717 1346 2772 vel
1392 2719 1741 2773 bellatoribus
1769 2720 1942 2788 equis,
1976 2720 2045 2772 ita
2081 2729 2136 2772 ut
2166 2719 2241 2774 vi-

694 2806 926 2861 deantur
970 2807 1231 2876 aliquibus
1276 2811 1418 2863 velut
1454 2809 1757 2863 rationabili
1803 2809 2032 2877 quodam
2080 2824 2238 2864 sensu

695 2899 925 2952 moveri.
967 2897 1074 2954 Sed
1110 2900 1170 2976 [id
1219 2917 1322 2954 non
1361 2909 1467 2952 tam
1522 2903 1728 2955 ratione
1775 2916 1931 2970 quam
1975 2902 2242 2955 incentivo

693 2987 926 3059 quodam
953 2997 1008 3041 et
1038 2990 1259 3042 naturali
1285 2999 1424 3043 motu
1459 3004 1556 3056 pro
1585 2989 1886 3057 hujusmodi
1919 2990 2101 3043 usibus
2130 2989 2240 3042 lar-

693 3076 812 3144 gius
849 3077 1054 3132 indulto
1079 3078 1197 3144 fieri
1227 3078 1543 3132 credendum
1583 3087 1683 3133 est.
1732 3080 1925 3133 Verum
1964 3091 2022 3132 ut
2064 3079 2241 3133 dicere

693 3180 1054 3235 cmperamus,
1084 3185 1205 3222 cum
1243 3170 1314 3222 ita
1347 3185 1402 3224 se
1435 3172 1635 3237 lhabeat
1681 3170 1997 3226 rationabile
2024 3169 2239 3234 animal,

2342 2014 2429 2059 τες
2467 1997 2687 2058 ἑαυτοὺς
2728 1999 2791 2064 τῇ
2837 1997 3028 2066 πράξει
3075 1996 3166 2049 τοῦ
3211 1995 3393 2060 καλοῦ,
3427 1996 3613 2064 ψεκτοὶ
3654 1997 3708 2049 δὲ
3749 1996 3894 2050 κατὰ

2342 2085 2400 2137 τὸ
2439 2082 2694 2136 ἐναντίον.
2729 2086 2840 2136 υὺκ
2878 2086 3162 2154 ἀγνοητέον
3202 2085 3374 2154 μέντοι
3412 2102 3473 2152 γε
3521 2086 3601 2137 ὅτι
3641 2086 3699 2138 τὸ
3733 2087 3895 2140 πλέον

2341 2176 2438 2244 τῆς
2482 2177 2559 2236 εἰς
2597 2175 2770 2228 πάντα
2817 2176 3149 2245 τεταγμένης
3189 2175 3398 2244 φύσεως
3440 2176 3618 2237 ποσῶς
3657 2177 3802 2229 ἐστιν
3836 2180 3895 2229 ὲν

2341 2269 2450 2328 τοῖς
2481 2265 2653 2329 ζώοις,
2680 2265 2770 2317 ἐπὶ
2796 2265 2855 2317 τὸ
2897 2265 3057 2318 πλέον
3078 2265 3154 2329 δὲ,
3185 2263 3217 2333 ἢ
3250 2265 3339 2316 ἐπὶ
3367 2264 3427 2316 τὸ
3476 2265 3710 2328 ἔλαττον,
3749 2265 3894 2318 ὥστε

2343 2356 2506 2422 ἐγγύς
2546 2373 2644 2407 που
2685 2351 2842 2420 εἶναι,
2881 2356 2944 2408 ἵν’
2971 2353 3141 2414 οὕτως
3181 2353 3336 2416 εἴπω,
3373 2353 3463 2407 τοῦ
3506 2354 3717 2420 λογικοῦ
3743 2355 3804 2408 τὸ
3837 2358 3898 2408 ἐν

2340 2450 2450 2509 τοῖς
2491 2448 2751 2515 ἰχνευταῖς
2778 2446 2931 2498 κυσὶν
2963 2444 3137 2513 ἔργον,
3183 2445 3273 2497 καὶ
3325 2447 3381 2498 ὲν
3429 2448 3541 2505 τοῖς
3583 2445 3898 2514 πολεμικοῖς

2342 2537 2542 2600 ἵπποις.
2592 2538 2663 2588 Τὸ
2694 2537 2790 2606 μὲν
2835 2532 2924 2588 οὖν
2967 2536 3252 2586 ὑποπεσεῖν
3287 2535 3401 2587 τόδε
3444 2552 3494 2586 τι
3536 2536 3642 2589 τῶν
3697 2534 3898 2600 ἔξωθεν

2344 2626 2633 2696 φαντασίαν
2669 2628 2799 2695 ἡμῖν
2836 2621 3013 2677 κινιῦν
3050 2623 3252 2675 τοιάνδε
3285 2623 3316 2692 ἢ
3351 2622 3571 2687 τοιάνδε,
3603 2625 3898 2694 ὁμολογου-

2345 2718 2515 2787 μένως
2545 2717 2644 2768 οὐκ
2685 2716 2797 2766 ἔστι
2839 2713 2945 2766 τῶν
2989 2715 3071 2781 ἐφ’
3101 2713 3246 2783 ἡμῖν.
3290 2714 3360 2764 Τὸ
3392 2714 3446 2764 δὲ
3489 2718 3665 2784 κρῖναι
3697 2716 3899 2770 οὑτωσὶ

2342 2807 2641 2878 χρήσασθαι
2671 2806 2746 2874 τῷ
2783 2804 3072 2874 γενομένῳ,
3103 2805 3134 2874 ἢ
3175 2804 3390 2875 ἑτέρως,
3425 2806 3521 2857 οὐκ
3556 2807 3710 2860 ἀλλου
3747 2807 3901 2872 τινὸς

2341 2897 2495 2966 ἔργον
2535 2897 2566 2967 ἢ
2611 2895 2703 2947 τοῦ
2752 2896 2807 2946 ὲν
2851 2896 2978 2964 ἡμῖν
3029 2894 3183 2961 λόγου
3235 2894 3399 2957 ἐστὶν,
3445 2894 3559 2964 ἦτοι
3603 2895 3754 2966 παρὰ
3795 2895 3900 2962 τὰς

2341 2987 2588 3057 ἀφορμὰς
2627 2983 2967 3056 ἐνεργοῦντος
2995 2985 3139 3054 ἡμᾶς
3183 2983 3316 3054 πρὸς
3355 2984 3453 3048 τὰς
3503 2986 3592 3039 ἐπὶ
3635 2986 3694 3040 τὸ
3732 2988 3900 3044 καλὸν

2341 3077 2811 3148 προσκαλουμένας
2835 3078 2925 3129 καὶ
2950 3076 3009 3129 τὸ
3034 3075 3266 3145 καθῆκον
3306 3076 3499 3146 ὁρμὰς,
3600 3080 3690 3132 ἐπὶ
3720 3079 3783 3134 τὸ
3809 3081 3900 3134 ἐν.

2347 3169 2525 3221 αντίον
2547 3169 2918 3239 ἐκτρέποντος.

691 3258 848 3319 nobis
882 3258 1186 3315 hominibus
1222 3263 1461 3316 incidere
1489 3265 1700 3332 quidem
1739 3265 2071 3317 extrinsecus
2120 3271 2343 3331 possunt
2396 3263 2570 3330 aliqua
2607 3272 2662 3315 et
2697 3278 2981 3320 occurrere
3015 3266 3126 3320 sive
3178 3264 3242 3316 ad
3290 3266 3457 3320 visum
3519 3268 3631 3320 sive
3682 3266 3747 3319 ad
3794 3284 3899 3322 au-

695 3351 886 3412 ditum,
951 3351 1033 3405 vel
1081 3353 1145 3434 ad
1193 3352 1327 3406 alios
1391 3368 1580 3409 sensus
1625 3371 1743 3424 quae
1791 3370 1887 3408 nos
1931 3355 2201 3408 concitent
2239 3370 2300 3409 ac
2351 3362 2643 3426 provocent
2688 3355 2754 3418 ad
2805 3356 2970 3410 bonos
3031 3357 3106 3410 vel
3156 3359 3460 3413 contrarios
3515 3369 3688 3412 motus
3723 3374 3740 3412 τ
3774 3375 3900 3428 qua

692 3443 1023 3512 utique,quia
1047 3431 1381 3500 extrinsecus
1414 3448 1669 3514 incidunt,
1705 3465 1806 3503 non
1865 3459 1944 3504 est
2001 3451 2051 3502 in
2092 3459 2270 3503 nostra
2311 3452 2540 3518 positum
2569 3431 2833 3517 potestate
2875 3466 2941 3505 ne
2985 3451 3221 3503 incidant
3275 3453 3351 3505 vel
3407 3464 3710 3508 occurrant.
3744 3452 3905 3510 Judi-

693 3547 822 3588 care
864 3549 989 3590 vero
1027 3545 1078 3590 et
1129 3539 1371 3606 probare,
1407 3540 1634 3607 qualiter
1674 3543 1746 3593 uti
1798 3541 2086 3595 debeamus
2135 3541 2217 3594 his
2271 3557 2388 3610 qum
2427 3541 2687 3604 incidunt,
2742 3542 2938 3598 nullius
2999 3541 3218 3595 alterius
3253 3559 3338 3597 res
3367 3554 3447 3597 est
3470 3545 3546 3598 vel
3581 3545 3734 3614 110
3758 3562 3902 3616 opu.

694 3622 798 3678 nisi
824 3624 1047 3679 rationis
1078 3626 1191 3693 ejus
1221 3643 1338 3694 (pta:
1370 3639 1450 3682 est
1484 3630 1533 3681 in
1572 3632 1746 3693 nobis,
1802 3631 1850 3684 id
1910 3639 1990 3684 est
2040 3632 2204 3684 nosui
2252 3630 2439 3699 jndicii
2473 3643 2487 3681 :
2517 3629 2671 3696 cujus
2730 3632 2956 3686 rationis
2999 3631 3198 3699 judicio
3245 3633 3596 3688 incidentibus
3630 3637 3902 3693 extrinse-

692 3731 791 3772 cus
813 3715 1222 3770 concitameutis
1248 3717 1517 3772 abutimur
1545 3723 1608 3774 ad
1646 3721 1694 3773 id
1729 3721 2080 3790 quodcunque
2129 3721 2238 3789 ipsa
2284 3719 2419 3772 ratio
2473 3721 2796 3788 probaverit,
2867 3721 3194 3777 naturalibus
3243 3720 3473 3788 motibus
3527 3727 3724 3781 nostris
3760 3739 3900 3787 nutu

694 3806 812 3877 ejus
841 3806 921 3859 vel
956 3808 1021 3859 ad
1071 3806 1205 3859 bona
1238 3807 1317 3858 vel
1351 3808 1414 3860 ad
1463 3811 1727 3876 contraria
1765 3810 2075 3879 gubernatis
2109 3808 2241 3880 (14).

766 3904 822 3957 4.
850 3902 904 3957 Si
934 3917 1062 3956 vero
1085 3905 1204 3971 quis
1229 3905 1371 3956 dicat
1397 3919 1457 3956 ea
1487 3919 1604 3971 quze
1637 3905 1974 3957 extrinsecus
1999 3906 2240 3958 accidunt

2420 3900 2481 3950 El
2512 3898 2566 3950 δέ
2589 3915 2670 3960 τις
2693 3897 2820 3951 αὐτὸ
2846 3897 2906 3950 τὸ
2938 3897 3130 3962 ἔξωθεν
3161 3897 3302 3966 λέγει
3335 3897 3467 3955 εἶναι
3506 3903 3722 3970 τοιόνδε,
3753 3905 3902 3964 ὤση

695 4003 875 4048 motus
912 4003 1128 4047 nostros
1170 3993 1517 4060 provocantia
1553 3978 1673 4044 talia
1720 4009 1857 4057 esse,
1897 4004 1954 4047 ut
1989 3995 2237 4062 possibile

2346 3993 2617 4054 ἀδυνάτως
2649 3992 2789 4061 ἔχειν
2829 3991 3138 4058 ἀντιϐλέψαι
3189 3994 3332 4064 αὐτῷ
3377 3994 3560 4065 τοιῷδε
3599 3999 3901 4072 γενομένης⁹

695 4101 801 4142 non
833 4085 902 4140 sit
926 4083 1198 4139 adversari
1234 4083 1314 4136 eis
1344 4082 1457 4136 sive
1489 4083 1555 4136 ad
1587 4083 1779 4138 bonum
1807 4086 1918 4139 sive
1944 4086 2007 4138 ad
2040 4085 2235 4138 malum

2345 4075 2495 4143 οὗτος
2521 4083 2862 4153 ἐπιστησάτω
2889 4084 2996 4145 τοῖς
3025 4081 3169 4144 ἰδίοις
3181 4083 3371 4137 πάθεσι
3398 4088 3488 4159 καὶ
3509 4088 3823 4157 κινήμασιν,
3849 4093 3902 4147 ει

1913 4201 2459 4259 INTERPRETATIO
2482 4201 2684 4256 NOVA.

695 4299 886 4373 anima
903 4305 1192 4373 constant,
1240 4296 1516 4373 in_quibus
1547 4298 1707 4352 etiam
1752 4301 1962 4373 metalla
1997 4317 2024 4354 a
2056 4299 2331 4353 nonnullis
2371 4307 2745 4373 numerantur.
2795 4298 2938 4373 ignis
2967 4305 3222 4373 praterea
3254 4312 3348 4366 per
3373 4314 3428 4354 se
3462 4299 3899 4373 ipsemﬁovetur,

694 4367 949 4422 fortassis
974 4378 1028 4420 et
1059 4366 1260 4425 fontes.
1282 4367 1479 4419 Eorum
1515 4377 1690 4418 autem
1725 4383 1841 4434 quae
1870 4371 1919 4423 in
1947 4386 2005 4424 se
2041 4377 2214 4423 motus
2247 4383 2465 4422 causam
2504 4369 2722 4432 habent,
2760 4366 2862 4424 alia
2897 4366 3069 4432 exse,
3105 4369 3207 4420 alia
3255 4384 3281 4420 a
3311 4384 3369 4422 se
3402 4366 3598 4422 moveri
3646 4372 3839 4427 dicunt
3883 4366 3896 4429 Ξ

693 4453 764 4491 ex
787 4452 844 4492 se
877 4437 1094 4504 quidem
1123 4437 1378 4499 inanima,
1405 4449 1433 4487 a
1472 4451 1528 4488 se
1555 4437 1694 4507 ipsis
1715 4454 1839 4490 vero
1864 4441 2120 4507 animata.
2156 4438 2290 4492 Nam
2323 4454 2349 4489 a
2380 4451 2436 4489 se
2458 4446 2739 4489 moventur
2773 4438 3030 4500 animata,
3063 4438 3343 4503 phantasia
3377 4440 3501 4505 ipsis
3530 4440 3690 4492 insita
3724 4441 3902 4507 impe—

696 4514 811 4560 tum
863 4516 1191 4575 provocante
1227 4523 1239 4558 ;
1274 4515 1326 4558 et
1369 4520 1553 4575 rursus
1607 4505 1924 4575 quihusdam
1982 4506 2304 4561 animalibus
2357 4508 2541 4560 insunt
2577 4508 2874 4573 phantasia:
2922 4507 3176 4571 impetum
3229 4519 3612 4572 provocantes;
3663 4505 3903 4567 facultas

695 4574 895 4648 quippe
931 4577 1227 4644 imaginum
1256 4575 1446 4648 artifex
1489 4574 1635 4648 illum
1671 4574 1818 4648 cei‘to
1849 4578 2076 4648 quodam
2111 4588 2163 4629 et
2194 4578 2416 4630 deﬁnito
2440 4583 2696 4648 provocat
2717 4577 2902 4648 ordine
2935 4597 2954 4648 :_
2975 4577 3051 4648 sic
3078 4577 3692 4648 araneaeinestutexendi
3724 4581 3904 4648 phan-

697 4647 854 4709 tasia,
896 4659 1056 4719 quam
1085 4645 1295 4719 texendi
1323 4645 1590 4719 appetitus
1621 4645 1987 4719 consequitur,
2017 4646 2304 4719 imaginum
2348 4645 2556 4719 artifice
2607 4653 2794 4719 natura
2829 4647 2891 4719 ad
2945 4646 3008 4719 id_
3031 4645 3275 4698 ordinate
3303 4646 3644 4713 impellente,
3697 4645 3904 4719 prater

696 4728 858 4783 quam
893 4714 1025 4766 nihil
1059 4714 1201 4766 aliud
1233 4729 1351 4766 esse
1381 4716 1621 4770 creditur
1646 4715 1694 4765 in
1728 4715 2018 4773 animante,
2051 4730 2115 4765 ne
2146 4716 2194 4767 in
2220 4731 2315 4783 ape
2339 4717 2550 4782 quidem
2581 4716 2643 4766 ad
2675 4713 2950 4779 fingendus
2988 4714 3154 4767 favos.
3523 4757 3528 4763 .

766 4781 821 4834 3.
849 4783 918 4853 At
947 4783 1298 4853 veroanimal
1329 4784 1554 4836 rationis
1595 4798 1813 4849 compos
1843 4792 2033 4853 praeter
2076 4781 2314 4836 naturam
2349 4781 2750 4851 imaginantem,
2788 4783 3045 4853 rationem
3076 4783 3233 4835 habet
3260 4798 3376 4851 qua:
3402 4784 3657 4853 imagines
3690 4785 3903 4852 dijudi-

696 4859 810 4912 cat,
840 4850 974 4902 alias
1002 4852 1216 4916 quidem
1252 4853 1518 4918 rejiciens,
1560 4854 1693 4905 alias
1724 4868 1850 4904 vero
1879 4850 1946 4901 ita
1977 4853 2274 4917 suscipiens
2305 4866 2359 4906 ut
2387 4850 2582 4906 animal
2614 4855 2691 4905 cis
2728 4853 2967 4903 ducatur.
3003 4850 3148 4903 Unde
3179 4850 3300 4905 cum
3343 4855 3392 4906 in
3437 4850 3660 4907 rationis
3691 4850 3900 4909 natura

697 4919 943 4990 quaedam
971 4920 1078 4970 sint
1101 4921 1164 4972 ad
1192 4920 1471 4972 honestum
1498 4931 1550 4972 et
1592 4932 1744 4988 turpe
1771 4923 2234 4990 contemplandum
2278 4924 2580 4987 adjuiuenta
2616 4935 2978 4988 quurumopc
3019 4931 3241 4988 utroque
3299 4933 3576 4990 perspecto
3609 4922 3902 4977 honestum

697 4933 883 4986 qnteaa
971 4933 1078 4970 smt
1101 4933 1164 4972 aa
1192 4933 1471 4972 honestum
1498 4933 1550 4972 et
1592 4933 1744 4988 turpe
1771 4933 2234 4986 comemptauuum
2278 4933 2580 4987 adjuiuenta
2616 4935 2978 4988 quurumopc
3019 4933 3241 4988 utroque
3299 4933 3576 4990 perspecto
3610 4933 3902 4977 honestum

697 4933 1491 5076 ρέιξίεφὲἎξιςιᾙῖάργί13111118,
1528 4991 1679 5070 laude
1703 5001 1849 5076 certe
1901 4989 2037 5076 digni
2078 5005 2272 5076 sumus
2304 4994 2438 5069 dum_
2469 5009 2561 5043 nos
2609 4989 3144 5076 honestatique-iliinus
3169 5007 3183 5051 ;
3211 4992 3494 5069 vituperio,
3526 4990 3648 5076 dum
3679 4991 3727 5042 in
3760 5008 3904 5076 con-

701 5055 1268 5127 trarium‘dilabimur.
1307 5056 1486 5124 Neque
1535 5059 1882 5127 ignorandum
1913 5055 1992 5110 est
2037 5068 2236 5109 naturw
2265 5074 2380 5123 qua:
2430 5062 2478 5110 in
2526 5063 2701 5111 omnia
2737 5059 3016 5112 distributa
3051 5069 3153 5120 est,
3206 5055 3455 5126 majurem
3499 5060 3905 5125 quodammodo

701 5123 751 5196 in
783 5124 1107 5196 animalibus
1131 5125 1237 5176 vim
1269 5123 1532 5181 esse’sive
1557 5123 1634 5179 'ad
1672 5130 1872 5196 majora
1905 5129 2014 5180 sive
2049 5128 2113 5179 ad
2153 5129 2356 5180 minora
2391 5131 2708 5196 peragenda.
2753 5131 2882 5180 adeo
2913 5136 2968 5179 ut
3014 5128 3078 5179 ad
3110 5129 3215 5180 vim
3262 5123 3486 5181 rationis
3510 5123 3696 5194 prope.
3730 5140 3792 5182 ιιι
3826 5133 3902 5185 ita

698 5193 894 5265 (licam,
932 5192 1150 5265 accedat
1180 5208 1371 5265 canum
1404 5196 1454 5247 in
1487 5190 1866 5264 itwesligandis
1892 5197 2015 5249 feris
2043 5197 2327 5262 sagacitas,
2360 5190 2412 5248 et
2442 5190 2750 5250 bellatorum
2785 5213 3040 5264 equurum
3076 5198 3391 5250 dexteritas.
3421 5197 3489 5250 Ut
3510 5190 3692 5265 'igitur
3728 5200 3903 5265 quid-

698 5264 842 5328 piam
873 5262 1207 5314 extrinsecus
1230 5263 1448 5325 incidat,
1471 5266 1609 5331 quod
1641 5262 2016 5334 cogitationet‘n
2046 5268 2197 5319 nobis
2227 5267 2362 5318 hanc
2397 5265 2475 5316 vel
2509 5265 2643 5334 illam
2669 5262 3016 5329 commoveat,
3054 5283 3154 5320 non
3185 5277 3267 5320 est
3293 5267 3344 5319 in
3379 5262 3577 5328 nostra,
3619 5278 3675 5319 ut
3712 5262 3903 5322 faten-

700 5340 788 5381 tur
815 5345 1021 5405 omnes,
1058 5341 1316 5405 potestate
1331 5349 1355 5405 _:
1394 5335 1492 5384 hoc
1524 5333 1818 5405 autem’vcl
1845 5337 1929 5388 illo
1965 5337 2118 5387 modo
2148 5352 2205 5387 ea
2240 5336 2486 5387 utendum
2524 5333 2780 5405 judicare,
2820 5338 2975 5389 unius
3007 5346 3087 5398 est
3132 5347 3325 5389 nostra:
3359 5335 3582 5390 rationis
3607 5351 3739 5402 opus
3774 5351 3905 5405 quae

700 5401 1194 5479 cumextriusecus
1239 5400 1584 5454 incitamenta
1635 5404 1893 5470 incidunt,
1939 5405 2019 5458 vel
2076 5421 2172 5460 nos
2212 5406 2276 5457 ad
2320 5407 2548 5470 impetus
2580 5402 2706 5454 recti
2737 5411 2789 5454 et
2816 5405 3020 5458 honesti
3055 5415 3329 5473 provocat,
3363 5406 3444 5460 vel
3471 5407 3522 5460 in
3557 5400 3904 5462 contrarium

702 5478 920 5520 avertit.

777 5540 828 5593 ι.
859 5537 1010 5603 Quod
1044 5536 1086 5592 si
1118 5539 1238 5607 quis
1265 5538 1528 5607 ejusmodi
1562 5555 1678 5594 esse
1710 5543 1782 5594 ait
1809 5544 1948 5611 quod
1982 5545 2314 5598 extrinsecus
2345 5552 2540 5605 movet,
2566 5552 2622 5593 ut
2655 5540 2701 5591 ei
2736 5539 3040 5607 impulsioni
3077 5558 3230 5600 nemo
3255 5552 3440 5600 contra
3483 5543 3744 5599 obsistere
3771 5557 3897 5591 nam

777 5700 890 5775 (ιι)
919 5702 1026 5759 Sic'
1059 5717 1168 5759 mss
1239 5702 1495 5760 Mcrliuus
1544 5720 1687 5772 vero,
1724 5723 1742 5756 ‹
1781 5705 1860 5760 vel
1895 5706 1958 5761 ad
1999 5708 2134 5762 bona
2172 5706 2252 5761 vel
2279 5707 2344 5762 ad
2379 5702 2514 5761 mala
2541 5701 2869 5775 gubernatis.
2912 5720 2932 5754 ι
