4118 6308
1527 345 1729 401 LIBER
1761 316 2079 399 manes.
2152 326 2154 329 ’

3293 340 3400 395 234

216 462 292 535 μὴ
317 461 594 533 εὐόόκησις
618 462 822 533 γίνεται
848 465 941 520 καὶ
967 465 1356 535 συγκατάθεσις
1383 463 1476 519 καὶ
1503 464 1639 536 ῥοπὴ
1661 462 1750 517 τοῦ

1857 476 1954 516 nos
1975 457 2382 526 concitantibus,
2401 461 2453 510 in
2481 457 2713 526 seipsum
2740 453 3008 523 paulisper
3034 451 3121 521 qui
3154 452 3255 506 hoc
3284 455 3400 504 exi-

211 553 534 625 ἠτιμονικοῦ
575 556 669 609 ἐπὶ
697 556 814 610 τόδε
841 574 912 622 τι,
945 557 1030 611 διὰ
1059 558 1217 612 τάσδε
1248 556 1346 621 τάς
1379 555 1752 626 πιθανότητας.

211 645 288 698 Οὐ
316 644 447 716 γάρ,
468 644 588 716 φέρ’
615 646 806 712 εἰπεῖν,
832 649 866 718 ἡ
897 647 1030 718 γυνὴ
1052 647 1130 719 τῷ
1159 647 1400 719 κρίναντι
1433 645 1753 720 ἐγκρατεύε-

210 733 339 788 σθαι
370 735 462 788 καὶ
488 735 696 806 ἀνέχειν
718 737 903 791 ἑαυτὸν
929 739 1036 792 ἀπὸ
1072 739 1287 810 μίξεων,
1316 741 1634 809 ἐπιφανεῖσα
1662 739 1755 792 καὶ

208 824 656 897 προκαλεσαμὲνη
690 825 784 878 ἐπὶ
821 826 882 879 τὸ
929 827 1146 897 ποιῆσαί
1192 846 1244 881 τι
1293 828 1440 900 παρά
1481 827 1752 899 πρόθεσιν,

205 916 499 987 αὐτοτελὴς
529 911 673 970 αἰτία
705 917 908 984 γίνεται
944 917 1035 971 τοῦ
1072 919 1170 990 τὴν
1200 918 1451 990 πρόθεσιν
1475 917 1750 987 ἀθετῆσαι.

205 1002 432 1066 Πάντως
457 1004 562 1075 γὰρ
591 1003 881 1076 εὐδοκήσας
906 1006 982 1076 τῷ
1007 1006 1362 1078 γαργαλισμῷ
1403 1007 1497 1061 καὶ
1525 1006 1602 1077 τῷ
1628 1004 1754 1075 λείῳ

203 1093 305 1162 τῆς
334 1093 545 1162 ἡδονῆς,
569 1093 878 1163 ἀντιϐλέψαι
909 1094 1152 1166 αὑτῷγμὴ
1182 1095 1588 1167 βεϐουλημένος,
1622 1095 1752 1164 μηδὲ

201 1182 262 1256 το
290 1183 607 1256 κεκριμένον
623 1184 882 1254 κυρῶσαι,
906 1186 1129 1256 πράττει
1147 1187 1205 1238 τὸ
1226 1187 1535 1240 ἀκόλαστον⁹
1555 1187 1582 1238 ό
1599 1185 1654 1237 δέ
1671 1202 1753 1248 τις

201 1269 454 1341 ἔμπαλιν,
473 1272 579 1325 τῶν
601 1271 777 1328 αὐτῶν
808 1274 1222 1345 συμϐεϐηκότων
1245 1273 1391 1344 αὐτῷ
1415 1273 1748 1342 πλείονα(15)

204 1360 497 1432 μαθήματα
528 1362 830 1432 ἀνειληφότι
867 1363 959 1417 καὶ
999 1364 1281 1434 ὴσκηκότι,
1320 1364 1369 1417 οἱ
1416 1363 1512 1433 μὲν
1542 1377 1750 1431 γαργα-

199 1450 386 1522 λισμοὶ
431 1453 521 1506 καὶ
573 1454 626 1505 οἱ
668 1453 944 1525 ὲρεθισμοὶ
997 1455 1380 1526 συμϐαίνουσιν
1404 1470 1417 1485 ο
1455 1455 1483 1505 ὁ
1515 1453 1668 1520 λόγος
1694 1451 1750 1504 δὲ

199 1543 296 1597 Eu
347 1542 441 1596 ἐπὶ
485 1543 663 1596 πλεῖον
717 1545 1145 1616 ίσχυροποιηθεὶς
1174 1545 1268 1598 καὶ
1299 1544 1520 1617 τραφεὶς
1550 1546 1617 1613 τῇ
1657 1559 1750 1612 με-

193 1631 346 1705 λέτῃ,
378 1635 472 1688 καί
501 1633 810 1704 βεϐαιωθεὶς
833 1638 942 1700 τοῖς
963 1636 1191 1706 δόγμασι
1238 1635 1373 1706 πρὸς
1401 1635 1462 1688 τὸ
1500 1634 1680 1697 καλὸν,
1713 1633 1746 1704 ἢ

197 1722 364 1790 ἐγγύς
405 1741 468 1793 γε
513 1723 608 1777 τοῦ
647 1724 1000 1795 βεϐαιωθῆναι
1042 1724 1418 1794 γεγενημένος,
1462 1721 1748 1793 ἀνακρούει

1857 552 2061 612 stimat,
2095 558 2375 605 convertat
2403 548 2660 611 animum,
2703 557 2758 602 et
2796 543 3040 615 proprios
3097 541 3402 610 diligentius

1856 641 2187 708 introspiciat
2221 649 2394 694 motus
2428 636 2562 706 (16),
2587 637 2684 692 nisi
2717 635 2998 698 invenerit,
3019 646 3140 685 cum
3179 630 3401 697 alicujus

1855 731 2105 785 desiderii
2157 731 2330 799 pulsat
2375 728 2647 794 illecebra,
2698 725 2834 784 nihil,
2881 723 3026 792 prius
3072 721 3182 789 geri
3235 736 3396 789 quatn

1853 819 2016 873 animi
2041 818 2476 873 accommodetur
2501 829 2772 878 assensus,
2792 825 2845 868 et
2866 810 3190 881 suggestioni
3213 821 3394 882 prava:

1855 919 2015 964 nutus
2062 909 2256 963 mentis
2304 908 2604 977 indulgeat;
2641 907 2710 958 ita
2742 914 2796 958 nt
2830 905 2991 959 etiam
3020 898 3399 955 verisimilibus

1851 999 2168 1069 quibusdam
2225 998 2403 1052 causis
2461 998 2598 1050 intra
2659 994 2835 1049 cordis
2894 991 3063 1046 nostri
3115 987 3396 1041 tribunalia

1854 1091 1993 1143 velut
2037 1089 2205 1157 judiei
2248 1087 2507 1143 residenti
2536 1101 2600 1138 ex
2631 1096 2860 1152 utraque
2909 1089 3062 1152 parte
3091 1077 3202 1150 (17)
3242 1075 3398 1129 adhi-

1853 1180 1968 1234 beri
2004 1176 2622 1241 videatur'assertio,ut
2649 1172 2824 1228 causis
2851 1170 2998 1238 prius
3025 1165 3282 1234 expositis
3315 1175 3403 1228 ge-

1853 1270 1999 1328 rendi
2038 1267 2404 1323 sententiade
2436 1264 2664 1319 rationis
2685 1262 2887 1330 judicio
2925 1257 3254 1329 proferatur.
3284 1251 3398 1305 Non

1849 1359 2016 1423 enim,
2057 1367 2124 1413 nt‘
2165 1357 2312 1412 verbi
2362 1355 2533 1426 gratia
2581 1353 2832 1418 dixerim,
2893 1351 3018 1405 huic
3068 1347 3158 1416 qui
3213 1343 3402 1400 statuit

1848 1451 2184 1515 continenter
2215 1457 2265 1503 et
2296 1456 2442 1502 caste
2475 1445 2654 1498 vivere
2701 1451 2863 1512 atque
2907 1440 2976 1493 ab
3007 1438 3152 1493 omni
3191 1449 3249 1490 se
3279 1449 3398 1486 mu-

1849 1541 2006 1596 liebri
2035 1539 2288 1608 contagio
2311 1536 2612 1601 continere,
2644 1534 2688 1590 si
2715 1533 2855 1587 l‘orte
2880 1525 3183 1600 apparuerit
3210 1523 3402 1577 mulier

1849 1645 2150 1702 provocans
2204 1643 2352 1693 eum,
2409 1635 2463 1681 et
2515 1625 2745 1680 illiciens
2799 1617 2909 1692 (l8)
2960 1615 3163 1686 aliquid
3209 1620 3396 1702 contra

1849 1701 2182 1792 propositum
2221 1732 2430 1787 gerere,
2476 1729 2643 1771 causa
2690 1713 2738 1768 ei
2792 1708 3029 1781 perlecta
3066 1715 3119 1758 et
3159 1701 3400 1757 absoluta

195 1814 322 1877 τοὺς
353 1814 668 1886 ὲρεθισμοὺς
698 1816 791 1870 καὶ
823 1815 1073 1870 ὑπεκλύει
1102 1816 1198 1887 τὴν
1231 1813 1544 1885 ἐπιθυμίαν.
1738 1839 1743 1845 ο

1850 1812 1934 1867 vel
1988 1810 2279 1865 necessitas
2327 1804 2714 1878 przevaricandi
2752 1801 2942 1856 mulier
2988 1795 3242 1852 exstitit:
3275 1806 3398 1845 cum

195 1883 598 1974 possitutique,
631 1909 814 1962 statuti
870 1909 948 1963 sui
998 1883 1222 1970 memor.
1269 1883 1507 1961 libidinis
1555 1889 1902 1959 incitamenta
1956 1901 2235 1956 refrenare
2298 1898 2431 1972 (19),
2506 1908 2561 1954 et
2629 1893 2892 1950 irritantis
2936 1890 3201 1945 illecebrae
3258 1883 3400 1939 dele-

195 2003 464 2052 ctamenta
529 2001 918 2058 austerioribus
974 2002 1191 2058 virtutis
1256 2000 1713 2070 increpationibus
1789 2011 2086 2053 coercere:
2127 2006 2186 2050 ut
2232 1996 2378 2050 omni
2441 1993 2662 2048 luxuria:
2701 2005 2858 2045 sensu
2901 1986 3083 2057 fugato
3143 1978 3397 2052 propositi

193 2089 421 2144 ﬁrmitas
463 2100 516 2146 et
551 2096 851 2149 constantia
887 2075 998 2168 (20)
1022 2103 1345 2167 perseveret.
1398 2093 1634 2161 Denique
1678 2091 1721 2146 si
1781 2088 2166 2144 eruditioribus
2221 2087 2522 2156 quibusque
2576 2083 2708 2136 viris
2766 2089 2819 2133 et
2857 2081 2908 2133 in
2950 2078 3147 2132 divinis
3187 2075 3398 2168 institu'

195 2184 732 2290 tionibus‘roboratis
761 2165 1123 2290 hujuscempdi
1166 2193 1517 2288 irritamenta.
1541 2186 1905 2259 provenerint,
1958 2197 2222 2261 memores
2274 2180 2534 2282 continuo
2562 2178 2668 2290 sui,
2706 2189 2773 2290 ea.
2812 2165 3397 2290 qumadudunmnmﬁdil-

194 2276 290 2334 tati
316 2256 526 2334 sunt‘et
547 2278 742 2348 quibus
767 2256 961 2335 eruditi
1007 2256 1152 2346 sunt,
1200 2281 1251 2334 in
1301 2256 1611 2335 memoriam
1669 2258 2020 2336 revocantes,
2059 2281 2112 2324 et
2163 2268 2448 2324 sanctioris
2503 2265 2582 2330 se!
2609 2263 2863 2318 doctrinae
2891 2256 3228 2314 adminiculis
3279 2271 3398 2308 mu-

192 2371 424 2439 nientes,
455 2383 709 2444 respuunt
759 2387 824 2428 ac
886 2374 1134 2430 refellunt
1177 2390 1394 2432 omnem
1440 2369 1772 2434 incitamenti
1832 2367 2161 2432 illecebram,
2207 2373 2367 2434 atque
2408 2361 2659 2416 adversas
2710 2352 3168 2424 concupiscentias
3226 2350 3397 2404 insitae

192 2465 292 2520 sibi
329 2467 554 2523 rationis
578 2468 879 2535 obiectione
908 2469 1198 2538 depellunt.
3159 2527 3165 2532 .

259 2554 333 2608 Τδ
360 2555 438 2618 δὲ,
465 2556 662 2611 τούτων
693 2555 862 2620 οὕτως
883 2559 1012 2628 ἡμῖν
1026 2558 1340 2629 γινομένων,
1356 2560 1550 2625 ἔξωθεν
1568 2567 1743 2620 αἰτιᾶ-

1919 2566 1972 2621 5.
2003 2565 2133 2620 Cum
2166 2578 2294 2633 ergo
2332 2563 2445 2632 haec
2485 2560 2558 2614 ita
2601 2572 2720 2614 esse
2773 2553 3102 2609 naturalibus
3134 2551 3393 2619 quodam-

193 2646 313 2700 σθαι
335 2685 350 2708 ,
405 2646 498 2699 καὶ
549 2648 769 2713 ἑαυτοὺς
818 2647 1066 2704 ἀπολύειν
1117 2651 1474 2722 ἐγκλήματος,
1527 2656 1742 2725 ὁμοίους

1846 2657 2003 2710 modo
2036 2635 2816 2720 testimoniib‘comprobentur,
2846 2644 3111 2715 quomodo
3155 2658 3258 2696 non
3306 2657 3397 2696 su-

191 2738 408 2801 ιαυτοὺς
429 2737 899 2810 ἀωφαινομένούξ
910 2738 1078 2804 ξύλοις
1102 2742 1194 2795 καὶ
1221 2741 1739 2807 λίθοις-ἐλκυσθεϊσιν

1844 2743 2101 2811 perﬂuum
2135 2754 2217 2798 est
2247 2751 2517 2812 gestorum
2553 2751 2862 2794 nostrorum
2887 2740 3155 2792 causasad
3188 2753 3246 2791 ea
3278 2752 3397 2804 qua

192 2829 296 2883 ὑπὸ
326 2829 433 2884 τῶν
459 2829 651 2894 ἔξωθεν
679 2831 817 2884 αὑτά
846 2833 1195 2903 κινησάντων,
1236 2835 1334 2887 οὐκ
1377 2825 1592 2906 ἀληθὲς,
1619 2837 1739 2891 οὐδὲ

1844 2835 2177 2889 extrinsecus
2228 2833 2493 2897 incidant,
2548 2831 2846 2899 retorqueri
2888 2831 3022 2901 (21),
3063 2840 3115 2884 et
3160 2845 3188 2882 a
3243 2829 3396 2882 nobis

191 2917 484 2990 εὔγνωμον,
517 2918 832 2989 βουλομένου
863 2939 922 2974 τε
949 2922 1101 2990 λόγος
1133 2922 1278 2975 ἐστὶν
1313 2923 1597 2988 ότοιοῦτος
1639 2919 1736 2998 τῆν

1844 2925 2069 2994 culpam,
2103 2926 2154 2977 in
2185 2924 2378 2991 quibus
2407 2922 2582 2975 omnis
2629 2935 2788 2975 causa
2834 2930 2939 2986 est,
2980 2920 3262 2983 removeri,
3294 2921 3394 2973 hoc

149 3035 160 3043 ~
190 3009 397 3063 ἔννοιαν
417 3008 510 3062 τοῦ
535 3009 874 3072 αὑτεξουσίου
901 3013 1352 3084 παραχαράττειν.
1386 3013 1448 3065 El
1493 3013 1603 3083 γὰρ
1635 3032 1735 3067 πυ·-

1844 3025 1920 3070 est
1950 3015 2126 3068 dicere
2142 3013 2346 3068 similes
2371 3027 2468 3066 nos
2489 3025 2608 3066 esse
2634 3011 2793 3079 lignis
2823 3011 2906 3064 vel
2939 3010 3205 3078 lapidibus
3235 3010 3386 3080 ιιι

191 3097 411 3170 θοίμεθα
432 3100 592 3154 αὐτοῦ
638 3095 776 3170 τίῆν
796 3101 855 3154 τὸ
882 3101 1238 3166 αὐτεξούσιον,
1266 3103 1411 3171 λέγοι
1446 3104 1539 3166 ἂν,
1571 3107 1653 3158 ὃτι
1685 3107 1732 3158 εί

1844 3118 1955 3173 quae
1984 3104 2119 3156 intra
2156 3118 2211 3156 se
2241 3103 2455 3171 quidem
2483 3101 2680 3155 nullum
2713 3102 2908 3155 habent
2935 3090 3158 3162 motum,
3187 3114 3377 3154 causas

194 3192 357 3262 μηδὲν
383 3191 487 3244 τῶν
519 3190 712 3255 ἔξωθεν
739 3192 968 3260 ἀπήντα,
1003 3193 1135 3263 ἐμοῦ
1155 3195 1271 3248 τόδε
1301 3213 1351 3248 τι
1378 3194 1731 3266 προθεμένου,

1844 3206 2016 3250 autem
2052 3181 2225 3248 motus
2259 3196 2338 3248 sui
2369 3195 2704 3249 extrinsecus
2745 3194 3049 3262 patiuntur?
3094 3192 3247 3258 Quod
3282 3191 3387 3246 uti-

187 3282 247 3335 τὺ
267 3283 365 3338 ἐπὶ
387 3283 445 3336 τὸ
487 3284 724 3337 ἐναντίον
759 3283 1208 3356 προκαλούμενον.
1252 3287 1418 3341 Πάλιν
1452 3305 1510 3340 τε
1553 3283 1617 3341 αὖ
1649 3287 1738 3357 ψι-

1844 3301 1945 3355 que
1973 3301 2071 3340 nec
2102 3300 2230 3340 vere
2253 3285 2474 3353 dicitur,
2501 3300 2598 3340 nec
2626 3287 2895 3348 decenter,
2935 3285 3024 3339 sed
3067 3286 3134 3338 ad
3171 3284 3274 3338 hoc
3300 3299 3392 3336 so.-

189 3372 284 3445 λὴν
307 3374 402 3445 τὴν
425 3374 760 3445 κατασκευὴν
792 3373 1077 3437 αἰτιᾶσθαι,
1102 3377 1249 3446 παρὰ
1263 3378 1322 3430 τὸ
1346 3377 1570 3448 ἐναργές
1599 3380 1734 3521 clam

189 3462 344 3521 λόγου
397 3465 737 3519 παιδευτικοῦ
799 3466 920 3521 τοὺς
973 3467 1399 3521 ἀκρατεστέρους
1456 3469 1553 3521 καὶ
1671 3470 1732 3521 iac

1844 3377 1947 3431 lum
1977 3376 2193 3445 ﬁngitur
2220 3387 2276 3429 ut
2305 3375 2520 3429 libertas
2559 3374 2764 3428 arbitrii
2801 3377 3122 3444 denegelttr:
3157 3374 3260 3428 nisi
3281 3389 3392 3451 pu-

1844 3477 2013 3521 temus
2042 3468 2113 3521 ita
2141 3467 2351 3521 demum
2377 3480 2533 3521 posse
2556 3477 2804 3519 constare
2831 3465 3035 3518 arbitrii
3061 3465 3386 3521 libertatem.

189 3462 344 3534 λόγου
397 3465 737 3519 παιδευτικοῦ
799 3466 920 3528 τοὺς
973 3467 1399 3537 ἀκρατεστέρους
1456 3469 1553 3522 καὶ
1609 3462 1732 3532 τοὺς

1844 3477 2013 3522 temus
2042 3468 2113 3521 ita
2141 3467 2351 3521 demum
2377 3480 2533 3535 posse
2556 3477 2804 3519 constare
2831 3465 3035 3518 arbitrii
3061 3465 3386 3528 libertatem,

190 3557 550 3628 ἀγριωτάτους
581 3557 1104 3629 παραλαμϐάνοντος,
1126 3558 1169 3608 sl
1198 3561 1263 3627 τῇ
1284 3562 1560 3630 προτροπῇ
1597 3576 1732 3630 παρ-

1844 3540 1880 3616 si
1916 3560 2047 3614 nihil
2075 3559 2143 3613 sit
2179 3557 2318 3626 quod
2362 3572 2462 3612 nos
2505 3556 2840 3611 extrinsecus
2887 3556 3128 3610 incidens
3157 3556 3223 3610 ad
3249 3556 3388 3611 bona

193 3648 623 3719 ακολουθήσαιεν,
670 3648 764 3700 καὶ
801 3648 1235 3719 μεταϐάλλοντος,
1264 3647 1401 3701 ὥστε
1433 3650 1580 3720 παρὰ
1599 3652 1728 3704 πολὺ

1844 3659 2085 3720 provocet
2131 3658 2222 3702 aut
2265 3649 2331 3702 ad
2376 3647 2533 3703 mala.
2587 3647 2643 3700 Si
2685 3661 2813 3702 vero
2838 3647 2957 3714 quis
2989 3648 3057 3701 ad
3091 3646 3386 3701 naturalem

189 3737 462 3804 γεγονέναι
481 3737 578 3807 τὴν
613 3738 820 3808 τροπὴν
851 3738 943 3790 καὶ
973 3738 1069 3808 τὴν
1098 3737 1187 3789 ἐπὶ
1215 3737 1274 3789 τὸ
1302 3739 1545 3807 κρεῖττον
1570 3742 1744 3815 μετα--

1844 3743 2073 3811 corporis
2103 3740 2468 3808 intemperiem
2510 3739 2781 3806 culparum
2813 3739 2973 3792 refert
3010 3751 3223 3802 causas,
3255 3753 3386 3792 con-

190 3825 372 3899 ϐολήν,
404 3828 658 3892 πολλάκις
679 3828 785 3882 τῶν
816 3830 1250 3884 ἀκολαστοτάτων
1269 3828 1550 3898 βελτιόνων
1583 3847 1731 3898 γενο-

1844 3842 1919 3886 tra
1949 3836 2209 3888 rationem
2256 3832 2304 3885 id
2337 3845 2454 3886 esse
2506 3833 2670 3885 totius
2705 3830 3024 3885 eruditionis
3067 3831 3381 3886 ostenditur.

1400 3917 1953 3997 INTERPRETATIO
1980 3942 2186 3997 NOVA.

191 4027 285 4101 sit,
307 4029 355 4083 is
381 4029 430 4084 in
458 4043 590 4101 suos
615 4015 837 4101 aﬂ'ectus
866 4035 1140 4101 ethmotus
1186 4029 1447 4091 intendat;
1473 4015 1532 4081 et,
1562 4031 1740 4101 videat
1768 4048 1831 4084 an
1863 4051 1964 4087 non
1998 4033 2280 4088 consensio
2309 4041 2361 4086 et
2405 4032 2684 4100 praecipure
2715 4033 2876 4085 animi
2905 4033 3075 4101 partis
3104 4031 3383 4087 inclinatio

192 4099 244 4152 in
273 4098 414 4154 hanc
438 4113 552 4171 rem
581 4097 665 4149 his
697 4098 1064 4171 probabilibus
1093 4100 1248 4171 ducta
1275 4099 1602 4167 argumentis
1633 4107 1986 4167 propendeat.
2027 4104 2139 4157 Non
2171 4105 2332 4164 enim,
2379 4097 2522 4155 verbi
2559 4097 2752 4171 gratia,
2783 4103 2828 4154 ei
2855 4097 2942 4170 qui
2978 4113 3272 4169 temperate
3307 4104 3385 4155 vi-

191 4180 315 4221 vere
339 4178 393 4222 et
412 4167 689 4242 continere
715 4179 772 4219 se
801 4181 829 4219 ι
856 4169 1004 4220 coitu
1038 4170 1614 4242 decrevit,_con_specta
1647 4171 1836 4242 mulier
1863 4183 2023 4242 atque
2066 4175 2130 4225 ad
2161 4172 2358 4238 aliquid
2381 4167 2925 4242 contra'proposituin
2957 4167 3216 4242 agendum
3246 4171 3384 4242 invi—

192 4245 330 4299 tans,
365 4236 599 4306 perfecta
628 4250 789 4288 causa
815 4245 896 4289 est
925 4253 1021 4290 cur
1043 4253 1071 4290 a
1105 4236 1378 4306 proposito
1415 4236 1679 4306 deﬂectat.
1718 4236 1953 4295 omnino
1982 4243 2124 4294 enim
2169 4236 2463 4293 delectatus
2501 4236 2810 4294 titillatione
2851 4249 2905 4293 et
2951 4236 3201 4294 ill'ecebra
3233 4239 3384 4292 volu-

190 4304 380 4376 ptatis,
405 4322 527 4376 curn
559 4305 788 4376 noluerit
825 4306 921 4371 ipsi
955 4304 1393 4376 resistere'atque
1430 4304 1734 4360 institutum
1785 4309 2022 4374 ﬁrmare,
2058 4312 2108 4362 in
2147 4310 2610 4376 intemperantiam
2645 4311 2849 4363 incidit.
2888 4309 3085 4364 Contra
3109 4309 3258 4362 alteri
3288 4310 3383 4375 qui

190 4374 428 4443 pluribus
455 4373 754 4446 disciplinis
781 4384 865 4446 est
912 4376 1230 4440 instructus,
1264 4377 1313 4427 in
1351 4375 1535 4446 eisque
1570 4391 1630 4430 se
1662 4382 1929 4445 exercuit,
1983 4373 2182 4433 easdem
2229 4373 2440 4446 quidem
2490 4378 2825 4432 titillationes
2859 4389 2916 4432 et
2956 4378 3220 4432 illeceltrze
3253 4373 3381 4429 con-

192 4448 434 4518 tingunt;
465 4444 934 4518 _at_ratio,‘quippe
975 4461 1094 4514 quae
1125 4445 1501 4518 veltententius
1524 4455 1604 4498 est
1642 4447 1888 4501 roborata
1917 4444 1976 4502 et
1998 4451 2066 4518 lin
2109 4444 2456 4500 meditatione
2487 4451 2712 4501 educata
2745 4457 2910 4516 atque
2938 4448 2988 4518 in
3012 4447 3238 4518 virtutis
3268 4455 3382 4518 stu-

302 4513 569 4633 .(toctrinis
599 4512 934 4580 conﬁrmata,
961 4512 1051 4568 aut
1082 4513 1322 4584 proxime
1353 4513 1418 4566 ad
1447 4528 1565 4568 eam
1607 4518 1863 4585 perducta
1909 4512 2240 4581 ﬁrmitatem,
2300 4518 2581 4573 illecebras
2623 4512 2830 4572 excutit
2864 4526 2918 4571 et
2968 4516 3237 4570 libidinem
3275 4515 3380 4566 dis-

270 4599 316 4633 VI
347 4621 365 4633 .

189 4593 365 4636 solvit.

253 4651 308 4724 5.
345 4651 474 4724 Qui:
502 4665 624 4724 cum
663 4649 736 4704 ita
773 4652 924 4708 nobis
955 4652 1223 4716 eveniant,
1251 4652 1591 4724 extrinsecus
1629 4669 1812 4710 eorum
1849 4670 2067 4709 causam
2111 4656 2373 4720 derivare,
2411 4669 2616 4724 nosque
2654 4655 2806 4721 culpa
2841 4653 3087 4724 liberare,
3122 4664 3184 4703 ac
3219 4649 3378 4718 lignis

191 4728 241 4774 et
266 4720 533 4794 lapidibus
564 4720 634 4794 ab
653 4730 878 4794 externo
907 4733 1148 4794 movente
1178 4723 1467 4794 pertractis
1504 4725 1706 4778 similes
1741 4728 2053 4794 praadicare,
2089 4741 2186 4777 nec
2223 4734 2426 4779 rectum
2465 4720 2671 4794 cstittec
2696 4720 2904 4794 veritati
2939 4727 3378 4794 consentaneum.

191 4792 277 4863 sed
306 4791 382 4863 ab
409 4790 684 4863 eo__solum
714 4791 816 4863 dici
854 4802 1026 4863 potest
1054 4791 1139 4857 qui
1176 4791 1344 4863 liberi
1371 4793 1578 4845 arbitrii
1631 4790 1902 4848 notionem
1933 4795 2234 4848 adulterare
2277 4797 2475 4863 cupiat.
2522 4793 2651 4845 Nam
2692 4793 2732 4842 si
2771 4793 2939 4863 ipsum
2990 4790 3380 4863 interrogemus

191 4860 311 4927 quid
338 4860 411 4913 sit
446 4859 671 4932 libertas
698 4860 929 4925 arbitrii,
955 4861 1302 4927 respondebit
1335 4861 1383 4932 in
1417 4878 1481 4914 eo
1512 4865 1670 4917 sitam
1699 4866 1766 4928 si,
1796 4879 1917 4917 cum
1965 4864 2236 4932 quidpiam
2284 4859 2410 4916 mihi
2461 4876 2718 4930 propono,
2757 4859 2887 4910 nihil
2917 4859 3254 4912 extrinsecus
3283 4873 3378 4932 0c-

191 4938 371 4983 currat
403 4928 544 4996 quod
583 4929 649 5000 ad
678 4933 1006 5000 contrarium
1045 4938 1317 5000 provocet.
1349 4929 1553 4985 lim-sus
1594 4933 1909 4986 imbecillam
1958 4928 2198 5000 carperis
2238 4928 2669 4986 constitutionem
2717 4942 2994 5000 accusare,
3022 4941 3248 5000 prorsus
3279 4929 3375 4979 ab-

191 5003 407 5050 surdum
443 5006 548 5072 e_st.
587 4996 718 5050 Nam
746 4996 1194 5072 tlisciplina'quos
1244 4997 1663 5072 intemperantes
1690 5013 1744 5054 et
1783 4996 2172 5072 agrestissiinos
2203 5001 2634 5072 apprehenderit,
2664 5011 2774 5072 cos,
2813 4998 2857 5048 si
2889 4998 3092 5072 monita
3136 4997 3250 5072 ejus
3281 5012 3379 5072 _se-

193 5077 438 5139 ιιιιιιιιιιιιςι
471 5066 549 5118 ita
581 5069 847 5139 convertit
872 5064 926 5120 et
957 5064 1428 5139 mutatintnclius
1467 5081 1522 5123 nt
1566 5085 1705 5138 srepe
1733 5064 1842 5139 qui
1871 5064 2588 5139 incontinentiézSimierant,
2620 5066 2868 5118 meliores
2897 5065 3026 5139 tiant
3055 5067 3122 5120 iis
3157 5064 3245 5133 qui
3279 5064 3384 5132 lna-

197 5145 304 5209 tura
337 5136 487 5204 prius
515 5150 621 5209 non
651 5136 970 5190 videbantur
995 5151 1112 5190 esse
1141 5137 1297 5209 hujus
1330 5141 1490 5203 modi,
1527 5151 1579 5192 et
1617 5135 1706 5207 qui
1750 5135 2111 5209 agrestissimi
2153 5146 2305 5189 erant
2344 5136 2410 5189 ad
2445 5145 2644 5209 tantam
2697 5135 3152 5209 mansuetudinem
3188 5149 3377 5201 perve-

195 5205 446 5276 nianl,_ut
476 5206 568 5272 qui
602 5220 871 5276 nunquam
901 5208 1161 5272 agrestem
1203 5206 1365 5276 vitam
1391 5205 1754 5276 cgerintfpra:
1792 5205 1887 5262 illo
1911 5209 2000 5276 qui
2050 5207 2112 5258 ad
2153 5205 2614 5276 mansuetudinem
2662 5213 2748 5276 est
2785 5205 3114 5267 immutatus,
3147 5213 3380 5276 agrestes

192 5288 303 5328 esse
337 5274 648 5329 videantur.
681 5272 880 5329 centra
909 5276 1041 5326 alios
1067 5275 1342 5329 cernimus
1371 5272 1855 5347 co'tnpositis'sintos
1883 5272 1940 5330 et
1973 5275 2396 5337 honestissimos,
2443 5289 2472 5327 a
2517 5275 2810 5343 composita
2845 5281 2898 5326 et
2929 5275 3148 5326 honesta
3181 5275 3285 5325 vita
3312 5272 3378 5324 ad

284 5391 370 5532 l5;
408 5390 499 5446 Sic
529 5407 661 5447 mss.
689 5393 845 5447 Libb.
877 5393 1026 5456 editi,
1053 5391 1129 5460 τῷ
1151 5392 1383 5447 πλείονα.

284 5462 343 5515 16
417 5462 508 5516 Sic
557 5478 687 5518 mss.
743 5462 1015 5526 Merlinus,
1061 5480 1079 5511 ι
1128 5463 1383 5532 diligenti!

279 5462 364 5532 16)
417 5462 508 5516 Sic
557 5478 687 5518 mss.
743 5462 1015 5526 Merlinus,
1061 5480 1079 5511 ι
1128 5463 1436 5533 diligentius
1485 5466 1731 5533 inspiciat

195 5541 385 5662 mori?
400 5551 677 5664 ﬁerlinus,
711 5619 730 5652 ι
765 5585 1048 5654 exsistenti
1080 5602 1145 5656 ab
1182 5612 1408 5672 utraque
1435 5613 1604 5672 parte.
1638 5622 1656 5653 ι

282 5671 366 5733 18)
404 5670 676 5732 Herliuus,
714 5689 732 5720 ι
770 5681 824 5723 et
855 5670 1116 5724 alliciens.
1155 5691 1174 5722 ι

255 5599 375 5815 im)
401 5739 534 5797 Vide
566 5738 891 5811 Origcnian.,
925 5742 958 5796 Ι.
994 5757 1077 5810 ιιι,
1111 5757 1163 5812 q.
1196 5743 1248 5811 7,
1278 5758 1333 5797 ιι.
1369 5742 1452 5795 15.

1810 5427 1812 5430 ν
1843 5416 1848 5421 η
1897 5394 2006 5463 (20)
2033 5394 2304 5454 Merlinus,
2329 5413 2345 5444 ι
2384 5393 2638 5463 propositi
2666 5393 2890 5445 llrmitus
2918 5399 2970 5445 et
2995 5390 3325 5463 constantisc.
3353 5406 3374 5438 ι

1896 5395 2006 5532 $20)
2033 5395 2304 5454 Merlinus,
2329 5413 2345 5444 ι
2384 5395 2638 5463 propositi
2666 5395 2890 5445 llrmitus
2918 5399 2970 5445 et
2995 5395 3325 5444 constantisc.
3353 5406 3374 5438 ι

1919 5465 2010 5532 el)
2042 5463 2116 5515 ita
2165 5465 2320 5518 codd.
2364 5481 2489 5516 mss.
2534 5463 2674 5514 Editi
2712 5476 2858 5521 vero,
2898 5478 2916 5510 ι
2947 5476 3065 5532 quae
3108 5460 3376 5532 extrinse-

1826 5528 1920 5585 cus
1955 5528 2101 5593 sunt,
2154 5534 2472 5600 retorqueri.
2510 5551 2526 5582 ι
2562 5532 2697 5582 Infra
2753 5547 2906 5592 mss.,
2941 5547 2959 5579 ι
2999 5531 3041 5600 si
3095 5543 3218 5600 vero
3256 5528 3376 5594 quis

1826 5605 1890 5653 ad
1923 5603 2242 5667 naturalem,
2282 5599 2437 5655 t’etc.
2469 5601 2642 5661 Editi,
2669 5618 2687 5648 ι
2727 5616 2906 5653 verum
2937 5599 3026 5665 qni
3061 5599 3125 5648 ad
3158 5607 3377 5648 natura-

1825 5673 1952 5730 lem,
1989 5690 2009 5721 ι
2042 5683 2149 5724 etc.
2182 5673 2380 5724 Ibidem
2411 5687 2564 5734 mss.,
2597 5686 2616 5718 ι
2661 5671 2819 5723 totius
2848 5667 3164 5719 eruditionis
3192 5673 3376 5734 esten.

282 5671 366 5733 l8)
404 5670 676 5732 Herliuus,
714 5689 732 5720 ι
770 5681 824 5723 et
855 5670 1116 5724 alliciens.
1155 5691 1174 5722 ι

1831 5741 1999 5798 ditur.
2031 5759 2052 5795 ι
2076 5742 2216 5798 ιωιιι
2248 5741 2409 5811 male,
2438 5759 2458 5794 ι
2487 5732 2650 5796 totius
2673 5737 2995 5794 conditionis
3021 5732 3374 5789 ostenditur.»

285 5741 381 5828 19)⁶
401 5739 534 5797 Vide
566 5738 891 5811 Origcnian.,
925 5742 958 5796 Ι.
994 5757 1077 5810 ιιι,
1100 5757 1163 5827 ἰι.
1196 5743 1248 5811 7,
1278 5758 1333 5797 ιι.
1369 5742 1452 5795 15.
