4118 6308
701 569 810 634 259

1953 571 2271 628 ORICENIS
2310 573 2470 628 ΠΕΡΙ
2502 573 2731 628 APan

701 690 894 782 denter
909 692 1190 747 ostendent
1213 689 1413 747 habere
1432 703 1530 744 nos
1546 688 1754 744 arbitrii
1776 687 1929 744 liberi
1946 700 2287 760 potestatem.
2306 691 2554 758 Alioquin
2568 691 2893 746 contrarium
2911 701 3054 747 esset
3085 691 3203 752 darl
3225 692 3378 749 nobis
3406 695 3652 751 mandata
3679 710 3743 751 ex
3775 713 3915 768 quo-

705 802 824 842 rum
848 786 928 841 vel
955 785 1648 867 observationesalvemur,
1675 784 1758 836 vel
1790 786 2230 854 praevaricatione
2260 787 2602 848 damnemur,
2626 785 2670 839 si
2697 787 3017 841 observandi
3039 803 3100 841 ea
3129 787 3353 843 facultas
3380 790 3429 844 in
3467 791 3618 846 nobis
3651 807 3758 846 non
3800 801 3910 849 est.

775 879 826 933 7.
871 878 1066 933 Verum
1095 876 1349 945 quoniam
1392 875 1739 930 inveniuntur
1792 877 1846 930 in
1893 876 2023 946 ipsis
2057 877 2253 932 divinis
2283 885 2329 940 Α

705 968 1000 1040 Scripturis
1023 969 1262 1038 quaedam
1290 967 1450 1021 verba
1487 967 1557 1020 ita
1581 968 1763 1038 posita
1785 1008 1798 1029 ,
1829 978 1880 1020 ut
1925 969 2253 1022 contrarium

705 1062 883 1116 ex‘his
923 1061 1123 1128 aliquid
1154 1062 1402 1113 videatur
1438 1059 1662 1128 intelligi
1695 1074 1885 1127 posse;
1918 1061 2256 1127 proferentes

706 1164 769 1205 ea
801 1150 852 1204 in
886 1150 1120 1203 medium
1154 1158 1204 1202 et
1232 1149 1528 1202 secundum
1569 1149 1782 1217 pietatis
1823 1150 2058 1218 regulam
2088 1153 2258 1204 disse-

706 1251 920 1305 rentes,
978 1240 1549 1294 adhibeamus-eorum
1592 1239 1958 1294 absolutiones
1985 1280 1999 1305 ,
2053 1257 2160 1309 quo
2190 1256 2254 1294 ex

707 1331 795 1387 bis
826 1332 1012 1400 paucis
1043 1346 1159 1399 quae
1205 1331 1526 1399 exponimus
1552 1329 1698 1400 (28),
1734 1331 1894 1384 etiam
1936 1340 2280 1386 cmterorum'

710 1433 829 1488 quae
877 1419 1126 1474 similiter
1156 1419 1294 1471 dicta
1325 1427 1484 1480 sunt,
1532 1417 1726 1485 quibus
1753 1419 1960 1472 arbitrii
2020 1429 2258 1489 potestas

711 1509 922 1564 videtur
978 1509 1234 1571 excludi,
1303 1505 1566 1562 absolutio
1629 1509 1851 1562 evidens
1911 1510 2022 1562 ﬁat.
2091 1508 2259 1578 igitur

707 1598 1138 1668 quamplurimos
1181 1609 1396 1650 movent
1439 1613 1500 1650 ea
1539 1612 1655 1665 qua:
1685 1599 1746 1649 de
1774 1596 2057 1651 Pharaone
2087 1612 2114 1648 a
2150 1597 2257 1650 Deo

707 1688 850 1742 dicta
886 1697 1039 1750 sunt,
1092 1688 1302 1741 dicente
1353 1685 1692 1756 frequentius
1731 1704 1746 1740 :
1788 1704 1805 1737 ι
1839 1687 1947 1754 Ego
1992 1686 2256 1740 indurabo

604 1775 610 1780 ’
705 1792 802 1832 cor
843 1777 1136 1832 Pharaonis
1161 1776 1224 1828 ³⁷.
1256 1761 1282 1827 Di
1317 1776 1371 1829 Si
1411 1775 1552 1830 enim
1609 1791 1636 1828 a
1692 1775 1799 1828 Deo
1842 1775 2145 1838 induratur,
2193 1784 2242 1828 et

703 1884 802 1938 per
840 1871 940 1922 hoc
967 1867 1113 1938 quod
1161 1866 1460 1930 induratur,
1497 1865 1793 1933 delinquit,
1843 1878 1949 1917 non
2001 1865 2098 1918 sibi
2146 1865 2256 1934 ipse

705 1884 802 1938 per
841 1883 940 1922 HOC
1011 1883 1113 1921 υοα
1161 1883 1460 1930 ιιιαιιιίιιυῐ,
1497 1883 1793 1933 αειιηιιιιιι,
1844 1883 1949 1917 11011
2001 1883 2098 1918 SIUI
2146 1883 2256 1934 ipse

705 1959 910 2013 exstitit
935 1883 1097 2011 egusa
1124 1958 1324 2012 delicti.
1358 1957 1510 2022 Quod
1533 1957 1575 2008 si
1599 1957 1672 2008 ita
1705 1965 1818 2016 est,
1853 1969 1956 2007 non
1984 1955 2256 2009 videbitur

705 2046 917 2100 Pharao
947 2045 1139 2100 habere
1182 2045 1390 2099 arbitrii
1439 2043 1598 2114 114
1644 2043 1988 2109 libertatem,
2039 2053 2091 2097 et
2144 2044 2254 2114 jam

706 2145 1094 2204 consequenter
1162 2147 1439 2190 asseretur
1491 2137 1593 2188 hoc
1669 2134 1912 2203 exemplo
1962 2135 2102 2202 quod
2159 2149 2255 2187 nec

2439 877 2588 928 Ἐπεὶ
2610 876 2666 929 δὲ
2694 877 2772 940 είς
2794 877 2854 929 τὸ
2881 879 3140 944 ἐναντίον,
3180 881 3442 946 τουτέστι,
3474 881 3534 934 τὸ
3561 883 3633 954 μὴ
3663 885 3748 954 ἐφ’
3780 887 3914 956 ἡμῖν

2354 969 2644 1036 τυγχάνειν
2674 971 2857 1038 τηρεῖν
2901 969 2997 1033 τὰς
3029 970 3246 1032 ἐντολάς
3288 973 3380 1024 καὶ
3411 973 3671 1038 σώζεσθαι
3717 977 3809 1029 καὶ
3851 977 3915 1030 τὸ

2359 1059 2710 1130 παραὸαίνειν
2761 1060 2927 1123 αύτάς
2962 1061 3054 1112 καὶ
3087 1061 3444 1128 ἀπόλλυσθαι,
3490 1069 3732 1138 περισπᾷ
3773 1069 3916 1139 ῥητά

2357 1168 2476 1204 τινα
2527 1150 2658 1228 ἀπὸ(
2686 1151 2782 1221 τῆς
2811 1151 3184 1230 Παλαιᾶςνκαὶ
3219 1153 3315 1222 τῆς
3351 1155 3583 1224 Καινῆς,
3620 1157 3750 1227 φέρε
3802 1158 3913 1209 ἀπὸ

2361 1243 2554 1314 μέρους
2594 1244 2686 1294 καὶ
2730 1245 2792 1294 ἐκ
2827 1243 3025 1296 τούτων
3059 1231 3420 1314 παραθέμενοι
3463 1245 3777 1316 θεασώμεθα
3814 1245 3914 1300 αό-

2358 1332 2463 1384 τῶν
2492 1332 2588 1395 τάς
2636 1332 2847 1395 λύσεις,
2907 1333 2992 1385 ἵνα
3033 1334 3123 1401 ἀφ’
3171 1326 3243 1386 ὧν
3292 1335 3714 1404 παρατιθέμεθα,
3772 1336 3915 1389 κατά

2357 1422 2417 1473 τὸ
2449 1423 2626 1490 ὅμοιον
2651 1421 3001 1490 ἐκλεξάμενός
3031 1439 3112 1484 τις
3144 1423 3319 1494 ἑαυτῷ
3346 1424 3610 1479 πάνταντά
3651 1425 3911 1479 δοκοῦντα

2360 1511 2598 1580 ἀναιρεῖν
2627 1510 2686 1562 τὸ
2718 1509 3074 1573 αὐτεξούσιον,
3109 1512 3464 1583 ἐπισκέψηται
3506 1513 3575 1566 τά
3629 1516 3755 1586 περ).
3809 1515 3911 1584 τῆς

2359 1597 2561 1660 λύσεως
2594 1598 2788 1652 αὐτῶν.
2833 1600 2940 1650 Καὶ
2963 1599 3026 1668 δὴ
3053 1597 3270 1661 πολλοὺς
3294 1601 3541 1672 κεκίνηκε
3569 1603 3635 1654 τὰ
3667 1603 3792 1671 περὶ
3815 1601 3910 1654 τοῦ

2358 1687 2550 1758 Φαραὼ
2572 1689 2697 1759 (29),
2722 1689 2844 1758 περὶ
2871 1682 2929 1740 οὗ
2951 1688 3292 1758 χρηματίζων
3316 1690 3343 1740 6
3373 1691 3502 1754 Θεός
3530 1708 3705 1761 φησιν’
3722 1710 3740 1742 ι
3767 1692 3911 1760 Ἐγὼ

2358 1779 2412 1830 δὲ
2436 1778 2712 1849 σκληρυνῶ
2734 1778 2826 1846 τὴν
2842 1778 3062 1847 καρδίαν
3091 1778 3304 1848 Φαραὼ,
3340 1798 3356 1829 ι
3385 1779 3666 1841 πλεονάκις
3687 1795 3702 1809 ⁸
3731 1781 3777 1832 εί
3801 1781 3912 1852 γὰρ

2361 1869 2462 1920 ὑπὸ
2487 1868 2618 1921 Θεοῦ
2644 1868 2991 1939 σκληρύνεται
3021 1869 3112 1920 κα).
3134 1868 3219 1920 διὰ
3243 1869 3300 1920 τὸ
3325 1869 3707 1940 σκληρύνεσθαι
3738 1871 3914 1942 ἀμαρ-

2357 1959 2505 2011 τάνει
2526 1998 2540 2022 ,
2569 1958 2666 2010 οὐκ
2697 1957 2854 2018 αὐτὸς
2893 1955 3065 2026 ἑαυτῷ
3103 1957 3200 2024 τῆς
3230 1956 3499 2028 ἁμαρτίας
3533 1959 3728 2018 αῐτιος·
3763 1957 3810 2008 εί
3853 1956 3911 2008 δὲ

2360 2046 2532 2109 τοῦτο,
2563 2046 2682 2099 οὑδέ
2707 2045 3044 2108 αὐτεξούσιος
3073 2049 3100 2098 ὁ
3131 2045 3346 2117 Φαραώ.
3386 2046 3495 2098 Καὶ
3532 2046 3690 2115 φήσει
3713 2062 3798 2108 τις
3827 2046 3910 2098 ὅτι

2361 2141 2423 2191 ἐκ
2451 2138 2542 2191 τοῦ
2571 2139 2752 2207 ὁμοίου
2795 2139 2843 2191 οί
2891 2138 3242 2208 ἀπολλύμενοι
3270 2138 3366 2189 οὐκ
3392 2136 3743 2199 αὐτεξούσιοι,
3783 2137 3908 2189 οὐδὲ

705 2229 886 2281 caeteri
911 2229 1126 2297 quidem
1163 2228 1250 2298 qui
1279 2235 1526 2297 pereunt,
1559 2240 1624 2278 ex
1648 2227 1858 2280 arbitrii
1887 2229 1966 2279 sui
2001 2225 2252 2279 libertate

2358 2230 2486 2300 παρ’
2529 2230 2732 2283 ἑαυτῶν
2763 2231 3112 2282 ἀπολοῦνται·
3167 2231 3258 2282 καὶ
3308 2232 3364 2281 ἐν
3415 2229 3491 2298 τῷ
3544 2227 3800 2296 Ἰεζεκιὴλ
3853 2226 3912 2279 δὲ

704 2333 920 2373 causam
956 2319 1272 2388 perditionis
1302 2317 1592 2384 accipiunt.
1634 2315 1738 2370 Sed
1777 2324 1830 2371 et
1868 2318 1990 2370 illud
2019 2319 2163 2385 quod
2196 2317 2248 2369 in

704 2407 986 2464 Ezechiele
1018 2410 1216 2464 dictum
1240 2419 1351 2474 est,
1384 2422 1502 2460 cum
1535 2407 1706 2460 dicit':
1745 2425 1762 2457 ι
1784 2407 2035 2460 Aul‘eram
2064 2421 2248 2459 eorum

688 2489 905 2567 lapidea
957 2500 1159 2563 corda,
1206 2508 1259 2551 et
1315 2499 1600 2553 immittam
1652 2501 1733 2553 eis
1786 2513 2021 2559 carnea,
2083 2505 2140 2547 ut
2199 2495 2250 2547 in

702 2589 985 2658 prmeeptis
1003 2590 1134 2642 meis
1157 2587 1426 2651 incedant,
1445 2598 1498 2642 et
1515 2590 1629 2642 vias
1648 2603 1795 2641 meas
1811 2587 2112 2640 custodiant
2129 2586 2206 2648 '3;
2229 2603 2246 2636 ι

705 2691 921 2731 movere
955 2677 1125 2744 possit
1174 2678 1403 2744 aliquem
1463 2691 1558 2745 pro
1605 2691 1668 2730 eo
1701 2676 1841 2744 quod
1898 2691 1925 2726 a
1985 2675 2091 2728 Deo
2135 2676 2250 2730 dari

704 2769 942 2831 videtur,
979 2767 1059 2818 vel
1089 2768 1336 2820 incedere
1379 2769 1431 2820 in
1466 2767 1731 2820 mandatis
1760 2766 1872 2834 ejus
1896 2805 1910 2830 ,
1951 2767 2030 2819 vel
2059 2767 2252 2833 justiti.

703 2860 944 2913 cationes
991 2857 1108 2925 ejus
1162 2859 1468 2923 custodire;
1527 2859 1720 2926 quippe
1765 2858 1808 2910 si
1859 2857 1970 2925 ipse
2005 2857 2056 2910 id
2113 2861 2252 2926 quod

705 2949 886 3003 obstat
916 2949 979 3000 ad
1017 2949 1370 3002 custodienda
1402 2950 1650 3000 mandata
1683 2947 1946 3014 lapideum
1972 2963 2066 3002 cor
2101 2949 2252 3002 aule-

704 3051 830 3118 rens
853 3078 868 3103 ,
901 3052 994 3091 cor
1021 3037 1212 3091 melius
1238 3048 1292 3090 et
1325 3036 1628 3091 scnsibilius
1657 3037 1796 3114 quod
1825 3052 1964 3090 nunc
1999 3052 2253 3091 carneum

703 3128 1032 3189 nominatur,
1062 3127 1303 3181 imtuittit
1351 3137 1406 3181 et
1444 3127 1649 3181 inserit.
1692 3125 1824 3181 Vide
1867 3138 2042 3179 autem
2091 3126 2252 3180 etiam

706 3219 835 3272 illud
886 3217 1027 3288 quod
1077 3219 1128 3271 in
1187 3219 1469 3287 Evangelio
1518 3218 1771 3272 Dominus
1801 3227 1854 3271 et
1887 3217 2144 3270 Salvator
2188 3216 2253 3268 ad

703 3324 800 3364 eos
824 3311 920 3380 qui
961 3311 1266 3379 quaerebant
1299 3311 1364 3363 de
1406 3311 1517 3378 ipso
1547 3323 1714 3378 quare
1751 3311 1818 3362 ad
1849 3309 2033 3362 turbas
2074 3309 2126 3360 in
2158 3321 2255 3376 pa-

704 3401 907 3456 rabolis
955 3401 1282 3470 loqueretur,
1319 3402 1473 3467 quale
1513 3403 1620 3463 sit,
1673 3402 1749 3452 ait
1793 3400 1933 3452 enim
1971 3417 1985 3452 :
2033 3416 2051 3449 ι
2083 3397 2148 3453 Ut
2179 3399 2256 3450 vi-

704 3493 894 3546 dentes
924 3507 1026 3545 non
1050 3492 1263 3546 videant
1285 3501 1339 3545 et
1371 3491 1644 3549 audientes
1676 3505 1778 3542 non
1811 3490 2028 3542 audiant
2054 3497 2106 3542 et
2150 3505 2252 3544 non

704 3583 997 3653 intelligant
1021 3582 1154 3652 (50),
1185 3597 1250 3636 ne
1281 3581 1418 3635 forte
1449 3588 1831 3634 convertantur
1863 3590 1918 3632 et
1945 3581 2251 3632 remittatur

703 3675 783 3730 cis
804 3674 866 3729 ³⁹.
895 3694 914 3726 ι
967 3674 1072 3727 Sed
1098 3684 1154 3734 et
1191 3673 1316 3727 illud
1348 3673 1487 3739 quod
1515 3687 1544 3724 a
1585 3671 1748 3725 Paulo
1779 3670 2019 3739 apostolo
2049 3671 2246 3724 dictum

705 3771 786 3821 αι
822 3765 945 3834 quia
985 3780 1004 3814 ι
1029 3778 1133 3816 non
1168 3763 1393 3816 volentis
1418 3801 1434 3826 ,
1470 3776 1640 3830 neque
1669 3762 1935 3837 currentis
1958 3799 1973 3823 ,
2025 3761 2120 3815 sed
2157 3759 2254 3812 mi-

705 3855 933 3911 serentis
959 3864 1040 3910 est
1073 3853 1164 3909 Dei
1189 3855 1256 3908 ⁸ο.
1289 3873 1307 3905 ι
1353 3854 1418 3907 Ει
1444 3855 1494 3908 in
1525 3853 1632 3908 alio
1664 3852 1781 3907 loco
1824 3869 1838 3906 :
1889 3871 1906 3904 ι
1933 3850 1999 3905 Ει
2033 3850 2168 3906 velle
2200 3858 2252 3904 et

702 3947 965 4015 perﬁcere
1006 3960 1070 4000 ex
1106 3944 1216 4000 Deo
1263 3955 1346 3999 est
1369 3946 1433 3997 δ’.
1461 3965 1479 3996 ι
1541 3945 1607 3999 Et
1640 3946 1834 3999 iterum
1866 3944 1920 3998 in
1949 3943 2052 3997 alio
2087 3944 2206 3998 loco
2235 3959 2250 3995 :

706 4050 732 4089 ι
759 4033 898 4104 Ergo
945 4034 1034 4088 cui
1075 4034 1191 4088 vult
1225 4034 1526 4098 miseretur,
1560 4041 1616 4088 et
1661 4047 1819 4101 quem
1864 4033 1979 4086 vult
2020 4033 2252 4086 indurat.

706 4125 860 4181 Dices
890 4127 1066 4193 itaque
1092 4126 1220 4179 mihi
1256 4143 1270 4179 :
1301 4125 1438 4191 Quid
1463 4139 1590 4194 ergo
1633 4125 1806 4179 adhuc
1866 4122 2090 4192 culpat}
2148 4120 2254 4174 Vo-

704 4214 898 4269 luntati
932 4216 1072 4269 enim
1104 4217 1218 4283 eius
1244 4216 1362 4282 quis
1406 4213 1651 4267 resistet?
1688 4213 1731 4267 0
1763 4215 1940 4278 homo,
1970 4221 2022 4265 tu
2054 4212 2176 4281 quis
2197 4225 2256 4264 es

706 4305 795 4373 qui
820 4293 1008 4358 contra
1046 4306 1370 4371 respondeas
1406 4303 1558 4358 Deo?
1597 4301 1843 4371 Nunquid
1875 4304 2005 4358 dicit
2035 4305 2254 4371 ﬁgmen-

707 4403 818 4449 tum
854 4395 900 4447 οἱ
933 4393 1021 4463 qui
1057 4409 1114 4447 se
1143 4393 1295 4446 llnxit
1317 4435 1331 4455 ,
1363 4395 1501 4459 Quid
1530 4411 1611 4448 me
1641 4395 1813 4448 fecisti
1847 4395 1972 4448 sic?
2019 4395 2124 4447 Aut
2151 4409 2254 4446 non

705 4485 864 4541 habet
900 4493 1216 4554 potestatem
1249 4484 1436 4554 ﬁgulus
1474 4484 1568 4538 luti
1607 4501 1672 4540 ex
1714 4485 1902 4540 eadem
1950 4499 2124 4537 massa
2170 4485 2252 4538 {a-

705 4588 828 4629 cere
853 4589 945 4627 vas
971 4574 1112 4627 aliud
1144 4573 1358 4642 quidem
1387 4573 1452 4626 ad
1483 4573 1741 4628 honorem
1764 4614 1779 4638 ,
1812 4573 1954 4626 aliud
1982 4586 2158 4626 autem
2193 4574 2256 4626 ad

705 4663 1141 4718 contumeliam“
1163 4663 1215 4714 τι
1262 4662 1385 4716 Haec
1417 4673 1471 4715 et
1495 4665 1577 4718 his
1603 4665 1794 4718 similia
1827 4678 1931 4717 non
1962 4677 2150 4732 parum
2180 4664 2259 4717 vi-

2356 2320 2640 2390 λεγόμενον
2683 2321 2768 2372 τό⁸
2823 2340 2840 2370 ι
2880 2321 3067 2383 Ἐξελῶ
3094 2320 3268 2372 αὐτῶν
3297 2319 3392 2382 τάς
3420 2318 3622 2381 λιθίνας
3660 2316 3909 2388 καρδίας,

2351 2412 2444 2463 καὶ
2501 2411 2718 2479 ἐμϐαλῶ
2749 2410 3026 2480 σαρκίνας,
3082 2411 3228 2471 ὅπως
3273 2411 3328 2460 ἐν
3381 2411 3491 2470 τοῖς
3531 2405 3910 2478 προστάγμασι

2355 2518 2453 2570 μου
2477 2501 2830 2570 πορεύωνται,
2852 2500 2943 2552 καὶ
2958 2499 3023 2550 τὰ
3049 2496 3392 2566 δικαιώματά
3411 2515 3509 2567 μου
3527 2497 3838 2565 φυλάσσωσι
3855 2512 3906 2560 ,ι

2354 2594 2566 2661 κινήσαι
2599 2592 2661 2644 ἄν
2688 2607 2806 2642 τινα
2839 2589 2912 2651 ὡς
2955 2588 3044 2640 τοῦ
3073 2586 3207 2640 Θεοῦ
3247 2587 3476 2649 διδόντος
3501 2587 3559 2638 τὸ
3588 2585 3913 2656 πορεύεσθαι

2354 2682 2410 2732 ἐν
2439 2683 2556 2741 ταῖς
2601 2677 2837 2738 ἐντολαῖς
2882 2678 2973 2728 καὶ
3010 2675 3301 2744 φυλάσσειν
3329 2675 3394 2728 τά
3436 2673 3808 2744 δικαιώματα,
3850 2673 3914 2727 ἐν

2361 2770 2436 2840 τῷ
2477 2769 2536 2821 τὸ
2573 2768 2854 2836 ἐμποδίζον
2885 2766 3278 2836 ὑπεξῃρηκέναι
3299 2766 3396 2836 τὴν
3433 2764 3635 2835 λιθίνην
3662 2765 3910 2836 καρδίαν,

2354 2861 2445 2914 καὶ
2481 2860 2542 2910 τὸ
2577 2861 2816 2929 κρεῖττον
2847 2855 3197 2908 ἐντεθεικέναι
3229 2855 3326 2925 τὴν
3369 2854 3640 2924 σαρκίνην.
3684 2855 3912 2925 Ἰδωμσν

2355 2953 2412 3004 δὲ
2437 2951 2532 3004 καὶ
2561 2949 2621 3001 τὸ
2647 2951 2710 3001 ἐκ
2739 2947 2829 3000 τοῦ
2867 2946 3193 3014 Εὐαγγελίου
3221 2945 3271 2998 τί
3300 2948 3327 2998 ὁ
3351 2947 3538 3016 Σωτὴρ
3560 2946 3914 3014 ἀποκρίνεται

2356 3041 2490 3112 πρὸς
2537 3041 2660 3102 τοὺς
2708 3037 3037 3108 πυθομένους
3082 3037 3166 3090 διὰ
3217 3037 3272 3089 τί
3323 3039 3378 3089 ἐν
3422 3036 3752 3107 παραϐολαῖς
3797 3037 3914 3099 τοῖς

2355 3130 2564 3192 πολλοῖς
2624 3127 2772 3180 λαλεῖ
2796 3144 2808 3158 ’
2872 3128 2963 3180 καί
3020 3145 3212 3198 φησιν,
3258 3146 3276 3178 ι
3307 3129 3430 3180 Ἵνα
3484 3126 3765 3195 βλέποντες
3834 3125 3913 3197 μὴ

2357 3218 2612 3288 βλέπωσι,
2662 3220 2752 3274 καὶ
2800 3219 3084 3281 ἀκούοντες
3111 3219 3344 3270 ἀκούωσι
3375 3219 3468 3269 καὶ
3525 3217 3597 3287 μὴ
3647 3216 3908 3270 συνιῶσι⁶

2359 3313 2430 3382 μή
2490 3328 2618 3364 ποτε
2672 3310 3067 3380 ἐπιστρέψωσι,
3134 3309 3228 3361 καὶ
3277 3307 3600 3379 ἀφεθήσεται
3654 3309 3857 3371 αὐτοῖς.
3886 3327 3907 3360 ι

2360 3402 2478 3454 Ἔτι
2510 3402 2565 3454 δέ
2591 3404 2685 3455 καὶ
2713 3401 2860 3470 παρά
2898 3400 2975 3470 τῷ
3016 3401 3208 3469 Παύλῳ
3232 3399 3320 3451 τό·
3357 3418 3375 3450 ι
3399 3400 3472 3452 Οὺ
3509 3399 3602 3452 τοῦ
3629 3398 3872 3464 θέλοντος
3891 3437 3910 3464 ,

2357 3491 2475 3544 οὐδὲ
2531 3492 2622 3543 τοῦ
2680 3490 2989 3560 τρέχοντος,
3041 3488 3172 3541 ἀλλά
3223 3488 3316 3541 τοῦ
3365 3488 3636 3552 ἐλεοῦντος
3685 3489 3860 3543 Θεοῦ⁸
3886 3509 3908 3542 ι

2355 3581 2446 3634 καὶ
2493 3583 2549 3633 ἐν
2579 3581 2783 3644 ἄλλοις·
2848 3580 2994 3631 «Καὶ
3037 3579 3098 3630 τὸ
3141 3578 3308 3631 θέλειν
3349 3579 3404 3632 δὲ
3453 3578 3544 3632 καὶ
3580 3578 3639 3631 τὸ
3669 3576 3914 3650 ἐνεργεῖν

2353 3672 2418 3723 ἐκ
2449 3670 2539 3722 τοῦ
2584 3670 2717 3723 Θεοῦ
2746 3672 2920 3740 ἐστιν’
2972 3667 3057 3740 ἄρ’
3087 3665 3177 3722 οὖν
3209 3668 3266 3721 ὃν
3307 3668 3446 3720 θέλει
3489 3671 3515 3721 δ
3556 3667 3684 3732 Θεὸς
3729 3671 3912 3734 ἐλεεῖ,

2351 3760 2410 3815 ὃν
2453 3761 2510 3813 δὲ
2543 3761 2682 3814 θέλει
2713 3737 3028 3831 σίιληρύνειζ
3059 3760 3200 3830 ἐρεῖς
3240 3754 3329 3812 οὖν
3362 3776 3486 3829 μοι,
3521 3758 3587 3811 Τί
3636 3758 3713 3812 ἔτι
3771 3763 3914 3832 μέμ-

2354 3869 2544 3920 φεται;
2587 3851 2665 3922 τῷ
2715 3851 2820 3922 γάρ
2863 3851 3155 3921 βουλήματι
3199 3852 3360 3906 αὐτοῦ
3401 3850 3485 3914 τίς
3531 3849 3861 3920 ἀνθέστηκε;
3886 3871 3907 3904 ι

2353 3943 2458 3995 Καί
2485 3958 2499 3972 ο
2547 3960 2564 3992 ι
2606 3941 2667 3992 Ἦ
2714 3939 2977 4010 πεισμονὴ
3009 3941 3072 3990 ἐκ
3097 3937 3187 3990 τοῦ
3233 3934 3518 3999 καλοῦντος
3569 3935 3660 3989 καὶ
3699 3939 3800 3991 οὐκ
3851 3937 3913 4006 ἐξ

2352 4032 2528 4104 ἡμῶν·
2570 4031 2824 4102 μενοῦνγε
2845 4070 2860 4094 ,
2899 4029 3166 4098 ἄνθρωπε,
3199 4030 3261 4081 σὺ
3276 4029 3358 4092 τίς
3393 4024 3498 4098 de
3526 4027 3914 4100 ἀνταποκρινό-

2357 4139 2514 4191 μενος
2547 4121 2622 4189 τῷ
2660 4119 2806 4188 Θεῷ;
2837 4118 2910 4188 μὴ
2929 4120 3041 4188 ἐρεῖ
3058 4117 3117 4168 τὸ
3134 4116 3354 4187 πλάσμα
3371 4117 3450 4188 τῷ
3471 4114 3824 4178 πλάσαντι,Τί
3842 4134 3914 4188 μα

2360 4210 2617 4279 ἐποίησας
2651 4207 2818 4268 οὕτως
2842 4223 2856 4270 ;
2893 4206 2925 4276 ἢ
2949 4207 3047 4259 οὐκ
3068 4206 3175 4275 ἔχει
3201 4193 3442 4270 ἐξουσίαν
3461 4207 3489 4258 ὁ
3507 4207 3785 4279 κεραμεὺς
3811 4204 3909 4260 τοῦ

2362 4300 2530 4372 πηλοῦ
2557 4303 2619 4352 ἐκ
2649 4298 2738 4350 τοῦ
2771 4295 2930 4350 αὐτοῦ
2981 4296 3292 4366 φυράματος
3341 4298 3588 4367 ποιῆσαι,
3618 4296 3647 4348 δ
3692 4297 3790 4367 μὲν
3831 4297 3914 4359 εις

2360 4392 2520 4461 τιμὴν
2550 4389 2768 4453 σκεῦος,
2811 4388 2838 4439 ὃ
2869 4387 2924 4439 δὲ
2960 4387 3038 4450 είς
3067 4386 3317 4455 ἀτιμίαν;
3348 4404 3366 4435 ι
3415 4385 3596 4457 Ταῦτα
3633 4384 3740 4455 γὰρ
3786 4384 3911 4439 καθ’

2362 4482 2498 4536 αύτά
2547 4479 2703 4533 ἱκανά
2744 4480 2857 4529 ἐστι
2898 4476 3020 4537 τοὺς
3059 4473 3279 4536 πολλοὺς
3326 4473 3618 4542 ἐκταράξαι
3642 4512 3657 4535 ,
3693 4468 3770 4535 ὡς
3799 4472 3910 4545 (51)

2364 4575 2462 4626 οὐκ
2484 4572 2632 4633 ὄντος
2665 4568 2757 4620 τοῦ
2783 4564 3064 4636 ἀνθρώπου
3094 4561 3435 4626 αὑτεξουσίου
3454 4599 3468 4624 ,
3498 4561 3630 4615 ἀλλά
3655 4561 3746 4614 τοῦ
3766 4561 3902 4616 Θεοῦ

2364 4661 2624 4726 σώζοντος
2678 4660 2769 4712 καὶ
2817 4656 3137 4718 ἀπολλύντος
3181 4653 3273 4716 οὓς
3322 4651 3387 4706 ἂν
3424 4653 3586 4716 αὐτὸς
3630 4651 3909 4726 βούληται,

706 4754 897 4810 dentur
958 4756 1229 4811 deterrere
1289 4773 1444 4826 posse
1506 4758 1950 4826 quamplurimas,
1999 4772 2067 4810 ne
2129 4766 2343 4825 putetur
2389 4757 2752 4824 unusquisque
2800 4752 2999 4807 habere
3044 4751 3122 4806 sui
3175 4748 3380 4807 arbitrii
3420 4747 3767 4812 libertatem,
3817 4747 3912 4804 sed

704 4852 843 4921 quod
869 4869 934 4907 ex
963 4851 1054 4906 Dei
1088 4852 1359 4907 voluntate
1400 4853 1478 4908 vel
1515 4856 1709 4906 salvari
1740 4853 1929 4921 aliquis
1959 4853 2039 4904 vol
2071 4852 2246 4919 perire
2278 4854 2536 4904 videatur.

1583 4941 1612 4961 '-
1919 4941 2476 5014 INTERPBETATIO
2514 4938 2722 4994 NOVA.

775 5039 827 5094 7.
865 5037 966 5093 Sed
999 5041 1253 5108 quoniam
1284 5041 1339 5094 in
1368 5041 1696 5097 contrarium
1717 5080 1731 5103 ,
1756 5039 1857 5093 hoc
1890 5050 1973 5093 est
2010 5041 2167 5108 nobis
2208 5055 2308 5094 non
2340 5054 2458 5093 esse
2491 5039 2756 5108 integrum
2784 5047 3008 5108 servare
3033 5032 3298 5108 ‘mandata
3349 5038 3404 5084 et
3435 5031 3632 5108 salvari
3654 5068 3670 5093 ,
3700 5029 3906 5108 vel}:

709 5092 1092 5180 inlriugere'et—
1110 5092 1842 5180 perire,"q‘uized—a—inveteris
1873 5092 1940 5162 et
1963 5108 2091 5161 Novi
2127 5092 2454 5161 Testameuti
2485 5092 2632 5160 dicta
2655 5105 2938 5180 deﬂectere
2964 5100 3211 5180 videntur
3231 5113 3368 5180 ;_age
3393 5107 3447 5152 et
3480 5098 3547 5180 iis
3567 5092 3899 5180 singillatim

708 5165 1026 5248 propositis}.
1058 5165 1241 5236 eo'rum
1285 5165 1604 5235 soliitiunom
1651 5180 2036 5248 inspiciamus,
2070 5187 2126 5229 ttt
2161 5190 2224 5230 ex
2255 5192 2439 5248 eorum
2473 5190 2590 5241 qua:
2623 5172 2976 5248 proponimus
3007 5165 3382 5248 similitudini‘e,
3417 5165 3634 5248 selectis
3656 5169 3914 5248 omnibus

705 5232 824 5312 quae
861 5232 1171 5315 liberi-atem
1210 5232 1645 5305 arbitriitollere
1675 5232 1944 5308 videntur,
1987 5232 2176 5298 eorum
2223 5232 2543 5299 solutionem
2579 5232 2669 5315 qui
2706 5232 2936 5315 voluerit
2961 5237 3270 5315 perspiciat.
3312 5234 3454 5315 Sane
3478 5232 3913 5315 quamplurimas

709 5301 920 5383 movent
941 5301 1006 5367 eal
1025 5331 1140 5381 qua:
1165 5318 1229 5370 de
1257 5301 1533 5372 Pharaone
1555 5301 1825 5383 dicuntur,
1851 5319 1914 5371 de
1933 5301 2049 5383 '(luo
2071 5316 2266 5382 saepius
2290 5301 2612 5382 respondens
2641 5311 2781 5383 Deus
2811 5308 2921 5360 ait:
2961 5301 2978 5356 ἱ
3008 5301 3114 5372 Ego
3136 5305 3394 5383 indurab'o
3416 5318 3511 5356 cor
3535 5301 3904 5383 Pharaonis.)

712 5382 766 5436 Si
799 5383 941 5434 enim
978 5397 1015 5452 a7
1059 5384 1164 5436 Deo
1192 5387 1495 5452 induratur,
1525 5398 1579 5441 ct

1649 5390 1733 5440 uia
1763 5373 2062 5447 induraiur,
2097 5373 2300 5450 peccat,
2335 5373 2438 5435 non
2471 5385 2582 5449 ipse
2628 5380 2729 5432 sibi
2773 5390 2938 5430 causa
2973 5373 3312 5450 peccatiest,
3341 5373 3420 5426 sic
3451 5386 3624 5450 neque
3653 5373 3738 5426 sui
3770 5374 3913 5450 juris

712 5405 766 5436 δι
799 5405 941 5434 CIIII"
978 5405 1005 5434 ξι
1059 5405 1164 5436 υεο
1192 5405 1495 5452 tttauratur,
1525 5405 1579 5441 CI.
1649 5405 1733 5440 uta
1764 5405 2062 5447 Illuul'illlll',
2098 5405 2300 5450 peccat,
2335 5405 2438 5435 11011
2471 5405 2582 5449 Ipse
2628 5405 2729 5432 Μυι
2773 5405 2938 5430 cauaa
2973 5405 3178 5441 γῠυυαιι
3209 5405 3312 5436 cas,
3341 5405 3420 5426 om
3451 5405 3624 5440 ucquv
3653 5405 3738 5426 nul
3770 5405 3911 5439 Julia

710 5452 940 5505 Pharao.
979 5451 1115 5503 llinc
1143 5468 1208 5506 ex
1237 5456 1398 5508 simili
1431 5457 1574 5511 dicet
1597 5405 1790 5525 aliiquis
1825 5473 1930 5510 nun
1958 5470 2076 5510 esse
2105 5454 2302 5506 liberos
2332 5453 2422 5521 qui
2458 5458 2922 5518 percunt,'neque
2960 5457 3055 5510 per
3086 5456 3147 5495 se
3179 5444 3320 5508 ipsos
3354 5441 3574 5510 perire;
3609 5450 3662 5495 et
3681 5443 3826 5509 quod
3859 5443 3911 5495 in

780 5543 1032 5620 "’“EIOd.
1065 5561 1138 5613 ιν,
1173 5547 1260 5600 21.
1337 5550 1383 5580 ³⁸
1414 5551 1610 5605 Ezech.
1650 5567 1726 5616 ιι,
1756 5551 1841 5616 19,
1871 5550 1961 5605 ΞΟ.
2033 5546 2078 5581 ⁸*
2103 5547 2252 5603 Marc

2356 5560 2380 5608 ν,
2411 5545 2492 5598 l2.
2565 5542 2794 5620 “Rom.
2831 5553 2909 5603 lx,
2960 5535 3047 5590 16.
3120 5534 3164 5566 “
3191 5534 3388 5605 Philip.
3423 5550 3485 5601 ιι,
3515 5535 3599 5589 15.
3671 5534 3718 5568 ⁸⁸
3748 5534 3908 5590 Rom.

711 5628 789 5676 lx,
820 5615 884 5667 18
911 5625 962 5668 et
995 5630 1108 5684 seq.

781 5725 889 5804 (28)
931 5725 1078 5780 Libb.
1119 5725 1283 5793 editi,
1316 5741 1334 5775 ι
1355 5725 1714 5793 exposuimus.
1737 5744 1755 5777 ι
1790 5724 1893 5779 Sed
1920 5740 2074 5789 mss.,
2107 5741 2125 5770 ι
2151 5737 2250 5775 ex-

711 5810 1024 5864 ροπυυυε.»

782 5863 891 5936 (29)
933 5865 1019 5936 Sic
1053 5879 1178 5917 mss.
1199 5863 1345 5936 _Edi_ti
1374 5876 1529 5936 vero.
1567 5862 1693 5933 περὶ
1720 5862 1808 5914 τὸν
1836 5864 2052 5936 Φαραὼ.

807 5931 893 5997 δυ)
934 5934 1010 5986 lta
1042 5951 1166 5988 mss.
1198 5934 1349 5988 Libb.
1374 5933 1535 5997 editi,
1573 5951 1590 5982 ι
1625 5931 1726 5984 non
1764 5931 1982 5987 audiant
2010 5945 2060 5989 el
2095 5931 2250 5987 intel-

716 6001 901 6076 ligant.
924 6020 942 6046 ι
971 6001 1174 6061 «Ibidem
1202 6017 1358 6068 mss.,
1389 6021 1406 6055 ι
1431 6003 1523 6058 sed
1553 6011 1606 6058 et
1633 6001 1760 6058 illud
1792 6004 1927 6072 quod
1958 6019 1988 6058 a
2017 6004 2202 6061 Paulo.
2225 6019 2243 6054 ι

2323 5731 2328 5735 ’
2357 5720 2508 5774 Libb.
2537 5719 2684 5783 editi,
2721 5739 2738 5771 ι
2767 5719 2858 5773 sed
2895 5726 2948 5771 et
2975 5715 3099 5769 illud
3121 5715 3390 5786 quondam
3420 5730 3447 5768 a
3481 5713 3707 5786 Paulo.»
3738 5711 3913 5786 Paulo

2359 5799 2477 5858 post
2511 5805 2661 5854 mss.,
2698 5808 2716 5840 ι
2741 5788 2867 5855 quid
2900 5801 3028 5853 ergo
3052 5783 3227 5839 adhuc
3255 5785 3475 5856 culpat?
3498 5803 3518 5836 ι
3560 5784 3714 5837 Libb.
3737 5783 3909 5849 editi,

2364 5857 2380 5909 ι
2405 5859 2531 5927 quid
2558 5873 2685 5925 ergo
2708 5857 3189 5927 adhucqculpamur
3211 5858 3280 5927 Υ)

2424 5923 2531 5998 (51)
2570 5923 3319 5998 l_n:libb._ed_itis;deest_d);.
3383 5923 3576 5998 Pattlo_
3599 5928 3911 5998 post-lu”

2356 5986 2483 6070 περὶ
2513 5986 2604 6050 τοῦ
2634 5993 2848 6068 Φαραώ.
2891 5993 3042 6052 Libb.
3077 5995 3206 6052 editi
3231 6031 3248 6062 ,
3279 5986 3406 6062 περὶ
3431 5991 3520 6044 τὸν
3548 5986 3772 6067 Φαράῆ
