4136 6310
141 564 146 569 ’
207 559 306 615 261

1475 510 1478 514 ’
1531 553 1732 612 LIBER
1769 557 2087 657 TERTIUS.

290 672 605 746 ’Δρξώμεθα
632 674 808 730 τοίνυν
830 677 934 730 ἀπὸ
959 677 1064 730 τῶν
1100 677 1226 748 περὶ
1264 676 1342 732 ,οῦ
1382 678 1577 751 Φαραὼ
1604 681 1752 751 εῑρη-

1921 683 1972 738 8.
2007 683 2322 754 lncipiamus
2365 685 2525 756 igitur
2565 686 2631 740 ab
2673 685 2756 742 his
2788 678 2906 757 qua:
2945 688 3103 761 115
3155 693 3220 746 ad
3253 693 3403 750 Ριηο

210 765 386 836 μένων
424 765 502 829 ὡς
539 767 963 838 σκληρυνομένου
996 767 1099 821 ὑπὸ
1135 765 1288 832 Θεοῦ,
1336 768 1420 821 ἵνα
1453 767 1525 839 μὴ
1562 765 1755 832 ἐξαπο-

149 845 172 857 ’
209 855 391 928 autin
430 856 522 908 τὸν
566 857 711 911 λαόν·
758 851 802 924 ᾧ
850 857 1356 928 συνεξετασθήσεται
1403 858 1518 928 ἅμα
1566 859 1660 912 καὶ
1700 859 1760 912 τὸ

207 943 573 1000 ἀωστολικὸν·
616 967 634 998 ι
672 944 902 1020 Ἀρόῦν
938 948 996 1000 ὃν
1028 946 1167 1000 θέλει
1205 947 1400 1010 ὁ¹Θεὸς
1428 948 1580 1000 ἐλεεῖ·
1615 948 1672 1000 ὃν
1701 950 1758 1001 δὲ

203 1030 346 1087 θέλει
381 1035 685 1104 σκληρύνει.
725 1055 743 1086 ι
773 1034 878 1088 Καὶ
906 1036 1232 1105 ἐπιχρῶνται
1267 1034 1472 1099 τούτοις
1503 1036 1608 1088 τῶν
1653 1039 1760 1090 ἐτε-

207 1123 437 1194 ροδόξων
453 1126 614 1189 τινὲς,
642 1125 822 1195 σχεδὸν
852 1125 943 1178 καὶ
977 1126 1127 1178 αὐτοὶ
1155 1125 1215 1178 τὸ
1247 1125 1580 1198 αὐτεξούσιον
1611 1127 1759 1180 ἀναι-
1779 1161 1790 1172 .

207 1213 445 1284 ροῦντες,
467 1217 552 1269 διὰ
581 1216 638 1269 τὸ
678 1216 865 1284 φύσε-ις
891 1217 1125 1283 εἰσάγειν
1156 1201 1551 1284 ἀπολλυμένας,
1575 1218 1759 1270 ἀνεπι-

203 1303 425 1367 δικτους
455 1305 547 1358 τοῦ
590 1305 871 1370 σώζεσθαι,
921 1308 1013 1361 καὶ
1058 1308 1245 1377 ἐτέρας
1280 1305 1604 1376 σωζομένας,
1635 1307 1760 1360 ἀδυ-

204 1394 376 1458 νάτως
393 1396 616 1465 ἐχούσας
642 1397 775 1468 πρὸς
791 1399 848 1450 τὸ
873 1399 1182 1452 ἀπολέσθαι·
1213 1399 1302 1452 τόν
1327 1415 1384 1462 τε
1409 1398 1602 1467 Φαραὼ
1626 1415 1756 1466 φασι

202 1484 415 1552 φύσεως
459 1487 586 1540 ὄντα
633 1488 1004 1559 ἀπολλυμένης
1045 1489 1132 1542 διά
1167 1489 1324 1541 τοῦτο
1367 1489 1754 1558 σκληρύνεσθαι

201 1575 304 1628 ὑπὸ
361 1577 455 1629 τοῦ
510 1577 663 1641 Θεοῦ,
713 1579 985 1642 ἐλεοῦντος
1044 1581 1139 1649 μὲν
1170 1580 1293 1643 τοὺς
1340 1585 1752 1650 πνευματικοὺς,

202 1666 589 1739 σκληρύνοντος
613 1669 822 1731 δὲτοὺς
851 1669 1082 1739 χοῖκούς.
1127 1671 1260 1741 Φέρε
1287 1666 1377 1722 οῦν
1406 1671 1597 1739 ἴδωμεν
1634 1674 1661 1725 ὃ
1705 1674 1754 1726 τί

201 1773 325 1808 ποτε
371 1758 464 1810 καὶ
499 1757 732 1826 λέγουσι.
767 1759 1081 1828 Πευσόμεθα
1123 1759 1228 1829 γάρ
1275 1758 1448 1811 αὐτῶν
1476 1762 1521 1810 εί
1566 1762 1753 1830 χοῖκῆς

201 1849 410 1916 φύσεως
439 1851 467 1901 6
497 1848 693 1919 Φαραὼ
731 1843 816 1918 ἦν·
852 1849 1295 1918 ἀποκρινομένοις
1321 1849 1375 1900 δὲ
1410 1849 1638 1919 ἐροῦμεν
1672 1851 1752 1903 ὅτι

197 1939 225 1991 6
249 1939 350 2007 τῆς
378 1937 561 2007 χοῖκῆς
585 1937 793 2006 φύσεως
811 1936 1024 1999 πάντως
1052 1935 1262 1989 ἀπειθεῖ
1293 1937 1432 2006 Θεῷί
1459 1938 1580 1990 εἰδὲ
1605 1941 1753 1992 ἀπει-

1863 788 2085 828 raonem
2123 775 2262 828 dicta
2289 783 2431 840 sunt,
2453 776 2544 845 qui
2579 791 2608 829 ι
2641 778 2748 830 Deo
2776 779 2972 833 dicitur
2995 780 3280 837 induratus
3337 797 3410 839 ne

1863 865 2153 920 dimitteret
2178 865 2424 935 populum
2449 884 2463 932 ;
2489 881 2609 920 cum
2633 881 2738 934 quo
2758 868 3142 934 pariter'etiam
3165 872 3406 941 Apostoli

1861 949 1951 1004 ille
1977 966 2153 1008 sermo
2181 953 2516 1017 tractabitur,
2543 968 2648 1021 quo
2674 956 2748 1028 ait
2777 970 2792 1006 :
2831 973 2850 1007 ι
2882 955 3023 1023 Ergo
3049 958 3134 1011 cui
3164 959 3275 1013 vult
3301 961 3404 1013 mi-

1860 1031 2331 1111 seretur‘etquem
2360 1043 2472 1096 vult
2497 1044 2713 1098 indurat
2745 1044 2812 1096 “.
2847 1063 2868 1098 ι
2913 1045 3004 1101 His
3030 1048 3171 1101 enim
3211 1051 3402 1117 praci-

1859 1145 1963 1200 pue
1984 1132 2225 1187 nituntur
2265 1134 2500 1188 haeretici
2530 1135 2768 1192 dicentes
2798 1151 2903 1192 non
2950 1153 3067 1192 esse
3109 1140 3160 1192 in
3215 1147 3401 1196 nostra

1861 1229 2122 1288 potestate
2149 1230 2204 1275 ut
2229 1221 2519 1286 salvemur,
2552 1224 2645 1277 sed
2692 1235 2910 1281 naturas
2941 1242 3062 1306 esse
3099 1229 3401 1285 animarum

1863 1311 1993 1364 tales
2019 1326 2136 1380 quae
2178 1311 2321 1364 omni
2366 1325 2560 1381 genere
2585 1313 2666 1368 vel
2717 1325 2940 1383 pereant
2971 1316 3052 1370 vel
3098 1318 3402 1387 salventur,

1861 1413 1958 1454 nec
1987 1399 2093 1476 ullo
2129 1396 2285 1456 modo
2312 1402 2479 1470 possit
2512 1403 2688 1457 anima
2720 1420 2838 1472 quae
2878 1407 3034 1461 malae
3062 1417 3266 1462 natura:
3293 1415 3402 1476 εει,

1859 1491 1996 1544 bona
2029 1490 2179 1554 ﬁeri;
2213 1501 2305 1543 aut
2343 1507 2460 1560 qua:
2484 1493 2632 1547 bona:
2664 1506 2863 1548 naturae
2897 1496 3075 1560 fuerit,
3123 1498 3256 1551 mala
3287 1499 3400 1554 cili-

1859 1580 1906 1633 ci
1932 1579 2062 1650 (52).
2095 1578 2246 1634 Unde
2280 1582 2429 1634 aiunt
2457 1583 2883 1648 etPharaonem,
2910 1585 3160 1652 quoniam
3194 1597 3402 1642 natura:

1858 1679 1974 1723 erat
1995 1653 2232 1738 perditae,
2261 1657 2555 1740 propterea
2597 1675 2836 1728 indurari
2865 1692 2894 1728 a
2926 1676 3034 1731 Deo
3061 1677 3149 1746 qui
3190 1677 3402 1732 indurat

1858 1774 1951 1814 eos
1975 1760 2066 1832 qui
2109 1769 2334 1814 terrenae
2370 1771 2574 1816 uatum
2617 1775 2760 1830 sunt,
2791 1767 3074 1820 miseretur
3099 1775 3275 1820 autem
3301 1781 3400 1822 eo-

1857 1866 1972 1904 rum
2009 1851 2098 1920 qui
2118 1851 2377 1920 spiritalis
2397 1863 2600 1906 naturae
2627 1863 2770 1908 sunt.
2794 1855 3078 1911 Videamus
3095 1869 3223 1926 ergo
3241 1856 3400 1926 quale

1855 1947 1936 1993 est
1959 1940 2096 1994 istud
2131 1941 2268 2008 quod
2290 1950 2558 2007 asserunt,
2586 1953 2639 1994 et
2667 1943 3058 2013 interrogemus
3089 1960 3181 2000 eos
3205 1947 3401 2016 primo,

198 2026 298 2090 θεῖ,
320 2028 404 2090 τίς
430 2028 585 2097 χρεία
611 2023 999 2096 σκληρύνεσθαι
1032 2024 1193 2077 αὑτοῦ
1239 2025 1335 2094 τὴν
1376 2027 1617 2096 καρδίαν,
1658 2027 1749 2080 καὶΙ

1851 2038 1904 2082 ut
1927 2031 2286 2097 respondeant
2310 2030 2479 2094 nobis,
2510 2031 2554 2084 si
2585 2041 2813 2086 terrente
2851 2042 3058 2088 naturae.
3085 2050 3246 2103 quam
3276 2050 3402 2105 per-

197 2118 352 2170 ⁴οοῦτο
378 2118 477 2186 οὐχ
524 2116 685 2180 ἀπαξ,
737 2114 870 2168 ἀλλὰ
912 2113 1193 2177 πλεονάκις
1211 2111 1230 2178 ;’
1275 2117 1335 2167 El
1372 2116 1445 2186 μὴ
1492 2117 1598 2189 ἄρα
1629 2120 1750 2171 ἐπεὶ

194 2207 416 2261 δυνατὺν
447 2203 513 2277 ἦν
537 2205 809 2258 πείθεσθαι
841 2205 1019 2266 αὐτὸν,
1049 2206 1140 2257 καὶ
1170 2205 1379 2267 πάντως
1407 2206 1627 2275 ἐπείσθη
1661 2207 1746 2270 ἂν,

197 2300 289 2353 ἅτε
329 2299 429 2352 οὐκ
461 2298 534 2350 ὦν
581 2297 777 2367 χοῖκὸς,
823 2296 927 2348 ὑπὸ
971 2295 1074 2348 τῶν
1104 2297 1341 2365 τεράτων
1385 2297 1476 2347 καὶ
1512 2291 1791 2366 σημείων’

195 2389 625 2459 δυσωπούμενος,
675 2385 866 2458 χρῄζει
917 2386 973 2438 δὲ
1023 2386 1185 2438 αὐτοῦ
1235 2388 1263 2438 6
1306 2385 1435 2449 Θεὸς
1485 2386 1745 2456 ὑπὲρτοῦ

195 2475 524 2540 ἐνδείξασθαι
556 2476 646 2527 ἐπὶ
691 2473 928 2544 σωτηρίᾳ
973 2472 1078 2525 τῶν
1130 2472 1334 2525 πολλῶν
1376 2472 1445 2525 τά
1492 2473 1747 2542 μεγαλεῖα

195 2567 284 2619 ἐπὶ
326 2568 506 2619 πλεῖον
549 2563 913 2626 ἀπειθοῦντος,
940 2563 1026 2615 διὰ
1063 2562 1218 2638 τοῦτο
1267 2561 1550 2632 σκληρύνει
1583 2562 1744 2615 αὐτοῦ

194 2655 286 2726 τὴν
318 2656 562 2725 καρδίαν.
592 2654 775 2708 Ταῦτα
791 2655 847 2706 δὲ
878 2652 1144 2715 λελέξεται
1167 2652 1377 2721 πρῶτον
1394 2653 1527 2723 πρὸς
1552 2653 1745 2717 αὐτοὺς

195 2745 270 2805 είς
313 2743 375 2795 τὸ
414 2743 787 2813 ἀνατραπῆναι
829 2740 857 2792 ὁ
905 2740 1371 2809 ὑπολαμϐάνουσιν
1424 2742 1504 2792 ὅτι
1535 2741 1745 2810 φύσεως

193 2827 258 2902 ἦν
285 2834 658 2904 ἀπολλυμένης
689 2836 716 2886 6
743 2831 954 2903 Φαραώ.
984 2832 1056 2883 Τὸ
1095 2830 1139 2882 δ’
1172 2830 1302 2883 αὐτὸ
1340 2832 1432 2882 πιια)⁸
1477 2833 1604 2901 περὶ
1650 2829 1743 2883 τοῦ

196 2923 338 2993 παρά
368 2923 445 2992 τῷ
476 2922 778 2990 Ἀποστόλῳ
800 2921 1090 2990 λεγομένου
1118 2921 1224 2990 (55)
1250 2920 1463 2973 λεκτέον
1489 2921 1623 2990 πρὸς
1650 2923 1744 2974 αὐ-

193 3009 333 3072 τούς.
369 3013 532 3074 Τίνας
576 3010 680 3081 γὰρ
716 3010 1000 3078 σκληρύνει
1027 3009 1235 3074 ὁΘεός;
1265 3010 1400 3073 Τοὺς
1445 3011 1744 3085 ἀπολλυμέ-

193 3115 311 3162 νους
339 3099 470 3151 ὡσεὶ
500 3099 847 3169 πεισομένους
874 3099 921 3150 εί
957 3088 1028 3167 μή
1080 3097 1470 3168 σκληρυνθεῖεν,
1505 3099 1536 3168 ἢ
1564 3099 1744 3169 δηλον-

194 3191 270 3244 ότι
334 3188 735 3258 σωθησομένους
792 3186 867 3256 τῷ
938 3186 1012 3258 μὴ
1072 3183 1208 3238 εἶναι
1284 3171 1476 3247 amb;
1532 3186 1740 3253 φύσεως

195 3280 584 3350 ἀπολλυμένης.
626 3277 787 3341 Τίνας
815 3277 870 3330 δὲ
909 3277 1001 3329 καὶ
1037 3275 1206 3340 ἐλεεῖ;
1239 3270 1381 3345 τΑρα
1411 3275 1534 3337 τοὺς
1568 3273 1740 3344 σωθη-

198 3371 479 3443 copim“
533 3371 640 3424 Kal.
672 3370 786 3432 πῶς
843 3370 997 3440 χρεία
1049 3367 1198 3420 ἐλέου
1252 3365 1498 3436 δευτέρου
1557 3365 1738 3428 αὐτοῖς

196 3459 334 3526 ἀπαξ
383 3459 865 3513 κατασκευασθεῖσι
919 3457 1326 3528 σωθησομένοις,
1385 3455 1477 3507 καὶ
1525 3454 1759 3517 πάντωςν

193 3547 277 3602 διὰ
314 3550 411 3619 τὴν
441 3551 600 3619 φύσιν
635 3552 919 3622 μακαρίοις
951 3550 1258 3618 ἐσομένοις;
1293 3549 1339 3599 εἰ
1381 3546 1453 3617 μὴ
1486 3547 1590 3616 ἄρα
1616 3545 1737 3598 ἐπεὶ

195 3638 520 3708 ἐπιδέχονται
551 3637 838 3703 ἀπώλειαν,
873 3641 921 3692 εἰ
951 3639 1024 3710 μὴ
1049 3637 1334 3709 ἐλεηθεῖεν,
1354 3634 1642 3698 ἐλεοῦν-ται,
1670 3635 1735 3686 ἶν’

193 3726 328 3799 ὅπερ
355 3728 684 3797 ἐπιδέχονται
729 3730 801 3799 μὴ
827 3728 1027 3781 λάϐωσι
1056 3728 1124 3780 τὸ
1144 3725 1452 3786 ἀπολέσθαι,
1483 3723 1614 3778 ἀλλά
1643 3724 1736 3792 γέ-

197 3831 387 3870 νωνται
417 3817 476 3869 ἐν
511 3813 662 3887 χώρᾳ
699 3813 1052 3886 σωζομένων;
1096 3815 1206 3869 Καὶ
1247 3813 1420 3868 ταῦτα
1447 3813 1550 3897 μὲν
1602 3813 1737 3885 πρὸς

195 3905 444 3970 ἐκείνους.

1853 2118 2014 2173 tlitam
2046 2120 2248 2185 dicunt,
2293 2131 2542 2176 asserunt
2570 2123 2737 2176 fuisse
2776 2123 3131 2180 Pharaonem.
3171 2127 3404 2196 Respon-

1799 2226 1802 2230 ί
1853 2198 2049 2263 debunt
2076 2211 2192 2264 sine
2213 2211 2405 2266 dubio:
2437 2222 2681 2266 terrena}.
2715 2211 2771 2266 Si
2794 2227 2920 2283 ergo
2947 2222 3176 2271 terrena:
3195 2229 3403 2273 naturae

1851 2309 1987 2362 erat,
2035 2302 2254 2354 credere
2297 2301 2405 2356 Deo
2455 2302 2536 2356 vel
2565 2302 2783 2356 obedire
2813 2304 2861 2356 ei
2893 2305 3173 2358 resistente
3206 2315 3398 2359 natura

1851 2391 2066 2445 omnino
2083 2407 2185 2445 non
2210 2380 2400 2460 potuit.
2422 2393 2570 2458 Quod
2595 2395 2637 2448 si
2665 2395 2766 2448 hoc
2790 2387 2837 2448 ei
2868 2404 2985 2448 erat
3011 2411 3106 2464 per
3128 2406 3397 2462 naturam,

1849 2481 1974 2547 quid
1990 2480 2165 2535 adhuc
2185 2497 2318 2550 opus
2335 2493 2450 2536 erat
2473 2484 2707 2537 indurari
2725 2500 2819 2540 cor
2835 2484 3031 2552 ejus,et
3065 2486 3168 2539 hoc
3185 2499 3288 2538 non
3310 2501 3399 2540 se-

1849 2571 2071 2634 mel,sed
2086 2571 2524 2640 frequenterzuisi
2540 2575 2680 2643 quod
2697 2576 2875 2644 utique
2889 2576 3137 2646 possibile
3148 2585 3396 2631 eratcum

1848 2659 2056 2712 suaderi
2073 2661 2215 2715 ?Nec
2232 2664 2419 2716 indura
2431 2664 2470 2717 ri
2493 2666 2559 2718 ab
2578 2663 2682 2720 alio
2700 2666 2990 2730 diceretur,
3004 2667 3103 2721 nisi
3123 2668 3166 2721 is
3184 2653 3316 2737 quia
3338 2680 3399 2722 se

1849 2763 1954 2801 non
1975 2759 2090 2802 erat
2117 2750 2299 2805 durus.
2325 2750 2477 2826 Quod
2499 2753 2542 2805 si
2563 2767 2628 2806 ex
2651 2769 2708 2808 se
2730 2770 2831 2808 non
2858 2765 2974 2809 erat
2995 2756 3182 2820 durus,
3201 2771 3395 2819 conse-

1848 2850 2014 2903 quens
2044 2845 2127 2890 est
2154 2847 2321 2893 utnec
2349 2840 2511 2900 fuerit
2536 2850 2763 2896 terrente
2797 2853 3022 2910 naturae,
3041 2846 3132 2900 sed
3155 2845 3273 2900 talis
3303 2846 3394 2915 qui

1846 2932 2024 2992 posset
2048 2923 2446 3013 obstupefactus
2468 2929 2637 2997 signis
2657 2941 2710 2984 et
2735 2933 3020 2987 virtutibus
3047 2934 3395 2991 cedere.'Ne-

1845 3012 2109 3067 cessarius
2125 3013 2318 3065 etenim
2336 3008 2452 3084 erat
2471 3014 2579 3068 Deo
2599 3014 2707 3084 (34)
2726 3025 2782 3069 ut
2805 3032 2903 3084 pro
2917 3020 3086 3072 salute
3107 3019 3396 3074 multorum

1845 3027 2109 3067 cessartus
2125 3023 2318 3065 etenim
2336 3027 2432 3066 era
2472 3023 2579 3068 Deo
2599 3023 2707 3084 (34)
2726 3025 2782 3069 ut
2805 3032 2903 3084 pro
2917 3023 3086 3072 salute
3107 3023 3396 3074 multorum

1845 3099 1898 3153 in
1926 3087 2040 3166 ipso
2054 3023 2625 3173 ostenderetviitulem
2651 3111 2826 3167 Suam,
2846 3107 2969 3158 dum
2997 3107 3196 3160 resistit
3227 3108 3399 3176 pluri-

1844 3190 1946 3244 mis
1962 3189 2131 3258 signis
2153 3197 2206 3242 et
2225 3188 2528 3243 obluctatur
2550 3190 2806 3243 voluntati
2832 3191 2944 3256 Dei,
2980 3202 3033 3246 et
3063 3208 3157 3261 per
3177 3196 3278 3248 hoc
3301 3211 3396 3249 cor

1842 3279 1958 3344 ejus
1987 3280 2187 3334 dicitur
2213 3279 2471 3334 indurari.
2513 3278 2636 3334 ﬂare
2666 3290 2846 3335 autem
2892 3282 3033 3338 dicta
3063 3296 3189 3338 sunt
3216 3287 3392 3352 primo

1845 3368 2098 3423 adversus
2135 3367 2274 3432 illos,
2303 3382 2396 3436 per
2424 3383 2543 3437 quae
2574 3367 2661 3421 illa
2689 3384 2872 3424 eorum
2903 3370 3192 3425 subruatur
3213 3388 3392 3428 asser-

1846 3455 1919 3508 tio
1943 3469 2048 3523 qua
2079 3466 2267 3523 putant
2309 3459 2626 3512 naturaliter
2654 3461 2915 3528 perditum
2954 3460 3120 3516 fuisse
3153 3461 3389 3518 Pharao-

1843 3558 1985 3596 nem.
2036 3545 2139 3596 Sed
2185 3555 2238 3598 et
2287 3546 2352 3601 de
2399 3548 2482 3602 his
2511 3564 2631 3618 quae
2664 3550 2730 3602 ab
2766 3551 3007 3620 apostolo
3051 3550 3215 3607 Paulo
3243 3553 3386 3608 dicta

1842 3641 1983 3697 sunt,
2015 3633 2259 3688 similiter
2285 3637 2541 3692 adversus
2568 3654 2660 3694 eos
2687 3654 2927 3710 agamus.
2958 3640 3103 3707 Quos
3124 3643 3266 3696 enim
3301 3643 3387 3697 iu-

1841 3723 2160 3778 duratDeus
2189 3723 2485 3782 seCundum
2528 3731 2835 3799 Opinionem
2864 3734 3133 3787 vestram?
3185 3732 3385 3803 Nempe

1840 3827 1944 3870 eos,
1963 3829 2097 3882 quos
2136 3825 2339 3870 naturae
2376 3819 2599 3885 perditae
2637 3820 2834 3886 dicitis,
2870 3823 2998 3890 quid
3039 3823 3178 3876 aliud
3220 3825 3384 3879 credo

1839 3903 2074 3959 facturos
2104 3905 2148 3960 si
2179 3921 2282 3961 non
2324 3904 2554 3962 fuissent
2587 3909 2845 3966 indurati.
2879 3913 2935 3967 Si
2982 3926 3109 3970 vero
3135 3929 3202 3970 ex
3227 3914 3383 3970 indu-

1391 4073 1941 4167 INTERPRETATIO
1968 4071 2173 4168 Nova.

199 4270 470 4350 Ezechiele
499 4271 698 4327 dicitur
727 4281 745 4323 :
780 4287 798 4321 ι
820 4268 1075 4350 Διιρξενιιηι
1104 4285 1288 4326 eorum
1313 4265 1515 4343 lapidea
1531 4272 1722 4350 corda,
1744 4279 1797 4327 et
1821 4271 2102 4350 immittam
2127 4273 2204 4326 eis
2232 4286 2424 4350 carnea
2451 4284 2508 4350 ut
2537 4275 3060 4350 inpreceptismeis
3089 4277 3377 4350 incedant,

195 4351 246 4394 et
273 4341 515 4408 justitias
557 4354 704 4394 meas
729 4339 1072 4406 custodiant;
1107 4360 1124 4392 ι
1162 4339 1377 4394 movere
1401 4342 1572 4408 possit
1599 4342 1830 4410 aliquem
1860 4341 2010 4410 quasi
2046 4341 2182 4394 Deus
2212 4343 2410 4410 detvel
2457 4339 2708 4398 incedere
2740 4339 2945 4398 in"suis
2978 4348 3244 4401 mandatis
3289 4339 3376 4406 vei

196 4421 315 4463 suas
336 4410 750 4484 iustiﬁcationes
771 4410 1062 4484 custodire,
1092 4411 1214 4462 dum
1241 4410 1290 4461 id
1318 4411 1457 4484 quod
1480 4410 1660 4484 obstat
1689 4409 2141 4484 ad_c_ust_odienda
2169 4409 2412 4484 mandata
2444 4426 2541 4466 cor
2568 4412 2830 4481 lapideum
2857 4414 3052 4478 aufert,
3084 4424 3137 4484 et
3163 4417 3372 4484 melius,

201 4477 385 4554 nempe
417 4493 697 4541 carneum,
738 4477 945 4554 inserit.
967 4477 1251 4554 Yideamus
1281 4477 1447 4554 etiam
1483 4478 1609 4554 illud
1641 4479 1782 4546 quod
1815 4479 1864 4552 in
1896 4477 2179 4554 Evangelia
2211 4479 2456 4554 Salvator
2487 4477 2760 4550 respondit
2784 4484 2856 4554 ad
2895 4498 2987 4537 eos
3020 4477 3110 4550 qui
3147 4485 3215 4537 ab
3256 4477 3374 4554 ipso

158 4593 162 4600 _
196 4544 525 4616 quterebant,
558 4559 722 4618 quare
764 4548 835 4618 ad
883 4546 1069 4600 turbas
1125 4549 1175 4618 i_n
1211 4547 1480 4613 parabolis
1531 4544 1858 4612 loqueretur.
1908 4563 1942 4618 VI
1971 4544 2589 4618 Ut'videutes,iinquit,'
2608 4566 2711 4604 non
2745 4553 2985 4615 videant,
3016 4544 3070 4603 et
3094 4544 3375 4610 audientes

195 4614 405 4686 audiant
433 4626 490 4670 et
517 4631 620 4670 non
652 4614 947 4686 intelligant
968 4654 984 4677 ,
1012 4630 1078 4668 ne
1119 4615 1258 4669 forte
1288 4625 1674 4686 convertantur
1704 4626 1759 4686 et
1784 4617 2090 4686 remittatur
2127 4618 2224 4686 eis.
2257 4635 2275 4666 ι
2319 4614 2448 4670 Illud
2482 4620 2699 4686 insuper
2727 4637 2755 4672 a
2784 4620 2945 4674 Paulo
2973 4614 3189 4674 dictum
3237 4631 3320 4676 est
3351 4635 3370 4676 :

199 4701 215 4733 ι
243 4684 353 4739 Non
386 4695 471 4740 est
504 4683 734 4756 volentis
768 4698 938 4756 neque
973 4686 1276 4748 currentis,
1325 4686 1412 4738 .ed
1447 4685 1752 4756 misereutis
1783 4684 1942 4756 Dei.)
2000 4684 2068 4756 Et
2101 4683 2224 4736 alibi
2256 4702 2270 4739 :
2309 4704 2327 4756 ι
2356 4686 2417 4756 Et
2452 4683 2667 4756 vellc'et
2712 4691 2968 4756 perlicere
3006 4704 3070 4742 ex
3117 4687 3223 4741 Deo
3264 4699 3367 4747 est.

197 4752 328 4823 Ergo
359 4755 512 4826 cujus
543 4752 655 4826 vult
687 4751 1135 4826 lietts_ntjsere_tttr
1166 4764 1220 4807 et
1245 4753 1546 4826 quemvult
1579 4753 1813 4804 indurat.
1854 4751 2006 4803 Dices
2036 4753 2212 4820 itaque
2236 4755 2419 4826 mihi;
2435 4755 2576 4820 Quid
2610 4751 2780 4810 adhuc
2804 4759 3077 4826 queritur;
3107 4757 3368 4812 voluntati

193 4818 326 4893 enim
359 4818 478 4892 ejus
511 4822 632 4893 quis
678 4818 920 4893 resistit?
945 4837 969 4893 ξ
995 4889 1004 4893 Α
1036 4822 1100 4893 Et
1147 4840 1161 4876 :

1211 4841 1233 4896 ε
1259 4822 1587 4896 0bedientia_
1609 4835 1673 4873 ex
1704 4829 1983 4896 _voca’ute‘,
2042 4835 2146 4896 non
2169 4835 2248 4896 ex
2297 4822 2452 4896 nobis
2501 4835 2602 4896 est.
2660 4827 2711 4896 70
2745 4822 2923 4887 hoino,
2953 4826 3166 4896 tu_quis
3191 4841 3249 4879 es
3276 4828 3368 4890 qui
3467 4894 3476 4896 ν

194 4886 702 4960 respondeas—Deo?
759 4887 1007 4960 Nunquid
1033 4891 1163 4944 dicit
1207 4891 1514 4960 [iginentum
1542 4889 1589 4960 ei
1623 4887 1727 4960 qui
1750 4901 1807 4939 se
1843 4886 2045 4960 finxit:
2082 4889 2218 4954 Quid
2246 4907 2327 4945 me
2355 4891 2528 4947 fecisti
2561 4895 2676 4949 sic?
2725 4886 2915 4947 Annon
2948 4886 3104 4946 habet
3135 4886 3370 4959 potesta-

197 4955 294 5034 tem
323 4959 519 5027 ﬁgulus
560 4957 654 5010 luti
690 4972 755 5011 ex
783 4957 967 5034 eadem
1022 4975 1193 5013 massa
1226 4955 1402 5012 facere
1431 4957 1570 5010 aliud
1604 4955 1816 5034 quidem
1861 4967 1952 5008 vas
1996 4957 2049 5034 in
2098 4961 2353 5034 honorem
2376 5004 2402 5034 ,_
2430 4963 2573 5034 aliud
2610 4979 2745 5034 vero»
2781 4962 2849 5034 _iu
2897 4955 3309 5034 contumeliam?
3337 4983 3358 5016 ο

194 5023 308 5102 Hatc
330 5023 472 5078 enim
507 5041 608 5102 per
629 5040 687 5079 se
727 5025 922 5080 ttieltos
954 5031 1271 5099 perturbare
1297 5037 1553 5096 possunt,
1602 5023 1755 5091 quasi
1798 5038 1902 5076 non
1955 5027 2039 5079 sui
2094 5030 2165 5081 sit
2199 5023 2406 5084 arbitrii
2441 5032 2622 5097 homo,
2657 5032 2748 5086 sed
2776 5031 2913 5082 Deus
2940 5043 3073 5096 quos
3112 5032 3362 5102 voluerit,

191 5095 348 5148 salvet
383 5103 437 5147 et
481 5095 685 5161 perdat.

257 5163 308 5218 8.
337 5159 664 5236 Incipiamus
695 5163 855 5236 igitur
885 5162 1058 5236 ab;__iis
1084 5177 1202 5233 quat
1226 5165 1288 5216 de
1317 5162 1594 5236 Pharaone
1612 5159 1751 5236 dicta
1777 5168 2182 5236 sunt_,tauquam
2211 5181 2238 5220 a
2271 5167 2376 5222 Deo
2401 5168 2738 5227 indurato,ne
2761 5165 3052 5220 dimitteret
3076 5167 3359 5236 populum;

190 5247 300 5303 caui
339 5228 467 5301 quo'
496 5243 550 5286 et
598 5228 736 5303 illud
758 5228 994 5300 Apostoli
1034 5228 1135 5286 una
1184 5233 1498 5303 tractabitur
1530 5245 1542 5279 :
1578 5247 1596 5278 ι
1645 5228 1781 5303 Ergo
1826 5233 1977 5300 cujus
2010 5228 2121 5287 νῙιΙι
2154 5239 2470 5298 miseretur,
2503 5246 2554 5289 et
2587 5250 2744 5303 quem
2769 5236 2876 5286 vult
2919 5228 3159 5289 indurat:
3193 5256 3212 5288 ι
3267 5228 3362 5294 His

190 5301 318 5354 enim
350 5299 652 5356 abutuntur
678 5299 1051 5354 haereticorum
1089 5299 1447 5364 uonnulli,qu-i
1480 5300 1857 5365 propemodum
1899 5303 2122 5356 liberum
2159 5307 2435 5357 arbitrium
2471 5299 2673 5365 tollunt,
2709 5318 2826 5356 cum
2854 5315 3070 5360 naturas
3102 5307 3361 5362 inducunt
3391 5345 3394 5347 λ

191 5368 411 5437 perditas
436 5384 562 5440 quae
586 5369 783 5423 salvari
810 5383 914 5422 non
942 5369 1166 5436 possint,
1207 5377 1258 5420 et
1285 5368 1418 5420 alias
1454 5381 1574 5435 qua:
1614 5365 1886 5422 salvantur
1913 5385 2132 5440 qumque
2167 5377 2342 5441 perire
2383 5374 2525 5425 nullo
2565 5374 2720 5426 modo
2769 5376 2926 5442 possit
2956 5383 2964 5397 '
2993 5391 3007 5439 ;

251 5486 293 5517 “
317 5485 470 5541 Rom.
507 5501 584 5548 Ix,
616 5486 698 5538 i8.

252 5579 354 5649 ('52)
379 5579 470 5633 Sic
494 5584 626 5631 is.
656 5576 811 5649 Liblt.
837 5575 986 5649 editi,
1026 5593 1046 5625 ‹
1072 5591 1204 5649 quin
1239 5576 1704 5649 ma1a__factaiest,

189 5644 314 5704 bona
338 5644 489 5711 ﬁeri,
511 5653 605 5700 aut
623 5659 744 5714 quae
781 5645 917 5700 bona
949 5644 1129 5708 fuerit,
1167 5647 1301 5699 mala
1324 5645 1481 5701 eﬂici.
1518 5666 1537 5698 ι
1565 5648 1704 5701 Infra

192 5731 330 5781 mss.,
355 5737 373 5770 ι
409 5718 540 5785 quid
570 5716 742 5785 adhuc
763 5727 894 5782 opus
920 5722 1036 5767 erat
1067 5717 1324 5778 indurari,
1363 5733 1381 5766 υ
1417 5724 1520 5768 etc.
1545 5716 1704 5771 Libb.

191 5787 324 5855 editi,
353 5805 370 5838 ι
400 5784 526 5855 quid
574 5784 642 5837 ad
684 5784 785 5855 hoc
811 5797 944 5850 opus
989 5785 1038 5836 ei
1082 5795 1201 5838 erat
1243 5785 1498 5855 indurati,
1542 5803 1562 5855 η
1598 5795 1701 5855 etc.

194 5851 372 5911 ibidem
406 5851 566 5918 mss.,
599 5869 618 5904 ι
662 5851 754 5922 qui
793 5866 822 5904 a
866 5864 924 5904 se
965 5865 1068 5922 non
1117 5861 1232 5906 erat
1255 5854 1440 5908 durus.
1485 5871 1503 5905 ι
1549 5854 1700 5909 Libb.

191 5922 322 5992 editi,
359 5943 378 5976 ι
423 5925 518 5996 qui
551 5918 818 5979 ante'non
844 5929 961 5974 erat
983 5918 1169 5978 durus.
1196 5940 1220 5991 _)

3053 5385 3108 5429 et
3136 5377 3358 5446 perdita:

1890 5571 2368 5643 (33)Λετυμένου.
2414 5549 2573 5632 beest
2603 5581 2654 5632 in
2697 5590 2854 5632 antea
2893 5596 2938 5634 eu
2987 5581 3064 5639 .is.
3110 5583 3202 5636 sed
3253 5582 3356 5637 ha-

1808 5650 1964 5770 ἓρὲιιτ
1983 5645 2043 5726 in
2069 5648 2196 5698 mss.
2227 5645 2392 5700 Paulo
2415 5657 2533 5715 post
2561 5665 2713 5712 mss.,
2737 5649 2931 5720 δηλονά
2980 5691 2990 5702 .
3021 5651 3173 5705 Lbb.
3199 5653 3354 5719 editi,

1837 5735 1869 5770 η
1903 5729 1959 5767 ον
1980 5727 2079 5764 οτι.

1837 5727 1959 5786 mou
1974 5727 2079 5786 οτι.

1878 5782 1987 5853 (54)
2027 5779 2130 5853 Ital
2157 5786 2290 5835 ’mss.
2348 5783 2502 5838 Libb.
2562 5787 2712 5845 editi.
2746 5805 2764 5837 ι
2808 5807 2852 5842 ιιι
2881 5789 3094 5842 ccsrarii
3124 5805 3170 5841 m
3232 5794 3352 5844 erat

1809 5851 1952 5924 Deo;
1998 5866 2016 5898 ι
2043 5851 2257 5924 _ib_idern
2284 5869 2449 5924 mss.,
2491 5874 2510 5905 ‹
2554 5856 2675 5908 dum
2740 5860 2854 5911 resi.
2881 5861 2939 5911 tit
2996 5858 3232 5924 _lilll‘mi8
3272 5859 3351 5913 si-

1808 5922 1947 6006 gnis.
1988 5936 2005 5970 ι
2043 5919 2194 5977 Libb.
2234 5922 2386 5992 editi,
2426 5941 2445 5976 ι
2480 5925 2606 5981 dum
2641 5927 2839 5982 resistit
2867 5919 3174 5997 plurimum.
3216 5943 3240 5979 ι
