4136 6310
734 517 838 572 261
1911 529 2227 587 ORIGENIS
2266 534 2274 585 l

2367 535 2421 587 PI
2462 535 2695 592 ΛΡΧΩΝ
3842 548 3948 604 268

732 651 837 705 que
871 636 1163 695 cultoribus
1208 655 1326 695 eum
1375 641 1745 700 benedictione
1786 647 1941 702 utiles
1982 648 2189 704 fructus
2228 651 2507 718 proferat;
2558 668 2621 707 ea
2664 667 2792 709 vero
2824 669 2942 724 qua:
2976 654 3236 712 cultore...
3276 658 3478 714 desidia
3511 658 3794 723 ohduruit,
3833 662 3947 727 spt-

739 743 837 784 nas
867 744 927 782 ac
948 730 1177 786 tribulos
1208 733 1487 803 germinet.
1520 735 1608 790 Sic
1632 753 1763 807 ergo
1798 740 2124 809 accipiamus
2147 742 2287 810 qttod
2320 757 2380 813 ea
2409 744 2559 813 signa
2586 754 2639 799 et
2673 746 2903 801 virtutes
2935 763 3053 816 qua:
3088 764 3117 803 a
3148 751 3255 804 Deo
3287 751 3518 817 ﬂebant,
3556 751 3751 805 imbres
3782 748 3947 819 118

735 820 948 887 quidem
983 830 1135 875 erant
1174 838 1203 876 a
1244 823 1351 877 Deo
1391 826 1620 895 desuper
1659 828 1980 894 tuinistrati,
2027 832 2358 899 propositum
2407 848 2534 888 vero
2574 835 2849 891 hominum
2886 848 2939 893 et
2980 839 3282 896 voluntates
3321 852 3462 897 terra
3503 842 3813 912 accipienda
3850 856 3943 902 est

736 913 876 967 culta
908 913 991 969 vel
1022 914 1260 981 inculta,
1290 918 1449 972 unius
1502 920 1717 988 quidem
1774 932 1976 977 natura:
2032 933 2217 993 utpote
2275 927 2451 989 omnis
2488 937 2630 981 terra
2659 944 2780 982 cunt
2818 939 2961 984 terra
2987 974 3002 998 ,
3042 946 3147 986 non
3185 944 3358 987 tamen
3391 935 3553 987 unius
3580 931 3937 1001 ejusdemque

732 1006 975 1060 culturae.
1022 1006 1098 1060 Ex
1131 1022 1237 1075 quo
1274 1008 1351 1062 fit-
1374 1019 1431 1063 ut
1467 1012 1881 1082 uniuscujusque
1910 1018 2241 1085 propositum
2276 1016 2359 1072 vel
2390 1019 2677 1074 induretur
2706 1021 2997 1076 virtutibus
3034 1035 3089 1077 et
3130 1025 3468 1079 mimbilibus
3505 1024 3637 1088 Dei,
3679 1022 3725 1076 si
3763 1022 3931 1077 incul-

695 1106 701 1111 '
736 1107 846 1149 tum
890 1106 943 1151 et
982 1095 1153 1153 ferum
1199 1114 1285 1154 εει
1330 1110 1384 1155 et
1424 1101 1750 1167 barbarum,
1802 1118 1855 1160 et
1886 1109 2176 1178 semetipso
2227 1112 2471 1182 asperius
2511 1126 2575 1166 ac
2613 1113 2887 1181 spiuosius
2926 1114 3063 1176 ﬁat;
3102 1125 3200 1170 attt
3239 1116 3487 1172 mitescat
3523 1116 3638 1187 (42)
3673 1114 3941 1185 amplius,

733 1205 797 1243 ac
835 1199 941 1246 tota
981 1203 1159 1247 mente
1186 1207 1244 1247 se
1275 1193 1327 1248 in
1358 1194 1719 1252 obedientiam
1757 1202 1972 1266 tradat,
2004 1204 2048 1257 si
2080 1215 2363 1273 purgatum
2396 1220 2425 1257 a
2460 1204 2606 1258 vitiis
2640 1205 2807 1259 fuerit
2838 1218 2891 1260 et
2923 1206 3217 1264 excultum.
3532 1274 3536 1279 _

803 1283 890 1337 ll.
928 1283 1124 1337 Verum
1156 1285 1221 1337 ad
1257 1286 1645 1343 evidentiorem
1681 1291 1753 1344 rei
1781 1294 2153 1359 probationem
2186 1311 2274 1349 su-

2369 1286 2376 1295 ’
2451 1295 2656 1365 ’Ὠσπερ
2682 1296 2738 1348 δὲ
2766 1297 2857 1348 καὶ
2881 1298 2929 1349 εί
2956 1296 2983 1348 ὁ
3016 1297 3165 1366 ήλιος
3197 1297 3368 1365 ἔλεγε,
3395 1298 3575 1368 φωνὴν
3598 1296 3937 1367 προιέμενος.

629 1356 637 1367 ’
728 1372 991 1438 perﬂuum
1019 1388 1122 1427 non
1152 1373 1255 1429 erit
1285 1374 1359 1429 uti
1390 1377 1546 1431 etiam
1577 1379 1683 1433 alia
1710 1356 2092 1439 similitudine:
2125 1383 2274 1437 verbi

730 1462 904 1529 gratia
931 1501 945 1526 ,
980 1461 1024 1515 si
1055 1464 1179 1529 quis
1211 1464 1415 1519 diceret
1446 1467 1571 1535 quia
1604 1468 1683 1522 sol
1719 1480 1803 1523 est
1832 1471 1920 1538 qui
1952 1471 2230 1540 restringit
2257 1511 2271 1535 ,

725 1562 779 1605 et
810 1552 902 1621 qui
939 1554 1198 1619 resolvit,
1234 1571 1354 1610 cum
1387 1559 1719 1629 contrarium
1753 1559 1822 1614 sit
1850 1571 1902 1615 et
1935 1563 2193 1617 resolutio
2220 1574 2276 1619 et

727 1646 1078 1712 constrictio;
1108 1649 1204 1702 sed
1238 1663 1342 1703 non
1371 1650 1474 1703 erit
1504 1650 1695 1705 falsum
1725 1655 1867 1720 quod
1900 1654 2119 1719 dicitur,
2147 1656 2271 1711 dum

729 1752 836 1793 una
862 1742 1157 1807 eademque
1184 1740 1379 1794 caloris
1408 1742 1490 1796 sui
1515 1743 1717 1797 virtute
1742 1743 1820 1797 sol
1850 1746 2064 1813 quidem
2092 1759 2270 1800 ceram

725 1826 918 1891 solvit,
950 1827 1137 1883 limum
1178 1843 1309 1883 vero
1345 1831 1574 1887 arefaeit
1610 1842 1667 1887 et
1703 1835 1956 1902 stringit;
1993 1837 2272 1905 non~quod

723 1917 895 1973 virtus
923 1919 1042 1987 ejus
1069 1918 1232 1975 aliter
1266 1918 1318 1973 in
1348 1920 1475 1975 limo
1495 1960 1512 1987 ,
1543 1921 1701 1977 aliter
1730 1934 1987 1992 operetur
2019 1926 2072 1979 in
2100 1941 2224 1981 cera
2253 1967 2268 1990 ,

723 2010 817 2063 sed
851 2010 994 2077 quod
1027 2009 1138 2064 limi
1168 2012 1269 2065 alia
1292 2050 1309 2075 ,
1336 2013 1438 2067 alia
1466 2028 1604 2068 certe
1633 2015 1702 2068 sit
1729 2016 1990 2084 qualitas,
2021 2033 2142 2072 eum
2169 2021 2269 2073 uti-

724 2114 831 2168 que
859 2102 1151 2153 secundum
1184 2112 1433 2156 naturam
1466 2118 1632 2156 unum
1661 2104 1765 2171 sit,
1808 2107 1934 2174 quia
1982 2116 2271 2175 utrumque

723 2193 789 2246 de
829 2201 967 2247 terra
1005 2207 1106 2249 esu
1143 2194 1217 2248 lta
1246 2210 1378 2263 ergo
1410 2211 1516 2250 una
1548 2196 1848 2266 eademque
1879 2200 2123 2269 operatio
2174 2200 2269 2256 Dei

725 2298 847 2351 qum
874 2297 968 2354 per
998 2283 1237 2355 Moysem
1268 2285 1320 2340 in
1348 2287 1515 2357 signis
1544 2303 1607 2343 ac
1632 2288 1922 2343 virtutibus
1950 2289 2259 2355 gerebatur,

723 2376 1019 2431 Pharaonis
1057 2376 1277 2445 quidem
1318 2378 1570 2434 duritiam
1613 2380 1911 2450 arguebat,
1951 2395 2113 2448 quam
2154 2397 2267 2435 ma-

722 2464 851 2518 litia:
883 2480 992 2520 suae
1022 2467 1325 2521 intentione
1355 2479 1679 2537 conceperat
1706 2485 1721 2533 ;
1764 2457 2102 2537 reliquorum
2133 2485 2264 2523 vero

718 2557 1099 2627 [Egyptiornm
1129 2558 1220 2626 qui
1250 2556 1508 2614 lsraelitis
1530 2550 1981 2626 admiscehantur,
2012 2562 2267 2616 obedieuo

2377 1384 2456 1436 ὅτι
2483 1383 2589 1452 ἐγὼ
2628 1385 2778 1454 τήκω
2811 1386 2904 1436 καὶ
2938 1384 3192 1454 ξηραίνω,
3234 1384 3486 1437 ἐναντίων
3511 1385 3675 1436 ὄντων
3709 1382 3801 1435 τοῦ
3835 1383 3936 1452 τή-

2378 1474 2565 1528 κεσθαι
2618 1474 2710 1527 καὶ
2754 1474 2845 1527 τοῦ
2897 1473 3261 1544 ξηραίνεσθαι,
3304 1476 3403 1527 οὐκ
3447 1473 3513 1526 ἂν
3551 1472 3742 1542 ψεῦδος
3780 1471 3936 1539 ἔλεγε

2377 1562 2527 1633 παρὰ
2560 1563 2619 1615 τὸ
2652 1562 3022 1633 ὑποκείμενον,
3056 1563 3161 1616 ἀπὸ
3190 1561 3289 1631 τῆς
3326 1563 3452 1632 μιᾶς
3484 1560 3809 1631 θερμότητος
3835 1576 3938 1628 τη-

2376 1652 2602 1721 κομὲνου
2635 1653 2730 1722 μὲν
2762 1652 2853 1705 τοῦ
2894 1652 3084 1723 κηροῦ,
3115 1652 3496 1723 ξηραινομένου
3607 1650 3699 1704 τοῦ
3737 1648 3931 1719 πηλοῦ

2373 1741 2542 1806 οὕτως
2592 1745 2625 1813 ὴ
2684 1743 2780 1811 μία
2840 1744 3086 1812 ἐνέργεια
3157 1746 3191 1813 ἡ
3235 1743 3320 1795 διὰ
3366 1742 3604 1805 Μωσέως
3650 1742 3929 1811 γινομένη,

2374 1833 2716 1906 σκληρυσμδν
2745 1834 2841 1904 μὲν
2884 1835 3077 1903 ἤλεγχε
3117 1835 3205 1887 τὸν
3232 1833 3325 1887 τοῦ
3350 1833 3564 1903 Φαραὼ,
3590 1832 3675 1886 διὰ
3698 1832 3795 1903 τὴν
3828 1848 3930 1886 κα-

2376 1924 2498 1978 κίαν
2527 1924 2709 1979 αὐτοῦ·
2748 1924 2917 1977 πειθὼ
2948 1924 3005 1977 δὲ
3039 1926 3135 1995 τὴν
3156 1926 3262 1979 τῶν
3292 1924 3591 1995 ὲπιμίκτων
3618 1923 3931 1991 Αἰγυπτίων

2374 2012 2884 2086 συνεξορμήσαντων
2899 2016 3008 2076 τοῖς
3022 2013 3306 2085 Ἑϐραίοις.
3330 2014 3439 2067 Καὶ
3456 2012 3514 2064 τὸ
3530 2012 3665 2065 κατὰ
3681 2012 3740 2064 τὸ
3756 1998 3929 2082 βραχὺ

2368 2106 2424 2158 δὲ
2484 2104 3098 2176 ἀναγεγριὶιφθαίοἱονεί¹
3152 2106 3515 2177 μαλάσσεσθαι
3565 2106 3662 2176 τὴν
3702 2104 3928 2174 καρδίαν

2368 2194 2584 2265 Φαραὼ,
2606 2196 2867 2263 λέγοντος
2895 2216 2911 2248 ι
2946 2196 3080 2248 Ἀλλ’
3105 2197 3163 2252 οὺ
3184 2195 3395 2266 μακρὰν
3415 2195 3740 2247 ἀποτενείτε’
3760 2192 3928 2262 τριῶν

2368 2287 2476 2359 γὰρ
2504 2287 2721 2358 ἡμερῶν
2751 2281 3101 2360 πορεύσεσθε,
3124 2288 3216 2340 καὶ
3242 2287 3338 2349 τὰς
3360 2287 3620 2353 γυναῖκας
3651 2281 3805 2353 ὑμῶν
3827 2299 3930 2335 κα-

2365 2379 2664 2432 ταλείπετε·
2707 2399 2725 2431 ι
2755 2381 2849 2432 καὶ
2877 2382 2977 2433 ὅσα
3005 2379 3135 2432 ἄλλα
3167 2377 3307 2431 κατὰ
3338 2376 3508 2447 βραχὺ
3529 2374 3759 2437 ἐνδιδοὺς
3790 2373 3929 2441 πρὸς

2368 2471 2431 2523 τὰ
2466 2472 2718 2540 τεράστια
2750 2472 2918 2539 ἔλεγε,
2954 2470 3103 2539 δηλοί
3132 2470 3212 2522 ὅτι
3246 2469 3463 2539 ἐνήργει
3493 2465 3591 2536 μέν
3624 2482 3676 2517 τι
3708 2466 3799 2516 καὶ
3844 2466 3926 2523 εἰς

2366 2560 2523 2612 αὐτὸν
2554 2560 2620 2612 τὰ
2650 2563 2873 2630 σημεῖα,
2904 2560 2961 2611 οὐ
2996 2557 3100 2629 μὴν
3148 2557 3209 2609 τὸ
3238 2558 3342 2609 πᾶν
3377 2554 3780 2625 κατειργάζετο.
3811 2553 3927 2603 Οὐκ

720 2649 847 2714 tiam
890 2647 1235 2712 declarabat»,
1286 2649 1377 2717 qui
1421 2649 1581 2703 etiam
1625 2664 1746 2704 cum
1794 2650 2034 2705 Hebraeis
2065 2653 2265 2720 pariter

2367 2650 2427 2703 ἂν
2459 2651 2515 2702 δὲ
2548 2651 2667 2704 οὐδὲ
2715 2650 2883 2703 ταῦτα
2934 2649 3159 2717 ἐγίνετο,
3194 2650 3242 2700 εἰ
3293 2646 3352 2699 τὸ
3378 2646 3657 2716 νοούμενον
3686 2642 3788 2695 ὑπὸ
3816 2642 3925 2693 τῶν

718 2737 1020 2790 excessisse
1046 2734 1277 2808 Egypto
1307 2738 1634 2792 referuntur.
1669 2738 1817 2805 Quod
1852 2755 1979 2794 vero
2007 2742 2261 2807 scriptum

717 2835 799 2880 est
824 2828 948 2896 quia
969 2828 1222 2895 paulatim
1243 2826 1587 2883 edotnaretur
1612 2844 1706 2885 cor
1735 2829 2031 2885 Pharaonis
2050 2830 2180 2901 (45),
2207 2842 2263 2884 ttt

718 2919 1005 2985 aliquando
1051 2919 1291 2973 diceret:
1322 2936 1341 2968 ι
1369 2917 1482 2993 Non
1528 2919 1687 2989 longe
1740 2920 1976 2986 abeatis,
2011 2921 2111 2975 iter
2161 2922 2261 2975 tri-

717 3008 807 3063 dui
838 3008 1059 3063 abibitis
1083 3046 1101 3073 ,
1132 3010 1223 3062 sed
1257 3024 1453 3063 uxores
1493 3017 1704 3064 vestras
1742 3010 2030 3080 relinquite
2072 3022 2127 3066 et
2176 3013 2260 3067 itt-

721 3101 899 3154 l‘nutes
925 3110 1137 3155 vestros
1162 3110 1217 3155 et
1249 3114 1443 3170 pecora
1470 3111 1648 3155 vestra
1671 3118 1685 3167 ;
1721 3119 1740 3152 ι
1766 3102 1857 3156 sed
1878 3110 1934 3157 et
1959 3103 2000 3157 si
2031 3118 2134 3171 qua
2157 3104 2286 3171 alia

716 3194 915 3261 scripta
934 3201 1051 3245 sun:
1074 3207 1169 3261 per
1188 3207 1306 3263 quae
1324 3191 1579 3261 paulatim
1598 3190 1810 3245 videtur
1830 3193 2173 3261 acquiescere
2190 3195 2263 3248 si-

716 3284 835 3351 gnis
860 3293 911 3336 et
948 3283 1252 3342 virtutibus.
1281 3282 1406 3351 quid
1432 3281 1573 3336 aliud
1622 3297 1686 3336 ex
1726 3281 1809 3335 bis
1846 3283 2129 3346 indicatur,
2156 3285 2259 3339 nisi

716 3375 856 3441 quod
878 3375 1069 3441 agebat
1096 3373 1309 3442 quidem
1333 3374 1387 3427 in
1406 3387 1469 3427 eo
1488 3372 1691 3441 aliquid
1716 3362 1991 3441 signorum
2013 3384 2069 3428 et
2092 3375 2258 3428 mira-

716 3461 901 3516 bilium
948 3462 1137 3526 virtus,
1166 3476 1272 3515 non
1303 3469 1485 3515 tamen
1525 3470 1781 3530 quantum
1816 3462 1971 3515 debet
2005 3464 2259 3529 operaba-

719 3553 841 3606 tur?
879 3551 935 3606 Si
964 3552 1103 3607 enim
1138 3550 1260 3605 talis
1307 3560 1427 3605 erat
1468 3551 1744 3604 induratio
1791 3550 2003 3619 qualem
2041 3552 2257 3619 plurimi

717 3652 940 3713 putant,
986 3658 1087 3697 non
1124 3644 1307 3713 utique
1342 3641 1673 3696 inveniretur
1712 3642 1796 3697 vel
1846 3642 1899 3695 in
1947 3643 2130 3709 paucis
2163 3658 2256 3698 ac-

716 3734 1017 3804 quiescere.
1045 3734 1280 3801 Tropmn
1313 3747 1443 3787 vero
1470 3732 1552 3787 vel
1585 3733 1810 3803 ﬁguram
1841 3733 2111 3787 sermonis
2140 3731 2260 3801 ejus

716 3829 805 3894 qui
842 3828 1077 3895 scriptus
1106 3835 1187 3879 est
1215 3826 1279 3879 de
1302 3824 1647 3879 induratione
1670 3863 1683 3889 ,
1712 3824 1874 3878 etiam
1899 3840 1965 3878 ex
1989 3825 2256 3878 communi

724 3918 1111 3971 consuetudine
1144 3930 1413 3985 exponere
1440 3925 1567 3984 puto
1592 3916 1731 3992 quod
1763 3929 1867 3969 non
1895 3914 2145 3969 videatur
2171 3915 2259 3970 ab-

716 4007 955 4061 surdum.
1006 4007 1341 4076 Frequenter
1367 4006 1507 4060 enim
1538 4006 1876 4074 benigniores
1922 4005 2117 4074 quique
2164 4007 2258 4060 do-

654 4100 657 4105 ’
720 4098 846 4151 ntini
877 4098 944 4151 ad
974 4112 1069 4151 eos
1096 4112 1282 4151 servos
1309 4098 1399 4166 qui
1438 4112 1535 4165 per
1578 4098 1795 4161 multam
1843 4098 2160 4164 patientiam
2206 4110 2260 4151 et

718 4186 1185 4239 mansuetudinem
1238 4186 1575 4240 dominorum
1626 4186 2007 4251 insolentiores
2058 4187 2259 4251 improo

2366 2742 2591 2802 πολλῶν,
2627 2762 2643 2791 ι
2687 2739 2967 2811 σκληρυνῶ
2996 2738 3090 2809 τὴν
3119 2736 3342 2807 καρδίαν
3362 2733 3621 2805 Φαραὼ,ἰ
3648 2734 3737 2785 ὑπ’
3759 2729 3925 2785 αὐτοῦ

2364 2835 2642 2905 ἐνηργεῖτο
2695 2832 2785 2884 τοῦ
2809 2832 2940 2884 Θεοῦ
2969 2829 3225 2900 δηλονότι.
3254 2829 3367 2879 Οὐκ
3394 2828 3587 2881 ἄτοπον
3615 2824 3670 2877 δὲ
3698 2824 3790 2876 καὶ
3816 2821 3926 2875 ἀπὸ

2365 2922 2641 2992 συνηθείας
2662 2922 2726 2974 τὰ
2754 2920 2975 2973 τοιαῦτα
3006 2916 3520 2990 παραμυθήσασθαι,
3546 2914 3799 2977 πολλάκις
3814 2912 3925 2965 τῶν

2363 3012 2608 3083 χρηστῶν
2641 3011 2909 3064 δεσποτῶν
2944 3011 3254 3081 φασκόντων
3296 3010 3407 3071 τοῖς
3438 3006 3523 3060 διὰ
3554 3006 3649 3076 τὴν
3693 3005 3923 3075 χρηστό-

2361 3120 2497 3173 τητα
2523 3103 2613 3155 καὶ
2630 3101 2725 3172 τὴν
2745 3100 3111 3173 μακροθυμίαν
3128 3097 3557 3169 ἐπιτριϐομένοις
3582 3094 3815 3157 οἰκέταις
3837 3092 3921 3145 τόσ

2376 3191 2511 3258 Ἐγώ
2541 3208 2599 3243 σε
2637 3191 2864 3260 πονηρὸν
2897 3190 3145 3259 ἐποίησα,
3164 3190 3257 3239 καὶ
3290 3187 3399 3255 ἐγώ
3429 3203 3508 3239 σοι
3537 3184 3704 3245 αἴτιος
3722 3183 3924 3255 γέγονα

2362 3280 2464 3332 τῶν
2495 3279 2822 3349 τηλικούτων
2866 3276 3293 3347 ἁμαρτημάτων·
3350 3275 3429 3325 δεῖ
3458 3272 3564 3343 γὰρ
3619 3271 3709 3324 τοῦ
3758 3271 3921 3340 ήθους

2361 3370 2585 3422 ἀκοῦσαι
2609 3369 2808 3438 καὶτῆς
2833 3368 3108 3437 δυνάμεως
3131 3366 3221 3418 τοῦ
3255 3365 3564 3434 λεγομένου,
3600 3362 3692 3415 καὶ
3722 3361 3797 3431 μὴ
3829 3378 3921 3412 συ-

2362 3464 2655 3529 κοφαντεῖν,
2698 3461 2769 3530 μὴ
2804 3459 3200 3520 κατακούοντας
3226 3457 3318 3509 τοῦ
3358 3454 3685 3524 βουλήματος
3706 3452 3798 3504 τοῦ
3832 3452 3921 3504 λό-

2361 3569 2477 3619 γου·
2533 3553 2589 3604 Ὀ
2616 3551 2745 3619 γοῦν
2795 3552 3003 3614 Παῦλος
3049 3549 3217 3603 ταῦτα
3268 3548 3450 3617 σαφῶς
3497 3546 3751 3611 ἐξετάσας
3786 3544 3920 3615 φησι

2362 3644 2493 3713 πρὸς
2536 3644 2624 3694 τὸν
2666 3644 3056 3713 ἁμαρτάνοντα
3090 3658 3114 3692 ι
3148 3640 3217 3693 Ἦ
3250 3638 3342 3692 τοῦ
3382 3638 3609 3692 πλοῦτον
3659 3638 3755 3707 τῆς
3786 3652 3921 3706 χρη-

2362 3736 2611 3805 στότητος
2643 3735 2804 3787 αὐτοῦ
2825 3736 2917 3787 καὶ
2948 3736 3045 3803 τῆς
3073 3735 3267 3805 ἀνοχῆς
3302 3734 3392 3786 καὶ
3423 3732 3520 3800 τῆς
3546 3727 3920 3801 μακροθυμίας

2361 3830 2731 3896 καταφρονεῖς,
2758 3826 2961 3892 ἀγνοῶν
2994 3827 3074 3878 ὅτι
3102 3826 3161 3878 τὸ
3192 3826 3419 3897 χρηστὸν
3444 3821 3536 3875 τοῦ
3566 3819 3696 3872 Θεοῦ
3724 3820 3803 3879 εἰς
3833 3834 3921 3887 με·

2360 3916 2574 3969 τάνοιάν
2610 3934 2666 3969 σε
2701 3916 2850 3982 ἆγες
2886 3916 3037 3968 Κατὰ
3082 3916 3136 3967 δὲ
3174 3915 3271 3985 τὴν
3311 3912 3645 3984 σκληρότητά
3679 3928 3781 3971 σου,
3825 3909 3918 3962 καὶ

2364 4008 2724 4077 ἀμετανόητον
2768 4005 3011 4075 καρδίαν,
3058 4002 3398 4075 θησαυρίζεις
3445 4000 3618 4069 ἐαυτῷ
3655 4000 3821 4069 ὀργὴν
3858 3999 3917 4049 ὲν

2365 4098 2543 4168 ἡμέρᾳ
2563 4099 2729 4167 ὀργῆς
2756 4101 2847 4151 καὶ
2879 4097 3265 4164 ἀποκαλύψεως
3298 4091 3683 4162 δικαιοκρισίας
3705 4088 3857 4141 Θεοῦ.
3892 4109 3911 4138 ι

2372 4190 2437 4239 Ἀ
2479 4190 2583 4259 γὰρ
2623 4190 2766 4256 λέγει
2801 4192 2933 4261 πρὸς
2961 4192 3048 4242 τὸν
3089 4190 3465 4259 ἁμαρτάνοντα
3506 4188 3534 4238 ὁ
3578 4183 3912 4248 ’Λπὸστολος,

1926 4276 2473 4335 INTERPRETATIO
2511 4280 2716 4337 NOV'A.

717 4374 877 4442 igitur
920 4384 998 4426 est
1044 4374 1094 4426 ir.
1156 4371 1328 4424 imbre
1377 4370 1712 4442 tlemittendo
1759 4383 1892 4436 opus
1920 4384 2041 4442 ;_ex
2082 4386 2158 4442 _eo
2210 4380 2385 4442 tamen
2425 4386 2575 4442 uno,
2634 4372 2785 4426 tellus
2831 4374 2987 4442 culta
3026 4372 3249 4435 fruges,
3306 4368 3547 4442 neglecta
3600 4376 3675 4442 et_
3709 4367 3910 4421 inculta
3998 4418 3999 4421 η

702 4439 895 4507 ‘spinas
930 4444 1147 4510 profert.
1197 4441 1394 4492 Durum
1443 4454 1581 4510 sane
1617 4440 1863 4510 videatur
1916 4439 1958 4489 si
2006 4440 2091 4505 qui
2148 4440 2373 4510 imbrem
2424 4441 2671 4507 largitur,
2725 4443 2909 4495 dicat:
2955 4441 3065 4508 Ego
3107 4442 3287 4510 fruges
3320 4450 3391 4510 get
3435 4440 3616 4506 spinas
3665 4440 3716 4491 in
3770 4447 3911 4510 terra

717 4506 855 4575 ieci;
897 4506 988 4576 sed
1029 4506 1130 4564 etsi
1174 4511 1405 4569 durum,
1456 4506 1800 4579 nihilominus
1828 4522 2031 4579 verum
2079 4518 2179 4560 est.
2230 4507 2313 4579 Sig
2335 4510 2476 4561 enim
2513 4506 2697 4563 imiter
2746 4506 3042 4569 defuisset,
3089 4506 3261 4579 neque
3309 4508 3487 4576 fruges
3532 4522 3702 4579 neq_tte
3745 4507 3913 4579 spina:

729 4582 1139 4645 provenissent;
1178 4579 1441 4648 hoegvero
1472 4577 1780 4643 tempestive
1810 4577 2172 4648 et_modcrate
2216 4576 2513 4640 deﬂuente,
2557 4590 2614 4632 et
2664 4579 2843 4643 fruges
2886 4592 2938 4633 et
2984 4581 3151 4648 spinae
3178 4575 3571 4632 'exortm’sunt.
3620 4576 3784 4628 Terra
3820 4575 3915 4644 igi-

719 4644 817 4717 tur,
846 4663 963 4714 qua:
1010 4661 1147 4712 smpe
1194 4646 1703 4717 venientetn‘super
1746 4660 1802 4697 se
1844 4644 2032 4698 bibens
2084 4647 2361 4717 itubretu,_
2390 4648 2573 4714 spinas
2623 4664 2685 4700 ac
2735 4649 2961 4703 tribulos
3012 4644 3248 4717 profert,
3298 4648 3521 4712 reproba
3570 4654 3654 4717 est
3678 4656 3749 4717 _et
3800 4659 3912 4696 ma-

718 4712 915 4772 ledicto
954 4717 1216 4783 proxima.
1263 4714 1400 4781 Ergo
1441 4714 1627 4766 imbris
1672 4728 1885 4781 quoque
1930 4716 2248 4769 ueneficium
2292 4712 2456 4767 etiam
2505 4716 2555 4767 in
2605 4718 2929 4770 deteriorem
2976 4712 3173 4771 terram
3223 4716 3463 4775 decidit,
3506 4712 3762 4783 sed_ejus
3820 4728 3911 4765 so-

718 4786 827 4836 lutn
878 4781 1171 4853 neglectum
1223 4792 1277 4837 et
1330 4784 1587 4853 incultum
1633 4786 1815 4850 spinas
1864 4794 1918 4835 et
1967 4785 2196 4836 tritu-lus
2246 4786 2474 4853 peperit.
2528 4784 2604 4835 Ad
2650 4800 2772 4837 eum
2821 4787 2983 4852 igitur
3032 4788 3246 4839 modum
3292 4783 3560 4853 quzefeeit
3604 4781 3745 4836 Deus
3790 4796 3913 4848 pro-

716 4855 894 4922 digia,
938 4852 1033 4907 ceu
1082 4855 1249 4907 imber
1299 4852 1512 4920 quidam
1561 4863 1725 4917 sunt;
1772 4853 2000 4907 diversa:
2047 4868 2177 4907 vero
2224 4852 2564 4916 voluntates,
2612 4867 2709 4907 ceu
2760 4863 2899 4908 terra
2951 4854 3095 4908 culta
3142 4853 3231 4909 vel
3278 4852 3479 4906 inculta
3525 4867 3680 4921 quat,
3729 4858 3912 4917 utpote

721 4930 900 4986 terra,
955 4923 1109 4975 unius
1159 4931 1361 4973 natura:
1405 4931 1508 4973 est.

789 4992 873 5043 ll.
926 4988 1380 5059 Quemadmodtuu
1433 5001 1608 5041 autem
1667 4990 1708 5042 si
1755 4990 1834 5043 sol
1891 5004 2076 5059 vocem
2122 4990 2389 5059 etnittens
2427 4990 2651 5052 diceret,
2703 4989 2811 5059 Ego
2858 4989 3141 5059 liqttefacio
3198 5000 3253 5045 et
3304 4990 3519 5044 exsicco
3560 5004 3575 5040 :
3627 4986 3748 5059 licet
3788 4986 3912 5059 hac

717 5055 985 5114 contraria
1032 5060 1175 5120 sint,
1224 5058 1355 5111 nihil
1406 5065 1581 5111 tamen
1625 5072 1723 5125 pro
1764 5074 1821 5111 re
1866 5058 2105 5125 subjecta
2152 5058 2271 5112 falsi
2318 5059 2562 5128 diceret.
2597 5074 2717 5111 eum
2750 5055 2855 5112 uno
2890 5055 3183 5128 eodemque
3227 5062 3409 5128 calore
3456 5055 3910 5128 cera_liquefiat,

720 5129 889 5182 lutum
935 5130 1281 5191 exsiccetur;
1313 5127 1409 5197 _ita
1454 5123 1640 5197 unum‘
1674 5128 1921 5194 idemque
1968 5123 2101 5197 opus
2152 5129 2243 5197 Dei
2296 5143 2391 5195 pt'r
2450 5126 2676 5197 Moysem
2734 5129 2993 5196 arguebat
3043 5123 3309 5184 duritiem
3349 5123 3908 5197 Pharaonis‘prupter

720 5198 975 5251 malitiam
1031 5198 1237 5265 ipsius;
1290 5194 1661 5265 Egyptiorutn
1712 5210 1837 5265 vero
1891 5193 2310 5261 quiHebrzcis
2341 5193 2821 5259 aduniséehautur;
2864 5198 3221 5253 obedientiam
3275 5193 3911 5265 det-laraltataQuodque

719 5267 898 5320 statim
946 5263 1205 5334 scriptum
1246 5275 1329 5320 est
1350 5263 1632 5334 {paulum
1684 5264 1977 5316 emollitum
2031 5274 2153 5334 esse
2202 5278 2305 5334 cor
2363 5264 2661 5318 Pharaonis
2716 5268 2979 5321 dicentis:
3014 5284 3033 5316 ι
3078 5267 3152 5319 Ne
3190 5267 3348 5333 longe
3390 5263 3700 5334 excedatis,
3748 5264 3907 5334 tridui

719 5336 864 5388 enim
905 5331 1257 5404 viam—ibitis,
1300 5331 1694 5404 sed’conjuges
1730 5344 1941 5404 vestras
1987 5332 2361 5404 relinquite,_i
2396 5334 2631 5404 itemque
2674 5346 2867 5389 caetera
2910 5352 3029 5404 qua:
3076 5331 3603 5404 patttttlutn_cedens
3631 5332 3935 5404 prodigiis

720 5404 963 5465 dicebat,
1010 5403 1140 5455 satis
1174 5402 1471 5470 declarant
1521 5399 1668 5470 signa
1729 5402 1812 5453 illa
1866 5402 1917 5453 in
1975 5415 2097 5470 eum
2165 5401 2365 5466 aliquid
2428 5399 2621 5470 virium
2685 5399 2972 5469 habuisse,
3033 5399 3129 5457 sed
3180 5418 3284 5455 non
3335 5399 3547 5468 plenam
3591 5399 3907 5470 efﬁcaciam.

721 5471 905 5539 Neque
968 5473 1078 5525 hare
1142 5469 1218 5523 sic.
1277 5471 1602 5532 evenissent,
1648 5471 1711 5534 si,
1739 5471 1879 5535 quod
1943 5469 2093 5521 multi
2150 5470 2420 5539 cogitant,
2474 5469 2645 5533 istud,
2678 5491 2694 5519 ι
2730 5472 2989 5526 indurabo
3036 5486 3129 5526 cor
3181 5471 3519 5539 Pharaonis,
3552 5487 3569 5520 ι
3602 5469 3739 5539 Deus
3799 5474 3910 5536 ipse

719 5536 1007 5595 etl‘ecisset.
1054 5540 1158 5592 Sed
1201 5548 1253 5592 et
1298 5540 1407 5592 hmc
1452 5554 1555 5592 non
1600 5540 1827 5591 absurde
1869 5552 1932 5590 ex
1975 5539 2241 5590 communi
2287 5536 2540 5604 loquendi
2592 5555 2686 5592 usu
2725 5542 2959 5594 emolliri
3007 5538 3638 5606 possunt.’Frequeuter
3682 5538 3809 5591 boui
3856 5546 3911 5592 et

722 5610 941 5679 benigni
982 5608 1179 5663 domini
1230 5610 1398 5662 servis
1437 5609 1524 5673 tis,
1552 5608 1642 5676 qui
1689 5616 1905 5675 propter
1954 5606 2337 5673 benignitatem
2383 5614 2434 5658 et
2476 5608 2786 5673 patientiam
2824 5611 3168 5665 dominorum
3204 5624 3460 5671 suerunt,
3492 5608 3722 5677 perditis
3773 5610 3909 5660 liunt

789 5756 900 5823 (42)
935 5754 1009 5808 ita
1041 5767 1175 5823 mss.
1216 5750 1369 5823 Libb.
1412 5748 1741 5823 autem_edi_ti
1763 5788 1777 5811 ,
1816 5766 1833 5798 ι
1856 5746 2138 5815 superbius
2175 5715 2249 5801 ac.
2347 5746 2644 5823 dentiorem
2667 5789 2683 5811 ,
2713 5758 2859 5823 rete.

723 5816 992 5895 spinosius
1029 5822 1120 5895 fiat
1164 5831 1217 5876 et
1258 5822 1516 5895 mitescat.
1540 5839 1567 5895 _t
1596 5817 1795 5895 ibidem
1825 5831 1973 5895 mss?
2003 5834 2020 5867 ι
2052 5830 2236 5895 verum
2415 5817 2661 5895 (“iter
2703 5816 3024 5895 Pharaonis.
3065 5819 3156 5877 Sic
3199 5835 3330 5876 ntss.
3363 5816 3719 5893 Libb.-editi,
3754 5835 3774 5869 ι
3814 5819 3909 5876 do-

726 5884 795 5953 a'd
821 5892 1201 5951 evidentiorem
1224 5928 1239 5953 ,
1265 5908 1282 5941 ι
1307 5899 1409 5943 etc.
1439 5888 1593 5944 Lihh.
1623 5888 1746 5941 editi
1774 5926 1788 5952 ,
1815 5903 1832 5937 ι
1860 5886 1995 5939 unde
2025 5885 2091 5940 ad
2122 5886 2236 5940 cri-
2280 5912 2287 5918 -
2345 5901 2459 5939 tuus
2491 5884 2808 5941 Pharaonis.
2846 5905 2865 5939 ι
2905 5905 2908 5909 ν
