4136 6310
755 499 853 555 271

1946 489 2265 547 ORIGENIS
2295 492 2453 544 ΠΕΡΙ
2494 491 2722 546 ΑΡΧΩΝ

3898 492 4005 549 272

755 620 800 675 si
838 632 944 671 non
979 613 1181 670 assidui
1217 613 1448 669 sessoris
1480 612 1741 666 ferratum
1780 612 1984 681 patitur
2034 613 2237 668 calcem
2268 624 2313 667 et

2426 613 2689 684 συμφέρει
2720 613 2933 683 ἑκάστῳ
2977 611 3063 665 ἵνα
3100 611 3351 683 αἴσθηται
3396 611 3494 681 τῆς
3545 610 3801 683 ἰδιότητος
3833 612 4000 664 αὑτοῦ

756 710 924 763 l'renis
957 724 1050 761 ora
1084 707 1303 762 ferratis
1332 706 1618 769 obteritur,
1670 705 1987 759 indurescit.
2019 705 2109 759 Sic
2142 705 2321 773 pueri-

755 804 821 858 lis
846 802 964 876 (48)
992 812 1123 857 mtas
1158 802 1200 855 si
1236 800 1377 853 nulla
1416 799 1583 868 pl:th
1619 795 1935 852 assiduitate
1963 806 2213 860 curetur,
2239 798 2322 852 in-

759 896 1033 951 solentcm’
1062 894 1235 950 simul
1290 904 1343 947 et
1388 893 1452 946 ad
1510 892 1641 945 vitia
1694 891 2027 961 prmcrpitem
2063 889 2318 958 juvenem

712 1010 715 1013 ν
755 990 959 1043 reddet.
1006 987 1284 1056 Relinquit
1325 1000 1453 1056 ergo
1495 984 1634 1038 Deus
1679 995 1734 1039 et
1783 984 2004 1053 negligit
2049 1000 2144 1038 eos
2183 999 2319 1053 quos

754 1083 1100 1152 correptione
1127 1080 1381 1149 iudicarit
1424 1079 1696 1149 indignos.
1724 1096 1750 1154 Ir
1775 1077 1945 1143 Quem
1974 1078 2115 1131 enim
2144 1078 2319 1143 diligit

752 1174 1034 1238 Dominus,
1066 1172 1311 1241 corripit,
1346 1171 1578 1239 ﬂagellat
1638 1180 1817 1223 autem
1873 1185 2084 1223 onmem
2145 1168 2314 1221 ﬁlium

748 1271 908 1339 quem
944 1267 1211 1338 recipit)9
1240 1285 1257 1317 ι
1315 1266 1389 1319 Ex
1438 1280 1545 1333 quo
1573 1264 1945 1318 arbitrandum
1984 1272 2067 1318 est
2098 1262 2150 1316 in
2183 1264 2318 1316 lilio-

749 1379 867 1416 rum
908 1361 1020 1429 jam
1068 1361 1313 1415 ordinem
1344 1370 1396 1413 et
1434 1356 1683 1411 affectum
1737 1357 1901 1422 recipi
1948 1372 2039 1410 eos
2082 1357 2169 1424 qui
2220 1354 2316 1408 lla-

748 1454 933 1526 gcllari
962 1470 991 1508 a
1021 1453 1244 1507 Domino
1292 1451 1591 1505 meruerint
1622 1457 1675 1503 et
1701 1450 1928 1518 corripi,
1964 1466 2071 1518 quo
2107 1448 2315 1501 scilicet

747 1561 800 1601 et
856 1562 952 1615 per
1010 1544 1372 1601 tentationum
1422 1552 1478 1596 et
1532 1542 1941 1595 tribulationum
1997 1540 2312 1609 patientiam

745 1640 953 1708 possint
981 1637 1146 1690 etiam
1196 1635 1298 1704 ipsi
1347 1634 1529 1687 dicere
1563 1650 1575 1686 :
1618 1653 1633 1684 ι
1661 1633 1792 1699 Quis
1830 1647 1925 1685 nos
1971 1630 2243 1699 separabit
2282 1644 2309 1681 a

747 1730 1015 1783 charitate
1049 1727 1139 1781 Dei
1183 1741 1303 1795 qua}
1344 1735 1426 1779 est
1451 1724 1501 1777 in
1527 1722 1744 1776 Christo
1776 1720 1939 1775 Jcsu?
1975 1719 2311 1774 Tribnlatio?

743 1836 809 1873 an
852 1818 1138 1889 angustia?
1172 1834 1237 1870 au
1270 1815 1598 1885 fameswl)?
1638 1830 1703 1867 an
1749 1812 2004 1867 nuditas?
2055 1828 2119 1865 an
2166 1812 2310 1881 peri-

741 1911 962 1966 culum?
990 1927 1055 1963 an
1088 1908 1295 1979 gladius
1331 1908 1417 1960 ὀἳ
1450 1926 1467 1957 ι
1510 1906 1614 1959 l’cr
1656 1905 1772 1958 haec
1800 1904 1943 1958 enim
1980 1906 2157 1959 omnia
2192 1919 2306 1957 ma-

2429 710 2521 762 καὶ
2558 708 2655 778 τῆς
2712 707 2929 779 χάριτος
2972 707 3066 760 τοῦ
3113 706 3267 760 Θεοῦ.
3316 708 3373 759 '0
3411 707 3465 759 δὲ
3502 708 3573 778 μὴ
3613 706 4001 776 αἰσθανόμενος

2426 800 2523 871 τῆς
2545 799 2677 863 ἰδίας
2694 798 2971 861 ἀσθενείας
2991 799 3084 852 καὶ
3105 800 3200 869 τῆς
3222 800 3372 863 Θείας
3392 799 3632 871 χάριτος,
3651 798 3754 852 κᾶν
3777 799 4001 869 εὐεργε-

2426 895 2605 966 τῆται,
2631 894 2704 965 μὴ
2743 893 2933 946 ἑαυτοῦ
2972 895 3392 965 πεπειραμένος,
3435 896 3567 967 μηδὲ
3610 892 3801 948 ἑαυτοῦ
3837 911 4001 947 κατε-

2426 985 2670 1055 γνωκὼς,
2716 986 2954 1057 οἰήσεται
3002 986 3132 1039 ἴδιον
3182 983 3317 1040 εἶναι
3359 987 3750 1059 ἀνδραγάθημα
3798 989 3860 1043 τὸ
3888 988 4000 1043 ἀπὸ

2423 1078 2524 1150 τῆς
2552 1078 2802 1150 οὐρανίου
2837 1079 3057 1151 χάριτος
3096 1078 3242 1149 αὑτῷ
3282 1079 3697 1151 ἐπιχορηγηοέν·
3737 1080 3898 1135 τοῦτο
3941 1081 4000 1133 δὲ

2424 1172 2591 1242 οἴημα
2625 1170 2929 1241 ὲμποιῆσαν
2966 1171 3061 1223 καὶ
3112 1172 3394 1238 τρυσίωσιν,
3444 1165 3613 1224 αἴτιον
3651 1171 3802 1226 ἔσται
3834 1191 4003 1226 κατα-

2426 1261 2701 1326 πτώσεως·
2728 1264 2864 1335 ὅπερ
2894 1264 3184 1334 νομίζομεν
3206 1266 3301 1317 κα).
3331 1264 3455 1336 περὶ
3490 1264 3582 1337 τὸν
3620 1264 3865 1319 διάὅολον
3904 1283 3999 1335 γε·

2424 1356 2651 1423 γονέναι,
2695 1355 2869 1426 ἐαυτῷ
2915 1357 3276 1427 χαρισάμενον
3330 1357 3365 1410 ἃ
3414 1353 3525 1427 εἶχε
3576 1361 3995 1430 προτερήματα,

2421 1443 2509 1497 ὅτε
2534 1444 2760 1514 ἄμωμος
2790 1440 2873 1521 ἦνέ
2914 1465 2931 1495 ι
2956 1447 3062 1507 πᾶς
3107 1445 3214 1516 γὰρ
3246 1448 3273 1498 ὁ
3324 1446 3471 1515 ὑψῶν
3511 1448 3699 1502 ἑαυτὸν
3735 1467 4000 1501 ταπεινω-

2422 1535 2661 1607 οήσεται’
2705 1538 2780 1602 ὡς
2823 1539 2929 1601 πᾶς
2970 1540 2998 1591 ὁ
3036 1538 3303 1591 ταπεινῶν
3344 1539 3532 1593 ἑαυτὸν
3576 1540 3945 1610 ὑψωθήσεται.
3972 1560 3990 1592 ›

2420 1626 2686 1680 Κατανὸει
2712 1627 2768 1681 δὲ
2792 1628 2872 1680 ὃτι
2902 1628 2988 1681 διὰ
3026 1627 3185 1680 τοῦτο
3230 1630 3641 1701 ἀποκέκρυπται
3675 1630 3783 1683 ἀπὸ
3810 1631 3997 1699 σοφῶν

2420 1721 2513 1773 καὶ
2542 1719 2775 1772 συνετῶν
2827 1719 2895 1772 τὰ
2935 1719 3072 1781 θεῖα,
3112 1721 3220 1782 ἵνα,
3251 1720 3326 1785 ὡς
3370 1723 3530 1791 φησιν
3570 1724 3599 1775 ὁ
3634 1721 3992 1789 Ἀπόστολος,

2424 1830 2441 1861 ι
2484 1811 2556 1882 μὴ
2604 1812 2953 1881 καυχήσηται
2993 1812 3141 1864 πᾶσα
3185 1810 3319 1883 σὰρξ
3373 1812 3601 1866 ἐνώπιον
3651 1812 3743 1865 τοῦ
3775 1812 3940 1866 Θεοῦο
3969 1833 3989 1865 ι

2418 1902 2511 1955 καὶ
2534 1902 2976 1955 ἀποκεκάλυπται
3006 1905 3239 1975 νηπῖοις,
3260 1907 3372 1967 τοῖς
3402 1906 3536 1975 μετὰ
3564 1905 3662 1975 τὴν
3688 1905 3993 1976 νηπιότητα

739 2003 1031 2058 nifestatur
1057 2014 1110 2057 et
1140 2002 1383 2072 proditur
1414 1998 1844 2067 uniuscujusque
1877 1999 2210 2068 propositum
2252 2006 2307 2050 et

2422 1994 2505 2046 ἐπὶ
2531 1992 2595 2046 τὰ
2626 1992 2905 2063 κρείττονα
2936 1994 3236 2064 ἐληλυίνὸσι,
3278 1998 3371 2049 καὶ
3415 1994 3780 2066 μεμνημένοις
3808 1996 3889 2049 ὃτι
3927 1998 3992 2049 οὐ

736 2096 1159 2165 perseverantia:
1188 2084 1419 2147 ﬁrmitas
1455 2092 1749 2155 iudicatur,
1790 2106 1893 2143 non
1930 2099 2038 2143 tant
2078 2089 2184 2141 Deo
2212 2088 2305 2157 qui

740 2184 889 2239 novit
936 2183 1115 2238 omnia
1164 2190 1456 2249 antequam
1504 2179 1657 2246 ﬁant,
1686 2194 1848 2250 quam
1892 2170 2308 2232 rationabilibus

739 2275 1164 2344 emlestibusque
1196 2274 1507 2338 virtutibus,
1551 2290 1673 2342 qua:
1718 2272 1907 2341 utique
1956 2270 2304 2339 procuratio-

2414 2086 2564 2158 παρὰ
2614 2086 2711 2158 τὴν
2768 2088 2973 2141 ἑαυτῶν
3012 2090 3188 2142 αἰτίαν
3219 2090 3470 2142 τοσοῦτον
3516 2091 3641 2142 ὅσον
3691 2091 3840 2161 παρὰ
3890 2090 3993 2162 τὴν

2413 2182 2647 2253 ἄρρητον
2678 2182 2995 2252 εὐεργεσίαν
3021 2184 3112 2235 ἐπὶ
3146 2183 3393 2237 πλεῖστον
3422 2183 3547 2237 ὅσον
3588 2183 3993 2255 μακαριότητος

2413 2272 2751 2343 ἐληλύθασιν.

740 2382 860 2421 nem
892 2364 1082 2419 salutis
1111 2364 1358 2417 bum-ante
1395 2362 1537 2416 velut
1582 2362 1829 2431 quietiam
1880 2360 2177 2428 adjutrices
2222 2359 2313 2413 Dei
2360 2350 2751 2431 ηιίιιίειιωηιισ
2778 2366 2985 2418 sortita:
3038 2375 3181 2418 sunt.
3226 2363 3289 2417 lli
3333 2379 3467 2418 vero
3511 2365 3601 2435 qui
3646 2366 3881 2421 nondum
3929 2384 3992 2423 se

742 2468 887 2513 tanta
917 2458 1244 2522 constantia,
1276 2472 1451 2525 neque
1502 2464 1653 2509 tanto
1704 2451 1900 2526 alfectu
1939 2449 2178 2505 oﬂ‘erunt
2221 2451 2365 2517 Deo,
2414 2470 2587 2525 neque
2636 2454 2809 2524 parati
2867 2468 2991 2511 sunt
3042 2458 3363 2511 accedentes
3416 2458 3482 2513 ad
3528 2461 3843 2514 servitutem
3891 2460 3995 2515 Dei

735 2566 1041 2619 pra-parare
1072 2550 1281 2603 animas
1308 2563 1434 2603 snas
1476 2547 1543 2600 ad
1594 2544 1976 2607 tentationem,
2006 2544 2309 2614 derelinqui
2342 2547 2597 2625 dicuntur
2627 2565 2658 2603 a
2691 2549 2820 2615 Deo,
2860 2551 2909 2603 id
2950 2560 3031 2604 est
3067 2566 3171 2604 non
3215 2550 3443 2615 erudiri,
3487 2566 3584 2620 pro
3624 2568 3690 2606 eo
3739 2555 3879 2622 quod
3920 2555 3991 2607 ad

732 2646 1082 2715 erudiendum
1138 2644 1316 2713 parati
1375 2656 1483 2696 non
1542 2648 1709 2704 sunt,
1762 2638 1816 2693 in
1892 2650 2169 2709 posterqu
2233 2642 2350 2695 sine
2403 2641 2569 2694 dubio
2624 2651 2833 2709 tempus
2882 2657 3070 2695 eorum
3123 2642 3527 2711 dispensatione
3560 2646 3654 2704 ,ch
3702 2645 3993 2701 curatione

734 2732 919 2795 dilata.
967 2738 1068 2806 Qui
1111 2738 1297 2805 utique
1346 2735 1475 2805 quid
1542 2749 1571 2787 a
1627 2732 1738 2788 Deo
1792 2742 2207 2803 consequentur,
2262 2734 2537 2804 ignorant,
2589 2734 2689 2787 nisi
2736 2734 2887 2803 prius
2936 2734 3003 2788 ad
3054 2718 3305 2790 beretieii
3347 2736 3719 2805 consequendi
3769 2736 3993 2791 deside-

734 2841 872 2893 rium
923 2836 1175 2890 venerint
1216 2832 1331 2905 (50)
1375 2849 1390 2885 :
1430 2832 1575 2885 cuod
1620 2832 1694 2885 ila
1747 2831 1963 2885 demum
2000 2832 2119 2909 fiet,
2158 2832 2201 2883 si
2255 2831 2378 2898 quis
2413 2840 2542 2883 ante
2588 2831 2938 2912 srm‘etipsum
2990 2843 3320 2901 cognoscat,
3365 2842 3419 2886 et
3466 2832 3669 2887 sentiat
3714 2831 3842 2902 quid
3880 2833 3991 2887 sibi

734 2936 903 3001 desit;
932 2942 986 2986 et
1012 2932 1154 3002 quod
1184 2929 1288 2983 sibi
1327 2930 1497 2994 deest,
1526 2942 1554 2980 a
1583 2943 1692 2998 quo
1720 2941 1966 2997 quaerere
1999 2927 2082 2979 vel
2110 2924 2307 2978 debeat
2337 2924 2420 2978 vel
2452 2926 2643 2992 possit,
2671 2925 2953 2994 intelligat.
2982 2926 3087 3002 Qui
3125 2928 3268 2980 enim
3315 2944 3420 2983 non
3464 2927 3796 2981 intellexerit
3834 2928 3991 2992 prius

736 3031 1101 3083 infirmitatem
1150 3024 1235 3080 vel
1281 3023 1663 3095 aegritudinem
1722 3039 1913 3083 suam,
1967 3014 2231 3075 medicum
2299 3036 2541 3090 quaerere
2588 3021 2793 3087 nescit;
2847 3022 2927 3077 vel
2977 3032 3124 3078 certe
3171 3039 3294 3078 cum
3353 3024 3618 3094 receperit
3665 3018 3983 3090 sanitatem,

662 3155 666 3163 -
735 3140 839 3179 non
877 3122 981 3177 erit
1020 3130 1207 3192 gratus
1244 3119 1477 3183 medico,
1534 3118 1626 3188 qui
1678 3134 1786 3172 non
1838 3116 1988 3185 prius
2022 3116 2318 3186 perieulum
2341 3117 2421 3171 sui
2464 3116 2741 3191 languoris
2771 3119 3011 3187 agnovit.
3044 3120 3119 3172 Ita
3147 3129 3201 3174 et
3245 3120 3290 3174 si
3322 3120 3413 3188 qui
3459 3135 3562 3173 non
3596 3121 3748 3188 prius
3784 3124 3991 3180 animm

734 3235 843 3275 sua:
884 3220 1013 3275 vitia
1058 3226 1112 3273 et
1158 3226 1510 3287 peccatorum
1559 3228 1786 3267 suorum
1838 3212 2153 3283 cognoverit
2187 3212 2363 3279 mala,
2413 3228 2477 3267 ac
2516 3215 2720 3284 proprii
2761 3216 2869 3268 oris
2917 3214 3257 3287 confessione
3298 3214 3614 3282 prodiderit,
3662 3220 3881 3287 purgari
3942 3222 3991 3274 is

733 3314 1047 3383 absolriqne
1077 3326 1184 3365 non
1220 3308 1442 3379 poterit,
1473 3322 1540 3359 ne
1576 3306 1791 3374 ignoret
1818 3305 1918 3358 sibi
1959 3321 2052 3375 per
2072 3306 2297 3375 gratiam
2334 3322 2660 3362 concessum
2708 3307 2875 3362 {tisse
2923 3309 3067 3377 quod
3103 3306 3362 3377 possidet,
3403 3318 3456 3361 et
3502 3308 3741 3363 divinam
3787 3312 3990 3367 libera-

733 3410 939 3466 litatem
977 3404 1252 3475 proprium
1286 3404 1485 3456 bonum
1518 3407 1704 3468 putet:
1742 3412 1860 3466 qua:
1887 3397 1973 3453 res
2011 3401 2129 3453 sine
2155 3401 2324 3454 dubio
2366 3402 2735 3469 ari-Ogantiam
2792 3416 2984 3454 rursus
3030 3401 3224 3453 anima:
3262 3400 3376 3471 (51)
3414 3413 3645 3471 generat
3692 3413 3747 3458 et
3794 3405 3990 3463 elatio-

729 3520 876 3566 nem,
912 3515 965 3555 et
1010 3501 1185 3555 denuo
1226 3498 1275 3552 ei
1319 3512 1480 3551 causa
1532 3496 1588 3547 lit
1640 3493 1829 3548 ruinae.
1859 3493 2011 3559 Quod
2042 3496 2207 3548 etiam
2237 3497 2303 3550 de
2336 3496 2550 3549 diabolo
2586 3496 2930 3550 sentiendum
2976 3506 3057 3549 est
3106 3512 3133 3564 q
3164 3498 3197 3550 ti
3249 3496 3517 3564 primatus
3559 3512 3686 3552 suos
3731 3502 3991 3569 proprios

731 3608 785 3653 ct
815 3612 920 3650 non
971 3609 995 3646 ε
1034 3592 1141 3645 l‘eo
1172 3591 1331 3645 datos
1374 3589 1527 3658 121
1565 3603 1685 3640 esse
1714 3588 1972 3651 credidit,
2014 3602 2150 3655 qitos
2204 3587 2437 3640 habebat
2474 3598 2603 3640 time
2656 3602 2778 3639 cum
2835 3586 3120 3666 immatula
3152 3602 3213 3641 us
3246 3597 3398 3652 erat;
3451 3597 3503 3641 et
3548 3588 3763 3657 impleta
3803 3602 3888 3644 est
3931 3593 3987 3646 in

730 3705 796 3744 eo
829 3688 917 3741 illa
954 3684 1218 3740 sententia
1262 3699 1379 3752 qua“:
1428 3682 1581 3744 dicit,
1636 3682 1780 3750 quod
1837 3701 1855 3733 ι
1886 3681 2063 3749 omnis
2110 3681 2199 3749 qui
2246 3681 2574 3743 sc‘exaltat,
2624 3680 2999 3734 humiliabitnr
3032 3681 3101 3736 ".
3146 3701 3163 3733 ι
3216 3680 3366 3737 Unde
3412 3682 3541 3737 mihi
3588 3685 3797 3739 videtur
3838 3688 3986 3753 quod

733 3783 863 3850 ideo.
892 3778 1161 3833 occultata
1198 3779 1308 3830 sint
1339 3774 1783 3845 prudentioribus
1820 3784 1885 3828 ‘et
1929 3774 2357 3841 sapientioribus
2395 3774 2574 3827 divina
2630 3776 2909 3844 mysteria,
2952 3775 3408 3844 quemadmodum
3465 3777 3748 3847 Scriptura
3803 3782 3938 3836 dicit
3970 3825 3985 3847 ,

740 3898 759 3929 ι
797 3878 873 3932 uti
912 3890 977 3930 ne
1005 3874 1266 3945 glorietur
1294 3872 1472 3927 omnis
1498 3885 1631 3925 caro
1664 3870 1717 3924 iu
1749 3879 2040 3938 conspectu
2069 3868 2159 3922 Dei
2195 3868 2316 3933 δ²;»
2357 3878 2409 3921 et
2453 3868 2690 3922 revelata
2731 3870 2838 3923 siut
2877 3869 3137 3939 parvulis,
3192 3870 3277 3923 his
3319 3870 3569 3925 videlicet
3617 3874 3708 3940 qui
3762 3888 3988 3942 [rosma-

1962 3987 2521 4044 INTERPBETATIO
2556 3987 2762 4046 NOVA.

729 4096 1063 4150 Convertere
1088 4099 1313 4158 propter
1337 4082 1527 4158 servos
1567 4096 1713 4148 tuos,
1748 4096 1973 4158 propter
2000 4087 2176 4158 tribus
2210 4086 2548 4158 haereditatis
2576 4096 2696 4147 tum,
2724 4097 2778 4139 ut
2805 4087 3130 4155 particulam
3167 4086 3443 4155 capiamus
3471 4084 3806 4140 btereditatis
3829 4102 3987 4141 mun-

732 4166 801 4217 tis
831 4164 907 4215 tui
939 4155 1134 4214 sancti.
1165 4155 1204 4210 ι’
1227 4159 1291 4210 Et
1320 4158 1372 4209 in
1411 4156 1691 4211 Jeremia:
1727 4174 1745 4206 ι
1780 4155 2047 4222 Deccpisti
2076 4169 2182 4218 me,
2230 4156 2476 4218 ltoinine,
2525 4166 2580 4209 ct
2628 4160 2884 4225 deceptus
2927 4174 3071 4219 sum,
3120 4158 3400 4209 obtinuisti
3454 4167 3509 4208 et
3562 4158 3922 4224 prtevaluisti.
3959 4180 3977 4209 ι

732 4234 863 4286 Illud
890 4232 1035 4283 enim
1069 4253 1081 4284 ;
1120 4248 1137 4278 ι
1164 4229 1275 4279 Cur
1304 4227 1567 4278 iudurasti
1603 4240 1698 4278 cor
1729 4232 1999 4288 nostrum,
2032 4235 2225 4295 utnon
2267 4226 2582 4295 timeremus
2614 4242 2808 4279 nomen
2848 4228 3030 4280 tuum?
3079 4245 3097 4277 ι
3141 4226 3283 4293 quod
3336 4226 3497 4279 abiis
3525 4227 3723 4280 dicitur
3752 4229 3843 4295 qui
3875 4230 3983 4282 mi-

732 4302 1086 4357 sericordiam
1126 4298 1440 4368 implorant,
1480 4295 1705 4368 perinde
1739 4303 1823 4349 est
1851 4308 1912 4346 ac
1940 4295 1981 4346 si
2008 4294 2203 4368 dicant
2230 4312 2242 4345 :
2268 4292 2376 4345 Cur
2411 4295 2461 4345 in
2495 4305 2697 4368 tantum
2730 4297 3020 4368 pepercisti
3060 4312 3113 4351 nt
3134 4292 3213 4368 bis
3241 4310 3338 4349 nec
3374 4296 3609 4351 visitasti
3635 4313 3733 4353 nos
3762 4292 3819 4352 in
3849 4314 3979 4368 pec-

734 4374 895 4434 catis,
929 4370 1023 4423 sed
1057 4362 1344 4435 reliquisti,
1376 4366 1549 4436 dunee
1584 4365 1650 4416 ad
1676 4378 1947 4436 summum
1987 4362 2181 4436 delicta
2224 4374 2416 4414 nostra
2450 4362 2861 4436 pervenissent?
2896 4364 3110 4435 Relinqt
3138 4367 3177 4417 it
3204 4376 3386 4420 autem
3420 4368 3635 4435 impune
3663 4362 3982 4436 plerosque,

732 4455 789 4497 ut
828 4433 1371 4509 singulorummorcs
1394 4449 1461 4487 ex
1492 4434 1659 4509 libera
1687 4434 1970 4509 voluntate
1995 4433 2373 4509 exquiruntur,
2407 4444 2460 4485 et
2493 4434 2745 4509 meliores
2791 4452 2857 4489 ex
2886 4437 2988 4509 illo
3018 4433 3116 4509 ei;
3137 4438 3275 4509 mine
3314 4433 3583 4492 manifesti
3630 4433 3798 4504 ﬁant;
3846 4433 3982 4494 reli-

736 4513 828 4582 qui
864 4504 993 4582 vero
1018 4510 1109 4577 qui
1142 4510 1247 4582 Deo
1276 4522 1386 4582 non
1437 4514 1585 4582 atent
1616 4504 2055 4582 (ouini7a7quip7pe7
2088 4504 2241 4555 novit
2273 4512 2565 4580 antequam
2596 4504 2773 4575 liaiit),
2802 4508 2896 4582 sed
2926 4507 3234 4582 rationabili
3268 4518 3548 4582 creatura:
3569 4510 3779 4578 sibique
3824 4510 3977 4580 ipsis,

731 4574 919 4651 postea
949 4574 1090 4651 viain
1126 4574 1793 4651 salutisinveniant;_7qui
1826 4574 2152 4627 beneticium
2186 4586 2290 4651 non
2319 4574 2735 4651 agnovissent,
2761 4576 2864 4651 nisi
2906 4578 3113 4651 seipsos
3141 4578 3632 4651 condcumasseut;
3669 4574 3813 4648 qitod
3844 4574 3971 4649 qui;

732 4642 851 4706 item
886 4649 1176 4718 unicuique
1205 4648 1439 4711 coul'ert,
1466 4654 1524 4697 ut
1551 4642 1916 4718 conditionem
1948 4660 2105 4718 suam
2134 4655 2187 4718 et
2240 4642 2330 4695 Dei
2367 4644 2599 4718 gratiam
2642 4648 2864 4700 sentiat.
2898 4642 3004 4715 Qui
3048 4664 3177 4701 vero
3206 4651 3479 4718 propriam
3514 4642 3977 4717 imbecillitatem,

732 4733 787 4776 et
812 4722 907 4775 Dei
940 4714 1171 4790 gratiam
1202 4732 1310 4771 non
1350 4718 1537 4790 sentit,
1566 4717 1666 4768 etsi
1707 4715 2017 4790 adjuvetur,
2056 4714 2159 4790 nisi
2209 4728 2428 4790 suarum
2483 4716 2675 4768 virium
2711 4720 3142 4786 experimentum
3192 4714 3421 4786 ceperit,
3469 4714 3525 4773 et
3563 4720 3799 4786 scipsam
3842 4736 3979 4773 ωη-

732 4784 1029 4854 demnarit,
1060 4804 1216 4843 suum
1246 4801 1370 4841 esse
1401 4788 1617 4841 facinus
1644 4787 1979 4840 existimabit
2013 4785 2154 4857 quod
2190 4784 2239 4857 ei
2266 4784 2739 4857 7diviuo_7munere
2784 4784 3105 4845 concessum
3143 4784 3272 4842 εει(
3294 4790 3423 4855 Quae
3453 4784 3835 4857 opinioianimi
3862 4791 3981 4843 ela-

732 4864 931 4915 tionem
962 4853 1188 4930 generat
1216 4868 1271 4911 et
1301 4874 1462 4930 causa
1496 4858 1557 4930 lit
1590 4857 1759 4910 ruintn
1785 4859 1969 4930 tquod
2004 4853 2058 4910 et
2081 4853 2314 4930 diabolo
2340 4854 2611 4930 accidisse
2637 4869 2890 4925 putamus
2918 4862 3009 4927 qui
3036 4853 3410 4913 excellentiam
3438 4853 3585 4912 ili—am
3615 4875 3775 4926 quam
3808 4861 3980 4913 habe-

735 4935 823 4986 bat
851 4925 1121 4986 tunEeum
1148 4940 1265 4984 erat
1302 4928 1709 4992 inmaculatus,
1749 4928 1857 4993 sibi
1880 4926 2189 4995 arrogabat.
2222 4942 2240 4975 ι
2270 4925 2462 4979 Omnis
2486 4929 2627 4981 enim
2652 4930 2743 4998 qui
2786 4945 2845 4985 se
2869 4925 3094 4996 exultat,
3120 4930 3515 4996 humihatdtur,
3556 4940 3611 4983 et
3658 4931 3744 4996 qui
3783 4946 3844 4983 se
3880 4932 3977 4983 bu-

802 5109 844 5140 "
878 5108 1043 5163 llebr.
1076 5124 1167 5171 xu,
1195 5108 1249 5160 6.
1297 5092 1369 5138 ’⁸ο
1400 5108 1559 5162 ιὶοιυ.
1594 5124 1711 5171 \‘tll,
1748 5106 1837 5159 55.
1922 5108 1963 5138 ⁵³
2004 5105 2133 5159 Luc.
2173 5122 2304 5161 xvui

2516 5112 2559 5142 "
2586 5110 2606 5165 l
2629 5110 2754 5167 Cor.
2785 5128 2823 5179 ι,
2854 5112 2947 5168 29.

806 5291 917 5364 (48)
942 5291 1099 5366 Li7bb.
1125 5292 1277 5366 editi,
1311 5310 1330 5343 ι
1353 5294 1817 5366 sessurispatitur
1846 5292 2076 5366 calcem,
2108 5301 2159 5345 et
2188 5292 2293 5366 fre-

2422 5297 2616 5366 ptenda
2648 5312 2745 5365 per
2770 5294 3094 5348 desiderium
3126 5293 3390 5366 venerint.
3415 5310 3433 5343 ι
3464 5290 3604 5366 Infra
3657 5292 3789 5349 libb.
3816 5296 3973 5359 editi,
4003 5349 4010 5366 ,

735 5361 822 5419 nis
852 5377 946 5416 ora
994 5361 1218 5434 ferratis
1265 5364 1554 5426 obteritur,
1600 5363 1913 5434 indurescit.
1947 5364 2036 5417 Sic
2069 5364 2292 5431 puerili-
2406 5361 2435 5417 ἱ
2459 5384 2563 5420 non
2598 5361 2789 5433 egerit
2822 5367 3042 5433 [gratias
3102 5364 3328 5425 medico,
3376 5365 3626 5434 quoniam
3678 5380 3783 5419 non
3820 5369 3973 5434 prius

737 5446 880 5498 tas,i
916 5440 1021 5505 etc.
1062 5431 1227 5484 Paulo
1252 5443 1387 5505 post
1434 5435 1593 5487 iidem
1640 5433 1773 5505 libb.
1830 5434 1987 5500 editi,
2024 5449 2141 5505 7rc7x
2192 5446 2298 5499 quo
2402 5431 3104 5505 perieulumsuilauguuris
3129 5434 3398 5502 cognovit.
3424 5452 3441 5484 ι
3468 5433 3596 5490 Mss.
3618 5445 3674 5489 ut
3700 5437 3752 5489 in
3780 5431 3972 5490 nostro

737 5502 1111 5557 arbitrandum
1136 5512 1215 5553 est
1248 5503 1480 5555 liliurum
1511 5512 1565 5555 et
1592 5506 1645 5557 in
1669 5504 1935 5561 ordinem.
1962 5524 1980 5555 ι
2016 5504 2121 5557 Sed
2148 5506 2300 5556 utro-
2402 5502 2571 5560 textu.

706 5577 899 5641 _biquc
925 5587 1052 5645 mss.
1078 5581 1134 5645 ut
1161 5572 1211 5623 in
1243 5581 1428 5645 nostro
1456 5584 1628 5645 textu.
1836 5644 1863 5645 77
1902 5644 1909 5645 7
2052 5604 2055 5607 -
2134 5644 2141 5645 7
2208 5644 2215 5645 7
2408 5636 2431 5645 7
2473 5576 2586 5645 (5i)
2627 5573 2719 5627 lta’
2755 5588 2884 5633 mss.
2936 5573 2991 5627 In
3035 5574 3195 5635 editis
3236 5574 3389 5627 deest
3442 5592 3459 5624 ι
3484 5590 3673 5631 rursus
3713 5577 3966 5630 anime.»

806 5640 918 5712 (ἆυ)
960 5643 1039 5693 An
1071 5640 1255 5715 fomes.
1296 5642 1452 5695 Deest
1485 5642 1537 5694 in
1576 5652 1733 5697 artes
1782 5644 1965 5706 editis,
1999 5645 2092 5697 sed
2133 5644 2300 5697 liabe-
2402 5640 2576 5699 Paulo
2624 5652 2743 5713 post
2785 5659 2942 5710 mss.,
2980 5646 3109 5712 «qui
3152 5645 3417 5712 primatus
3468 5661 3595 5701 suos
3639 5648 3912 5715 preprios.
3941 5661 3964 5696 ι

737 5709 825 5769 tur
861 5709 911 5769 in
947 5727 1074 5765 mss.
1106 5709 1247 5785 Infra
1290 5727 1448 5785 iussu,
1485 5729 1503 5761 ι
1526 5728 1709 5785 quam
1737 5715 2153 5785 rationabilibus
2189 5729 2302 5767 ete-
2402 5715 2559 5769 Lihh.
2597 5709 2749 5781 editi,
2788 5716 2917 5782 «qui
2948 5709 3197 5782 primitus
3227 5716 3463 5770 honores
3496 5709 3961 5785 suos—proprios.»

738 5788 1072 5853 lestibusque
1118 5782 1426 5835 virtutibus.
1454 5800 1471 5832 ι
1524 5782 1581 5835 In
1627 5783 1787 5837 editis
1834 5784 1986 5839 deest
2019 5784 2299 5839 tcwlesti-
2403 5787 2545 5840 lul'ra
2580 5800 2709 5850 mss,
2749 5802 2769 5835 ι
2792 5787 3151 5858 meminerunt
3178 5787 3382 5858 utique.
3410 5806 3430 5839 ι
3460 5786 3617 5842 Libb.
3642 5782 3792 5851 editi,
3821 5798 3967 5840 une-

734 5859 1005 5927 Itusque._r
1095 5920 1099 5927 ι
1258 5920 1274 5927 _
1513 5920 1544 5927 __
1578 5920 1587 5927 _
1625 5892 1631 5899 ς
1753 5921 1763 5927 _
1800 5920 1813 5927 _
1950 5922 1970 5927 Α
2016 5926 2023 5927 7
2407 5858 2661 5912 tuiucriut
2693 5856 2938 5925 utiqueJ

806 5920 919 6001 (ὸο)
957 5924 1035 5982 lla
1076 5920 1208 5979 mss.
1257 5920 1413 5977 Libb.
1459 5920 1615 5988 editi,
1655 5937 1675 5972 ι
1700 5921 1765 5977 ad
1800 5920 2061 5979 beneﬁcia
2107 5938 2297 5980 consc-
