4136 6310
145 370 150 374 ’
189 417 303 474 275

1530 414 1730 470 LIBER
1769 408 2063 470 TERTIUS

3325 420 3428 475 274

185 553 356 613 quam
411 540 648 594 infantes
703 539 828 594 facti
865 538 1062 593 fuerint
1108 547 1160 594 et
1207 538 1452 609 parvuli,
1509 538 1558 591 id
1602 547 1686 592 est
1739 538 1802 591 ad
1852 538 2202 592 humilitatem
2247 517 2305 592 se
2350 547 2402 592 et
2454 536 2850 607 simplicitatem
2899 537 3266 592 revocaverint
3309 554 3430 607 par-

187 637 459 700 vulorum,

540 644 665 688 ture
709 633 1014 702 proficiunt,
1045 632 1114 702 [et
1155 648 1274 687 Cum
1328 635 1394 686 ad
1442 633 1822 702 perfectionem
1859 635 2130 698 venerint,
2177 634 2538 688 meminerunt
2585 633 2767 702 utique
2809 632 2948 702 quod
3010 650 3111 688 non
3159 633 3268 702 jam
3320 635 3429 692 suis

189 729 505 790 virtutibus,
535 728 627 780 sed
654 728 822 796 gratia
854 734 906 779 et
933 726 1296 781 misericordia
1328 727 1419 782 Dei
1465 727 1852 781 beatitudinem
1892 727 2173 782 consecuti
2202 738 2344 782 sunt.

258 822 468 877 Οὐκοῦν
525 823 974 891 ἐγκαταλείπεται
1020 823 1139 894 θείᾳ
1171 824 1345 895 κρίσει
1389 826 1417 876 ὁ
1447 821 1761 891 ἐγκαταλει-
1796 829 1836 882 Α

189 915 443 984 πόμενος,
479 914 571 966 καὶ
603 913 941 984 μακροθυμεῖ
968 915 1058 966 ἐπί
1101 931 1250 976 τινας
1280 913 1388 977 τῶν
1421 915 1759 986 ἁμαρτανόν-

186 1021 295 1056 των
320 1007 348 1056 ὁ
377 1004 525 1067 Θεὸς,
560 1005 658 1056 οὐκ
690 1003 914 1071 ἀλόγως,
947 1003 1058 1056 ἀλλ’
1088 1003 1163 1066 ὼς
1208 1004 1386 1067 αὐτοῖς
1406 1006 1755 1069 συνοίσοντος,

187 1095 263 1156 ὡς
290 1095 425 1166 πρὸς
450 1095 546 1164 τὴν
579 1095 873 1148 ἀθανασίαν
903 1093 1014 1163 (52)
1045 1095 1142 1164 τῆς
1167 1095 1342 1166 ψυχῆς
1370 1095 1462 1148 καὶ
1486 1096 1574 1147 τὸν
1605 1097 1760 1149 ἄπει-

191 1206 281 1257 ρον
307 1189 498 1254 αἰῶνα,
533 1188 626 1240 τοῦ
661 1189 733 1260 μὴ
757 1191 892 1259 ταχυ
928 1189 1318 1259 συνεργηθῆναι
1346 1191 1424 1252 είς
1471 1189 1753 1259 σωτηρίαν,

187 1280 323 1332 ἀλλὰ
353 1279 563 1350 βράδιον
591 1282 684 1333 ἐπὶ
733 1280 932 1350 ταύτην
959 1280 1188 1351 ἀχθῆναι
1232 1282 1364 1350 μετὰ
1401 1280 1460 1333 τὸ
1498 1281 1758 1352 πειραθῆ-

185 1389 272 1422 ναι
294 1370 499 1424 πολλῶν
526 1370 729 1423 κακῶν.
764 1373 970 1442 Ὥσπερ
999 1371 1126 1442 γὰρ,
1154 1371 1272 1424 τινὰ
1319 1374 1367 1424 oi.
1403 1373 1572 1443 ἰατροὶ
1604 1372 1757 1426 δυνά-

189 1480 339 1532 μενοι
361 1465 544 1534 τάχιον
577 1464 848 1527 ἰάσασθαι,
879 1466 1004 1516 ὅταν
1034 1465 1479 1536 ἐγκεκρυμμένον
1526 1465 1599 1517 ίὸν
1629 1467 1756 1518 ὑπο-

183 1556 377 1610 νοῶσιν
421 1557 684 1626 ὑπάρχειν
739 1558 865 1626 περὶ
916 1556 982 1608 τὰ
1037 1555 1281 1626 σώματα,
1313 1558 1374 1609 τὸ
1411 1557 1647 1610 ἐναντίον
1678 1556 1754 1627 τῷ

188 1649 440 1703 ἰάσασθαι
471 1649 810 1720 ἐργάζονται,
841 1649 927 1702 διὰ
956 1649 1014 1701 τὸ
1047 1648 1224 1702 ἰᾶσθαι
1255 1649 1534 1719 βούλεσθαι
1585 1652 1754 1720 ἀσφα-

182 1740 434 1812 λέστερον
467 1741 625 1794 τοῦτο
657 1741 931 1804 ποιοῦντες
953 1759 964 1770 ’
997 1742 1283 1811 ἡγούμενοι
1337 1747 1578 1812 κρεῖττον
1620 1742 1753 1797 εἶναι

184 1832 364 1901 πολλῷ
395 1837 571 1904 χρόνῳ
611 1838 1048 1904 παρακατασχεῖν
1078 1851 1196 1887 τινα
1228 1835 1282 1886 ἐν
1307 1833 1383 1903 τῷ
1409 1834 1752 1904 φλεγμαίνειν

182 1926 272 1976 καὶ
304 1926 550 1994 κάμνειν,
587 1926 726 1995 ὑπὲρ
757 1924 849 1977 τοῦ
883 1926 1220 1996 βεϐαιότερον
1249 1925 1407 1977 αὑτὸν
1442 1927 1537 1996 τὴν
1568 1927 1769 1994 ὑγείαν,

180 2015 488 2081 ἀπολαϐεῖν,
515 2017 660 2088 ἥπερ
707 2016 891 2086 τάχιον
946 2019 1040 2087 μὲν
1085 2018 1254 2088 ῥῶσαι
1300 2017 1492 2082 δοκεῖν,
1530 2016 1750 2089 ὕστερον

181 2110 233 2160 δὲ
287 2109 561 2172 ἀναδῦναι,
590 2111 682 2163 καὶ
725 2111 860 2182 πρὸς
895 2112 1080 2182 καιρὸν
1108 2110 1357 2178 γενέσθαι
1399 2111 1494 2182 τὴν
1527 2112 1748 2181 ταχυτέ-

184 2217 277 2269 ραν
309 2203 448 2254 ἴασιν
474 2219 487 2230 ·
518 2203 608 2254 τὸν
648 2204 810 2256 αὐτὸν
840 2203 1038 2274 τρόπον
1085 2205 1175 2256 καὶ
1218 2205 1246 2255 ὁ
1295 2203 1425 2265 Θεὸς
1469 2202 1748 2270 γινώσκων

179 2289 244 2340 τὰ
279 2289 485 2360 κρύφια
511 2292 610 2360 τῆς
656 2292 897 2362 καρδίας,
933 2294 1027 2345 καὶ
1083 2292 1466 2364 προγινώσκων
1509 2292 1577 2345 τὰ
1619 2293 1750 2372 μέλ-

179 2378 361 2443 λοντα,
394 2379 481 2433 διὰ
503 2383 602 2452 τῆς
637 2383 1014 2454 μακροθυμίας
1061 2385 1341 2455 ἐπιτρέπει
1371 2385 1507 2455 τάχα
1547 2387 1637 2438 καὶ
1663 2385 1748 2438 διὰ

176 2473 283 2524 τῶν
319 2472 511 2536 ἔξωθεν
539 2493 601 2528 συ
612 2477 938 2547 μϐαινόντων
963 2478 1320 2549 ἐφελκόμενος
1347 2481 1408 2533 τὸ
1434 2484 1492 2534 ἐν
1523 2482 1748 2552 κρυπτῷ

178 2562 351 2614 κακὸν
382 2563 517 2635 ὑπὲρ
558 2565 653 2617 τοῦ
693 2566 927 2637 καθᾶραι
969 2569 1058 2620 τὸν
1104 2567 1167 2620 δι’
1196 2569 1449 2640 ἀμέλειαν
1484 2570 1549 2623 τὰ
1585 2563 1748 2643 σπέρ-

182 2674 328 2725 ματα
359 2657 453 2728 τῆς
485 2659 760 2730 ἁμαρτίας
808 2663 1180 2732 κεχωρηκότα,
1229 2663 1314 2714 ἴνα
1350 2665 1441 2727 είς
1489 2665 1749 2736 ἐπιστολὴν

178 2749 397 2802 ἐλθόντα
422 2751 558 2805 αὑτά
598 2770 681 2816 τις
721 2753 942 2822 ἐμέσας,
993 2757 1040 2807 εί
1073 2756 1166 2808 καὶ
1215 2756 1305 2810 ἐπὶ
1335 2756 1448 2826 (55)
1477 2757 1659 2810 πλεῖον
1691 2761 1746 2811 ἐν

186 2845 379 2904 κακοῖς
408 2845 719 2914 γεγένηται,
755 2845 976 2915 ὕστερον
1008 2846 1230 2918 δυνηθῇ,
1248 2847 1542 2920 καθαρσίου
1570 2850 1744 2920 τυχὼν

178 2932 266 2985 τοῦ
303 2934 437 3004 μετὰ
463 2936 558 3006 τὴν
587 2936 807 3000 κακίαν,
834 2939 1364 3010 ἀναστοιχειωθῆναι·
1385 2943 1515 3005 Θεὸς
1538 2942 1645 3014 γὰρ
1667 2945 1744 2995 ol-

179 3028 390 3095 κονομεί
412 3025 505 3089 τὰς
536 3026 716 3098 ψυχὰς
743 3029 838 3098 οὐχ
869 3028 944 3092 ὡς
967 3020 1100 3100 πρὸς
1145 3031 1241 3100 τὴν
1270 3031 1387 3100 φέρ’
1418 3035 1589 3085 εἰπεῖν
1620 3050 1744 3087 πεν-

177 3118 552 3186 τηκονταετίαν
612 3118 712 3188 τῆς
757 3118 943 3182 ἐνθάδε
994 3120 1159 3190 ζωῆς,
1208 3114 1319 3173 ἀλλ’
1369 3123 1443 3185 ὡς
1492 3124 1624 3193 πρὸς
1655 3125 1744 3176 τὸν

177 3208 471 3278 ἀπέραντον
499 3211 691 3264 αἰῶνα·
724 3211 998 3285 ἄφθαρτον
1030 3214 1135 3284 γὰρ
1166 3215 1324 3282 φύσιν
1350 3216 1614 3286 πεποίηκε
1646 3217 1742 3286 τὴν

177 3302 381 3371 νοερὰν,
404 3305 494 3355 καὶ
521 3305 670 3374 αὐτῷ
702 3307 955 3376 συγγενῆ,
983 3308 1073 3360 καὶ
1113 3309 1211 3361 οὐκ
1238 3300 1600 3373 ἀποκλείεται,
1633 3309 1740 3361 ὥσ-

1937 824 2022 880 15,
2057 825 2220 893 Igitur
2255 825 2344 878 Dei
2378 825 2580 895 judicio
2617 824 3013 895 derelinquitur
3044 825 3088 877 is
3133 826 3225 890 qui
3271 825 3427 880 dere-

1863 915 2028 984 linqui
2053 917 2224 974 debet.
2267 930 2319 969 et
2355 919 2672 986 patientiam
2703 916 2867 971 habet
2916 916 3056 971 Deus
3088 931 3248 984 super
3288 933 3423 970 non-

1863 1009 2024 1061 nullis
2070 1009 2440 1078 peccantibus,
2485 1026 2589 1063 non
2627 1019 2804 1064 tamen
2848 1008 2966 1062 sine
3009 1019 3154 1061 certa
3191 1011 3421 1064 ratione.

1865 1101 1969 1155 Sed
2007 1111 2064 1155 et
2102 1102 2202 1156 hoc
2242 1103 2416 1171 ipsum
2462 1103 2604 1171 quod
2642 1103 2852 1170 patiens
2901 1109 3003 1169 est,
3035 1101 3102 1154 ad
3143 1101 3421 1154 utilitatem

1860 1191 2095 1262 ipsorum
2147 1193 2312 1258 facit,
2370 1197 2628 1263 quoniam
2685 1194 2902 1262 quidem
2965 1195 3290 1250 immortalis
3345 1209 3426 1250 est

1860 1285 2037 1338 anima
2077 1283 2233 1351 cujus
2258 1299 2444 1338 curam
2471 1294 2524 1337 et
2544 1283 2937 1352 providentiam
2965 1284 3134 1354 gerit;
3158 1294 3211 1338 et
3240 1285 3424 1354 utique

1859 1375 2002 1441 quod
2035 1375 2341 1429 immortale
2379 1383 2430 1429 et
2473 1385 2733 1428 aeternum
2766 1384 2867 1437 est,
2901 1374 3110 1428 etiamsi
3153 1391 3258 1428 non
3314 1376 3423 1429 cito

1859 1477 2099 1532 curetur,
2123 1481 2228 1520 non
2263 1475 2440 1520 tamen
2463 1466 2769 1521 excluditur
2793 1481 2820 1518 a
2847 1465 3173 1534 salute,qu:e
3207 1469 3256 1520 in
3289 1476 3424 1521 tem-

1857 1573 1986 1627 pora
2011 1559 2392 1627 opportuniora
2416 1556 2683 1611 diﬂertur.
2712 1557 2844 1611 Nam
2864 1566 2914 1611 et
2937 1557 3182 1612 fortassis
3202 1561 3423 1628 expedit

1858 1651 2063 1703 tardius
2090 1650 2346 1718 consequi
2386 1650 2468 1703 his
2495 1651 2582 1718 qui
2615 1649 2834 1702 venenis
2866 1649 3079 1702 malitize
3104 1650 3420 1719 profundio-

1858 1740 1931 1793 ris
1973 1739 2154 1793 infecti
2193 1749 2340 1791 sunt.
2376 1737 2526 1792 Sicut
2556 1738 2700 1792 enim
2751 1740 2946 1793 medici
2995 1740 3264 1795 interdum
3299 1757 3420 1796 cum

1857 1833 2062 1899 possint
2089 1830 2320 1885 celerius
2344 1832 2614 1886 obducere
2648 1831 2928 1883 vulnerum
2957 1832 3258 1896 cicatrices,
3289 1850 3423 1902 prte-

1855 1933 2060 1979 sentem
2113 1923 2460 1976 dissimulant
2493 1932 2546 1976 et
2574 1923 2824 1976 differunt
2862 1924 3146 1977 sanitatem
3184 1927 3422 1982 melioris

1857 2016 2107 2070 sanitatis
2161 2014 2526 2081 firmiorisque
2565 2025 2874 2081 prospectu,
2921 2015 3046 2066 dum
3080 2015 3270 2068 melius
3300 2031 3422 2070 esse

1855 2117 2054 2161 norunt
2088 2113 2294 2160 mo’ram
2349 2106 2527 2159 facere
2582 2106 2634 2157 in
2689 2104 2993 2160 tntnoribus
3031 2106 3331 2171 vulnerum,
3368 2120 3422 2162 et

1856 2198 2079 2266 maligni
2126 2197 2374 2250 humoris
2405 2183 2630 2249 fluentes
2679 2196 2951 2263 paulisper
2983 2198 3162 2251 sinere
3191 2207 3416 2264 meatus,

1852 2304 2015 2357 quam
2049 2289 2311 2344 festinare
2345 2291 2410 2343 ad
2441 2289 2783 2357 superficiem
2815 2290 3084 2354 sanitatis,
3113 2301 3164 2342 et
3201 2292 3418 2344 abstru-

1850 2381 1926 2435 sis
1959 2380 2070 2453 (55)
2112 2382 2165 2435 in
2196 2381 2346 2436 venis
2398 2381 2641 2435 fomitem
2675 2383 2932 2435 venenati
2964 2380 3205 2434 humoris
3244 2382 3418 2433 inclu-

1853 2480 2003 2542 dere,
2044 2478 2134 2546 qui
2174 2477 2358 2546 utiqu‘e
2382 2476 2638 2530 exclusus
2668 2491 2695 2528 a
2721 2473 2892 2529 solitis
2921 2477 3191 2529 meatibus
3237 2486 3419 2543 serpet

1793 2573 1798 2577 ‘
1849 2571 1966 2624 sine
1993 2567 2226 2622 dubioin
2266 2567 2526 2622 interiora
2558 2565 2925 2620 membrorum
2957 2578 3119 2636 atque
3141 2567 3255 2638 ipsa
3281 2567 3417 2618 vita-

1850 2662 1917 2715 lia
1950 2662 2214 2715 viscerum
2252 2658 2579 2727 penetrabit,
2613 2675 2716 2714 non
2740 2659 2851 2729 jam
2896 2662 3139 2714 morbum
3177 2661 3415 2728 corpori,

1848 2757 1943 2810 scd
1973 2756 2095 2808 vita:
2120 2753 2364 2806 illaturus
2382 2751 2651 2819 lexitium;
2690 2755 2806 2820 ,hoc
2849 2769 2977 2822 ergo
3013 2753 3170 2806 modo
3194 2764 3248 2805 et
3279 2751 3419 2806 Deus

1847 2849 1938 2918 qui
1967 2847 2136 2902 noscit
2174 2846 2383 2899 occulta
2411 2846 2618 2920 qordis,
2651 2855 2705 2898 ct
2750 2845 3037 2916 praenoscit
3085 2844 3284 2909 futura,
3323 2860 3417 2912 per

1849 2941 2070 2993 multam
2113 2935 2719 3006 patientiam_-indulget
2755 2936 2871 2989 fieri
2901 2937 3144 3004 quaedam
3178 2949 3295 3002 qua:
3317 2949 3414 2987 ex-

1849 3030 2121 3083 trinsecus
2167 3027 2459 3082 incidentia
2495 3026 2803 3080 hominibus
2834 3035 3136 3094 provocent
3178 3025 3408 3092 proferri

1845 3131 1900 3176 et
1930 3123 1980 3176 in
2018 3122 2186 3176 lucem
2219 3121 2511 3190 procedere
2545 3120 2824 3188 passiones
2839 3129 2893 3173 et
2926 3117 3052 3171 vitia
3079 3131 3198 3184 quae
3229 3114 3406 3168 celan-

1849 3227 1937 3270 tur
1977 3217 2340 3284 intrinsecus;
2394 3224 2452 3269 ttt
2499 3229 2596 3283 per
2627 3207 2738 3268 hinc
2794 3211 3082 3280 expurgari
3123 3217 3175 3262 et
3218 3207 3402 3261 curari

1844 3311 2053 3377 possint
2082 3309 2130 3361 bi
2163 3311 2254 3379 qui
2285 3326 2378 3378 per
2407 3310 2630 3364 multam
2661 3305 3042 3376 negligentiam
3065 3309 3119 3354 et
3141 3299 3406 3354 incuriam

178 3407 280 3460 περ
321 3394 410 3444 ἐπὶ
436 3395 549 3465 (54)
575 3396 675 3465 τῆς
715 3398 942 3451 ἐνταῦθα
972 3398 1134 3470 ζωῆς,
1165 3403 1197 3470 ἡ
1229 3401 1414 3470 λογικὴ
1445 3401 1589 3472 ψυχὴ
1639 3403 1737 3471 τῆς

1850 3411 2186 3466 peccatorum
2225 3399 2276 3451 in
2313 3415 2371 3454 se
2407 3400 2614 3453 radices
2642 3413 2704 3452 ac
2735 3396 2940 3450 semina
2968 3395 3311 3459 receperunt,
3352 3393 3412 3440 ut

179 3478 482 3552 Θεραπείας.

1843 3491 2012 3556 ejecta
2049 3489 2193 3543 foras
2221 3498 2382 3557 atque
2410 3490 2476 3541 ad
2509 3486 2849 3557 superﬁciem
2889 3491 3199 3555 provocata,
3231 3477 3406 3533 evomi

178 3579 569 3648 quodammodo
595 3585 805 3650 possint
831 3593 884 3637 et
915 3585 1114 3655 digeri;
1159 3596 1214 3638 ut
1249 3578 1458 3639 etiamsi
1494 3587 1739 3640 videatur
1771 3586 1889 3653 quis
1918 3585 2259 3655 gravioribus
2289 3584 2446 3653 122
2475 3582 2611 3636 allici
2654 3582 2839 3647 malis,
2888 3582 3011 3634 dum
3044 3575 3404 3632 membrorum

179 3675 410 3729 omnium
447 3680 683 3731 suStinet
717 3682 1110 3745 convulsiones,
1171 3684 1340 3750 possit
1398 3692 1574 3737 tamen
1635 3698 1846 3736 cessare
1903 3679 2192 3749 aliquando
2224 3690 2278 3732 et
2312 3679 2564 3731 desinere
2597 3686 2652 3730 et
2682 3677 2990 3731 satietatem
3049 3687 3248 3741 capere
3279 3685 3394 3721 ma-

188 3767 374 3836 lorum,
404 3783 459 3826 et
483 3773 563 3827 sic
592 3776 659 3827 ad
689 3783 887 3829 statum
913 3792 1072 3831 suum
1106 3787 1226 3846 post
1254 3779 1448 3833 nmltas
1496 3779 1773 3833 molestias
1817 3777 2076 3845 reparari.
2105 3775 2242 3828 Dens
2278 3772 2419 3827 enim
2448 3771 2725 3840 dispensat
2767 3770 2977 3822 animos
3023 3782 3127 3821 non
3161 3765 3227 3817 ad
3261 3761 3404 3816 istud

181 3861 345 3916 solum
382 3864 502 3918 vita:
531 3875 731 3919 nostra:
785 3866 948 3923 breve
993 3878 1226 3938 tempus,
1261 3872 1404 3940 quod
1436 3869 1578 3925 intr‘a
1630 3873 1911 3941 sexaginta
1967 3869 2082 3924 fere
2124 3877 2218 3921 aut
2273 3867 2316 3920 si
2375 3864 2503 3935 quid
2550 3863 2781 3930 amplius
2831 3875 3002 3916 annos
3043 3857 3400 3930 concluditur,

178 3953 266 4003 sed
295 3955 360 4007 ad
408 3966 726 4025 perpetuum
775 3966 828 4012 et
871 3969 1128 4027 mternum
1179 3968 1410 4030 tempus,
1473 3972 1725 4030 tanquam
1781 3973 2017 4039 agternus
2072 3961 2187 4026 ipse
2239 3961 2295 4011 et
2344 3955 2689 4021 immortalis,
2737 3953 3124 4008 immortalium
3178 3962 3394 4019 quoque

181 4049 474 4106 animarum
521 4048 940 4124 ,peovidentiam
997 4066 1209 4111 tenens.
1257 4057 1726 4126 lncorruptibilcm
1759 4074 1990 4129 namque
2020 4057 2148 4111 fecit
2193 4070 2313 4110 esse
2353 4051 2729 4107 rationabilem
2787 4059 3062 4112 naturam,
3102 4063 3264 4118 quam
3302 4049 3397 4141 .ad

1389 4240 1940 4297 INTERPRETATIO
1979 4244 2182 4299 NOVA.

178 4368 357 4446 miliat,
387 4372 740 4446 exaltabitur.
767 4392 784 4422 1
827 4371 911 4446 _0b
933 4388 1166 4442 eamque
1197 4392 1419 4429 causam
1446 4375 1682 4442 intelligo
1715 4376 2050 4444 sapientibus
2077 4389 2128 4433 et
2151 4379 2503 4446 prudentibus
2532 4377 2843 4434 abscondita
2886 4389 3006 4428 esse
3049 4374 3226 4446 divina
3259 4372 3393 4440 "my-

177 4440 452 4516 steria,_ut,
480 4441 933 4516 quemadmodum
958 4446 1032 4496 ait
1063 4440 1372 4516 Apostolus,
1422 4465 1439 4497 1
1473 4462 1576 4498 non
1613 4440 1873 4513 glorietur
1902 4451 2079 4502 onmis
2100 4440 2250 4501 caro
2284 4451 2335 4502 in
2379 4458 2668 4516 conspectu
2702 4446 2831 4511 Dei;
2860 4461 2884 4498 ι
2911 4455 2965 4497 et
2995 4443 3240 4516 revelata
3267 4458 3386 4516 esse

177 4510 403 4587 parvulis
439 4510 530 4580 qui
569 4511 996 4587 postinfantiam
1042 4510 1128 4587 ad
1156 4516 1375 4568 meliora
1425 4510 1738 4583 pervenere,
1784 4525 1838 4570 et
1889 4531 1948 4571 se
1999 4533 2103 4572 non
2138 4534 2204 4572 ex
2258 4534 2316 4572 se
2360 4510 2568 4572 tantum
2601 4510 2861 4587 quantum
2894 4529 2956 4569 ex
3010 4511 3263 4567 ineﬂabili
3303 4515 3391 4569 Dei

183 4578 469 4650 beneficio,
485 4598 550 4636 eo
570 4578 853 4637 felicitatis
877 4581 1190 4650 pervenisse
1222 4578 1608 4638 meminerunt.

241 4647 341 4724 l3o_
365 4649 558 4706 DiVino
585 4647 973 4724 igiturjudicio
1002 4665 1315 4724 reservatur
1344 4658 1388 4707 is
1419 4656 1508 4723 qni
1547 4655 1959 4722 derelinqnitur,
1989 4667 2042 4710 et
2069 4657 2362 4711 nonnullos
2390 4667 2710 4724 peceatores
2761 4656 3032 4724 patienter
3071 4652 3174 4705 fert
3213 4653 3386 4724 Deus,

179 4729 266 4770 nec
299 4719 420 4796 sine
441 4719 631 4796 causa;
659 4721 751 4774 sed
773 4719 1085 4796 quod,cum
1115 4719 1535 4796 itntuortalissit
1561 4726 1737 4778 anima
1773 4719 1828 4778 et
1863 4719 1958 4792 per
1986 4727 2252 4779 infinitum
2309 4719 2522 4796 tempus
2549 4719 2831 4789 duratura,
2877 4725 3006 4796 ipsis
3055 4723 3303 4796 expediat
3336 4735 3392 4774 nt

176 4799 270 4864 pou
307 4789 417 4864 cito
449 4790 527 4864 ad
541 4793 772 4864 salutem
801 4791 1146 4864 adiuventur,
1175 4795 1268 4847 scd
1303 4797 1368 4847 ad
1402 4811 1520 4850 eam
1560 4795 1788 4860 tardius,
1817 4789 2099 4863 postquam
2130 4796 2362 4864 plurima
2392 4789 2527 4850 mala
2551 4789 2996 4861 fuerintexpe‘rti,
3025 4791 3386 4864 adducantur.

173 4854 622 4933 Quemadmodum
653 4862 800 4933 enim
839 4854 1043 4933 medici,
1071 4854 1195 4933 cum
1225 4865 1456 4919 celerius
1481 4877 1678 4918 curare
1726 4854 1972 4932 pos-sint;
2002 4867 2045 4919 si
2076 4854 2316 4921 abditum
2350 4865 2412 4933 in
2471 4881 2699 4933 corpore
2724 4854 2983 4918 venenum
3029 4862 3384 4933 suspicemur.

177 4921 510 5004 contrarium
536 4931 803 4984 curationi
853 4923 1076 5004 faciunt,
1115 4931 1296 5000 idque,
1348 4936 1472 5004 quia
1508 4935 1708 4987 certius
1726 4921 2201 5000 'curare'volunt;
2242 4929 2434 5004 putant
2478 4921 2620 4989 eniin
2667 4942 2924 5002 prtestare
2976 4939 3032 4984 ut
3072 4921 3280 5004 diutius
3333 4921 3385 4984 in

174 5001 372 5072 Iuniore
423 4999 706 5072 vulnerum
765 5010 818 5055 et
867 4999 1050 5054 labore
1094 4999 1487 5070 tegenhas'reat
1528 5017 1637 5072 quo
1687 5004 1978 5058 firmiorem
2045 4999 2339 5060 sanitatem
2391 5005 2635 5072 recipiat,
2668 4999 2847 5071 'quam
2904 5009 2962 5055 ut
3006 5000 3233 5072 celerius
3257 5015 3386 5056 con-

170 5066 433 5143 valescere
465 5069 734 5143 videatur,
756 5066 1236 5143 posteauveroiin
1258 5066 1760 5127 'morbum'recidat
1803 5081 1856 5126 ct
1905 5079 2229 5143 temporaria
2256 5079 2325 5129 sit
2349 5066 2577 5129 celerior
2605 5066 2934 5126 illa—curatio
2968 5084 2982 5121 :
3013 5071 3116 5125 hoc
3145 5073 3302 5123 modo
3332 5083 3388 5126 et

173 5131 299 5188 Deus
323 5137 592 5214 qui_novit
616 5131 829 5214 occulta
859 5140 1037 5194 cordis
1068 5150 1131 5214 et
1153 5141 1330 5194 futura
1361 5143 1643 5212 prmvidet,
1670 5157 1781 5214 per
1824 5131 2136 5209 patientiam
2170 5147 2307 5200 forte
2355 5145 2622 5214 permittit
2657 5143 2770 5214 fieri
2805 5143 3070 5214 quaedam,
3104 5151 3158 5214 et
3192 5156 3286 5214 per
3320 5157 3382 5196 ea

175 5219 278 5269 qua:
299 5208 954 5284 estrinsecusincidunt,
980 5211 1259 5284 occultum
1279 5208 1476 5284 malum
1510 5211 1747 5284 extrahit
1776 5208 1838 5284 ut
1865 5227 2127 5284 expurget
2161 5233 2279 5269 eum
2314 5208 2406 5282 qui
2442 5228 2539 5281 per
2571 5208 2948 5284 negligentiam
2985 5208 3198 5284 semina
3223 5211 3275 5284 in
3325 5226 3383 5284 se

173 5278 363 5351 peccati
425 5280 720 5351 receperit,
777 5292 943 5348 utque
983 5281 1048 5343 is,
1091 5295 1214 5333 cum
1247 5281 1361 5336 hazc
1415 5283 1481 5335 ad
1536 5281 1878 5351 superficiem
1937 5278 2204 5346 venei'iut,
2233 5296 2288 5338 et
2321 5278 2382 5338 ἑο
2416 5278 2740 5343 ε’νοιιιιιθὶίι,
2783 5282 2909 5335 licet
2961 5282 3297 5351 gravissimis
3329 5282 3378 5333 in

174 5345 309 5420 {nalis
337 5345 522 5420 fuerit,
555 5345 745 5420 postea
775 5345 1030 5403 adhibitis
1063 5355 1338 5404 consuetis
1380 5362 1500 5419 post
1523 5345 1728 5416 peccati
1759 5355 2003 5406 morbum
2040 5345 2295 5408 remediis
2329 5354 2382 5406 in
2424 5353 2698 5407 meliorem
2729 5363 2926 5405 statum
2953 5345 3160 5405 r'estitui
3189 5352 3376 5420 possit.

177 5407 299 5468 Deus
326 5417 472 5470 enim
510 5407 740 5473 animas
793 5429 1005 5475 nostras
1037 5435 1142 5474 non
1195 5421 1259 5473 ad
1292 5407 1687 5490 quinquaginta
1717 5429 1844 5488 puta
1887 5424 2043 5491 hujus
2085 5424 2206 5478 vita:
2255 5407 2446 5487 annos,
2498 5423 2593 5476 sed
2645 5423 2713 5477 ad
2758 5424 3146 5491 sempiternum
3189 5407 3375 5474 laevum

231 5574 332 5641 (5‘2)
360 5575 762 5639 Συνοίσοντος
827 5577 908 5643 ὡς
971 5576 1118 5643 πρὸς
1174 5575 1286 5643 τὴν
1348 5577 1704 5631 ἀθανασίαν.

1890 5581 1999 5652 (51)
2041 5579 2191 5633 Ἐπί.
2226 5579 2621 5647 Deestqnoque
2644 5579 2696 5630 in
2729 5585 2884 5629 antea
2924 5577 3102 5640 editis,
3132 5577 3258 5632 licet
3282 5579 3376 5632 ha-

171 5636 391 5724 l'la'libb.
417 5645 546 5699 editi
575 5659 700 5698 cum
720 5636 926 5715 aliquot
955 5636 1171 5700 mssflu
1209 5636 1331 5699 aliis
1385 5662 1517 5700 mss.
1558 5647 1709 5701 deest

1817 5651 2011 5703 beatur
2042 5652 2092 5702 in
2123 5659 2264 5703 Inss.‘

1885 5722 1996 5790 (55)
2027 5719 2117 5773 Sic
2147 5735 2278 5774 mss.
2305 5719 2458 5773 Libb.
2486 5718 2638 5780 editi,
2678 5717 2988 5790 tyobtrttsis.
3021 5738 3038 5771 ι
3069 5717 3233 5790 Paulo
3254 5726 3373 5790 post

1814 5787 2016 5856 optime
2066 5805 2192 5841 mss.
2224 5806 2244 5839 σ
2283 5791 2535 5843 exclusus
2561 5803 2590 5842 a
2634 5789 2804 5842 solitis
2846 5790 3128 5843 meatibus.
3162 5805 3182 5839 ι
3214 5787 3368 5843 Libb.

247 5784 332 5855 δε)
366 5785 419 5840 111
467 5785 594 5840 libb.
651 5783 810 5840 editis
861 5761 1018 5840 deest
1055 5786 1147 5839 ἐπί
1197 5787 1339 5857 quod
1394 5786 1624 5841 habetur
1651 5789 1701 5844 iu

1805 5859 1942 5921 editi
1972 5860 2248 5929 mendose,
2281 5877 2298 5912 1
2330 5862 2582 5916 exclusus
2609 5857 2634 5915 ἁ
2661 5859 2850 5918 salutis
2878 5860 3161 5914 meatibus.
3203 5876 3226 5914 ι

167 5725 247 5772 ως,

228 5783 272 5851 (.5

167 5863 279 5912 mss.
