4118 6308
195 420 287 478 23!
531 470 539 475 .
1484 412 1685 468 LIBER
1721 411 2034 468 TERTIUS.

3294 422 3404 480 Q82

197 536 320 597 λεῖν,
360 552 379 584 ι
417 533 505 586 ἵνα
537 532 818 601 βλέποντες
846 531 917 602 μὴ
954 529 1209 599 βλέπωσι,
1236 530 1329 582 καὶ
1356 528 1644 591 ἀκούοντες
1681 529 1752 599 μὴ

1859 528 2077 581 videant
2126 535 2180 580 et
2217 543 2324 584 non
2370 528 2479 584 vid.
2528 538 2617 596 at;
2669 538 2720 584 et
2754 531 3033 588 audientes
3070 531 3309 597 audiant.
3350 545 3407 591 et

201 627 433 688 συνιῶσι,
473 626 679 695 μήποτε
725 622 1085 694 ἐπιστρέψωσι
1117 623 1210 675 καὶ
1254 621 1426 691 ἀφεθῇ
1472 622 1666 683 αὐτοῖς.
1731 638 1747 668 ι

204 719 307 770 Καὶ
332 720 445 788 ἐρεῖ
471 718 500 768 ὁ
528 717 587 783 ἐξ
617 715 862 777 ἐναντίας
882 730 894 742 ·
932 714 995 765 Ei
1029 714 1240 777 πάντως
1260 712 1367 766 τῶν
1385 768 1392 784 ¹
1411 711 1753 781 σαφεστέρων

200 808 521 870 ἀκούσαντες
573 807 681 859 οἵδε
738 808 876 869 τινὲς
932 806 1365 877 ἐπιστρέφουσιν,
1383 806 1523 859 ὥστε
1560 803 1753 864 αὐτοὺς

197 898 372 964 ἀξίους
402 896 649 965 γενέσθαι
674 896 915 962 ἀφέσεως
942 893 1371 965 ἁμαρτημάτων,
1404 891 1503 942 οὐκ
1547 890 1659 942 ἔστι
1695 889 1752 941 δὲ

200 990 283 1040 ἐπ’
314 990 495 1048 αὐτοῖς
526 987 584 1039 τὸ
615 987 840 1039 ἀκοῦσαι
874 986 979 1039 τῶν
1014 984 1356 1054 σαφεστέρων
1393 981 1592 1049 λόγων,
1638 980 1750 1032 ἀλλ’

198 1078 284 1131 ἐπὶ
311 1078 387 1146 τῷ
413 1077 737 1141 διδάσκοντι,
760 1077 850 1130 καὶ
880 1077 965 1129 διὰ
992 1076 1145 1128 τοῦτο
1174 1076 1272 1127 οὐκ
1304 1072 1627 1140 ἀπαγγέλλει
1659 1073 1754 1124 αὑ·-

197 1171 302 1231 τοῖς
358 1169 721 1239 σαφέστερον,
765 1169 972 1237 μήποτε
1018 1168 1165 1219 ἴδωσι
1217 1168 1311 1220 καὶ
1364 1166 1752 1227 συνιῶσιν,οὑκ

196 1254 333 1309 ἔστιν
363 1257 447 1308 ἐπ’
476 1256 659 1318 αὐτοῖς
698 1254 756 1307 τὸ
788 1253 1021 1321 σωθῆναι
1046 1270 1057 1281 ·
1103 1255 1151 1304 εί
1181 1253 1236 1305 δὲ
1268 1252 1439 1312 τοῦτο,
1463 1252 1560 1303 οὐκ
1588 1250 1750 1319 ἐσμὲν

198 1347 524 1413 αὖτεξούσιοι
550 1346 821 1416 σωτηρίας
855 1345 947 1396 καὶ
975 1343 1263 1405 ἀπωλείας.
1301 1341 1503 1410 Πιθανὴ
1538 1339 1633 1409 μὲν
1660 1332 1751 1390 οὗν

197 1438 326 1509 πρὸς
370 1456 417 1491 τι
668 1440 869 1506 ,ολογία
911 1433 1009 1507 ἦν,
1063 1438 1111 1488 εί
1163 1436 1236 1513 μὴ
1306 1434 1620 1504 προσέκειτο
1667 1432 1746 1495 τὸ,

199 1547 216 1578 ι
268 1530 440 1599 μήποτ
638 1530 873 1598 caedium
914 1529 1005 1579 xui.
1034 1528 1205 1597 ἀφεθῇ
1239 1527 1435 1588 αὐτοῖς,
1471 1543 1489 1575 ι
1544 1523 1625 1586 τὸ,
1673 1522 1750 1573 ὅτι

192 1623 287 1675 οὐκ
320 1621 489 1674 ὲϐούλτ
596 1625 710 1685 ,ους
752 1623 824 1693 μὴ
849 1622 1133 1692 ἐσομένους
1171 1619 1366 1680 καλοὺς
1398 1618 1489 1671 καὶ
1520 1615 1751 1683 ἀγαθοὺς

197 1711 427 1763 συνιέναι
462 1712 568 1763 τῶν
605 1712 1020 1782 μυστικωτέρων
1048 1713 1077 1763 ὁ
1124 1710 1331 1779 Σωτὴρ,
1362 1708 1453 1759 καὶ
1481 1707 1567 1762 διὰ
1599 1708 1752 1759 τοῦτο

195 1801 367 1855 ἐλάλει
412 1802 592 1863 αὐτοῖς
639 1805 694 1854 ὲν
729 1802 1062 1872 παραϐολαῖς
1083 1818 1096 1830 ’
1130 1799 1220 1853 νῦν
1249 1800 1305 1851 δὲ
1342 1798 1587 1867 κειμένου
1635 1797 1749 1860 τοῦ,

1858 636 1966 671 non
1999 619 2326 689 intelligant,
2359 636 2423 673 ne
2453 620 2593 676 fottte
2618 631 2998 691 convertantur
3019 633 3073 677 et
3101 624 3408 680 remittatur

1859 711 1937 764 eis
1966 712 2032 766 ⁵⁸.
2073 730 2091 761 δ
2127 711 2181 763 ln
2214 728 2320 780 quo
2352 713 2493 767 (licet
2528 717 2616 782 qui
2668 730 2697 768 e
2740 716 2949 769 diverso
2982 715 3268 785 respondet
3296 735 3312 771 :
3346 714 3404 772 Si

1861 802 2168 855 omnimodo
2198 804 2252 855 hi
2295 802 2386 871 qui
2418 803 2763 872 manifestius
2793 806 3036 870 audient,
3073 806 3408 875 corrigentur

1859 901 1909 944 et
1948 903 2355 959 convertentur,
2408 895 2576 949 etita
2624 907 3027 959 convertentur,
3063 906 3122 949 ut
3164 907 3217 950 et
3263 895 3407 965 digni

1859 985 1963 1036 sint
2001 984 2275 1052 percipere
2309 986 2680 1041 remissionem
2731 997 3114 1055 peccatorum;
3170 1004 3275 1041 non
3327 997 3410 1041 est

1859 1084 2034 1128 autem
2064 1075 2115 1127 in
2152 1076 2391 1144 ipsorum
2426 1082 2686 1146 potestate
2719 1089 2777 1132 ut
2805 1081 3023 1132 audiant
3065 1079 3405 1133 manili-stum

1860 1178 2188 1230 sermonem,
2218 1166 2310 1218 sed
2344 1166 2394 1219 in
2431 1166 2551 1233 ejus
2582 1168 2765 1237 utique
2797 1177 3059 1235 potestate
3091 1170 3182 1239 qni
3231 1171 3405 1232 docet,

1861 1262 1912 1305 ut
1947 1254 2181 1320 apertius
2215 1264 2264 1307 et
2307 1248 2646 1310 manifestius
2677 1260 2897 1322 doceat;
2931 1258 2975 1312 is
3002 1274 3128 1312 vero
3174 1261 3265 1328 qui
3311 1259 3411 1314 do.

1859 1357 1963 1408 cet,
2010 1357 2289 1415 propterea
2330 1363 2386 1401 se
2422 1348 2552 1401 dicit
2595 1349 2882 1403 manifeste
2934 1350 3014 1404 eis
3069 1364 3174 1403 non
3219 1351 3411 1419 praedi-

1861 1452 1986 1489 care
2042 1423 2263 1491 verbum
2316 1454 2383 1491 ne
2441 1438 2581 1493 forte
2634 1441 2857 1494 audiant
2906 1449 2963 1494 et
3011 1440 3307 1510 intelligant
3353 1450 3411 1495 et

1858 1536 2243 1579 convertantur
2275 1537 2329 1580 et
2357 1528 2631 1597 salventur
2660 1547 2674 1584 :
2712 1546 2815 1583 non
2855 1531 2960 1584 erit
2988 1532 3171 1598 utique
3199 1531 3249 1584 in
3280 1530 3411 1598 ipsis

1859 1626 1915 1668 ut
1944 1618 2076 1670 salvi
2112 1619 2259 1671 (iant.
2290 1618 2440 1684 Quod
2484 1620 2526 1673 si
2572 1631 2676 1684 est,
2708 1621 2861 1674 liberi
2909 1621 3123 1675 arbitrii
3165 1637 3268 1675 non
3306 1623 3412 1675 cri—

1860 1722 1975 1759 mns
2029 1708 2107 1761 vel
2159 1712 2224 1762 ad
2277 1710 2525 1774 salutem,
2559 1711 2643 1763 vel
2698 1715 2764 1764 ad
2812 1714 3191 1781 perditionem.
3251 1713 3315 1767 Et
3363 1714 3409 1768 si

1857 1800 2066 1867 quidem
2109 1816 2208 1853 non
2257 1816 2398 1856 esset
2434 1804 2695 1871 adjectum
2727 1804 2867 1872 quod
2894 1805 3073 1860 dixit:
3112 1825 3132 1857 ι
3166 1805 3241 1859 Ne
3274 1805 3412 1859 forte

194 1910 214 1943 ι
253 1893 453 1962 μήποτε
490 1892 854 1962 ὲπιστρέψωσι
882 1893 973 1946 καὶ
1003 1891 1173 1961 ἀφεθῇ
1223 1891 1402 1953 αὐτοῖς
1425 1905 1438 1918 ο
1482 1908 1499 1939 ι
1536 1890 1567 1959 ὴ
1606 1890 1740 1941 ἀπο·

1852 1900 2237 1944 eonvertantur
2280 1902 2334 1945 et
2389 1894 2695 1946 remittatur
2748 1894 2849 1958 eis,
2904 1912 2923 1945 ι
2982 1905 3163 1965 posset
3194 1897 3412 1964 pronior

190 1981 338 2049 λογία
378 1984 493 2035 ἐστὶ
524 1982 898 2053 χαλεπωτέρα.
951 1982 1170 2053 Πρῶτον
1212 1981 1386 2034 τοίνυν
1421 1980 1747 2048 σημειωτέον

195 2075 308 2126 ἐστὶ
337 2076 425 2127 τὸν
450 2076 614 2127 τόπον
654 2075 789 2145 πρὸς
815 2076 939 2135 τοὺς
964 2072 1315 2144 ἑτεροδόξους,
1343 2070 1748 2141 λεξιθηροῦντας

192 2162 285 2231 μὲν
332 2162 398 2215 τὰ
443 2162 551 2215 ἀπὸ
596 2164 695 2233 τῆς
738 2162 976 2223 Παλαιᾶς
1020 2161 1291 2232 Διαθήκης
1332 2160 1570 2224 τοιαῦτα,
1622 2159 1749 2213 ἔνθα

188 2252 523 2321 ἐμφαίνεται,
571 2253 646 2315 ὼς
690 2253 842 2306 αὐτοὶ
887 2251 1188 2322 τολμῶντες
1220 2251 1483 2318 λέγουσιν,
1532 2252 1747 2320 ὠμότης

185 2334 275 2387 τοῦ
320 2336 648 2408 δημιουργοῦ
694 2342 728 2409 ἡ
773 2339 1041 2409 ἀμυντικὴ
1080 2340 1175 2391 καὶ
1222 2340 1604 2410 ἀνταποδοτικὴ
1640 2340 1746 2391 τῶν

187 2426 435 2496 χειρόνων
465 2429 803 2499 προαίρεσις,
832 2430 865 2499 ἢ
892 2430 989 2482 an
1028 2448 1155 2483 ποτε
1187 2431 1395 2483 θέλουσι
1428 2431 1484 2482 τὸ
1512 2432 1745 2485 τοιοῦτον

186 2520 479 2589 ὀνομάζειν,
502 2522 661 2590 μόνον
693 2522 776 2573 ἵνα
804 2522 1031 2589 λέγωσιν
1059 2523 1159 2575 οὐκ
1184 2523 1492 2591 άγαθὸτητα
1524 2520 1660 2576 εἶναι
1688 2526 1743 2577 ἐν

183 2607 257 2679 τῷ
302 2610 539 2663 κτίσαντι
564 2628 579 2641 ·
627 2614 725 2681 οὐχ
754 2613 967 2681 ,ὁμοίως
997 2613 1073 2677 δὲ,
1119 2615 1239 2667 οὐδὲ
1272 2616 1626 2686 εὐγνωμόνως
1656 2619 1742 2668 ὲν-

183 2701 536 2767 τυγχάνοντας
580 2706 647 2773 τῇ
696 2706 892 2773 Καινῇ,
923 2703 1056 2755 άλλά
1104 2694 1639 2777 παραπεμπομένους
1676 2708 1742 2761 τὰ

186 2784 528 2863 παραπλήσια
558 2787 641 2856 οἷς
666 2793 981 2864 νομίζουσιν
1002 2790 1140 2848 εἶναι
1166 2795 1480 2866 ὲπιλήπτοις
1519 2800 1609 2850 ἐπὶ
1631 2798 1739 2869 (64)

186 2881 277 2951 τῆς
304 2882 572 2945 Παλαιᾶςο
611 2886 858 2957 φανερῶς
891 2887 997 2957 γὰρ
1038 2887 1130 2941 καὶ
1162 2887 1300 2939 κατά
1326 2889 1385 2940 τὸ
1419 2890 1741 2957 Εὐαγγέλιον

184 2972 210 3022 ὁ
227 2972 410 3043 Σωτὴρ
434 2974 729 3038 δείκνυται,
756 2978 830 3039 ὡς
860 2978 1011 3031 αὐτοὶ
1042 2979 1355 3046 φάσκουσιν,
1375 2981 1465 3031 ἐπὶ
1486 2982 1590 3033 τῶν
1612 3000 1742 3053 προ-

183 3060 350 3130 τέρων
390 3062 473 3115 διὰ
520 3064 680 3116 τοῦτο
737 3065 920 3132 σαφῶς
969 3066 1041 3136 μὴ
1094 3067 1474 3137 φθεγγόμενος,
1533 3071 1616 3122 ἵνα
1666 3070 1739 3141 μὴ

182 3155 569 3236 επιστρέψωσιν
598 3159 647 3209 οί
688 3157 982 3228 ἄνθρωποι,
1015 3161 1105 3213 καὶ
1146 3161 1568 3231 ἐπιστρέψαντες
1603 3164 1736 3231 ἀφέ-

1856 1996 1976 2034 esse
2021 1983 2321 2049 responsio,
2376 1998 2478 2051 qua
2528 1984 2836 2040 diceremus
2887 1988 3143 2055 quoniam
3194 1984 3410 2041 nolebat

1856 2064 1946 2125 eos
1974 2088 2109 2140 quos
2146 2072 2392 2126 Salvator
2423 2073 2742 2142 praesciebat
2783 2090 2887 2129 non
2918 2090 3038 2131 esse
3064 2075 3276 2130 futuros
3312 2079 3410 2129 bo-

1856 2180 1971 2227 nos,
2006 2165 2309 2233 intelligere
2358 2167 2611 2233 mysteria
2659 2168 2810 2235 regni
2848 2167 3137 2234 cmlorum,
3182 2178 3257 2243 et’
3284 2185 3411 2238 pro-

1854 2265 2033 2323 pterea
2090 2256 2405 2323 loquebatur
2455 2257 2534 2311 eis
2580 2258 2631 2310 in
2686 2258 2990 2325 parabolis;
3040 2274 3181 2314 nunc
3230 2269 3407 2314 autem

1853 2362 1971 2397 cum
2017 2344 2279 2411 adjectum
2329 2348 2475 2409 sit,'¢
2525 2363 2589 2401 ne
2621 2346 2760 2401 forte
2814 2359 3290 2404 convertantur‘et
3320 2366 3409 2403 re-

1855 2437 2098 2489 mittatur
2146 2436 2256 2499 cis,
2308 2456 2325 2487 ι
2383 2437 2649 2491 dillicilior
2710 2436 2939 2493 efﬁcitur
2986 2440 3279 2508 expositio.
3342 2441 3412 2494 Et

1853 2528 2027 2592 primo
2059 2526 2269 2593 quidem
2304 2527 2704 2580 observandum
2750 2529 2909 2582 nobis
2937 2538 3020 2583 est
3046 2530 3173 2599 quid
3212 2530 3410 2584 habeat

1850 2618 2165 2670 munimenti
2223 2617 2369 2671 locus
2429 2619 2529 2671 iste
2581 2620 2744 2672 etiam
2800 2621 3058 2675 adversus
3103 2621 3403 2683 haereticos,

1850 2707 1940 2774 qui
1986 2712 2244 2777 aucupari
2285 2708 2443 2761 verba
2495 2711 2561 2762 de
2605 2710 2783 2763 Veteri
2816 2711 3163 2767 Testamento
3211 2714 3407 2778 solent,

1849 2799 1891 2851 si
1946 2813 2046 2866 qua
2105 2799 2242 2854 forte
2272 2800 2541 2855 videntur
2571 2799 2670 2864 eis,
2704 2809 2763 2853 ut
2818 2803 2921 2871 ipsi
2980 2804 3306 2873 intelligunt,
3336 2804 3408 2859 ‘de

1851 2889 1957 2942 Deo
2004 2900 2251 2943 creatore
2304 2906 2465 2958 grave
2514 2899 2569 2945 et
2623 2891 2978 2948 inhumanum
3031 2895 3231 2966 aliquid
3266 2896 3409 2951 desi-

1849 2993 2033 3047 gnare,
2071 2992 2187 3031 cum
2231 2980 2391 3050 126
2438 2981 2520 3034 vel
2570 2982 2895 3037 vindicantis
2944 2983 3054 3055 (b5)
3095 2987 3407 3054 designatur

1847 3069 1927 3122 vel
1958 3068 2227 3137 punientis
2258 3068 2501 3135 affectus,
2552 3070 2635 3125 vel
2669 3074 3049 3140 quoquomodo
3093 3085 3246 3129 certe
3297 3076 3401 3144 ipsi

1848 3161 1960 3213 huic
2009 3160 2288 3214 nominare
2337 3161 2534 3228 solent,
2570 3177 2633 3214 ex
2670 3161 2866 3231 quibus
2895 3162 3149 3217 videlicet
3185 3166 3400 3220 bonita-

186 3268 313 3315 σεως
342 3251 743 3320 ἁμαρτημάτων
772 3248 909 3313 ἄξιοι
939 3252 1201 3319 γένωνται
1221 3269 1236 3283 ο
1281 3254 1423 3323 ὅπερ
1462 3253 1580 3306 καθ’
1605 3256 1735 3308 αὐτὸ

1852 3267 1947 3303 rem
1982 3254 2241 3321 denegent
2288 3266 2406 3306 esse
2440 3254 2491 3305 in
2528 3252 2785 3306 Creatore
2818 3269 2832 3306 :
2867 3256 3138 3322 quomodo
3166 3270 3269 3309 non
3297 3270 3394 3310 ea-

182 3343 398 3407 οὐδενὸς·
430 3342 642 3394 ἔλαττόν
688 3346 802 3395 ἐστι
841 3342 947 3394 τῶν
970 3343 1075 3395 ἀπὸ
1098 3345 1197 3414 τῆς
1223 3346 1462 3407 Παλαιᾶς
1500 3363 1734 3415 κατηγο-

1852 3341 1958 3392 lem
1990 3352 2186 3403 mente,
2234 3357 2333 3395 nec
2361 3342 2546 3396 eodem
2580 3357 2739 3396 sensu
2781 3343 2948 3396 etiam
2996 3344 3063 3398 de
3093 3343 3400 3415 Evangelii:

185 3434 445 3503 ρουμένων
491 3430 781 3485 τοιούτων·
831 3432 924 3485 ὲάν
973 3432 1035 3504 δὲ
1078 3434 1206 3503 περὶ
1262 3436 1353 3489 τοῦ
1406 3435 1731 3504 Εὑαγγελίου

1862 3430 2100 3493 udicant,
2137 3448 2232 3486 nec
2262 3433 2554 3487 observant
2578 3433 2754 3503 si'qua
2794 3434 2917 3487 talia
2944 3435 3110 3488 etiam
3139 3436 3191 3489 in
3216 3436 3400 3492 Evan-

184 3499 457 3591 ἀπολογίαν
496 3522 722 3594 ζητῶσι,
749 3523 966 3577 λεκτέον
1155 3499 1392 3590 αὐτοὺς,
1420 3530 1467 3580 εί
1609 3528 1731 3579 ὲπι-

1852 3522 1989 3589 ;eliis
2030 3527 2200 3591 posita
2244 3534 2389 3588 sunt,
2438 3524 2616 3594 qualia
2667 3499 2915 3594 judicant
2944 3527 3027 3580 vel
3058 3537 3296 3597 arguunt
3341 3529 3398 3583 in

182 3614 386 3685 λήπτως
432 3614 654 3668 ποιῶσιν
691 3616 783 3668 ἐπὶ
822 3614 930 3669 τῶν
961 3617 1158 3687 ὁμοίων
1188 3618 1582 3689 προϐλημάτων
1611 3621 1733 3673 ἀνο-

1852 3613 2017 3668 Veteri
2052 3614 2419 3670 Testamento.
2449 3616 2743 3669 Evidenter
2770 3616 2913 3670 enim
2941 3618 2996 3671 in
3029 3618 3133 3672 hoc
3162 3619 3398 3688 capitulo

150 3752 157 3758 .
185 3709 338 3777 μοίως
362 3708 656 3778 ἱστάμενοι,
686 3708 778 3760 καὶ
812 3707 954 3763 κατά
989 3709 1208 3779 μὲντὴν
1241 3709 1445 3779 Καινὴν
1470 3712 1529 3763 οὐ
1573 3728 1740 3783 προσ-

1852 3706 2087 3760 Salvator
2131 3708 2452 3773 ostenditur,
2499 3709 2641 3761 sicut
2692 3707 2792 3775 ipsi
2848 3708 3058 3773 dicunt,
3109 3720 3395 3777 propterea

179 3799 468 3863 κόπτοντες,
503 3798 615 3852 ἀλλ’
658 3797 953 3865 ἀπολογίαν
998 3797 1303 3870 ζητοῦντες,
1341 3798 1481 3850 κατὰ
1527 3799 1583 3850 δὲ
1626 3798 1724 3869 τὴν

1852 3794 2123 3848 manifeste
2164 3810 2270 3849 non
2304 3794 2473 3864 loqui,
2512 3795 2587 3849 uti
2632 3810 2699 3849 ne
2732 3804 3121 3852 convertantur
3151 3797 3397 3855 homines

180 3887 402 3942 Παλαιὰν
447 3890 573 3961 περὶ
609 3886 717 3941 τῶν
753 3887 1165 3957 παραπλησίων,
1190 3888 1304 3968 θέον
1351 3886 1739 3956 ἀπολογεῖσθαι

1852 3900 1887 3941 ιι
1934 3880 2185 3941 conversi
2240 3888 2614 3942 remissionem
2685 3888 2959 3958 accipiant
3026 3898 3391 3960 peccatorum.

179 3980 363 4049 ὁμοίως
386 3984 494 4045 τοῖς
530 3979 636 4034 ἀπὸ
678 3978 778 4049 τῆς
816 3980 1039 4049 Καινῆς,
1077 3979 1533 4051 κατηγοροῦντες
1566 3979 1621 4045 ἐξ
1661 3975 1736 4035 ὧν

1852 3982 1986 4047 Quod
2024 3981 2208 4052 utique
2239 3981 2282 4035 si
2314 3982 2607 4035 secundum
2654 3980 2823 4035 solam
2853 3974 3090 4036 litteram
3121 3983 3392 4055 intelliga—

181 4074 573 4145 συμϐιϐἁσομεν
612 4073 822 4134 ἀὐτοὺς
868 4070 956 4133 διὰ
1007 4072 1106 4135 τὰς
1157 4072 1477 4143 ὁμοιότητας
1523 4072 1614 4124 ἐπὶ
1668 4071 1727 4125 τὸ

1852 4089 1945 4137 .ur,
1978 4073 2108 4126 nihil
2154 4074 2376 4128 omnino
2410 4072 2591 4128 minus
2624 4073 2913 4127 habebitur
2938 4074 3008 4127 ab
3053 4075 3135 4129 eis
3175 4090 3294 4144 qua:
3334 4076 3390 4132 in

179 4161 338 4215 πάντα
365 4164 614 4235 ἡγεῖσθαι
644 4164 761 4225 ἑνὸς
787 4160 923 4214 εἶναι
951 4162 1258 4233 Γράμματα
1287 4163 1441 4217 Θεοῦ.
1478 4164 1613 4235 Φέρε
1659 4163 1721 4234 δὴ

1852 4164 2174 4217 l‘estamento
2200 4163 2379 4217 Veteri
2413 4162 2795 4217 criminantur.
2821 4163 2878 4217 Si
2910 4178 3042 4219 vero
3064 4164 3196 4232 ipsis
3223 4167 3388 4223 etiam

179 4253 263 4305 καὶ
290 4258 417 4327 πρὸς
454 4258 515 4310 τὸ
546 4253 902 4329 προκείμενον
942 4252 1234 4322 ἀπολογίαν
1282 4255 1421 4311 κατά
1461 4255 1521 4308 τὸ
1562 4255 1719 4311 6W1-

1852 4255 2080 4308 tideutur
2112 4256 2226 4309 hzec
2265 4255 2601 4323 expositione
2631 4255 2891 4324 indigere,
2926 4257 2971 4309 si
3006 4272 3112 4347 qpa
3157 4258 3211 4312 in
3240 4257 3390 4315 Novo

176 4344 257 4397 τὸν
284 4348 647 4420 πορισώμεθα.
1050 4418 1056 4423 ι
1564 4386 1567 4389 -

1852 4346 2173 4402 l‘estamonto
2204 4348 2278 4400 ita
2327 4348 2501 4415 posita
2547 4346 2923 4413 inveniuntur,
2953 4344 3290 4420 consequens
3330 4362 3389 4409 et

134 4474 147 4485 ι
178 4444 525 4495 necessarium
580 4441 710 4507 erit,
778 4442 1022 4496 utetiam
1079 4454 1141 4493 ea
1171 4457 1290 4510 quze
1329 4442 1379 4494 in
1418 4434 1966 4511 Veterij'l‘estamento
2020 4441 2402 4515 criminaruyt,
2470 4441 2629 4494 simili
2686 4443 3023 4510 expositione
3064 4457 3387 4515 purgentur,

176 4537 229 4582 lt
251 4544 336 4598 per
362 4534 473 4586 bare
520 4533 1065 4603 uninsejusdemqne
1110 4506 1201 4586 Dei
1246 4535 1545 4603 probentur
1573 4506 1692 4587 esse
1738 4549 1859 4603 qua:
1887 4535 1935 4587 in
1976 4545 2200 4602 utroque
2233 4506 2432 4601 scripta
2477 4543 2603 4587 sunt
2634 4532 2985 4597 Testamento
3014 4536 3150 4610 (66).
3186 4538 3292 4593 Sed
3316 4540 3401 4593 ad'

176 4630 482 4696 propositam
515 4632 891 4699 quaestionem,
926 4637 1082 4700 prout
1129 4644 1433 4696 possumus,
1481 4640 1884 4684 convertamur.

1374 4742 1938 4799 lNTERPRETATlO
1972 4742 2175 4797 NOVA.

178 4836 336 4910 ctione
365 4837 504 4893 Novi
539 4837 877 4910 Testamenti
914 4846 1218 4910 versantur,
1258 4842 1349 4893 sed
1401 4841 1469 4894 iis
1516 4855 1637 4908 qua:
1685 4840 1736 4893 in
1766 4840 1945 4894 Veteri
1981 4841 2418 4906 reprehendenda
2464 4851 2673 4909 putant,
2706 4841 2903 4909 similia
2938 4844 3376 4910 praetermittunt.

180 4904 298 4960 Nam
327 4919 514 4977 aperte
574 4908 825 4965 Salvator
856 4912 909 4963 in
943 4909 1255 4981 Evangelio,
1306 4912 1447 4963 sicut
1505 4904 1601 4981 ipsi
1634 4911 1844 4972 dicunt,
1892 4904 2161 4976 prioribus
2196 4912 2375 4965 verbis
2407 4904 2706 4964 ostenditur
2739 4904 3020 4979 propterea
3069 4927 3173 4965 non
3206 4916 3378 4967 tua-ni-

176 4977 296 5049 {este
319 4979 484 5045 loqui,
516 4994 583 5033 ne
626 4990 1010 5033 convertantur
1040 4980 1284 5049 homines
1316 4994 1377 5041 et,
1401 4977 1645 5035 conversi
1678 4990 2021 5049 peccatorum
2061 4982 2375 5035 remissione
2410 4982 2553 5049 digni
2592 4977 2752 5049 lianti
2784 4977 2927 5047 quod
2969 4982 3140 5049 ipsum
3183 4999 3277 5049 per
3304 4998 3375 5042 _se

176 5048 324 5101 nihilo
351 5049 579 5120 inferius
628 5060 712 5103 est
743 5051 808 5105 iis
846 5066 965 5120 qiue
1013 5050 1065 5101 in
1129 5046 1305 5101 Veteri
1358 5046 1706 5105 'l‘eslatnenlo
1763 5050 2251 5120 reprehenduntur.
2307 5052 2399 5104 Sin
2461 5046 2637 5101 autem
2690 5046 2959 5117 Evangelii
2988 5046 3375 5107 defensionem
3473 5104 3478 5109 .

173 5127 419 5183 quarunt,
452 5119 828 5189 interrogandi
865 5118 1005 5175 sunt
1032 5134 1220 5189 annon
1253 5122 1678 5188 reprehensione
1727 5118 1873 5189 digni
1916 5120 2025 5172 sint
2053 5123 2142 5189 qui
2195 5123 2243 5173 in
2296 5120 2562 5175 similibus
2617 5121 3007 5186 qutestionibus
3042 5122 3377 5179 dissimiliter
3454 5184 3459 5189 ο

175 5197 453 5258 versantur,
482 5198 541 5241 et
567 5188 689 5242 cum
723 5190 774 5243 in
808 5191 953 5245 Novo
998 5188 1349 5244 Testamento
1400 5192 1532 5244 nihil
1579 5189 1681 5244 sibi
1732 5188 2038 5243 oﬂ'entliculi
2072 5188 2367 5250 inveniant,
2404 5189 2497 5240 sed
2544 5189 2659 5255 ejus
2706 5190 3074 5244 defensionem
3112 5203 3375 5258 qtuerant,

176 5253 221 5306 iu
248 5254 411 5313 Veteri
445 5268 630 5312 tamen
662 5261 857 5314 similia
913 5259 1330 5329 reprehendunt,
1382 5276 1615 5328 quorum
1665 5258 1851 5313 itidem
1900 5261 2186 5327 qmercnda
2240 5267 2377 5329 ιιι-ιιιᾷ
2409 5253 2719 5325 explicatio.
2750 5259 2920 5313 Unde
2964 5261 3084 5315 illos
3130 5253 3374 5323 locorqu

174 5329 549 5402 comparatione
577 5344 645 5383 eo
689 5327 1013 5385 deducennis
1043 5339 1100 5381 ut
1146 5328 1304 5402 unius
1336 5327 1691 5402 ejusdemque
1734 5344 1851 5383 esse
1880 5329 1974 5385 Dei
2014 5340 2306 5399 utrumque
2338 5327 2743 5383 Testamentum
2776 5331 3025 5385 credant.
3064 5333 3182 5402 Age
3221 5345 3371 5401 vero,

176 5396 231 5447 ad
258 5400 576 5467 propositam
628 5402 980 5467 quwstionem
1020 5413 1117 5467 pro
1155 5398 1298 5451 virili
1334 5396 1781 5469 respondeamus,

204 5486 274 5534 -⁸¹
303 5491 461 5547 lare.
499 5507 575 5557 ιν,
630 5492 719 5546 12.

357 5586 424 5661 In,
443 5598 604 5641 antea
631 5588 792 5661 editis
820 5590 1031 5661 legitur,
1050 5589 1188 5661 ἀπό.

233 5658 336 5724 (65)
373 5658 465 5714 Sic
520 5674 651 5713 mss.
680 5659 847 5725 Alias,
878 5658 921 5711 ἰ
978 5660 1059 5712 vel
1109 5659 1426 5727 judicantis.
1466 5680 1485 5711 ι
1525 5661 1691 5717 Paulo

175 5735 279 5790 post
306 5744 457 5793 mss.,
490 5746 510 5779 ι
557 5730 832 5796 quomodo
864 5740 967 5784 non
1017 5731 1204 5783 eadem
1238 5742 1437 5786 mente.
1476 5752 1494 5783 ι
1550 5732 1706 5787 Libb.

176 5796 301 5861 rtﬂti,
333 5815 352 5849 ι
395 5798 652 5867 quoniam
690 5816 793 5855 non
838 5802 1023 5855 eadem
1062 5812 1258 5854 tuente.
1300 5818 1319 5852 ι
1368 5800 1508 5855 Infra
1554 5819 1707 5867 mss.,

180 5878 196 5913 ι
224 5879 487 5935 propterea
517 5870 804 5930 manifeste
834 5886 938 5925 non
963 5869 1132 5941 loqui,
1181 5872 1254 5926 uti
1288 5886 1354 5927 ne
1388 5884 1712 5930 convertan-

1810 5603 1895 5643 tur
1942 5588 2204 5661 homines,
2235 5599 2289 5639 et
2314 5589 2563 5643 conversi
2594 5588 2971 5661 remissionem
3019 5591 3313 5661 accipiant.
3340 5610 3364 5645 ι

1800 5662 1854 5715 In
1885 5661 2046 5714 editis
2082 5657 2269 5731 deest,
2291 5677 2309 5709 ι
2350 5670 2632 5731 proltterea
2663 5677 2681 5709 ι
2714 5669 2769 5711 et
2800 5677 2819 5709 ι
2845 5660 3115 5725 conversi,
3140 5657 3172 5714 ἰ
3200 5657 3369 5731 etpro

1823 5750 1840 5780 ι
1883 5731 2077 5796 utine,
2113 5746 2129 5777 ι
2172 5728 2384 5796 legitur,
2424 5748 2440 5779 ι
2486 5740 2539 5782 ιιι
2574 5730 2637 5780 iir'
2664 5742 2747 5780 eo.
2786 5747 2806 5779 ι

1889 5798 1996 5869 (66)
2039 5795 2205 5851 Unius
2230 5795 2567 5869 ejusdemque
2602 5798 2701 5855 Dei,
2723 5797 3004 5865 probentur
3028 5814 3138 5869 esse
3165 5813 3281 5869 quo:
3307 5799 3362 5869 in

1820 5866 2031 5941 utraque
2063 5871 2256 5937 scriptu
2294 5881 2411 5924 sum
2464 5866 2812 5924 Testamento.
2838 5869 2915 5923 Ita
2946 5885 3080 5925 mss.
3116 5868 3171 5920 In
3202 5866 3360 5923 editis
