4136 6310
728 329 837 388 283

1951 325 2270 384 ORIGENIS
2308 328 2462 380 ΠΕΡΙ
2497 328 2724 382 ΑΡΧΩΝ

801 451 890 507 l7.
934 449 1255 507 Dicebamns
1301 452 1451 521 prius
1511 450 1577 506 de
1619 449 1900 504 Pharaone
1953 449 2284 518 disputantes
2315 453 2365 508 Α·

3839 325 3943 385 ‘28!

2472 450 2807 518 Ἐφάσκομεν
2851 451 2941 504 καὶ
2973 449 3216 520 περὶτοῦ
3257 445 3451 519 Φαραὼ
3494 446 3822 513 ἐξετάζοντες
3861 446 3944 502 ὅτι

728 542 872 613 quod
910 542 1179 597 interdum
1210 543 1386 597 curari
1431 541 1589 596 citius
1621 555 1725 594 non
1773 541 1917 595 cedit
1962 540 2015 593 in
2061 541 2276 604 bonum,

2374 538 2559 612 χἐνίοτε
2593 539 2652 590 τὸ
2677 539 2859 609 τάχιον
2884 539 3299 611 θεραπευθῆναι,
3328 540 3386 590 οὐ
3431 538 3562 607 πρὸς
3597 536 3759 590 καλοῦ
3802 538 3946 603 γίνε-

727 633 965 687 maxime
1027 633 1072 686 si
1129 621 1723 687 iiiteriiis.visceribtts
1771 630 2003 684 validius
2064 631 2284 684 morbus

726 729 1004 791 grassatur
1064 721 1320 775 inclusus.
1382 719 1534 775 Unde
1601 721 1741 775 Deus
1789 719 1880 788 qui
1947 718 2281 774 occultorum

724 812 976 881 cognitor
1024 823 1128 876 est,
1188 820 1241 865 et
1284 812 1435 866 novit
1480 813 1732 866 universa
1801 819 2084 879 antequam
2128 810 2281 875 fiant,

723 919 820 973 pro
878 903 1042 958 multa
1096 903 1425 973 benignitate
1475 918 1570 958 sua
1617 901 1796 958 differt
1850 903 2038 956 horum
2094 903 2279 956 talimn

722 1012 903 1063 curas,
955 1007 1008 1049 et
1035 995 1372 1064 :metlicinam
1424 995 1653 1065 protelat
1711 995 1764 1048 in
1815 994 2041 1065 longius,
2097 1005 2278 1065 atque,

653 1099 660 1103 '
719 1098 780 1142 ut
830 1091 904 1143 ita
958 1087 1222 1154 dixerim,
1275 1095 1431 1142 curat
1489 1101 1584 1160 eos
1631 1086 1756 1140 dum
1807 1101 1914 1141 non
1974 1093 2159 1150 curat,
2212 1100 2280 1140 ne
2328 1119 2331 1121 -

717 1192 812 1232 eos
889 1192 1116 1247 propera
1183 1177 1386 1233 sanitas
1432 1175 1756 1230 insanabiles
1825 1176 2034 1232 reddat.
2092 1176 2278 1232 Possi-

715 1267 824 1322 liile
869 1284 998 1339 ergo
1047 1278 1131 1324 est
1195 1277 1252 1321 ut
1311 1270 1450 1338 apud
1516 1283 1607 1322 eos
1653 1269 1848 1337 quibus
1901 1268 2034 1323 foris
2086 1267 2274 1332 positis

716 1360 929 1412 Domini
1002 1371 1056 1412 et
1116 1357 1415 1413 Salvatoris
1465 1361 1633 1412 nostri
1695 1373 1874 1412 sermo
1931 1357 2130 1423 flebat,
2179 1373 2277 1427 pro

717 1450 874 1519 127
906 1465 970 1504 eo
994 1448 1133 1517 quod
1163 1459 1410 1501 scrutatis
1462 1449 1624 1503 corda
1656 1457 1708 1502 et
1755 1462 1908 1501 renes
1948 1446 2272 1515 praevidebat

713 1558 806 1595 cos
832 1542 1065 1595 nondum
1094 1551 1245 1610 aptos
1268 1540 1384 1594 esse
1402 1539 1791 1594 manifestioris
1814 1538 2010 1606 eloquii
2036 1539 2274 1607 recipere

713 1631 1064 1697 doctrinam,
1110 1631 1481 1700 profundioris
1531 1632 1854 1686 sacramenti
1909 1631 2064 1684 fidem
2102 1623 2284 1684 velato‘

711 1735 961 1776 sermone
1011 1732 1361 1792 contegeret;
1419 1739 1488 1779 ne
1543 1724 1684 1779 forte
1739 1723 1998 1778 velociter
2026 1722 2271 1777 conversi

711 1829 774 1868 ac
803 1816 973 1869 sanati
1007 1855 1022 1880 ,
1054 1815 1106 1868 id
1137 1823 1219 1869 est
1248 1853 1265 1880 ,
1322 1823 1666 1881 peccatorum
1697 1829 1914 1868 suormu
1948 1814 2265 1868 remissione

709 1906 956 1961 celeriter
981 1917 1200 1975 accepta
1230 1945 1246 1970 ,
1297 1904 1455 1960 facile
1482 1907 1676 1960 iterum
1707 1906 1758 1958 in
1791 1907 2034 1958 eumdem
2064 1905 2267 1959 recide-

708 2008 830 2052 rent
865 1998 1108 2052 morbum
1138 2041 1152 2064 ,
1186 2012 1343 2064 quem
1375 2006 1655 2052 senserant
1685 1998 1802 2050 sine
1831 1996 2005 2065 aliqua
2040 1994 2264 2049 tlifliculv

711 2096 819 2140 tate
845 2096 1122 2144 curatum.
1183 2086 1334 2151 Quod
1386 2087 1570 2155 utique
1610 2087 1655 2139 si
1705 2086 1796 2138 ﬁat
1825 2125 1839 2150 ,
1885 2085 2012 2138 nulli
2047 2085 2263 2139 dubium

707 2187 790 2233 est
817 2178 1076 2247 duplicari
1111 2193 1324 2247 poenam
1377 2188 1431 2232 et
1480 2177 1603 2230 mali
1641 2186 1930 2246 augmenta
1981 2177 2263 2240 cumulari,

651 2260 653 2262 ’
703 2275 965 2324 dum-non
992 2270 1161 2325 solum
1210 2278 1433 2340 peccata
1491 2283 1607 2337 quae
1655 2267 1856 2321 remitti
1892 2268 2004 2321 visa
2053 2266 2266 2320 fuerant

705 2361 816 2432 (67)
858 2371 1176 2431 repetuntur
1205 2400 1220 2425 ,
1279 2376 1460 2415 verum
1486 2363 1648 2414 etiam
1676 2359 1893 2413 virtutis
1920 2357 2036 2410 aula
2072 2357 2261 2426 pollui-

705 2461 810 2516 tur,
849 2453 892 2506 si
926 2466 1043 2506 eam
1080 2452 1279 2506 dolosa:
1311 2461 1365 2505 et
1423 2451 1804 2504 contaminata:
1839 2459 2042 2503 mentes
2086 2447 2260 2516 plena:

702 2540 1027 2595 intrinsecus
1081 2540 1299 2592 malitia:
1344 2538 1561 2592 latentis
1615 2538 1956 2593 conculcent.
2018 2537 2084 2591 Et
2118 2537 2256 2606 quod

701 2646 939 2701 unquam
971 2631 1166 2685 talibus
1215 2630 1508 2686 remedium
1538 2630 1683 2695 erit,
1737 2629 1826 2698 qui
1877 2636 1998 2698 post
2041 2628 2257 2682 malitia:

702 2723 944 2790 impuros
982 2736 1044 2776 ac
1072 2721 1316 2776 sordidos
1338 2722 1486 2776 cibos
1513 2761 1527 2784 ,
1565 2719 1862 2791 degustata:
1890 2719 2103 2773 virtutis
2131 2735 2256 2773 sua-
2291 2732 2294 2735 '

699 2813 886 2877 vitate,
912 2812 1190 2869 dulcedine
1219 2812 1334 2881 ejus
1358 2813 1470 2868 suis
1503 2810 1751 2866 faucibus
1773 2819 1986 2878 recepta
2018 2849 2034 2875 ,
2068 2825 2256 2864 rursus

2389 645 2475 680 ται
2516 632 2626 692 τοῖς
2651 618 3133 701 θεραπευομένοις,
3157 631 3310 700 εἴπερ
3341 630 3406 683 ἂν
3431 631 3542 691 τοῖς
3569 629 3817 698 χαλεποῖς
3835 627 3944 697 (68)

2390 720 2770 789 περιπεσόντες
2802 720 3040 792 εὐχερῶς
3067 720 3425 788 ἀπαλλαγεῖεν
3449 719 3648 772 τούτων
3685 714 3764 783 οἷς
3793 735 3948 790 περι-

2389 809 2741 864 πεπτώκασι·
2803 811 3257 883 καταφρονοῦντες
3308 810 3414 882 γὰρ
3466 810 3540 874 ὡς
3589 811 3798 864 εὖιάτου
3849 807 3946 861 τοῦ

2389 901 2592 966 κακοῦ,
2641 901 2886 975 δεύτερον
2935 903 2993 955 οὐ
3058 902 3440 972 φυλαττόμενοι
3488 899 3581 953 τοῦ
3633 900 3948 971 περιπεσεῖν

2386 990 2553 1059 αὐτῷ,
2596 983 2652 1044 ἐν
2698 991 2844 1061 αὺτῷ
2892 993 3136 1045 ἔσονται*
3181 992 3368 1064 διόπερ
3405 992 3494 1044 ἐπὶ
3539 990 3647 1043 τῶν
3690 988 3945 1042 τοιούτων

2384 1085 2410 1134 6
2469 1082 2598 1146 Θεὸς
2647 1086 2674 1137 6
2730 1083 2941 1148 αἰώνιος
3006 1087 3034 1138 6
3098 1083 3205 1137 τῶν
3269 1084 3524 1154 κρυπτῶν
3581 1080 3858 1150 γνὼστης,
3916 1082 3948 1133 6

2383 1173 2548 1240 είδὼς
2574 1174 2642 1229 τὰ
2694 1175 2866 1229 πάντα
2920 1176 3046 1246 πρὶν
3092 1175 3354 1243 γενέσεως
3409 1173 3604 1236 αὐτῶν,
3652 1170 3791 1225 κατὰ
3847 1169 3946 1240 τὴν

2383 1268 2720 1337 χρηστότητα
2749 1267 2907 1320 αὑτοῦ
2957 1268 3296 1340 ὑπερτίθεται
3340 1267 3437 1339 τὴν
3480 1265 3779 1336 ταχυτέραν
3808 1261 3947 1334 πρὸς

2383 1358 2576 1419 αὐτοὺς
2602 1357 2870 1428 βοήθειαν,
2907 1358 3020 1423 καὶ,
3048 1359 3114 1410 ἵν’
3138 1357 3306 1419 οὕτως
3338 1356 3494 1420 εἴπω,
3534 1354 3738 1425 βοηθῶν
3762 1353 3947 1415 αὐτοῖς

2381 1449 2439 1501 οὐ
2473 1448 2690 1519 βοηθεῖ,
2739 1449 2926 1502 τούτου
2960 1450 3140 1512 αὐτοῖς
3183 1446 3598 1508 λυσιτελοῦντος.
3647 1445 3801 1506 Εἰκὸς
3849 1439 3947 1496 οὖν

2381 1541 2619 1602 καὶτοὺς
2648 1539 2750 1606 ἔξω
2784 1543 2910 1612 περὶ
2958 1537 3030 1594 ὧν
3071 1543 3098 1593 6
3135 1541 3289 1608 λόγος
3317 1581 3331 1603 ,
3359 1539 3435 1610 τῷ
3458 1538 3669 1609 Σωτῆρι
3697 1537 3835 1590 κατὰ
3880 1535 3946 1590 τὸ

2381 1630 2733 1701 προκείμενον
2774 1632 3113 1702 ἑωραμένους
3157 1632 3216 1684 οὐ
3264 1630 3508 1699 βεϐαίους
3538 1629 3749 1681 ἔσεσθαι
3783 1630 3838 1680 έν
3872 1630 3943 1697 τῇ

2379 1720 2703 1791 ἐπιστροφῇ,
2733 1724 2780 1773 εἰ
2810 1721 3130 1792 τρανότερον
3157 1719 3442 1773 ἀκούσαιεν
3465 1720 3570 1771 τῶν
3609 1716 3943 1786 λεγομνων,

2375 1814 2478 1866 ὑπὸ
2511 1812 2603 1865 τοῦ
2636 1812 2839 1882 Κυρίου
2858 1813 3230 1884 ᾠκονομῆσθαι
3262 1811 3334 1883 μὴ
3360 1799 3684 1880 σαφέστερον
3713 1808 3945 1863 ἀκοῦσαι

2315 1913 2335 1936 ⁸·
2374 1906 2482 1958 τῶν
2508 1904 2850 1975 βαθυτέρων,
2906 1907 3109 1977 μήποτε
3162 1907 3343 1975 τάχιον
3377 1903 3795 1974 ἐπιστρέψαντες
3846 1900 3948 1954 καὶ

2378 1992 2619 2056 ῑαθέντες
2644 1994 2702 2045 ἐν
2733 1993 2807 2063 τῷ
2832 1994 3080 2061 ἀφέσεως
3101 1996 3304 2062 τυχεῖν,
3343 1993 3417 2055 ὼς
3444 1993 3565 2060 εὒχε
3574 1991 3680 2062 ρῶν
3704 1989 3812 2042 τῶν
3839 1988 3947 2058 τῆς

2377 2083 2572 2146 κακίας
2617 2085 2943 2154 τραυμάτων
2987 2085 3078 2137 καὶ
3133 2083 3359 2136 εὐιάτων
3409 2082 3942 2152 καταφρονήσαντες,

2375 2171 2532 2224 πάλιν
2559 2173 2651 2224 καὶ
2693 2173 2877 2242 τάχιον
2909 2173 3088 2234 αὐτοῖς
3132 2170 3483 2242 περιπέσωσι.
3545 2170 3693 2239 Τάχα
3737 2170 3793 2221 δὲ
3842 2174 3947 2222 καὶ

2371 2263 2602 2327 τίνοντες
2653 2264 2805 2327 δίκας
2850 2253 2955 2316 τῶν
2986 2265 3265 2335 προτέρων
3307 2265 3714 2335 ἁμαρτημάτων
3753 2256 3826 2315 ὧν
3856 2261 3946 2325 εἰς

2369 2354 2464 2426 τὴν
2497 2356 2693 2427 ἀρετὴν
2743 2356 3168 2427 ἐπλημμέλησαν
3194 2357 3578 2418 καταλιπόντες
3619 2354 3804 2424 αὐτὴν,
3846 2355 3946 2405 οὗ-

2364 2446 2510 2500 δέπω
2535 2449 2625 2498 τὸν
2655 2447 2844 2515 χρόνον
2873 2447 3388 2517 ὲκπεπληρώκεισαν
3407 2465 3418 2477 ⁸
3451 2448 3529 2516 τῷ
3554 2445 3947 2513 καταλειπομέ·

2361 2555 2482 2601 νους
2497 2538 2805 2599 αὑτοὺςάπὸ
2818 2539 2913 2605 τῆς
2931 2537 3076 2602 θείας
3092 2536 3687 2608 ὲπισκοπῆς,ὲπιπλείον
3704 2538 3948 2607 ἐμφορη-

2363 2628 2549 2690 θέντας
2570 2628 2675 2679 τῶν
2713 2628 2852 2681 ἰδίων
2875 2625 2909 2680 ἃ
2939 2629 3191 2700 ἔσπειραν
3234 2628 3436 2690 κακῶν,
3469 2627 3689 2697 ὕστερον
3729 2628 3807 2690 εἰς
3840 2626 3905 2695 βε
3925 2655 3945 2670 ο
3988 2623 3990 2629 ί

2364 2718 2641 2790 ϐαιοτέραν
2673 2720 2955 2788 μετάνοιαν
2972 2719 3266 2774 καλεῖσθαι·
3297 2720 3356 2770 οὐ
3378 2719 3582 2789 ταχέως
3608 2735 3943 2788 περιπεσου-

2365 2810 2556 2879 μένους
2590 2805 2668 2873 οἷς
2698 2811 2954 2882 πρότερον
2981 2829 3044 2863 πε
3055 2809 3484 2880 ριπεπτώκεισαν
3509 2811 3567 2863 τὸ
3584 2811 3792 2878 ἀξίωμα
3814 2810 3944 2861 ἐνυ-

700 2919 760 2958 se
791 2904 855 2959 ad
888 2905 1185 2961 virulentos
1218 2914 1273 2960 et
1309 2903 1615 2959 mortiferus
1643 2903 1790 2958 cibos
1828 2904 2074 2972 nequitia:
2125 2918 2251 2956 con-

2374 2900 2643 2971 ϐρίσαντες
2666 2902 2771 2954 τῶν
2794 2902 2989 2965 καλῶν,
3010 2903 3100 2954 καὶ
3122 2905 3232 2965 τοῖς
3257 2903 3490 2972 χείροσιν
3510 2904 3730 2964 ἑαυτοὺς
3754 2899 3906 2954 ἔπιδε
3927 2931 3941 2940 -

1915 3013 2477 3068 INTERPRETATIO
2517 3015 2724 3071 NOVA.

771 3109 856 3164 l7.
881 3107 886 3114 ’
909 3109 1227 3165 Dicebamus
1259 3124 1417 3176 supra
1455 3111 1518 3164 de
1570 3109 1852 3165 Pharaone
1896 3108 2276 3176 disputantest

2381 3111 2575 3162 riorem
2619 3109 2954 3163 curationem
3001 3110 3268 3164 interdum
3306 3126 3408 3162 non
3471 3110 3536 3162 iis
3575 3123 3696 3163 esse
3733 3107 3925 3162 utilem

699 3180 790 3247 qui
828 3187 1108 3242 curantur,
1139 3181 1180 3232 si
1215 3181 1394 3233 statim
1424 3191 1583 3247 atque
1614 3181 1664 3232 in
1709 3178 1952 3244 morbum
1987 3177 2293 3241 inciderint,
2325 3194 2390 3232 eo
2437 3180 2591 3231 facile
2640 3179 2966 3231 releventur.
3015 3180 3209 3232 Malum
3257 3180 3401 3232 enim
3450 3188 3507 3232 nt
3547 3188 3734 3231 cnratu
3768 3179 3940 3235 facile

701 3257 1136 3318 contemnentes,
1188 3263 1373 3318 rursus
1420 3249 1473 3300 in
1508 3249 1636 3302 illud
1684 3251 1826 3315 quod
1871 3261 1974 3298 non
2017 3255 2208 3318 cavent
2261 3251 2521 3302 incident.
2567 3247 2921 3312 Quamobrem
2956 3261 3189 3303 mternus
3241 3248 3399 3318 Dens,
3438 3249 3533 3318 qui
3583 3249 3929 3302 occultorum

698 3316 946 3386 cognitor
992 3325 1074 3370 est
1118 3324 1174 3370 et
1221 3317 1397 3369 omnia
1449 3319 1596 3370 novit
1643 3320 1954 3385 priusquam
2013 3316 2164 3382 liant,
2210 3318 2532 3386 celeriorem
2576 3318 2830 3386 horumce
2873 3323 3205 3372 curationem
3257 3315 3470 3384 differt,
3511 3328 3693 3386 atque,
3738 3330 3793 3370 nt
3840 3319 3927 3372 ita

700 3384 903 3447 dicam,
933 3393 1092 3438 curat
1123 3389 1216 3456 eus
1240 3386 1365 3438 dum
1408 3401 1511 3439 non
1553 3384 1744 3452 curat,
1796 3388 2047 3452 quoniam
2088 3386 2156 3438 ita
2208 3388 2343 3456 ipsis
2371 3385 2605 3456 expedit.
2646 3385 2774 3439 Cum
2819 3403 2947 3456 ergo
2999 3389 3200 3456 videret
3247 3386 3495 3441 Salvator
3541 3384 3638 3441 eos
3667 3389 3755 3451 qni
3789 3386 3933 3442 foris

700 3461 851 3518 sunt,
876 3456 1029 3523 etidc
1058 3455 1253 3522 quibus
1281 3470 1424 3508 nunc
1464 3470 1640 3510 sermo
1667 3467 1748 3510 est
1773 3495 1787 3518 ,
1823 3455 1874 3507 in
1907 3454 2265 3510 conversione
2297 3471 2401 3510 non
2446 3455 2563 3508 fore
2594 3455 2817 3523 stabiles
2845 3454 2905 3510 si'
2933 3458 3092 3511 verba
3125 3454 3240 3523 ejus
3283 3457 3621 3511 manifestius
3649 3457 3933 3523 audirent,

700 3472 851 3518 SUlll,
876 3472 932 3508 Cl.
965 3472 1029 3508 (lt.
1058 3472 1253 3522 ιιυιυυε
1281 3472 1424 3508 nunc
1464 3472 1640 3510 SEl‘lllO
1667 3472 1748 3510 εει
1773 3495 1787 3518 ,
1823 3472 1874 3507 ill
1907 3472 2265 3510 conversrone
2297 3472 2401 3510 non
2446 3472 2563 3508 [ore
2594 3472 2716 3509 Stal)
2745 3472 2817 3509 tes
2845 3472 2888 3510 SI
2933 3472 3092 3511 VCI‘Dil
3125 3472 3240 3523 CJllS
3283 3472 3621 3511 mannesuus
3649 3472 3933 3523 aumrem,

688 3522 994 3595 verisimile
1027 3532 1112 3578 est
1139 3524 1206 3577 ita
1234 3539 1356 3578 cum
1389 3524 1496 3579 illis
1522 3526 1694 3594 egisse
1726 3525 2003 3580 Dominum
2029 3535 2086 3578 ut
2116 3525 2309 3579 altiora
2344 3540 2449 3578 non
2474 3534 2662 3595 aperte
2697 3472 3076 3595 idtelligerent,
3125 3541 3191 3578 ne
3223 3525 3359 3580 forte
3407 3527 3633 3581 celerius
3658 3527 3941 3591 conversi,

699 3606 755 3648 ct
777 3593 930 3664 venia
967 3604 1318 3664 peccatorum
1343 3593 1760 3660 accepta’sanati
1792 3635 1806 3659 ,
1853 3596 2105 3647 vitiorum
2155 3593 2559 3664 vulneraquasi
2603 3605 2796 3649 curatn
2837 3593 3092 3649 facillima
3119 3605 3531 3650 contemnerent
3579 3604 3633 3647 et
3685 3596 3843 3649 citius
3878 3597 3938 3651 in

698 3661 888 3718 eadem
919 3661 1242 3718 reciderent.
1282 3663 1549 3718 Fortassis
1603 3667 1767 3718 etiam
1805 3664 2162 3734 praestitutum
2205 3666 2285 3717 eis
2337 3661 2672 3734 ad‘eluenda
2705 3680 2822 3729 quae
2872 3665 3127 3718 derelicta
3163 3667 3362 3718 virtute
3385 3667 3538 3734 prius
3593 3664 3940 3733 admiserant

697 3741 948 3802 peccata,
983 3742 1204 3803 tempus
1225 3735 1459 3803 nondum
1499 3734 1868 3803 expleverant.
1929 3733 2120 3786 Divina
2171 3734 2371 3800 quippe
2409 3733 2526 3786 illos
2562 3734 2923 3803 dereliquerat
2961 3749 3088 3786 cura
3143 3745 3198 3787 ιιι
3226 3733 3464 3803 propriis
3489 3749 3608 3802 quae
3639 3743 3930 3800 perpetra-

701 3801 894 3855 verant
922 3801 1077 3872 malis
1107 3802 1314 3872 satiati,
1349 3801 1651 3872 tandem'ad
1682 3803 1973 3856 firmiorem
2001 3803 2376 3869 paenitentiam
2413 3801 2765 3869 vocarentur,
2797 3817 2894 3855 nec
2925 3803 3081 3856 facile
3107 3801 3285 3872 postea
3317 3801 3368 3857 in
3403 3801 3581 3870 priOra
3616 3805 3938 3857 reciderent

699 3879 921 3939 peccata
953 3869 1152 3938 quibus
1191 3871 1492 3941 honestatis
1539 3873 1848 3941 dignitatem
1879 3881 2232 3940 corruperant
2260 3882 2316 3925 et
2367 3872 2697 3940 improbitati
2753 3887 2872 3926 sese
2913 3869 3193 3928 dederant.
3255 3873 3355 3939 Qui
3386 3869 3519 3940 ergo
3570 3887 3688 3925 cum
3717 3873 3800 3926 iis'
3827 3875 3936 3941 qui

703 3937 851 3994 intus
879 3937 1009 3995 sunt
1035 3940 1355 4011 comparati,
1390 3937 1522 4011 foris
1546 3954 1668 3993 esse
1697 3940 1950 4011 dicuntur
1979 3937 2078 4011 nec
2120 3941 2278 4006 longe
2315 3941 2380 3994 ab
2414 3937 2477 3997 iis
2507 3944 2594 4011 qui
2630 3943 2777 3995 intus
2822 3950 2946 3995 sunt
2979 3943 3221 4008 distant,
3277 3937 3310 3996 ii
3339 3982 3356 4006 ,
3395 3937 3520 3994 du'tn
3546 3941 3598 3994 hi
3649 3944 3738 4011 qui
3784 3937 3942 3999 intus

702 4017 848 4081 sunt__
887 4020 1069 4081 aperte
1102 4009 1347 4081 audiunt,
1375 4010 1604 4081 obscure
1641 4009 1867 4081 audiunt
1911 4010 2132 4062 verbum
2166 4049 2181 4069 ,
2239 4021 2420 4078 inpete
2452 4009 3103 4081 parabolis-involutum:
3154 4012 3377 4065 audiunt
3406 4019 3615 4076 tamen;
3653 4009 3742 4064 alii
3793 4028 3941 4067 vero

703 4093 772 4133 ex
815 4078 882 4149 iis
911 4078 1001 4149 qui
1033 4077 1165 4129 foris
1189 4088 1309 4128 sunt
1343 4116 1358 4149 ,
1394 4077 1538 4149 Tyrii
1574 4078 1823 4147 appellati
1856 4119 1870 4143 ,
1928 4077 2311 4149 praenoscente
2342 4077 2468 4136 licet
2502 4083 2782 4135 Salvatore
2820 4096 2914 4134 eos
2941 4082 3066 4135 olim
3096 4084 3148 4135 in
3187 4095 3347 4135 sacco
3372 4088 3425 4145 et
3454 4081 3633 4135 cinere
3678 4082 3942 4149 iacentes

699 4146 1071 4221 paenitentiam
1096 4157 1314 4221 acturos
1329 4146 1524 4221 fuisse,
1545 4150 1588 4201 si
1613 4146 1679 4221 ad
1702 4162 1886 4221 eorum
1919 4148 2053 4221 fines
2084 4150 2419 4221 accessisset,
2457 4165 2630 4217 neque
2657 4165 2718 4203 ea
2747 4150 2974 4205 audiunt
3003 4168 3120 4221 qua:
3155 4153 3188 4204 ii
3221 4151 3307 4218 qui
3342 4151 3474 4203 foris
3498 4162 3644 4210 sunt.
3669 4146 3933 4219 propter-

699 4215 779 4289 ea;
809 4215 1072 4289 q_uod‘,__ut
1095 4216 1394 4289 verisimile
1417 4227 1520 4289 est,
1552 4220 1715 4289 etiam
1741 4216 1898 4289 longe
1925 4215 2063 4269 infra
2093 4219 2346 4271 horumce
2371 4215 2688 4289 dignitatem
2713 4230 2869 4273 erant
2896 4259 2910 4281 ,
2964 4215 3032 4273 nt'
3061 4223 3165 4274 alio
3195 4215 3436 4287 tempore
3477 4215 3757 4289 postquam
3772 4215 3940 4275 ἰυΙυ-

701 4287 929 4358 rabilius
956 4285 1062 4358 illis
1088 4284 1274 4348 fuerit,
1300 4301 1455 4358 quam
1482 4287 1548 4341 iis
1580 4284 1920 4358 quiverbum
1953 4302 2053 4338 non
2088 4284 2570 4354 receperint,i'uter
2594 4303 2727 4355 quos
2759 4298 2812 4342 et
2835 4289 3118 4358 T)’l'i0l'lllll
3163 4284 3402 4342 tueminit
3429 4329 3444 4354 ,
3474 4284 3526 4342 et
3559 4284 3929 4358 opportunius

703 4357 929 4429 audiant
953 4355 1236 4429 et__iir_niitis
1270 4355 1611 4429 resipiscam.
1660 4356 1764 4411 Sed
1796 4358 1913 4410 vide
1953 4372 2128 4410 annon
2171 4358 2343 4426 magis
2372 4361 2535 4412 etiam
2586 4369 2781 4426 praeter
2816 4355 3152 4426 disquirendi
3191 4359 3425 4412 studium
3455 4398 3469 4422 ,
3512 4355 3764 4428 pie—tatem
3795 4375 3940 4429 erga

703 4426 876 4496 Deum
896 4435 950 4478 et
981 4424 1259 4478 Christum
1285 4423 1398 4490 ejus
1427 4426 1480 4496 in
1508 4429 1756 4480 omnibus
1784 4439 1999 4480 servare
2023 4423 2299 4490 conemur,
2362 4443 2485 4481 cum
2525 4423 2621 4496 pro
2651 4429 2791 4482 virili
2821 4423 2975 4496 parte
3011 4471 3026 4491 ,
3065 4437 3123 4482 ut
3155 4429 3204 4480 in
3237 4429 3400 4482 tantis
3445 4423 3526 4482 et'
3546 4430 3742 4484 talibus
3772 4423 3940 4496 (ιιιιέ-

700 4495 986 4568 stionibus,
1005 4496 1234 4562 probare
1253 4495 1626 4568 contendimus
1660 4498 1821 4550 Deum
1858 4496 2368 4568 immortaliannuae
2405 4495 2571 4551 variis
2605 4498 2774 4551 modis
2809 4495 3112 4567 providere.
3139 4498 3228 4568 iSii
3265 4499 3385 4566 quis
3415 4500 3574 4568 igitur
3617 4500 3683 4554 de
3726 4495 3801 4552 iis
3824 4501 3936 4567 qui

701 4565 1074 4634 vituperantur
1107 4572 1309 4631 qurrat
1340 4577 1437 4615 cur
1490 4565 1725 4634 videntes
1753 4566 1995 4634 prodigia
2032 4579 2084 4619 et
2130 4567 2365 4619 divinum
2404 4580 2708 4621 sermonem
2767 4565 3047 4623 audientes
3099 4567 3266 4620 nihilo
3310 4565 3560 4630 meliores
3596 4570 3724 4622 fiant
3751 4608 3764 4630 ,
3795 4565 3938 4622 cum

701 4631 850 4706 Tyrii
882 4633 1251 4706 paenitentiam
1286 4631 1822 4706 acturi_fuissent,'s'i
1852 4631 1977 4688 talia
2010 4637 2147 4703 apud
2179 4637 2319 4702 ipsos
2352 4638 2494 4689 dicta
2527 4647 2577 4690 et
2612 4635 2747 4689 facta
2774 4638 3042 4703 fuissent;
3073 4638 3116 4690 si
3148 4637 3291 4704 quis,
3323 4638 3537 4706 inquam
3566 4677 3580 4700 ,
3608 4648 3812 4706 quaerat
3838 4638 3941 4693 his

704 4705 884 4778 verbis
912 4721 925 4757 :
954 4703 1062 4778 C_ur
1086 4705 1162 4757 eis
1195 4704 1254 4778 in_
1279 4704 1570 4778 perniciem
1605 4705 1841 4778 ipsorum
1865 4707 2178 4778 praedicavit
2211 4706 2455 4758 Salvator
2484 4717 2542 4760 ut
2566 4707 2785 4778 gravius
2831 4710 2961 4774 ipsis
3005 4703 3284 4778 peccatum
3319 4703 3656 4778 imputeturi‘.i
3696 4722 3942 4774 respou-

702 4773 945 4846 tlebim‘tts
977 4773 1140 4846 Deum
1169 4773 1256 4841 qni
1286 4775 1433 4846 novit
1469 4775 1739 4846 quomodo
1767 4771 1939 4826 allecti
1967 4775 2076 4827 sint
2101 4777 2133 4827 ii
2159 4791 2344 4828 omnes
2373 4778 2462 4843 qui
2496 4771 2884 4844 providentiam
2908 4771 3056 4832 suain
3081 4771 3460 4842 criminantur,
3489 4777 3642 4845 quasi
3674 4771 3933 4846 peream

701 4843 913 4916 steterit
938 4844 1228 4916 quominus
1255 4844 1541 4916 crederent
1567 4882 1582 4903 ,
1636 4842 2006 4916 quippe‘dquae
2032 4859 2162 4916 __non
2203 4842 2409 4899 dederit
2445 4842 2572 4916 ipsis
2603 4845 2786 4898 videre.
2819 4864 2938 4916 qua:
2986 4847 3105 4900 aliis
3139 4849 3426 4912 spectanda
3461 4842 3702 4916 prmbnit',
3738 4861 3937 4914 neque

702 4911 779 4962 sic
807 4925 899 4965 eos
931 4912 1256 4983 disposuerit
1288 4922 1345 4964 ut
1371 4914 1618 4966 audirent
1649 4928 1765 4980 qua:
1797 4912 1916 4963 aliis
1942 4912 2179 4967 audiisse
2208 4915 2407 4983 profuit
2443 4911 2476 4979 ,’
2501 4915 2642 4981 justa
2670 4930 2762 4969 eos
2791 4911 2892 4969 non
2927 4919 3002 4969 uti
3048 4911 3396 4982 excusatione
3424 4911 3709 4970 oatendere
3736 4911 3942 4970 volen-

700 4988 931 5054 tem,_ea_
952 4981 1224 5054 darequaa
1257 4984 1610 5054 provitlentim
1636 4998 1746 5054 suae
1785 4991 2128 5054 accusatores
2159 4981 2421 5051 petierant
2453 5027 2466 5051 ,
2527 4995 2584 5048 ut
2622 4985 2684 5037 iis
2713 4984 3320 5054 acceptisnihilominus
3368 5001 3593 5039 summa:
3627 4986 3942 5054 impietatis

702 5050 937 5132 convicti
964 5053 1117 5132 Quod
1156 5051 1298 5132 nihil.
1336 5052 1456 5132 inde
1509 5052 1764 5132 utilitatis
1808 5050 2180 5131 perceperint,
2234 5050 2502 5122 deponant
2554 5054 2812 5132 ejus-modi
2843 5050 3121 5132 audaciam
3153 5095 3180 5132 ,.
3215 5053 3403 5120 sicque
3431 5056 3656 5132 liberati
3703 5050 3943 5132 discant

703 5116 873 5194 Deum
903 5119 954 5170 in
975 5116 1643 5194 rconferendisbeneficiis
1674 5116 1915 5175 cunctari
1963 5116 2342 5194 nonnunquam
2391 5136 2443 5178 et
2487 5116 2685 5176 morari
2715 5161 2727 5183 .
2763 5121 2861 5180 nec
2889 5143 2949 5179 ea
2985 5122 3219 5177 videnda
3255 5116 3601 5178 et'audienda
3645 5126 3941 5194 praebere,

703 5189 903 5255 quibus
928 5196 982 5241 et
1010 5188 1139 5240 visis
1168 5199 1218 5240 et
1251 5190 1447 5243 auditis
1478 5194 1695 5259 gravior
1725 5206 1912 5245 eorum
1944 5191 2099 5256 culpa
2136 5188 2393 5257 arguatur
2428 5208 2565 5262 quos
2595 5203 2671 5246 tot
2701 5208 2760 5247 ac
2795 5206 2941 5248 tanta
2971 5196 3038 5247 ad
3078 5194 3234 5248 fidem
3269 5207 3373 5247 non
3403 5188 3747 5250 atldn'xerint.

703 5315 832 5355 vero
861 5301 1014 5379 deest
1041 5321 1058 5352 ι
1109 5301 1222 5366 Dei,
1265 5323 1281 5354 ›
1319 5315 1394 5379 et,
1432 5325 1449 5355 ‹
1483 5313 1820 5362 testamento.
1872 5307 2071 5379 i_lufra
2103 5321 2253 5379 mss.,
2285 5314 2324 5370 C
2361 5312 2484 5362 dum
2511 5325 2615 5363 non
2642 5307 2812 5361 solum
2842 5321 3062 5379 peccata
3104 5323 3222 5379 quae
3258 5308 3453 5362 remitti
3482 5309 3592 5363 visa
3636 5308 3866 5364 fuerint.
3916 5331 3936 5364 ι

710 5389 730 5422 ι
767 5371 1093 5450 praeviilcbat
1117 5388 1211 5426 eos
1235 5374 1469 5450 nondum
1503 5385 1655 5443 aptos
1679 5393 1823 5450 esse.
1855 5395 1874 5428 ι
1906 5376 2057 5431 Libb.
2079 5377 2255 5450 editi.,
2360 5380 2523 5432 Paulo
2553 5371 2856 5450 postmssq'
2905 5398 2923 5430 ι
2946 5371 3164 5447 etquod
3211 5393 3442 5450 unquam
3492 5380 3687 5450 talibus
3744 5394 3942 5450 reme-

710 5442 1090 5516 c_pt'~._evideliat
1121 5444 1355 5516 nonduin
1393 5442 1566 5516 aptos.
1609 5463 1626 5495 ι
1677 5446 1882 5516 Ibidem
1918 5463 2072 5510 mss.,
2108 5462 2127 5516 ι
2185 5449 2261 5516 l'a-

2374 5450 2522 5502 lium.
2553 5442 2578 5500 ἰ
2621 5449 2774 5502 Libb.
2803 5442 2929 5504 editi
2956 5491 2970 5515 ,
3024 5442 3126 5502 (et
3158 5442 3597 5516 quod—nunquam
3625 5449 3680 5501 in
3717 5449 3944 5508 talibus

706 5513 811 5564 cile
840 5512 1032 5565 iterum
1070 5513 1120 5564 in
1154 5514 1399 5566 eumdem
1427 5514 1728 5568 reciderent
1759 5513 2025 5570 morbum.
2059 5535 2076 5567 ι
2105 5515 2254 5569 Libb.
2364 5521 2683 5572 remedium.
2721 5537 2738 5568 ι

706 5581 860 5705 ειΙὶιίι,
899 5599 917 5634 ι
955 5595 1139 5635 aversa
1188 5583 1327 5636 facie
1362 5582 1556 5637 iterum
1590 5584 1641 5636 in
1672 5586 1919 5640 eumdem
1962 5586 2261 5642 reciderent

707 5666 823 5705 mor
845 5665 971 5705 ium.
1020 5671 1036 5702 ι
1955 5686 1968 5697 .

707 5665 971 5705 morbum.
1020 5671 1036 5702 ι

780 5722 892 5792 t0?)
932 5721 1005 5776 lta
1044 5735 1168 5777 mss.
1212 5722 1378 5785 Alias,
1414 5741 1431 5774 ι
1457 5724 1507 5778 in
1537 5722 1636 5778 alia
1668 5736 1950 5795 augmenta
1977 5726 2258 5792 cumulari,

2433 5587 2542 5654 ((38)
2585 5589 2736 5642 Libb.
2771 5589 2921 5659 editi,
2950 5589 3105 5659 εἴπερ
3154 5587 3376 5659 ἑαυτοὺς
3424 5589 3698 5656 χαλεποῖς.
3745 5586 3944 5659 Paulo

2363 5667 2479 5776 ηοςι
2511 5672 2661 5735 mss.,
2691 5659 2749 5710 οὐ
2779 5656 3163 5728 φυλαττόμενοι
3194 5656 3299 5708 τοῦ·
3318 5661 3646 5725 περιπεσεῖν.
3679 5660 3733 5714 ιιι
3756 5658 3942 5715 editis

2365 5745 2382 5776 ι
2403 5735 2509 5779 ccst
2541 5741 2653 5779 του.
