4118 6308
284 318 398 376 385

1574 325 1775 382 LIBER
1811 324 2135 386 τειιτιυε.

3379 324 3491 380 280

283 433 532 498 δωκότες.
584 435 650 489 Οἱ
699 438 794 507 μὲν
816 429 907 492 οῦν
935 437 1039 505 ἔξω
1066 436 1396 511 λεγόμενοι,
1446 441 1683 513 δηλονότι
1733 442 1842 513 (69)

1942 443 2269 497 verterunt?
2305 442 2369 497 Et
2423 440 2541 511 quis
2572 440 2784 497 dubitat
2818 441 3010 497 melius
3058 453 3179 497 esse
3213 438 3412 496 dill'erri
3447 451 3504 498 et

286 528 568 598 συγκρίσει
587 527 695 581 τῶν
725 527 864 594 ἐσω,
916 531 975 582 οὐ
1012 531 1183 602 πάντη
1220 531 1408 602 πόρρω
1437 533 1544 586 τῶν
1591 534 1697 588 ἔσω
1731 551 1859 603 τυγ-

284 618 566 689 χάνοντες,
617 619 726 674 τῶν
779 620 884 674 ἔσω
933 620 1116 690 σαφῶς
1165 623 1466 676 ἀκουόντων
1492 665 1506 687 ,
1565 626 1852 679 ἀκούουσιν

285 706 508 778 ἀσαφῶς
531 749 547 776 ,
609 709 698 763 διὰ
754 710 814 764 τὸ
848 712 906 764 ἐν
950 712 1279 783 παραὸολαῖς
1322 714 1505 786 αὐτοῖς
1551 714 1797 784 λέγεσθαι
1830 732 1844 746 ·

286 799 424 875 πλὴν
449 799 734 853 ἀκούουσιν
756 817 772 832 ο
817 801 990 872 ἕτεροι
1013 802 1068 854 δὲ
1098 801 1205 856 τῶν
1231 802 1333 869 ἐξω
1356 807 1403 857 οἱ
1437 804 1714 875 λεγόμενοι
1741 806 1847 859 Τύ-

289 910 412 965 ριοι,
439 894 614 946 καίτοι
643 896 1096 970 προεγνωσμένοιι,
1151 897 1232 949 ὅτι
1281 895 1443 951 πάλαι
1488 899 1554 952 ἀν
1575 900 1632 952 ἐν
1658 900 1844 970 σάκκῳ

285 984 377 1036 καὶ
412 984 592 1054 σποδῷ
618 984 907 1055 καθήμενοι
943 987 1269 1057 μετενόησαν
1289 1028 1304 1053 ,
1364 990 1528 1057 ἐγγὺς
1556 991 1841 1060 γενομένου

283 1075 374 1127 τοῦ
435 1076 682 1147 Σωτῆρος
713 1075 821 1130 τῶν
861 1077 1022 1149 ὁρίων
1073 1079 1269 1144 αὐτῶν,
1313 1080 1432 1133 οὐδὲ
1474 1079 1542 1132 τά
1582 1082 1688 1133 τῶν
1741 1082 1844 1147 ἐξω

283 1169 590 1235 ἀκούουσιν,
615 1172 690 1234 ὡς
723 1169 866 1236 εἰκὸς
899 1169 1091 1242 μᾶλλον
1133 1174 1318 1246 πόρρω
1369 1172 1519 1236 ὄντες
1552 1174 1648 1243 τῆς
1691 1172 1844 1238 ἀξίας

282 1258 388 1312 τῶν
427 1259 534 1324 ἔξω
559 1301 574 1326 ,
628 1262 693 1315 ἵν’
737 1262 793 1316 ἐν
817 1263 959 1334 ἄλλῳ
988 1264 1161 1336 καιρῷ
1211 1264 1348 1335 μετὰ
1393 1265 1455 1318 τὸ
1486 1254 1842 1335 ’ἀνεκτότερον

283 1348 464 1411 αὐτοῖς
490 1349 742 1417 γενέσθαι
769 1351 919 1421 παρὰ
957 1353 1082 1414 τοὺς
1127 1353 1202 1423 μὴ
1236 1353 1704 1424 παραδεξαμένους
1754 1353 1842 1407 τὸν

282 1439 457 1507 λόγον,
494 1439 581 1509 ἐφ’
609 1435 682 1493 ὧν
724 1441 1089 1512 ἐμνημόνευσε
1135 1444 1228 1496 καὶ
1255 1443 1359 1497 τῶν
1383 1445 1592 1516 Τυρίων
1617 1484 1630 1508 ,
1665 1446 1844 1497 εὐκαι-

286 1531 499 1601 ρότερον
573 1530 894 1596 ἀκούσαντες
924 1573 938 1598 ,
1007 1533 1343 1604 βεϐαιότερον
1424 1537 1840 1606 μετανοήσωσιν.

285 1621 423 1691 Ὅρα
452 1621 514 1674 δὲ
573 1623 619 1673 εἰ
661 1622 738 1691 μὴ
777 1621 972 1692 μᾶλλον
994 1624 1159 1691 ἡμεῖς
1198 1624 1331 1694 πρὸς
1371 1623 1446 1693 τῷ
1496 1623 1839 1694 ἐξεταστικῷ,

281 1712 373 1764 καὶ
397 1712 458 1765 τὸ
492 1712 710 1776 εὐσεϐὲς
737 1713 909 1784 πάντη
934 1714 1304 1784 ἀγωνιζόμεθα
1333 1717 1515 1785 τηρεῖν
1550 1718 1677 1787 περὶ
1705 1713 1839 1779 Θεοῦ

1951 532 2164 588 interim
2206 532 2477 602 relinqui,
2541 542 2601 587 ut
2647 534 2690 587 si
2742 532 2880 588 forte
2926 533 3231 588 satietatem
3288 531 3502 586 malitiae

1949 625 2234 695 aliquando
2262 624 2500 694 ceperint
2552 613 2606 678 οὶ
2649 624 2966 679 horrescere
3010 624 3292 692 potuerint
3314 623 3502 678 sordes

1950 716 2002 768 in
2035 715 2227 783 quibus
2276 729 2417 768 nunc
2447 714 2662 768 interim
2710 715 3044 768 delectantur
3069 751 3084 777 ,
3128 719 3254 766 tunc
3285 713 3498 768 demum

1949 814 2314 874 competenter
2362 805 2442 859 eis
2494 819 2672 860 sermo
2714 803 2807 859 Dei
2854 803 3260 870 manifestetur,
3293 813 3346 860 et
3393 819 3496 858 non

1948 907 2189 951 sanctum
2225 895 2456 951 canibus
2485 897 2770 961 mittatur‘,
2832 910 2931 951 nec
2961 896 3263 966 margaritae
3289 894 3499 964 jactem

1950 992 2032 1036 tur
2061 992 2188 1038 ante
2216 997 2429 1051 porcos,
2462 984 2552 1051 qui
2581 983 2897 1038 conculcent
2922 999 3016 1039 eas
3043 984 3287 1054 pedibus,
3335 992 3390 1037 et
3416 983 3498 1037 in—

1947 1088 2109 1144 super
2143 1074 2384 1130 conversi
2424 1085 2672 1143 rumpant
2699 1082 2752 1129 et
2786 1076 3100 1146 impugnent
3152 1089 3244 1132 eos
3272 1075 3364 1144 qui
3394 1074 3496 1128 sibi

1947 1167 2366 1233 praedicaverunt
2392 1169 2611 1222 verbum
2650 1164 2742 1220 Dei
2773 1168 2797 1220 l
2829 1168 2916 1222 Isti
2953 1167 3066 1241 (71)
3093 1183 3222 1238 ergo
3255 1176 3380 1222 sunt
3406 1164 3496 1236 qui

1946 1254 2074 1310 foris
2107 1270 2225 1310 esse
2252 1255 2527 1322 dicuntur,
2559 1257 2675 1311 sine
2699 1257 2861 1311 dubio
2889 1258 2956 1310 ad
2987 1272 3173 1312 eorum
3216 1271 3498 1325 compara-

1946 1347 2144 1400 tionem
2179 1347 2268 1415 qui
2301 1347 2453 1406 intus,
2472 1360 2594 1400 esse
2626 1359 2682 1402 et
2713 1347 3051 1403 manifestius
3074 1348 3260 1401 audire
3276 1347 3494 1401 verbum

1944 1435 2037 1489 Dei
2072 1436 2400 1494 referuntur.
2460 1440 2695 1492 Audiunt
2757 1451 2934 1492 tamen
2977 1436 3033 1492 et
3063 1437 3149 1492 isti
3211 1437 3302 1504 qui
3364 1435 3496 1490 foris

1943 1535 2071 1580 sunt
2100 1530 2345 1596 verbum,
2378 1531 2502 1585 licet
2529 1531 2800 1599 parabolis
2829 1533 3098 1585 obtectum
3123 1540 3174 1583 et
3197 1529 3494 1600 proverbiis

1942 1618 2344 1677 obumbratum.
2411 1620 2545 1675 Sunt
2574 1631 2750 1675 autem
2777 1621 2864 1674 alii
2907 1630 3097 1690 prmter
3125 1635 3215 1675 eos
3241 1621 3331 1688 qui
3362 1619 3494 1673 l‘oris

1943 1717 2066 1762 sunt
2101 1749 2116 1774 ,
2157 1711 2246 1779 qui
2301 1711 2447 1780 Tyrii
2480 1712 2813 1780 appellantur
2842 1755 2855 1777 ,
2891 1712 2982 1780 qui
3013 1712 3232 1764 omnino
3262 1725 3364 1762 non
3399 1725 3492 1760 au-

279 1799 370 1850 καὶ
393 1798 487 1850 τοῦ
521 1799 752 1870 Χριστοῦ
792 1800 975 1865 αὑτοῦ,
1000 1802 1063 1855 ὲκ
1088 1801 1284 1864 παντὸς
1321 1797 1699 1870 ἀπολογεῖσθαι
1727 1823 1842 1858 πει-

1942 1798 2095 1851 diunt
2120 1775 2415 1866 etquidem
2447 1775 2820 1866 pruinoscente
2844 1775 3020 1853 de'eis
3050 1798 3328 1853 Salvatore
3353 1797 3492 1863 quod

254 1887 532 1959 ·ρὼμενοι,
559 1890 633 1951 ὡς
657 1892 713 1944 ἐν
751 1891 1084 1963 τηλικούτοις
1114 1893 1208 1946 καὶ
1248 1887 1505 1956 τοιούτοις
1548 1893 1681 1963 (70),
1715 1894 1868 1965 περι

276 1979 376 2048 τῆς
418 1981 668 2052 ποικίλης
703 1983 955 2055 προνοίας
1002 1977 1093 2036 τοῦ
1147 1983 1279 2036 Θεοῦ
1305 2022 1319 2046 ,
1367 1983 1628 2036 ἀθανάτου
1667 1984 1842 2055 ψυχῆς

277 2073 693 2143 προνοουμένου.
759 2076 820 2127 Et
855 2074 984 2143 γοῦν
1025 2092 1107 2138 τις
1133 2065 1264 2145 ’περὶ
1302 2073 1407 2128 τῶν
1440 2074 1840 2145 ὀνειδιζομένων

283 2161 492 2234 ζητοίη,
555 2167 639 2218 ὅτι
667 2148 900 2236 ὁρῶντες
949 2167 1202 2238 τεράστια
1241 2167 1334 2219 καὶ
1358 2165 1643 2229 ἀκούοντες
1683 2167 1839 2219 θείων

278 2255 447 2324 λόγων
483 2257 586 2309 ούκ
607 2257 931 2325 ὠφελοῦνται
960 2297 975 2320 ,
1028 2257 1238 2352 Τυρίων
1269 2257 1333 2310 ἂν
1381 2258 1836 2327 μετανοησάντων,

275 2348 321 2397 εἰ
345 2346 573 2399 τοιαῦτα
598 2349 726 2417 παρ’
750 2349 930 2410 αὐτοῖς
951 2345 1190 2416 ἐγεγόνει
1228 2348 1319 2400 καὶ
1338 2348 1537 2419 εἴρητο,
1564 2345 1748 2417 ζητοίη
1783 2347 1838 2399 δὲ

275 2436 522 2504 φάσκων,
553 2437 616 2488 Τί
643 2436 839 2507 δήποτε
873 2440 984 2501 τοῖς
1007 2438 1260 2502 τοιούτοις
1285 2439 1546 2509 ἐκήρυξεν
1589 2441 1616 2491 ό
1651 2438 1838 2508 Σωτὴρ
1887 2500 1893 2503 _

275 2525 368 2575 ἐπὶ
401 2525 562 2594 κακῷ
593 2527 790 2590 αὐτῶν,
822 2528 907 2580 ἵνα
934 2527 1228 2600 βαρύτερον
1253 2530 1432 2592 αὐτοῖς
1457 2529 1516 2582 τὸ
1540 2530 1838 2599 ἁμάρτημα

272 2615 532 2686 λογισθῇς
581 2617 812 2672 Λεκτέον
848 2620 982 2689 πρὸς
1026 2620 1184 2674 αὐτὸν
1218 2617 1237 2686 ,⁸
1285 2621 1365 2674 ὅτι
1407 2623 1437 2674 ό
1483 2614 1696 2674 πάντων
1742 2619 1839 2682 τὰς

273 2703 544 2768 διαθέσεις
571 2707 847 2760 κατανοῶν
889 2708 994 2762 τῶν
1019 2711 1351 2782 αἰτιωμένων
1381 2712 1545 2764 αὐτοῦ
1569 2712 1666 2783 τὴν
1707 2712 1837 2783 πρό-

273 2810 438 2860 νοιαν,
465 2795 543 2858 ὡς
571 2799 694 2866 παρ’
722 2797 934 2867 ἐκείνην
964 2800 1038 2870 μὴ
1075 2803 1536 2866 πεπιστευκότων,
1559 2803 1630 2874 μὴ
1662 2803 1838 2873 δωρη-

275 2885 516 2958 σαμένην
546 2887 671 2940 ἰδεῖν
693 2887 728 2941 ἀ
757 2888 960 2958 ἑτέροις
991 2889 1282 2942 θεάσασθαι
1312 2891 1618 2961 ἐχαρίσατο,
1645 2894 1734 2945 καὶ
1763 2892 1837 2962 μὴ

271 2979 705 3048 οἰκονομήσασαν
731 2978 956 3031 ἀκοῦσαι
998 2978 1196 3032 τούτων
1223 3018 1236 3043 ,
1269 2979 1304 3033 ἀ
1335 2979 1481 3035 ἄλλοι
1513 2982 1838 3044 ἀκούσαντες

1942 1887 2066 1942 olim
2102 1891 2154 1942 in
2191 1893 2350 1943 sacco
2377 1899 2428 1943 et
2464 1891 2648 1943 cinere
2675 1891 2936 1960 iacentes,
2964 1891 3330 1959 pmnitentiam
3361 1888 3498 1957 egis-

1944 1991 2082 2046 sent,
2134 1983 2177 2035 si
2208 1981 2365 2036 facta)
2391 1981 2615 2036 fuissent
2653 1985 2791 2052 apud
2839 1999 2928 2037 eos
2957 1985 3181 2039 virtutes
3212 1999 3331 2053 quae
3358 1985 3494 2052 apud

1942 2071 2074 2125 alios
2105 2071 2261 2126 facta:
2291 2081 2446 2130 sunt;
2475 2081 2522 2125 et
2559 2081 2734 2126 tamen
2770 2089 2874 2128 non
2910 2075 3156 2139 audiunt,
3187 2090 3253 2130 ne
3284 2089 3344 2130 ea
3377 2075 3496 2143 qui-

1939 2161 2058 2215 dem
2091 2177 2208 2230 quae
2242 2163 2294 2216 hi
2327 2162 2417 2232 qui
2455 2161 2583 2216 foris
2631 2172 2756 2217 sunt
2789 2163 3050 2217 audiunt:
3114 2165 3276 2220 credo
3308 2179 3402 2232 pro
3429 2179 3495 2219 eo

1940 2252 2080 2318 quod
2107 2252 2263 2316 longe
2292 2253 2483 2308 horum
2515 2254 2737 2307 inferior
2765 2263 2817 2307 et
2848 2255 3074 2321 nequior
3097 2255 3229 2308 ordo
3268 2267 3407 2309 esset
3437 2254 3490 2308 in

1942 2341 2168 2404 malitia,
2195 2357 2352 2409 quam
2374 2358 2561 2396 eorum
2591 2345 2681 2412 qui
2713 2341 2843 2397 loris
2869 2355 2986 2396 esse
3015 2343 3277 2405 dicuntur,
3306 2343 3356 2394 id
3384 2351 3482 2403 θοι.

1940 2446 2045 2484 non
2075 2431 2232 2500 longe
2261 2432 2328 2485 ab
2354 2433 2437 2487 bis
2464 2433 2553 2502 qui
2582 2434 2724 2486 intus
2752 2443 2873 2487 sunt
2907 2472 2924 2499 ,
2966 2442 3018 2486 et
3045 2433 3230 2486 audire
3267 2431 3490 2485 verbum

1939 2517 2066 2572 licet
2098 2518 2149 2571 in
2175 2521 2498 2596 parabolis,
2534 2523 2880 2575 merebantur
2908 2561 2923 2585 ,
2976 2531 3030 2575 et
3067 2522 3204 2589 quod
3248 2519 3490 2575 fortassis

1939 2607 2348 2678 dispensabatur
2385 2599 2574 2683 eorum
2607 2613 2818 2666 curatio
2870 2613 2920 2666 in
2953 2612 3082 2668 illud
3121 2621 3324 2680 tempus
3355 2609 3486 2683 (72),

1938 2671 2044 2771 quo
2079 2703 2406 2757 tolerabilius
2437 2671 2540 2774 ei'it
2583 2705 2668 2760 eis
2709 2706 2760 2759 in
2813 2707 2898 2761 die
2919 2705 3105 2774 judicii
3133 2746 3148 2771 ,
3185 2671 3492 2774 quam‘illis

1939 2769 2078 2863 apud
2101 2811 2236 2864 quos
2261 2795 2413 2850 laeta:
2431 2769 2557 2867 sntit
2577 2798 2739 2867 128
2759 2798 2860 2851 illa:
2883 2769 3111 2852 virtutes
3136 2769 3254 2866 quin
3281 2796 3492 2865 scripta

1941 2897 2063 2940 sunt
2089 2907 2100 2940 :
2134 2898 2190 2940 ιιι
2216 2889 2285 2940 ita
2317 2889 2771 2942 demum‘relevati
2808 2899 2934 2944 tunc
2969 2889 3203 2958 pondere
3231 2889 3488 2942 malorum

1939 2979 2420 3052 suorumtfacilius
2448 2988 2499 3032 et
2524 2979 2852 3033 tolerabilius
2883 2995 2976 3048 per
3009 2979 3150 3032 viam
3187 2979 3374 3033 salutis
3411 2978 3490 3031 in-

271 3066 612 3138 ὡφέληνται·
657 3067 751 3139 τὴν
776 3066 1064 3134 ἀπολογίαν
1113 3068 1212 3120 οὐκ
1243 3066 1458 3135 εὔλογον
1480 3065 1647 3156 ρῦσαν
1686 3070 1835 3138 ἐλέγ-

1941 3070 2149 3123 cedant.
2193 3067 2391 3122 Verum
2441 3067 2570 3122 illud
2602 3078 2683 3122 est
2731 3069 2870 3135 quod
2905 3068 3202 3122 admonitos
3235 3067 3350 3120 illos
3372 3081 3490 3120 esse

273 3135 364 3221 ξαι
397 3135 740 3228 βουλόμενος,
771 3155 1142 3227 δίδωσι-ταῦτα
1184 3157 1219 3211 ἃ
1263 3160 1311 3211 οἱ
1359 3135 1691 3230 μεμέρόμενοι
1738 3135 1835 3233 την

1941 3161 2023 3228 qui
2054 3154 2169 3215 hazc
2197 3161 2380 3233 legunt
2406 3200 2420 3224 ,
2453 3161 2592 3225 volo,
2623 3175 2719 3214 nos
2759 3161 2810 3213 in
2837 3159 3135 3230 huiusmodi
3164 3156 3489 3212 diﬁcillimis

269 3219 538 3319 διοίκησιν
561 3219 735 3303 ἀὑτοῦ
773 3221 1008 3322 ᾔτησαν·
1055 3251 1139 3304 ἵνα
1190 3249 1327 3320 μετά
1359 3219 1645 3304 ’τὸμλαύεῖν
1675 3219 1842 3322 μηδέδ

1941 3260 1988 3303 et
2017 3251 2418 3306 obscurissimis
2448 3252 2578 3305 locis
2619 3262 2828 3306 summo
2857 3251 3034 3305 studio
3057 3249 3151 3304 niti
3175 3291 3190 3316 ,
3250 3264 3350 3302 non
3380 3257 3486 3300 tam

267 3331 432 3409 ἦττον
459 3337 804 3406 ἐλεγχθέντες
840 3338 915 3401 ὡς
938 3339 1283 3415 ἀσεϐέστατοι
1313 3337 1391 3409 τῷ
1432 3339 1552 3410 μηδ’
1575 3340 1744 3402 οὕτως
1764 3340 1838 3411 τῷ

1941 3339 2376 3410 utquzestionum
2406 3339 2774 3395 absolutiones
2818 3340 2885 3394 ad
2939 3337 3490 3415 liquidunrdispiciao

269 3428 598 3498 ὡφελεῖσθαι
651 3431 872 3494 ἑαυτοὺς
937 3431 1350 3496 ἐπιδεδωκέναι,
1400 3432 1706 3486 παύσωνται
1748 3433 1840 3486 τοῦ

268 3520 514 3574 τοιούτου
536 3521 786 3591 θράσους,
810 3522 902 3574 καὶ
922 3523 1038 3575 κατ’
1060 3522 1188 3575 αὐτὸ
1208 3521 1364 3576 τοῦτο
1389 3523 1832 3594 ἐλευθερωθέντες

274 3611 520 3683 μάθωσιν
550 3613 630 3665 ὅτι
656 3613 781 3665 ποτέ
811 3607 1111 3682 εὐεργετῶν
1146 3630 1296 3674 τινας
1325 3614 1354 3664 ὁ
1382 3611 1513 3674 Θεὸς
1539 3610 1716 3684 μέλλει
1741 3613 1833 3665 καὶ

271 3702 546 3775 βραδύνει,
586 3702 670 3774 ’μὴ
702 3701 1050 3772 χαριζόμενος
1076 3702 1206 3772 ὁρᾷν
1254 3703 1346 3754 καὶ
1378 3702 1591 3757 ἀκούειν
1614 3702 1834 3755 τοιαῦτα

270 3797 364 3864 ἐφ’
391 3792 469 3859 οἷς
497 3795 735 3865 όραθεῖσι
760 3795 851 3846 καὶ
878 3793 1183 3847 ἁκουσθεῖσι
1201 3835 1215 3858 ,
1246 3793 1512 3866 βαρυτέρα
1559 3797 1650 3848 κοί)⁵
1677 3795 1835 3864 χαλε-

268 3887 553 3958 πωτέραὴ
598 3886 837 3958 ἀμαρτία
886 3886 1160 3955 ἐλέγχεται
1198 3886 1304 3938 τῶν
1356 3888 1492 3956 μετά
1535 3886 1831 3958 τηλικαῦτα
1883 3943 1895 3952 _

268 3976 372 4028 καὶ
393 3975 614 4042 τοιαῦτα
647 3977 720 4047 μὴ
752 3975 1204 4030 πεπιστευκότων.

1938 3445 2077 3498 mus,
2131 3431 2233 3486 hoc
2261 3433 2408 3486 enim
2434 3432 2624 3488 'laciet
2670 3434 3039 3502 unusquisque
3069 3439 3228 3500 prout
3253 3430 3490 3500 Spiritus

1938 3520 2088 3575 dabit
2113 3521 2292 3590 eloqui
2323 3521 2370 3575 ei
2405 3536 2415 3569 :
2469 3523 2561 3576 sed
2593 3532 2648 3575 ut
2677 3523 2892 3591 pietatis
2937 3522 3176 3590 regulam
3203 3521 3490 3576 evidentis-

1940 3614 2072 3667 sima
2102 3595 2398 3668 assertione
2422 3624 2719 3680 teneamus,
2755 3615 2806 3667 in
2832 3629 2895 3668 eo
2924 3615 3065 3683 quod
3099 3613 3487 3682 providentiam

1939 3703 2030 3756 Dei
2056 3703 2200 3770 juste
2241 3702 2420 3756 omnia
2492 3703 2860 3756 moderantem
2885 3743 2900 3768 ,
2945 3712 3001 3759 et
3040 3703 3363 3772 aequissimis
3401 3702 3486 3756 di-

1940 3795 2375 3861 spensationibus
2421 3808 2521 3862 pro
2564 3796 2898 3863 singulorum
2945 3796 3154 3850 meritis
3201 3803 3254 3848 et
3308 3792 3488 3848 causis

1937 3899 2123 3954 regere
2171 3884 2502 3940 immortales
2557 3886 2766 3940 animas
2812 3886 3088 3942 studemus
3152 3886 3486 3950 ostendere;

1939 3977 2063 4031 dum
2093 3991 2196 4031 non
2223 3972 2378 4031 intra
2403 3977 2582 4048 hujus
2623 3978 2801 4033 s:ecu|i
2836 3979 2997 4032 vitam
3033 3977 3360 4047 dispensatio
3384 3975 3485 4030 hu-

267 4081 439 4145 mana
467 4067 811 4123 concluditur
838 4108 854 4135 ,
897 4068 990 4122 sed
1036 4065 1200 4122 futuri
1248 4077 1420 4122 status
1460 4083 1683 4124 causam
1715 4061 1948 4139 ’przestat
1992 4083 2204 4138 semper
2257 4069 2493 4125 anterior
2547 4071 2865 4124 meritorum
2915 4077 3126 4132 status,
3174 4076 3227 4122 et
3253 4068 3333 4121 sic
3380 4066 3480 4119 im-

266 4160 490 4216 mortali
545 4169 600 4216 et
647 4170 847 4218 aeterno
899 4161 1163 4231 aequitatis
1209 4161 1330 4232 jure
1366 4172 1418 4217 et
1464 4163 1833 4218 moderamine
1867 4161 2066 4218 divinae
2097 4162 2476 4233 providentia,
2524 4162 2843 4217 immortalis
2899 4162 3076 4216 anima
3114 4160 3179 4214 ad
3221 4171 3481 4213 summam

267 4253 622 4325 perfectionis
661 4241 958 4313 adducitur.
993 4255 1063 4326 [Si
1105 4255 1226 4328 quis
1272 4265 1447 4309 tamen
1493 4263 1748 4310 occurrat
1791 4253 1970 4320 nobis,
1991 4271 2086 4325 pro
2131 4271 2194 4311 eo
2244 4255 2385 4324 quod
2428 4254 2652 4309 dicimus
2700 4270 2731 4308 a
2781 4252 3139 4308 deterioribus
3177 4249 3480 4316 quibusque

264 4355 328 4399 et
365 4347 705 4413 nequioribus
737 4349 984 4405 cons’ulto
1033 4346 1234 4402 dili'erri
1292 4348 1511 4403 verbum
1566 4349 1983 4417 praedicationis.
2044 4364 2140 4404 cur
2191 4348 2275 4403 his
2322 4347 2516 4416 quibus
2551 4347 2732 4401 collati
2757 4347 2922 4417 Tyrii,
2948 4346 3036 4415 qui
3071 4351 3217 4399 certe
3248 4340 3478 4408 despecti

263 4448 420 4500 sunt,
450 4438 808 4508 praeferuntur
834 4481 848 4506 ,
908 4440 1227 4511 praedicatus
1257 4426 1330 4493 sit
1378 4454 1556 4494 sermo
1576 4480 1590 4504 ,
1659 4441 1712 4495 in
1745 4459 1842 4512 quo

1948 4445 2094 4513 tique
2142 4451 2355 4495 auctum
2399 4449 2482 4493 est
2526 4440 2604 4493 eis
2657 4441 2852 4492 malum
2879 4476 2895 4502 ,
2949 4446 3003 4490 et
3041 4436 3255 4504 gravior
3287 4447 3472 4487 eorum

263 4529 468 4588 eﬂecta
501 4537 586 4583 est
634 4531 1046 4595 condemnatio,
1104 4540 1161 4584 nt
1207 4531 1454 4585 audirent
1511 4532 1729 4586 verbum
1786 4535 1874 4603 qui
1935 4550 2040 4589 non
2073 4530 2539 4595 erantcredituri;
2592 4531 2694 4584 hoc
2738 4530 2894 4583 modo
2945 4526 3376 4596 respondendum
3401 4523 3480 4576 vi-

261 4627 438 4676 detur
476 4639 491 4674 :
524 4620 663 4674 Deus
716 4623 808 4690 qui
859 4622 1229 4676 universarum
1258 4620 1532 4690 "mentium
1586 4623 1835 4678 conditor
1879 4633 1982 4689 est,
2046 4623 2304 4676 adversus
2365 4621 2756 4690 providentiam
2809 4636 2959 4676 suam
3023 4617 3271 4687 querelas
3339 4630 3476 4684 pra:-

264 4724 510 4772 uoscens
563 4711 828 4781 praecipue
871 4727 1058 4768 eorum
1103 4711 1193 4779 qui
1252 4711 1442 4765 dicunt
1487 4729 1500 4764 :
1560 4711 1835 4778 Quomodo
1881 4715 2101 4770 credere
2150 4723 2457 4782 poteramus
2511 4730 2630 4768 cum
2677 4729 2847 4781 neque
2902 4711 3194 4765 viderimus
3236 4722 3296 4761 ea
3352 4719 3475 4775 quae

261 4803 463 4864 caeteri
517 4803 786 4868 viderunt,
837 4819 1010 4872 neque
1053 4800 1380 4856 audierimus
1409 4815 1470 4854 ea
1511 4801 1623 4872 (75)
1669 4820 1787 4873 qua:
1830 4806 1948 4860 aliis
1986 4806 2272 4875 pradicata
2311 4806 2473 4858 sunt?
2522 4805 2576 4858 ln
2609 4796 3007 4859 tnntum‘cxtra
3049 4816 3145 4854 nos
3179 4807 3263 4854 est
3286 4799 3462 4868 culpa,

261 4910 335 4958 ut
375 4897 428 4954 bi
471 4895 666 4967 quibus
689 4898 1042 4952 annuntiatus
1070 4903 1153 4950 est
1181 4906 1362 4949 sermo
1411 4901 1465 4948 et
1495 4897 1646 4965 signa
1686 4908 1978 4955 monstrata
2029 4909 2177 4966 sunt,
2214 4900 2348 4954 nihil
2401 4898 2619 4955 omnino
2672 4896 3017 4958 distulerint,
3073 4895 3166 4948 sed
3223 4896 3476 4965 obstupe-

347 5059 461 5136 (ρει)
500 5059 729 5136 l_t_a_mss.
755 5059 907 5136 τίω).
932 5060 1081 5136 edi_t_i,
1107 5057 1340 5136 δηλοῦσι.
1381 5129 1393 5136 _
1696 5133 1728 5136 υ
1761 5134 1769 5136 _

1941 5081 2072 5129 rum,
2098 5084 2115 5116 ι
2150 5063 2366 5136 legitur,
2394 5083 2412 5115 ι
2433 5078 2645 5136 suorum
2665 5067 3030 5136 peccatorum.
3057 5079 3080 5112 ι
3098 5059 3301 5136 ibidem
3323 5073 3474 5136 ms_s..

348 5129 462 5201 (70)
481 5129 604 5201 Kal
636 5131 939 5201 τοιούτοις.
1011 5131 1132 5185 Ησεε
1161 5129 1351 5184 desunt
1381 5129 1432 5184 in
1463 5139 1618 5186 antea
1646 5133 1826 5201 editis,

1941 5139 2130 5198 «volo,
2184 5129 2280 5188 n'os
2335 5137 2387 5186 in
2443 5131 2764 5200 hujusmodi.
2795 5148 2812 5180 ι
2855 5130 3012 5201 Libh.
3059 5131 3228 5191 editi,
3289 5129 3471 5201 «volo,

260 5198 670 5274 sedj'abgnlur
693 5200 742 5252 in
770 5216 951 5274 Ipss_.__
1070 5270 1100 5274 μ
1132 5269 1145 5274 _
1227 5270 1239 5274 _
1481 5271 1490 5274 _
1555 5272 1564 5274 _
1666 5272 1691 5274 _
1785 5198 1822 5274 κ’
1930 5204 2258 5274 hujusmodi.
2287 5221 2305 5252 ι
2343 5201 2480 5274 lnl'r'a
2516 5198 2673 5274 mss,
2703 5217 2720 5249 ι
2747 5199 3149 5274 evidentissima
3176 5198 3476 5274 assertione

349 5271 467 5340 (71)
503 5269 591 5323 Sic
621 5283 749 5321 mss.
781 5267 838 5322 In
863 5269 990 5325 libb.
1019 5269 1178 5324 editis
1209 5270 1394 5330 deest.
1432 5289 1450 5321 ι
1481 5271 1588 5325 isti.
1617 5291 1634 5323 ι
1665 5272 1832 5327 Paulo
1930 5267 2226 5327 teneamus.
2283 5292 2302 5322 ι
2328 5339 2341 5340 7
2362 5271 2518 5340 Lihb.
2545 5271 2674 5340 editi
2711 5309 2726 5332 ,
2776 5287 2794 5318 ι
2818 5270 3127 5323 cautissima
3177 5268 3475 5340 assertione

262 5339 400 5424 post
599 5344 699 5424 she}
722 5339 1622 5424 proverbiisobumbratum,{quae
1642 5344 1832 5396 desunt

262 5407 328 5467 in
365 5418 521 5480 antea
547 5407 726 5480 editis:
768 5407 976 5480 ibidem
1006 5418 1315 5480 mss.,__ret
1358 5407 1571 5476 quidem
1624 5427 1829 5480 pramo-

263 5490 468 5536 scente
495 5479 558 5532 de
583 5477 664 5550 eis
692 5475 991 5550 salvatore.
1015 5498 1032 5530 ι
1055 5478 1138 5550 §_l_n
1169 5477 1297 5531 libb.
1324 5475 1481 5535 editis
1505 5495 1603 5549 pro
1624 5475 1657 5533 ἰ
1691 5497 1830 5550 prte-

264 5557 556 5609 Ioscente,
586 5563 604 5596 ι
640 5545 865 5616 legitur,
895 5564 913 5597 ι
942 5547 1287 5616 praedicante.
1315 5566 1334 5599 ι

347 5616 462 5689 (72)
502 5616 595 5671 Sic
615 5629 756 5689 inse.
788 5614 957 5676 Alias;
1004 5635 1022 5668 ι
1051 5617 1585 5689 dispensatioman'et
1611 5621 1662 5673 in
1691 5620 1818 5675 illud

263 5683 510 5758 ιαρριίε.
545 5702 566 5737 ι
615 5683 783 5739 Paulo
815 5692 932 5758 post
961 5700 1112 5758 mss.,
1139 5683 1168 5737 ἰ
1190 5686 1404 5741 relevati
1436 5696 1561 5758 tunc
1586 5691 1822 5758 pondere

262 5753 536 5816 malorum
563 5769 810 5813 suorum.
838 5772 857 5806 ι
891 5754 946 5810 lu
970 5757 1129 5813 editis
1169 5771 1270 5830 pro
1291 5797 1306 5826 ,
1373 5777 1390 5810 ι
1411 5753 1669 5816 malorum
1695 5774 1816 5816 suo~

1930 5351 2226 5395 teneamus.
2255 5359 2274 5392 ι
2323 5339 2485 5392 Paulo
2534 5338 2669 5392 iiil'ra
2709 5355 2835 5392 mss.
2865 5380 2880 5401 .
2929 5339 3235 5407 aequitatis
3258 5336 3380 5405 jure
3418 5345 3474 5390 et

1929 5410 2312 5478 moderamine.
2341 5429 2359 5461 ι
2400 5409 2453 5462 ln
2478 5409 2634 5463 editis
2654 5411 2804 5463 deest
2829 5429 2846 5461 ι
2865 5409 3009 5478 jure.
3038 5428 3056 5459 ι

1997 5480 2107 5546 (75)
2139 5477 2268 5542 Qua:
2298 5480 2472 5533 cwteri
2516 5480 2748 5532 viderunt
2777 5519 2790 5541 ,
2840 5477 3001 5548 neque
3030 5477 3348 5548 audierimus
3384 5488 3469 5528 ca.

1926 5547 2051 5623 liam
2082 5550 2277 5623 omissa
2309 5549 2512 5623 sunt__in
2545 5549 2671 5604 libb.
2707 5558 2861 5623 antea
2897 5547 3054 5603 editis
3085 5587 3100 5613 ,
3160 5547 3281 5599 licet
3315 5556 3470 5623 repe-

1927 5620 2138 5671 riantur
2194 5619 2246 5673 in
2293 5620 2540 5673 omnibus
2590 5634 2718 5675 mss.
2768 5617 2908 5676 Infra
2943 5611 3096 5681 mss.,
3137 5634 3155 5667 ι
3182 5625 3234 5669 et
3279 5611 3470 5666 nihil...

1925 5688 2035 5748 De!)
2063 5689 2247 5744 deesse
2283 5690 2408 5747 sibi.
2439 5710 2457 5742 ι
2521 5688 2576 5743 In
2600 5688 2756 5744 editis
2808 5702 2903 5756 pro
2935 5688 3198 5742 «deesse»
3255 5681 3470 5752 legitur,

1929 5771 2114 5813 18850.
2138 5776 2160 5812 ι
