4136 6310
644 494 746 555 931

1853 509 2172 570 ORlGENlS
2203 509 2360 564 ΠΕΡι
2397 506 2627 561 APXQN
2683 493 2689 499 ’

646 620 751 674 est,
769 611 1017 682 quoniam
1048 627 1152 668 non
1189 614 1383 670 suﬂicit
1424 617 1499 672 ad
1541 618 1920 687 perficiendam
1965 627 2186 682 salutem

2290 624 2324 694 ἢ
2357 623 2512 694 ἔργον
2543 620 2635 676 τοῦ
2666 620 3009 690 ποτίσαντος,
3055 627 3168 680 ἀλλ’
3198 625 3353 699 ἔργον
3393 629 3485 683 τοῦ
3519 630 3654 684 Θεοῦ
3675 648 3689 662 ·
3715 633 3862 692 οὕτω

646 703 758 758 sola
793 704 1034 759 voluntas
1079 705 1350 773 humana,
1399 723 1499 763 nec
1548 708 1766 765 idoneus
1817 723 1899 767 est
1947 716 2189 772 mortalis

645 807 836 849 cursus
883 795 950 848 ad
993 798 1364 865 consequenda
1411 798 1650 854 coelestia
1691 811 1745 856 et
1774 803 1837 857 ad
1872 807 2186 874 capiendam

642 883 878 952 palmam
918 901 1161 956 supernae
1205 888 1502 945 vocationis
1549 891 1637 945 Dei
1687 891 1738 946 in
1789 895 2006 950 Christo
2039 894 2189 962 Jesu,

644 971 749 1027 nisi
797 973 907 1028 haec
939 975 1052 1042 ipsa
1084 975 1332 1030 voluntas
1379 988 1555 1032 nostra
1598 982 1737 1036 bona
1778 993 2190 1054 promptumque

643 1056 1058 1129 propositum'et
1088 1079 1420 1135 qumcunque
1461 1067 1550 1122 illa
1591 1069 1642 1122 in
1679 1071 1836 1124 nobis
1873 1085 1991 1125 esse
2020 1081 2190 1141 potest

641 1151 927 1215 industria,
961 1153 1146 1207 divino
1176 1155 1255 1207 vel
1294 1156 1624 1225 juveturlvel
1665 1161 1939 1213 muniatur
1967 1163 2186 1217 auxilio.

647 1241 713 1294 Et
761 1243 879 1297 ideo
923 1244 1076 1298 valde
1123 1257 1514 1316 consequenter
1561 1247 1696 1302 dixit
1733 1249 1844 1320 (84)
1885 1249 2196 1316 Apostolus,

631 1334 770 1401 quia
805 1353 824 1385 ‹
853 1350 957 1389 non
985 1336 1219 1391 volentis
1251 1352 1423 1406 neque
1446 1338 1732 1403 currentis,
1764 1339 1856 1393 sed
1887 1339 2191 1394 miserentis

639 1436 722 1478 est
746 1426 870 1492 Dei;
900 1445 918 1477 ι
952 1428 1404 1497 quemadmodum
1433 1429 1477 1482 si
1505 1428 1752 1483 dicamus
1767 1429 1831 1483 de
1862 1430 2189 1500 agricultura

635 1516 764 1570 illud
794 1517 936 1587 quod
969 1518 1230 1586 scriptum
1258 1526 1373 1572 est:
1410 1535 1431 1569 ι
1471 1518 1579 1588 Ego
1610 1520 1866 1589 plantavi,
1893 1519 2084 1590 Apollo
2117 1520 2191 1574 ri-

635 1606 816 1674 gavit,
860 1606 952 1662 sed
985 1607 1127 1660 Deus
1155 1606 1561 1676 [incrementum
1610 1611 1774 1690 dedit.
1807 1610 1989 1680 Itaque
2018 1623 2189 1680 neque

635 1722 725 1787 qui
767 1719 1009 1788 plantat,
1064 1729 1148 1775 est
1209 1721 1411 1790 aliquid
1440 1762 1455 1787 ,
1501 1739 1677 1792 neque
1736 1725 1826 1794 qui
1876 1725 2051 1795 rigat,
2095 1726 2188 1781 sed

620 1810 724 1879 .qui
798 1812 1191 1866 incrementum
1263 1814 1359 1868 dat
1426 1813 1565 1868 Deus
1604 1814 1668 1868 δι.
1739 1833 1758 1865 ι
1844 1814 1994 1871 Sicut
2058 1831 2187 1888 ergo

631 1917 754 1957 cum
827 1902 997 1960 bonos
1068 1911 1228 1973 atque
1303 1905 1499 1959 uberes
1571 1905 1780 1960 fructus
1849 1907 1916 1962 ad
1996 1909 2187 1977 perfe-

2294 713 2383 765 xal.
2408 715 2440 784 ἡ
2466 713 2705 785 ἡμετέρα
2733 713 3005 778 τελείωσις
3035 703 3152 786 οὐχὶ
3180 718 3344 788 μηδὲν
3367 721 3399 789 ἡ
3410 719 3522 790 μῶν
3539 720 3856 792 πραξάντων

2295 795 2518 870 γίνεται,
2561 803 2621 855 οὐ
2656 803 2761 875 μὴν
2794 805 2886 872 ἀφ’
2919 804 3073 876 ἡμῶν
3127 804 3510 879 ἀπαρτίζεται,
3556 811 3690 866 ἀλλά
3726 813 3858 878 Θεὸς

2295 890 2353 944 τὸ
2382 892 2511 945 πολὺ
2551 893 2753 965 ταύτης
2800 895 3026 966 ἐνεργεῖ.
3066 897 3172 950 Καί
3212 898 3296 953 ἵνα
3345 900 3726 974 ἐναργέστερον
3769 922 3858 957 πι-

2297 984 2488 1055 στευθῇ
2518 984 2673 1038 τοῦτο
2702 981 2838 1040 εἶναι
2869 986 2929 1038 τὸ
2966 988 3273 1058 λεγόμενον,
3315 991 3421 1044 ἀπὸ
3453 994 3551 1063 τῆς
3585 995 3857 1067 κυϐερνη-

2294 1075 2451 1143 τικῆς
2483 1076 2541 1127 τὸ
2571 1075 2917 1147 παράδειγμα
2953 1078 3262 1149 ληψόμεθα·
3298 1083 3431 1153 πρὸς
3471 1085 3578 1155 γὰρ
3602 1085 3714 1157 ,τὴν
3747 1086 3856 1141 τῶν

2295 1164 2508 1233 ἀνέμων
2549 1167 2743 1236 πνοὴν,
2774 1170 2866 1222 καὶ
2892 1170 2990 1238 τὴν
3029 1171 3133 1226 τῶν
3181 1173 3356 1244 ἀέρων
3401 1177 3693 1247 εὐκρασίαν
3717 1217 3732 1240 ,
3763 1180 3857 1232 καὶ

2262 1314 2264 1317 ι
2293 1254 2390 1324 τὴν
2421 1254 2527 1308 τῶν
2554 1256 2794 1328 ἀστέρων
2833 1258 3184 1330 λαμπρότητα
3229 1264 3622 1333 συνεργούντων
3653 1269 3718 1336 τῇ
3748 1266 3856 1322 τῶν

2295 1344 2634 1414 ἐμπλεόντων
2685 1349 2956 1421 σωτηρίᾳ,
3008 1351 3187 1407 πόσον
3215 1355 3281 1408 ἂν
3327 1355 3558 1424 ἀριθμὸν
3604 1357 3745 1426 ἔχειν
3776 1357 3858 1410 λέ-

2295 1451 2440 1503 γοιτο
2468 1438 2564 1507 τῆς
2604 1439 2695 1492 ἐπὶ
2722 1440 2810 1493 τὸν
2841 1440 3034 1511 λιμένα
3083 1444 3573 1510 ἀποκαταστάσεως
3599 1448 3632 1517 ἡ
3660 1447 3856 1519 κυϐερ-

2293 1526 2480 1598 νητικὴ
2517 1528 2697 1601 τέχνη,
2727 1521 2834 1583 οὐδ’
2873 1533 3051 1586 αὐτῶν
3083 1533 3187 1590 τῶν
3225 1529 3566 1608 κυϐερνητῶν
3593 1538 3659 1591 δι’
3700 1539 3857 1593 εὐλά-

2295 1617 2443 1672 ϐειαν
2489 1607 2742 1684 πολλάιῖιις
2783 1623 3101 1692 τολμώντων
3153 1607 3520 1696 όμολογεῐνγτὸ
3565 1630 3856 1686 σεσωκέναι

2291 1711 2388 1771 τὴν
2426 1711 2575 1778 ναῦν,
2630 1713 2763 1766 ἀλλὰ
2797 1714 2875 1784 τῷ
2917 1717 3035 1786 Θεῷ
3073 1717 3131 1770 τὸ
3170 1720 3278 1775 πᾶν
3334 1721 3735 1794 ἀναφερόντων,
3791 1724 3854 1779 οὗ

2290 1803 2367 1873 τῷ
2419 1803 2527 1874 (86)
2574 1805 2735 1875 μηδὲν
2789 1806 2985 1871 αὐτοὺς
3043 1811 3421 1882 ἐνηργηκέναι,
3475 1815 3608 1868 ἀλλὰ
3660 1816 3737 1888 τῷ
3775 1817 3853 1881 είς

2292 1894 2588 1965 ὑπερϐολὴν
2632 1896 3021 1954 πολλαπλάσιον
3061 1897 3196 1956 εἶναι
3234 1903 3293 1956 τὸ
3332 1905 3436 1963 ἀπὺ
3469 1906 3567 1976 τῆς
3604 1909 3855 1978 προνοίας

629 2003 770 2046 ctam
849 1996 1218 2048 maturitatem
1296 1994 1517 2062 pertulit
1591 2010 1788 2065 seges,
1863 2012 2022 2052 nemo
2095 1998 2182 2067 pie

2288 1986 2374 2039 τοῦ
2415 1987 2520 2039 ἀπὸ
2559 1987 2656 2058 τῆς
2706 1987 2929 2060 τέχνης;
2982 1992 3090 2045 Καὶ
3134 1993 3224 2047 ἐπὶ
3267 1995 3364 2064 τῆς
3405 1997 3677 2070 ἡμετέρας
3720 1999 3853 2069 γοῦν

630 2087 782 2157 131
824 2098 880 2142 et
909 2097 1303 2158 consequenter
1327 2089 1469 2144 dicet
1500 2090 1621 2158 quia
1670 2093 1878 2147 fructus
1908 2093 2026 2147 illos
2049 2093 2192 2162 agri-

626 2179 744 2233 cola
776 2179 926 2245 fecit,
955 2181 1050 2235 sed
1083 2195 1113 2233 a
1143 2178 1250 2234 Deo
1287 2178 1542 2235 fatebitur
1586 2185 1883 2249 praestitos;
1917 2184 1987 2238 ita
2027 2186 2188 2238 etiam

627 2282 811 2326 nostra
840 2270 1103 2340 perfectio
1141 2289 1244 2329 non
1278 2274 1496 2344 quidem
1553 2275 1714 2329 nobis
1751 2276 2090 2330 cessantibus
2136 2282 2191 2329 et

626 2362 816 2417 otiosis
865 2362 1136 2431 efficitur,
1199 2381 1300 2421 nec
1357 2375 1540 2421 tamen
1605 2368 2007 2424 consummatio
2075 2366 2190 2434 ejus

577 2445 580 2454 ’
627 2455 806 2520 nobis,
866 2455 958 2510 sed
1008 2454 1116 2510 Deo
1163 2457 1371 2526 quiest
1416 2458 1586 2527 prima
1629 2467 1682 2510 et
1713 2458 1977 2524 praecipua
2026 2471 2186 2510 causa

625 2546 810 2614 operis
835 2547 1161 2602 ascribetur.
1196 2547 1286 2602 Sic
1318 2564 1439 2602 cum
1482 2549 1632 2601 navis
1689 2547 2023 2613 superaverit
2069 2563 2185 2600 ma-

623 2639 742 2690 rina
775 2638 1110 2703 discrimina,
1152 2640 1400 2704 quamvis
1454 2638 1622 2690 multo
1650 2637 1835 2690 labore
1876 2648 2180 2704 nautarum,

619 2735 676 2781 et
699 2729 843 2780 omni
880 2729 1112 2782 nautica:
1148 2730 1284 2781 artis
1318 2743 1482 2796 Opere
1534 2727 1800 2794 impenso,
1838 2738 1890 2781 et
1916 2730 2186 2798 guberna-

622 2819 758 2873 toris
790 2819 968 2871 stndio
1029 2828 1193 2885 atque
1245 2819 1510 2873 industria
1562 2819 1798 2873 adhibita
1851 2836 1934 2873 res
1971 2831 2177 2890 agatur,

620 2916 906 2963 ventorum
936 2924 1148 2977 quoque
1176 2911 1539 2979 aspir-antibus
1561 2910 1805 2973 ﬂatibus,
1838 2921 1891 2964 et
1919 2923 2184 2966 astrorum

620 3000 792 3068 signis
828 2999 1110 3069 diligenter
1146 3003 1375 3067 notatis;
1414 3004 1457 3056 si
1491 3006 1706 3071 quando
1765 3014 1940 3057 tamen
1991 3014 2185 3056 vexata

622 3093 780 3147 undis
812 3089 922 3162 (85)
954 3101 1008 3146 et
1035 3092 1283 3148 ﬂuctibus
1312 3093 1527 3165 fatigata
1558 3095 1622 3148 ad
1659 3105 1868 3162 portum
1893 3086 2039 3147 salva
2065 3106 2187 3159 per.

615 3184 784 3248 venit,
816 3199 970 3237 nemo
1001 3186 1117 3238 sani
1153 3200 1343 3239 sensus
1385 3187 1491 3240 nisi
1527 3184 1911 3240 misericordia:
1962 3181 2055 3234 Dei
2097 3194 2180 3234 sa-

615 3273 780 3326 lutem
799 3273 960 3326 'navis
984 3275 1247 3327 ascrihet.
1301 3274 1406 3328 Sed
1435 3290 1500 3329 ne
1526 3275 1624 3342 ipsi
1652 3274 1867 3340 quidem
1900 3258 2086 3324 nautai
2101 3265 2181 3322 vel

2293 2079 2559 2149 σωτηρίας
2594 2078 2985 2136 πολλαπλάσιόν
3019 2084 3162 2136 ἐστιν
3192 2085 3269 2148 εἰς
3311 2086 3611 2160 ὑπερϐολὴν
3651 2091 3711 2143 τὸ
3747 2092 3853 2143 ἀπὸ

2289 2169 2382 2222 τοῦ
2424 2169 2555 2223 Θεοῦ
2603 2171 2695 2224 τοῦ
2745 2172 2852 2225 ἀπὸ
2892 2172 2984 2226 τοῦ
3019 2173 3114 2243 ἐφ’
3156 2177 3287 2245 ἡμῖν
3319 2193 3332 2206 ⁸
3389 2169 3574 2252 διόπερ
3613 2181 3852 2253 ἠγοῦμαι

2289 2260 2538 2329 λέγεσθαι
2566 2263 2645 2328 τὸ,
2681 2284 2699 2314 ι
2736 2265 2810 2318 Οὐ
2837 2264 2930 2318 τοῦ
2962 2265 3203 2330 θέλοντος
3222 2308 3235 2330 ,
3266 2268 3385 2322 οὐδὲ
3417 2270 3509 2323 τοῦ
3549 2270 3847 2342 τρέχοντος,

2289 2354 2422 2407 ἀλλὰ
2460 2354 2552 2409 τοῦ
2604 2356 2876 2419 ἐλεοῦντος
2918 2356 3074 2411 Θεοῦ.
3118 2377 3136 2409 ι
3161 2360 3222 2412 Εἰ
3253 2360 3357 2432 γὰρ
3387 2361 3462 2425 ὡς
3489 2364 3678 2417 ἐκεῖνοι
3713 2364 3848 2417 ὑπο-

2288 2446 2615 2516 λαμϐάνουσι
2644 2448 2723 2501 δεῖ
2746 2448 3105 2518 ἐκλαμϐάνειν
3154 2451 3234 2515 τὸ,
3279 2471 3296 2501 t
3332 2454 3403 2505 Οὐ
3446 2453 3538 2505 τοῦ
3585 2453 3845 2520 θέλοντος,

2287 2539 2406 2593 οὐδὲ
2454 2540 2543 2593 τοῦ
2607 2540 2901 2612 τρέχοντος,
2955 2540 3087 2594 ἀλλὰ
3136 2541 3228 2596 τοῦ
3279 2543 3548 2607 ἐλεοῦντος
3596 2545 3729 2598 Θεοῦ
3755 2586 3770 2611 ,
3824 2566 3842 2598 ι

2287 2634 2538 2704 περισσά),
2568 2633 2623 2685 ai
2652 2632 2893 2694 ἐντολαὶ,
2932 2632 3024 2684 καὶ
3067 2633 3240 2704 μάτην
3267 2635 3296 2686 ὁ
3337 2633 3544 2698 Παῦλος
3581 2635 3846 2699 αὐτὸςαί-

2287 2724 2467 2777 τιᾶταί
2499 2740 2650 2784 τινας
2713 2722 2788 2785 ὡς
2832 2721 3351 2794 παραπεπτωκότας,
3392 2709 3483 2777 καὶ
3533 2726 3847 2796 ἀποδέχεται

2285 2832 2432 2876 τινας
2452 2816 2527 2877 ὡς
2557 2815 3107 2886 κατωρθωκὸτας,καὶ
3149 2817 3424 2886 νομοθετεῖ
3460 2820 3574 2880 ταῖς
3617 2817 3844 2888 Ἐκκλη-
3889 2830 3895 2841 ’

2288 2907 2459 2967 σίαις,
2503 2905 2620 2975 εἰκῆ
2659 2905 2716 2957 δέ
2756 2908 2845 2958 καὶ
2874 2909 3035 2977 ἡμεῖς
3074 2906 3377 2976 ἐπιδίδομεν
3409 2907 3629 2971 ἑαυτοὺς
3667 2909 3759 2962 ἐπὶ
3785 2908 3847 2961 τὸ

2287 2996 2456 3050 Θέλειν
2489 2997 2555 3048 τὰ
2586 2997 2858 3067 κρείττονα
2875 3038 2889 3063 ,
2924 2998 3047 3069 εἰκῆ
3073 2999 3128 3052 δὲ
3153 2999 3243 3050 καὶ
3269 2999 3358 3050 ἐπὶ
3381 2999 3440 3050 τὸ
3462 3000 3669 3071 τρέχειν
3687 3017 3702 3031 ο
3731 2998 3845 3053 ἀλλ’

2285 3086 2344 3139 οὐ
2391 3088 2560 3156 μάτην
2603 3091 2630 3141 ὁ
2671 3088 2875 3152 Παῦλος
2921 3089 3046 3142 τάδε
3095 3087 3442 3158 συμϐουλεύει
3511 3091 3603 3145 καὶ
3659 3089 3844 3144 τούσδε

2288 3174 2576 3245 μέμφεται,
2662 3178 2754 3229 καὶ
2821 3176 3007 3229 τούσδε
3065 3176 3434 3246 ἀποδέχεται·
3488 3180 3609 3234 οὐδέ
3671 3180 3844 3252 μάτην

2285 3268 2443 3336 ἡμεῖς
2481 3267 2796 3337 ’ἐπιδίδομεν
2845 3269 3066 3329 ἑαυτοὺς
3110 3255 3185 3336 τῷ
3224 3267 3394 3322 θέλειν
3436 3271 3501 3323 τὰ
3542 3273 3840 3344 κρείττονα,

611 3365 933 3431 gubernator
966 3365 1164 3418 audent
1192 3365 1410 3416 dicere:
1447 3364 1557 3434 Ego
1585 3362 1788 3416 salvavi
1829 3375 2053 3418 navem;
2076 3361 2168 3413 sed

2288 3333 2368 3412 ιιαὶ
2405 3359 2482 3430 τῷ
2524 3333 2770 3435 σπεύδειν
2799 3360 2890 3410 ἐπὶ
2930 3357 2997 3411 τὰ
3031 3333 3367 3430 διαφέροντα.
3418 3363 3529 3415 Οὐκ
3568 3333 3673 3435 ἀρα
3700 3333 3842 3416 ἐκεῖέ

617 3462 782 3508 totum
814 3455 879 3507 ad
926 3454 1020 3508 Dei
1069 3454 1493 3507 misericordiam
1540 3442 1822 3520 referunt;
1874 3467 1980 3504 non
2025 3453 2166 3520 quod

2272 3468 2351 3504 νοι
2376 3450 2552 3513 καλῶς
2579 3433 2887 3520 ἐξειλήφασι
2920 3448 2986 3500 τὰ
3015 3449 3152 3503 κατὰ.
3178 3450 3266 3504 τὸν
3297 3453 3476 3508 τόπον.
3504 3462 3509 3467 “

617 3546 857 3599 sentiant
887 3561 943 3599 se
981 3545 1115 3599 nihil
1139 3546 1201 3600 ad
1237 3546 1552 3600 salvandum
1610 3560 1797 3599 navem
1845 3545 1927 3600 vel
1953 3548 2084 3601 artis
2113 3546 2426 3601 adhibuisse
2462 3545 2541 3598 vel
2583 3544 2804 3608 laboris,
2841 3544 2934 3598 sed
2963 3544 3104 3612 quod
3144 3547 3319 3599 sciant
3360 3563 3388 3599 a
3421 3563 3479 3602 se
3524 3551 3738 3618 quidem
3766 3550 3841 3602 la-

625 3639 833 3703 borem,
866 3640 1091 3694 sal‘itcm
1131 3655 1258 3695 vero
1279 3656 1310 3694 a
1341 3640 1450 3695 Deo
1489 3643 1780 3711 prtestitam
1811 3643 1950 3695 navi.
1991 3641 2068 3696 lta
2101 3643 2263 3695 etiam
2297 3642 2346 3694 in
2379 3647 2577 3694 nostrae
2605 3639 2726 3714 vitae
2753 3653 2910 3693 cursu
2944 3653 2972 3692 a
3006 3641 3163 3695 nobis
3198 3642 3415 3711 quidem
3452 3644 3837 3714 dependendns

627 3743 710 3786 est
741 3733 910 3795 labor,
941 3743 995 3785 et
1047 3734 1281 3788 studium
1330 3708 1500 3804 atque
1527 3735 1786 3789 industria
1827 3734 2167 3800 adhibenda;
2216 3734 2416 3788 laboris
2450 3732 2617 3786 nostri
2639 3708 2787 3785 [vero
2818 3729 3026 3786 fructus
3055 3746 3082 3785 a
3106 3733 3212 3787 Deo
3262 3735 3524 3801 speranda
3553 3743 3636 3790 est
3670 3737 3834 3789 salus.

623 3824 875 3892 Alioquin
901 3825 943 3877 si
970 3824 1097 3877 nihil
1123 3826 1288 3878 nostri
1318 3827 1496 3893 Operis
1521 3827 1782 3891 exposcit,
1810 3823 2078 3891 superﬂua
2101 3823 2286 3890 utique
2310 3820 2636 3875 videbuntur
2653 3834 2771 3873 esse
2800 3821 3083 3888 mandata;
3111 3820 3306 3876 frustra
3323 3822 3486 3877 etiam
3513 3824 3626 3894 ipse
3639 3823 3837 3899 Daulus

617 3915 798 3982 culpat
824 3917 1079 3983 quosdam
1109 3916 1376 3971 decidisse
1399 3935 1425 3970 a
1462 3919 1710 3978 veritate,
1747 3924 1800 3969 et
1825 3915 2089 3969 collaudat
2112 3913 2244 3966 alios
2270 3920 2471 3966 stantes
2496 3913 2547 3964 in
2582 3912 2715 3979 fide;
2744 3922 3010 3983 praecepta
3033 3915 3274 3982 quaedam
3307 3925 3360 3970 et
3386 3916 3623 3970 instituta
3650 3929 3714 3967 ex
3739 3929 3833 3971 su-

613 4006 816 4072 perﬂuo
842 4007 1002 4059 tradit
1028 4008 1316 4075 Ecclesiis;
1345 4010 1541 4063 frustra
1568 4010 1726 4062 etiam
1757 4023 1852 4070 nos
1876 4007 1976 4075 ipsi
2003 4005 2087 4058 vel
2117 4003 2360 4057 volumus
2385 4004 2468 4057 vel
2494 4005 2762 4060 currimus
2784 4007 2850 4060 ad
2877 4006 3034 4059 bona.
3067 4005 3414 4074 Sedgccrtum
3436 4015 3518 4060 est
3547 4005 3690 4072 quod
3719 4006 3834 4062 haec

623 4098 820 4154 frustra
853 4116 956 4152 non
990 4100 1145 4164 ﬁlllll,
1175 4111 1229 4154 et
1258 4111 1465 4154 certum
1498 4112 1581 4156 est
1611 4104 1752 4170 quod
1795 4116 1893 4157 nec
1923 4098 2144 4168 apostoli
2192 4098 2387 4151 frustra
2418 4099 2754 4166 praecipiunt,
2787 4114 2886 4153 nec
2922 4098 3178 4151 Dominus
3213 4098 3330 4151 sine
3361 4113 3521 4152 causa
3550 4099 3638 4151 dat
3665 4093 3830 4171 leges.

620 4191 878 4258 Superest
907 4206 1034 4258 ergo
1071 4203 1128 4244 ut
1157 4192 1566 4260 pronuntiemus
1589 4197 1730 4260 quod
1764 4195 1934 4264 magis
1965 4191 2119 4246 bonis
2151 4191 2310 4245 dictis
2341 4191 2572 4245 limretici
2607 4190 2801 4244 frustra
2834 4189 2941 4260 (87)
2983 4189 3307 4241 calumniam
3341 4186 3561 4242 faciant.

653 4283 1024 4353 132l9.Post
1045 4284 1543 4350 hzccinsequebatur
1564 4288 1652 4339 illa
1673 4290 1895 4354 quaestio
1910 4287 2162 4356 quoniam

616 4393 634 4425 ι
674 4386 724 4426 Ct
759 4374 892 4426 velle
919 4367 1250 4441 et'pcrlieere
1274 4390 1336 4426 ex
1363 4374 1466 4427 Deo
1498 4375 1608 4443 (88)
1630 4378 1791 4429 est“.
1830 4397 1847 4427 ι
1877 4378 1941 4430 ΕΙ.
1971 4377 2157 4430 aiunt:

612 4466 667 4520 Si
699 4483 761 4520 ex
792 4465 898 4517 Deo
935 4472 1016 4517 est
1044 4465 1200 4530 velle,
1245 4474 1298 4518 et
1327 4481 1390 4519 ex
1426 4467 1532 4520 Deo
1578 4477 1659 4520 est.
1703 4467 1996 4535 perlicere;
2046 4469 2158 4520 sive

2339 4285 2482 4354 Πρὸς
2535 4284 2738 4350 τούτοις
2767 4279 2834 4354 ἦν
2854 4300 2866 4314 ’
2929 4302 2945 4332 ι
2981 4282 3052 4334 Τὸ
3082 4281 3252 4336 Θέλειν
3281 4282 3373 4335 καὶ
3403 4283 3461 4334 τὸ
3490 4284 3727 4353 ἐνεργεῖν
3769 4287 3833 4341 ἐκ

2268 4378 2358 4430 τοῦ
2384 4377 2518 4429 Θεοῦ
2547 4379 2681 4430 ἐστι.
2713 4397 2728 4426 ι
2751 4378 2857 4428 Καὶ
2873 4377 3002 4445 φασί
3027 4391 3166 4438 τινες
3187 4392 3200 4406 ⁸
3235 4377 3294 4428 Εἰ
3320 4364 3428 4445 (89)
3453 4378 3556 4429 ἀπὸ
3577 4377 3668 4431 τοῦ
3698 4378 3830 4434 Θεοῦ

2265 4469 2325 4519 τὸ
2353 4468 2541 4531 θέλειν,
2583 4469 2674 4520 καὶ
2714 4467 2815 4520 ἀπὸ
2843 4466 2932 4519 τοῦ
2972 4465 3104 4518 Θεοῦ
3131 4467 3189 4518 τὸ
3211 4466 3468 4538 ἐνεργεῖν,
3510 4468 3608 4522 κᾶν
3649 4470 3830 4536 κακῶς

1820 4577 2377 4642 INTERPRETATIO
2416 4578 2622 4634 NOVA.

682 4672 768 4725 l9.
825 4671 1009 4746 Postea
1076 4675 1401 4746 sequebatur
1434 4675 1566 4746 illud
1600 4694 1611 4728 :
1656 4694 1672 4724 (
1725 4674 1867 4728 Velle
1897 4685 1951 4728 et
1979 4677 2241 4742 perficere
2275 4678 2480 4730 exDeo
2529 4686 2629 4728 est.
2676 4696 2692 4726 ›
2735 4676 2800 4730 Ει
2838 4677 3019 4730 dicunt
3067 4676 3327 4745 quidam:
3367 4676 3422 4730 Si
3466 4676 3600 4731 velle
3625 4687 3676 4731 et
3705 4694 3827 4746 per-

614 4743 774 4796 licere
798 4756 861 4793 ex
891 4741 995 4793 Deo
1028 4751 1142 4816 est,
1160 4759 1250 4816 seu
1288 4743 1424 4816 male
1469 4745 1825 4802 velimns,seu
1860 4741 1996 4798 male
2036 4747 2161 4812 quid
2195 4762 2416 4815 agamus
2445 4786 2458 4806 ,
2486 4762 2513 4798 a
2552 4746 2657 4798 Deo
2705 4749 2813 4799 lucc
2866 4750 3018 4801 nobis
3072 4741 3431 4816 contigerunt.
3469 4747 3617 4812 and
3657 4741 3718 4800 si'
3754 4750 3822 4801 ita

613 4822 714 4875 est,
750 4826 851 4863 non
876 4826 1060 4886 sumus
1093 4813 1264 4867 liberi.
1297 4813 1360 4866 Et
1389 4829 1597 4878 rursus,
1639 4830 1760 4868 cum
1803 4817 1937 4869 bona
1971 4816 2217 4886 volumus
2235 4813 2307 4868 “et
2340 4816 2710 4882 praestantiora
2763 4818 3089 4886 perliciutus,
3128 4813 3379 4885 quoniam
3427 4826 3541 4886 ret
3585 4816 3736 4886 velle,
3769 4826 3827 4872 et

585 4883 864 4950 'perlicere
888 4897 949 4954 ex
994 4880 1097 4935 Deo
1134 4892 1235 4944 est,
1269 4901 1286 4933 ι
1317 4898 1417 4935 non
1451 4900 1544 4938 nos
1585 4886 1951 4952 prtestantiora
1988 4880 2442 4952 perfecimus—sed
2461 4886 2719 4954 perlicere
2745 4880 2845 4940 visi
2876 4880 3087 4948 sumus:
3125 4880 3236 4940 haec
3267 4894 3456 4954 autem,
3478 4884 3615 4938 Dens
3641 4885 3820 4950 dedit;

605 4965 771 5024 quare
802 4967 900 5024 nec
938 4953 986 5002 in
1030 4967 1092 5004 eo
1134 4967 1318 5024 sunms
1361 4954 1532 5024 liberi.
1577 4955 2026 5021 Respuntlcndttnt
2061 4965 2142 5008 est
2171 4972 2274 5008 non
2319 4953 2524 5008 dixisse
2557 4957 2865 5024 Apostolntn
2901 4957 3033 5011 velle
3075 4959 3210 5009 mala
3258 4965 3346 5007 aut
3381 4953 3533 5024 velle,
3579 4954 3740 5018 bona,
3769 4966 3824 5010 et

609 5023 734 5072 item
777 5021 1111 5073 melior-aaut
1145 5021 1323 5088 pejora
1353 5023 1528 5077 facere
1558 5025 1761 5087 exii-Deo
1794 5039 1930 5087 esse,
1960 5027 2051 5078 sed
2085 5026 2334 5078 universe
2373 5026 2506 5079 velle
2527 5035 2578 5078 et
2606 5021 2872 5079 ‘universe
2903 5042 3140 5079 currere.
3175 5023 3630 5088 Quemadmodum
3682 5026 3820 5079 enim

614 5104 642 5140 a
672 5089 778 5142 Deo
814 5090 1074 5145 habemus
1097 5094 1260 5159 'qnod
1300 5092 1574 5157 animalia,
1603 5095 1744 5157 Quod
1775 5095 2022 5149 homines
2064 5109 2273 5159 sumus,
2328 5097 2398 5148 ita
2443 5097 2587 5164 quod
2632 5097 2952 5166 generatim,
2985 5105 3043 5149 ut
3071 5098 3138 5148 ita
3174 5097 3370 5157 dicunt,
3396 5091 3660 5157 volumus,
3681 5105 3823 5164 quod

682 5201 722 5231 ⁶¹
756 5200 772 5252 l
805 5201 926 5254 (ῖοτ.
963 5217 1044 5266 Ill,
1084 5203 1137 5268 6,
1177 5205 1224 5258 7.
1303 5206 1346 5237 θ’
1374 5206 1564 5275 Philip.
1598 5222 1659 5271 ll,
1699 5207 1782 5260 15.

2957 5173 2964 5202 l

683 5287 791 5356 (84)
826 5285 914 5360 Sic
944 5305 1070 5344 mss.
1097 5293 1275 5360 Alias,
1311 5313 1327 5344 ι
1361 5299 1740 5349 convenienter
1778 5295 1928 5349 dicit.
1962 5312 1980 5343 ι
2014 5293 2153 5345 infra
2190 5294 2232 5347 D
2261 5294 2400 5358 quod
2434 5294 2626 5346 sciant.
2660 5292 2855 5354 )Lihb.
2878 5291 3063 5360 edit.r
3101 5290 3192 5343 sed
3223 5292 3473 5359 quoniam
3498 5296 3682 5353 sentit.
3723 5314 3744 5350 ι

611 5360 741 5439 libb.
773 5358 924 5420 editi,
957 5377 974 5408 ι
1008 5377 1162 5413 nemo
1185 5358 1270 5430 pie
1296 5373 1347 5418 et
1373 5369 1756 5420 convenienter
1787 5365 1948 5419 dicet.
1983 5382 1998 5414 ι
2031 5363 2156 5416 Mss.
2339 5363 2450 5440 (89)
2474 5364 2582 5440 “Sic
2609 5373 2918 5440 recte'niss.
2953 5359 3104 5440 Lilib.
3133 5358 3260 5412 editi
3295 5362 3454 5440 male,
3483 5364 3560 5417 τό.

609 5430 959 5502 utinunqstro
995 5439 1163 5482 textu.
2328 5436 2438 5502 (87)
2473 5432 2562 5502 Sic
2591 5437 2719 5484 mss.
2762 5430 2918 5485 Libb.
2963 5430 3116 5492 editi,
3154 5448 3172 5480 ι
3209 5443 3267 5483 ut
3299 5433 3490 5502 magis,
3521 5443 3628 5490 ret
3656 5437 3816 5492 omit—

677 5496 786 5567 (85)
817 5492 1131 5567 Siquando
1186 5509 1354 5554 tamen
1411 5516 1590 5558 vexata
1657 5507 1832 5559 undis.
1901 5505 1974 5556 lla
2029 5508 2183 5554 mss.’

2288 5492 2377 5558 unt
2412 5492 2430 5552 ἑ
2471 5501 2689 5554 frustra.
2727 5517 2745 5550 ι

608 5566 776 5644 Alia-5,
815 5583 830 5614 ι
867 5566 913 5619 si
946 5575 1123 5644 tamen
1172 5570 1530 5644 navi_s_undis.
1579 5595 1610 5625 ι.
1647 5575 1815 5641 Paulo
1860 5586 1977 5644 post
2030 5568 2159 5624 libb.
2325 5574 2441 5642 (ὃὸ)
2475 5573 2549 5623 Ita
2584 5585 2710 5644 tns_s_.
2742 5569 2913 5644 Alias,
2944 5587 2962 5644 ι
2998 5578 3141 5644 esset
3172 5584 3234 5623 ex
3261 5571 3394 5628 Deo.
3435 5590 3453 5624 ι
3495 5572 3660 5644 Paulo
3692 5581 3812 5642 post

602 5635 755 5726 editi,
795 5653 811 5685 ι
848 5647 938 5690 ειη
965 5652 1030 5726 pe
1059 5639 1168 5716 ipse
1191 5638 1424 5726 .quid‘em
1472 5653 1634 5726 nauta
1662 5637 1770 5726 ,τρι
1835 5635 2158 5726 gubernator
2215 5659 2217 5666 ε
2257 5635 2385 5697 mss.
2415 5635 2433 5691 ἑ
2470 5649 2568 5726 ειμι.
2592 5638 2726 5694 velle
2760 5639 2896 5694 bona
2928 5643 2992 5692 ex
3023 5639 3130 5693 Deo
3158 5651 3282 5726 est,
3314 5662 3332 5694 ι
3365 5658 3485 5713 qua:
3511 5635 3706 5698 desunt
3757 5644 3810 5698 in

604 5707 869 5761 audet"...
912 5706 984 5776 ad
1025 5708 1447 5761 nnsericordiam
1501 5711 1595 5766 Dei
1639 5706 1977 5768 refertvnon
2016 5710 2156 5776 quod
2259 5725 2412 5766 antea
2444 5712 2627 5765 editis.

602 5776 818 5832 sentiat.
851 5794 864 5824 ι
909 5774 1030 5830 Mss.
1057 5787 1110 5831 ut
1139 5779 1186 5830 in
1214 5792 1393 5832 nostr"
1424 5776 1811 5853 téxutilhidem
1842 5800 1967 5840 mss.
2004 5774 2155 5844 [sed
2328 5781 2437 5852 (89)
2460 5782 2540 5833 Εἰ.
2574 5782 2727 5836 Deest
2759 5780 2810 5835 in
2847 5790 3000 5836 antea
3025 5782 3199 5848 editis,
3225 5780 3574 5839 sed'babetur
3598 5781 3646 5834 in
3679 5796 3808 5840 mss.
