4136 6310
716 435 823 490 295

1945 434 2264 491 ORIGENIS
2296 438 2453 489 ΠΕΡΙ
2495 437 2723 491 ΛΡΧΩΝ

3840 435 3949 491 ἓθο

716 545 990 605 contraria
1024 544 1309 616 praloqui?
1337 544 1489 612 Quod
1524 548 1567 601 si
1601 547 1703 601 hoc
1733 548 1924 602 sentiri
1956 565 2059 621 non
2097 558 2271 619 potest

2373 552 2420 602 εί
2448 550 2667 603 δύναται
2697 550 2825 617 περὶ
2863 548 2957 603 τοῦ
3013 550 3333 603 Ἀποστόλου
3362 550 3502 604 νοεῖν
3540 551 3617 615 ὡς
3660 549 3945 623 μαχόμενα

716 643 786 700 de
802 640 1080 709 Apostolo,
1113 641 1385 707 quomodo
1411 640 1681 695 videbitur
1708 642 2000 696 secundum
2030 644 2163 697 istos
2180 644 2270 713 jn-
2295 684 2298 688 λ

716 742 798 790 ale
824 733 1047 802 culpare
1079 747 1172 786 eos
1208 733 1302 800 qui
1345 732 1397 785 in
1424 732 1686 786 Corintho
1721 731 1972 786 fornicati
2005 744 2149 799 sum,
2187 736 2272 788 vel

714 839 808 879 eos
834 823 925 894 qui
956 824 1304 892 deliquerunt
1332 835 1383 878 et
1409 824 1781 893 paenitentiam
1816 841 1919 880 non
1955 837 2179 895 egerunt
2204 828 2270 879 ab

674 911 1050 981 _impudieilia
1103 920 1159 965 et
1207 910 1572 967 fornicatione
1614 922 1669 965 et
1718 913 2056 968 immunditia
2111 931 2269 984 quam

713 1002 1037 1072 gesserunt?
1063 1001 1345 1067 Quomodo
1376 1005 1542 1057 etiam
1577 1004 1853 1059 collaudat
1886 1022 1978 1061 eos
2005 1009 2093 1075 qni
2130 1020 2272 1061 recte

712 1101 956 1161 egerunt,
1008 1094 1152 1147 sicut
1200 1093 1525 1163 Onesiphori
1551 1094 1769 1147 domum
1801 1134 1819 1159 ,
1852 1097 2037 1149 dicens
2077 1115 2088 1149 :
2125 1116 2143 1146 ι
2175 1096 2272 1150 Det

714 1192 892 1237 autem
922 1185 1181 1237 Dominus
1214 1184 1645 1238 misericordiam
1678 1185 1788 1253 (95)
1820 1184 2139 1255 Onesiphori
2172 1190 2271 1240 do-

688 1278 846 1343 _mni,
879 1275 1003 1345 quia
1038 1275 1361 1344 frequenter
1395 1294 1480 1331 me
1531 1275 1906 1346 refrigeravit,
1939 1289 1991 1333 et
2021 1288 2268 1333 catenam

714 1381 891 1419 meam
917 1380 1021 1418 non
1051 1366 1297 1431 erubuit;
1340 1366 1432 1419 sed
1454 1376 1571 1417 cum
1604 1364 1827 1417 Romam
1856 1368 2104 1426 venisset,
2129 1366 2283 1419 solli-

711 1458 822 1511 cite
854 1457 1142 1525 requisivit
1170 1471 1279 1518 me,
1311 1465 1364 1510 et
1388 1456 1622 1508 invenit.
1659 1455 1757 1507 Det
1788 1456 1860 1507 illi
1895 1456 2152 1516 Dominus
2185 1455 2270 1507 in-

708 1549 894 1602 venire
919 1546 1351 1600 misericordiam
1384 1546 1520 1615 apud
1551 1548 1840 1600 Domimnn
1872 1546 1921 1598 in
1950 1546 2039 1598 illo
2064 1545 2264 1599 die“.»

709 1639 826 1693 Non
855 1656 987 1710 ergo
1017 1652 1098 1695 est
1132 1639 1442 1708 apostolica:
1473 1641 1758 1708 gravitatis
1788 1638 2012 1705 culpare
2050 1639 2266 1706 quidem

705 1746 828 1783 eum
858 1732 947 1800 qui
979 1731 1135 1798 culpa
1181 1730 1375 1799 dignus
1406 1738 1508 1789 est,
1536 1729 1588 1782 id
1636 1739 1717 1783 est
1755 1729 1845 1797 qui
1905 1729 2166 1796 peccavit,
2217 1738 2270 1781 et

707 1822 1021 1875 collaudare
1060 1835 1182 1873 eum
1231 1821 1326 1890 qui
1383 1818 1541 1871 laude
1598 1818 1791 1886 dignus
1840 1828 1923 1871 est
1966 1833 2063 1885 pro
2104 1832 2270 1885 opere

705 1913 871 1976 bono,
932 1921 987 1965 et.
1048 1926 1264 1964 rursum
1330 1920 1586 1977 tanquam
1647 1910 1699 1961 in
1758 1909 1956 1962 nullius
1990 1911 2057 1962 sit
2116 1892 2339 1977 pote-B

704 2014 847 2060 state
864 2004 976 2075 (94)
1011 2016 1174 2072 agere
1206 2001 1413 2069 aliquid
1447 2002 1573 2055 boni
1600 2000 1681 2054 vel
1716 1999 1867 2063 mali,
1904 2001 2085 2053 dicere
2110 1990 2272 2053 Crea-

708 2094 847 2147 toris
876 2107 996 2147 esse
1024 2106 1182 2159 opus,
1219 2098 1280 2144 ul.
1309 2090 1677 2159 unusquisque
1716 2090 1794 2142 vel
1846 2091 1980 2142 bene
2010 2098 2135 2155 agat
2184 2088 2268 2147 vel

702 2176 864 2245 male,
902 2199 1023 2237 cttm
1050 2181 1195 2235 aliud
1222 2182 1288 2235 ad
1320 2183 1580 2236 ltnnorem
1616 2196 1713 2235 vas
1760 2180 1961 2243 faciat,
2010 2180 2153 2234 aliud
2198 2180 2263 2231 ad

694 2273 1113 2327 contumeliam.
1149 2272 1430 2338 Qucmodo
1462 2282 1640 2325 autem
1685 2271 1816 2324 illud
1856 2286 2071 2339 quoque
2113 2271 2264 2327 addit

703 2363 829 2432 quia
858 2380 878 2415 ι
916 2377 1107 2416 omnes
1132 2376 1231 2416 nos
1261 2373 1409 2433 stare
1448 2371 1663 2429 oportet
1690 2372 1815 2416 ante
1849 2348 2082 2415 tribunal
2109 2361 2259 2416 Chri-

702 2456 796 2521 sti,
825 2464 883 2513 ut
910 2455 1141 2522 recipiat
1160 2456 1531 2523 unusquisque
1557 2464 1800 2506 nostrum
1828 2456 1879 2506 in
1909 2470 2138 2522 corpore
2167 2470 2265 2509 suo

700 2556 861 2617 prout
886 2546 1073 2615 gessit,
1100 2546 1216 2598 sive
1235 2546 1434 2599 bonum
1457 2546 1569 2599 sive
1597 2544 1891 2598 nmium“?
1927 2565 1944 2595 ›
1972 2546 2099 2611 Quae
2122 2547 2262 2599 enim

701 2642 827 2695 boni
858 2640 1140 2695 retributio
1171 2640 1220 2695 ei
1242 2639 1356 2709 ;qui
1390 2639 1589 2693 malum
1619 2638 1795 2692 facere
1816 2652 1933 2690 non
1966 2648 2160 2705 pOanl,
2196 2638 2261 2690 ad

607 2788 611 2792 .
700 2733 806 2788 hoc
859 2732 1029 2801 ipsum
1084 2746 1113 2784 a
1164 2730 1431 2786 Creatore
1468 2729 1774 2797 formatus?
1806 2729 1888 2782 vel
1927 2743 2046 2797 qua:
2103 2742 2262 2796 poena

656 2828 665 2837 ‘
700 2824 866 2893 digne
899 2825 1231 2893 irrogabitur
1267 2824 1313 2877 ei
1341 2825 1432 2893 qui
1459 2823 1655 2877 bonum
1689 2822 1871 2876 facere
1888 2837 1953 2875 ev
1985 2824 2096 2890 ipsa
2130 2836 2264 2877 con-

626 2967 630 2970 .
702 2912 896 2971 ditoris
931 2916 1013 2969 sui
1049 2916 1328 2969 creatione
1356 2929 1460 2968 non
1489 2913 1699 2982 potuit?
1731 2911 1866 2964 Tum
1900 2911 2093 2965 deinde
2126 2927 2264 2980 quo-

703 3009 864 3063 modo
909 3024 1015 3062 non
1068 3008 1406 3061 contrarium
1466 3018 1550 3059 est
1614 3005 1741 3057 huic
1790 3004 2075 3058 assertioni
2134 3004 2264 3068 illud

700 3100 848 3171 quod
876 3099 1002 3154 alibi
1033 3098 1165 3152 dicit
1191 3117 1205 3152 :
1236 3116 1255 3148 ι
1280 3098 1341 3151 in
1366 3099 1526 3151 domo
1550 3107 1727 3151 autem
1757 3094 1913 3177 134
1937 3110 2128 3166 magna
2157 3110 2262 3148 non

2374 642 2548 711 ἐαυτῷ
2594 642 2856 710 λεγοντος·
2898 642 2996 711 οὐχ
3045 642 3281 713 ἠγοῦμαι
3328 642 3383 695 δὲ
3437 644 3520 696 ὅτι
3554 642 3814 713 τολμήσει
3857 660 3943 707 τις

2380 734 2527 786 τοῦτο
2564 736 2754 788 εἰπεῖν.
2786 735 2846 787 Ei
2874 733 3051 786 τοίνυν
3076 734 3148 803 μὴ
3178 734 3392 786 ἐναντία
3417 733 3594 804 ἑαυτῷ
3621 737 3649 787 6
3694 735 3945 788 Ἀπόστο-

2372 826 2460 887 λος
2490 826 2803 894 φθέγγεται,
2842 824 2958 887 πῶς
2983 824 3121 878 κατὰ
3149 826 3238 877 τὸν
3260 824 3430 889 οὕτως
3458 825 3813 897 ἐκδεξάμενον
3854 829 3942 879 εὐ-

2372 916 2543 984 λόγως
2573 919 2811 969 αἰτιᾶται
2856 916 3202 985 μεμφόμενος
3224 917 3313 969 τὸν
3340 919 3396 970 ὲν
3446 913 3695 989 Κορίνθῳ
3730 938 3927 991 πεπορ-

2372 1007 2666 1076 νευκότα,ἣ
2691 1007 2816 1069 τοὺς
2837 1009 3339 1075 παραπεπτωκότας
3363 1009 3455 1060 καὶ
3474 1008 3548 1079 μὴ
3576 1012 3941 1080 μετανοήσανο

2359 1116 2469 1167 τας
2504 1100 2596 1149 ἐπὶ
2634 1101 2696 1167 τῇ
2736 1095 2991 1167 ἀσελγείᾳ
3036 1097 3127 1147 καὶ
3175 1096 3411 1166 ἀκρασίᾳ
3455 1087 3751 1170 ᾗῖπμξαν
3775 1116 3789 1159 ;
3817 1100 3941 1161 Πῶς

2371 1189 2426 1241 δὲ
2453 1188 2664 1256 εὐλογεί
2694 1188 2768 1251 ὡς
2790 1183 2847 1239 εὖ
2875 1186 3240 1256 πεποιηκότας
3256 1186 3348 1249 οὓς
3376 1189 3607 1253 ἐπαινεῖ,
3636 1188 3827 1258 ὥσπερ
3851 1188 3943 1241 τὸν

2340 1346 2347 1353 .
2384 1280 2731 1351 Ὀνησιφόρου
2758 1276 2924 1342 οἷκον,
2960 1278 3149 1346 λέγων·
3194 1296 3211 1328 ι
3249 1277 3367 1348 Διξὶη
3398 1281 3426 1330 ὁ
3457 1278 3655 1349 Κύριος
3688 1279 3837 1341 ἕλεος
3863 1281 3941 1350 τῷ

2384 1374 2734 1443 Ὀνησιφόρου
2766 1371 2921 1439 οἴκῳ,
2945 1372 3027 1423 ὅτι
3058 1370 3314 1433 πολλάκις
3344 1387 3409 1439 με
3434 1370 3687 1439 ἀνέψυξε,
3718 1371 3813 1424 καὶ
3842 1371 3940 1443 τὴν

2371 1465 2555 1517 ἆλυσίν
2624 1480 2723 1533 μου
2777 1464 2876 1514 οὐκ
2925 1461 3238 1532 ὲπῃσχύνθη
3266 1502 3280 1526 ,
3339 1461 3475 1514 ἀλλὰ
3525 1451 3817 1532 Ῠενόμενος
3883 1465 3940 1517 ἐν

2381 1554 2563 1625 Ῥώμῃ
2593 1552 2892 1614 σπουδαίως
2920 1552 3151 1622 ἐζήτησε
3204 1569 3270 1622 με
3306 1552 3398 1604 καὶ
3440 1546 3587 1618 εὗρε·
3634 1552 3741 1623 δῴη
3786 1552 3941 1624 αὐτῷ

2369 1646 2397 1696 6
2437 1645 2636 1714 Κύριος
2684 1644 2861 1713 εὑρεῖν
2910 1641 3055 1704 ἕλεος
3094 1641 3243 1710 παρὰ
3283 1642 3487 1713 Κυρίου
3533 1643 3592 1695 ἐν
3636 1643 3819 1714 ἐκείνῃ
3870 1645 3940 1715 τῇ

2369 1733 2571 1803 ἡμέρᾳ.
2615 1752 2633 1782 ι
2665 1733 2738 1784 Οὐ
2770 1730 2912 1783 κατὰ
2949 1732 3037 1784 τὸν
3060 1731 3219 1783 αὑτὸν
3241 1731 3303 1799 δὴ
3350 1731 3671 1784 Ἀπόστολόν
3700 1734 3819 1795 ἐστι
3843 1734 3943 1803 ψέ-

2371 1842 2487 1893 γειν
2513 1825 2588 1887 ὡς
2613 1820 2760 1887 ἄξιον
2801 1823 3057 1892 μέμψεως
3086 1822 3175 1875 τὸν
3195 1823 3576 1894 ἡμαρτηκότα,
3622 1825 3714 1876 καὶ
3744 1825 3941 1887 ἀποδέ-

2368 1914 2555 1984 χεσθαι
2579 1915 2653 1976 ὡς
2676 1913 2956 1966 ἐπαινετὸν
2990 1913 3084 1966 τὸν
3113 1908 3170 1966 εὖ
3205 1912 3559 1983 πεποιηκότα·
3597 1913 3758 1966 πάλιν
3797 1914 3842 1966 δ’
3870 1911 3939 1968 αὖ

2367 2006 2442 2069 ὼς
2467 2005 2692 2075 μηδενὸς
2720 2005 2869 2066 ὄντος
2902 2004 2986 2072 ἐφ’
3008 2006 3160 2074 ἡμῖν,
3188 2003 3413 2071 φάσκειν
3454 2002 3614 2074 παρὰ
3639 2006 3736 2074 τὴν
3761 2004 3940 2056 αἰτίαν

2370 2090 2461 2142 τοῦ
2503 2088 2833 2163 δημιουργοῦ
2874 2086 3011 2143 εἶναι
3052 2091 3114 2143 τὸ
3158 2092 3254 2161 μὲν
3292 2089 3482 2154 σκεῦος
3526 2094 3605 2154 εἰς
3639 2092 3834 2162 τιμὴν,
3878 2092 3943 2144 τὸ

2367 2181 2422 2233 δὲ
2466 2183 2544 2243 είς
2582 2181 2820 2249 ἀτιμίαν·
2854 2180 2972 2243 πῶς
3011 2180 3103 2245 τὸ,
3133 2198 3152 2231 ι
3183 2180 3320 2241 Τοὺς
3344 2180 3551 2244 πάντας
3578 2182 3723 2251 ἡμᾶς
3761 2199 3942 2253 παρα⁴

2369 2272 2557 2342 στῆναι
2598 2274 2676 2325 δεῖ
2710 2272 3014 2343 ἔμπροσθεν
3036 2271 3131 2324 τοῦ
3164 2270 3409 2343 βήματσς
3432 2272 3528 2325 τοῦ
3559 2272 3818 2344 Χριστοῦ,
3852 2274 3943 2327 ἵνα

2365 2365 2657 2435 κομίσηται
2686 2365 2915 2427 ἕκαστος
2949 2363 3017 2416 τὰ
3043 2362 3131 2417 διὰ
3156 2362 3251 2415 τοῦ
3274 2362 3524 2433 σώματος
3550 2364 3687 2434 πρὸς
3712 2364 3749 2418 ἃ
3776 2364 3943 2436 ἐπρα-

2365 2457 2474 2522 ξεν,
2509 2458 2619 2509 εἴτε
2644 2455 2865 2524 ἀγαθὸν,
2894 2457 3000 2508 εἴτε
3024 2454 3248 2525 φαῦλον,
3292 2474 3309 2505 ι
3342 2456 3494 2522 ὑγιές
3526 2458 3642 2509 ἐστι
3668 2493 3684 2519 ,
3727 2455 3838 2510 τῶν
3868 2459 3942 2510 τὰ

2366 2547 2542 2617 φαῦλα
2574 2548 2945 2618 πεποιηκότων
2966 2546 3051 2599 διὰ
3071 2544 3131 2598 τὸ
3155 2546 3397 2598 ἐκτίσθαι
3418 2546 3616 2610 αὐτοὺς
3638 2545 3808 2618 σκεύη
3827 2550 3943 2601 ἀτι-

2372 2640 2499 2708 μίας
2530 2639 2622 2690 ἐπὶ
2653 2638 2810 2690 τοῦτο
2849 2637 3097 2708 πράξεως
3142 2634 3495 2708 ἐληλυθότων,
3537 2638 3631 2691 καὶ⁵
3666 2639 3775 2691 τῶν
3816 2640 3939 2692 κατ’

2364 2728 2561 2799 ἀρετὴν
2593 2728 2811 2798 βιωσὰψ
2833 2746 2906 2781 ων
2925 2727 2998 2798 τῷ
3015 2727 3250 2798 ἀρχῆθεν
3276 2730 3474 2792 αὐτοὺς
3498 2729 3587 2781 ἐπὶ
3612 2728 3787 2799 τούτῳ
3808 2748 3942 2782 κατ-

2364 2820 2711 2885 εσκευάσθαι,
2761 2822 2851 2874 καὶ
2891 2821 3058 2889 σκεύη
3109 2821 3275 2891 τιμῆς
3317 2820 3628 2889 γεγονέναι,
3680 2821 3740 2873 τὸ
3774 2820 3943 2875 καλὸν

2365 2910 2739 2981 πεποιηκότων
2766 2926 2780 2975 ;
2816 2911 2935 2962 "Eu
2971 2911 3027 2963 δὲ
3053 2910 3167 2974 πῶς
3198 2913 3257 2963 οὐ
3289 2910 3525 2981 μάχεται
3548 2912 3624 2982 τῷ
3650 2953 3663 2977 ,
3696 2913 3772 2976 ὡς
3808 2913 3947 2966 ὑπο-

2364 3003 2727 3073 λαμϐάνουσιν
2751 3002 2810 3067 ἐξ
2838 2996 2911 3055 ὧν
2939 3002 3288 3074 παρεθέμεθα
3315 3004 3489 3074 ῥητῶν
3506 3044 3521 3069 ,
3546 3004 3695 3075 παρὰ
3718 3004 3816 3076 τὴν
3853 3006 3946 3059 αἱ·

2362 3094 2477 3148 τίαν
2502 3094 2593 3149 τοῦ
2622 3094 2955 3164 δημιουργοῦ
2986 3094 3197 3164 ἔντιμον
3229 3096 3260 3163 ἢ
3304 3095 3496 3165 ἄτιμον
3534 3091 3668 3149 εἶναι
3721 3097 3941 3162 σκεῦος,

702 3202 827 3247 sunt
884 3191 1257 3245 tantummodo
1309 3205 1441 3243 vasa
1467 3203 1630 3243 aurea
1662 3199 1716 3242 et
1751 3176 2002 3257 argentea
2027 3228 2041 3249 ,
2090 3176 2265 3240 sedet

2368 3187 2419 3239 τὲ
2457 3185 2688 3255 ἀλλαχοῦ
2715 3186 3023 3255 λεγόμενον·
3056 3203 3074 3236 ι
3131 3186 3217 3238 Ἐν
3246 3185 3453 3256 μεγάλῃ
3494 3186 3640 3258 οἰκίᾳ
3681 3188 3781 3241 οὐκ
3820 3189 3944 3243 ἔστι

702 3282 884 3349 lignea
935 3289 990 3334 et
1046 3279 1283 3347 ﬁctilia,
1356 3278 1459 3331 alia
1516 3278 1732 3346 quidem
1814 3279 1879 3329 ad
1967 3277 2261 3340 honorem,

671 3372 812 3425 alia
860 3380 1039 3424 autem
1093 3371 1159 3423 ad
1196 3369 1602 3425 centumeliam.
1647 3368 1702 3420 Si
1750 3383 1878 3435 ergo
1909 3368 2033 3435 quis
2074 3383 2263 3421 emun-

704 3463 923 3517 daverit
977 3461 1332 3529 semetipsum
1393 3461 1461 3515 ab
1517 3460 1635 3525 his,
1686 3458 1789 3513 erit
1836 3474 1929 3512 vas
1968 3461 2033 3511 ad
2095 3460 2264 3512 hono-

706 3571 858 3623 rem,
904 3554 1324 3619 sanctificatum,
1372 3562 1424 3606 et
1473 3550 1606 3605 utile
1663 3536 1909 3613 Domino,
1975 3552 2037 3603 ad
2102 3566 2261 3603 otnue

706 3661 841 3715 opus
898 3646 1097 3698 bonum
1146 3644 1463 3713 paratum“
1498 3644 1521 3695 Ἰ
1551 3662 1569 3694 ι
1638 3642 1776 3712 Ergo
1819 3642 1910 3709 qui
1958 3655 2017 3694 se
2070 3656 2260 3693 emun—

705 3738 941 3799 daverit,
971 3736 1203 3790 efIicitur
1231 3751 1328 3790 vas
1362 3737 1426 3790 ad
1457 3737 1755 3799 honorem;
1803 3736 1894 3803 qui
1938 3742 2115 3786 autem
2161 3734 2263 3787 im-

708 3828 1003 3882 munditias
1029 3841 1156 3880 suas
1185 3825 1297 3896 (95)
1331 3840 1565 3897 purgare
1584 3826 1998 3893 contempserit,
2035 3822 2262 3876 elﬁcitur

712 3936 810 3978 vas
847 3921 915 3975 atl
947 3918 1355 3975 contumeliam.
1394 3919 1473 3972 Ex
1515 3916 1709 3987 quibus
1759 3916 2043 3970 sententiis
2098 3914 2262 3968 nulla-

708 4023 899 4079 tenus,
954 4012 1256 4080 utopinor,
1289 4022 1455 4063 causa
1503 4016 1774 4077 gestorum
1825 4008 1892 4059 ad
1948 4006 2279 4059 Creatorem‘

2373 3278 2529 3348 μόνον
2563 3277 2731 3347 σκεύη
2756 3279 2930 3348 χρυσᾶ
2963 3278 3312 3347 καὶάργυρᾶ,
3346 3278 3481 3330 ἀλλὰ
3512 3282 3604 3332 καὶ
3628 3280 3811 3347 ξύλινα
3840 3285 3942 3335 καὶ

2371 3368 2683 3437 όστράκινα’
2709 3368 2802 3420 καὶ
2821 3367 2858 3420 ἃ,
2883 3368 2980 3438 μὲν
3007 3370 3084 3429 εἰς
3102 3369 3284 3437 τιμὴν,
3307 3369 3342 3420 ἃ
3371 3369 3427 3421 δὲ
3444 3372 3522 3431 είς
3548 3372 3789 3440 ἀτιμίαν.
3808 3373 3943 3425 Ἐὰν

2369 3449 2463 3511 οὖν
2484 3477 2565 3522 τις
2584 3458 2863 3530 ἐκκαθάρῃ
2880 3459 3087 3519 ἑαυτὸν,
3107 3459 3255 3513 ἔσται
3270 3460 3462 3523 σκεῦος
3475 3464 3552 3524 εἰς
3569 3479 3620 3514 τι
3629 3462 3753 3533 μὴν,
3774 3464 3944 3534 ἡγια-

2368 3550 2580 3620 σμένον,
2600 3551 2690 3603 καὶ
2702 3548 2820 3620 εὒχς
2834 3566 2993 3620 ηστον
3015 3550 3088 3619 τῷ
3103 3550 3338 3621 Δεσπότῃ
3353 3553 3430 3614 είς
3448 3553 3552 3604 πᾶν
3565 3552 3720 3623 ἔργον
3736 3554 3942 3620 ἀγαθὸν

2367 3642 2775 3714 ἡτοιμασμένον.
2864 3643 2926 3694 Εἰ
2953 3642 3108 3717 γάρρ
3142 3640 3451 3712 ἐκκαθάρας
3492 3643 3680 3696 ἑαυτὸν
3717 3643 3935 3712 γίνεται

2365 3733 2554 3795 σκεῦος
2570 3736 2645 3796 εἰς
2669 3751 2719 3785 τι
2727 3732 2850 3803 μὴν..
2865 3734 2892 3783 6
2907 3732 2962 3784 δὲ
2977 3732 3079 3783 ἀπε
3089 3732 3409 3802 ρικάθαρτον
3437 3734 3629 3787 ἑαυτὸν
3651 3733 3940 3806 περιιδὼν,

2366 3825 2555 3887 σκεῦος
2578 3826 2655 3887 εἰς
2676 3823 2917 3893 ἀτιμίαν,
2935 3824 3056 3876 ὅσον
3088 3824 3179 3874 ἐπὶ
3208 3822 3429 3885 ταύταις
3452 3825 3570 3885 ταῖς
3590 3823 3821 3889 λέξεσιν,
3847 3827 3947 3878 οὺ-

2364 3916 2550 3987 δαμῶς
2564 3917 2729 3979 αἴτιος
2742 3917 2770 3967 6
2787 3915 2814 3966 6
2832 3934 2847 3985 1
2857 3932 2978 3985 μιου
2987 3914 3131 3985 ργός”
3161 3916 3303 3965 ποιεῖ
3322 3914 3419 3983 μὲν
3444 3913 3552 3984 γὰρ
3566 3915 3594 3965 6
3608 3913 3945 3986 δημιουργὸς

2368 4007 2534 4076 σκεύη
2568 4005 2733 4075 τιμῆς
2756 4006 2850 4058 καὶ
2891 4004 3056 4075 σκεύη
3098 4004 3340 4073 ἀτιμίας,
3383 4004 3484 4056 οὐκ
3520 4003 3757 4075 ἀρχῆθεν
3793 4006 3943 4060 κατὰ

1934 4118 2486 4174 lNTEllPRETATIO
2518 4116 2727 4172 NOVA.

711 4248 986 4315 tttperare,
1009 4252 1065 4297 et
1085 4256 1206 4296 eam
1235 4241 1326 4309 qui
1356 4244 1503 4294 recte
1535 4238 1775 4315 fecit.__nt
1802 4238 1964 4315 laude
1988 4238 2673 4315 dignuinapprobareaae
2697 4250 2914 4288 rursum
2945 4274 2960 4301 ,
2988 4235 3140 4315 quasi
3161 4234 3315 4315 _ni_hil
3349 4234 3439 4314 sit.
3476 4234 3527 4313 in
3555 4243 3739 4315 nostra
3778 4243 3943 4315 pote-

710 4304 871 4380 state,
898 4304 1077 4368 dicere
1108 4316 1160 4365 in
1198 4304 1361 4366 causa
1384 4325 1506 4365 esse
1544 4311 1722 4362 mundi
1753 4308 2001 4375 epiﬁeem
2029 4304 2146 4362 eum
2177 4304 2321 4380 aliud
2358 4323 2453 4362 vas
2471 4309 2549 4380 _Sil
2576 4307 2625 4359 in
2661 4308 2944 4380 hono‘cm,
2977 4306 3123 4380 aliud
3161 4307 3213 4357 in
3240 4304 3747 4380 ignominiam.Qt_Io
3770 4314 3946 4374 pacto

713 4386 840 4439 illud
859 4373 888 4437 ἰ
919 4402 937 4434 ι
974 4383 1084 4437 Nos
1122 4397 1311 4435 omnes
1338 4382 1597 4447 assistere
1622 4373 1835 4447 oportet
1864 4390 1988 4431 ante
2012 4380 2249 4433 tribunal
2282 4378 2569 4437 Christi,ut
2604 4374 2804 4431 referat
2835 4374 3470 4447 unusquisquepropria_
3492 4373 3737 4447 corporis
3773 4385 3947 4442 prout.

711 4454 1029 4524 gessit,sive
1060 4453 1256 4524 bonum
1293 4442 1671 4524 siv°e_malnnt,
1704 4468 1721 4524 ξ
1764 4449 2051 4524 consistet,
2076 4464 2196 4503 cum
2224 4451 2258 4524 ii
2286 4450 2378 4518 qui
2415 4447 2557 4524 maia
2598 4460 2845 4513 egerun,
2880 4442 3471 4524 00.de\'cnerinl,ﬁltqd
3507 4443 3710 4524 conditi
3744 4454 3940 4498 essent

714 4512 766 4576 in
797 4512 920 4575 vasa
951 4523 1279 4590 ignominiae,
1313 4532 1366 4574 et
1398 4522 1433 4573 ii
1469 4521 1559 4590 qui
1589 4522 1653 4571 ad
1677 4521 1897 4590 virtutis
1930 4512 2173 4572 nmmum
2205 4512 2479 4585 vixerunt,
2516 4512 2653 4569 bene
2679 4531 2737 4568 se
2769 4514 3037 4590 gesserint
3078 4513 3333 4590 quod‘ad
3385 4512 3437 4566 id
3470 4514 3537 4590 ab_
3564 4512 3723 4590 initio
3749 4524 3948 4567 essent

713 4583 1015 4660 comparaii
1047 4602 1101 4644 et
1127 4583 1506 4644 vasa'honoris
1540 4589 1708 4643 facti?
1734 4588 1997 4642 f’rmterea
2022 4592 2293 4660 quomodo
2322 4583 2471 4643 huic
2500 4592 2661 4655 (Iliam
2714 4598 2778 4637 ex
2813 4585 2877 4636 iis
2903 4598 3028 4660 quia
3055 4583 3630 4660 adduximusverbis,
3669 4598 3948 4652 concepi:-

721 4653 871 4724 rnnf,
904 4660 1259 4730 opinioni,in
1297 4674 1459 4713 causa
1495 4674 1617 4713 esse
1646 4660 1890 4727 Opificetn
1926 4653 2198 4713 cur-aliud
2224 4675 2321 4730 vas
2348 4661 2419 4711 sit
2455 4653 2828 4715 in'lionorem,
2868 4654 3010 4705 aliud
3055 4655 3105 4705 in
3139 4653 3560 4730 COIItttltteliattl_,
3616 4666 3720 4706 non
3769 4668 3945 4730 repu-

715 4722 914 4802 gnatid
938 4722 1079 4798 quod
1103 4729 1229 4783 alibi
1253 4730 1490 4802 dicitur;
1524 4730 1637 4802 ¢_ln
1674 4722 1867 4796 magna
1904 4730 2059 4802 domo
2085 4745 2186 4783 non
2215 4728 2386 4802 solum
2414 4738 2537 4780 sunt
2568 4732 2962 4802 vas:t__anreanet
2990 4732 3268 4802 argentea,
3298 4728 3389 4776 sed
3422 4731 3477 4774 et
3506 4722 3679 4802 lignea
3716 4733 3769 4775 et
3798 4724 3948 4802 ficti;

726 4792 797 4856 Iia
823 4818 838 4867 ;
864 4809 919 4853 et
945 4792 1188 4869 quadam
1220 4799 1437 4866 quidem
1464 4798 1516 4849 in
1558 4792 1835 4869 honorent,
1869 4799 2108 4865 quautam
2140 4811 2335 4869 autem
2356 4798 2406 4849 in
2439 4792 2842 4869 contumeliam.
2875 4792 2929 4869 Si
2984 4795 3104 4859 quis
3157 4806 3284 4860 ergo
3332 4794 3719 4869 einundaverit
3753 4807 3814 4844 se
3837 4861 3849 4869 _
3872 4792 3947 4844 aii

718 4860 857 4935 istis,
876 4860 983 4925 erii.
1006 4870 1170 4923 vasin
1210 4860 1488 4929 honorem,
1526 4860 1917 4919 sanctificatum;
1946 4879 1999 4920 et
2031 4869 2161 4921 utile
2190 4867 2435 4929 Domino,
2469 4866 2533 4919 ad
2558 4878 2717 4935 onine
2742 4876 2880 4929 opus
2909 4864 3108 4915 bonum
3134 4860 3420 4935 paratum?
3444 4880 3472 4935 ﬁt
3512 4860 3658 4935 Nam
3678 4861 3721 4913 si
3758 4861 3852 4926 qni
3883 4878 3945 4915 se

717 4931 1056 5009 expurgavit,
1090 4938 1151 4992 fit
1187 4953 1280 4991 vas
1309 4941 1359 4989 in
1392 4939 1671 5009 honorem,
1705 4938 1942 5009 quivere
1973 4938 2225 5009 vitiorum
2255 4952 2475 5009 suorum
2511 4933 2699 5009 sordes
2730 4936 3042 5009 abstergere
3074 4933 3369 5009 neglexerit
3394 4972 3415 5009 ,_
3439 4934 3496 4982 lit
3529 4946 3623 5009 vas
3646 4931 3697 4982 in
3729 4942 3940 5009 contn-

718 5000 958 5073 méliam,
984 5000 1244 5076 quantum
1279 5024 1342 5061 ex
1375 5008 1461 5060 his
1490 5007 1668 5057 verbis
1696 5000 1948 5076 colligere
1975 5007 2117 5070 licet,
2152 5024 2255 5061 non
2293 5018 2376 5060 est
2400 5006 2516 5070 ejus
2545 5005 2618 5056 rei
2644 5016 2804 5057 causa
2824 5003 3023 5076 mundi
3051 5004 3251 5069 opifex.
3296 5001 3447 5052 Facit
3481 5000 3625 5076 enim
3660 5015 3792 5053 vasa
3831 5002 3940 5053 bo-

678 5130 681 5133 .
719 5080 864 5133 noris
888 5069 1095 5133 et'vasa
1122 5078 1455 5147 ignominiae,
1488 5091 1652 5147 nona
1684 5069 1949 5143 principio
1979 5080 2274 5129 secundum
2306 5069 2717 5145 praenotionem,
2746 5072 2870 5139 quia
2894 5086 2989 5147 per
3012 5072 3183 5147 ipsum
3214 5084 3317 5123 nec
3342 5069 3805 5147 praecondemnat,
3833 5086 3943 5125 nec

719 5147 1116 5216 prtejustifieat;
1142 5139 1240 5200 sed
1265 5162 1389 5200 vasa
1422 5145 1650 5199 honoris
1679 5139 1807 5197 facit.
1829 5139 1922 5197 eos
1952 5147 2045 5213 qni
2072 5163 2129 5203 se
2164 5139 2537 5214 expurgarint,
2576 5159 2701 5216 vasa
2733 5157 2863 5216 vero
2895 5139 3228 5208 ignoniinim,
3264 5144 3356 5216 qui
3394 5139 3649 5216 vitiorum
3699 5156 3939 5216 suorum

719 5208 910 5271 sordes
931 5208 1245 5285 abstergcrc
1269 5216 1625 5285 neglexerint,
1664 5216 1734 5285 ita
1764 5208 2157 5281 ut,prin$quant
2198 5208 2470 5283 fingantur
2498 5229 2623 5267 vasa
2654 5214 2704 5264 in
2732 5212 2991 5285 honorem
3014 5220 3079 5285 et
3109 5225 3243 5285 vasa
3271 5210 3321 5260 in
3348 5208 3754 5285 contumeliam,
3790 5212 3942 5263 anti-

718 5289 937 5355 quiores
963 5279 1144 5339 causa?
1165 5279 1479 5339 exstitériut
1507 5301 1604 5337 cur
1627 5284 1764 5337 alius
1796 5287 1888 5355 liat
1918 5287 1966 5336 in
1993 5279 2445 5348 lionoremfalius
2470 5285 2521 5347 in
2556 5280 2961 5355 contumeliam.
3006 5280 3160 5355 quod
3203 5279 3245 5332 si
3270 5280 3443 5355 semel
3484 5280 3829 5355 admittimus
3866 5295 3941 5355 εκ

759 5355 1151 5410 accedentibus
1187 5357 1516 5423 quibusdam
1550 5356 1728 5407 causis
1760 5354 1902 5406 aliud
1930 5369 2051 5407 esse
2081 5370 2173 5407 vas
2204 5355 2450 5417 honoris,
2478 5354 2620 5409 aliud
2653 5365 2747 5423 vas
2783 5350 3160 5423 contumeliae,
3194 5349 3339 5423 quid
3372 5350 3594 5403 absurdi
3643 5350 3814 5402 fuerit
3871 5352 3944 5405 ad

741 5441 899 5479 oeutn
939 5426 1005 5478 de
1038 5417 1219 5477 anima
1248 5432 1593 5493 recurrentes
1616 5425 1795 5493 dicere
1829 5440 1891 5477 ex
1923 5425 2353 5493 praecedentibus
2377 5425 2555 5476 causis
2592 5422 2846 5493 dilectum
2878 5418 3043 5474 fuisse
3068 5417 3233 5473 Jacob
3263 5418 3578 5487 priusquam
3610 5435 3811 5487 corpus
3841 5436 3944 5471 αις..

718 5504 980 5560 smneret,
1006 5503 1062 5549 et
1087 5495 1214 5547 odio
1244 5496 1487 5548 habitum
1516 5492 1683 5547 fuisse
1706 5492 1849 5546 Esau
1877 5490 2165 5562 antequam
2195 5494 2249 5545 in
2276 5503 2428 5547 utero
2464 5502 2610 5547 esset
2632 5490 2914 5545 Rebeccae.

787 5635 831 5666 “
853 5635 895 5689 ll
924 5634 1063 5689 Tim.
1089 5651 1129 5700 ι,
1160 5634 1247 5689 l6.
1322 5637 1366 5667 ⁸⁵
1394 5636 1431 5691 ιι
1465 5635 1591 5691 Cor.
1624 5651 1675 5701 γ,
1709 5638 1797 5695 10.
1875 5636 1917 5667 ‘3‘
1949 5634 1987 5690 ll
2023 5636 2161 5691 Tim.
2193 5651 2251 5702 ιι,
2282 5635 2372 5702 20,
2406 5636 2498 5690 ει.

806 5768 893 5833 93)
928 5767 1016 5822 Sic
1047 5783 1175 5823 mss.
1208 5768 1368 5832 Alias,
1410 5788 1428 5819 ‹
1461 5768 1704 5822 salutem.
1741 5784 1757 5814 ι
2258 5826 2268 5833 _
2437 5760 2544 5833 (95)
2578 5761 2731 5817 Suus.
2766 5759 2926 5814 Deest
2955 5758 3007 5813 in
3037 5756 3213 5826 editis,
3238 5758 3329 5814 sed
3362 5756 3595 5813 habetur
3618 5755 3673 5811 in
3705 5774 3847 5815 m't.

806 5769 873 5825 93
928 5768 1016 5822 Sic
1047 5783 1175 5823 mss.
1208 5768 1368 5832 Alias,
1410 5788 1428 5819 ι
1461 5768 1704 5822 salutem.
1741 5784 1757 5814 ι

786 5768 895 5912 ἶοιξ
930 5836 1019 5894 Sic
1036 5853 1165 5891 mss.
1187 5837 1354 5908 Alias,
1384 5858 1400 5891 ι
1421 5854 1541 5894 cum
1563 5838 1615 5892 in
1640 5835 1797 5891 nullis
1820 5835 1889 5891 sit
1909 5845 2187 5908 potestate.
2233 5826 2268 5887 ι’
