4136 6310
738 468 858 524 7:03

1986 458 2308 518 ORIGENIS
2337 459 2496 513 ΠΕΡΙ
2534 459 2764 513 ΑΡΧΩΝ

3896 455 3990 510 504

752 581 1043 652 quamdam
1075 589 1288 637 nostras
1316 579 1400 634 vel
1430 580 1754 646 voluntates,
1785 581 1868 636 vel
1905 587 2202 649 preposita,
2235 577 2320 634 vel
2351 582 2399 639 λ
2427 577 2688 646 propheta
2716 577 2876 631 dicit:
2905 594 2924 627 ‹
2949 575 3068 630 Vidi
3090 576 3374 630 Dominum
3405 574 3568 630 Israel
3597 575 3878 632 sedentem
3900 592 3987 631 su-

753 676 950 727 merita
979 672 1193 736 haheat,
1225 688 1287 726 es
1315 674 1512 742 quibus
1535 687 1629 726 vas
1660 674 1995 743 singulorum
2022 681 2323 726 nostrorum

753 764 838 817 vel
887 763 950 816 ad
985 763 1246 817 honorem
1281 766 1361 818 vel
1412 765 1479 817 ad
1533 763 1919 818 contumeliam
1973 765 2158 830 ﬁngat,
2199 764 2322 818 dum

759 867 938 911 motus
961 858 1076 925 ipse
1105 858 1302 910 animze
1329 858 1411 910 vel
1439 859 1775 927 propositum
1807 857 2001 910 mentis
2033 858 2096 910 de
2124 873 2181 910 se
2207 858 2324 925 ipso

755 959 1008 1018 suggerat
1038 950 1111 1003 illi
1144 965 1305 1020 quem
1339 967 1444 1004 non
1480 951 1611 1005 latet
1641 967 1733 1005 cor
1765 962 1820 1005 et
1845 951 2104 1021 cogitatio
2133 950 2321 1016 animi,

716 1060 722 1065 ·
756 1051 936 1094 utrum
966 1042 1032 1095 ad
1079 1041 1340 1096 honorem
1375 1044 1500 1113 tingi
1531 1059 1628 1097 vas
1655 1043 1771 1111 ejus
1797 1085 1811 1110 ,
1847 1059 1912 1096 an
1947 1044 2011 1095 ad
2046 1055 2325 1098 contume-

756 1134 882 1187 liam
915 1135 1130 1189 debeat.
1161 1134 1269 1190 Sed
1304 1137 1404 1190 ista
1432 1136 1699 1190 sulliciant
1726 1138 1883 1192 nobis
1912 1136 2023 1206 (15)
2051 1148 2207 1206 prout
2237 1153 2326 1207 po-

755 1228 961 1283 tuimus
999 1229 1064 1284 de
1093 1229 1247 1284 liberi
1278 1230 1490 1284 arbitrii
1527 1230 1919 1300 quaestionibus
1953 1231 2176 1300 agitata.

1273 1326 1433 1396 133
1478 1325 1706 1382 CAPUT
1743 1326 1806 1380 η.

1128 1418 1205 1473 De
1253 1419 1533 1472 contrariis
1578 1420 1944 1485 potestatibus.

822 1511 874 1563 1.
905 1511 1213 1565 ‘Videndum
1238 1527 1380 1565 tiunc
1406 1521 1489 1564 est
1514 1511 1626 1580 (I6)
1655 1512 1953 1565 secundum
1986 1511 2317 1579 Scripturas,

750 1605 1017 1674 quomodo
1049 1604 1336 1658 contrariae
1369 1606 1614 1666 virtutes,
1655 1604 1735 1658 vel
1768 1605 1879 1672 ipse
1914 1603 2184 1670 diabolus,
2228 1619 2316 1658 re-

749 1696 1026 1751 luctantur
1056 1696 1294 1749 humano
1320 1694 1502 1761 generi
1534 1705 1894 1764 provocantes
1921 1705 1975 1748 et
2000 1696 2318 1765 instigantes

749 1787 816 1842 ad
843 1796 1150 1858 peccatum.
1190 1788 1254 1841 Et
1294 1790 1468 1857 primo
1503 1788 1724 1855 quidem
1760 1789 1810 1840 in
1840 1786 2039 1840 Genesi
2094 1801 2318 1856 serpens

749 1878 912 1933 Evam
938 1879 1220 1935 seduxisse
1251 1880 1579 1935 describitur
1604 1879 1679 1942 ⁷¹;
1706 1879 1771 1933 de
1795 1895 1904 1949 quo
1927 1879 1976 1932 in
2007 1878 2318 1931 Ascensione

2411 685 2529 741 per
2549 671 2799 724 thronum
2820 685 2996 733 suum,
3020 671 3267 724 etomnis
3297 669 3486 723 militia
3505 670 3627 724 cmli
3649 672 3829 725 stabat
3852 674 3988 724 circa

2431 778 2554 818 eum
2590 779 2620 816 a
2652 764 2860 818 dextris
2912 764 3049 832 ejus,
3078 774 3184 816 eta
3237 763 3476 817 sinistris
3527 764 3667 831 ejus.
3729 764 3796 817 Et
3861 765 3992 818 dixit

2416 857 2691 927 (Dominus
2716 874 2730 912 :
2761 857 2892 924 Quis
2919 857 3146 914 seducet
3168 857 3358 913 Achab
3381 872 3563 927 regem
3596 857 3759 910 Israel
3784 855 3917 928 (21),
3939 866 3993 912 ut

2433 952 2689 1005 ascendat
2712 960 2766 1003 et
2817 952 2977 1005 cadat
3023 950 3075 1003 in
3107 949 3337 1004 Ramoth
3362 948 3602 1009 Galaad?
3633 949 3699 1004 Et
3726 950 3863 1002 dixit
3895 949 3990 1004 iste

2430 1042 2533 1104 sic,
2553 1050 2606 1094 et
2631 1041 2719 1094 ille
2740 1041 2876 1096 dixit
2893 1041 2990 1113 sic.
3021 1040 3164 1094 Exiit
3187 1041 3429 1110 spiritus,
3453 1050 3508 1094 et
3531 1040 3680 1094 stetit
3701 1040 3754 1093 in
3773 1054 3989 1108 conspe-

2430 1147 2519 1190 ctu
2563 1137 2797 1197 Domini,
2829 1135 3082 1190 etdixit:
3128 1135 3239 1205 Ego
3269 1137 3525 1189 seducam
3557 1150 3702 1211 eum.
3751 1135 3817 1188 Et
3861 1135 3990 1188 dixit

2372 1249 2376 1252 '
2404 1229 2690 1284 'Dominus
2736 1230 2804 1284 ad
2831 1246 2952 1283 eum
2982 1246 2997 1283 :
3033 1231 3087 1284 In
3119 1230 3266 1299 quo?
3295 1230 3361 1283 Et
3386 1230 3525 1284 dixit
3554 1244 3569 1280 :
3602 1229 3801 1284 Exeam
3824 1238 3881 1283 et
3899 1243 3990 1283 ero

2429 1323 2651 1390 spiritus
2674 1323 2904 1376 mendax
2924 1322 2975 1374 in
3000 1334 3096 1374 ore
3123 1327 3367 1375 omnium
3394 1321 3776 1390 prophetarum
3802 1312 3970 1389 ipsius

2429 1415 2495 1469 Et
2527 1415 2662 1469 dixit
2689 1433 2704 1469 :
2742 1413 3002 1479 Sednces,
3035 1422 3087 1466 et
3126 1413 3345 1482 quidem
3378 1413 3602 1481 poteris.
3636 1412 3731 1466 Exi
3759 1427 3912 1483 ergo,
3941 1421 3990 1464 et

2429 1505 2516 1560 fac
2545 1508 2656 1559 cito
2690 1506 2789 1561 sic.
2825 1505 2888 1558 Et
2915 1519 3058 1557 nunc
3085 1504 3235 1557 dedit
3263 1502 3522 1556 Dominus
3549 1503 3803 1572 spiritum
3841 1519 3991 1556 men-

2427 1602 2612 1654 dacem
2647 1601 2698 1653 in
2724 1615 2819 1653 ore
2845 1600 3088 1655 omnium
3119 1597 3505 1666 prophetarum
3533 1605 3781 1662 tuorum;
3815 1595 3989 1650 Domi-

2429 1708 2530 1746 nus
2586 1692 2797 1747 locutus
2831 1703 2913 1745 est
2943 1679 3104 1761 super
3140 1701 3193 1745 te
3217 1693 3353 1745 mala
3387 1691 3454 1745 ττ.
3487 1709 3506 1742 ι
3541 1688 3824 1744 Manil‘este
3851 1692 3989 1743 enim

2426 1801 2521 1855 per
2545 1785 2646 1839 hoc
2662 1785 2968 1838 ostenditur
2989 1783 3263 1837 Voluntate
3280 1793 3329 1836 et
3348 1782 3626 1852 preposito
3643 1797 3744 1837 suo
3767 1783 3994 1849 elegisse

2426 1877 2651 1946 spiritus
2698 1878 2916 1945 quidam
2971 1876 3080 1947 (22)
3117 1884 3175 1930 ut
3225 1877 3508 1930 seduceret
3555 1885 3610 1929 et
3657 1875 3989 1929 mendacium

752 1967 923 2039 Moysi
956 1969 1094 2036 (Π),
1127 1970 1284 2038 cujus
1320 1970 1487 2023 libelli
1541 1971 1792 2024 meminit
1842 1972 1892 2023 in
1943 1970 2314 2038 Epistola.sua
2351 1953 2392 2011 Β
2420 1976 2738 2036 operaretur
2763 1980 2870 2037 quo
2897 1967 3213 2020 abuteretur
3259 1966 3519 2020 Dominus
3549 1966 3661 2037 (25)
3690 1967 3756 2019 ad
3802 1980 3988 2020 necem

755 2062 1033 2128 apostolus
1055 2061 1246 2126 ‘Judas,
1280 2060 1508 2114 Michael
1544 2062 1910 2133 archangelus
1935 2079 2058 2117 cum
2095 2060 2313 2122 diabolo

751 2153 1033 2221 disputans
1066 2153 1133 2207 de
1163 2169 1388 2221 corpore
1417 2145 1608 2224 Moysi,
1663 2156 1740 2208 ait
1767 2171 1794 2208 a
1829 2155 2047 2208 diabolo
2080 2156 2314 2222 inspira--

752 2255 866 2300 tum
893 2238 1197 2315 serpentem
1217 2246 1328 2316 (I8)
1354 2263 1572 2301 causam
1610 2248 1886 2302 exstitisse
1916 2247 2317 2317 praevaricatio-

753 2337 838 2392 nis
864 2337 991 2392 Δότε
1018 2346 1073 2391 et
1108 2337 1233 2392 Eva:
1259 2339 1330 2392 "‘.
1365 2339 1470 2394 Sed
1525 2349 1581 2393 et
1637 2340 1766 2393 illud
1818 2339 2167 2407 requiritura
2199 2340 2316 2407 qni-

748 2429 999 2493 busdam,
1027 2429 1149 2498 quis
1176 2437 1262 2485 est
1318 2431 1544 2500 angelus
1570 2435 1665 2500 qui
1697 2434 1763 2485 de
1805 2431 1942 2484 coelo
1978 2408 2216 2496 loquitur
2248 2433 2315 2483 ad

750 2523 1029 2577 Abraham
1056 2523 1281 2578 dicens:
1318 2540 1336 2573 ι
1373 2523 1524 2578 Nunc
1551 2524 1777 2591 cognovi
1804 2525 2054 2591 quoniam
2086 2535 2137 2576 tu
2163 2525 2318 2577 times

755 2616 945 2678 Deum,
977 2624 1032 2668 et
1062 2629 1166 2667 non
1211 2615 1502 2684 pepercisti
1545 2617 1655 2669 tilio
1691 2626 1781 2669 tuo
1815 2616 2014 2669 dilecto
2043 2631 2201 2684 quem
2238 2617 2317 2667 di-

753 2705 934 2760 lexisti
965 2721 1063 2776 pro
1099 2719 1182 2760 me
1212 2706 1280 2760 ⁷³.
1317 2725 1336 2758 ι
1373 2705 1656 2761 Manifeste
1687 2708 1830 2761 enim
1885 2709 2111 2777 angelus
2149 2707 2315 2760 fuisse

755 2797 1104 2874 describitur,
1139 2796 1230 2866 qui
1285 2797 1421 2852 dicit
1455 2799 1778 2869 cognovisse
1811 2814 1868 2852 se
1906 2809 2032 2852 tunc
2070 2799 2198 2868 quia
2246 2800 2317 2853 ti-

667 2871 672 2874 ’
755 2897 924 2941 meret
949 2871 1118 2939 Deum
1131 2885 1610 2949 Abraham,etuon
1624 2893 1953 2957 pepercisset
1970 2892 2076 2959 (19)
2093 2893 2199 2944 lilio
2222 2906 2319 2946 suo

757 2976 984 3037 dilecto.
1014 2979 1154 3031 sicut
1185 2978 1464 3065 Scriptura
1495 2981 1668 3035 dicit:
1704 2983 1796 3036 scd
1842 2998 1946 3035 non
2001 2982 2316 3047 declaravit,

735 3069 879 3138 .quia
904 3085 1004 3139 pro
1029 3071 1161 3134 Deo,
1185 3071 1275 3124 sed
1309 3087 1408 3140 pro
1432 3087 1511 3139 se,
1539 3074 1639 3126 hoc
1661 3084 1744 3128 est
1774 3090 1870 3143 pro
1904 3089 1970 3129 eo
1998 3076 2086 3142 qui
2115 3078 2213 3130 hoc
2234 3076 2319 3129 di-

749 3163 929 3220 cebat.
965 3164 1370 3241 Requireudum
1395 3174 1479 3218 est
1502 3166 1663 3218 etiam
1692 3167 1818 3220 illud
1841 3169 1905 3221 de
1925 3184 2032 3236 quo
2055 3169 2106 3220 in
2132 3168 2319 3241 Exodo

2423 2058 2605 2113 Achab
2633 2060 2722 2127 qui
2774 2061 2873 2113 hoc
2905 2059 3013 2127 pati
3044 2060 3236 2128 dignus
3264 2063 3402 2113 erat.
3455 2058 3509 2112 In
3551 2060 3728 2127 primo
3780 2073 3993 2128 quoque

2424 2151 2558 2205 libro
2594 2141 3077 2221 .I’aralipomenon,
3136 2171 3154 2203 ί
3186 2152 3527 2215 8ιιδοίιυνίῑ,ἳ
3560 2151 3756 2219 inquit,
3806 2152 3994 2205 diabo-

2422 2245 2505 2298 lus
2535 2245 2699 2298 Satan
2725 2246 2775 2297 in
2803 2246 3061 2308 Israel,et
3085 2246 3376 2299 concitavit
3405 2245 3572 2299 David
3596 2254 3656 2299 ut
3683 2255 3992 2299 numeraret

2423 2338 2676 2406 populum
2703 2340 2772 2414 7'.
2804 2359 2828 2390 η»
2865 2341 2918 2394 In
2950 2337 3182 2394 Psalmis
3212 2355 3340 2394 vero
3370 2341 3596 2410 angelus
3650 2341 3825 2394 malus
3853 2350 3993 2392 atte-

2425 2446 2548 2484 rere
2585 2431 2787 2484 dicitur
2819 2434 3106 2500 quosdam.
3140 2422 3197 2486 In
3227 2432 3567 2487 Ecclesiaste
3592 2448 3808 2502 quoque
3835 2433 3992 2486 Salo-

2423 2537 2544 2575 mon
2577 2525 2651 2576 ait
2682 2542 2695 2577 :
2731 2541 2748 2573 ι
2783 2522 2838 2577 Si
2872 2525 3100 2593 spiritus
3128 2506 3450 2592 potestatem
3503 2524 3752 2578 habentis
3803 2539 3993 2577 ascen-

2420 2614 2560 2666 derit
2590 2628 2750 2683 super
2785 2624 2837 2668 te
2866 2654 2881 2677 ,
2940 2615 3116 2668 locum
3138 2608 3307 2668 tuum
3340 2615 3697 2678 nejdimittas,
3730 2614 3993 2682 quoniam

2421 2703 2628 2758 sanitas
2682 2715 2988 2774 compescet
3031 2716 3249 2774 peccata
3284 2707 3453 2760 multa
3485 2707 3551 2761 ⁷⁸.
3587 2725 3606 2758 ι
3639 2706 3695 2760 In
3725 2705 3991 2762 Zaclmria

2425 2810 2558 2848 vero
2590 2796 2815 2865 legimus
2860 2797 3134 2850 diabolum
3169 2806 3400 2852 stantem
3433 2813 3462 2851 a
3496 2799 3704 2853 dextris
3734 2797 3860 2852 Jesu
3891 2840 3907 2864 ,
3941 2808 3995 2852 et

2429 2889 2773 2942 resistentem
2828 2890 2876 2943 ei
2902 2889 2971 2942 °°.
3003 2887 3171 2944 Isaias
3224 2904 3351 2944 vero
3403 2891 3478 2944 ait
3507 2890 3744 2959 gladium
3779 2890 3993 2944 Domini

2419 2998 2717 3053 exsurgere
2743 2998 2903 3053 super
2927 2978 3216 3038 draconem
3243 2999 3550 3053 serpentem
3583 2968 3901 3052 perversum
3929 2986 3997 3034 ⁸⁸.

2421 3077 2559 3142 Quid
2596 3089 2775 3130 autem
2805 3077 2980 3130 dicam
3015 3077 3083 3130 dc
3133 3075 3389 3136 Ezechiel
3423 3077 3476 3130 in
3514 3079 3752 3132 secunda
3783 3078 3998 3131 visione

2421 3175 2486 3222 ad
2519 3169 2818 3238 principem
2857 3167 2982 3238 Tyri
3016 3167 3462 3222 manifestissime
3497 3168 3565 3222 de
3614 3167 3818 3222 virtute
3860 3185 3996 3224 cou-

752 3254 1038 3317 dieitur",
1058 3256 1185 3323 quia
1221 3237 1456 3308 voluerit
1483 3255 1595 3326 (20)
1641 3257 1944 3311 interﬁcere
1969 3259 2202 3328 Moysem
2222 3240 2315 3329 pro
2344 3293 2390 3352 ο
2427 3262 2588 3314 traria
2618 3237 2999 3329 prophetante,
3026 3260 3118 3328 qui
3149 3261 3312 3312 etiam
3347 3259 3399 3313 iu
3426 3258 3740 3314 ﬂuminibus
3770 3259 3999 3332 Egypti

751 3362 816 3398 eo
838 3347 979 3415 quod
1004 3347 1186 3401 abibat
1216 3347 1268 3400 iu
1307 3347 1617 3417 Egyptum.
1647 3346 1752 3403 Sed
1785 3360 1838 3404 et
1871 3359 2054 3418 postea
2088 3352 2207 3419 quis
2235 3363 2317 3406 est

750 3439 840 3506 qui
867 3440 1262 3492 exterminator
1284 3441 1508 3508 angelus
1531 3440 1762 3499 dicitur:
1790 3459 1886 3497 nec
1909 3460 2013 3497 non
2039 3456 2091 3497 et
2119 3445 2206 3498 ille
2226 3445 2313 3511 qui

751 3532 824 3584 sit
852 3531 944 3598 qui
976 3532 1029 3583 in
1064 3531 1306 3585 Levitico
1330 3534 1564 3601 scriptus
1593 3543 1680 3589 est
1711 3533 2123 3604 Apopompmus,
2154 3537 2206 3589 id
2234 3546 2317 3590 est

751 3626 1126 3689 transmissor,
1147 3627 1212 3678 de
1237 3641 1343 3694 quo
1366 3627 1441 3679 ait
1461 3628 1530 3679 ita
1557 3627 1834 3696 Scriptura
1859 3643 1870 3677 :
1899 3646 1915 3677 ι
1939 3627 2074 3682 Sors
2101 3645 2203 3681 una
2229 3629 2314 3683 do—

751 3722 918 3784 mino,
936 3727 1119 3773 etsors
1135 3736 1238 3773 una
1263 3723 1642 3790 Ap0pompaeo,
1661 3725 1709 3776 id
1727 3734 1808 3777 est
1826 3725 2193 3779 transmissori
2210 3726 2275 3780 ⁷⁸.
2293 3745 2311 3777 ι

752 3812 856 3862 Sed
885 3820 951 3874 (et
995 3809 1046 3864 in
1075 3811 1250 3880 primo
1286 3813 1424 3866 libro
1457 3814 1762 3884 Regnorum
1794 3817 2014 3883 Spiritus
2054 3819 2317 3885 pessimus

747 3903 962 3959 Saulem
981 3903 1177 3958 dicitur
1191 3904 1417 3959 eIIocare
1436 3908 1500 3963 “‘.
1526 3909 1580 3961 In
1601 3909 1761 3962 tertio
1781 3925 1901 3962 vero
1920 3910 2053 3963 libro
2071 3911 2318 3967 Miclucas

2424 3356 2711 3406 draconem
2752 3354 2877 3407 dicit
2931 3352 3216 3407 habitare?
3267 3350 3439 3406 Totus
3487 3362 3670 3405 autem
3720 3353 3866 3407 liber
3904 3355 3997 3422 qui

2424 3447 2654 3513 scriptus
2694 3455 2780 3498 est
2812 3447 2876 3498 de
2905 3443 3050 3514 Job,
3079 3445 3208 3513 quid
3240 3444 3390 3498 aliud
3447 3459 3611 3513 quam
3663 3444 3728 3498 de
3775 3444 4002 3499 diabolo

2423 3538 2688 3599 continet,
2718 3546 2936 3605 petente
2960 3544 3285 3605 potestatem
3310 3535 3414 3590 sibi
3437 3534 3556 3589 dari
3590 3535 3834 3590 omnium
3874 3550 4000 3605 quae

2423 3629 2586 3684 habet
2613 3627 2735 3694 Job,
2760 3639 2814 3683 ct
2841 3629 3073 3682 ﬁliorum
3105 3628 3244 3698 ejus,
3269 3629 3487 3698 insuper
3507 3629 3752 3698 corporis
3783 3627 3909 3697 ejus
3931 3629 4002 3681 ⁸³2

2424 3721 2524 3788 Qui
2559 3731 2733 3774 tamen
2766 3735 2861 3790 per
2895 3720 3012 3790 ejus
3047 3721 3365 3790 patientiam
3395 3721 3654 3776 vincitur.
3686 3721 3741 3776 In
3779 3738 3898 3792 quo
3937 3723 4002 3776 li-

2423 3815 2524 3869 bro
2559 3814 2720 3868 multa
2754 3815 3026 3883 responsis
3057 3813 3172 3866 suis
3224 3813 3443 3867 edocuit
3475 3814 3738 3868 Dominus
3772 3817 3844 3870 de
3898 3819 3997 3869 ad-

2425 3917 2678 3963 versante
2703 3907 2858 3961 nobis
2898 3907 3104 3960 virtute
3136 3902 3390 3960 draconis
3414 3906 3593 3961 istius.
3617 3899 3746 3961 Hazc
3773 3908 4000 3964 interim

1912 4051 2487 4124 _INTERI'RETATIO
2543 4049 2750 4106 NOVA.

748 4177 956 4222 norem.
983 4162 1125 4214 aliud
1153 4178 1282 4215 vero
1321 4166 1371 4218 in
1405 4169 1812 4242 contumeliam,
1850 4189 1868 4221 ι
1908 4187 2007 4242 nec
2043 4171 2133 4225 illa
2161 4188 2346 4226 secum
2386 4181 2626 4242 pugnant
2655 4187 2668 4222 :
2703 4168 3043 4242 concilianda
3080 4179 3308 4237 utraque
3337 4178 3486 4242 sunt.
3529 4180 3585 4242 et
3611 4185 3677 4224 ex
3712 4171 3780 4224 iis
3810 4171 4003 4238 perfe-

751 4242 868 4312 ctus
899 4249 1252 4312 unitssensns
1285 4239 1678 4312 conticiemlns,
1715 4239 1905 4312 Neque
1933 4241 2161 4312 libertas
2195 4239 2528 4297 nostra'sine
2562 4242 2788 4294 scientia
2825 4239 2942 4301 Dei,
2983 4255 3155 4309 neque
3187 4243 3408 4294 scientia
3447 4241 3541 4312 Dei
3573 4256 3672 4312 nos
3723 4242 4001 4308 proiicere

750 4305 938 4382 cogit,_
961 4304 2208 4382 nisiadbouumipsialiquid,conferamus;
2241 4329 2362 4365 cum
2399 4327 2570 4382 neque
2603 4314 2824 4363 libertas
2860 4304 3208 4368 nostra-sine
3235 4312 3464 4365 scientia
3518 4311 3612 4382 Dei
3675 4304 3736 4363 et
3760 4326 3862 4363 usu
3912 4313 3999 4366 di-

749 4373 972 4441 gnitatis
995 4374 1408 4453 arbitriiuostri
1439 4373 1628 4443 i‘aciat,
1653 4373 1706 4432 ui
1731 4380 2072 4453 in_'bonorem
2105 4373 2302 4450 aliquis
2332 4389 2413 4437 vel
2445 4373 2950 4453 ignotitittiatnﬁat;
2981 4396 3150 4453 neque
3175 4382 3286 4435 sola
3320 4382 3414 4450 Dei
3445 4380 3694 4434 v'oluutas
3715 4384 3779 4453 in
3818 4383 4000 4438 Itono—

751 4459 862 4497 rem
883 4445 1384 4524 'aut_ignominiai_n
1418 4465 1741 4524 quemquam
1775 4449 1940 4524 faciat
1972 4453 2074 4524 nisi
2108 4445 2387 4524 materiem
2425 4445 3307 4524 quamdamdidercntize'babeat,
3350 4448 3592 4524 uestram
3639 4451 3998 4509 voluntatem

750 4529 869 4583 qua)
902 4515 955 4568 in
986 4515 1255 4570 deteriora
1281 4519 1362 4571 vel
1398 4515 1623 4574 meliora
1649 4523 2007 4591 propendeat.
2045 4523 2151 4577 Sed
2176 4523 2291 4578 haec
2314 4515 2580 4578 suiliéiant
2607 4523 2761 4576 nobis
2800 4522 2867 4575 de
2897 4520 3145 4576 libertate
3178 4521 3414 4576 arbitrii.

816 4676 859 4706 ⁷⁸
896 4674 1034 4729 Gen.
1096 4693 1179 4729 III.
1278 4675 1323 4707 τ’
1358 4673 1482 4729 Jttd.
1535 4675 1588 4730 9.

752 4747 794 4778 ττ
823 4743 888 4797 ΙΙΙ
923 4748 1052 4813 lteg.
1089 4742 1317 4807 xxtt,19,
1350 4744 1421 4795 20
1442 4759 1593 4814 seqq.

1688 4676 1734 4705 ⁷³
1768 4677 1905 4730 Gen.
1939 4693 2090 4740 xxtt,
2127 4678 2217 4732 £2.

2330 4681 2376 4715 ⁷⁸
2407 4680 2574 4756 Exod.
2610 4697 2719 4756 II._7
2749 4685 2792 4756 7f
2832 4683 3004 4736 Levit.
3045 4682 3271 4756 “1,781
3328 4685 3403 4733 ,ν’
3437 4682 3453 4735 Ι
3506 4683 3637 4756 Reg.
3682 4702 3817 4740 xvtu
3849 4729 3865 4747 .
3902 4690 3993 4742 10.

1668 4746 1711 4775 ’⁷⁸
1744 4749 1758 4799 Ι
1788 4749 1908 4800 l’al'.
1945 4765 2059 4813 χχι,
2090 4751 2141 4803 1.

2219 4751 2263 4784 ⁷³
2295 4751 2471 4805 Eecle.
2495 4771 2547 4816 κ,
2571 4756 2624 4810 4,
2682 4753 2726 4784 ⁸ο
2756 4754 2919 4807 Zacb.
2949 4757 3111 4818 111,1.
3182 4755 3224 4786 ⁸¹
3257 4754 3359 4810 lsa.
3398 4751 3634 4811 “Vini.
3740 4758 3786 4788 ”
3819 4759 3932 4814 Job
3958 4776 3996 4813 I.

823 4859 938 4930 (I5)
995 4858 1181 4942 yol-iis.
1218 4857 1381 4912 Deest
1426 4859 1688 4942 in‘antea
1715 4861 1913 4942 editis,
1934 4865 2037 4942 sed
2078 4865 2303 4942 habetur
2335 4872 2377 4925 ι)
2407 4866 2593 4942 pendia
2629 4866 2872 4942 subjecta
2899 4869 2975 4921 ait
3001 4868 3289 4942 Ἀγᾴληψιν
3313 4884 3563 4924 versuum
3598 4871 3744 4926 mille
3767 4886 3828 4928 et
3854 4889 3995 4942 qua-

751 4933 803 5009 in
834 4929 1382 5009 mss._|.bidem_.mss.,
1421 4947 1448 5009 ’ί
1578 4932 1730 5009 liberi
1753 4935 1968 5009 arbitrii
1991 4938 2302 5009 quaestioni~
2407 4929 2818 5009 dringentorum
2851 4940 3037 4993 fuisse.
3067 4929 3222 5009 Ejus"
3244 4943 3372 4994 item
3405 4943 3606 4995 mentio
3637 4944 3695 4994 Iit
3742 4945 3798 4996 in
3837 4929 3998 5000 A'ctis

751 5002 931 5080 bus-.3
1154 4999 1320 5080 editi,
1358 5018 1377 5049 ‹
1404 5000 1470 5052 de
1507 5000 1892 5080 liberiharbitrii
1921 4999 2240 5080 quaestione.
2279 5027 2298 5056 ι
2408 4999 2613 5080 synodi
2644 5011 2830 5075 prima:
2880 4999 3230 5067 Niczenaa'lib.
3278 5026 3339 5073 ll,
3369 5025 3489 5077 cap.
3519 5012 3607 5076 18,
3638 5026 3765 5080 pag.
3800 5015 3905 5079 28,
3943 4999 3999 5069 et

977 5068 1279 5150 Yidcndum
1317 5087 1461 5150 nunc
1496 5081 1619 5150 es_t_._
1653 5070 1744 5124 Sic
1773 5074 1830 5150 _in
1866 5068 2117 5150 omnibus
2171 5091 2301 5150 mss.
2408 5068 2529 5150 cap.
2552 5068 2656 5139 2οξ
2679 5093 2802 5150 pag.
2829 5081 2916 5135 53.
2972 5082 3101 5134 Vide
3131 5068 3352 5150 insuper
3379 5068 3566 5134 Evodii
3594 5068 3905 5143 epis‘t'olaiii
3929 5068 3994 5138 ad

752 5140 944 5224 incipit
977 5140 1279 5224 hoccapult.
1306 5141 1373 5194 At
1407 5142 1458 5194 in
1487 5142 1654 5224 editis
1685 5143 1875 5224 eadem
1903 5145 2063 5222 verba
2092 5161 2160 5224 ex
2189 5148 2305 5224 qui-
2411 5140 2883 5224 S.'i’ttigtist_iii'tt_tit,
2910 5153 3049 5224 inter
3072 5140 3659 5224 Atlglls’litliulltligsg;
3689 5153 3995 5224 Didymqu

750 5209 853 5264 bus
877 5220 1091 5289 constat
1118 5211 1683 5289 titulus-repetuntur
1710 5254 1724 5278 ,
1757 5223 1810 5266 et
1857 5213 2050 5289 capitis
2092 5209 2302 5289 initiinu
2407 5209 2668 5289 Alexand.
2703 5220 2756 5271 in
2783 5209 3069 5287 Epistulam
3098 5209 3270 5281 .ludte,
3303 5231 3431 5273 tom.
3465 5221 3528 5274 IV
3558 5209 3697 5276 Bibl.
3734 5209 3993 5289 Pa'trum,

753 5281 1088 5366 constituunt
1117 5282 1215 5366 hoc
1241 5283 1398 5366 modo
1428 5303 1440 5337 ;
1480 5302 1497 5333 ι
1532 5284 1607 5338 De
1638 5285 1922 5338 contrariis
1948 5286 2305 5352 potestatibus
2407 5300 2463 5356 ι).
2490 5288 2711 5366 {idonei
2735 5281 3125 5366 ((Ecmnenium
3156 5289 3532 5366 intlpistolam
3555 5292 3730 5366 Iudae,
3763 5311 3823 5366 p.
3861 5281 3993 5353 548.

755 5349 1410 5432 videndum‘nunc_est._r
1522 5428 1532 5432 _
1585 5422 1620 5432 υ
1683 5423 1695 5432 _
1948 5349 1966 5352 ’
2041 5424 2052 5432 _
2243 5424 2277 5432 __
2408 5349 2429 5356 ⁷
2484 5349 2786 5432 (18)⁷[.ἱι›1).
2825 5365 2978 5428 editi,
3013 5381 3030 5412 ι
3071 5357 3146 5414 ait
3197 5349 3438 5416 diabolo:
3486 5349 3819 5432 inspirantis:
3873 5349 3997 5423 sic}.

827 5417 1348 5497 (ῇῌηᾼξεεῃεὶοηε
1363 5425 1552 5490 Mopsi.
1584 5422 1656 5474 Ex
1683 5423 2107 5497 hocapocrypbo
2133 5423 2313 5497 libello
2411 5417 2642 5496 pentein.
2678 5447 2695 5479 ι
2731 5431 2831 5486 Sed
2863 5417 3052 5486 omnes
3084 5447 3213 5484 mss.
3251 5441 3307 5483 ut
3338 5433 3389 5485 in
3421 5417 3605 5490 nostro
3635 5417 3818 5490 textu.

753 5491 842 5568 qui
864 5487 1286 5570 Ilelir’.‘dicebat_u
1297 5487 1472 5570 enim."
1483 5502 1678 5556 naias,
1698 5487 1880 5547 Graece
1897 5487 2312 5570 νείὀᾋνάξιηψις

2420 5487 2427 5495 ’
2483 5497 2593 5570 (i9)
2629 5497 2719 5553 Sic
2754 5517 2887 5556 mss.
2916 5503 3086 5564 Alias,
3127 5519 3143 5550 ι
3173 5487 3543 5570 ρθιιετοῇειῑξι

754 5563 865 5610 sive
892 5556 1180 5636 ’Ayd6aat;
1209 5561 1502 5636 himbsétog,
1536 5576 1729 5636 praeter
1759 5578 1823 5636 ea
1853 5581 1970 5632 qure
2000 5556 2310 5620 citatJu'd'as

2481 5556 2591 5636 (:20)
2625 5571 2696 5622 Ita
2738 5589 2867 5626 mss.
2905 5556 3084 5630 Alias;
3107 5588 3124 5620 ί
3159 5556 3498 5628 vol'ucrintir

753 5627 1031 5712 apostolus
1059 5645 1096 5692 I,
1123 5631 1176 5692 9,
1207 5645 1310 5712 non
1332 5634 1513 5712 dubito
1533 5627 1658 5700 quin
1684 5627 2305 5712 indidemsitilesnmpta
2479 5627 2590 5707 (21)
2621 5640 2811 5696 Israel.
2846 5645 3010 5698 Deest
3042 5627 3094 5694 in
3126 5654 3284 5698 antea
3314 5627 3495 5712 editis,
3528 5647 3625 5701 sed
3656 5646 3912 5706 habetur
3939 5654 3990 5705 in

755 5703 994 5752 narratio
1025 5714 1141 5765 qum-
1169 5710 1251 5751 est
1278 5703 1414 5767 apud
1439 5703 1765 5756 Clementem
1799 5705 2061 5759 Alexand.
2095 5703 2295 5764 Suom.
2406 5703 2535 5762 mss.
2574 5703 2582 5707 ⁷
2706 5712 2714 5718 “

756 5769 2027 5865 [Ἓξ.ἐξῖὲζὲμιξ-(Ηιὲιι[ἐς-[ἰρίψῲιιιθ-ῐξιίιὶίχ
2059 5779 2297 5865 Athana-
2441 5780 2591 5865 “(‘22)
2628 5781 2716 5865 Sic
2752 5798 2883 5862 mss.
2909 5782 3082 5863 Alias,
3113 5802 3133 5834 ε
3169 5787 3309 5865 quod
3337 5787 3647 5862 voluntarie
3689 5799 3746 5845 et
3775 5805 3992 5865 propo-

754 5843 865 5924 sius
904 5841 953 5924 in
997 5838 1232 5924 ‘Sgnopsi
1279 5857 1444 5922 sacro:
1469 5838 1816 5924 ἐρημίην-αξ.
1854 5858 1934 5924 et”
1964 5847 2298 5924 Nicephorus
2338 5895 2346 5900 .
2409 5838 2823 5924 sitosuoielcgit
2860 5838 3081 5924 spiritus
3110 5838 3352 5924 quidem,
3381 5838 3411 5908 i
3439 5838 3554 5912 lete.

755 5909 1376 5977 (lonstantinopolitauus
1407 5913 1458 5967 in
1483 5911 1849 5972 Sticltometria
1873 5909 2129 5974 Chronico
2155 5936 2297 5974 comv
2481 5922 2590 5993 (23)
2620 5923 2708 5978 Sic
2743 5909 2870 5980 mss.
2890 5909 3064 5988 'Alias.
3105 5909 3140 5977 ε’
3163 5909 3400 5983 abutitur
3427 5909 3584 5982 Deus.
3625 5945 3645 5978 ι
