4118 6308
149 355 255 464 s5

1494 399 1694 456 LIBER
1728 398 2046 457 TERTIUS.

3294 407 3401 469 300

148 545 209 580 ex
240 526 424 583 Veteri
465 526 843 599 Testamento,
868 530 1126 591 quantum
1153 521 1218 574 ad
1241 535 1479 590 przesens
1509 536 1718 574 memo-
1746 529 1790 582 Α
1821 520 2099 599 instinctu,
2124 528 2304 574 utrum
2330 510 2513 589 posset
2532 520 2661 577 ﬁeri
2684 521 2805 576 ursi
2828 519 3078 579 diabolus
3095 539 3198 599 apt.
3226 540 3395 593 esset,

151 621 251 671 ria:
293 630 616 673 succurrere
666 621 982 684 potuerunt,
1038 612 1182 666 dicta
1213 611 1323 666 sint
1370 612 1435 666 de
1480 626 1550 666 eo
1581 610 1724 679 quod

151 710 445 787 contrarize
492 709 724 762 virtutes
775 706 858 760 vel
909 706 1262 759 nominantur
1309 704 1363 758 in
1393 703 1717 774 Scripturis,

151 805 235 854 vel
269 802 510 856 humano
541 799 722 867 generi
756 799 1010 852 dicuntur
1037 797 1337 860 adversari,
1367 793 1717 865 postmodum

152 894 455 962 punienda.
481 890 771 946 Videamus
804 900 981 942 autem
1005 897 1060 942 et
1087 889 1140 943 in
1168 888 1316 943 Novo
1344 886 1721 951 Testamento,
1759 893 1770 900 ‘

142 986 242 1064 ubi
279 984 512 1040 Satanas
532 984 600 1037 ad
629 981 971 1037 Salvatoretu
1001 981 1233 1046 accedit,
1260 983 1478 1034 tentans
1506 994 1629 1033 eum
1650 978 1718 1042 ⁸³;

152 1079 374 1146 spiritus
427 1092 557 1131 vero
587 1074 810 1146 maligni
858 1084 914 1129 et
965 1073 1229 1129 damonia
1271 1073 1569 1138 immunda,
1601 1087 1722 1139 quae

154 1171 466 1239 aliquantus
498 1169 849 1233 obsederant,
890 1164 1068 1234 fugata
1102 1175 1230 1244 sunt
1265 1180 1295 1216 u
1328 1163 1613 1218 Salvatore
1650 1161 1720 1215 de

151 1259 474 1330 corporibus
504 1258 848 1328 patientium,
877 1255 972 1325 qui
1002 1264 1056 1310 et
1081 1255 1293 1310 liberati
1328 1255 1396 1308 ab
1426 1269 1492 1308 eo
1531 1253 1722 1332 dicun—

157 1369 264 1410 tur.
298 1354 403 1410 Sed
423 1364 479 1409 et
499 1352 688 1420 ludas,
716 1367 838 1407 cum
861 1351 973 1422 jam
1002 1350 1248 1405 diabolus
1275 1348 1515 1403 misisset
1547 1347 1600 1400 in
1627 1361 1723 1400 cor

154 1447 267 1513 ejus
298 1454 358 1497 ut
390 1444 634 1498 traderet
666 1441 941 1497 Christum
967 1440 1016 1472 “
1047 1480 1063 1504 ,
1095 1451 1282 1510 postea
1325 1439 1504 1512 etiam‘
1547 1447 1718 1492 totum

157 1539 408 1592 Satanam
435 1537 676 1608 suscepit
701 1535 757 1590 in
791 1549 913 1590 sese
945 1548 961 1588 :
996 1535 1264 1603 scriptum
1297 1541 1381 1587 est
1413 1533 1558 1587 enim
1589 1533 1713 1601 quia

156 1644 271 1700 post
322 1629 623 1685 buccellam
667 1629 914 1684 introivit
944 1629 998 1683 in
1045 1628 1198 1685 illum
1226 1628 1484 1682 Satanas.
1520 1625 1716 1679 Paulus

156 1738 282 1776 vero
317 1722 598 1789 apostolus
631 1722 795 1775 docet
818 1734 920 1775 nos
966 1735 1076 1774 non
1111 1719 1328 1774 debere
1359 1720 1487 1772 dare
1539 1717 1717 1771 locmn

157 1815 389 1878 diabolo,
422 1833 440 1864 ι
470 1814 565 1868 sed
595 1813 824 1878 induite,
853 1814 1056 1877 ittquit,
1085 1826 1234 1864 arma
1265 1809 1380 1874 Dei,
1410 1820 1465 1862 ut
1501 1809 1720 1872 possitis

1829 617 2058 668 hmnana
2085 614 2416 683 experientia
2442 623 2587 668 tanta
2626 615 2678 668 in
2707 615 3052 683 percipiendo
3084 617 3210 672 cibo
3228 619 3395 675 disci-

1826 708 1969 777 plina
2037 715 2310 772 uteretur,
2373 716 2434 761 ut
2481 723 2754 777 nunquam
2835 708 3050 778 penitus
3107 717 3394 768 excederet

1825 799 2064 863 modum,
2097 797 2152 852 id
2179 809 2282 864 est,
2311 807 2370 853 ut
2400 800 2483 859 vel
2515 799 2672 853 aliter
2699 813 2861 867 quam
2902 815 2989 854 res
3013 812 3279 868 posceret,
3307 802 3392 859 vel

1825 891 2054 961 amplius
2106 905 2263 959 quam
2295 891 2434 945 ratio
2482 891 2806 961 indulgeret,
2849 890 3138 957 acciperet.
3175 902 3226 945 ct
3257 909 3395 948 nun-

1824 999 1986 1052 quam
2039 983 2280 1037 eveniret
2335 983 2647 1060 hutninibns
2680 984 2732 1036 in
2780 985 3051 1037 servando
3079 983 3181 1038 cibi
3235 987 3393 1060 motio

1825 1091 2188 1145 mensuraque
2225 1061 2567 1145 delinquere.
2605 1075 2715 1144 Ego
2743 1076 2964 1147 quidem
3000 1091 3107 1130 non
3157 1051 3394 1130 arliitrnr

1828 1173 1930 1226 hoc
1954 1171 2021 1224 ab
2052 1169 2359 1224 hominibus
2384 1169 2457 1222 ita
2489 1171 2730 1237 potuisse
2749 1169 2978 1234 servari,
3003 1169 3214 1223 etiamsi
3252 1168 3394 1224 nulla

1824 1263 2022 1319 diaboli
2069 1271 2414 1331 provocasset
2471 1261 2770 1324 instinctio,
2824 1271 2884 1316 ut
2941 1261 2994 1315 in
3047 1259 3393 1329 percipiendo

1823 1355 1947 1409 cibo
1978 1353 2197 1409 modum
2221 1353 2355 1424 (25)
2380 1353 2836 1422 disciplinamque
2867 1351 3046 1407 nullus
3081 1353 3393 1416 excederet,

1827 1448 2141 1517 priusquam
2176 1446 2229 1500 id
2256 1446 2416 1516 longe
2443 1461 2542 1498 usu
2573 1444 3024 1513 experientiaque
3057 1445 3389 1499 didicissent.

1824 1539 1961 1606 Quid
1997 1540 2163 1608 igitur
2202 1538 2401 1593 est?|n
2445 1537 2585 1592 escis
2618 1536 2834 1605 quidem
2883 1545 2936 1590 et
2986 1545 3110 1605 potu
3138 1536 3393 1606 possibile

1823 1643 1939 1688 erat
1967 1634 2282 1701 delinquere
2309 1647 2405 1688 nos
2433 1633 2596 1688 etiam
2632 1632 2748 1686 sine
2777 1631 2974 1686 diaboli
3009 1631 3393 1695 incitamentis,

1822 1727 1867 1779 si
1902 1726 2038 1779 forte
2067 1725 2246 1779 minus
2274 1726 2637 1790 continentes,
2666 1723 2752 1777 vel
2781 1723 2960 1776 minus
2989 1723 3234 1776 industrii
3264 1721 3396 1775 fuis-

1823 1834 2006 1873 semus
2035 1817 2277 1882 inventi;
2303 1818 2356 1870 in
2379 1817 2683 1887 appetendo
2716 1828 2844 1867 vero
2860 1814 3027 1878 coitu,
3059 1813 3144 1866 vel
3174 1822 3396 1865 natura-

157 1909 412 1962 resistere
471 1907 731 1961 adversus
760 1906 992 1959 astutias
1026 1903 1228 1959 diaboli
1250 1903 1331 1966 ⁸⁸;
1364 1923 1383 1955 ι
1429 1903 1716 1970 designans

1823 1910 1962 1962 libus
1995 1907 2287 1962 desideriis
2332 1906 2699 1975 temperandis
2754 1904 2915 1972 (.26),
2965 1902 3258 1972 putandum
3312 1912 3395 1955 est

161 2021 178 2053 ι
209 2002 485 2056 luctamen
519 2020 537 2052 ι
573 2014 694 2054 esse
731 1999 940 2054 sanctis
990 2015 1009 2048 ι
1062 2012 1171 2052 non
1203 1997 1466 2050 adversus
1494 2010 1715 2049 carnem

156 2104 205 2148 et
231 2094 574 2164 sanguinem,
621 2091 715 2145 sed
753 2084 1012 2146 adversus
1039 2089 1382 2160 principatus
1406 2128 1421 2152 ,
1455 2087 1715 2141 adversus

157 2194 487 2253 potestates,
538 2184 801 2240 adversus
829 2183 1016 2238 mundi
1073 2185 1232 2252 huius
1293 2191 1533 2236 rectores
1567 2189 1717 2234 tene-

155 2279 412 2339 brarum,
462 2277 731 2330 adversus
780 2275 1046 2345 spiritalia
1096 2274 1356 2343 nequitia:
1393 2273 1446 2326 in
1475 2271 1714 2328 caelesti-

155 2356 268 2424 bus.
299 2389 320 2423 ι
360 2369 469 2425 Sed
501 2381 556 2425 et
610 2367 949 2424 Salvatorem
999 2367 1324 2423 crucifixum
1357 2380 1476 2421 esse
1519 2364 1648 2421 dicit
1686 2380 1715 2417 a

154 2464 488 2532 principibus
522 2461 682 2531 hujus
717 2462 904 2516 mundi
928 2462 1020 2530 qui
1059 2460 1456 2524 destruentur,l
1485 2473 1715 2528 quorum

155 2555 308 2606 etiam
341 2555 668 2624 sapientiam
694 2553 826 2608 dicit
849 2569 909 2608 se
934 2567 1038 2606 non
1065 2553 1209 2622 loqui
1233 2552 1304 2606 ⁸⁸.
1332 2551 1437 2606 Per
1464 2553 1577 2605 huic
1619 2551 1718 2620 igi-

157 2656 240 2700 tur
257 2649 440 2702 omnia
474 2649 635 2701 docet
658 2662 754 2702 nos
779 2646 1057 2716 Scriptura
1082 2647 1282 2709 divina,
1311 2661 1430 2699 esse
1457 2626 1716 2714 quosdam

156 2740 442 2793 invisibiles
473 2741 661 2793 hostes
687 2737 1014 2795 dimicantes
1045 2737 1308 2792 adversus
1340 2753 1460 2802 nos,
1493 2746 1546 2790 et
1580 2752 1716 2805 prae-

155 2831 278 2898 cipit
302 2829 529 2882 armarit
545 2844 645 2882 nos
693 2827 894 2882 debere
923 2836 1112 2882 contra
1145 2839 1259 2880 eos.
1314 2825 1467 2880 Unde
1499 2836 1553 2880 et
1579 2827 1715 2878 sitn-

154 2924 401 2994 pliciores
431 2922 632 2990 quique
668 2918 897 2976 Domino
919 2919 1137 2974 Christo
1163 2920 1501 2972 credentium
1533 2919 1718 2972 existi.

155 3023 298 3066 mant
324 3053 338 3076 ,
371 3012 514 3081 quod
546 3005 732 3066 omnia
791 3019 1017 3077 peccata
1053 3012 1387 3076 quacunque
1429 3009 1718 3062 commisc-

157 3108 258 3159 rint
283 3106 554 3168 homines,
596 3118 662 3157 ex
697 3099 817 3157 istis
844 3099 1133 3154 contrariis
1167 3099 1453 3154 virtutibus
1482 3110 1716 3154 mentem

154 3197 575 3268 delinquentium
615 3193 1030 3266 perurgentibus
1061 3193 1215 3257 (iant,
1245 3207 1345 3264 pro
1379 3208 1445 3248 co
1471 3195 1612 3262 quod
1664 3194 1714 3246 in

155 3293 442 3348 certamine
472 3291 578 3343 isto
609 3287 863 3342 invisibili
894 3284 1200 3354 superiores
1236 3285 1582 3340 inveniantur
1620 3303 1715 3355 po-

159 3393 388 3439 testates.
425 3381 578 3448 Quod
610 3379 698 3444 si,
748 3379 898 3432 verbi
925 3392 1112 3441 causa,
1147 3376 1307 3449 139
1326 3377 1574 3434 diabolus
1613 3395 1716 3433 non

158 3486 312 3538 esset,
338 3488 497 3528 nemo
535 3473 811 3525 hominum
845 3472 1063 3524 omnino
1094 3469 1455 3537 delinquerct.

220 3571 276 3623 2.
310 3567 418 3622 Nos
453 3581 584 3618 vero
606 3562 871 3616 rationem
904 3559 1490 3629 dilucidiusintuentes,
1511 3564 1623 3618 hcce
1645 3567 1715 3616 ita

159 3675 411 3716 esse-non
446 3659 800 3720 arbitramur,
837 3652 1245 3711 considerantes
1282 3668 1344 3707 ea
1373 3669 1494 3724 qua:
1545 3657 1718 3710 mani-

163 3756 296 3809 feste
340 3769 407 3809 ex
433 3752 702 3822 corporali
741 3733 1065 3804 necessitate
1094 3732 1448 3801 descendunt.
1475 3747 1556 3798 An
1587 3763 1717 3802 vero

163 3851 452 3920 putandum
500 3858 584 3901 est
612 3845 757 3914 quod
789 3842 1030 3897 diabolus
1062 3838 1337 3896 esuriendi
1370 3837 1452 3895 vel
1498 3839 1712 3893 sitiendi

167 3941 293 4014 (24)
320 3957 482 3996 causa
525 3940 680 3992 nobis
707 3934 967 3990 exsistat?
997 3931 1272 3988 Neminem
1312 3945 1431 3987 esse
1467 3942 1598 4000 puto
1624 3932 1714 4002 qni

167 4041 261 4091 hoc
295 4037 491 4090 audeat
517 4021 807 4084 allii-mare.
839 4026 896 4082 Si
926 4043 1052 4096 ergo
1095 4023 1362 4082 esuriendi
1407 4033 1462 4077 et
1498 4025 1712 4079 sitiendi

167 4148 266 4186 non
299 4130 459 4183 nobis
482 4129 594 4197 ipse
623 4127 690 4177 sit
716 4137 897 4188 causa,
922 4120 1047 4188 quid
1070 4117 1214 4173 aliud
1235 4134 1356 4172 cum
1376 4117 1715 4182 uniuscujus-

165 4239 263 4292 que
288 4210 419 4276 astas
453 4222 518 4272 ad
543 4215 817 4270 virilitatis
838 4222 1046 4281 tempus
1062 4211 1357 4276 advenerit,
1379 4221 1431 4264 et
1456 4209 1714 4264 naturalis

168 4313 358 4366 caloris
394 4307 668 4363 incentiva
717 4301 1074 4374 suggesserit?
1100 4300 1445 4367 Consequens
1491 4308 1573 4352 est
1601 4299 1714 4351 Sine

167 4406 346 4466 dubio,
380 4411 434 4453 ut
458 4402 604 4453 sicut
627 4395 899 4451 esuriendi
931 4403 988 4447 et
1035 4393 1244 4447 sitiendi
1275 4390 1516 4446 diabolus
1546 4406 1709 4444 causa

169 4512 266 4547 non
302 4501 406 4555 est,
429 4493 500 4544 ita
529 4504 626 4542 nec
658 4488 775 4555 ejus
799 4486 1013 4554 quidem
1047 4493 1221 4538 motus
1238 4482 1328 4552 qui
1348 4481 1542 4535 adulta:
1571 4480 1712 4536 aetati

1819 2003 1962 2071 quod
1998 2017 2101 2054 non
2120 2000 2299 2055 simile
2328 2000 2532 2070 aliquid
2566 1997 3185 2069 pateremurlArbitror
3209 2005 3393 2049 autem

1819 2095 1960 2163 quod
1980 2094 2166 2147 eadem
2202 2093 2430 2146 rationis
2460 2092 3045 2161 consequentia-etiam
3081 2091 3133 2142 in
3184 2089 3395 2143 caeteris

1821 2185 2154 2239 naturalibus
2188 2186 2424 2238 motibus
2454 2184 2627 2252 possit
2675 2181 2919 2252 intelligi,
2946 2180 3278 2248 cupiditatis,
3310 2174 3392 2232 vel

1821 2278 1933 2343 irae,
1990 2275 2075 2331 vel
2104 2275 2360 2338 tristitiae,
2392 2278 2478 2330 vel
2512 2275 2564 2329 in
2589 2271 2846 2328 omnibus
2885 2273 3106 2326 omnino
3131 2287 3249 2340 qua:
3299 2285 3396 2339 per

1824 2370 2252 2440 intemperantiae
2309 2369 2518 2433 vitium,
2555 2371 2774 2421 modum
2836 2382 3102 2422 mensurae
3132 2365 3393 2418 naturalis

1819 2463 2105 2518 excedunt.
2138 2461 2372 2515 Evidcns
2416 2461 2579 2531 igitur
2611 2460 2748 2531 (δη)
2785 2461 2922 2513 ratio
2950 2469 3053 2522 est,
3085 2457 3210 2526 quia
3248 2457 3390 2510 sicut

1821 2556 1874 2608 in
1933 2555 2087 2608 bonis
2136 2554 2298 2608 rebus
2349 2554 2649 2608 humanum
2701 2551 3038 2621 propositum
3073 2549 3246 2604 solum
3298 2563 3393 2617 per

1821 2647 2053 2717 seipsum
2087 2646 2467 2724 imperfectum
2485 2657 2568 2701 est
2593 2646 2658 2698 ad
2685 2642 3210 2698 consummationem
3239 2641 3388 2704 boni,

1821 2738 2088 2804 atljutorio
2119 2752 2354 2805 namque
2383 2737 2571 2790 divino
2600 2736 2665 2788 ad
2692 2735 2930 2804 perfecta
2961 2749 3184 2803 quzeque
3201 2733 3397 2802 perdu-

1821 2831 1996 2893 citur;
2023 2829 2096 2884 ita
2113 2829 2282 2883 etiam
2308 2830 2360 2882 in
2379 2829 2669 2883 contrariis
2694 2829 2844 2881 initia
2877 2826 3145 2896 quaedam,
3178 2837 3232 2879 et
3250 2824 3396 2878 velut

1820 2923 2064 2989 quaedam
2112 2922 2318 2975 semina
2369 2930 2718 2989 peccatorum
2759 2919 2946 2974 abhis
2994 2918 3154 2972 rebus
3180 2931 3300 2984 quae
3337 2915 3392 2969 in

1823 3031 1916 3069 usu
1953 3014 2276 3068 naturaliter
2303 3014 2594 3077 habentur,
2625 3011 2944 3080 accipimus.
2974 3010 3107 3064 Cum
3144 3022 3273 3062 vero
3305 3007 3390 3062 iu-

1821 3106 2148 3160 dulserimus
2179 3105 2319 3159 ttltra
2345 3120 2508 3175 quam
2531 3105 2664 3160 satis
2681 3111 2783 3168 est,
2818 3111 2998 3158 etnon
3030 3100 3393 3156 restiteritnus

1822 3195 1956 3266 (28)
1987 3197 2245 3250 adversus
2279 3196 2485 3264 primos
2534 3193 2964 3264 intemperantia:
3013 3201 3224 3256 motus,
3267 3204 3393 3246 tunc

1825 3290 1982 3358 primi
2016 3287 2176 3358 hujus
2205 3287 2386 3343 delicti
2438 3288 2711 3356 accipiens
2744 3287 2919 3341 locum
2955 3286 3124 3338 virtus
3171 3283 3242 3337 ini
3272 3283 3391 3338 nica

1827 3382 2043 3450 instigat
2105 3389 2160 3433 et
2187 3390 2441 3450 perurget
2467 3380 2719 3434 munibus
2768 3377 2962 3441 modis,
2993 3376 3216 3430 studens
3261 3389 3390 3443 prn-

1825 3478 1993 3531 fusius
2025 3478 2252 3531 dilatare
2287 3485 2526 3544 peccata,
2559 3474 2845 3542 etquidem
2885 3473 3040 3526 nobis
3081 3469 3390 3525 hominibus

1823 3571 2138 3623 occasiones
2165 3581 2219 3622 et
2255 3569 2403 3622 initia
2439 3567 2801 3636 prwbetitibus
2857 3573 3224 3636 peccatorum,
3282 3563 3386 3615 ini-

1824 3662 1979 3714 micis
2020 3671 2200 3713 autem
2235 3661 2595 3734 potestatibus
2625 3657 2783 3709 latius
2816 3671 2876 3709 ea
2907 3666 2960 3710 et
2987 3655 3216 3723 longius,
3246 3663 3300 3708 et
3339 3654 3386 3709 si

1824 3752 1936 3803 tieri
1986 3751 2402 3818 potest'ahsque
2462 3749 2570 3802 ullo
2648 3750 2753 3803 line
2813 3747 3250 3815 propagantibus.
3307 3743 3384 3799 Ita

1822 3842 2052 3909 denique
2090 3842 2141 3894 in
2179 3842 2462 3894 avaritiam
2506 3840 2688 3908 lapsus
2740 3838 2989 3902 edicitur,
3041 3851 3161 3890 cum
3211 3838 3382 3906 primo

1823 3934 2066 3987 homines
2102 3949 2292 4001 parum
2344 3934 2470 4001 quid
2529 3932 2769 4001 pecunia:
2813 3930 3142 3993 desiderant,
3193 3930 3382 3985 deinde

1822 4036 2147 4098 augescente
2179 4026 2304 4080 vitio
2356 4026 2626 4094 cupiditas
2678 4023 2952 4078 increscit.
2982 4022 3108 4077 Post
3138 4021 3238 4076 hoc
3265 4021 3377 4092 jam

1821 4136 1942 4173 cum
1970 4120 2130 4174 etiam
2180 4119 2394 4172 caacitas
2418 4117 2613 4170 mentis
2640 4132 2706 4170 ex
2756 4115 3001 4183 passione
3033 4115 3372 4176 successerit,

1823 4210 2058 4263 inimicis
2103 4209 2394 4262 virtutibus
2428 4207 2575 4276 (‘29)
2604 4206 3016 4278 suggerentibus
3069 4217 3134 4258 ac
3185 4217 3373 4273 perur-

1819 4301 2088 4371 gentibus,
2113 4303 2334 4368 pecunia
2363 4300 2472 4366 jam
2497 4318 2600 4354 ttun
2634 4301 2990 4358 desideratur.
3021 4299 3111 4351 sed
3142 4297 3366 4363 rapitur,

1820 4401 1872 4444 et
1899 4393 1969 4453 vi,
2005 4400 2094 4442 aut
2122 4391 2278 4443 etiam
2308 4391 2586 4459 sanguinis
2610 4388 2822 4442 humani
2860 4385 3172 4455 profusione
3235 4398 3361 4438 cen-

1818 4481 2063 4545 quii'itur.
2114 4460 2194 4533 Ait
2237 4480 2522 4535 certiorem
2574 4481 2801 4547 denique
2841 4477 2914 4527 rei
2976 4476 3152 4540 tidem,
3219 4477 3361 4542 quod

171 4585 482 4641 naturaliter
507 4580 831 4650 suggeritur,
863 4578 914 4630 id
938 4584 1019 4630 est
1054 4574 1328 4643 appetendi
1362 4576 1536 4628 coitus
1564 4574 1702 4627 tlesi-
1733 4602 1776 4654 θ
1820 4571 2202 4625 itnmensitatcs
2251 4573 2366 4626 ista:
2396 4573 2639 4626 vitiorum
2681 4587 2710 4624 a
2744 4566 3070 4621 daemonibus
3116 4565 3354 4625 veniant,

171 4680 397 4734 derium.
427 4677 595 4742 Quam
628 4685 840 4725 causam
869 4684 973 4722 non
1005 4667 1184 4734 utique
1212 4680 1465 4733 setnpera
1489 4666 1698 4720 diabolo

172 4769 372 4823 moveri
415 4773 622 4820 certum
675 4769 778 4822 est,
815 4758 886 4811 ita
944 4766 1002 4809 ut
1046 4757 1335 4823 putandum
1394 4755 1463 4808 sit
1497 4754 1617 4824 quia
1661 4756 1705 4809 si

175 4859 414 4912 diabolus
443 4871 550 4911 non
582 4851 744 4913 esset,
782 4846 1147 4920 hujuscemodi
1183 4846 1512 4901 adtnistionis
1567 4846 1709 4901 desi-

175 4953 376 5005 derium
411 4962 633 5016 corpora
675 4960 778 4999 non
818 4942 1091 4997 haberent.
1133 4937 1264 4991 Tum
1312 4935 1504 4988 deinde
1532 4935 1708 4989 consl-

178 5055 419 5097 ueremus
439 5040 507 5102 si,
545 5048 600 5091 ut
618 5037 858 5106 superius
872 5031 1215 5090 ostetidimus,
1240 5025 1388 5079 cibus
1412 5022 1709 5077 hominibus

180 5151 279 5189 non
330 5148 396 5188 ex
452 5131 691 5190 diabolo,
757 5131 845 5181 sed
903 5120 1128 5177 naturali
1182 5117 1410 5186 quodam
1447 5113 1711 5181 appetitur

245 5272 291 5303 ³³
321 5266 640 5337 ΜίιιὶῘΙ.ηηιῢὶ.
693 5265 736 5292 ’⁸⁵
770 5260 925 5314 Joan.
978 5272 1091 5310 xm.

250 5381 382 5456 (Et)
444 5373 551 5431 γει.
585 5370 814 5424 sitiendi.
844 5369 997 5421 Deest
1028 5365 1078 5416 in
1105 5371 1257 5412 antea
1279 5358 1456 5418 editis,
1484 5353 1573 5405 sed
1610 5355 1702 5402 ha-

184 5461 339 5512 betur
374 5455 428 5503 in
462 5461 587 5499 mss.
1087 5502 1096 5510 ,
1141 5501 1152 5511 ,
1245 5497 1272 5512 ,.
1304 5493 1392 5512 λυ

620 5580 648 5596 ,ο
727 5594 735 5596 -
776 5575 872 5596 Jun
897 5591 903 5596 .
931 5586 972 5596 ιη
999 5587 1042 5596 ι..
1068 5586 1076 5596 1
1120 5583 1215 5596 ..ιιιι
1248 5575 1358 5596 ·ιηι.Ἰ
1444 5575 1464 5596 ε
1582 5593 1587 5596 .
1636 5577 1645 5596 ι

186 5557 560 5653 Ιιιέτζιυιίιδζ,ν‹
584 5557 739 5653 etiam
763 5575 875 5653 sine
895 5557 1076 5648 diaboli
1107 5557 1483 5653 IithlltllllClllls.
1511 5577 1527 5606 ι
1554 5557 1700 5607 Liblt.

187 5667 401 5739 «τάπὶ-,9
442 5641 1343 5739 δὲμδίηέΑἒ¹ί³ξ¹ἷέῗῖῗ¹⁹ι¹¹ι¹ξ.¹.ἶ²ἶ.¹ἶῖ.ῗῖζ“⁸.’
1370 5646 1521 5739 .imte.
1547 5689 1670 5739 Paul

259 5689 339 5724 ill.
381 5689 401 5714 ι
442 5689 496 5714 υι
528 5689 640 5710 aluo
684 5689 849 5718 suun...
887 5689 898 5690 κ
1223 5701 1260 5726 ,1
1547 5689 1586 5741 Ρ
1657 5689 1670 5739 1

259 5733 398 5809 (26)
474 5727 564 5779 Sic
596 5735 721 5774 mss.
757 5711 920 5792 {\ltas,
954 5723 971 5754 ι
1007 5704 1282 5794 tentandts,
1316 5715 1334 5747 ›
1370 5695 1521 5745 male.
1591 5705 1704 5788 anno

584 5790 661 5809 __-:
684 5806 691 5809 .
742 5789 869 5809 Mm:
901 5793 947 5809 Ill
991 5773 1138 5809 Imnh
1191 5767 1359 5809 robus.
1396 5780 1414 5809 ι
1452 5759 1506 5809 In
1555 5768 1699 5809 anu“!

190 5759 949 5880 poﬁ‘ﬂefiLJSiJ'sicarii.
991 5771 1139 5826 bouis
1189 5767 1360 5821 rebus.
1396 5780 1414 5814 ι
1452 5759 1506 5814 lu
1555 5768 1699 5812 antea

195 5861 352 5940 ἕως
383 5873 608 5933 ,σεεμ
852 5868 867 5903 '-

1183 5254 1227 5283 ⁸⁵
1275 5252 1460 5316 Ephes.
1521 5261 1591 5323 vi,
1639 5245 1723 5306 Η,
1779 5244 1857 5296 1'3.

1806 4665 2158 4732 contemplari
2189 4667 2348 4720 etiam
2398 4683 2462 4719 ex
2509 4683 2570 4718 eo
2615 4665 2765 4716 facile
2793 4671 2986 4729 potest,
3042 4662 3182 4725 quod
3218 4658 3346 4709 nihil

1815 4756 1985 4808 tniuus
2038 4755 2118 4806 bis
2147 4755 2236 4821 qui
2266 4755 2611 4822 conponiliter
2639 4765 2890 4805 vexantur
2912 4768 2939 4803 a
2989 4747 3336 4811 tlzeinonibus,

1811 4849 1971 4898 etiam
2006 4845 2077 4897 illi
2105 4847 2394 4913 patiuntur,
2416 4843 2501 4908 qui
2529 4844 2609 4894 vel
2641 4843 2996 4896 immoderatis
3041 4837 3328 4895 amoribus,

1814 4934 1896 4987 vel
1926 4933 2015 4985 ira:
2035 4931 2451 4995 intemperantia,
2471 4928 2548 4980 vel
2593 4929 2862 4981 nimietate
2885 4928 3114 4981 tristitiae
3147 4939 3330 4996 perur-

1813 5031 2019 5086 gentnr.
2050 5021 2180 5072 Nam
2203 5028 2253 5071 et
2280 5019 2327 5067 in
2360 5019 2621 5069 nonnullis
2661 5019 2891 5071 historiis
2917 5021 3154 5079 refertur,
3184 5019 3325 5087 quod

1816 5111 1868 5162 in
1905 5112 2158 5162 insaniam
2211 5107 2416 5173 quidam
2455 5120 2516 5157 ex
2543 5122 2717 5160 amore
2749 5109 3071 5174 deciderunt,
3105 5109 3225 5178 aliiJ
3256 5121 3324 5165 ex

1949 5246 1992 5273 δεῖ
2045 5242 2213 5294 lCor.
2259 5258 2318 5293 ιι.

1870 5352 1976 5418 (27)
2011 5351 2137 5402 Vide
2174 5350 2262 5400 lib.
2299 5366 2335 5401 ιι
2392 5351 2707 5417 0rigenian.,
2732 5368 2783 5420 q.
2834 5353 2883 5415 7,
2914 5372 3055 5409 nunt.
3090 5358 3317 5414 ﬁcta“.
3358 5325 3366 5330 Α

1870 5464 1994 5533 (:28)
2054 5462 2134 5533 Sit:
2181 5474 2320 5533 _tnss.
2373 5463 2534 5528 Alias,
2575 5483 2594 5515 ι
2667 5468 3074 5520 substitcrimtts.
3105 5490 3125 5522 ι
3179 5471 3320 5527 Infra

1803 5527 1948 5589 tus}...
1989 5547 2003 5576 t
2046 5527 2229 5603 deinde
2285 5542 2598 5598 augescente
2644 5535 2790 5588 vitio.
2821 5553 2840 5585 ›
2900 5536 2951 5588 lu
2996 5535 3315 5595 liba-editis

1806 5603 1966 5658 deest,
2003 5613 2020 5644 ‹
2054 5595 2256 5647 deinde.
2296 5615 2316 5644 ι

1868 5707 1996 5784 (9.9)
2074 5703 2390 5777 νὶτιιιιὲὑιεη
2422 5709 2574 5769 Deest
2612 5714 2662 5769 in
2697 5723 2847 5774 cute:
2888 5719 3063 5784 editis,
3092 5721 3187 5776 sed
3217 5721 3318 5783 Eta-

1805 5779 1954 5833 bctur
1985 5779 2034 5828 iu
2064 5789 2186 5829 mss.
