4074 6308
809 297 940 367 337

2024 309 2341 366 OlthENlS

2445 308 2539 362 ΞΡΙ
2579 308 2805 362 ΑΡΧΩΝ
2987 330 2994 341 ·
3912 298 3999 354 308

811 434 1110 497 lﬂtt'tmdia.
1141 431 1379 488 mnu!“
1414 447 1474 485 CX
1523 431 1760 493 tristitia.
1801 429 1880 480 "Cl
1931 429 2094 481 ίιῖιίιίο
2138 426 2356 496 8³υάίοῖ
2390 428 2427 483 Α
2460 459 2653 512 genere
2677 441 2864 496 debeat
2891 439 3100 492 vincere
3126 436 3214 504 qui
3238 444 3500 496 tentatur;
3524 433 3661 496 sicut
3685 433 3774 486 ille
3796 433 3999 501 quidem

805 526 953 592 quod
992 526 1224 579 arbitror
1261 538 1326 576 ex
1375 537 1440 576 eo
1470 521 1729 581 accidere,
1765 520 1890 588 quia
1921 519 2198 574 contraria:
2242 520 2354 571 ista:

806 618 1051 674 virtutes.
1075 616 1123 668 id
1152 625 1232 669 est
1251 614 1534 677 daemones,
1556 612 1671 666 loco
1689 611 1787 666 sibi
1815 615 1863 664 in
1881 625 2064 664 eorum
2092 610 2354 663 mentibus

807 714 953 776 dato,
983 726 1140 779 quem
1191 707 1599 777 intemperantia
1653 708 1799 776 prius
1847 704 2157 774 patefecerit
2197 703 2353 775 (30),

805 817 1022 855 sensum
1063 816 1244 854 eorum
1280 801 1492 868 penitus
1540 799 1903 867 possederint:
1957 797 2186 851 maxime
2233 812 2354 850 cum

799 892 950 944 nulla
979 906 1071 943 eos
1097 892 1161 942 ad
1195 890 1547 944 resistendum
1583 888 1799 942 virtutis
1841 889 2007 958 gloria
2046 889 2352 943 concitarit.

876 981 932 1033 '5.
968 981 1118 1045 Quod
1155 989 1328 1033 autem
1372 980 1479 1033 sint
1508 980 1747 1046 quaedam
1775 990 1989 1046 peccata
2020 994 2137 1048 quae
2188 994 2291 1032 non
2323 993 2352 1030 a

803 1065 1094 1120 contrariis
1138 1065 1425 1118 virtutibus
1477 1064 1722 1128 veniant,
1764 1065 1858 1117 sed
1902 1080 1966 1117 ex
2021 1063 2353 1118 naturalibus

801 1157 1049 1225 corporis
1103 1157 1338 1211 motibus
1384 1156 1592 1210 initium
1621 1164 1867 1216 sumant,
1923 1155 2354 1208 manifestissime

799 1249 1046 1302 declarat
1073 1247 1346 1316 apostolus
1365 1246 1632 1301 Paulusin
1672 1262 1736 1301 eo
1772 1249 1896 1300 dum
1939 1246 2104 1300 dicit:
2157 1264 2176 1296 ε
2211 1246 2351 1301 Caro

800 1339 1134 1407 concupiscit
1181 1338 1434 1393 adversus
1473 1339 1738 1406 Spiritum,
1772 1337 1993 1406 spiritus
2030 1348 2206 1391 autem
2257 1338 2353 1390 ad-

801 1445 991 1484 versus
1006 1445 1222 1486 carnem
1245 1447 1259 1496 ;
1283 1432 1398 1483 haec
1421 1440 1680 1498 suntquae
1713 1429 1811 1482 sibi
1845 1428 2068 1482 invicem
2095 1429 2350 1482 resistunt

799 1531 860 1577 ut
893 1537 995 1576 non
1021 1537 1139 1590 quae
1169 1521 1328 1576 vultis
1361 1523 1449 1576 illa
1483 1521 1694 1575 faciatis
1747 1521 1811 1574 ⁸⁷.
1850 1538 1870 1571 ι
1926 1519 1982 1573 Si
2041 1535 2174 1588 ergo
2225 1537 2349 1574 caro

797 1615 1138 1683 concupiscit
1168 1615 1424 1669 adversus
1455 1615 1723 1683 spiritum,
1746 1622 1802 1666 et
1835 1613 2055 1682 spiritus
2092 1615 2347 1667 adversus

796 1722 1038 1773 carnem,
1072 1718 1153 1763 est
1195 1709 1348 1763 nobis
1392 1707 1678 1776 aliquando
1734 1706 2044 1762 colluctatio
2090 1707 2345 1760 adversus

2461 537 2547 602 qui
2597 537 2649 588 itt
2708 547 2877 601 agone
2926 527 3215 589 contendit,
3269 527 3510 595 quamvis
3562 540 3712 593 requa
3766 526 4001 579 modera-

2461 627 2605 680 tione
2645 630 2983 691 comparatus
3027 622 3121 685 siti
3141 604 3472 680 adversario,
3513 631 3618 669 non
3656 627 3833 670 tamen
3865 616 3997 670 omni

2459 729 2659 785 genere
2699 714 2914 766 vincere
2943 713 3157 780 poterit.
3207 701 3396 762 Veruin
3443 708 3542 761 nisi
3586 707 3808 776 aequalis
3856 706 4000 761 fuerit

2461 807 2882 863 concertantium
2915 797 3135 865 'virtus,
3193 816 3298 854 non
3349 801 3451 853 erit
3485 801 3626 870 justa
3671 799 3849 869 palma
3896 799 4002 851 vin-

2460 901 2647 963 centis,
2707 913 2803 951 nec
2841 895 2983 965 luste
3014 893 3319 962 culpabitur
3345 894 3537 954 vict-us,
3559 899 3842 960 propterea
3868 890 4000 958 quod

2460 990 2722 1060 permittit
2747 989 2960 1056 quidem
2996 1000 3091 1038 nos
3120 985 3339 1049 tentari,
3373 997 3478 1036 non
3524 977 3698 1035 tamen
3753 996 3913 1049 supra
3953 982 4002 1035 id

2457 1083 2598 1151 quod
2621 1094 2932 1148 possumus;
2967 1093 3061 1147 pro
3083 1078 3286 1131 viribus
3307 1075 3453 1130 enim
3479 1075 3676 1129 nostris
3705 1071 4000 1140 tentamur;

2459 1191 2556 1230 nec
2587 1184 2762 1227 tamen
2793 1173 3052 1241 scriptum
3081 1180 3184 1226 est.
3233 1169 3357 1239 quia
3400 1166 3561 1221 faciet
3612 1169 3663 1220 in
3716 1167 4001 1220 tentatione

2456 1266 2615 1320 etiam
2656 1267 2855 1319 exitum
2902 1262 3220 1323 sustinendi,
3252 1260 3346 1314 sed
3375 1260 3578 1314 exitum
3610 1257 3744 1328 (35),
3773 1268 3826 1311 ut
3849 1257 4000 1311 susti-

2457 1373 2584 1412 nere
2627 1355 2914 1424 possimus.
2966 1351 3039 1406 Ut
3069 1366 3196 1406 vero
3235 1352 3334 1404 hoc
3373 1363 3480 1419 quo
3506 1348 3664 1418 posse
3693 1347 3852 1401 nobis
3899 1347 4002 1415 ipse

2455 1453 2598 1509 dedit
2631 1452 2707 1504 vel
2737 1459 2976 1512 strenue,
3007 1449 3086 1502 vel
3133 1448 3369 1516 segniter
3392 1446 3728 1517 impleamus,
3767 1445 3820 1499 in
3859 1447 4004 1500 nobis

2454 1555 2552 1598 est.
2585 1545 2807 1597 Dubium
2841 1543 2982 1596 enim
3013 1556 3115 1594 non
3146 1551 3228 1593 est
3271 1541 3413 1609 quod
3452 1539 3504 1592 in
3541 1539 3686 1592 omni
3721 1540 4007 1592 tentatione

2453 1637 2603 1688 adest
2635 1635 2785 1687 nobis
2818 1633 3077 1686 tolerandi
3133 1633 3324 1693 virtus,
3375 1631 3420 1682 si
3453 1640 3629 1684 tamen
3662 1645 3760 1682 nos
3799 1644 4006 1698 compe-

2454 1735 2630 1778 tenter
2653 1735 2864 1778 utamur
2888 1725 3087 1776 virtutc
3104 1736 3380 1776 concessa.
3406 1719 3518 1774 Non
3542 1720 3684 1774 enim
3711 1718 3844 1788 (56)
3875 1721 4003 1773 idem

794 1815 1014 1857 carnem
1039 1809 1094 1854 et
1123 1801 1462 1869 sanguinem,
1497 1799 1547 1852 id
1573 1807 1657 1852 est
1701 1814 1820 1852 cum
1877 1797 2121 1852 homines
2167 1813 2341 1850 sumus

2451 1827 2531 1870 est
2555 1817 2752 1870 habere
2785 1815 3031 1869 vincendi
3076 1814 3347 1877 virtutem,
3381 1822 3435 1865 et
3460 1812 3692 1876 vincere,
3723 1812 3870 1865 sicut
3903 1813 4005 1879 ipse

795 1891 887 1962 (3i
912 1891 954 1963 ),
977 1901 1029 1946 et
1070 1892 1359 1946 secundum
1393 1905 1608 1945 carnem
1641 1889 1993 1955 ambulamus,
2018 1898 2211 1944 etcum
2245 1904 2345 1942 non

794 1998 1081 2050 possumus
1129 1981 1320 2035 tentari
1368 1984 1417 2034 in
1453 1982 1746 2050 majoribus
1773 1971 2158 2036 tentationibus
2185 1996 2344 2048 quam

796 2075 1067 2140 humanis,
1097 2089 1216 2128 cum
1241 2074 1437 2128 dicitur
1468 2075 1533 2126 de
1563 2073 1746 2127 nobis:
1783 2090 1803 2123 ε
1837 2071 2085 2126 Tentatio
2115 2088 2209 2126 vos
2241 2089 2341 2126 non

793 2167 1211 2236 comprehendat
1240 2166 1340 2219 nisi
1373 2167 1623 2220 humana.
1659 2165 1857 2219 Fidelis
1888 2173 2064 2218 autem
2089 2164 2233 2218 Deus
2255 2166 2344 2233 qui

793 2277 900 2316 non
916 2264 1186 2330 permittet
1203 2276 1296 2314 vos
1317 2259 1680 2326 tentarilsupra
1701 2256 1750 2309 id
1765 2256 1910 2324 quod
1935 2256 2155 2322 potestis
2169 2253 2308 2309 “-“.
2323 2274 2340 2306 ι

793 2351 947 2406 Sicut
969 2354 1112 2406 enim
1139 2353 1194 2406 hi
1227 2352 1316 2420 qui
1346 2349 1609 2420 agonibus
1634 2355 1890 2415 praesunt,
1913 2362 2004 2400 eos
2029 2347 2119 2414 qui
2152 2347 2216 2398 ad
2231 2361 2346 2400 cer-

792 2453 973 2498 tamen
999 2444 1240 2506 veniunt,
1273 2458 1374 2496 non
1415 2429 1702 2510 utcdnque,
1741 2454 1912 2502 neque
1941 2436 2161 2492 fortuito
2205 2439 2344 2492 inter

791 2553 853 2590 se
867 2538 1052 2591 sinunt
1084 2536 1223 2591 inire
1243 2536 1668 2600 certamina,sed
1692 2531 1930 2601 diligenti
1953 2532 2345 2586 examinatione

791 2639 954 2698 prout
985 2630 1064 2683 vel
1097 2644 1317 2700 corpora
1355 2626 1606 2690 viderint,
1661 2625 1742 2680 vel
1785 2634 1992 2688 aetates,
2037 2624 2347 2692 aequissima

791 2719 1493 2792 comparationeiungentes
1521 2717 1666 2790 illum
1696 2733 1816 2771 cum
1842 2716 1953 2780 illo,
1978 2715 2120 2769 verbi
2146 2720 2339 2784 gratia,

789 2829 984 2881 pueros
1031 2828 1153 2868 cum
1201 2812 1401 2881 pueris,
1440 2812 1582 2866 viros
1628 2826 1748 2865 cum
1800 2810 1954 2873 viris,
1985 2809 2076 2878 qui
2128 2808 2227 2862 sibi
2259 2808 2341 2860 vel

788 2906 886 2960 avi
923 2907 1003 2958 vel
1033 2903 1239 2958 roboris
1261 2903 1654 2973 propinquitate
1680 2901 2042 2966 conveniant;
2073 2900 2148 2952 ita
2190 2898 2343 2951 intel-

787 2998 1059 3070 ligendum
1111 3005 1194 3052 est
1224 2997 1385 3052 etiam
1440 2999 1506 3050 de
1554 2995 1734 3050 divina
1793 2977 2156 3061 providentia,
2196 2990 2338 3060 quod

787 3107 974 3146 omnes
999 3093 1089 3159 qui
1121 3090 1173 3144 in
1193 3090 1291 3144 hos
1322 3091 1565 3143 humanae
1580 3089 1700 3140 vita:
1717 3087 2092 3140 descenderint
2119 3099 2339 3154 agones,
2365 3127 2410 3186 ϐ

779 3185 1076 3256 justissima
1096 3181 1462 3236 moderatione
1477 3181 2048 3251 dispensetsecundum
2076 3179 2338 3231 rationem

785 3263 1205 3346 uniuscujusque
1235 3276 1475 3340 virtutis,
1501 3289 1659 3344 quam
1715 3273 1827 3339 ipse
1870 3273 2033 3334 solus,
2063 3272 2151 3339 qui
2196 3269 2341 3324 solus

785 3374 947 3427 corda
980 3371 1254 3426 hominum
1288 3369 1546 3434 intuetur,
1573 3367 1812 3436 agnoscit
1848 3374 1942 3431 ;ut
1967 3363 2104 3451 alius
2125 3361 2337 3431 quidem

784 3475 982 3537 pugnet
1007 3466 1263 3518 adversus
1285 3477 1502 3516 carnem
1535 3459 1692 3532 ιω
1720 3459 1897 3522 talem,
1917 3456 2054 3512 alius
2080 3470 2205 3508 vero
2230 3455 2338 3533 ad-

784 3575 973 3615 versus
1013 3557 1383 3632 talemtl'ﬂ),
1433 3567 1487 3610 et
1551 3554 1688 3608 alius
1747 3551 1960 3622 quidem
2029 3549 2081 3603 in
2136 3558 2336 3602 tantum

783 3643 1017 3718 tempds,
1044 3651 1179 3704 alius
1212 3665 1338 3705 vero
1378 3649 1432 3700 in
1467 3656 1689 3707 tantum,
1717 3654 1768 3697 et
1807 3654 1864 3696 ut
1886 3644 2022 3696 alter
2053 3642 2338 3710 iustigetur

781 3759 946 3798 carne
980 3746 1033 3797 in
1094 3745 1194 3804 hoc
1247 3742 1329 3797 vel
1376 3742 1525 3805 illud,
1554 3740 1690 3793 alius
1716 3752 1844 3791 vero
1887 3738 1939 3789 in
1991 3736 2160 3795 aliud;
2223 3746 2332 3788 tum

780 3850 910 3890 vero
937 3845 996 3889 ut
1027 3835 1162 3888 alius
1196 3835 1414 3888 resistat
1440 3833 1695 3886 adversus
1719 3831 1994 3884 inimicam
2017 3836 2331 3897 potestatem

780 3925 927 3980 illam
973 3925 1055 3978 vel
1087 3925 1251 3987 illam,
1284 3925 1416 3977 alius
1447 3939 1574 3977 vero
1619 3923 1873 3975 adversus
1908 3921 2040 3971 duas
2090 3919 2172 3970 vel
2225 3927 2334 3969 tres

779 4015 980 4079 simul,
1032 4025 1123 4068 aut
1175 4027 1315 4067 nunc
1373 4013 1588 4080 quidem
1654 4012 1909 4064 adversus
1966 4009 2146 4070 aliam,
2196 4021 2335 4060 nunc

781 4105 975 4158 iterum
1021 4104 1278 4157 adversus
1310 4103 1488 4164 aliam,
1531 4112 1585 4154 et
1629 4111 1785 4155 certo.
1817 4112 2055 4168 tempore
2101 4098 2332 4166 quodam

781 4198 1040 4252 adversus
1076 4195 1239 4257 illam,
1282 4205 1336 4249 et
1380 4202 1528 4249 certo
1564 4193 1796 4261 quodam
1835 4195 2092 4247 adversus
2150 4189 2331 4250 aliam,

778 4289 861 4345 vel
889 4298 1010 4356 post
1041 4303 1161 4357 quae
1194 4294 1340 4358 gesta
1374 4286 1632 4338 adversus
1663 4298 1795 4351 quas
1825 4291 2047 4353 pugnet,
2080 4290 2330 4349 postquze

775 4394 906 4436 vero
933 4379 1193 4434 adversus
1220 4376 1356 4430 alias
1385 4373 1754 4445 (35).lutuere
1777 4373 1942 4437 enim,
1968 4387 2033 4426 ne
2062 4372 2201 4427 forte
2230 4371 2334 4423 tale

2449 1909 2738 1976 Apostolus
2800 1907 3117 1985 cautissimo
3187 1919 3439 1960 sermone
3502 1904 3738 1972 signavit
3782 1901 3998 1965 dicens,

2448 1998 2570 2065 quia
2609 2015 2628 2048 ‹
2662 1997 2817 2050 Dabit
2861 1995 3000 2049 Deus
3037 1995 3239 2048 exitum
3293 2003 3350 2046 ut
3387 1993 3653 2069 sustinere
3707 1992 3954 2062 possitis,
3983 2009 4000 2041 ι

2450 2101 2582 2152 non,
2614 2101 2670 2141 ut
2692 2087 3023 2141 sustineatis.
3057 2084 3203 2138 Multi
3236 2085 3380 2138 enim
3435 2099 3540 2137 non
3571 2083 3682 2154 (37)
3716 2083 4004 2148 sustinent,

2449 2185 2541 2236 sed
2570 2185 2619 2235 in
2663 2183 2956 2236 tentatione
2987 2183 3291 2233 vincuntur.
3344 2180 3388 2228 A
3442 2179 3552 2230 Deo
3594 2186 3773 2230 autem
3830 2175 4004 2238 datur,

2450 2290 2552 2329 non
2582 2283 2638 2327 ut
2672 2273 3059 2327 sustineamus:
3089 2269 3324 2338 alioquin
3369 2267 3569 2321 nullum
3597 2269 3710 2336 jam
3738 2268 4005 2322 videretur

2447 2379 2566 2418 csse
2594 2374 2894 2427 certamen;
2921 2363 3012 2418 sed
3035 2372 3091 2415 ut
3112 2362 3380 2415 sustinere
3401 2363 3687 2430 possimus.
3721 2361 3796 2413 Ea
3829 2370 4002 2414 autem

2447 2457 2646 2510 virtute
2690 2471 2810 2524 quae
2840 2455 2994 2509 nobis
3047 2455 3168 2509 data
3202 2464 3281 2507 est
3338 2465 3394 2506 ut
3447 2455 3663 2509 vincere
3715 2454 4002 2522 possimus,

2449 2547 2738 2602 secundum
2781 2547 2932 2601 liberi
2981 2545 3188 2600 arbitrii
3232 2547 3540 2603 facultatem
3595 2557 3689 2601 aut
3748 2546 4037 2600 industrie.

2447 2639 2668 2701 utimur,
2718 2647 2771 2691 et
2815 2638 3104 2701 vincimus;
3137 2651 3226 2693 aut
3275 2640 3529 2710 segniter,
3567 2649 3620 2691 et
3657 2651 3998 2706 superamur.

2446 2730 2501 2783 Si
2537 2729 2677 2783 enim
2708 2738 2871 2782 totum
2903 2729 3057 2784 nobis
3085 2730 3189 2784 hoc
3218 2731 3374 2784 detur
3406 2740 3462 2784 ut
3493 2730 3638 2784 omni
3687 2743 3891 2796 genere
3919 2744 4001 2781 su-

2444 2835 2711 2888 peremus,
2741 2829 2794 2872 et
2824 2819 2971 2873 nullo
2997 2821 3152 2874 modo
3181 2822 3479 2886 vincamur,
3505 2836 3624 2889 qua:
3648 2817 3764 2887 jam
3827 2832 4004 2886 super-

2442 2922 2547 2976 est;
2577 2924 2734 2963 causa
2761 2909 3004 2964 certandi
3047 2910 3094 2962 ei
3151 2911 3238 2977 qui
3288 2909 3424 2962 vinci
3485 2924 3589 2962 non
3646 2907 3864 2975 potest?
3908 2907 4004 2958 Aut

2443 3005 2584 3072 quod
2630 3003 2816 3072 palma:
2872 3005 3152 3067 meritum,
3213 3002 3299 3055 ubi
3369 3002 3696 3070 repugnandi
3751 3002 4003 3055 adimitur

2444 3096 2801 3162 vincendique
2822 3093 3086 3147 facultas?
3107 3094 3161 3146 Si
3185 3108 3310 3147 vero
3335 3107 3484 3159 aeque
3506 3092 3721 3159 quidem
3751 3092 4003 3145 omnibus

2446 3186 2598 3238 nobis
2648 3186 2897 3239 vincendi
2950 3185 3276 3254 possibilitas
3322 3185 3646 3253 praebeatur,
3697 3183 3751 3236 in
3827 3193 4002 3236 nostra

2445 3288 2625 3332 autem
2663 3279 2892 3344 positum
2920 3278 2990 3332 sit
3017 3268 3303 3346 potestate,
3330 3282 3598 3344 quomodo
3633 3277 3735 3330 hac
3781 3277 4004 3345 possibi-

2441 3368 2590 3424 litate
2644 3372 2718 3424 υιί
2786 3372 3103 3450 debeamus,
3161 3371 3210 3423 id
3282 3379 3364 3440 est
3421 3369 3506 3424 vel
3565 3369 3865 3434 industrie,
3931 3369 4004 3420 vel

2441 3463 2700 3531 segniter,
2721 3463 2868 3532 juSta
2889 3464 2991 3516 erit
3007 3464 3086 3516 vel
3110 3465 3232 3518 victi
3259 3463 3432 3530 culpa,
3453 3461 3536 3516 vel
3558 3460 3736 3530 palma
3759 3461 4000 3514 victoris.

2439 3553 2606 3624 igitur
2656 3570 2721 3608 ex
2772 3557 2855 3610 his
2899 3571 3019 3624 qua:
3067 3572 3161 3624 pro
3213 3555 3416 3608 viribus
3467 3553 3665 3607 nostris
3732 3552 4004 3623 disputata

2439 3658 2585 3712 sunt,
2611 3649 2849 3701 arbitror
2864 3648 3003 3714 quod
3034 3647 3307 3699 evidenter
3329 3646 3592 3714 apparuit,
3625 3659 3746 3699 esse
3761 3647 4001 3715 quaedam

2441 3740 2632 3794 delicta
2669 3753 2787 3806 quae
2833 3751 3172 3804 nequaquam
3205 3735 3455 3803 malignis
3501 3735 3796 3791 virtutibus
3820 3751 4002 3805 perur-

2441 3831 2686 3900 gentibus
2766 3829 3186 3889 committamus,
3259 3827 3360 3879 alia
3415 3841 3546 3880 vero
3615 3841 3734 3882 esse
3814 3831 4003 3897 quibus

2439 3922 2699 3975 instinctu
2736 3935 2918 3974 earum
2950 3920 3015 3970 ad
3041 3918 3369 3971 nimietatem
3402 3917 3686 3986 quamdam
3733 3919 4001 3974 immode-

2442 4015 2818 4080 rationemque
2889 4024 3262 4079 provocemur.
3324 4009 3473 4065 Unde
3522 4024 3868 4078 consequens
3927 4025 4002 4067 est

2438 4115 2578 4154 nunc
2623 4100 2894 4167 inquirere
2921 4099 3190 4165 quomodo
3243 4097 3370 4167 ipsa;
3423 4101 3710 4154 contrariae
3775 4103 4002 4158 virtutes

2438 4193 2550 4246 haec
2575 4193 2682 4259 ipsa
2721 4192 3066 4244 incitamenta
3095 4199 3382 4257 operentur
3409 4190 3463 4243 in
3503 4191 3678 4248 nobis.

2507 4282 2559 4335 ι.
2593 4281 2959 4347 Cogitationes
2996 4297 3115 4349 qua:
3145 4283 3208 4334 de
3245 4282 3409 4337 corde
3446 4293 3634 4339 nostro
3672 4290 3997 4356 procedunt,

2434 4375 2513 4428 vel
2538 4374 2793 4427 memoria
2831 4388 3268 4445 quorumcunque
3293 4386 3586 4446 gestorum,
3617 4380 3697 4432 vel
3723 4394 4018 4448 quarutn-'

775 4471 975 4541 aliquid
1015 4469 1285 4525 indicetur
1343 4482 1439 4536 per
1469 4467 1568 4520 hoc
1621 4465 1761 4531 quod
1820 4467 1951 4519 dicit
2011 4465 2332 4532 Apostolus:
2369 4479 2412 4534 ιδ
2442 4466 2574 4520 libet
2607 4480 2784 4518 rerum
2811 4478 3201 4534 causarumque
3247 4469 3649 4538 contemplatio,
3682 4471 3996 4525 invenimus

779 4586 799 4619 r
835 4563 1037 4620 Fidelis
1086 4571 1261 4617 autem
1295 4555 1435 4612 Deus
1463 4560 1551 4627 qui
1592 4573 1696 4611 non
1747 4556 1982 4625 patietur
2009 4573 2102 4611 vos
2133 4556 2326 4610 tentari

773 4672 934 4726 supra
965 4657 1017 4710 id
1049 4653 1190 4724 quod
1219 4652 1441 4721 potestis
1467 4692 1480 4713 ,
1513 4671 1531 4701 ι
1582 4649 1630 4703 id
1663 4660 1764 4711 est,
1819 4665 1914 4717 pro
1955 4664 2022 4704 eo
2046 4651 2185 4717 quod
2213 4649 2324 4703 sin-

775 4749 879 4817 guli
919 4761 1015 4815 pro
1047 4744 1267 4798 virtutis
1307 4758 1417 4797 sua:
1473 4728 1792 4810 quantitate,
1843 4739 1927 4791 vel
1983 4740 2336 4807 possibilitate

775 4841 1070 4884 tentantur.
1111 4831 1219 4884 Nec
1254 4839 1434 4882 tamen
1483 4829 1735 4898 quoniam
1778 4827 2182 4893 diximusjusto
2246 4831 2337 4882 Dei

769 4913 1123 4989 '(54)judieio
1147 4935 1579 4987 unttmquemque
1620 4917 1718 4985 pro
1762 4919 1979 4972 virtutis
2013 4935 2124 4972 sua:
2164 4936 2333 4988 quan-

777 5013 933 5064 titate
974 5012 1185 5078 tentari,
1229 5011 1431 5064 idcirco
1490 5014 1780 5078 putandum
1840 5022 1945 5075 est,
1998 5012 2122 5078 quia
2191 5015 2332 5066 omni

844 5147 885 5176 ⁸⁷
920 5145 1039 5199 Gal.
1069 5161 1130 5208 v,
1163 5146 1245 5199 i7.
1322 5147 1483 5198 εει-θοι
1514 5149 1634 5203 Cor.
1670 5165 1725 5215 x,
1759 5150 1842 5204 l5.

842 5259 1172 5340 (30‘)_.Quem
1225 5263 1616 5340 intemperantia
1664 5268 1806 5340 prius
1853 5268 2168 5340 patefecerit,
2197 5270 2302 5335 ,δίε

772 5329 910 5405 mss:
927 5329 1099 5405 Alias,
1141 5346 1159 5379 ε
1188 5340 1290 5405 'per_
1312 5329 1772 5405 intemperantiam
1803 5329 1981 5405 prius:
2001 5359 2020 5390 ι

838 5400 939 5538 fil
967 5403 981 5462 )
1019 5400 1093 5453 Ita
1118 5414 1246 5454 mss.
1275 5399 1329 5453 In
1366 5399 1521 5454 editis
1548 5403 1716 5465 deest,
1755 5425 1773 5456 ‹
1801 5399 2003 5464 sumus.
2039 5428 2058 5460 ι

871 5468 973 5536 3'2)
1014 5471 1156 5520 Alius
1201 5486 1316 5523 vero
1359 5471 1603 5524 adversus
1640 5475 1814 5528 talem.
1861 5477 1982 5531 Haec
2039 5481 2048 5531 i

871 5468 973 5539 3'2)
1014 5471 1156 5520 Alius
1201 5486 1316 5523 vero
1359 5471 1603 5524 adversus
1640 5475 1814 5528 talem.
1861 5477 1982 5531 Haec
2039 5481 2087 5531 in
2143 5487 2296 5532 antea

769 5543 924 5596 editis
945 5540 1141 5592 omissa
1170 5549 1448 5606 sunt,qu:e
1475 5541 1757 5596 restituunt
1779 5549 2076 5602 codd..mss.
2103 5549 2294 5603 Ibidem

773 5628 922 5671 mss.,
963 5629 980 5659 ι
1017 5619 1069 5661 et
1097 5618 1151 5660 ut
1208 5609 1342 5662 alter
1377 5610 1657 5678 instigetnr
1711 5630 1887 5668 carne.
1929 5637 1945 5666 ι
1985 5619 2148 5680 Alias,
2188 5638 2207 5668 ε
2242 5629 2294 5670 et

770 5693 826 5736 nt
857 5681 990 5733 alter
1029 5680 1245 5746 instiget
1303 5695 1538 5738 carnem.
1577 5698 1595 5730 ›
1627 5681 1790 5736 Paulo
1829 5686 1966 5739 infra
2012 5705 2160 5749 mss.,
2203 5709 2218 5738 ι
2247 5699 2302 5742 et

770 5761 916 5813 ςεεγιο
945 5749 1424 5828 temporeqtmtlattt
1451 5749 1704 5806 adversus
1730 5754 1904 5808 aliam.
1949 5775 1966 5807 ι
2006 5759 2149 5814 Alias
2187 5774 2282 5828 pro

776 5849 789 5872 ε
829 5823 1054 5892 quodam
1091 5838 1108 5871 ι
1143 5820 1338 5889 legitur
1369 5839 1384 5870 ί
1447 5836 1566 5886 quo.
1601 5839 1618 5869 ι

2439 4559 2578 4626 quod
2606 4556 2886 4624 aliquoties
2916 4573 2980 4610 ex
3010 4559 3161 4612 nobis
3189 4559 3317 4628 ipsis
3344 4559 3659 4627 procedant,
3701 4561 3995 4629 aliquoties

2439 4665 2466 4699 a
2498 4649 2784 4702 contrariis
2817 4650 3101 4704 virtutibus
3142 4653 3482 4706 concitentur
3523 4652 3693 4724 (38);
3725 4655 3998 4708 interdum

2433 4743 2591 4795 etiam
2648 4759 2676 4796 a
2731 4742 2857 4806 Deo,
2913 4744 2995 4798 vel
3042 4761 3071 4798 a
3117 4747 3995 4813 sanctisangelis-immittantur.

2436 4835 2627 4887 Verum
2678 4835 2789 4888 haec
2824 4836 2896 4887 ita
2943 4849 3061 4888 esse
3101 4836 3398 4888 fabulosum
3437 4836 3668 4891 fortasse
3697 4837 3997 4905 videbitur,

2438 4928 2534 4979 nisi
2572 4926 2864 4991 Scriptura:
2898 4926 3092 4978 divina:
3116 4925 3628 4981 ‘testimoniis'fuerit
3674 4933 3998 5000 comproba-

2441 5027 2572 5070 tum.
2613 5017 2762 5083 Quod
2806 5031 2933 5082 ergo
2963 5017 3216 5084 cogitatio
3243 5017 3446 5071 oriatur
3469 5034 3532 5073 ex
3589 5021 3768 5088 nobis,
3835 5022 3995 5076 David

2472 5267 2595 5330 (35)
2626 5267 2714 5320 Sic
2748 5285 2876 5322 mss.
2909 5270 3075 5333 Alias,
3113 5293 3128 5321 ι
3155 5274 3410 5327 adversus
3441 5275 3690 5328 malitias.
3721 5295 3738 5322 ι

2472 5339 2598 5405 (54)
2619 5339 2728 5391 Dei.
2764 5338 2919 5392 Deest
2945 5343 2993 5393 in
3014 5352 3168 5400 antea
3201 5343 3376 5405 editis,
3402 5345 3492 5398 sed
3517 5345 3744 5398 habetur
3771 5345 3826 5396 in
3865 5358 3990 5397 mss.

2472 5407 2603 5476 (55)
2641 5408 2963 5472 Sustinendi,
2985 5412 3072 5463 sed
3097 5414 3308 5464 exitum.
3334 5412 3456 5468 Haec
3502 5415 3553 5468 itt
3590 5415 3752 5467 editis
3800 5416 3995 5466 omissa

2399 5488 2541 5538 sunt,
2578 5479 2666 5530 sed
2696 5480 2956 5531 habentur
2984 5483 3033 5533 in
3061 5497 3187 5536 mss.

2465 5545 2575 5616 (56)
2622 5548 2742 5618 i’idc
2764 5547 3062 5616 Origenian.
3095 5553 3184 5607 lib.
3213 5567 3275 5617 ιι,
3299 5570 3352 5618 q.
3374 5553 3434 5613 ,7,
3477 5567 3618 5604 nunt.
3651 5551 3740 5604 10.

2474 5618 2568 5686 (57
2591 5619 2603 5681 )
2623 5617 2762 5673 Non.
2784 5618 2937 5672 Deest
2957 5623 3003 5672 in
3025 5630 3174 5675 antea
3195 5617 3369 5682 editis,
3385 5624 3477 5674 sed
3494 5621 3763 5688 reperitur
3781 5622 3836 5675 in
3868 5639 3988 5676 mss.

2471 5689 2722 5761 (538)8ic
2758 5689 2893 5742 hunc
2928 5691 3096 5743 locum
3134 5695 3558 5747 restituuntntss.
3592 5691 3741 5761 Alias
3775 5692 3990 5761 legitur.

2417 5777 2432 5806 ι
2478 5759 2757 5823 aliquoties
2804 5772 2854 5811 et
2912 5764 3198 5814 contrariis
3238 5761 3528 5813 virtutibus
3573 5760 3706 5827 [fieri
3759 5759 3987 5816 soieztnt.

2415 5828 2563 5895 Qnod
2604 5829 2869 5893 Salenwu,
2934 5851 2949 5882 ι
2987 5844 3085 5890 vta;
3127 5831 3712 5898 Sicquemultacmissa
3753 5832 3986 5886 fuerant.
