4118 6308
220 341 326 395 509

1520 340 1718 394 LIBER
1759 339 2080 395 TERTIUS.

3334 335 3440 393 310

219 469 453 516 teStatur
500 460 550 513 in
602 458 823 514 Psalmis
857 461 1081 516 dicens:
1137 479 1155 510 ι
1187 460 1321 528 Quia
1385 462 1642 528 cogitatio
1680 461 1778 514 ho-
1809 463 1854 517 Α
1883 461 2116 514 honores
2183 453 2538 529 magnilicos‘,
2592 455 2856 510 universae
2899 465 3076 509 autem
3128 464 3436 509 sanctorum

215 553 378 609 minis
461 553 807 608 confitebitur
854 553 972 612 tibi.
1034 563 1087 606 et
1135 553 1376 622 reliquia:
1434 553 1775 622 cogitationis

215 645 360 699 diem
393 643 587 698 festum
609 654 765 712 agent
799 646 892 698 tibi
919 645 986 697 ⁸ο.
1015 664 1033 696 ι
1073 644 1223 710 Quod
1266 654 1440 700 autem
1490 657 1544 699 et
1585 663 1614 699 a
1642 663 1774 701 con-

213 738 399 791 trariis
416 738 702 792 virtutibus
733 738 849 792 lieri
881 737 1069 800 soleat,
1090 736 1340 792 Salomon
1360 738 1412 790 in
1446 738 1773 794 Ecclesiaste

213 835 447 878 testatur
475 825 576 876 hoc
600 823 785 877 modo:
810 842 826 873 ι
855 823 908 877 Si
939 823 1156 891 spirilds
1180 833 1494 892 potestatem
1528 825 1775 878 habentis

212 913 522 967 ascenderit
555 929 717 982 super
747 923 815 978 te,
845 913 1019 967 locum
1047 923 1194 967 tuum
1229 929 1292 969 ne
1324 915 1590 980 dimittas;
1640 932 1775 984 quo-

211 1005 351 1057 niam
403 1005 609 1058 sanitas
662 1006 957 1073 compescit
1019 1018 1232 1074 peecata
1296 1006 1461 1060 multa
1519 1008 1583 1060 ⁹¹.
1633 1008 1650 1059 i
1710 1007 1774 1071 Et

209 1089 414 1146 Paulus
470 1095 740 1162 apostolus
793 1094 858 1146 de
919 1094 1103 1147 iisdem
1175 1095 1538 1150 testimonium
1607 1099 1769 1162 dabit,

211 1179 430 1234 dicens:
465 1200 485 1232 ‹
522 1180 885 1253 Cogitationes
937 1184 1294 1250 destruentes,
1331 1195 1384 1239 et
1413 1203 1623 1241 omnem
1660 1188 1770 1240 ela-

210 1271 412 1324 tionem
438 1287 555 1339 quat
601 1289 658 1326 se
692 1273 899 1328 extollit
953 1274 1211 1327 adversus
1247 1277 1525 1329 scientiam
1565 1278 1766 1331 Christi

207 1360 272 1417 θ’.
309 1380 328 1412 ι
360 1362 440 1416 Ex
474 1363 584 1417 Deo
631 1373 808 1417 autem
860 1366 1000 1432 quod
1038 1365 1148 1427 liat,
1201 1365 1364 1419 David
1422 1367 1770 1424 nihilominus

209 1461 446 1508 testatur
498 1457 549 1508 in
597 1455 826 1512 Psalmis
856 1458 1073 1511 dicens:
1109 1477 1128 1511 ι
1163 1458 1360 1524 Beatus
1397 1461 1477 1514 vir
1499 1461 1650 1526 cujus
1689 1471 1772 1516 est

205 1546 482 1612 susceptio
511 1545 648 1614 apud
686 1557 756 1609 te,
795 1546 1033 1606 Domine,
1070 1561 1328 1601 ascensus
1374 1549 1424 1601 in
1453 1552 1614 1604 corde
1654 1539 1771 1621 ejus

207 1633 274 1688 ³⁸.
301 1654 318 1684 ι
385 1635 451 1688 Et
490 1637 778 1704 Apostolus
803 1637 1224 1705 dieit,qnoniam
1281 1654 1298 1686 ι
1337 1639 1477 1693 Deus
1525 1643 1670 1694 dedit
1717 1646 1767 1696 in

204 1726 365 1780 corde
385 1727 492 1780 Titi
511 1726 574 1783 “.
589 1745 608 1778 ι
634 1726 782 1792 Quod
803 1743 928 1783 vero
951 1729 1111 1782 etiam
1131 1747 1226 1798 per
1249 1733 1464 1801 angelos
1481 1734 1560 1786 vel
1583 1734 1764 1799 bonos,

1884 551 2024 619 genti
2072 550 2298 605 salutem
2347 550 2585 619 periculo
2607 550 2716 618 jam
2781 548 3098 603 imminente
3144 546 3434 605 conterret.

1878 639 1982 694 Per
2031 641 2361 695 contrariam
2417 655 2544 694 vero
2599 639 2798 693 diaboli
2853 639 3109 691 virtutem
3166 638 3437 691 memoriae

1879 732 2187 800 pontiﬁcum
2216 741 2270 784 et
2304 733 2603 786 scribarum
2657 732 2949 800 putandum
3003 737 3084 782 est
3116 737 3433 798 suggestum

1878 823 2003 877 illud
2039 824 2180 891 quod
2224 825 2499 879 venientes
2536 826 2599 876 ad
2647 823 2879 878 Pilatum
2921 821 3222 875 dixerunt:
3265 838 3286 870 ι
3325 820 3430 873 Do-

1877 916 2039 975 mine,
2071 914 2338 968 recordati
2365 930 2551 968 sumus
2581 915 2850 982 quomodo
2881 914 3134 966 seductor
3158 909 3246 963 ille
3272 910 3433 971 dixit,

1875 1007 1996 1056 dum
2026 1006 2200 1060 adhuc
2242 1007 2628 1076 viveret,quia,
2670 1005 2797 1059 Post
2826 1004 3036 1059 tertiam
3075 1004 3213 1056 diem
3250 1017 3430 1055 resur-

1874 1113 1993 1166 gam
2018 1099 2085 1152 ’°.
2115 1117 2132 1148 ι
2170 1097 2274 1153 Sed
2306 1109 2360 1152 et
2401 1098 2566 1152 Judas
2596 1098 2737 1165 quod
2772 1100 2837 1152 de
2869 1097 3173 1164 proditione
3220 1093 3429 1147 Domini

1875 1186 2168 1242 Salvatoris
2195 1191 2484 1258 cogitavit,
2529 1206 2630 1241 non
2688 1188 2791 1240 fuit
2836 1203 2866 1240 a
2912 1186 3027 1240 sola
3061 1186 3255 1237 mentis
3309 1185 3427 1250 ejus

1873 1279 2068 1331 malitia
2096 1280 2336 1334 veniens.
2389 1279 2607 1334 TeStata
2641 1288 2727 1332 est
2763 1279 2906 1332 enim
2956 1276 3258 1344 Scriptura,
3304 1277 3427 1343 qnia

1877 1387 1895 1419 ι
1927 1369 2166 1423 diabolus
2204 1370 2312 1437 jam
2360 1371 2594 1423 misisset
2651 1370 2702 1420 in
2770 1384 2866 1421 cor
2905 1364 3034 1434 "ejus
3076 1365 3141 1419 'ut
3191 1365 3431 1417 traderet

1869 1472 1990 1512 eum
2013 1459 2078 1510 ’7.
2108 1480 2124 1511 ι
2166 1459 2388 1527 Propter
2414 1461 2552 1527 quod
2586 1469 2639 1513 et
2669 1459 2924 1512 Salomon
2962 1468 3108 1511 recte
3140 1456 3423 1525 przccepit.

1869 1549 2089 1604 dicens:
2146 1569 2162 1600 ι
2193 1551 2327 1603 Cum
2361 1551 2635 1617 diligentia
2673 1566 2826 1604 serva
2884 1560 3029 1603 tuum
3069 1564 3167 1602 eor
3199 1548 3272 1627 ³⁸..
3299 1565 3317 1596 ι
3365 1546 3430 1599 Et

1870 1639 2065 1694 l’anlus
2122 1641 2398 1708 apostolus
2443 1643 2562 1694 ait:
2597 1660 2614 1691 ι
2666 1641 2907 1709 Amplius
2954 1640 3210 1693 debemus
3255 1639 3429 1691 inten-

1872 1730 2000 1784 dere
2031 1732 2111 1784 his
2135 1747 2252 1800 qum
2281 1734 2608 1798 audivimus,
2638 1749 2705 1787 ne
2737 1732 2877 1787 forte
2920 1732 3284 1790 ellluamus”.
3319 1751 3336 1784 ι
3369 1732 3429 1784 Et

205 1816 285 1870 vel
341 1819 518 1870 malos
571 1818 749 1886 aliqua
793 1819 1040 1872 humanis
1092 1823 1342 1877 cordibus
1391 1835 1761 1895 suggerantur.
1800 1810 1842 1866 Β
1870 1825 2169 1878 cumdicil:
2203 1843 2219 1874 ι
2250 1825 2422 1878 Nolite
2440 1826 2613 1878 locum
2646 1829 2777 1879 dare
2807 1825 3076 1890 diabolo’,
3105 1824 3430 1882 nostendens

203 1905 454 1975 designat
505 1906 636 1978 ('59)
672 1907 753 1959 vel
804 1907 1024 1961 Tobiam
1064 1913 1283 1980 angelus
1341 1916 1627 1968 comitatus
1683 1914 1762 1965 vel

199 1997 480 2070 prophetae
512 2011 688 2051 sermo
720 1997 976 2052 dicentis:
1041 2017 1059 2050 ι
1089 2000 1151 2053 Et
1220 2003 1495 2071 respondit
1547 2003 1764 2072 angelus

199 2089 288 2153 qui
323 2087 646 2158 loquebatur
670 2088 721 2141 in
758 2103 842 2142 me
878 2090 944 2154 9’;
976 2109 992 2140 ι
1026 2091 1119 2144 sed
1141 2101 1197 2145 et
1223 2091 1460 2146 Pastoris
1487 2094 1620 2147 liber
1653 2095 1764 2147 hare

196 2177 390 2230 eadem
429 2176 672 2231 declarat
713 2178 900 2232 dicens
938 2183 1080 2247 quod
1143 2182 1254 2236 bini
1303 2184 1476 2252 angeli
1527 2185 1764 2254 singulos

196 2284 445 2340 quosque
477 2269 754 2324 hominum
787 2271 1143 2338 comitentur;
1169 2277 1236 2343 _'et
1269 2275 1312 2329 si
1360 2278 1576 2344 quando
1609 2279 1764 2332 bona:

196 2363 561 2431 cogitationes
610 2380 703 2419 cor
735 2373 978 2418 nostrum
1023 2367 1385 2430 ascenderint,
1415 2383 1442 2420 a
1475 2369 1616 2423 bono
1661 2387 1761 2423 an-

197 2453 318 2522 gelo
347 2456 565 2525 suggcri
600 2457 765 2525 dicit;
812 2459 852 2513 si
881 2468 1010 2509 vero
1046 2458 1354 2522 contrariae,
1404 2459 1523 2511 mali
1585 2459 1761 2528 angeli

194 2547 326 2601 dicit
360 2562 484 2602 esse
528 2549 860 2605 instiuCtutn.
903 2550 1102 2604 Eadem
1129 2564 1339 2618 quoque
1391 2551 1666 2605 Barnabas
1709 2553 1758 2604 in

194 2639 439 2708 Epistula
503 2658 596 2695 sua
648 2643 904 2707 declarat,
946 2658 1067 2699 cum
1117 2643 1252 2696 duas
1305 2644 1417 2697 vias
1457 2657 1574 2697 esse
1611 2645 1756 2706 dicit,

195 2747 356 2785 unam
388 2733 546 2796 lucis,
575 2734 796 2787 alteram
824 2737 1185 2801 tenebrarum,
1229 2737 1422 2804 quibus
1450 2746 1504 2790 et
1535 2751 1760 2803 praesse

193 2833 373 2878 certus
407 2837 651 2892 Quosque
706 2827 925 2895 angelos
974 2829 1132 2881 dicit:
1192 2829 1291 2881 viae
1333 2822 1549 2896 quidem
1604 2828 1758 2893 lucis,

192 2915 412 2986 angelos
440 2916 563 2982 Dei;
611 2919 945 2973 tenebrarum
979 2929 1156 2973 autem
1182 2921 1296 2984 viae,
1336 2920 1555 2989 angelos
1601 2919 1760 2974 Sata-

189 3022 290 3061 nae.
320 3005 466 3061 Nihil
502 3019 678 3064 tamen
715 3007 852 3080 (40)
881 3009 1022 3064 aliud
1067 3011 1359 3079 putandum
1397 3022 1478 3064 est
1511 3012 1759 3065 accidere

188 3101 346 3154 nobis
369 3117 440 3156 ex
470 3102 600 3170 ipsis
628 3117 745 3170 quae
796 3103 944 3156 cordi
978 3113 1166 3166 nostro
1205 3113 1563 3172 suggeruntur
1602 3102 1755 3158 bonis

1871 1931 1964 1982 per
1996 1916 2117 1982 hoc,
2141 1917 2262 1984 quia
2290 1924 2440 1970 certo
2472 1932 2654 1985 opere,
2684 1916 2764 1969 vel
2791 1925 2938 1968 certa
2966 1914 3195 1982 quadam
3224 1913 3429 1966 desidia

1870 2005 2032 2058 animi
2066 2006 2214 2060 locus
2260 2007 2472 2059 diabolo
2518 2008 2699 2067 datur,
2738 2015 2796 2058 ut
2842 2005 2887 2059 si
2944 2004 3108 2058 semel
3156 2005 3431 2069 ingressus

1872 2098 2036 2152 fuerit
2061 2112 2155 2152 cor
2190 2109 2462 2162 nostrum,
2501 2110 2593 2152 aut
2623 2099 2866 2152 obtineat
2901 2113 3017 2160 nos,
3045 2107 3135 2148 aut
3161 2106 3307 2151 certe
3346 2096 3426 2146 vel

1871 2189 2071 2256 polluat
2113 2190 2372 2253 animam,
2405 2190 2449 2244 si
2500 2205 2603 2242 non
2648 2190 2862 2257 penitus
2896 2188 3142 2241 obtinere
3171 2188 3423 2253 potuerit.

1873 2296 1998 2334 eum
2031 2281 2200 2350 ignita
2248 2297 2342 2335 sua
2377 2280 2561 2347 iacula
2599 2279 2775 2346 jactat
2821 2280 2874 2332 in
2908 2295 3038 2342 nos;
3086 2279 3282 2345 quibus
3324 2278 3425 2331 ali-

1868 2373 2082 2441 quando
2109 2374 2322 2442 quidem
2353 2373 2405 2425 iu
2455 2373 2618 2425 altum
2655 2371 3019 2426 descendente
3049 2369 3268 2424 vulnere
3297 2384 3427 2425 sau-

1868 2464 2094 2527 ciamur,
2121 2463 2411 2530 aliquando
2447 2475 2574 2514 vero
2613 2460 2983 2515 tantummodo
3007 2452 3423 2514 inﬂammamur.

1867 2554 2009 2608 Raro
2036 2567 2187 2608 certe
2222 2562 2276 2608 et
2325 2553 2512 2620 paucis
2556 2552 2883 2622 quibusdam
2939 2553 3055 2606 haec
3103 2553 3220 2621 ejus
3262 2549 3426 2619 igui‘ta

1861 2646 2041 2713 jacnla
2087 2645 2540 2711 restinguuntur,
2596 2644 2670 2695 ita
2714 2653 2773 2697 ut
2831 2644 3005 2697 locum
3055 2641 3292 2696 vulneris
3319 2657 3429 2696 non

1868 2736 2176 2800 inveniant,
2219 2735 2269 2788 id
2314 2742 2424 2798 est,
2473 2748 2592 2787 cum
2624 2735 2752 2803 quis
2804 2732 3167 2787 munitissimo
3200 2744 3254 2785 et
3293 2732 3429 2788 val-i-

1867 2830 2087 2883 dissimo
2139 2837 2292 2881 scuto
2347 2825 2470 2879 ﬁdei
2540 2825 2709 2879 fuerit
2757 2827 3023 2879 obtectus.
3087 2823 3237 2890 Quod
3298 2839 3428 2878 vero

1864 2920 2070 2975 dictum
2115 2927 2196 2972 est
2250 2918 2302 2970 in
2356 2917 2598 2987 Epistula
2633 2919 2698 2970 ad
2748 2917 3045 2986 Ephesios:
3100 2934 3116 2965 ι
3147 2914 3283 2981 Quia
3318 2932 3424 2971 non

1865 3021 1944 3064 est
1982 3012 2136 3065 nobis
2181 3012 2491 3066 colluctatio
2540 3012 2800 3064 ﬂchluUS
2842 3022 3060 3061 carnem
3106 3016 3160 3061 et
3206 3009 3426 3077 sanguio

1865 3112 2007 3170 nem,
2042 3106 2144 3183 sed.
2193 3105 2458 3158 adversus
2494 3103 2825 3172 principatus
2863 3111 2918 3153 et
2965 3109 3297 3168 potestates,
3333 3101 3425 3153 ad-

185 3194 272 3246 vel
351 3194 550 3256 malis,
607 3195 706 3248 nisi
776 3195 1191 3250 columotionem
1241 3195 1407 3248 solam
1461 3204 1514 3248 et
1568 3170 1830 3250 incita-C
1870 3212 2055 3250 versus
2107 3176 2294 3250 mundi
2346 3197 2504 3262 hujus
2550 3204 2789 3247 rectores
2822 3192 3168 3246 tenebrarum
3212 3192 3424 3259 harum,

186 3293 432 3338 mentum
462 3299 758 3354 provocans
804 3302 898 3340 nos
937 3286 1019 3340 vel
1065 3287 1130 3339 ad
1175 3287 1310 3340 bona
1353 3288 1432 3341 vel
1495 3288 1560 3340 ad
1598 3288 1756 3347 mala.

187 3375 458 3431 Possibiie
490 3387 669 3432 autem
697 3377 846 3431 nobis
905 3387 987 3432 est
1012 3394 1133 3433 cum
1189 3379 1420 3444 maligna
1454 3377 1623 3434 virtus
1663 3398 1759 3436 nos

184 3471 419 3537 coeperit
485 3471 552 3522 ad
622 3471 818 3522 malum
891 3471 1142 3537 incitaref,
1218 3471 1448 3537 abjicere
1519 3489 1547 3527 a
1605 3477 1756 3530 nobis

183 3576 381 3627 pravas
459 3564 861 3631 suggestiones,
951 3571 1002 3614 et
1079 3562 1333 3616 resistere
1417 3565 1756 3622 suasionibus

183 3654 470 3721 pessimis,
526 3662 580 3706 et
646 3655 779 3708 nihil
834 3667 1054 3724 prorsus
1120 3654 1461 3723 culpabililer
1540 3673 1750 3725 gerere.

187 3746 342 3825 14],
382 3747 448 3802 Et
503 3762 714 3801 rursum
760 3749 1010 3816 possibile
1040 3757 1122 3802 est
1165 3757 1223 3801 ut
1265 3765 1386 3803 cum
1431 3766 1528 3805 nos
1570 3754 1794 3806 divina.

185 3841 361 3892 virtus
405 3839 472 3891 ad
531 3837 749 3892 meliora
809 3839 1218 3906 provocaverit,
1270 3846 1749 3914 bonisequamur,

183 3932 342 3984 liberi
395 3929 607 3984 arbitrii
656 3942 920 4000 potestate
958 3932 1010 3983 in
1060 3943 1285 4003 utraque
1324 3913 1478 3988 nobis
1510 3913 1744 3988 Servata.

183 4024 512 4077 Dicebamus
547 4037 675 4076 sane
714 4023 767 4074 iu
820 4020 1208 4088 superioribus,
1247 4025 1388 4091 quod
1438 4027 1595 4078 etiam
1636 4040 1746 4078 me-

183 4117 373 4169 moria:
417 4114 569 4168 nobis
605 4114 848 4181 quaedam
901 4113 984 4173 vel
1033 4111 1294 4169 bonorum
1351 4117 1436 4170 vel
1481 4118 1746 4171 malormn

180 4216 568 4275 suggerantur,
597 4205 714 4260 sive
743 4221 838 4274 per
874 4205 1112 4260 divinam
1147 4209 1572 4276 providentiam,
1625 4209 1747 4275 Isive

178 4314 279 4364 per
332 4300 557 4352 virtutes
604 4301 944 4364 contrarias;
996 4301 1135 4355 sicut
1165 4303 1464 4354 ostenditur
1501 4303 1552 4354 in
1607 4301 1745 4356 libro

178 4387 402 4448 Esther,
438 4403 561 4440 cum
610 4390 868 4443 beneficia
897 4389 1178 4458 iustissimi
1219 4392 1539 4446 Mardochad
1581 4395 1741 4445 Arta-

177 4491 378 4529 xerxes
436 4491 543 4529 non
647 4479 1016 4544 meminisset,
1102 4496 1157 4535 et
1213 4485 1491 4536 nocturnis
1549 4483 1744 4551 vigiliis

175 4571 470 4640 fatigatus,
502 4585 529 4622 a
572 4570 676 4624 Deo
730 4573 780 4626 in
851 4577 1162 4629 memoriam
1211 4581 1499 4648 recepisset
1561 4595 1741 4632 rerum

175 4673 454 4731 gestarum
511 4663 839 4717 monimenta
889 4667 1093 4720 chartis
1139 4672 1390 4724 mandata
1430 4672 1740 4740 requirere;

173 4755 231 4807 in
266 4754 470 4822 quibus
493 4755 557 4807 de
581 4755 854 4810 beneficiis
881 4756 1198 4815 Mardoeliaei
1227 4765 1530 4816 admonitus
1564 4763 1741 4814 inimi-

170 4865 304 4904 cam
333 4847 548 4918 quidem
578 4849 692 4916 ejus
715 4850 885 4903 Aman
916 4855 1166 4921 suspendi
1201 4856 1444 4923 juberet;
1486 4856 1580 4921 ipsi
1615 4869 1740 4907 vero

169 4989 219 5020 "
252 4987 398 5041 Psal.
439 5002 596 5048 Lxxv,
632 4989 719 5040 ll.

171 5075 211 5120 ι,
261 5057 354 5109 14.
425 5058 491 5125 ι⁹⁶
540 5056 727 5115 Matth.
788 5078 953 5126 xxvii,
1005 5066 1089 5127 65,

167 5129 187 5156 ’
231 5127 435 5195 Ephes.
466 5142 543 5191 vr,
587 5128 667 5182 l2.

239 5246 379 5318 (59)
438 5247 512 5301 Ita
564 5264 694 5304 mss.
758 5248 814 5302 In
859 5251 1018 5304 editis
1054 5252 1225 5314 deest,
1263 5269 1280 5300 ι
1323 5250 1608 5320 designat;
1640 5269 1657 5302 ι
1689 5262 1747 5306 et

166 5318 403 5389 legitur;
442 5337 460 5368 ι
492 5321 576 5372 vel
607 5321 698 5389 qui
738 5320 959 5374 Tobiam
990 5322 1211 5383 angelus
1235 5318 1609 5376 comitatum...
1652 5325 1744 5377 sed

165 5387 322 5442 etde
345 5387 659 5444 Pastoribus
688 5389 839 5452 liber,
888 5409 909 5441 ι
937 5400 1039 5443 etc.
1079 5391 1269 5445 Utrum
1311 5404 1486 5446 autem
1526 5394 1743 5446 unicui-

164 5476 274 5530 que
340 5457 538 5522 homini
586 5460 805 5528 angelos
863 5461 1015 5530 duos,
1055 5461 1248 5514 bonum
1310 5480 1498 5527 unum,
1544 5463 1742 5515 malum

165 5529 402 5583 alterum
456 5530 614 5601 simul
659 5530 910 5581 assistere
947 5529 1208 5596 Origenes
1269 5534 1571 5601 putaverit,
1625 5533 1742 5585 l'use

1187 5067 1230 5096 ⁹⁷
1282 5063 1434 5119 Joan.
1462 5055 1622 5130 aitu,‘
1647 5055 1702 5115 2.

163 5602 455 5657 disseritur
489 5599 929 5672 Origenianorum
971 5601 1062 5653 lib.
1100 5616 1160 5668 tl,
1212 5599 1404 5672 quaest.
1435 5604 1486 5668 5,
1527 5617 1749 5657 numero

168 5671 805 5744 pr3§ertinrtricesintm

239 5741 356 5804 Hii)
402 5738 530 5792 Vide
563 5739 596 5794 Ι,
651 5755 684 5793 ιι
720 5738 1046 5810 Origeniau.,
1087 5759 1136 5812 ιι.
1169 5745 1199 5797 7
1227 5786 1242 5811 ,
1281 5761 1330 5799 ιι.
1359 5745 1388 5799 ὗ
1436 5753 1486 5798 ei
1522 5743 1602 5797 16.

797 4992 838 5022 ⁹¹
871 4992 1042 5047 Eccle.
1085 5011 1136 5062 ιι,
1167 4996 1221 5048 At.
1299 4995 1344 5025 θ’
1377 4995 1414 5046 ll
1446 4995 1570 5062 (lor.
1606 5009 1656 5057 x,
1688 4991 1744 5054 4,
1772 4993 1820 5045 5.
1904 4993 1948 5023 ³³
1983 4991 2124 5045 Psal.
2163 5003 2297 5042 Lxxx

797 5078 953 5116 txvu.
1005 5066 1089 5116 65.
1187 5067 1230 5096 ⁹⁷
1282 5057 1702 5116 Joan.-xm.'2.
1804 5063 1847 5094 ⁹⁸
1898 5063 2057 5116 Prov.
2109 5075 2180 5116 tv.
2233 5057 2297 5107 ‘35

1945 5078 2057 5117 rov.
2109 5075 2180 5125 Iv,
2233 5067 2320 5109 ‘20.

1869 3288 2128 3342 adversus
2175 3287 2441 3356 spiritalia
2473 3284 2727 3352 nequitiae
2776 3285 2828 3336 in
2876 3285 3261 3341 ctelestibus';
3291 3302 3312 3335 ι
3353 3285 3423 3338 ita

1866 3382 2139 3449 Oportebit
2171 3379 2393 3449 intelligi
2419 3379 2559 3446 quod
2597 3377 2732 3430 dixit
2756 3375 2890 3446 (41),
2931 3395 2949 3426 ι
2980 3375 3164 3441 nobis;
3191 3394 3212 3428 ι
3239 3376 3289 3429 id
3315 3391 3424 3441 εει,

1866 3476 1994 3528 mihi
2025 3472 2227 3534 Paulo,
2263 3483 2316 3524 et
2365 3470 2519 3525 vobis
2571 3469 2854 3537 Ephesiis,
2909 3478 2966 3522 et
3013 3468 3422 3538 quibuscunque

1865 3582 1966 3620 non
1997 3575 2078 3620 est
2129 3564 2448 3618 colluctatio
2505 3578 2626 3616 cum
2663 3577 2830 3614 carne
2881 3573 2937 3614 et
2991 3562 3274 3628 sanguine.
3327 3558 3422 3618 llis

1861 3657 2061 3710 etenim
2093 3666 2367 3709 certamen
2398 3664 2480 3708 est
2527 3655 2786 3708 adversus
2821 3653 3152 3730 principatus
3178 3663 3231 3706 et
3267 3663 3418 3721 pote-

1860 3759 2048 3813 states,
2083 3743 2343 3801 adversus
2379 3749 2562 3801 mund?
2598 3748 2760 3816 hujus
2785 3751 3023 3802 rectures
3051 3748 3415 3812 tenebrarum,

1859 3857 1962 3894 nou
1994 3842 2132 3894 sicut
2165 3850 2280 3893 erat
2310 3840 2635 3902 Corinthi-5,
2676 3839 2871 3907 quibus
2917 3847 3191 3892 certamen
3242 3839 3418 3892 adhuc

1858 3936 2113 3989 adversus
2140 3949 2357 3988 carnem
2387 3945 2442 3987 et
2482 3933 2797 3998 sanguinem
2829 3939 2976 3996 erat,
3012 3945 3147 4000 quos
3189 3931 3418 3984 tentatio

1857 4045 1962 4081 non
1997 4023 2560 4096 apprehenderathisi
2589 4024 2846 4077 humana.

1923 4118 1974 4171 5.
2010 4117 2119 4172 Nec
2151 4128 2330 4170 tamen
2363 4114 2566 4183 putand
2610 4127 2661 4166 m
2695 4123 2777 4166 est
2813 4112 2957 4182 quod
2991 4110 3189 4179 singuli
3218 4110 3417 4178 quique

1855 4213 2114 4265 adversus
2131 4210 2308 4264 omnia
2338 4209 2449 4261 haec
2474 4207 2773 4262 decertent.
2789 4189 3125 4276 Impossibile
3142 4203 3284 4256 enim
3300 4203 3410 4273 (42)

1854 4303 1905 4356 id
1939 4318 2058 4357 esse
2107 4301 2343 4354 arbitror
2394 4297 2483 4350 ulli
2549 4299 2864 4361 hominum,
2917 4295 3162 4364 quamvis
3206 4293 3294 4347 ille
3348 4296 3417 4349 sit

1853 4402 2074 4446 sanctus
2103 4390 2238 4460 (45),
2271 4398 2328 4443 ιιι
2374 4389 2642 4444 adversus
2672 4389 2853 4465 omnia
2906 4388 3019 4439 haec
3058 4383 3214 4438 simul
3244 4386 3418 4454 possit

1853 4483 2049 4536 habere
2089 4491 2387 4535 certamen.
2421 4481 2574 4546 Quod
2620 4481 2663 4533 si
2697 4479 2806 4552 pilo
2852 4477 3010 4529 modo
3060 4476 3114 4529 id
3161 4477 3412 4540 accidat,

1853 4575 1994 4642 quod
2036 4564 2183 4627 Certe
2216 4573 2336 4635 licri
2384 4589 2490 4625 non
2528 4577 2722 4640 potest,
2771 4568 3104 4637 impossibile
3151 4577 3234 4622 est
3276 4577 3333 4620 ut
3365 4570 3415 4622 id

1853 4680 2074 4734 prorsus
2118 4663 2260 4718 ferre
2306 4665 2473 4732 possit
2512 4664 2745 4716 humana
2780 4669 2970 4713 natura
3016 4661 3135 4712 sine
3181 4660 3414 4711 maxima

1850 4756 2199 4812 subversione
2247 4756 2363 4816 sui;
2403 4754 2496 4806 sed
2529 4755 2692 4814 sicut,
2725 4751 2873 4804 verbi
2916 4751 3113 4820 gratia,
3146 4751 3414 4819 quinqua-

1848 4852 1991 4919 ginta
2026 4849 2192 4916 aliqui
2251 4847 2447 4899 milites
2501 4845 2543 4896 si
2579 4843 2762 4896 dicant
2813 4844 2914 4897 sibi
2967 4843 3250 4897 imminere
3299 4859 3417 4895 cer-

1904 4993 1948 5023 ⁹³
1983 4991 2124 5045 Psal.
2163 5000 2380 5049 Lxxxtv,
2408 4985 2459 5037 5.
2540 4984 2586 5015 9‘
2612 4984 2651 5037 ll
2682 4985 2808 5039 Cor.
2850 5000 2966 5048 vui,
3002 4985 3088 5037 16.

2417 5055 2461 5086 θ’
2496 5055 2658 5109 Hebr.
2695 5073 2762 5122 ιι,
2801 5057 2849 5108 1.
2925 5057 2940 5084 ¹
2975 5057 3171 5123 Ephes.
3205 5073 3286 5120 tv,
3321 5055 3408 5108 ‘27.

1927 5246 2033 5370 SM)
2074 5247 2126 5300 ln
2153 5246 2285 5300 libb.
2315 5256 2470 5299 antea
2518 5245 2678 5300 editis
2708 5255 2849 5315 post,
2884 5265 2901 5296 ι
2927 5246 3083 5307 dixit,
3111 5266 3131 5297 ι
3167 5244 3404 5309 legitur:

1927 5319 2032 5370 iiili
2065 5316 2230 5370 Paulo
2275 5327 2327 5370 et
2377 5317 2625 5370 Ephesiis
2668 5318 2861 5370 quibus
2901 5329 3174 5370 certamen
3233 5316 3404 5366 adhuc

1831 5337 1876 5369 -ι
1907 5316 2032 5371 lllihi
2065 5316 2230 5371 Paulo
2275 5327 2327 5370 et
2377 5317 2625 5387 Ephesiis
2668 5318 2861 5386 quibus
2901 5329 3174 5370 certamen
3233 5316 3407 5387 adhuc

1853 5389 2112 5441 adVersus
2148 5403 2365 5441 carnem
2397 5384 2450 5441 et
2485 5384 2803 5456 sanguinem
2833 5396 2968 5450 erat,
3005 5400 3140 5456 quos
3181 5384 3405 5456 tentatio

1852 5472 1955 5509 non
2001 5462 2433 5526 apprehenderat
2478 5455 2882 5510 nisi’humana.
2925 5474 2944 5506 ι
2993 5455 3187 5524 Sicque
3239 5455 3403 5506 multa

1852 5526 2055 5597 omissa
2087 5538 2214 5580 sunt
2240 5543 2359 5597 quae
2383 5529 2678 5583 restituunt
2702 5529 2855 5580 codd.
2888 5542 3020 5580 mss.

1944 5596 2032 5667 42)
2073 5599 2240 5651 Caute
2261 5596 2409 5667 lege.

1942 5663 2030 5734 43)
2072 5663 2411 5726 Sanctusfiu
2443 5669 2562 5723 cod.
2601 5667 2914 5724 Corbciensi
2950 5670 3198 5728 habetur,
3231 5682 3247 5714 ι
3285 5663 3402 5733 δρίε

1846 5737 1999 5803 ritus,
2033 5757 2050 5789 ι
2091 5740 2247 5794 male.

3171 4986 3215 5016 ’³⁵
3245 4985 3410 5040 Zaclt.
3498 5025 3500 5029 -
