4074 6308
677 415 782 474 SH

1929 409 2258 468 ORIGENIS
2294 411 2451 464 ΠΕΡΙ
2488 409 2717 463 ΑΡΧΩΝ

3826 414 3930 469 512

683 541 872 589 tamen
909 531 1174 588 adversus
1207 531 1343 586 alios
1385 529 1807 600 quinquaginta,
1841 544 1947 584 non
1993 531 2066 584 ita
2099 528 2262 583 iutel-
2293 537 2341 591 Α
2371 526 2706 596 profectibus
2737 526 2878 594 ejus,
2909 525 3073 580 etiam
3112 540 3303 578 nomen
3333 526 3382 579 ei
3423 526 3588 582 Israel
3621 529 3791 595 dedit,
3822 533 3926 588 iste

683 626 961 695 ligendum
983 634 1089 689 est,
1117 627 1262 694 quod
1296 640 1436 678 unus
1474 637 1542 677 ex
1574 623 1682 678 illis
1704 625 1965 677 adversus
1991 623 2262 692 qniuqtta-

677 722 832 788 ginta
863 718 1230 788 dimicaturus
1259 719 1356 781 sit,
1383 716 1476 772 sed
1525 725 1670 771 recte
1715 715 1851 772 dicit
1889 717 2261 786 unusquisque

681 787 924 877 illorum,
954 787 1085 881 quia
1121 820 1398 866 certamen
1443 810 1599 863 nobis
1640 819 1725 863 est
1768 794 2058 864 adversum
2099 811 2261 878 quin-

677 904 935 974 quaginta
964 942 981 967 ,
1041 901 1296 956 omnibus
1352 910 1529 955 tamen
1572 900 1866 954 adversum
1914 915 2136 986 omnes;
2186 901 2258 955 ita

676 994 842 1047 etiam
886 995 989 1048 ltoc
1037 991 1366 1046 audiendum
1416 1000 1502 1044 est
1549 991 1693 1059 quod
1744 990 2040 1060 Apostolus
2099 992 2255 1057 dicit,

671 1087 822 1156 quod
856 1085 1129 1141 universis
1174 1086 1394 1141 athletis
1419 1096 1477 1142 et
1531 1087 1794 1141 militibus
1834 1085 2042 1142 Christi
2089 1085 2257 1140 collu-

670 1180 845 1234 ctatio
889 1190 944 1234 et
987 1190 1261 1234 certamen
1305 1189 1392 1234 est
1441 1183 1707 1235 adversus
1741 1181 1938 1235 omnia
1983 1180 2084 1235 ista
2133 1196 2254 1252 qua:

669 1283 992 1328 enumerata
1032 1282 1190 1341 sunt;
1221 1276 1496 1340 omnibus,
1519 1274 1751 1345 singulis
1778 1283 1986 1340 tamen,
2013 1275 2099 1330 vel
2128 1290 2250 1331 cum

667 1365 899 1434 singulis
928 1365 1114 1422 futuro
1156 1367 1480 1430 certamine,
1512 1366 1594 1419 vel
1650 1380 1804 1421 certe
1843 1377 2004 1435 prout
2046 1369 2249 1433 proba-

669 1464 784 1508 tum
827 1456 997 1511 fuerit
1045 1458 1114 1510 ab
1165 1459 1360 1525 agonis
1403 1459 1570 1527 ipsius
1616 1457 1766 1524 justo
1828 1459 2058 1527 praeside
2116 1459 2246 1512 Deo.

670 1547 922 1601 Arbitror
943 1563 1180 1617 namque
1211 1549 1334 1616 quia
1377 1559 1527 1604 certa
1573 1566 1828 1603 mensura
1879 1551 1953 1604 sit
1994 1550 2247 1604 humatm

668 1653 919 1695 natura}:
953 1641 1056 1696 etsi
1089 1641 1288 1696 Paulus
1323 1642 1412 1695 ille
1452 1643 1524 1696 sit
1558 1645 1627 1696 de
1659 1659 1770 1711 quo
1801 1643 2038 1698 dicitur:
2087 1663 2104 1695 ι
2140 1643 2245 1697 Vas

661 1733 953 1787 electionis
1003 1743 1084 1787 est
1132 1734 1262 1787 mihi
1311 1735 1491 1801 iste';
1531 1759 1550 1788 ι
1590 1745 1685 1790 aut
1735 1734 1932 1790 Petrus
1978 1736 2242 1790 adversus

660 1840 829 1893 quem
866 1836 1038 1894 μοι-ιω
1090 1825 1248 1879 inferi
1277 1842 1382 1879 non
1432 1827 1751 1896 praevalent,
1793 1837 1890 1882 aut
1935 1828 1983 1884 si
2025 1827 2240 1899 Moyses

2366 634 2488 674 cum
2517 618 2637 688 ipso
2674 617 2944 682 luctatur;
2987 617 3037 672 id
3071 615 3185 683 est,
3217 632 3342 672 cum
3374 617 3490 688 ipso
3531 622 3695 677 estin
3731 637 3924 695 agone,

2363 717 2420 763 et
2444 708 2604 775 juvat
2623 723 2746 764 eum
2793 707 2849 762 in
2898 710 3231 773 certamine;
3265 723 3389 782 cum
3416 711 3536 764 sine
3585 713 3750 769 dubio
3788 717 3926 772 alius

2362 810 2506 856 esset
2539 802 2807 856 adversus
2832 815 2994 871 quem
3023 802 3333 867 dimicaret,
3374 812 3432 859 et
3481 806 3744 862 adversus
3766 823 3924 886 quem

2359 894 2408 946 ei
2448 903 2732 948 certamen
2784 901 3054 962 ageretur.
3108 895 3352 966 Denique
3396 895 3597 954 Paulus
3635 915 3745 953 non
3791 887 3926 958 dixit

2359 983 2516 1037 nobis
2552 999 2674 1039 esse
2704 984 2974 1040 luctamen
3024 1002 3144 1040 cum
3188 989 3536 1059 principibus,
3576 989 3657 1044 vel
3681 1007 3802 1044 cum
3830 1009 3925 1062 po-

2359 1073 2671 1139 teStatibus,
2695 1074 2790 1128 sed
2830 1077 3088 1130 adversus
3111 1075 3442 1148 principatus
3464 1088 3836 1158 et'potestates
3855 1081 3921 1137 ".

2360 1163 2513 1221 Unde
2543 1166 2648 1220 etsi
2679 1164 2850 1220 Iacob
2890 1166 3127 1226 luctatus
3175 1175 3278 1235 est,
3313 1170 3430 1224 sine
3471 1171 3634 1225 dubio
3657 1173 3922 1242 adversus

2353 1254 2590 1322 aliquam
2619 1255 2811 1309 harum
2841 1256 3106 1325 virtutum
3129 1256 3364 1312 luctatus
3391 1268 3492 1323 est,
3523 1274 3662 1328 quas
3680 1260 3923 1318 humano

2354 1331 2578 1416 generi,
2624 1353 2680 1401 et
2716 1347 2920 1401 sanctis
2967 1348 3237 1418 pracipue
3282 1348 3558 1403 adversari
3596 1363 3653 1406 et
3703 1367 3922 1406 movere

2351 1439 2653 1493 certamina
2706 1437 2903 1494 Paulus
2947 1442 3212 1494 enuntiat.
3262 1440 3387 1495 Ideo
3413 1441 3646 1511 denique
3689 1444 3826 1498 dicit
3857 1447 3922 1501 de

2350 1548 2417 1585 eo
2447 1531 2730 1600 Scriptura
2754 1572 2771 1596 ,
2805 1533 2931 1602 quia
2965 1552 2984 1584 ι
3013 1533 3249 1588 luctatus
3294 1545 3378 1589 est
3416 1550 3542 1590 cum
3592 1537 3822 1606 angelo,
3865 1549 3924 1593 et

2338 1625 2574 1678 invaluit
2625 1623 2693 1678 ad
2737 1624 2903 1679 Deum
2931 1627 3008 1691 “;
3038 1645 3059 1678 ι
3096 1636 3152 1681 ιιι
3195 1628 3266 1682 sit
3313 1615 3506 1697 agonia
3541 1629 3762 1700 quidem
3795 1646 3924 1686 cer-

2347 1727 2524 1772 tamen
2559 1719 2740 1787 angeli
2791 1718 3062 1786 adjutorio
3111 1731 3512 1787 sustentatum,
3564 1723 3922 1790 perfectionis

2344 1824 2474 1862 vero
2509 1809 2687 1876 palma
2723 1812 3029 1866 vincentem
3062 1812 3326 1880 perducat
3363 1813 3430 1867 ad
3456 1812 3644 1868 Deum.

661 1918 754 1973 ille
788 1919 860 1971 sit
911 1919 1122 1972 amicus
1160 1917 1249 1971 Dei
1299 1917 1445 1986 (44),
1491 1932 1722 1985 quorum
1779 1918 1958 1973 nullus
2017 1933 2230 1988 prorsus

2414 1902 2468 1954 6.
2517 1902 2629 1957 Nec
2675 1917 2807 1958 sane
2859 1903 3238 1957 arbitrandum
3289 1912 3377 1988 est
3426 1905 3549 1973 quia
3606 1907 3918 1977 huiusmodi

658 2026 876 2063 omnem
931 2009 1090 2063 simul
1132 2009 1572 2064 adversariarum
1629 2011 1892 2064 virtutum
1956 2021 2236 2066 catervam

655 2112 842 2170 posset
872 2107 991 2156 sine
1020 2103 1128 2169 tsui
1162 2101 1344 2171 aliqua
1383 2102 1631 2170 pernicie
1666 2101 1922 2180 tolerare,
1965 2105 2238 2188 nisi'forte

653 2194 807 2247 illius
840 2193 1008 2247 solius
1037 2195 1211 2248 virtus
1243 2203 1501 2261 operetur
1533 2194 1585 2248 in
1616 2208 1683 2248 eo
1708 2194 1799 2264 qui
1841 2194 2012 2248 dixit:
2045 2214 2066 2246 ι
2093 2193 2237 2249 Con-

657 2283 834 2345 ﬁdite,
886 2296 988 2350 ego
1021 2283 1124 2335 vici
1174 2283 1435 2337 mundmn
1458 2283 1501 2336 ⁵.
1530 2301 1550 2334 ι
1588 2283 1823 2354 Propter
1857 2299 2019 2353 quem
2065 2278 2239 2339 conli-

651 2374 853 2428 denter
880 2374 1042 2428 etiam
1085 2374 1286 2430 Paulus
1316 2376 1572 2430 dicebat:
1624 2393 1643 2427 ι
1679 2376 1875 2431 Omnia
1926 2392 2146 2446 possum
2183 2379 2233 2430 in

649 2481 722 2519 eo
754 2467 844 2534 qui
880 2480 968 2520 me
995 2465 1269 2521 confortat
1297 2467 1550 2522 Christus
1569 2469 1615 2522 ³.
1642 2488 1662 2521 ι
1692 2468 1759 2523 Ει
1789 2469 1984 2523 iterum
2010 2489 2023 2524 :
2060 2472 2232 2525 (Am-

649 2557 799 2627 plius
830 2568 1011 2612 autent
1053 2555 1366 2626 (45)‘quam
1419 2573 1609 2614 omnes
1663 2559 1738 2612 illi
1784 2559 2068 2628 laboravi,
2123 2577 2230 2616 non

652 2659 834 2703 autem
863 2665 986 2718 ego,
1016 2652 1109 2705 sed
1132 2648 1311 2718 gratia
1349 2650 1442 2703 Dei
1471 2665 1679 2704 mecum
1703 2653 1746 2709 ⁸,
1777 2672 1796 2704 ι
1826 2652 2058 2722 Propter
2087 2657 2231 2711 hanc

646 2757 782 2811 ergo
821 2742 1075 2795 virtutem
1121 2759 1243 2811 quae
1293 2746 1483 2811 utique
1534 2745 1766 2798 humana
1813 2761 1920 2798 non
1961 2757 2070 2811 est,
2101 2764 2229 2816 ope-

651 2840 864 2885 rantem
899 2843 954 2886 et
977 2832 1289 2902 loquentem
1317 2835 1369 2889 in
1403 2849 1488 2896 se,
1521 2833 1726 2889 Paulus
1756 2837 1972 2891 dicebat
2000 2857 2014 2891 :
2053 2858 2071 2890 ι
2095 2838 2228 2895 Cer-

649 2935 738 2977 tus
770 2938 888 2977 sum
926 2935 1105 2978 autem
1132 2927 1258 2995 quia
1285 2941 1459 2994 neque
1486 2942 1659 2988 mors.
1687 2943 1863 2998 neque
1889 2932 2020 2996 vita,
2056 2948 2229 3002 neque

646 3016 853 3084 angeli,
891 3030 1066 3084 neque
1097 3019 1461 3087 principatus,
1486 3035 1662 3087 neque
1689 3031 2011 3088 potestates,
2048 3039 2226 3095 neque

646 3108 976 3178 praesentia,
1035 3125 1213 3178 neque
1262 3110 1478 3177 futura,
1519 3126 1694 3180 neque
1741 3111 2012 3180 altitudo,
2050 3132 2226 3188 neque

647 3197 1004 3267 profundum,
1039 3190 1213 3268 neque
1249 3202 1442 3267 virtus,
1480 3217 1654 3271 neque
1687 3203 1792 3257 alia
1842 3204 1947 3258 ulla
1973 3218 2222 3262 creatura

645 3291 846 3358 poterit
881 3306 981 3345 nos
1028 3307 1285 3360 separare
1330 3310 1357 3348 a
1407 3296 1680 3350 charitate
1714 3296 1841 3363 Dei,
1871 3311 1992 3364 qua:
2033 3310 2116 3354 est
2168 3300 2222 3353 in

643 3385 867 3438 Christo
906 3383 1038 3438 Jesu
1074 3387 1301 3441 Domino
1346 3389 1597 3442 nostro".
1626 3411 1644 3442 ι
1681 3387 1806 3443 Sola
1841 3371 1986 3442 enim
2029 3407 2126 3459 per
2165 3406 2224 3445 se

649 3476 883 3530 humana
928 3487 1120 3530 natura
1155 3494 1259 3531 non
1309 3480 1547 3533 arbitror
1588 3482 1716 3551 quia
1745 3482 1917 3550 possit
1959 3472 2223 3539 adversus

645 3570 895 3637 angelos,
918 3579 974 3623 et
1003 3570 1223 3623 excelsa
1250 3579 1302 3622 et
1329 3570 1616 3638 profunda,
1639 3583 1693 3626 et
1721 3575 1883 3627 aliam
1910 3585 2220 3630 creaturam

647 3659 851 3714 habere
879 3673 1195 3730 certamen;
1245 3663 1338 3716 sed
1372 3678 1493 3716 cum
1533 3669 1770 3719 senserit
1810 3680 2131 3736 praesentem
2169 3671 2218 3722 in

644 3765 706 3802 se
750 3751 1033 3806 Dominum
1077 3763 1132 3806 et
1178 3753 1621 3818 inltabitautem,
1676 3757 2004 3824 conﬁdentia
2046 3759 2217 3811 divini

642 3841 901 3909 :nljutorii
928 3845 1109 3898 dicet:
1141 3865 1157 3895 ι
1197 3846 1453 3898 Dominus
1491 3846 1816 3901 illuminatio
1861 3865 1980 3902 mea
2010 3861 2064 3904 et
2095 3851 2219 3903 Sal-

643 3943 802 3986 vator
825 3950 1190 4004 metis,-qnetu
1221 3937 1464 3991 timebo?
1500 3939 1761 3991 Dominus
1788 3949 2066 4007 protector
2096 3945 2220 3995 vitae

642 4041 795 4087 luem,
824 4041 853 4085 ί)
891 4030 1309 4095 quotrepidabo
1334 4030 1489 4100 (46)?
1527 4029 1660 4082 Dum
1697 4032 2026 4098 apprOpiant
2055 4049 2219 4101 super

642 4139 730 4172 me
763 4131 1018 4171 nim-entes
1049 4133 1106 4172 ut
1151 4123 1316 4174 edant
1365 4139 1557 4177 carnes
1594 4137 1774 4186 meas,
1824 4114 1912 4190 qui
1963 4125 2218 4180 tribulant

643 4227 730 4263 me
766 4211 967 4262 nmnici
1003 4212 1128 4270 mei,
1162 4215 1258 4278 ipsi
1309 4213 1565 4265 inﬁrmati
1610 4222 1738 4266 sunt
1775 4224 1829 4266 et
1870 4213 2210 4268 ceciderunt.

644 4305 698 4353 Si
738 4305 1039 4355 consistant
1072 4304 1358 4356 adversum
1391 4321 1476 4357 me
1511 4316 1715 4370 castra,
1742 4322 1848 4360 non
1882 4306 2092 4360 timebit
2123 4324 2218 4362 cor

642 4408 855 4456 meum;
897 4394 938 4445 si
973 4402 1230 4460 exsurgat
1267 4396 1552 4446 adversum
1587 4409 1672 4447 me
1707 4396 1982 4464 prmlium,
2020 4395 2073 4449 in
2116 4398 2215 4451 llOC

641 4501 740 4551 ego
776 4487 1006 4552 sperabo
1034 4487 1072 4536 Ἥ
1111 4505 1126 4537 ι
1174 4485 1326 4539 Unde
1356 4499 1457 4552 ego
1489 4487 1723 4538 arbitror
1755 4489 1865 4558 (47)
1902 4490 2044 4557 quod
2079 4505 2217 4541 nun-

2343 1994 2642 2047 certamina
2690 2008 2987 2063 corporum
3039 1996 3236 2048 robore
3289 1985 3352 2048 et
3408 1995 3721 2063 palaestrica
3775 2000 3920 2054 artis

2338 2087 2623 2141 exercitiis
2653 2085 3010 2156 peragantur,
3048 2085 3144 2141 sed
3178 2086 3388 2161 spiritui
3437 2087 3699 2145 adversus
3745 2092 3918 2160 spirio

2341 2189 2451 2233 tum
2483 2179 2598 2250 (48)
2646 2195 2829 2249 pugna
2861 2188 2987 2246 est,~
3012 2178 3264 2233 similiter
3317 2189 3375 2233 ut
3417 2179 3616 2236 Paulus
3663 2184 3919 2255 designat

2339 2272 2603 2325 adversus
2639 2269 3009 2339 principatus,
3031 2279 3087 2324 et
3117 2279 3439 2339 potestates,
3460 2287 3516 2328 et
3537 2275 3718 2329 mundi
3751 2274 3918 2345 hujus

2340 2371 2582 2415 rectores
2631 2362 2979 2416 tenebrarum
3035 2362 3195 2419 nobis
3259 2362 3545 2420 imminere
3608 2375 3915 2425 certamen.

2337 2450 2450 2523 Ipsa
2484 2469 2614 2508 vero
2641 2455 3002 2510 certaminum
3050 2457 3262 2525 species
3305 2457 3379 2510 ita
3417 2457 3770 2529 intelligenda
3806 2471 3916 2528 est,

2333 2561 2455 2601 cum
2491 2548 2685 2603 damna
2708 2588 2724 2612 ,
2758 2565 2881 2604 cum
2914 2549 3188 2619 pericula,
3220 2566 3342 2604 eum
3395 2553 3728 2624 opprobria,
3785 2571 3912 2609 cum

2332 2639 2750 2696 criminationes
2799 2642 3111 2695 excitantur
3167 2642 3456 2698 adversum
3513 2663 3643 2711 nos,
3695 2666 3807 2704 non
3859 2652 3911 2704 id

2331 2731 2619 2801 agentibus
2643 2735 2886 2794 adversis
2914 2737 3282 2805 potestatibus
3308 2749 3365 2792 ιιι
3389 2741 3499 2809 haec
3529 2747 3916 2799 tantummodo

2341 2825 2649 2892 patiantur,
2699 2827 2792 2880 sed
2843 2836 2900 2881 ut
2942 2843 3047 2898 per
3070 2830 3187 2893 haec
3233 2832 3320 2886 vel
3368 2835 3433 2887 ad
3470 2835 3605 2888 iram
3651 2836 3915 2906 multam,

2329 2919 2414 2971 vel
2454 2920 2520 2972 ad
2572 2920 2852 2974 tristitiam
2903 2919 3156 2988 nimiam,
3210 2925 3292 2982 vel
3345 2926 3414 2979 ad
3459 2926 3911 2996 desperationem

2327 3011 2574 3064 ultimam
2616 3027 2996 3081 provocentur;
3029 3015 3111 3068 vel
3152 3026 3299 3070 certe
3341 3019 3486 3086 quod
3518 3030 3601 3075 est
3629 3024 3870 3090 gravius
3892 3063 3908 3085 ,

2326 3107 2590 3174 conqueri
2647 3107 2906 3162 adversus
2956 3109 3123 3162 Deum
3177 3111 3384 3181 fatigati
3429 3122 3485 3166 et
3540 3114 3673 3167 victi
3729 3115 3916 3169 mediis

2329 3195 2744 3265 compellantur,
2784 3209 3040 3268 tanquam
3072 3201 3362 3257 humanam
3393 3203 3560 3256 vitam
3602 3219 3709 3258 non
3746 3221 3913 3276 aeque

2321 3288 2576 3356 justeque
2633 3290 3044 3358 moderantem;
3079 3301 3141 3345 ut
3188 3308 3285 3362 per
3320 3293 3424 3348 hoc
3474 3293 3823 3350 infirmemnr
3853 3298 3909 3351 in

2327 3377 2454 3442 ﬁde,
2489 3377 2578 3431 vel
2610 3378 2925 3433 decidamus
2961 3377 3029 3432 ab
3055 3395 3172 3448 spe,
3202 3382 3285 3434 vel
3331 3382 3608 3435 translerri
3639 3398 3912 3453 cogamur

2325 3482 2355 3519 a
2393 3467 2626 3524 veritate
2660 3471 3006 3539 dogmatum,
3053 3479 3108 3526 et
3165 3471 3388 3541 impium
3441 3474 3644 3543 aliquid
3677 3477 3745 3531 de
3791 3475 3912 3534 Deo

2327 3563 2533 3618 sentire
2592 3567 3043 3665 persttadeamur.
3103 3564 3256 3619 Talia
3333 3581 3572 3636 namque
3645 3571 3909 3656 quaedam

2324 3655 2527 3722 scripta
2565 3665 2690 3710 sunt
2730 3655 2797 3724 'de
2825 3655 2963 3723 Job,
2990 3674 3112 3718 cum
3157 3657 3405 3713 diabolus
3437 3661 3552 3715 dari
3584 3655 3911 3718 sibil’acul—

2326 3754 2491 3798 tatem
2523 3748 2786 3801 bonorum
2821 3749 2937 3819 ejus
2970 3752 3317 3818 poposcisset
3361 3768 3390 3805 a
3440 3752 3568 3808 Deo.
3609 3754 3719 3809 Per
3753 3758 3908 3824 quod

2325 3838 2492 3891 etiam
2528 3839 2659 3892 illud
2695 3842 3012 3905 edocemur,
3043 3843 3185 3910 quod
3211 3860 3315 3897 non
3355 3845 3594 3900 fortuitis
3622 3846 3914 3916 aliquibus

2324 3933 2739 3987 ittcursisnibus
2783 3936 3198 4003 impuguemnr,
3249 3939 3293 3990 si
3348 3940 3566 4007 quando
3612 3956 3716 3996 nos
3770 3942 3909 4013 talia

2322 4025 2504 4091 aliqua
2535 4025 2858 4080 facultatum
2888 4031 3085 4082 damna
3125 4032 3509 4099 percusserint,
3541 4047 3718 4101 neque
3750 4021 3909 4103 quod

2323 4116 2556 4171 fortuito
2589 4127 2898 4172 nostrorum
2932 4120 3128 4188 aliquis
3158 4123 3406 4189 captivus
3445 4123 3766 4187 abducitur,
3816 4129 3906 4182 vel

2319 4209 2609 4262 domorum
2633 4206 2746 4278 (49)
2783 4210 2951 4264 ruinae
2986 4215 3038 4263 in
3069 4214 3264 4279 quibus
3295 4214 3450 4266 cltari
3475 4215 3684 4284 quique
3707 4219 3908 4286 oppri-

2320 4309 2564 4364 tnantur,
2600 4301 2895 4366 eveniunt;
2932 4302 2981 4353 in
3012 4303 3212 4370 quibus
3236 4305 3487 4359 omnibus
3519 4311 3908 4380 unusquisque

2319 4395 2561 4447 ﬁdeliqu
2597 4394 2779 4448 dicere
2820 4395 3004 4460 debet,
3047 4396 3172 4462 quia
3209 4416 3227 4446 ι
3263 4397 3376 4452 Non
3423 4400 3651 4456 haberes
3691 4404 3909 4459 adver-

2319 4501 2442 4539 sum
2506 4502 2592 4540 me
2639 4495 3001 4555 potestatem,
3051 4487 3154 4540 nisi
3211 4500 3354 4544 esset
3403 4494 3525 4546 data
3567 4495 3662 4547 tibi
3722 4498 3905 4552 desu—

641 4592 802 4644 quam
837 4578 996 4630 homo
1027 4579 1276 4630 fortassis
1304 4592 1400 4646 per
1434 4579 1670 4647 seipsunt
1701 4585 1955 4636 virtutem
1993 4595 2210 4637 contra-
2247 4587 2290 4641 ι)
2321 4595 2420 4648 per
2443 4580 2508 4631 ¹².
2542 4599 2560 4630 ι
2597 4581 2731 4634 Vide
2761 4580 2874 4650 (50)
2902 4580 3043 4634 enim
3073 4580 3197 4646 quia
3229 4597 3332 4634 non
3371 4586 3656 4642 cecidisset
3692 4591 3904 4650 domus

639 4670 774 4721 riam
811 4670 1028 4722 vincere
1072 4681 1266 4738 potest,
1303 4670 1406 4723 nisi
1455 4687 1585 4725 usus
1617 4672 1779 4728 fuerit
1821 4676 2088 4743 adjutorio
2127 4677 2209 4731 di-

641 4761 782 4812 vino.
831 4762 981 4815 [Inde
1033 4773 1087 4815 et
1133 4765 1354 4833 angelus
1402 4765 1643 4816 luctatus
1676 4766 1795 4819 esse
1837 4768 2036 4832 dicitur
2085 4785 2206 4823 cum

637 4854 865 4903 διιυιιιιθ.
915 4852 1069 4916 Quod
1123 4871 1219 4905 nos
1253 4854 1470 4918 quidem
1527 4855 1600 4908 ita
1653 4854 2036 4931 intelligimus,
2082 4863 2206 4929 quia

640 4960 742 4994 non
782 4946 921 4996 idem
959 4947 1027 4999 sit
1079 4949 1339 4999 luctatqu
1386 4965 1503 5004 esse
1538 4966 1656 5002 cum
1704 4947 1871 5003 Jacob
1920 4955 2206 5022 angelum,

638 5040 775 5100 quod
827 5046 907 5088 est.
944 5029 1225 5092 adversum
1280 5041 1483 5107 Iacob;
1541 5045 1633 5095 sed
1686 5044 1730 5095 is
1771 5044 1985 5110 Qtlitleltt
2017 5047 2107 5111 qui
2155 5049 2203 5099 ei

640 5127 834 5178 salutis
869 5127 1023 5197 142
1072 5131 1236 5197 ipsius
1266 5148 1430 5187 causa
1481 5135 1705 5200 aderat,
1751 5136 1842 5203 qui
1877 5145 1932 5186 et
1980 5137 2208 5202 cognitis

711 5249 729 5275 ³
759 5249 875 5300 Act.
913 5264 968 5310 ιλ
1039 5252 1123 5302 JF".—

637 5335 785 5376 λχγι,
838 5319 884 5379 1,
931 5319 985 5380 2,
1133 5335 1185 5374 Is.

1198 5260 1216 5280 ‘
1241 5255 1396 5306 Joan.
1428 5254 1538 5317 xvi,
1575 5255 1663 5308 55.

1286 5324 1466 5379 ﬁGen.
1522 5342 1696 5392 xxxii,
1745 5327 1836 5381 24.

865 5480 993 5556 Vide
1032 5482 1128 5535 lib.
1169 5485 1575 5556 tt__0rigenian.,
1609 5501 1664 5556 q.
1700 5488 1752 5551 7,
1788 5505 1846 5543 n.
1885 5488 1969 5540 17.

711 5554 823 5614 (55>)
865 5552 936 5601 Ita
977 5569 1107 5604 mss.
1150 5553 1319 5616 Alias,
1358 5573 1374 5603 t
1405 5552 1739 5611 coul'ortitvit
1773 5561 2043 5617 Christus.
2083 5560 2215 5613 Am-

636 5624 778 5690 plius
810 5632 1011 5676 autem.
1035 5643 1059 5674 ›
1091 5635 1194 5690 etc.

707 5695 820 5758 (in)
865 5692 1121 5749 nouimus
1139 5689 1398 5767 protector
1425 5705 1539 5748 vita:
1564 5713 1711 5760 mew,
1737 5715 1768 5748 α
1791 5716 1892 5765 quo
1921 5701 2210 5767 trepidabo.

637 5763 761 5816 llarc
796 5780 993 5837 omissa
1029 5775 1156 5814 sunt
1188 5764 1237 5815 in
1281 5777 1435 5818 antea
1466 5768 1663 5831 editis,
1698 5763 1821 5823 licet
1864 5763 2210 5837 reperiuntur

636 5852 689 5886 tn
717 5834 971 5885 omnibus
1009 5849 1134 5884 mss.

712 5905 823 5975 ti?)
871 5902 996 5957 Vide
1036 5904 1337 5971 Urigcniun.
1375 5905 1466 5959 lib.
1503 5923 1561 5972 ιι,
1609 5924 1661 5980 q.
1701 5909 1747 5973 7,
1781 5927 1834 5961 ιι.
1875 5911 1951 5966 Π.

1755 5257 1775 5286 ⁵
1813 5255 2005 5320 Philip.
2044 5271 2128 5319 tv,
2164 5255 2251 5307 15.

1933 5326 1977 5357 ⁸⁸
2017 5326 2215 5395 Ephes.
2247 5341 2328 5390 vr,
2364 5326 2458 5397 ιε,
2525 5324 2569 5352 ⁸³
2600 5321 2734 5382 Gen.
2771 5322 3050 5386 xxxn,2i.

2318 4669 2418 4721 Job
2451 4686 2611 4737 supra
2663 4672 2798 4725 ﬁlios
2851 4671 2965 4740 ejus
3005 4672 3104 4723 nisi
3159 4673 3308 4738 prius
3347 4678 3602 4731 adversus
3639 4694 3735 4733 eos
3777 4685 3906 4737 dia-

2322 4749 2480 4814 bolits
2521 4765 2822 4830 accepisset
2851 4774 3206 4834 potestatem;
3246 4779 3422 4836 neque
3469 4774 3682 4836 equites
3713 4751 3905 4832 ternis

2317 4852 2604 4907 ordinibus
2637 4853 2944 4919 irruissent,
2980 4866 3036 4910 ut
3066 4869 3319 4928 raperent
3361 4863 3595 4916 camelos
3625 4865 3773 4933 ejus,
3814 4872 3902 4924 vel

2321 4946 2507 5009 boves,
2562 4955 2870 5014 caeteraque
2923 4951 3208 5019 animalia,
3259 4954 3360 5006 nisi
3408 4953 3646 5007 instincti
3697 4959 3773 5011 ab
3829 4975 3903 5013 eo

2319 5039 2512 5108 Spiritu
2542 5038 2630 5091 cui
2654 5054 2711 5091 se
2745 5038 3028 5092 ministros
3055 5057 3116 5116 ex
3150 5046 3411 5112 propositi
3443 5046 3523 5098 sui
3568 5047 3899 5104 obedietttia

2317 5132 2787 5198 mancipaverant.
2825 5133 2929 5185 Sed
2967 5150 3063 5186 nec
3092 5135 3175 5186 ille
3203 5139 3421 5204 quidem
3464 5139 3560 5209 qui
3594 5139 3901 5197 videbatur

2361 5256 2381 5283 δ
2414 5256 2426 5304 |
2463 5255 2585 5304 Cor.
2623 5267 2709 5314 xv,
2747 5251 2831 5305 10.
2942 5252 2960 5280 ⁷
2998 5251 3149 5303 liom.
3188 5267 3316 5316 vm,
3353 5246 3442 5318 58,
3478 5257 3566 5312 59.
3677 5257 3702 5289 ⁸
3731 5257 3892 5318 Psal.

3131 5322 3170 5351 “
3193 5320 3346 5375 Joan.
3382 5341 3494 5390 xtx,
3526 5329 3611 5381 11.

2385 5489 2498 5556 (48)
2541 5489 2632 5544 Sic
2660 5506 2788 5568 mss.
2818 5492 3040 5568 _Alias._«
3060 5500 3112 5545 et
3139 5465 3454 5568 palmstricre
3479 5493 3694 5550 virtutis
3748 5516 3890 5568 per-

2309 5570 2566 5630 .agantur,
2587 5562 2679 5614 sed
2698 5563 2924 5628 spiritus
2949 5563 3206 5615 adrersus
3237 5564 3503 5630 Spiritum,
3535 5583 3553 5615 ι
3580 5576 3685 5619 etc.

2387 5629 2498 5695 (49)
2539 5628 2692 5685 Libb.
2725 5635 2878 5694 editi,
2916 5651 2934 5683 ι
2959 5634 3040 5686 vel
3077 5628 3289 5686 domus.
3310 5649 3330 5683 ι
3361 5633 3538 5687 Μεδὶσ
3567 5637 3653 5689 vel
3681 5639 3886 5699 dumo-

2313 5713 2432 5774 rum
2495 5703 2684 5774 ruinae.
2719 5720 2736 5751 ι
2767 5700 2966 5754 Ibidem
3017 5720 3172 5765 mss.,
3223 5720 3242 5753 t
3287 5707 3700 5774 opprimantur,
3754 5728 3890 5772 eve.

2315 5769 2490 5824 niuut.
2519 5789 2538 5821 ›
2567 5772 2735 5835 Alias,
2767 5789 2784 5820 ι
2811 5776 3205 5839 opprimantur,
3239 5769 3466 5831 ruerint.
3491 5795 3512 5832 ι

2385 5840 2498 5913 ίὸο)
2541 5840 2630 5897 Sic
2661 5859 2788 5899 mss.
2818 5843 2986 5910 Alias,
3023 5862 3040 5896 ι
3075 5847 3197 5902 vidi.
3227 5865 3246 5899 ι
