4136 6310
233 406 342 475 διδ

1547 420 1767 476 mssa
1788 419 2116 500 manus.

3354 427 3456 488 3H

239 536 400 604 ignis.
419 533 506 589 vel
529 537 678 616 quod
701 545 941 606 putatum
964 545 1050 590 est
1084 537 1307 605 fulmen,
1327 539 1616 596 cecidisset
1643 557 1807 613 super
1837 548 1877 602 A
1907 558 2028 617 esse
2047 544 2334 614 quamdam
2364 544 2681 611 sapientiam
2711 542 3015 611 principum
3042 543 3204 613 hujus
3243 549 3450 618 mundi,

238 640 375 681 oves
420 623 550 690 Ioh,
590 637 881 700 antequam
933 625 1187 693 diabolus
1239 628 1444 684 diceret
1483 631 1548 686 ad
1596 633 1800 688 Deum:

249 737 272 768 ι
305 716 488 772 Nonne
515 729 574 773 tu
605 702 956 774 communisti
997 719 1183 774 omnia
1227 736 1347 789 qua:
1393 721 1530 777 foris
1571 733 1720 790 sunt,
1747 736 1805 779 et

241 812 364 882 ejus
396 811 636 882 reliqua?
659 812 771 879 Sed,
795 829 936 868 nunc
965 813 1206 871 immitte
1251 830 1472 887 manum
1526 825 1707 882 tuam,
1748 827 1804 873 et

240 904 504 972 continge
535 904 716 971 omnia
747 920 868 974 quae
907 907 1092 972 habet,
1142 906 1248 962 nisi
1302 906 1356 962 in
1406 906 1602 964 faciem
1644 911 1806 977 bene-

238 996 449 1050 dixerit
478 998 570 1050 tibi
599 998 665 1051 η.
690 1017 710 1050 ι
923 988 925 990 ’
1393 1073 1396 1076 ι

315 1089 371 1142 7.
431 1089 510 1142 Ex
558 1089 757 1160 quibus
804 1090 1056 1146 omnibus
1099 1090 1227 1145 illud
1272 1093 1609 1162 ostenditur,
1663 1096 1803 1164 quod

233 1181 429 1236 outnia
469 1182 581 1261 haec
618 1193 755 1251 qum
786 1180 921 1236 ﬁunt
952 1182 1004 1261 in
1044 1183 1147 1238 hoc
1180 1185 1406 1248 mundo,
1454 1191 1578 1254 qua:
1628 1188 1802 1242 media

201 1280 651 1344 .;,.cxistimantur,
696 1277 810 1333 sive
841 1278 930 1333 illa
980 1279 1160 1348 tristia
1199 1277 1362 1344 sint,
1389 1281 1505 1336 sive
1553 1297 1802 1352 quoquo-

235 1375 404 1428 tnotlo
428 1368 538 1443 (5i)
575 1372 711 1432 sint,
731 1387 838 1426 non
875 1373 1088 1440 quidem
1112 1387 1142 1425 a
1177 1371 1287 1428 Deo
1307 1373 1463 1434 ﬁunt.
1502 1390 1601 1430 nec
1624 1386 1800 1430 tatnen

231 1443 363 1517 sine
427 1462 574 1527 Deo;
637 1464 764 1517 dum
813 1462 1160 1541 maiignaset
1217 1466 1526 1536 contrarias
1577 1466 1802 1526 virtutes

231 1555 370 1607 talia
399 1554 640 1616 volentes
668 1557 881 1624 operari
904 1569 1008 1609 non
1031 1555 1208 1609 solum
1232 1571 1338 1609 non
1367 1558 1617 1626 prohibet
1638 1557 1798 1620 Dens,

235 1645 336 1697 sed
372 1654 426 1698 et
454 1645 721 1713 permittit
770 1644 949 1701 facere
976 1643 1252 1709 htec,_sed
1302 1649 1469 1702 certis
1499 1651 1802 1717 quibusque

233 1735 572 1803 temporibus
589 1745 642 1790 et
669 1737 946 1805 personis;
982 1737 1201 1799 sicutet
1232 1735 1419 1806 inipso
1439 1736 1540 1793 Job
1570 1740 1793 1804 dicitur,

234 1827 370 1895 quia
424 1828 490 1881 ad
525 1841 732 1886 certum
782 1839 992 1897 tempus
1049 1838 1268 1898 paratus
1318 1839 1402 1884 est
1445 1832 1638 1885 cadere
1701 1815 1802 1886 sub

233 1915 382 1978 aliis,
411 1917 674 1972 etdomus
704 1919 872 1988 ipsius
890 1920 1183 1990 deprtedari
1216 1921 1284 1975 ab
1311 1922 1529 1992 iniquis.
1555 1923 1806 1993 Propter-

233 2023 301 2060 ea
351 2007 510 2062 docet
545 2024 644 2065 nos
675 2009 954 2079 Scriptura
979 2011 1162 2065 divina
1191 2013 1369 2067 omnia
1399 2030 1519 2083 quae
1550 2019 1806 2070 accidunt

234 2085 399 2155 nobis
432 2113 686 2178 tanquam
714 2119 742 2156 a
779 2103 889 2178 Deo
922 2104 1066 2159 illata
1088 2105 1199 2177 (59.)
1235 2110 1538 2177 suscipere,
1567 2113 1805 2168 scientes

231 2193 385 2260 quod
416 2178 674 2249 sine‘Deo
705 2196 837 2250 nihil
874 2195 954 2254 ﬁt.
998 2197 1153 2266 Quod
1181 2209 1364 2254 autem
1411 2201 1526 2255 htec
1565 2203 1638 2256 ita
1673 2204 1804 2268 sint,

235 2286 292 2339 id
332 2296 437 2351 est,
473 2288 611 2353 quod
645 2289 762 2343 sine
791 2289 902 2345 Deo
919 2291 1054 2348 nihil
1087 2292 1202 2358 ﬁat,
1222 2294 1492 2363 quomodo
1521 2311 1808 2366 possumus

231 2377 520 2442 dubitare,
553 2379 779 2436 Domino
820 2392 873 2437 et
905 2383 1202 2439 Salvatore.
1229 2387 1616 2454 pronuntiante
1637 2401 1692 2444 et
1719 2391 1804 2444 di-

231 2481 432 2526 cente:
465 2490 486 2522 ι
513 2470 700 2526 Nonne
722 2472 830 2527 duo
855 2488 1108 2548 passeres
1139 2492 1260 2532 asse
1291 2489 1564 2547 vzeneuut,
1589 2492 1643 2536 et
1667 2499 1805 2538 unus

147 2549 160 2564 ”
231 2578 301 2616 rx
337 2562 467 2631 ipsis
497 2578 607 2616 non
628 2562 797 2618 cadet
840 2579 1004 2632 super
1032 2575 1231 2623 terram
1275 2569 1394 2623 sine
1433 2571 1596 2625 Patre
1628 2585 1806 2627 vestro

232 2653 334 2718 qui
388 2653 442 2705 in
492 2652 643 2707 caelis
691 2654 919 2708 est“?i
973 2655 1080 2712 Sed
1132 2661 1430 2714 necessitas
1485 2676 1583 2716 nos
1643 2654 1806 2717 traxit

231 2745 404 2812 paulo
435 2745 669 2814 amplius
705 2749 920 2819 evagari
951 2749 1015 2804 de
1048 2750 1430 2810 colluctatione
1450 2756 1802 2816 adversarum

231 2834 527 2900 virtutum,
553 2850 717 2906 quam
765 2839 1024 2892 adversus
1061 2839 1311 2911 homines
1348 2855 1568 2912 gerunt,
1615 2847 1802 2915 dispu-

232 2931 422 2980 tantes
453 2933 509 2978 et
539 2925 606 2979 de
635 2926 720 2981 bis
764 2943 886 2997 qute
927 2930 1166 2987 humano
1194 2921 1376 3002 generi
1424 2937 1677 2991 accidunt
1711 2938 1804 2992 tri-

231 3014 517 3094 stioribus,
545 3018 597 3073 id
634 3028 717 3074 est
755 3022 1146 3086 tentatiooibus
1172 3026 1302 3079 vita:
1340 3027 1524 3096 hujus,
1558 3010 1700 3082 sicut
1727 3031 1805 3085 ait

231 3103 378 3162 Job:
403 3126 422 3166 ι
447 3107 635 3166 Nonne
664 3115 891 3170 tentatio
911 3129 994 3171 est
1023 3117 1200 3172 omnis
1222 3120 1329 3173 vita
1368 3122 1609 3175 hominis
1641 3138 1804 3193 super

1905 636 2068 689 aliam
2087 650 2214 688 vero
2234 648 2353 689 esse
2372 631 2480 714 (ὄῆ)
2505 633 2600 696 Dei
2625 635 2985 703 sapientiam.
3002 634 3107 691 Sed
3134 647 3190 692 et
3210 637 3310 694 hoc
3328 655 3453 698 culo

1910 724 2064 797 1&3
2092 726 2252 780 dicit:
2278 743 2299 776 ι
2321 725 2657 796 Sapientiam
2681 726 2999 796 principum.
3017 727 3178 798 huius
3197 717 3400 800 mundi,
3427 753 3450 789 ι

1903 830 2010 869 non
2064 815 2301 877 arbitror
2347 831 2470 872 eum
2517 831 2862 891 communem
2915 817 3153 888 aliquam
3211 821 3455 880 omnium

1903 907 2205 983 principum
2238 908 2395 978 hujus
2423 909 2604 964 mundi
2637 910 2964 979 sapientiam.
2998 912 3318 978 dicere.sed
3343 915 3458 974 siue

1904 1000 2152 1071 gulorum
2183 991 2482 1070 principum
2523 1002 2794 1071 propriam
2822 1003 3109 1071 quamdam
3145 1004 3277 1067 mihi
3310 1007 3460 1064 vide-

1907 1099 1996 1141 tur
2020 1090 2258 1143 indicare
2283 1079 2626 1156 sapientiam.
2653 1092 2719 1145 Et
2745 1108 2956 1148 rursum
2982 1110 3104 1148 cum
3121 1095 3285 1151 dicit:
3307 1114 3327 1148 ι
3351 1095 3458 1153 Sed

1903 1185 2176 1256 loquimur
2203 1185 2295 1240 Dei
2331 1187 2653 1256 sapientiam
2689 1170 2741 1240 iit
2777 1188 3038 1257 mysterio
3065 1189 3457 1258 absconditam,

1903 1291 2063 1346 quam
2088 1278 2488 1347 praedestinavit
2509 1280 2648 1334 Deus
2681 1288 2809 1333 ante
2827 1279 3023 1334 saecula
3047 1281 3098 1333 in
3116 1281 3341 1350 gloriant
3365 1298 3458 1337 no-

1903 1357 2069 1424 stram
2087 1370 2149 1435 ³⁷,
2162 1390 2181 1422 ›
2198 1371 2580 1439 requirendum
2595 1378 2677 1426 est
2688 1371 2732 1425 si
2749 1372 2989 1427 eamdem
3005 1373 3134 1428 dicit
3147 1375 3238 1429 Dei
3253 1375 3461 1444 sapien-

1904 1461 2029 1514 tiam
2047 1460 2184 1517 hanc
2202 1477 2318 1532 quae
2333 1461 2642 1515 abscondita
2658 1473 2740 1516 est
2759 1477 2787 1515 a
2808 1463 3136 1532 temporibus
3159 1463 3278 1519 aliis
3302 1474 3355 1518 et
3368 1479 3461 1535 ge-

1904 1554 2294 1618 nerationibus,
2326 1562 2384 1608 et
2408 1570 2511 1607 non
2537 1553 2768 1608 innotuit
2807 1554 2932 1608 ﬁliis
2959 1556 3268 1621 hominum,
3291 1558 3455 1622 sicut,

1903 1663 2047 1703 nunc
2070 1646 2303 1701 revelata
2331 1655 2412 1701 est
2438 1648 2643 1702 sanctis
2672 1649 2928 1718 apostolis
2948 1633 3064 1716 ejus
3086 1659 3143 1703 et
3162 1649 3457 1719 prephetis.

1903 1756 2021 1810 quae
2039 1750 2157 1795 erat
2187 1751 2239 1795 et
2272 1740 2359 1793 illa
2389 1750 2513 1794 ante
2541 1743 2827 1796 adventum
2866 1741 3164 1797 Salvatoris
3191 1743 3460 1813 sapientia

1908 1831 2019 1893 Dei,
2038 1847 2104 1885 ex
2123 1846 2226 1900 qua
2253 1831 2602 1901 sapiensﬁerat
2631 1828 3028 1902 Salernumque
3040 1832 3327 1889 Salomone
3340 1835 3462 1904 plus

1907 1932 2029 1972 esse
2079 1920 2225 1988 quod
2285 1920 2441 1975 docet
2486 1919 2758 1989 Salvator,
2801 1921 2970 1990 ipsius
3000 1921 3306 1979 Salvatoris
3345 1940 3459 1980 sero

1911 2024 1998 2063 mo
2022 2010 2133 2080 (55)
2161 2009 2495 2080 pronuntiat,
2527 2025 2652 2064 cum
2682 2009 2815 2065 dicit
2846 2029 2860 2065 :
2899 2010 3020 2066 ιιΕι
3049 2027 3176 2068 ecce
3204 2012 3324 2082 plus
3357 2011 3454 2068 Sa-

1905 2101 2119 2155 lomone
2140 2100 2230 2154 hic
2244 2096 2410 2156 ³⁸·¹⁹.“ι
2428 2099 2484 2156 1η
2498 2117 2608 2173 quo
2622 2101 3062 2170 ostenditurquia
3081 2103 3159 2170 hi,
3175 2103 3268 2172 qui
3299 2103 3464 2160 doce-

1905 2193 2106 2247 bantur
2148 2206 2178 2246 a
2224 2191 2528 2255 Salvatore.
2553 2195 2674 2264 plus
2710 2194 2911 2264 aliquid
2938 2193 3270 2250 docebantur
3299 2209 3462 2262 quam

1904 2285 2140 2340 sciverat
2187 2283 2464 2341 Salomon.
2497 2289 2554 2342 Si
2592 2289 2735 2343 enim
2761 2289 2885 2356 quis
2910 2287 3056 2341 dicat
3095 2287 3221 2357 quia
3256 2286 3464 2342 sciebat

1904 2377 2116 2447 quidem
2154 2375 2404 2434 Salvator
2459 2382 2710 2449 amplius.
2741 2397 2846 2436 non
2905 2391 3083 2437 tamen
3124 2381 3286 2436 etiam
3341 2381 3464 2434 aliis

1902 2471 2055 2540 plura
2083 2473 2330 2528 tradebat
2358 2488 2516 2542 quam
2549 2473 3117 2542 Salomon,qnomodo
3152 2472 3458 2535 conveniet,

1903 2567 1960 2616 et
2026 2572 2428 2632 consequenter
2498 2565 2698 2617 dictum
2767 2563 3045 2642 potabitur
3107 2565 3269 2617 etiam
3331 2561 3460 2617 illud

1903 2653 2046 2719 quod
2092 2653 2204 2723 (56)
2239 2655 2290 2708 itt
2337 2655 2786 2724 subsequentibus
2815 2655 2892 2710 ait
2922 2674 2937 2710 :
2973 2675 2994 2710 ι
3035 2657 3236 2726 Regina
3275 2654 3460 2709 Austri

1903 2755 2087 2816 surget
2116 2748 2168 2800 in
2192 2746 2410 2814 judicio,
2439 2756 2493 2800 et
2541 2748 2926 2804 cendemnabit
2965 2749 3210 2804 homines
3231 2763 3462 2818 genera-
3544 2774 3548 2778 -

1905 2839 2068 2894 tionis
2112 2837 2292 2907 hujus,
2324 2847 2607 2907 propterea
2652 2842 2795 2910 quod
2830 2840 2979 2894 venit
3007 2856 3035 2893 a
3065 2840 3260 2896 ﬁnibus
3305 2852 3462 2895 terra:

1904 2930 2092 2995 audire
2115 2928 2436 3000 sapientiam
2466 2927 2795 2998 Salomonis,
2819 2943 3022 2993 etecce
3044 2932 3463 3002 plusSalomone

1903 3023 2168 3077 hichEst
2216 3023 2378 3092 igitur
2430 3025 2694 3094 sapientia
2761 3024 2943 3079 mundi
3006 3023 3192 3094 hujus,
3260 3032 3346 3080 est
3407 3033 3465 3082 et

1903 3116 2161 3185 sapientia
2217 3130 2315 3185 per
2358 3115 2603 3186 singulos
2658 3116 2894 3172 fortasse
2951 3116 3222 3186 principes
3277 3116 3463 3172 mundi

233 3209 443 3255 terram
464 3201 552 3254 ἠ
583 3221 602 3253 ι
640 3213 696 3258 ιιι
732 3207 1065 3262 manifestius
1095 3212 1363 3278 quomodo
1387 3212 1498 3267 ltrec
1525 3215 1794 3278 accidant,
1829 3223 1874 3283 (ζ
1907 3195 2191 3276 Ιιιι]υ5.’ῡθ
2222 3206 2333 3276 ipsa
2378 3221 2506 3260 vero
2545 3207 2704 3262 unius
2736 3205 2830 3261 Dei
2865 3208 3130 3276 sapientia
3182 3207 3312 3264 illud
3342 3223 3464 3263 sen-

231 3301 298 3346 et
347 3307 504 3360 quam
558 3295 644 3362 pie
698 3295 767 3350 de
817 3298 902 3354 his
935 3303 1125 3358 sentiri
1178 3305 1399 3370 debeat,
1453 3306 1798 3373 panderetur.

234 3379 398 3437 Nune
422 3385 696 3442 videamus
730 3391 1000 3456 quomodo
1028 3393 1272 3450 homines
1306 3397 1470 3450 etiam
1520 3397 1572 3451 in
1608 3412 1803 3464 pecca-

239 3486 359 3530 tum
393 3475 538 3532 falsa
582 3480 823 3534 scientia:
863 3483 1196 3545 dilabuntur.
1236 3487 1318 3541 vel
1367 3505 1473 3556 quo
1511 3498 1798 3557 proSpectu

237 3561 789 3625 virtutesfcontraritc
833 3576 998 3628 etiam
1031 3577 1094 3631 de
1143 3580 1245 3634 hist
1271 3595 1481 3648 pugnas
1513 3582 1798 3636 adversum

239 3674 346 3714 nos
373 3659 581 3714 soleant
606 3679 968 3719 commovere.

851 3757 1074 3813 CAPUT
1113 3758 1197 3813 Ill.

713 3847 788 3902 De
825 3851 1021 3920 triplici
1055 3855 1338 3928 sapientia.

319 3934 372 3990 l.
426 3935 628 4021 Docere
682 3956 783 3998 nos
826 3942 1010 3998 volens
1077 3957 1298 4002 sanctus
1345 3947 1453 4021 (53)
1514 3949 1805 4019 Apostolus

155 4059 160 4061 -
241 4044 498 4097 magnum
520 4020 740 4102 aliquid
764 4043 816 4088 et
860 4037 1194 4090 reconditum
1224 4040 1291 4094 de
1334 4042 1561 4096 scientia
1611 4053 1664 4096 et
1708 4057 1800 4094 sa-

238 4123 447 4190 pientia
485 4124 536 4177 in
569 4127 736 4194 prima
784 4127 850 4178 ad
882 4128 1194 4184 Corinthios
1234 4131 1473 4202 Epistula
1509 4135 1613 4188 ait:
1648 4152 1668 4184 ι
1699 4134 1801 4188 Sa-

239 4213 503 4281 pientiam
537 4226 716 4268 autem
755 4217 1024 4288 loquimur
1065 4221 1206 4276 inter
1241 4224 1542 4292 perfectos;
1590 4226 1804 4292 sapien-

240 4306 375 4357 tiam
400 4320 531 4360 vero
558 4323 660 4360 non
693 4308 848 4379 hujus
875 4313 1076 4375 mundi.
1103 4330 1274 4383 neque
1298 4317 1600 4384 principum
1643 4317 1802 4386 hujus

240 4390 432 4451 mundi
451 4399 538 4467 qui
565 4403 937 4465 destruuntur,
963 4408 1054 4459 sed
1079 4407 1344 4474 loquimur
1365 4407 1456 4460 Dei
1482 4411 1803 4476 Sapientiam

241 4489 302 4540 in
337 4491 597 4560 mysterio
623 4492 1014 4560 absconditam,
1039 4512 1198 4565 quatn
1234 4499 1634 4565 praedestinavit
1665 4504 1804 4557 Deus

1914 3299 2076 3352 timus
2111 3299 2356 3365 indicari,
2382 3299 2521 3368 quod
2552 3298 2728 3351 minus
2745 3298 2961 3366 quidem
2987 3300 3044 3353 in
3073 3299 3466 3371 antiquioribus

1908 3402 1963 3445 et
1987 3392 2256 3446 veteribus
2279 3396 2497 3460 operata
2526 3393 2616 3457 sit,
2635 3375 2866 3461 amplius
2888 3406 3018 3447 vero
3044 3402 3100 3448 et
3129 3383 3482 3448 manifestius.

1912 3475 2146 3536 revelata
2179 3499 2273 3553 per
2306 3484 2578 3538 Christum
2602 3492 2703 3538 est.
2744 3483 2938 3540 Verum
2974 3488 3042 3541 de
3073 3486 3338 3555 sapientia
3370 3485 3463 3538 Dei

1912 3576 1965 3631 in
1999 3577 2132 3630 locis
2154 3578 2384 3644 prepriis
2415 3578 2765 3644 requiremus.

1980 3668 2034 3722 2.
2079 3668 2229 3740 Nunc
2285 3684 2410 3722 vero
2471 3669 2724 3738 quoniam
2769 3673 2984 3739 quidem
3012 3673 3068 3724 in
3104 3671 3351 3727 manibus
3382 3681 3468 3727 est

1914 3769 2182 3816 tractatus
2202 3761 2268 3814 de
2289 3761 2582 3816 virtutibus
2611 3764 2919 3827 centrariis,
2938 3763 3167 3829 qualiter
3215 3775 3466 3830 moveant

1915 3853 2082 3906 etiam
2119 3868 2180 3906 ea
2209 3855 2504 3907 certamina
2537 3857 2733 3925 quibus
2761 3855 2888 3908 falsa
2920 3854 3150 3908 scientia
3173 3855 3335 3909 etiam
3363 3855 3466 3910 bu-

1909 3944 2083 3998 manis
2109 3947 2377 4000 mentibus
2410 3945 2685 4013 inseritur,
2703 3957 2755 3999 et
2785 3946 3318 4000 seducunturanimat
3338 3947 3464 4002 dum

1909 4053 1969 4091 se
2029 4049 2219 4108 putant
2263 4039 2534 4094 invenisse
2567 4039 2911 4108 sapientiam,
2938 4037 3296 4092 necessarium
3335 4053 3468 4109 puto

1914 4128 2098 4182 dicere
2149 4139 2312 4196 atque
2359 4129 2687 4199 distinguere
2716 4142 2835 4195 qua:
2875 4126 2944 4180 sit
2977 4127 3236 4197 sapientia
3282 4129 3462 4183 mundi

1911 4218 2067 4290 hujus
2100 4229 2303 4290 etquae
2334 4206 2638 4289 principum
2688 4219 2868 4273 mundi
2911 4219 3170 4288 bujus,ut
3221 4235 3316 4290 per
3363 4222 3465 4276 hoc

1909 4314 1999 4382 qui
2050 4312 2158 4366 sint
2195 4313 2357 4366 etiam
2418 4322 2595 4380 patres
2644 4309 2802 4378 hujus
2855 4312 3157 4389 sapientiae,
3193 4312 3302 4365 imo
3335 4328 3465 4365 vero

1909 4403 2298 4472 sapientiarum
2326 4403 2538 4464 barum,
2559 4401 2830 4468 possimus
2859 4401 3284 4476 advertere(57).
3309 4403 3466 4455 Arhi-

1913 4507 2026 4550 trer
2080 4497 2261 4566 igitur,
2297 4497 2436 4549 sicut
2490 4508 2654 4564 supra
2706 4495 2958 4557 diximus,
2994 4496 3310 4566 sapientiam
3345 4511 3467 4549 esse

238 4589 373 4634 ante
403 4583 596 4636 saecula
625 4583 675 4635 in
701 4583 924 4651 gloriam
951 4599 1211 4653 nostram,
1235 4604 1393 4657 quam
1420 4609 1578 4647 nemo
1607 4597 1805 4663 [trilici-
1835 4575 1880 4630 D
1911 4593 2068 4661 hujus
2105 4589 2288 4644 mundi
2340 4587 2498 4641 aliam
2549 4587 2836 4658 quamdam
2865 4598 3061 4657 praeter
3091 4589 3212 4642 illas
3251 4590 3466 4656 sapien-

238 4685 374 4746 pum
403 4675 562 4739 hujus
601 4677 782 4728 mundi
807 4680 1097 4745 cognovit:
1133 4683 1176 4736 si
1217 4683 1360 4737 enim
1405 4688 1802 4755 cognovissent,

238 4783 520 4835 nunquam
553 4768 833 4822 Dominum
872 4771 1168 4841 majestatis
1195 4780 1594 4834 cruciﬁxissent
1615 4783 1677 4834 ίθ.
1709 4801 1726 4834 ›
1749 4783 1803 4836 In

238 4875 356 4927 quo
389 4859 674 4912 ostendere
709 4861 892 4915 volens
927 4866 1312 4932 sapientiarum
1342 4871 1694 4933 differentias,
1713 4875 1803 4926 de-

239 4951 436 5005 scribit
473 4966 594 5006 esse
627 4955 914 5020 quamdam
953 4957 1110 5024 hujus
1163 4962 1344 5015 mundi
1375 4965 1719 5031 sapientiam,
1755 4975 1808 5018 et

315 5069 495 5142 "Job
554 5071 714 5138 t,lO,
751 5072 836 5125 tt.
917 5073 962 5104 ει
1006 5075 1192 5136 Matth.
1226 5097 1279 5142 κ,
1310 5081 1399 5134 ~29.

247 5156 350 5203 ιιι,
391 5140 479 5192 42.

321 5235 439 5300 (ΞΗ)
483 5234 882 5302 Quoquomodo.
916 5240 989 5292 Ita
1020 5255 1148 5293 mss.
1178 5239 1347 5298 Alias,
1391 5255 1409 5287 ι
1440 5235 1745 5291 commoda.
1779 5256 1796 5290 ι

323 5305 438 5369 ιὸἓ)
480 5306 570 5358 Sic
598 5322 727 5360 mss.
750 5309 918 5370 Alias,
956 5327 975 5359 ι
1001 5308 1086 5360 illa
1122 5311 1280 5360 tnala.
1312 5327 1330 5358 ι

323 5376 438 5444 (2)5)
480 5375 532 5428 In
577 5375 706 5428 libb.
738 5390 891 5430 antea
938 5379 1096 5431 editis
1149 5378 1372 5447 legitur,
1419 5397 1438 5430 ι
1480 5383 1676 5436 docere
1704 5398 1802 5438 nos

248 5461 438 5501 monet
468 5455 706 5509 sanctus,
735 5465 753 5497 ι
783 5447 905 5514 quae
935 5451 1095 5500 verba
1137 5449 1474 5504 constituunt
1510 5455 1668 5505 etiam
1704 5455 1804 5506 ibi-

244 5521 378 5570 dem
428 5517 638 5568 initium
696 5519 889 5584 capitis
945 5519 1086 5570 tertii
1135 5520 1410 5586 praetulisse
1455 5524 1554 5576 hoc
1605 5524 1798 5578 titulo:

254 5605 275 5636 ι
304 5588 383 5639 Dc
418 5586 614 5654 triplici
641 5587 942 5657 sapientia,
968 5606 987 5638 ι
1022 5589 1112 5640 sed
1148 5590 1198 5640 in
1244 5594 1495 5657 omnibus
1531 5611 1659 5648 mss.
1687 5596 1802 5647 ttul-

246 5658 362 5734 lunt
408 5666 491 5710 est
531 5655 728 5734 capitis
770 5657 1077 5734 incipientis
1130 5660 1381 5714 indicimn
1412 5704 1426 5726 ,
1463 5655 1516 5717 et
1562 5676 1680 5734 post
1714 5666 1798 5718 illa

245 5729 434 5790 verba,
463 5745 481 5777 ι
513 5727 817 5780 εόνεῑδιιιιιι
851 5743 944 5779 nos
975 5729 1183 5783 soleant
1219 5727 1581 5798 commovere,
1612 5754 1630 5786 ι
1669 5751 1800 5789 cou-

245 5809 399 5849 ttntta
426 5800 569 5850 serie
601 5799 861 5867 scriptum
885 5809 986 5865 est,
1015 5817 1032 5852 t
1066 5803 1260 5863 docere
1298 5819 1397 5862 nos
1441 5807 1626 5865 volens
1670 5822 1795 5861 san-

244 5881 389 5934 etuo‘,
419 5887 436 5919 ι
463 5879 572 5923 etc.

1481 5081 1522 5111 ⁸⁵
1557 5079 1657 5135 Job
1690 5095 1784 5144 VII,
1825 5081 1872 5135 1.

1911 4687 2046 4747 tias,
2070 4699 2186 4751 qua:
2240 4691 2365 4735 sunt
2415 4682 2711 4752 principum
2750 4681 2908 4750 hujus
2944 4683 3148 4744 mundi,
3174 4698 3268 4751 per
3301 4697 3462 4751 quam

1909 4777 2229 4844 sapientiam
2261 4774 2477 4844 intelligi
2500 4775 2746 4828 videntur
2769 4791 2830 4830 ea
2853 4786 2906 4828 et
2937 4775 3319 4843 comprehendi
3345 4789 3463 4842 qua:

1910 4867 2066 4935 hujus
2093 4865 2273 4919 mundi
2306 4877 2449 4919 sunt.
2480 4865 2608 4931 Qua:
2643 4876 2817 4920 tamen
2856 4866 2907 4918 in
2937 4881 2995 4919 se
3036 4866 3168 4918 nihil
3197 4866 3383 4932 habet,
3404 4876 3463 4923 ut

1910 4960 2082 5026 possit
2099 4958 2297 5028 aliquid
2320 4963 2396 5011 vel
2417 4961 2481 5012 de
2502 4959 2810 5020 Divinitate,
2826 4957 2908 5010 vel
2936 4957 3002 5010 de
3023 4957 3207 5011 mundi
3229 4960 3462 5026 ratione,
3511 4975 3514 4978 ·

1986 5083 2064 5137 πει
2096 5082 2222 5139 Cor.
2259 5085 2389 5146 n.6,
2419 5082 2470 5144 7,
2497 5079 2550 5134 8.
2617 5078 2656 5108 ¹⁷
2690 5077 2708 5131 Ι
2739 5077 2862 5132 Cor.
2897 5094 2958 5142 ll,
2994 5077 3045 5134 7.
3124 5052 3244 5122 "-"I
3271 5079 3461 5136 Matth.

1983 5242 2095 5309 (54)
2140 5241 2284 5295 Esse.
2310 5243 2398 5295 Sic
2425 5259 2553 5297 mss.
2577 5244 2748 5307 Alias,
2783 5263 2801 5297 t
2822 5244 3006 5298 etiam.
3032 5265 3050 5298 ι
3077 5245 3277 5300 Ibidem
3304 5261 3459 5312 mss.,

1917 5327 1935 5361 ι
1967 5328 2305 5384 communem
2335 5313 2566 5384 aliquam
2613 5319 2850 5368 omnium
2894 5316 3216 5384 principum.
3246 5335 3264 5367 ι
3302 5317 3458 5374 Libb.
3489 5382 3492 5384 _

1913 5383 2110 5456 editi,_qt
2137 5399 2294 5456 uitam
2330 5383 2564 5453 aliquant
2593 5386 2833 5440 omnium
2862 5383 3186 5456 principum.
3210 5405 3228 5438 ›

1981 5453 2216 5528 (55)_Sic
2268 5470 2395 5506 mss.
2435 5457 2611 5521 Alias,
2651 5475 2668 5507 t
2706 5456 2822 5524 plus
2853 5453 3015 5528 etiam
3043 5453 3252 5528 dicitur
3309 5461 3452 5528 quod

1909 5521 2062 5594 docet
2097 5524 2362 5588 Salvator,
2396 5529 2536 5594 quod
2575 5537 2629 5582 et
2669 5521 2838 5594 ipsius
2866 5527 3164 5579 Salvatoris
3195 5521 3393 5583 seruio.
3433 5550 3452 5582 ι

1979 5593 2088 5660 (56)
2126 5594 2215 5668 Sic
2247 5611 2376 5647 mss.
2407 5598 2572 5656 Alias,
2613 5593 3046 5652 t'c’onvenienter
3072 5597 3274 5652 dictum
3305 5611 3457 5668 puta-

1906 5661 2050 5715 bitur
2078 5665 2239 5716 etiam
2276 5670 2437 5731 quod,
2477 5687 2494 5718 ι
2526 5677 2629 5720 etc.

1976 5732 2084 5801 (:37)
2116 5732 2204 5808 Sic
2247 5752 2377 5788 mss.
2430 5739 2596 5799 Alias,
2639 5755 2656 5786 ι
2695 5747 2746 5790 et
2773 5753 2870 5806 per
2896 5737 2998 5792 hoc
3023 5739 3111 5808 qui
3144 5748 3266 5791 sunt
3294 5740 3454 5794 etiam

1905 5813 2083 5877 patres
2115 5807 2270 5872 hujus
2306 5809 2583 5875 sapientiae
2612 5813 2706 5875 per
2732 5825 2867 5877 quos
2894 5824 3072 5862 veram
3103 5809 3454 5866 differentiam

1907 5875 2296 5946 sapientiarunt
2336 5881 2523 5932 harum
2560 5875 2826 5950 possimus
2870 5880 3167 5937 advertere.
3209 5897 3231 5938 θ
