4074 6308
701 304 810 363 515

1917 304 2234 360 οιιιιῑΕΝιδ
2273 307 2427 359 ΠΕΡΙ
2465 305 2688 358 ΛΡΧΩΝ

3795 296 3904 351 5113

701 420 789 475 vel
841 420 906 474 de
957 422 1360 490 quibuscunque
1404 421 1792 476 excelsioribus
1844 427 2026 492 rebus,
2058 427 2140 480 vel
2190 432 2252 479 de
2281 430 2328 486 Α
2359 424 2877 491 haeresis-principes
2907 437 3027 475 cum
3062 421 3209 491 prius
3240 419 3334 488 ipsi
3369 433 3606 472 errorem
3633 415 3774 470 falsae
3804 416 3908 470 ιιι)-

704 513 861 566 bonae
907 527 969 566 ac
1022 513 1189 568 beatae
1229 513 1368 566 vitae
1405 514 1740 569 institutione
1788 517 2006 582 sentire,
2051 519 2144 570 sed
2176 526 2254 572 est

707 604 999 670 talis,verbi
1028 620 1213 668 causa,
1235 615 1290 658 ut
1312 618 1392 661 est
1418 606 1592 660 omnis
1615 622 1700 661 ars
1726 608 1954 675 poetica,
1976 609 2057 662 vel
2078 625 2255 676 gram-

705 695 923 760 matica,
962 695 1043 748 vel
1089 696 1378 762 rhetorica,
1419 697 1501 751 vel
1533 699 1847 766 geometria,
1896 699 1980 752 vel
2025 701 2252 764 musica,

705 801 828 839 cum
860 786 1056 855 quibus
1091 791 1490 843 annumeranda
1518 801 1597 844 est
1625 789 1868 845 fortassis
1897 791 2058 844 etiam
2090 794 2256 845 medi-

706 876 846 929 cina.
907 875 960 929 ln
1026 877 1110 930 his
1166 879 1413 932 omnibus
1464 879 1784 947 sapientiam
1855 881 2034 934 mundi
2097 881 2254 949 hujus

707 966 885 1020 inesse
930 968 1266 1022 sentiendum
1311 980 1413 1024 est.
1439 969 1763 1037 Sapientiam
1797 986 1920 1024 vero
1955 972 2253 1041 principum

708 1055 869 1123 hujus
918 1059 1098 1110 mundi
1144 1059 1512 1129 intelligimus,
1553 1070 1607 1111 ιιι
1645 1070 1727 1114 est
1771 1060 2140 1131 ngyptiorum
2171 1074 2254 1112 se-

704 1157 874 1210 creta,
904 1163 1061 1215 quau.
1096 1149 1296 1216 dicunt,
1321 1157 1375 1202 et
1405 1151 1608 1204 occulta
1637 1151 1990 1219 philosophia,
2015 1159 2067 1202 et
2090 1149 2252 1203 Chal-

703 1241 944 1294 daeorum
976 1243 1256 1311 astrologia
1292 1252 1346 1296 et
1382 1242 1630 1297 Indorum
1664 1244 1774 1315 (58)
1809 1247 1873 1298 de
1905 1246 2127 1298 scientia
2157 1262 2252 1299 ex-

705 1331 834 1385 celsi
899 1331 1286 1399 pollicentium,
1350 1335 1445 1388 sed
1504 1344 1559 1389 et
1609 1335 1917 1389 Graecorum
1977 1336 2249 1403 multiplex

702 1421 959 1490 variaque
991 1422 1054 1476 de
1093 1423 1382 1477 Divinitate
1435 1427 1721 1477 sententia.
1781 1426 1945 1492 Igitur
1994 1427 2045 1480 in
2104 1427 2251 1480 Scri-

704 1511 876 1578 pturis
903 1514 1104 1567 sanctis
1137 1514 1437 1568 invenimus
1459 1515 1726 1584 principes
1750 1531 1869 1571 esse
1899 1532 1993 1586 per
2019 1519 2252 1588 singulas

704 1611 910 1670 gentes,
947 1609 1081 1658 sicut
1127 1607 1177 1659 in
1231 1607 1448 1661 Daniele
1479 1607 1702 1675 legimus
1723 1610 1766 1639 ²⁰
1798 1611 2096 1678 principem
2137 1627 2252 1665 esse

701 1695 984 1761 quemdam
1025 1699 1169 1766 regni
1215 1699 1494 1752 Persarum
1527 1700 1661 1771 (59),
1684 1710 1737 1754 ct
1766 1702 1925 1754 alium
1959 1703 2250 1772 principem

706 1785 853 1852 regni
902 1785 1211 1840 Graecorum
1264 1803 1397 1855 quos
1425 1803 1529 1842 non
1565 1790 1804 1843 homines
1849 1804 1990 1851 esse,
2017 1791 2111 1844 sed
2146 1792 2252 1842 vir-
2285 1780 2326 1832 Β

704 1885 845 1928 tute;
891 1879 1173 1945 qttasdam,
1205 1881 1482 1933 evidenter
1524 1895 1589 1933 ex
1645 1882 2026 1950 consequentia
2084 1882 2249 1948 ipsius

703 1965 952 2020 lectionis
998 1971 1319 2023 ostenditur.
1355 1968 1457 2023 Sed
1497 1981 1550 2025 et
1587 1973 1636 2024 in
1666 1973 1947 2027 Ezechiele
1993 1973 2251 2041 pr0pheta

701 2057 955 2126 princeps
1003 2056 1128 2128 Tyri
1175 2061 1342 2114 virtus
1372 2075 1489 2115 esse
1525 2064 1764 2130 quaedam
1793 2065 2050 2131 spiritalis
2077 2064 2248 2118 matti-

703 2149 1001 2203 l'cstissime
1030 2152 1418 2219 designatur“.
1447 2152 1508 2206 Hi
1546 2168 1674 2223 ergo
1702 2162 1752 2208 et
1795 2156 1885 2208 alii
1927 2156 2248 2222 hujnsmodi,

703 2243 961 2295 habentes
993 2243 1184 2310 singuli
1213 2246 1506 2313 sapientias
1539 2262 1685 2309 suas,
1719 2255 1768 2300 et
1813 2257 2116 2302 astruentes
2158 2248 2251 2302 do.

703 2342 880 2401 gmata
931 2348 1027 2386 sua
1083 2335 1365 2403 variasque
1413 2339 1731 2405 sententias,
1778 2347 1836 2392 ut
1868 2340 2114 2393 viderunt
2143 2340 2250 2393 Do-

700 2424 908 2480 minum
944 2435 998 2479 et
1030 2425 1361 2481 Salvatorem
1393 2439 1631 2484 nostrum
1658 2430 2000 2498 pollicentem
2032 2441 2085 2485 et
2112 2448 2248 2500 prae-

562 2557 573 2563 -
632 2593 637 2599 O
702 2515 975 2574 dicautem
1019 2532 1077 2572 se
1130 2517 1197 2572 ob
1244 2519 1342 2572 hoc
1373 2521 1584 2574 venisse
1623 2523 1673 2574 in
1708 2522 1848 2574 hunc
1883 2526 2157 2586 mundum,
2196 2535 2250 2577 ιιι

703 2609 1004 2664 destrueret
1033 2611 1208 2663 omnia
1244 2609 1330 2663 illa
1360 2608 1682 2681 quaecunque
1714 2625 1902 2668 essent
1934 2616 2048 2668 falsi
2081 2619 2250 2669 norni-

703 2699 790 2752 nis
839 2702 1076 2756 scientiae
1127 2703 1393 2774 dogmata,
1437 2708 1687 2759 continuo
1746 2709 1867 2775 quis
1912 2709 2253 2777 obtegeretur

703 2791 1046 2860 intrinsecus,
1077 2797 1403 2867 ignorantes,
1431 2797 1662 2852 insidiati
1695 2810 1817 2852 sunt
1858 2801 1904 2854 ei
1942 2819 1952 2852 :
1990 2817 2008 2849 ι
2055 2800 2251 2852 Astitc-

703 2893 832 2938 runt
878 2887 1017 2939 enim
1060 2905 1210 2958 reges
1246 2902 1400 2945 terra:
1429 2890 1561 2960 (60),
1588 2900 1643 2944 et
1681 2893 1950 2961 principes
1981 2907 2249 2946 convene-

704 2985 832 3029 runt
861 2974 1104 3032 inunum
1134 2980 1390 3035 adversus
1415 2979 1698 3035 Dominum
1733 2993 1785 3034 et
1817 2985 2074 3038 adversus
2097 2984 2251 3037 Chri-

703 3074 845 3120 stum
878 3065 991 3134 ejus
1009 3069 1072 3119 “.
1111 3088 1127 3119 ι
1160 3069 1363 3136 Quibus
1412 3088 1596 3126 eorum
1649 3073 1857 3126 insidiis
1906 3075 2154 3144 cognitis,
2198 3085 2252 3128 et

704 3157 789 3211 his
820 3172 937 3226 quae
966 3158 1222 3214 adversus
1249 3164 1441 3217 Filium
1463 3164 1554 3217 Dei
1585 3164 1756 3217 moliti
1782 3169 1908 3218 sunt
1943 3167 2251 3229 intellectis,

705 3263 826 3302 cum
882 3248 1063 3316 gloriae
1102 3251 1378 3308 Dominum
1423 3256 1826 3320 cruciﬁxeruut,
1859 3258 1931 3308 ait
1967 3259 2257 3326 Apostolus

703 3343 849 3410 quia,
879 3361 897 3393 ι
927 3343 1256 3411 Sapientiam
1283 3345 1545 3413 loquimur
1567 3351 1706 3406 inter
1736 3350 2021 3420 perfectos,
2042 3355 2254 3420 sapien-

707 3435 835 3489 tiam
891 3448 1065 3491 autem
1114 3452 1217 3490 non
1278 3437 1431 3506 hujus
1477 3444 1676 3510 saeculi,
1728 3459 1902 3513 neque
1953 3444 2253 3512 principum

707 3529 862 3596 hujus
901 3528 1082 3583 saeculi
1123 3530 1212 3597 qui
1251 3529 1616 3600 destruuntur,
1676 3551 1838 3603 quain
1891 3550 2048 3588 nemo
2109 3537 2257 3604 priu-

704 3620 877 3686 cipum
944 3622 1100 3691 hujus
1167 3622 1345 3675 mundi
1391 3626 1654 3690 cognovit.
1711 3627 1768 3680 Si
1813 3629 1955 3681 enim
1979 3610 2256 3696 cognovis-

705 3721 841 3772 sent,
871 3729 1139 3782 nunquam
1175 3714 1454 3768 Dominum
1501 3714 1680 3782 gloria:
1721 3719 2189 3774 cruciﬁxissent".
2230 3739 2250 3772 ι

776 3801 828 3853 5.
875 3802 1233 3867 Quaerendum
1285 3822 1415 3860 sane
1465 3816 1549 3859 est
1600 3817 1778 3860 utrum
1827 3810 1946 3865 iatae
1980 3813 2255 3879 sapientia:

705 3890 1005 3960 principum
1063 3894 1218 3963 hujus
1262 3897 1446 3950 mundi
1493 3897 1686 3964 quibus
1721 3897 1962 3953 hoinittes
2008 3901 2254 3957 imbuere

705 3982 973 4049 nituntur,
1021 3986 1302 4042 insidiandi
1353 4001 1409 4044 et
1444 3990 1666 4045 laedendi
1716 3991 1895 4044 studio
1928 3993 2252 4061 ingerantur

705 4074 1013 4127 hominibus
1073 4077 1137 4129 ab
1183 4080 1503 4137 adversariis
1542 4081 1849 4145 virtutibus,
1883 4092 1976 4134 aut
2020 4095 2255 4139 tantum-

704 4166 862 4219 modo
917 4166 1115 4220 erroris
1169 4182 1325 4222 causa
1376 4175 1762 4238 adhibeantur;
1795 4174 1844 4226 itl
1884 4183 1989 4238 est,
2021 4157 2128 4229 non
2163 4177 2252 4230 lae-

705 4257 860 4311 dendi
904 4258 1137 4312 hominis
1189 4275 1490 4328 prospectu,
1534 4268 1629 4320 sed
1667 4267 1789 4335 quia
1825 4267 1937 4322 haec
1965 4283 2091 4322 vera
2135 4284 2256 4323 esse
2297 4325 2316 4348 ﬁ

705 4350 804 4417 ipsi
848 4351 919 4403 illi
964 4348 1149 4406 mundi
1208 4353 1366 4420 hujus
1413 4358 1681 4428 principes
1727 4363 2085 4426 arbitrantur,
2136 4363 2255 4416 ideo

2361 517 2547 570 ctrina:
2576 530 2674 583 pro
2706 513 2936 567 veritate
2966 511 3320 580 susceperint,
3351 518 3403 560 et
3440 507 3574 560 hanc
3609 521 3729 560 esse
3759 505 3908 560 veri-

2362 614 2521 660 tatem
2563 603 2700 674 apud
2750 601 3066 670 semetipsos
3117 600 3500 667 indicaverint,
3536 608 3659 650 tunc
3687 597 3906 650 demum

2355 697 2518 750 etiam
2563 696 2776 750 casteria
2828 696 3018 748 eadem
3081 694 3404 761 persuadere
3449 698 3729 752 conantur,
3781 701 3910 756 quae

2356 788 2492 854 apud
2547 787 2868 854 semetipsos
2920 799 3046 837 vera
3094 798 3214 843 esse
3240 781 3580 843 censuerint;
3608 780 3679 832 ita
3706 788 3908 847 putan-

2357 880 2479 931 dum
2530 888 2613 932 est
2661 877 2840 929 facere
2883 883 2938 928 et
2972 875 3240 942 principes
3281 873 3440 941 hujus
3472 870 3678 947 mundi,
3715 870 3764 923 in
3796 883 3930 944 ιιιιο⁸

2357 970 2552 1022 mundo
2599 977 2763 1021 certa:
2820 980 3050 1035 quaeque
3115 965 3385 1033 spiritales
3452 965 3676 1018 virtutes
3725 972 3914 1016 certa-

2356 1074 2472 1110 rum
2521 1057 2634 1127 (62)
2681 1057 2920 1125 gentium
2974 1058 3181 1109 sortitae
3231 1063 3361 1108 sunt
3419 1054 3797 1122 principatum,
3857 1061 3916 1104 et

2355 1161 2576 1222 propter
2606 1149 3007 1218 hoe.principes
3037 1147 3191 1214 hujus
3237 1147 3417 1200 mundi
3446 1145 3723 1214 appellatae
3754 1154 3909 1198 sunt.

2357 1243 2491 1297 Sunt
2543 1251 2799 1312 praeterea
2859 1241 3018 1294 etiam
3077 1240 3194 1292 aliae
3241 1247 3436 1306 praeter
3483 1239 3581 1291 hos
3638 1235 3918 1304 principes

2357 1333 2617 1403 speciales
2673 1329 2831 1402 144
2886 1313 3123 1398 quaadatn
3175 1318 3288 1400 (63)
3327 1328 3510 1382 mundi
3550 1327 3703 1396 hujus
3742 1340 3918 1380 ener—

2355 1423 2452 1494 gim
2487 1414 2622 1491 (61),
2658 1423 2708 1474 id
2746 1431 2852 1483 est,
2888 1419 3117 1472 virtutes
3168 1418 3439 1487 spiritales
3494 1417 3702 1485 aliquae,
3756 1424 3917 1470 certa

2354 1517 2596 1582 quaedam
2640 1521 2926 1579 operantes
2978 1525 3096 1576 quae
3137 1511 3262 1579 ipsae
3299 1510 3400 1564 sibi
3445 1524 3542 1578 pro
3566 1508 3768 1562 arbitrii
3824 1506 3916 1560 sui

2355 1608 2599 1660 libertate
2641 1615 2698 1658 ut
2727 1613 2945 1670 agerent
2975 1605 3277 1673 elegerunt,
3316 1617 3383 1656 ex
3418 1601 3613 1670 quibus
3644 1609 3768 1654 sunt
3819 1598 3918 1652 isti

2356 1699 2628 1767 principes
2654 1695 2743 1763 qui
2781 1705 3076 1761 operantur
3106 1693 3429 1763 sapientiam
3481 1691 3639 1761 hujus
3677 1690 3869 1744 mundi
3900 1705 3919 1750 ',

2358 1790 2504 1843 verbi
2540 1802 2722 1853 causa,
2750 1797 2807 1839 ut
2845 1789 2915 1841 sit
2943 1787 3159 1854 pr0pria
3185 1783 3428 1856 quaedam
3461 1785 3674 1853 euergia
3711 1797 3772 1836 ac
3800 1784 3923 1835 vir-

2359 1892 2466 1948 tus,
2505 1894 2622 1947 quae
2673 1878 2897 1947 inspiret
2925 1879 3212 1947 poeticam,
3245 1879 3347 1930 alia
3389 1892 3507 1946 qua:
3537 1876 3916 1947 geometriam,

2357 1982 2411 2026 et
2446 1973 2517 2025 ita
2550 1987 2777 2040 quaeque
2819 1969 3066 2037 singulas
3108 1982 3350 2038 quasque
3399 1967 3756 2033 hujuscemodi
3792 1965 3922 2036 (65)

2357 2075 2503 2118 artes
2548 2064 2968 2132 disciplinasque
3001 2069 3396 2115 commoueant.
3441 2059 3679 2127 Denique
3711 2074 3923 2128 quam-

2359 2158 2570 2227 plurimi
2630 2158 2945 2212 Graecorum
3007 2155 3214 2223 opinati
3264 2161 3392 2207 sunt
3439 2163 3609 2206 artem
3646 2150 3922 2221 poeticam

2358 2251 2474 2302 sine
2505 2249 2712 2301 insania
2747 2264 2851 2301 non
2879 2262 3036 2314 posse
3080 2256 3330 2300 constare
3365 2263 3376 2298 :
3410 2246 3549 2298 unde
3577 2254 3630 2298 et
3654 2245 3706 2297 in
3740 2244 3925 2298 histo—

2359 2344 2451 2396 riis
2474 2357 2658 2394 eorum
2684 2340 2915 2395 refertur
2935 2338 3228 2406 aliquoties
3257 2354 3353 2393 eos
3383 2354 3516 2407 quos
3549 2349 3696 2391 vates
3722 2337 3924 2405 appel-

2357 2434 2488 2493 lant.
2516 2432 2697 2488 subito
2732 2432 2953 2486 insaniae
2979 2429 3253 2496 cujusdam
3286 2430 3478 2498 spiritu
3505 2442 3622 2482 esse
3652 2427 3917 2495 repletos.

2357 2524 2492 2590 Quid
2527 2534 2702 2577 autem
2726 2523 3013 2576 dicendum
3040 2530 3121 2575 est
3147 2521 3214 2574 de
3243 2520 3326 2573 his
3352 2520 3512 2574 etiam
3541 2534 3676 2587 quos
3696 2517 3926 2571 divinos

2357 2616 2638 2686 appellant,
2675 2631 2705 2667 ιι
2737 2615 2929 2682 quibus
2969 2629 3061 2681 per
3116 2613 3538 2680 inoperationem
3569 2609 3677 2678 (66)
3709 2610 3925 2664 daemo-

2357 2724 2480 2762 num
2531 2723 2714 2760 eoruut
2758 2707 2848 2775 qui
2877 2707 2956 2760 eis
2989 2713 3245 2774 prarsuut,
3283 2704 3529 2781 versibus
3567 2713 3684 2756 arte
3713 2705 3920 2756 modu-

2358 2801 2482 2851 latis
2532 2813 2781 2863 responsa
2834 2797 3217 2866 proferuntur?
3253 2795 3356 2849 Sed
3386 2805 3437 2849 et
3472 2795 3523 2849 hi
3561 2810 3693 2864 quos
3724 2811 3925 2866 magos

2357 2891 2438 2944 vel
2467 2891 2738 2944 maleficos
2763 2893 2966 2953 dicunt,
2987 2890 3274 2956 aliquoties
3288 2889 3621 2941 damonibus
3648 2889 3925 2944 invocatis

2357 2998 2517 3051 supra
2546 2998 2738 3050 pueros
2760 2981 2932 3034 adhuc
2970 2995 3144 3048 parvae
3180 2979 3374 3043 aetatis,
3409 2993 3567 3031 versu
3597 2993 3689 3031 eos
3732 2978 3923 3032 dicere

2358 3086 2606 3142 poemata
2639 3073 2951 3126 admiranda
2984 3072 3234 3124 onmibirs
3268 3080 3320 3122 ct
3349 3071 3607 3138 stupenda
3643 3069 3915 3124 fecerunt.

2359 3166 2632 3236 anehoc
2684 3166 2839 3218 modo
2882 3163 2992 3230 geri
3041 3161 3346 3213 arbitrauda
3378 3172 3523 3224 sunt,
3577 3161 3718 3229 quod
3767 3161 3922 3214 sicut

2359 3266 2553 3310 sanctae
2597 3263 2650 3308 et
2689 3253 3044 3307 immaculata:
3075 3251 3265 3304 animae
3297 3251 3339 3304 si
3370 3267 3492 3304 cum
3522 3251 3665 3303 omni
3707 3249 3915 3305 alfectu

2357 3348 2608 3416 onmique
2633 3347 2866 3416 puritate
2917 3359 2975 3399 se
3021 3345 3267 3398 voverint
3296 3345 3422 3408 Deo,
3451 3353 3502 3396 et
3534 3343 3732 3397 alienas
3760 3358 3822 3397 se
3847 3346 3920 3398 ab

2359 3440 2505 3493 onmi
2568 3429 2868 3492 daemon‘um
2917 3437 3238 3504 contagione
3287 3435 3655 3499 servaverint,
3711 3441 3764 3488 et
3814 3449 3919 3504 per

2360 3531 2576 3582 multam
2622 3529 2997 3582 abstinentiam
3035 3526 3439 3594 purificaverint
3473 3541 3554 3591 se,
3587 3535 3641 3580 et
3688 3526 3792 3595 piis
3847 3543 3917 3581 ac

2362 3623 2619 3691 religiosis
2678 3622 2895 3675 imbutae
2927 3622 3036 3689 (67)
3088 3622 3288 3674 fuerint
3337 3620 3650 3686 disciplinis,
3684 3622 3915 3688 partici-

2358 3716 2501 3782 pium
2548 3728 2642 3780 per
2695 3713 2796 3764 hoc
2848 3711 3154 3764 Divinitatis
3193 3721 3492 3774 assumunt,
3518 3721 3570 3763 et
3614 3712 3916 3777 prophetiae

2358 3824 2420 3861 ac
2453 3815 2770 3860 caeterorum
2799 3804 3103 3856 divinorum
3146 3804 3404 3857 donorum
3433 3803 3662 3870 gratiam
3695 3818 3916 3856 meren-

2359 3913 2479 3964 tur;
2511 3900 2580 3952 ita
2619 3896 2914 3967 putandum
2942 3905 3026 3949 est
3050 3894 3212 3949 etiam
3247 3910 3338 3948 eos
3368 3896 3455 3962 qui
3493 3909 3549 3947 se
3574 3904 3915 3963 opportunos

2357 3994 2648 4050 contrariis
2676 3990 2963 4045 virtutibus
2989 3989 3259 4053 exhibent,
3284 3989 3334 4042 id
3361 3998 3460 4055 est,
3489 3989 3747 4042 industria
3772 3989 3910 4055 vita,

2356 4088 2438 4140 vel
2465 4087 2640 4140 studio
2669 4084 2841 4137 amico
2862 4081 2965 4135 illis
2985 4090 3038 4133 et
3061 4093 3280 4147 accepto
3298 4079 3435 4150 (68),~
3460 4082 3696 4148 recipere
3717 4095 3911 4135 eorum

2360 4180 2785 4246 inspirationcm,
2813 4186 2866 4228 et
2896 4174 3171 4242 sapientiae
3195 4187 3381 4225 eorum
3409 4188 3470 4226 ac
3501 4173 3752 4226 doctrinae
3780 4189 3912 4241 par-

2363 4272 2553 4337 ticipes
2585 4270 2738 4323 eﬂici.
2769 4270 2845 4322 Ex
2879 4283 2983 4336 quo
3013 4265 3076 4318 fit
3119 4275 3175 4318 ιιι
3226 4279 3408 4317 eorum
3450 4265 3910 4332 inoperationibus

2359 4362 2690 4432 repleantur,
2712 4377 2939 4430 quorum
2965 4375 3020 4413 se
3043 4358 3192 4426 prius
3222 4356 3498 4409 famulatui
3532 4355 3905 4423 subjugarunt.

703 4446 862 4499 cllum
886 4459 1108 4502 caeteros
1135 4451 1331 4505 docere
1354 4453 1574 4520 cupiant
1601 4471 1662 4510 ea
1695 4476 1814 4529 qua;
1846 4462 1943 4528 ipsi
1977 4477 2102 4514 vera
2133 4476 2249 4516 esse
2284 4464 2328 4517 ι)
2426 4455 2478 4508 4.
2509 4455 2582 4506 De
2616 4453 2698 4505 his
2729 4467 2857 4504 sane
2883 4453 2971 4519 qui
3005 4453 3069 4506 de
3096 4451 3311 4505 Christo
3343 4451 3498 4503 aliter
3530 4450 3908 4515 docentquam

703 4540 986 4607 Opinantur
1010 4544 1152 4611 (6i);
1203 4545 1411 4614 quodet
1432 4547 1599 4614 magis
1622 4548 1883 4605 arbitror.
1911 4552 2251 4617 Sicutenim,

704 4632 852 4684 verbi
886 4649 1068 4700 causa,
1091 4635 1394 4690 Grmcorum
1430 4648 1696 4702 auctores,
1719 4642 1801 4694 vel
1832 4645 2253 4714 uniuscujusque

771 4765 815 4794 ’°
851 4766 986 4820 Dan.
1023 4783 1074 4822 ιι.
1152 4768 1408 4839 ²¹Ειῡ‹·1ι.
1445 4788 1591 4826 xxvi.
1670 4774 1714 4802 ²¹
1746 4772 1884 4824 Psal.
1927 4791 1984 4836 ll,
2018 4777 2071 4829 εὶ.

776 4910 888 4976 (58)
920 4910 1162 4976 Sicimss.
1187 4914 1358 4974 Alias.
1388 4934 1406 4966 ι
1445 4914 1773 4970 Ιυιίιιιοιιιιιι.
1807 4935 1825 4966 ι

776 4941 888 4976 ιυο]
921 4941 1010 4964 UH.)
1035 4941 1162 4966 ΙΙΙθδο
1187 4941 1358 4974 ΠΙΙὶΙδ.
1388 4941 1406 4966 Ι
1445 4941 1773 4970 δυιΙιΙἪΠΙιιι.
1807 4941 1825 4966 Ι

774 4981 885 5058 (59)
926 4941 1061 5058 Fide
1111 4985 1393 5058 supraﬂlib.
1428 5001 1476 5058 t,_
1498 5001 1546 5038 c.
1572 4986 1626 5050 5,
1662 5003 1810 5041 nttm.
1840 4986 1872 5039 4
1923 4994 1975 5038 et
2016 4987 2067 5050 5,
2122 4989 2246 5043 item

704 5050 742 5105 l.
775 5065 811 5103 It
843 5049 1249 5118 Origeniangq.
1277 5054 1329 5115 5,
1369 5071 1421 5107 ιι.
1454 5055 1544 5108 26.

775 5119 887 5200 (60)
913 5119 1141 5200 ltaimss.
1168 5122 1334 5200 Alias,
1368 5144 1385 5176 ι
1423 5124 1540 5178 falsi
1575 5128 1804 5200 nominis
1846 5128 2096 5200 dogmata
2132 5142 2248 5195 qua:

706 5190 1090 5257 obtegerentttr
1121 5190 1464 5259 intrinsecus,
1485 5198 1739 5250 continuo
1767 5200 1814 5252 ei
1844 5190 2080 5252 insidiati
2102 5190 2245 5259 sunt,

703 5271 760 5313 et
799 5262 1090 5332 astiterunt
1122 5275 1275 5327 reges
1335 5274 1508 5318 terrae.
1551 5285 1571 5317 ι
1615 5266 1751 5320 Infra
1782 5283 1938 5332 mss.,
1974 5287 1991 5318 ι
2027 5268 2248 5320 laedendi

707 5330 883 5382 studio
912 5331 1307 5395 ingerantur....
1351 5344 1530 5389 aut....
1561 5330 1935 5391 adhibeantur.
1977 5359 1993 5388 ι
2041 5337 2094 5389 Ιιι
2131 5337 2248 5389 edi-

708 5401 779 5454 tis
832 5399 1042 5477 legitur.
1077 5400 1479 5477 _t.__ingeruut_ur_
1512 5415 1564 5459 el.
1612 5408 1952 5459 adhibentur.
1995 5427 2011 5458 ι
2052 5408 2247 5460 Ibidem

707 5485 864 5532 mss”
889 5487 911 5519 ί
947 5469 1148 5543 ipsiilli
1181 5472 1360 5543 mundi
1399 5475 1551 5540 hujus
1592 5477 1882 5543 principes.
1920 5498 1939 5529 ι
1994 5480 2050 5531 In
2095 5477 2251 5532 editis

707 5544 878 5606 deest,
915 5558 932 5589 ι
973 5539 1149 5611 ipsi.)
1190 5551 1243 5593 et
1278 5557 1296 5589 t
1333 5539 1502 5606 hujus.
1531 5565 1548 5594 ι
1587 5539 1784 5600 lhideni
1819 5563 1969 5611 mss.,
2011 5568 2029 5598 ι
2063 5550 2251 5602 docere

709 5613 1004 5684 c-ttpiant._r
1042 5609 1209 5684 Alias,
1249 5627 1266 5659 t
1306 5611 1499 5667 docere
1528 5618 1768 5684 cupiunt.
1811 5635 1827 5665 ι

783 5678 894 5747 itii)
928 5681 1091 5734 (laute
1123 5678 1256 5747 lege.

781 5751 888 5823 (b2)
921 5751 1008 5808 Sic
1036 5755 1160 5804 mss.
1198 5751 1359 5818 Alias,
1398 5771 1413 5800 ι
1447 5765 1780 5809 caeterarum.
1819 5776 1835 5808 ι
1883 5755 2072 5812 lhidcut
2102 5776 2252 5823 mss,

2358 4545 2757 4613 Scripturarum
2809 4546 2990 4610 regula
3045 4545 3265 4611 patitur,
3301 4559 3402 4596 non
3448 4543 3678 4595 otiosum
3709 4548 3790 4592 est
3821 4539 3910 4590 in-

2353 4637 2510 4702 tttcri,
2546 4646 2722 4687 utrum
2768 4634 3025 4686 insidioso
3060 4636 3333 4703 propesito
3364 4636 3651 4689 adversum
3695 4630 3906 4686 Christi

2146 4781 2231 4832 ³³1
2268 4779 2392 4833 Cor.
2427 4794 2488 4838 ll,
2524 4776 2576 4838 6,
2605 4773 2658 4836 7,
2691 4771 2744 4825 8.

2356 4939 2374 4969 ι
2407 4921 2676 4988 principes
2734 4915 2892 4983 hujus
2948 4916 3126 4988 mundi
3183 4918 3463 4988 appellatae
3493 4929 3638 4975 sunt.
3675 4939 3694 4972 ι
3739 4919 3900 4988 Libb.

2352 4992 2502 5050 editi,
2541 5008 2558 5039 ι
2586 4987 2868 5057 principes
2910 4987 3064 5048 hujus
3093 4987 3270 5039 tnundi
3305 4988 3551 5055 appeUati
3583 5001 3727 5042 sunt.
3771 5011 3792 5044 ι

2423 5060 2531 5129 (65)
2548 5058 2809 5125 Speciales
2826 5061 3082 5125 quwdam.
3106 5058 3194 5109 Sic
3212 5071 3341 5110 mss.
3363 5059 3563 5122 Alias,c
3592 5061 3902 5128 spirituales

2392 5133 2614 5180 utetlam.
2654 5149 2671 5176 ι
2760 5160 2768 5172 ι

2352 5145 2614 5195 quaedam.
2654 5149 2671 5176 ι
2760 5160 2768 5172 ι

2424 5197 2532 5265 (64)
2562 5198 2688 5252 Vide
2721 5198 2756 5253 I.
2797 5213 2831 5251 ll
2865 5196 3191 5266 Origenian.,
3215 5212 3270 5265 q.
3306 5197 3354 5260 5,
3388 5214 3444 5250 ιι.
3478 5198 3565 5250 29.

2424 5268 2532 5345 (65)
2566 5268 2659 5320 Sic.
2687 5284 2834 5345 _itiss.
2895 5269 3060 5337 Alias,
3099 5287 3115 5319 ι
3153 5280 3205 5323 et
3258 5269 3330 5320 ita
3384 5285 3621 5336 quasque
3658 5272 3904 5339 singulas

2359 5337 2739 5403 hujusc‘emodi.
2778 5357 2796 5387 ι
3105 5363 3109 5370 -
3754 5337 3787 5354 ~-

2416 5403 2536 5485 '(66)
2568 5403 3002 5485 Inoperationem.
3037 5408 3125 5464 Sic
3156 5420 3300 5465 recte
3333 5424 3460 5465 mss.
3481 5409 3630 5463 Alias
3649 5413 3912 5469 mendose

2363 5496 2379 5525 ‹
2416 5483 2919 5541 incorporationem.
2954 5497 2971 5527 ι

2397 5545 2537 5620 (67)
2592 5541 2701 5596 Piis
2746 5561 2816 5620 τις
2865 5548 3118 5620 religiosis
3167 5552 3394 5617 imbutae.
3424 5551 3514 5606 Sic
3555 5567 3691 5606 mss.
3735 5551 3916 5617 Alias,

2365 5635 2381 5666 ι
2415 5616 2514 5684 piis
2538 5627 2701 5666 sacrae
2729 5616 3000 5684 religionis
3033 5620 3267 5674 imbutae.
3305 5640 3324 5671 ι

2430 5685 2537 5755 (68)
2569 5685 2657 5737 Sic
2705 5702 2830 5740 mss.
2865 5687 3026 5754 Alias,
3066 5708 3084 5739 t
3126 5691 3206 5743 vel
3233 5693 3408 5748 studio
3444 5702 3498 5749 et
3532 5694 3773 5748 amicitia
3812 5696 3922 5748 aliis

2364 5769 2598 5825 atit‘t‘jlla.
2642 5771 2683 5810 ι.
3444 5767 3450 5775 Ι

3959 2539 3993 2568 ὃ
