4074 6308
337 291 446 351 ιιι

1647 296 1844 351 LIBER
1879 296 2189 351 TERTIUS.

3427 291 3530 347 318

343 410 502 465 ﬁdem
540 408 768 464 niteutes
806 409 1086 464 contraria:
1121 410 1346 465 virtutes
1385 411 1620 466 fabulosa
1648 417 1887 483 quardam
1918 420 1962 474 Α
1992 412 2122 467 Boni
2151 427 2277 482 ergo
2308 412 2524 480 spiritus
2556 410 2979 480 suggestionibus
3010 410 3296 464 humanam
3326 423 3524 464 memo-

339 499 498 554 simul
544 509 599 554 et
648 499 810 567 impia
847 498 956 568 (69)
991 501 1232 568 dogmata
1290 513 1603 558 commentae
1643 506 1782 571 sint;
1813 523 1878 559 an

339 605 472 644 vero
498 589 657 642 etiam
691 588 819 656 ipsae
843 588 1023 641 audito
1053 591 1214 644 verbo
1233 591 1430 645 Christi
1457 600 1509 644 et
1539 607 1710 662 neque
1755 610 1880 647 evo-

342 692 490 732 mere
522 678 572 730 id
599 676 834 732 valentes
859 693 922 731 ex
950 680 1160 734 arcanis
1185 681 1526 735 conscientia:
1555 697 1686 749 suae,
1709 701 1878 754 neque

338 782 473 834 pure
515 775 803 836 sancteque
855 770 1109 834 retinere,
1147 785 1243 838 per
1272 786 1397 824 vasa
1424 765 1719 842 opportuna
1752 778 1874 843 sibi,

333 868 496 925 et,ut
551 859 625 912 ita
688 860 883 924 dicam,
932 861 1221 928 prophetas
1277 872 1402 916 suos
1441 863 1579 934 (70),
1637 867 1877 923 diversos

330 966 550 1022 errores
575 963 759 1004 contra
786 951 1020 1021 regulam
1049 952 1371 1009 Christianae
1389 958 1633 1011 veritatis
1662 959 1879 1013 induxe-

330 1038 463 1090 rint.
500 1035 565 1088 Et
596 1038 766 1106 magis
795 1038 1086 1106 putandum
1121 1050 1204 1096 est
1246 1049 1387 1112 quod
1418 1054 1673 1113 apostatae
1701 1058 1756 1100 et
1791 1064 1875 1102 re-

324 1125 470 1196 fuga:
498 1126 748 1192 virtutes,
775 1143 893 1199 quae
931 1144 959 1182 a
997 1129 1102 1183 Deo
1137 1134 1551 1195 recesserint,ex
1583 1135 1692 1202 ipsa
1723 1153 1872 1190 men~

328 1217 402 1271 tis
443 1231 552 1271 suae
607 1220 973 1288 propositique
1023 1223 1258 1289 nequitia
1322 1223 1406 1278 vel
1445 1224 1640 1278 invidia
1688 1239 1869 1279 eorum

324 1311 525 1378 quibus
567 1313 795 1366 veritate
827 1313 1035 1380 cognita
1063 1314 1173 1384 (71)
1201 1316 1267 1370 ad
1301 1316 1446 1370 illum
1485 1318 1703 1386 gradum
1733 1318 1872 1371 unde

327 1399 466 1467 ipsa
488 1399 720 1470 delapsa:
744 1411 888 1467 sunt,
917 1415 1288 1472 prarparantur
1312 1422 1588 1474 ascensus,
1612 1408 1678 1460 ad
1703 1408 1871 1476 impe-

327 1490 555 1545 rtiendos
602 1492 975 1562 hujuscemodi
1014 1494 1307 1564 profectus,
1340 1514 1553 1555 errores
1585 1498 1681 1553 hos
1727 1498 1870 1554 falsze

317 1579 578 1636 doctrina:
653 1584 1103 1656 deceptiouesque
1181 1600 1527 1657 componunt.
1591 1593 1868 1648 Manit'cste

313 1677 450 1735 ergo
492 1677 547 1723 et
577 1687 645 1725 ex
679 1672 862 1725 multis
897 1673 1110 1728 iudiciis
1155 1675 1573 1742 demonstratur,
1601 1681 1741 1749 quod
1771 1681 1868 1733 hu-

1986 506 2118 558 riam
2155 507 2220 558 ad
2261 502 2677 557 recordationem
2714 502 2988 555 meliorum
3037 501 3316 569 provocari
3343 514 3527 554 exem-

1984 594 2082 661 plis
2102 593 2210 659 jam
2240 594 2291 646 in
2319 593 2685 661 superioribus
2705 593 3034 653 edocuimus,
3054 607 3173 643 cum
3204 590 3525 645 Marduchaei

1980 695 2031 737 et
2058 685 2372 736 Artaxerxis
2405 683 2628 736 fecimus
2661 685 3003 735 mentionem.

2058 778 2110 831 5.
2149 773 2283 828 lllud
2311 787 2523 842 quoque
2560 787 2696 826 con-
2968 787 3177 825 HlERON.
3219 786 3398 824 INTER.

1976 876 2262 935 sequenter
2331 864 2703 932 requirendum
2801 884 2806 890 ι
2869 861 2969 915 Sed
3018 862 3211 920 stultos
3261 861 3523 929 requiren-

1976 967 2122 1025 puto.
2159 972 2223 1010 ex
2284 956 2473 1024 quibus
2518 955 2694 1007 causis
2783 952 2904 1005 dum
2927 952 3037 1021 (75)
3080 969 3237 1022 quare
3293 951 3517 1004 humana

1977 1052 2204 1103 humana
2270 1066 2272 1068 '
2305 1048 2479 1100 anima
2560 1061 2702 1099 nunc
2783 1046 2954 1096 anima
2985 1061 3119 1096 nunc
3157 1043 3219 1096 ab
3255 1043 3353 1105 his,
3382 1058 3514 1096 nunc

1975 1142 2186 1211 quidem
2241 1155 2270 1192 a
2319 1139 2470 1192 bonis
2491 1179 2507 1204 ,
2569 1151 2707 1190 nunc
2800 1136 2860 1186 ab
2886 1135 3003 1187 aliis
3033 1135 3310 1187 virtutibus
3340 1136 3405 1185 ad
3435 1134 3513 1185 di-

1974 1239 2146 1283 autem
2180 1237 2452 1282 moveatur
2471 1243 2498 1278 a
2525 1225 2699 1278 malis.
2795 1240 2933 1277 versu
2957 1232 3237 1276 moveatur.

1975 1323 2138 1388 Cujus
2161 1323 2238 1376 rei
2273 1335 2465 1376 causas
2491 1320 2603 1389 (76)
2643 1319 2891 1387 suspicor
2929 1331 3048 1371 esse
3094 1320 3352 1384 quasdam
3382 1315 3512 1369 anti-

1970 1415 2183 1482 quiores
2216 1413 2372 1466 etiam
2422 1412 2519 1464 hac
2553 1411 2828 1462 nativitate
2859 1422 3138 1475 corporea,
3191 1407 3326 1461 sicut
3374 1407 3518 1460 desi-

1969 1517 2095 1571 gnat
2119 1506 2350 1560 Joannes
2382 1507 2431 1559 in
2466 1503 2655 1557 matris
2681 1512 2868 1555 ventre
2908 1501 3206 1570 tripudians
3240 1509 3293 1554 et
3332 1498 3516 1554 exsul-

1967 1606 2106 1657 tans,
2137 1612 2259 1650 cum
2308 1613 2405 1651 vox
2458 1594 2799 1650 salutationis
2833 1592 3013 1644 Maria:
3043 1593 3112 1644 ad
3141 1607 3297 1646 aures
3341 1591 3512 1645 Elisa-

1969 1687 2092 1740 beth
2126 1688 2312 1741 matris
2348 1689 2463 1754 ejus
2500 1687 2657 1739 allata
2690 1695 2772 1738 est
2791 1701 2807 1748 ;
2835 1695 2887 1737 et
2919 1693 2975 1735 ut
2999 1683 3514 1738 declaratJeretnias

315 1775 478 1824 mana
540 1761 742 1828 anima,
792 1763 914 1816 dum
968 1763 1018 1815 in
1073 1765 1174 1820 hoc
1220 1777 1298 1821 est
1327 1783 1574 1838 corpore,
1627 1772 1865 1840 recipere
1895 1779 1937 1832 B
1965 1777 2246 1846 propheta,
2287 1778 2375 1843 qui
2418 1787 2700 1843 antequam
2741 1772 3103 1842 plasmaretur
3135 1774 3184 1825 in
3219 1784 3370 1827 utero
3400 1789 3522 1826 ιιιει-Δ

314 1860 501 1920 potest
534 1853 776 1907 diversas
805 1855 1070 1922 energias,
1112 1857 1159 1908 id
1185 1866 1288 1920 est,
1316 1857 1708 1926 inoperationes
1748 1863 1860 1933 (72)

312 1943 600 2013 spirituum
647 1944 979 2000 diversorum
1026 1945 1287 1998 malorum
1341 1963 1404 2001 ac
1461 1950 1757 2017 bonorum;
1809 1964 1861 2006 et

311 2033 580 2088 malorum
638 2034 851 2104 quidem
921 2035 1115 2104 duplici
1175 2038 1376 2106 specie,
1407 2039 1456 2091 id
1501 2049 1602 2104 est,
1633 2041 1711 2095 vel
1736 2053 1860 2096 tunc

311 2140 436 2180 cum
461 2127 670 2194 penitus
698 2141 761 2180 ex
789 2128 993 2197 integro
1025 2143 1207 2182 eorum
1240 2130 1856 2198 possederint‘mentem.

311 2219 391 2272 ita
428 2228 485 2272 ut
511 2218 643 2272 nihil
674 2220 889 2273 omnino
917 2234 1011 2273 eos
1040 2235 1172 2288 quos
1200 2220 1529 2287 obsederint,
1563 2223 1858 2293 intelligere

312 2309 405 2364 vel
448 2311 653 2364 sentire
701 2311 1031 2379 permittant,
1059 2311 1197 2366 sicut
1230 2315 1474 2384 exemplo
1500 2328 1624 2370 sunt
1648 2317 1699 2370 hi
1723 2331 1857 2384 quos

306 2398 472 2469 vulgo
496 2414 884 2469 energumenos
912 2411 1137 2465 vocant,
1165 2418 1298 2470 quos
1325 2414 1566 2459 amentes
1610 2414 1662 2460 et
1707 2407 1853 2461 insa-
1898 2441 1899 2444 η

307 2505 409 2544 nos
447 2491 712 2555 videmus,
744 2492 928 2560 quales
961 2494 1038 2546 illi
1067 2503 1221 2547 erant
1252 2496 1344 2564 qui
1386 2494 1440 2549 in
1501 2496 1786 2567 Evangelia
1823 2513 1852 2550 a

307 2581 593 2636 Salvatore
625 2584 797 2636 curati
826 2597 960 2647 esse,
980 2584 1318 2647 referuntur;
1357 2586 1437 2640 vel
1468 2601 1589 2641 eum
1614 2579 1851 2642 se'ntien-

303 2682 417 2727 tem
448 2673 675 2742 quidem
718 2682 771 2726 et
816 2672 1198 2742 intelligentem
1236 2678 1471 2730 animum
1510 2679 1851 2748 cogitationi-

308 2763 410 2818 bus
435 2764 601 2817 variis
622 2773 672 2818 et
690 2765 923 2820 sinistris
951 2767 1388 2836 persuasionibus
1418 2769 1628 2823 inimica
1660 2767 1850 2838 sugge-

305 2854 485 2908 stione
527 2855 825 2923 depravant
854 2875 865 2908 :
899 2867 957 2910 ut
992 2857 1234 2926 exemplo
1259 2868 1340 2911 est
1373 2858 1534 2914 Judas
1571 2861 1634 2914 ad
1666 2861 1845 2930 prodi-

300 2942 470 2998 tionis
507 2943 722 2998 facinus
752 2944 946 3016 diaboli
993 2946 1321 3000 immissione
1345 2959 1684 3016 provocatus,
1711 2951 1847 3005 sicut

297 3035 582 3106 Scriptura
617 3037 875 3101 declarat,
906 3037 1085 3092 dicens
1118 3055 1132 3091 :
1173 3056 1191 3088 ι
1222 3037 1351 3092 Cum
1382 3048 1555 3092 autem
1581 3038 1692 3108 jam
1730 3041 1846 3094 dia-

292 3129 453 3184 bolus
501 3129 740 3182 misisset
777 3130 827 3181 in
878 3144 973 3183 cor
1026 3128 1179 3184 Iuda:
1226 3130 1479 3185 Seariotis
1510 3141 1566 3184 ut
1609 3135 1909 3202 traderetc
1942 3153 2238 3224 pyumnem
2291 3128 2600 3224 nominaui,
2635 3160 2684 3212 id

292 3217 504 3270 eum“.
545 3236 562 3268 ι
601 3215 731 3270 Boni
764 3234 893 3272 vero
933 3218 1151 3287 spiritus
1182 3221 1369 3287 recipit
1403 3221 1520 3288 quis
1545 3224 1839 3293 energiam,

290 3307 346 3360 id
376 3315 478 3371 est,
506 3308 946 3375 inoperationem,
975 3325 1091 3363 cum
1125 3321 1369 3364 movetur
1403 3310 1514 3381 (73)
1549 3323 1603 3366 et
1645 3329 1841 3383 provo-

290 3426 451 3471 catur
494 3416 558 3471 ad
599 3419 760 3481 bona,
790 3427 844 3470 et
887 3418 1175 3487 inspiratur
1205 3421 1269 3473 ad
1308 3421 1544 3475 coalestia
1589 3424 1670 3477 vel
1699 3425 1837 3479 divi-

290 3523 364 3562 na
396 3508 545 3580 (74);
575 3508 713 3561 sicut
737 3509 911 3562 sancti
942 3508 1114 3577 angeli
1140 3517 1194 3563 et
1221 3509 1332 3577 ipse
1357 3511 1492 3564 Deus
1524 3514 1838 3582 inoperatus

286 3606 378 3654 est
404 3598 458 3651 in
505 3597 798 3666 prophetis,
828 3598 1254 3667 suggestionibus
1289 3602 1491 3655 sanctis
1518 3602 1580 3666 ad
1611 3603 1832 3657 meliora

281 3704 592 3761 provocans
621 3689 1036 3755 et'cohortans;
1081 3690 1153 3743 ita
1207 3705 1346 3744 sane.
1387 3701 1447 3744 ut
1492 3704 1731 3749 maneret
1777 3696 1831 3748 in

282 3780 520 3836 arbitrio
546 3780 784 3836 hominis
811 3795 874 3836 ac
895 3781 1118 3850 judicio,
1152 3782 1197 3835 si
1228 3785 1380 3852 sequi
1409 3784 1536 3838 velit
1571 3793 1658 3837 aut
1699 3785 1833 3840 nolit

280 3874 355 3928 ad
385 3873 627 3927 coelestia
652 3881 708 3927 et
735 3865 910 3928 divina
937 3882 1335 3942 provocantem.
1363 3875 1515 3929 Unde
1556 3888 1606 3930 et
1633 3891 1699 3929 ex
1731 3878 1830 3931 hac

277 3962 568 4018 manifesta
607 3963 934 4020 discretione
963 3965 1298 4036 dignoscitur
1345 3969 1608 4043 quomodo
1650 3970 1826 4023 anima

271 4053 522 4108 melioris
544 4055 764 4123 spiritus
791 4059 1074 4125 pra-sentin
1098 4069 1401 4121 moveatur,
1431 4059 1480 4111 id
1509 4069 1610 4122 est,
1641 4061 1683 4113 si
1709 4061 1828 4114 nul-

183 4144 186 4145 ⁷
268 4143 389 4197 hin
431 4159 654 4212 prorsus
696 4162 762 4200 ex
799 4147 1095 4203 imminenti
1133 4151 1462 4218 aspiratione
1492 4150 1826 4219 obturbatio-

266 4249 405 4290 nem
438 4236 519 4295 vel
545 4238 926 4294 alienationem
979 4243 1176 4297 mentis
1208 4244 1464 4311 incurrat,
1494 4262 1590 4301 nec
1638 4249 1826 4312 perdat

265 4321 490 4377 arbitrii
530 4326 613 4379 sui
651 4326 911 4394 judicium
957 4328 1216 4396 liberum;
1249 4334 1389 4388 sicut
1427 4338 1670 4404 exemplo
1702 4350 1825 4393 sunt

261 4431 467 4474 omnes
495 4416 580 4472 vel
605 4419 897 4487 propheta,
945 4420 1029 4474 vel
1082 4425 1325 4491 apostoli,
1372 4429 1464 4494 qui
1499 4430 1697 4484 divinis
1740 4447 1823 4485 re-

260 4509 490 4580 aponsis
522 4508 640 4563 sine
669 4508 773 4563 ulla
802 4510 998 4564 mentis
1020 4499 1393 4570 obturbatioue
1417 4519 1806 4576 ministrabant.

302 4624 359 4659 "
387 4624 540 4681 Joan.
579 4639 702 4693 xm,
723 4625 782 4679 2.
854 4627 900 4657 ’⁵
926 4625 1035 4681 Jer.
1067 4643 1105 4680 ι.

343 4719 456 4780 (69)
483 4719 676 4790 Impia.
707 4720 796 4776 Sic
831 4736 954 4776 mss.
991 4720 1158 4784 Alias,
1194 4739 1212 4771 ι
1266 4723 1408 4790 ipsae.
1450 4743 1464 4772 ι
1850 4729 1895 4784 Ι)

341 4791 456 4863 (70)
488 4789 581 4863 Sic
613 4807 741 4847 mss.
776 4791 945 4863 Alias,
981 4809 998 4842 ι
1040 4789 1293 4860 perversa
1320 4794 1587 4861 dogmata,
1618 4804 1673 4848 et
1698 4810 1812 4863 per,

257 4872 330 4915 ut
369 4861 440 4914 ita
471 4860 642 4930 dicam
673 4862 1003 4930 ,tprophetas
1032 4876 1174 4916 suos.
1208 4879 1228 4908 ι

342 4931 457 4999 (71)
495 4928 734 5000 Cognita.
781 4928 936 4987 Deest
973 4932 1026 4985 in
1059 4939 1215 4985 antea
1243 4930 1422 4997 editis,
1456 4933 1547 4986 sed
1583 4935 1812 4989 habetur

253 5001 320 5057 in
363 5013 488 5053 mss.

342 5066 458 5138 (72)
485 5067 638 5122 Libb.
672 5072 822 5137 editi,
857 5091 875 5123 ι
903 5072 1260 5138 operationes.
1299 5092 1318 5123 ι

345 5136 459 5212 (ξιξ)
485 5138 720 5212 Sicms‘s.
742 5136 905 5212 lned.
930 5136 1097 5206 deest,
1123 5162 1141 5195 ι
1167 5143 1307 5212 quis,
1333 5146 1427 5197 i'et
1453 5162 1470 5193 ι
1499 5155 1756 5199 movetur.
1788 5167 1806 5198 ι

344 5207 458 5283 (Ῑιξ)
488 5208 620 5283 Yide
660 5209 697 5261 1.
729 5225 767 5283 ιιι
806 5207 1212 5283 Οινὶρεηὶαηηιῖζ
1239 5214 1292 5278 7,
1328 5231 1381 5266 η.
1418 5217 1470 5270 5.

347 5278 460 5347 (75)
494 5277 594 5354 Sed
643 5288 692 5354 et
733 5280 829 5354 Iros
873 5277 1251 5354 rEquirendtim,
1301 5295 1406 5338 etc.
1461 5285 1537 5338 Ex
1589 5286 1810 5354 epistola

257 5348 586 5426 Hieronymi
623 5349 689 5402 ad
733 5348 969 5426 avitum.
998 5353 1081 5406 ubi
1126 5355 1273 5409 addit
1306 5373 1319 5407 :
1352 5374 1369 5406 ι
1408 5365 1462 5408 et
1488 5348 1638 5424 putat
1669 5356 1811 5426 (Ori-

257 5419 462 5497 genes)
491 5419 841 5497 quorumdam
888 5431 1175 5497 antequam
1199 5426 1448 5497 venirent
1479 5419 1529 5478 in
1565 5419 1809 5495 corpora,

257 5491 466 5545 [uerita
493 5491 859 5556 praecessisse;
892 5501 948 5542 ut
974 5503 1056 5543 est
1087 5493 1210 5547 illud
1246 5493 1467 5549 Joannis
1494 5491 1811 5550 exsultantis

258 5563 324 5616 in
366 5569 512 5614 utero
557 5558 740 5620 matris
766 5573 893 5623 suae,
925 5562 1135 5626 quando
1158 5565 1220 5615 ad
1262 5580 1444 5618 vocem
1473 5567 1808 5619 salutationis

258 5631 454 5703 Maria:
505 5630 883 5703 indignam‘se
925 5628 1351 5703 confabulatione
1391 5636 1504 5703 ejus
1535 5637 1802 5690 Elisabeth

252 5698 802 5777 equitite‘tur_.'r_Quod
830 5713 1010 5777 revera
1027 5699 1260 5777 hector-0
1277 5698 1476 5761 dixisse
1499 5706 1799 5777 Origenem,

252 5770 426 5829 ﬁdem
462 5769 590 5824 facit
631 5768 994 5837 interpretatio
1023 5765 1218 5825 Ruﬁni.

1965 1869 2140 1931 tris",
2170 1869 2417 1937 cognitus
2437 1877 2554 1920 erat
2589 1866 2718 1929 Deo,
2752 1875 2804 1919 et
2835 1875 3121 1934 antequam
3153 1881 3182 1919 e
3211 1866 3366 1918 vulva
3395 1881 3512 1934 pro—

1959 1962 2171 2012 cederet
2234 1959 2598 2013 sanctiﬁcatus
2653 1959 2719 2009 ab
2775 1969 3006 2022 eo‘esL,
3058 1967 3110 2011 et
3165 1973 3296 2026 puer
3339 1958 3508 2012 adhuc

1957 2052 2247 2118 prOphetite
2281 2051 2507 2120 gratiam
2541 2049 2773 2116 accepit.

1961 2140 2115 2212 145
2133 2141 2195 2193 Et
2219 2156 2430 2194 rursum
2451 2150 2696 2194 econtra-
2867 2151 3150 2190 manorum
3183 2152 3394 2191 ιΝτειιρ.

1956 2233 2038 2285 rio
2069 2233 2349 2287 manifeste
2392 2232 2695 2286 ostenditur
2766 2227 2830 2280 Et
2865 2231 3155 2281 econtrario
3190 2229 3395 2297 parvuli
3435 2230 3505 2285 Ii-

1954 2326 2144 2396 (77)ab
2169 2326 2695 2395 adversariisspiriti-
2765 2332 2858 2386 cet,
2889 2331 2938 2377 et
2962 2339 3085 2391 pene
3111 2322 3357 2378 lactantes
3386 2342 3503 2379 tnu—

1951 2419 2052 2474 bus
2068 2420 2325 2488 quosdam
2354 2436 2382 2474 a
2400 2419 2570 2489 prima
2591 2427 2696 2473 sta-
2763 2418 2828 2472 lis
2852 2418 3112 2485 replentur
3132 2419 3426 2487 spiritibus,
3450 2429 3500 2473 et

1954 2512 2046 2565 lim
2081 2521 2236 2567 aitate
2279 2526 2556 2581 possessos
2581 2553 2597 2580 ,
2641 2513 2693 2567 id
2765 2515 2818 2566 in
2846 2513 3047 2566 divinos
3079 2523 3235 2582 atque
3272 2515 3502 2567 hariolos

1949 2613 2031 2658 est
2077 2605 2363 2660 nonnullos
2405 2621 2528 2659 cum
2578 2607 2689 2674 ipso
2762 2608 3107 2675 inspirantur,
3137 2609 3188 2660 in
3217 2617 3416 2660 tantum
3443 2615 3499 2660 ιιι

1947 2699 2185 2752 daemone
2214 2713 2331 2752 esse
2358 2710 2514 2752 natos
2552 2699 2684 2769 (78),
2759 2702 2915 2752 etiam
2944 2702 3142 2753 dwmon
3179 2700 3498 2769 Pyl/tonicus

1947 2788 2080 2842 alios
2109 2803 2237 2842 vero
2268 2804 2298 2842 a
2341 2804 2509 2857 puero
2546 2790 2683 2842 divi-
2756 2792 3006 2859 quosdam
3053 2808 3084 2842 a
3127 2801 3301 2843 tenera
3343 2802 3497 2844 atate

1947 2894 2103 2934 nasse
2153 2881 2503 2936 historiarum
2553 2882 2685 2936 ﬁdes
2755 2886 3186 2954 possideat,quos
3221 2887 3494 2940 derelictos

1944 2971 2206 3031 declarat.
2265 2974 2365 3027 Alii
2427 2989 2455 3027 a
2513 2974 2682 3043 prima
2756 2992 2863 3028 esse
2917 2977 3053 3043 apud
3121 2979 3492 3041 providentiam

1944 3071 2101 3117 mtate
2168 3065 2463 3120 daemonem
2528 3081 2680 3135 quem
2755 3069 2868 3131 Dei,
2907 3086 3021 3121 cum
3059 3069 3186 3121 nihil
3216 3071 3320 3122 tale
3362 3071 3498 3138 fece-

2748 3163 2860 3213 rint
2913 3171 2966 3213 ut
3010 3162 3299 3214 istiusmodi
3354 3163 3495 3215 insa-

1948 3256 2030 3300 est
2057 3287 2071 3311 ,
2125 3249 2518 3319 ventriloquum
2573 3252 2682 3322 (79)
2757 3255 2892 3304 niam
2925 3255 3254 3319 sustinerent,
3284 3270 3384 3307 non
3412 3265 3489 3308 est

1946 3341 2088 3405 passi
2139 3351 2284 3395 sunt.
2334 3345 2436 3397 Pro
2489 3344 2682 3412 quibus
2755 3345 2865 3411 ejus
2893 3347 2979 3412 qui
3006 3347 3133 3399 nihil
3169 3348 3274 3400 vult
3307 3348 3492 3416 absque

1944 3432 2186 3485 omnibus
2225 3434 2292 3486 ab
2334 3435 2415 3486 his
2465 3435 2553 3502 qui
2589 3435 2678 3488 Dei
2751 3439 2860 3492 Deo
2885 3441 3020 3507 ﬁeri,
3055 3452 3100 3494 et
3139 3444 3312 3494 omnia
3347 3445 3489 3496 illius

1941 3521 2273 3588 providentia
2329 3525 2440 3590 regi
2498 3527 2676 3578 omnia
2741 3529 2955 3596 justitia
2987 3532 3283 3599 gubernari.

1940 3626 2057 3678 qua:
2091 3613 2142 3665 in
2175 3615 2370 3666 mundo
2394 3624 2535 3676 sunt,
2564 3628 2841 3684 asserunt,
2870 3620 3008 3674 sicut
3046 3631 3226 3676 nostra
3274 3639 3488 3693 quoque

1938 3704 2178 3757 continet
2211 3706 2362 3769 lides,
2395 3717 2454 3759 ut
2492 3707 2619 3762 mihi
2658 3709 2897 3779 videtur,
2945 3729 3048 3768 non
3100 3714 3254 3768 aliter
3293 3718 3488 3784 poterit

1937 3797 2267 3864 responderi,
2301 3799 2374 3851 ita
2408 3809 2466 3852 ut
2492 3800 2696 3871 absque
2717 3806 2860 3858 omni
2889 3806 3164 3874 iniustitiae
3191 3808 3340 3877 culpa
3369 3826 3486 3877 pro-

1937 3888 2166 3941 videntia
2196 3890 2614 3958 demonstretur,
2656 3895 2757 3947 nisi
2798 3897 3002 3964 priores
3043 3899 3283 3968 quaedam
3321 3898 3486 3955 fuisse

1934 3979 2010 4031 eis
2045 3994 2218 4032 causa:
2259 3979 2540 4042 dicantur,
2582 3984 2775 4050 quibus
2823 3995 3108 4055 antequam
3161 3990 3212 4041 in
3261 4003 3484 4058 corpore

1933 4082 2282 4124 nascerentur
2311 4073 2535 4138 anima),
2568 4075 2767 4144 aliquid
2817 4079 3184 4132 contraxerint
3226 4081 3393 4148 culpa:
3430 4082 3480 4134 in

1932 4165 2170 4220 sensibus
2200 4165 2281 4218 vel
2312 4168 2541 4220 motibus
2571 4169 2683 4220 suis
2706 4208 2720 4231 ,
2777 4185 2871 4237 pro
2913 4172 3107 4238 quibus
3154 4173 3255 4224 hoc
3290 4174 3482 4226 merito

1932 4255 2035 4320 pati
2066 4269 2092 4305 a
2117 4255 2291 4307 divina
2325 4256 2653 4324 providentia
2675 4255 2930 4323 judicata:
2959 4267 3102 4310 sunt.
3130 4258 3302 4312 Liberi
3328 4276 3479 4313 nam-

1929 4361 2034 4414 que
2058 4347 2261 4398 arbitrii
2301 4361 2512 4415 semper
2543 4359 2624 4403 est
2674 4350 2850 4402 anima
2899 4348 3032 4418 (80),
3067 4349 3226 4402 etiam
3257 4365 3375 4403 cum
3424 4352 3477 4405 in
3513 4397 3515 4400 .

1929 4450 2152 4502 corpore
2183 4437 2302 4501 hoc,
2331 4439 2491 4492 etiam
2525 4455 2644 4492 eum
2684 4450 2834 4491 extra
2866 4453 3061 4506 corpus
3089 4449 3203 4503 est;
3233 4448 3286 4494 et
3309 4441 3472 4495 liber-

1921 4533 2002 4577 tas
2027 4526 2235 4579 arbitrii
2264 4528 2346 4582 vel
2383 4533 2448 4582 ad
2485 4531 2621 4583 bona
2664 4544 2872 4597 semper
2896 4529 3007 4597 (8i)
3035 4570 3050 4594 ,
3095 4530 3177 4584 vel
3221 4531 3286 4584 ad
3333 4531 3472 4587 mala

2143 4732 2273 4810 Yitle
2296 4734 2387 4787 lib.
2411 4733 2868 4810 tt_Qrigenian.,'q.
2890 4738 2941 4801 6,
2960 4756 3010 4793 ιι.
3034 4741 3066 4794 4
3085 4750 3135 4796 et
3152 4758 3205 4810 (ι.
3242 4743 3291 4808 7,
3309 4748 3466 4802 n.1'5.

1993 4801 2237 4877 (77)__Sic
2271 4818 2399 4877 mss_._
2428 4804 2662 4877 Alias,___¢
2703 4821 2764 4858 ex
2812 4801 3082 4877 responsis
3123 4801 3471 4871 e-contrario

1920 4873 2240 4952 ostenditur.
2273 4891 2308 4952 ,ι
2364 4871 2912 4953 Yersi‘odiieronynii'
2955 4897 2984 4934 e
3037 4886 3250 4953 regione
3295 4886 3466 4952 posita

1917 4950 2093 4993 exstat
2122 4943 2170 4993 in
2203 4940 2423 5009 epistola
2451 4941 2516 4993 ad
2541 4941 2777 4999 Avitum.
2797 4940 2810 4947 ’
2979 4963 2982 4966 ’

1987 5010 2099 5079 (78)
2130 5012 2219 5065 Sic
2249 5027 2375 5093 mss.
2408 5009 2573 5073 Alias,
2609 5031 2626 5063 ι
2668 5029 2789 5069 cum
2822 5018 2936 5087 ipso
2973 5021 3215 5078 daemone
3251 5039 3466 5093 posses-

1914 5095 2004 5135 808
2039 5095 2160 5132 esse
2188 5090 2358 5132 [12108.
2398 5099 2416 5130 ι

1985 5149 2096 5226 (79)
2131 5149 2220 5202 Sic
2247 5165 2373 5201 mss.
2407 5150 2681 5226 hlerlimts,
2720 5175 2738 5206 ι
2780 5160 3179 5226 ventrieolum;
3224 5183 3242 5214 ι
3284 5163 3494 5219 Gene-‘

1917 5219 2162 5290 brardus,
2191 5237 2208 5267 ι
2250 5220 2633 5277 ventricosum.
2690 5244 2708 5277 ι
2756 5227 2953 5282 Ibidem
3003 5232 3052 5282 in
3101 5219 3257 5286 antea
3301 5235 3464 5290 editis

1915 5288 2154 5370 legitur:
2196 5301 2348 5368 r'pro
2382 5292 2577 5370 quibus
2606 5296 2854 5370 omnibus
2899 5300 2965 5370 ab
3013 5301 3095 5354 his
3144 5302 3236 5356 Dei
3278 5288 3458 5370 provi;
3525 5349 3530 5355 .

1916 5357 2089 5442 tientia
2135 5359 2243 5427 regi
2282 5357 2461 5414 omnia
2504 5378 2640 5430 qure'
2664 5367 2717 5417 in
2752 5367 2945 5420 mundo
2979 5381 3105 5440 sunt
3145 5370 3225 5442 (ut
3254 5357 3462 5442 sanctae

1918 5426 2496 5509 script-urarasserunt,
2521 5426 2732 5509 _nos_tra_
2758 5450 2966 5504 quoque
3008 5426 3248 5495 continet
3283 5426 3457 5509 ﬁdes),

1916 5505 1973 5548 ut
2008 5496 2134 5550 mihi
2167 5498 2400 5564 videtur,
2440 5519 2458 5551 ι
2491 5513 2596 5556 etc.
2631 5503 2733 5567 Sed
2760 5496 2946 5560 omnes
2972 5510 3127 5564 codd.
3153 5525 3280 5563 mss.
3309 5520 3364 5561 ut
3400 5496 3454 5564 iii

1915 5576 2099 5618 llOSll‘O
2136 5576 2303 5621 [ΟΧῑυο

1983 5636 2090 5714 (ξφ)
2120 5635 2252 5714 Fide
2283 5639 2318 5690 Ι.
2354 5657 2390 5714 ιι
2427 5641 2751 5709 0rigeuian.,
2788 5661 2840 5714 q.
2875 5646 2928 5709 7,
2962 5664 3014 5701 ιι.
3042 5649 3096 5700 2.

1980 5707 2085 5773 (81)
2114 5705 2340 5776 Semper.
2371 5705 2607 5766 Deest—in
2641 5705 3002 5781 annon-editis,
3039 5719 3126 5769 sed
3156 5718 3375 5770 habetur
3399 5717 3451 5774 in

1909 5792 2032 5829 MSS.
