4136 6310
668 394 776 454 319

1903 374 2228 460 ORIGENIS
2264 379 2421 480 IIEPI
2455 399 2683 452 aran

3804 385 3913 455 526

672 524 951 582 movetur;
991 532 1089 573 nec
1133 534 1368 590 unquam
1410 519 1745 576 rationabilis
1792 537 2022 589 sensus,
2074 524 2125 578 id
2165 531 2246 582 est
2272 526 2319 581 Α
2348 536 2411 574 ac
2433 520 2628 590 spiritu
2664 517 2838 580 vitali,
2867 524 2946 569 cst
2972 510 3299 569 etiam’aliud
3324 514 3526 586 aliquid
3542 518 3685 587 quod
3712 518 3909 569 Inrita—

673 622 828 662 mens
856 607 941 664 vel
990 611 1167 666 anima
1195 653 1210 679 ,
1250 614 1371 668 sine
1423 623 1573 669 motu
1610 615 1793 684 aliquo
1848 617 1929 672 vel
1971 618 2112 673 bono
2158 617 2240 673 vel

670 698 814 753 malo
844 713 961 755 esse
990 712 1189 771 potest.
1226 706 1375 771 Quos
1408 713 1589 761 motus
1615 722 1806 763 causas
1829 719 2089 779 praestare
2127 724 2244 763 me-

670 794 897 847 ritorum
942 794 1237 850 verisimile
1287 807 1371 851 est
1413 798 1582 853 etiam
1629 800 1781 868 prius
1821 816 1983 869 quam
2035 804 2088 857 in
2140 806 2241 857 hoc

670 884 869 939 mundo
897 884 1101 956 aliquid
1137 897 1322 954 agant;
1355 898 1412 943 ut
1445 906 1544 960 pro
1571 892 1657 947 his
1693 893 1899 948 meritis
1931 893 2014 948 vel
2059 895 2239 949 causis

666 986 763 1041 per
793 974 1029 1028 divinam
1062 978 1455 1045 providentiam
1483 983 1666 1035 statim
1695 998 1724 1036 a
1760 983 1931 1051 prima
1959 986 2238 1040 nativitate

664 1065 775 1121 imo
826 1076 882 1121 et
924 1078 1053 1123 ante
1101 1070 1460 1135 nativitatem,
1510 1081 1569 1128 ut
1606 1074 1677 1127 ita
1710 1075 1929 1141 dicam,
1968 1077 2066 1130 ~ve|
2110 1077 2235 1131 boni

663 1158 868 1229 aliquid
896 1160 978 1215 vel
1010 1162 1136 1216 mali
1167 1166 1371 1232 perpeti
1405 1166 1809 1236 dispensentur.
1832 1170 1909 1225 .Et
1958 1170 2073 1224 inec
2108 1171 2236 1240 qui-

661 1249 784 1303 dem
810 1251 953 1305 dicta
988 1253 1100 1306 sint
1126 1255 1191 1307 de
1217 1255 1300 1309 his
1332 1272 1452 1325 quae
1480 1257 1730 1313 videntur
1756 1261 2103 1325 hominibus,
2154 1261 2235 1315 vel

662 1356 693 1392 a
730 1341 898 1410 prima
934 1344 1220 1401 nativitate
1265 1350 1471 1413 statim,
1516 1351 1597 1404 vel
1631 1352 1792 1406 etiam
1837 1363 2128 1421 antequam
2179 1353 2232 1407 in

658 1432 801 1486 hanc
824 1432 997 1487 lucem
1032 1450 1410 1507 prorumpunt,
1436 1442 1676 1497 evenire.
1710 1445 1784 1497 De
1813 1443 1899 1499 his
1935 1460 2062 1499 vero
2109 1461 2231 1514 quae

657 1540 688 1578 a
722 1526 949 1581 diversis
987 1528 1269 1596 spiritibds
1290 1533 1505 1598 animae,
1534 1534 1588 1588 id
1616 1544 1702 1590 est
1735 1536 1988 1590 humanae
2019 1538 2231 1605 c0gita-

659 1619 790 1692 tioni
827 1631 1209 1691 suggeruntur,
1233 1640 1353 1693 quas
1383 1626 1465 1680 vel
1495 1628 1559 1680 ad
1592 1626 1754 1691 bona,
1796 1627 1878 1682 vel
1911 1628 1977 1681 ad
2014 1640 2231 1683 contra-

654 1709 734 1763 ria
760 1722 1069 1779 provocent,
1100 1716 1363 1772 interdum
1388 1720 1549 1773 etiam
1592 1719 1643 1773 in
1673 1722 1775 1777 hoc
1803 1724 2065 1779 exsistere
2085 1740 2229 1794 quae-

649 1799 776 1851 dam
816 1808 1116 1864 anteriores
1146 1826 1425 1883 corporea:
1453 1814 1757 1869 nativitatis
1784 1830 1956 1871 causa:
1981 1821 2230 1886 putandae

2345 619 2581 663 mentum
2617 610 2815 663 habeat
2846 606 3117 676 preprium
3148 596 3289 674 (85),
3314 614 3371 659 et
3397 608 3813 661 conttnououem
3836 608 3910 664 ad

2342 701 2543 756 malum
2596 707 3017 772 provocantem;
3068 697 3209 752 sicut
3274 697 3463 751 haberi
3508 715 3537 752 a
3584 699 3907 768 quibusdam

2341 796 2564 864 quaestio
2603 793 2745 849 solet
2768 788 3097 857 huiusmodi,
3133 798 3442 843 utrumnam
3468 789 3614 844 velut
3641 791 3759 845 duae
3783 792 3910 846 ani-

2342 902 2442 941 mae
2478 885 2591 957 (85)
2630 881 3131 941 in-nohisdiccndte
3161 881 3291 943 sint,
3318 896 3423 935 una
3470 883 3719 951 quaedam
3764 884 3911 938 divi-

2341 980 2463 1033 nior
2494 988 2547 1034 et
2576 976 2833 1040 cmlestis,
2871 985 2928 1030 et
2951 974 3057 1027 alia
3094 973 3319 1028 inferior
3358 991 3374 1026 :
3414 989 3480 1043 an
3527 989 3661 1038 vero
3696 991 3762 1032 ex
3798 976 3909 1033 hoc

2341 1073 2455 1140 ipso
2482 1073 2625 1141 quod
2657 1068 2977 1138 corporibus
3011 1066 3336 1120 inhazremus
3380 1066 3523 1135 (qua:
3549 1083 3775 1139 corpora

2310 1166 2579 1225 ,cundum
2613 1163 2887 1234 propriam
2923 1160 3142 1228 quidem
3170 1168 3418 1212 naturam
3450 1171 3669 1213 mortua
3698 1169 3912 1217 suntet

2336 1257 2549 1325 penitus
2576 1256 2852 1317 exanima,
2876 1253 3003 1327 quia
3028 1268 3096 1306 ex
3120 1251 3298 1315 nobis,
3333 1250 3386 1305 id
3407 1261 3509 1314 est,
3532 1254 3601 1305 ‘ex
3619 1254 3914 1309 animabus

2334 1365 2533 1419 corpus
2555 1346 2835 1402 materiale
2862 1344 3185 1408 viviiicatur,
3203 1341 3349 1413 quod
3369 1343 3553 1413 utique
3576 1346 3912 1400 contrarium

2332 1453 2415 1498 est
2441 1452 2495 1497 et
2527 1441 2805 1495 inimicum
2840 1436 3103 1506 Spiritui),
3137 1437 3409 1493 trahimur
3441 1446 3497 1490 et
3539 1436 3914 1505 provocamur

2332 1534 2398 1588 ad
2427 1533 2544 1588 haec
2573 1531 2715 1586 mala
2746 1543 2866 1598 quae
2893 1524 3103 1595 corpori
3126 1536 3281 1595 grata
3313 1533 3441 1581 sunt
3469 1526 3584 1597 (86)
3610 1545 3628 1592 ;
3679 1533 3920 1598 an'vero.

2333 1627 2577 1688 tertium,
2628 1622 2767 1693 quod
2811 1612 3029 1690 quidam
3082 1619 3395 1675 Graecorum
3444 1622 3696 1676 arbitrati
3751 1631 3913 1689 sunt,

2329 1715 2455 1784 quia
2485 1714 2662 1767 anima
2693 1719 2876 1765 nostra
2905 1724 3029 1764 cum
3063 1725 3167 1764 uua
3199 1709 3273 1765 sit
3304 1725 3402 1781 per
3428 1712 3810 1778 substantiam,
3832 1728 3914 1769 ex

2331 1805 2577 1875 pluribus
2611 1812 2790 1857 tamen
2817 1811 3049 1867 constet,
3081 1812 3137 1856 et
3166 1817 3269 1856 una
3306 1816 3434 1871 pars
3481 1804 3603 1874 ejus
3651 1805 3897 1859 rationa-

644 1894 798 1945 Sllm.
838 1896 1114 1957 Interdum
1146 1920 1274 1959 vero
1306 1905 1535 1976 vigilans
1573 1923 1725 1963 mens
1748 1949 1764 1974 ,
1814 1919 1870 1964 et
1903 1911 2160 1981 abjiciens
2198 1931 2227 1967 a
2264 1886 2303 1940 Β
2332 1897 2474 1962 ωηεν
2507 1910 2634 1966 Pars
2685 1910 2812 1949 vero
2862 1893 2966 1947 alia
3018 1892 3411 1949 "rationabilis
3452 1895 3707 1963 diem"!
3732 1910 3807 1967 κει
3834 1913 3915 1954 ea

650 1999 712 2043 se
743 2001 863 2060 quae
887 1994 1026 2049 mala
1072 2007 1217 2061 sunt,
1249 1990 1513 2053 honorum
1552 2002 1619 2055 ad
1662 2016 1720 2057 se
1740 2003 2074 2073 adjutorium
2102 2022 2228 2079 pro-

648 2093 825 2150 vocat;
887 2086 971 2140 vel
1023 2091 1332 2144 econtrario
1379 2092 1659 2162 negligens
1705 2106 1762 2149 et
1811 2096 2006 2164 ignava
2034 2139 2051 2163 ,
2098 2094 2225 2153 dum

649 2175 828 2230 minus
862 2186 1020 2232 cauta
1052 2189 1157 2248 est,
1191 2181 1365 2238 locum
1407 2184 1499 2238 dat
1527 2185 1613 2241 bis
1646 2187 1931 2256 spiritibus
1954 2192 2227 2267 qui'velut

648 2266 889 2324 latrones
925 2284 991 2323 ex
1043 2273 1651 2345 occultoinsidiantcs,
1706 2282 1916 2338 irruere
1962 2284 2226 2339 humanas

646 2369 876 2427 mentes,
908 2377 1033 2416 cum
1070 2363 1245 2420 locum
1282 2369 1384 2421 sibi
1419 2368 1604 2424 datum
1635 2375 2044 2443 per‘segnitiem
2068 2376 2223 2432 vide-

647 2448 778 2514 rint,
817 2450 1142 2517 moliuntur,
1180 2456 1323 2510 sicut
1351 2456 1429 2511 ait
1480 2458 1676 2515 Petrus
1719 2465 2002 2532 apostolus
2028 2507 2043 2531 ,
2097 2468 2221 2534 quia

648 2556 669 2591 ι
698 2542 1048 2598 adversarius
1077 2553 1265 2601 noster
1294 2547 1542 2605 diabolus
1571 2559 1827 2622 tanquam
1882 2555 1963 2609 leo
2008 2559 2222 2628 rugiens

641 2634 853 2699 circuit,
894 2651 1143 2704 quzerens
1178 2654 1339 2708 quem
1375 2641 1601 2698 devoret
1635 2644 1706 2701 ".
1761 2646 1791 2697 ι’
1814 2645 2046 2717 Pr0pter
2074 2652 2219 2719 quod

640 2726 729 2781 die
756 2735 1023 2798 noctuque
1047 2745 1143 2785 cor
1168 2743 1411 2787 nostrum
1434 2732 1583 2789 omni
1613 2738 1859 2793 custodia
1889 2744 2217 2798 servandum

637 2828 755 2882 est,
792 2831 847 2874 ct
891 2821 1041 2878 locus
1089 2839 1192 2878 non
1231 2833 1314 2881 est
1356 2828 1568 2884 dandus
1598 2830 1817 2885 diabolo
1847 2872 1860 2896 ,
1909 2836 2004 2888 sed
2036 2836 2217 2890 omnia

635 2907 840 2975 agenda
881 2920 1026 2978 sunt,
1064 2913 1258 2980 quibus
1287 2916 1521 2971 ministri
1553 2919 1670 2983 Dei,
1697 2920 1751 2974 hi
1781 2921 2034 2978 videlicet
2056 2926 2219 2993 spiri-

639 3007 724 3051 tus
752 2998 844 3067 qui
876 3000 942 3053 ad
968 3001 1355 3075 haereditatem
1377 3007 1574 3063 salutis
1598 3012 1775 3065 vocati
1806 3022 1934 3067 sunt
1964 3016 2030 3077 π,
2061 3016 2214 3070 ἰιινεο

636 3088 787 3142 Ilium
818 3090 881 3143 in.
909 3092 1063 3147 nobis
1093 3093 1294 3161 locum,
1319 3108 1375 3152 et
1399 3099 1739 3156 delectentur
1772 3104 1983 3171 ingredi
2019 3109 2211 3178 hospi-

2330 1986 2545 2054 quidem
2576 2001 2699 2056 pars
2736 2000 2898 2055 quam
2943 1981 3379 2040 irrationabilem
3420 1987 3632 2052 dicunt,
3666 1986 3717 2041 in
3761 1987 3917 2047 duo:

2329 2094 2547 2133 rursum
2589 2076 2864 2132 dividatur
2894 2076 3469 2147 alfectus'cupiditatis
3497 2088 3553 2133 et
3584 2080 3911 2136 iracundiae.

2330 2167 2439 2223 llas
2469 2183 2600 2238 ergo
2638 2178 2749 2223 tres
2802 2166 2961 2240 146
3008 2183 3145 2237 quas
3178 2183 3345 2237 supra
3392 2169 3630 2246 diximus
3670 2168 3779 2241 (87)
3833 2168 3917 2225 de

2328 2262 2509 2314 anima
2534 2260 2833 2329 opiniones
2865 2278 2893 2314 a
2922 2258 3195 2315 nonnullis
3230 2259 3417 2313 haberi
3451 2260 3781 2315 iuvenitnus.
3822 2261 3911 2318 Ex

2325 2353 2523 2422 quibus
2559 2349 2689 2409 illu‘d
2732 2354 2971 2419 interim,
3018 2353 3160 2421 quod
3214 2352 3539 2421 quibusdam
3585 2353 3912 2410 Graecorum

2325 2448 2663 2518 philosophis
2679 2428 2849 2501 visum
2869 2447 3126 2511 diximus,
3156 2448 3277 2516 quia
3301 2447 3578 2516 tripartita
3602 2448 3673 2502 sit
3694 2448 3909 2517 anima,

2326 2556 2432 2593 non
2470 2540 2628 2595 valde
2667 2539 2977 2594 conﬁrmari
3010 2553 3077 2593 ex
3108 2540 3306 2594 divinae
3335 2540 3633 2611 Scriptum
3654 2541 3908 2597 auctori-

2324 2640 2435 2686 tate
2466 2632 2724 2700 pervideo
2759 2649 2774 2698 ;
2813 2634 2879 2686 ad
2916 2633 3016 2685 alia
3050 2646 3177 2687 vero
3210 2633 3316 2685 duo
3359 2629 3471 2703 (88)
3525 2647 3645 2702 qum
3690 2633 3910 2705 reliqua

2319 2734 2469 2791 sunt,
2501 2725 2731 2778 inveniri
2758 2734 2984 2795 possunt
3013 2724 3292 2794 aliquanta
3330 2740 3453 2796 qua:
3480 2741 3549 2781 ex
3568 2725 3771 2783 divinis
3786 2724 3906 2782 Lit-

2322 2818 2456 2871 teris
2490 2817 2662 2886 aptari
2693 2831 2848 2887 posse
2875 2817 3181 2871 videantur.
3468 2876 3471 2877 ν

2385 2914 2442 2966 2.
2503 2909 2582 2963 Ex
2644 2911 2843 2979 quibus
2903 2910 3075 2978 primo
3137 2908 3270 2962 illud
3326 2907 3693 2965 discutiamus
3750 2913 3908 2980 quod

2319 3010 2567 3055 astruere
2595 3002 2770 3057 solent
2793 2999 3039 3069 quidam,
3072 3001 3198 3068 quia
3229 3015 3332 3053 una
3360 3001 3433 3055 sit
3467 3001 3610 3056 bona
3647 3003 3699 3056 in
3736 3005 3908 3060 nobis

2316 3094 2497 3148 anima
2528 3103 2584 3150 et
2616 3094 2876 3158 caelestis,
2913 3093 3019 3146 alia
3048 3107 3177 3145 vero
3218 3090 3445 3147 interior
3490 3102 3545 3147 et
3579 3096 3901 3163 terrestris,

637 3179 770 3231 tium
796 3181 993 3235 animae
1020 3194 1239 3260 nostrae,
1270 3198 1325 3240 et
1353 3189 1661 3247 habitantes
1683 3196 1823 3262 apud
1858 3212 1955 3251 nos
1976 3201 2215 3256 consiliis

2321 3195 2371 3240 et
2400 3185 2540 3255 quod
2566 3201 2630 3240 ea
2655 3185 2872 3256 quidem
2906 3201 3026 3254 qua:
3053 3183 3245 3238 melior
3273 3193 3377 3249 est,
3427 3186 3646 3242 ccelitus
3687 3188 3905 3243 insera-

637 3284 735 3323 nos
774 3283 979 3340 regant;
1010 3275 1054 3328 si
1090 3270 1268 3331 tamen
1296 3279 1660 3336 habitaculum
1685 3279 1867 3341 cordis
1897 3292 2072 3344 nostri
2107 3295 2214 3345 vir-

638 3359 769 3412 tutis
800 3369 856 3414 et
889 3364 1192 3418 sanctitatis
1221 3368 1366 3420 cultu
1390 3369 1699 3423 invenerint
1720 3386 2041 3429 exornatum
2076 3379 2206 3449 (82).

638 3449 839 3507 7tierunt
886 3454 1155 3511 sulliciant
1193 3459 1293 3512 ista
1331 3476 1431 3527 pro
1472 3463 1681 3516 viribus
1725 3468 1932 3521 nostris
1980 3469 2207 3524 disserta

634 3560 664 3597 a
697 3546 851 3601 nobis
872 3549 1047 3604 dehis
1079 3552 1365 3607 virtutibus
1394 3571 1513 3623 quae
1545 3556 1779 3613 hmnano
1804 3563 1987 3630 generi
2018 3565 2211 3617 adver-

633 3649 842 3694 Sillillll'.

1234 3738 1464 3794 CAPUT
1506 3742 1596 3796 IV.

1027 3826 1100 3881 De
1120 3829 1366 3899 Immanis
1406 3835 1798 3889 (cantationibus.

712 3919 761 3976 1.
788 3917 941 3973 Nunc
960 3936 1026 3974 ne
1042 3922 1107 3975 de
1122 3924 1372 3978 humanis
1398 3927 1616 3993 quidem
1633 3932 2021 3989 tentationibus
2040 3936 2206 3991 silen-

631 4011 760 4063 dum
776 4020 925 4078 puto,
945 4028 1064 4080 qua:
1084 4023 1377 4067 nascuntur
1393 4016 1657 4070 interdum
1673 4035 1737 4072 ex
1755 4038 1916 4077 carne
1928 4037 1982 4078 et
1997 4032 2209 4097 sangui-

633 4116 721 4167 ne,
746 4102 829 4155 vel
847 4118 912 4155 ex
938 4106 1223 4171 prudentia
1244 4108 1426 4160 carnis
1441 4119 1493 4161 et
1513 4113 1794 4178 sanguinis
1812 4132 1930 4184 quze
1953 4118 2060 4173 Deo
2075 4121 2208 4176 dici-

636 4207 721 4249 tur
740 4210 861 4249 esse
888 4197 1126 4250 inimica.
1156 4200 1219 4251 ιςι
1241 4207 1416 4261 utrum
1438 4214 1621 4255 vermn
1646 4204 1715 4258 sit
1734 4209 1873 4274 quod
1896 4212 2108 4277 quidam
2127 4217 2210 4269 di-

627 4298 780 4355 cunt,
799 4290 947 4358 quasi
968 4289 1118 4344 binas
1135 4291 1341 4346 animas
1354 4307 1473 4347 esse
1486 4309 1578 4361 per
1590 4296 1827 4364 singulos
1846 4301 1980 4373 (83),
1999 4317 2209 4375 postea-

626 4395 788 4449 quam
808 4381 972 4435 dehis
992 4384 1373 4437 tentationibus
1389 4387 1755 4454 exposuimus,
1774 4406 1894 4459 qua:
1910 4396 2027 4462 plus
2045 4414 2204 4467 quam

628 4471 876 4526 humana:
902 4474 1175 4535 dicuntur,
1211 4476 1261 4527 id
1286 4488 1369 4529 est
1389 4492 1523 4544 quas
1550 4479 1833 4535 adversum
1868 4490 2203 4558 principatus

2319 3288 2406 3331 tur
2438 3277 2570 3347 (89),
2607 3276 2783 3344 qualis
2812 3287 2892 3329 est
2924 3277 3013 3329 illa
3039 3292 3159 3344 quae
3184 3288 3238 3332 et
3265 3276 3436 3332 Jacob
3457 3280 3720 3334 adversus
3745 3280 3902 3337 Esau

2314 3370 2493 3422 adhuc
2522 3369 2574 3421 in
2604 3379 2760 3421 utero
2797 3368 2975 3436 posito
3000 3367 3233 3437 palmam
3268 3368 3515 3424 victoria:
3556 3371 3902 3440 supplantali

2312 3461 2570 3529 prtestitit
2603 3459 2796 3527 (intris
2832 3460 2900 3526 '3;
2933 3468 2988 3513 et
3023 3475 3145 3529 qua:
3172 3462 3225 3515 iu
3254 3459 3487 3517 Jeremia
3515 3463 3905 3523 sanetilicatur

2314 3566 2382 3603 ex
2418 3552 2575 3604 vulva
2608 3551 2673 3615 ³³,
2704 3538 2759 3605 el
2792 3550 2998 3620 Spiritu
3029 3560 3219 3608 sancto
3248 3552 3492 3623 repletur
3529 3568 3596 3609 ex
3629 3564 3789 3611 utero
3836 3557 3901 3613 in

2311 3642 2536 3698 Joanne.
2592 3643 2739 3698 illam
2788 3660 2919 3700 vero
2973 3646 3326 3713 inferiorem,
3365 3661 3530 3717 quam
3582 3648 3774 3703 dicunt
3822 3666 3901 3707 ex

2312 3744 2577 3812 cerporali
2602 3760 2730 3798 eam
2764 3744 2971 3800 semine
2997 3746 3159 3800 simul
3188 3750 3443 3800 asserunt
3464 3744 3578 3815 (90)
3612 3760 3733 3799 cum
3766 3761 3901 3803 cor-

2309 3851 2441 3905 pore
2471 3836 2747 3901 scminari,
2796 3839 2934 3892 unde
2978 3849 3032 3892 et
3065 3848 3257 3907 praeter
3298 3854 3495 3905 corpus
3529 3840 3712 3894 vivere
3763 3856 3899 3898 eam

2312 3927 2391 3979 vel
2416 3928 2715 3981 subsistere
2756 3938 2956 3997 negant
2987 3944 3167 3995 posse,
3210 3939 3432 4003 prepter
3479 3932 3619 3997 quod
3668 3941 3724 3985 et
3759 3947 3899 3987 car-

2310 4034 2430 4071 nem
2460 4035 2579 4071 eam
2621 4020 2930 4087 frequenter
2973 4019 3232 4087 appellari
3286 4018 3495 4075 dicunt.
3544 4020 3697 4086 Quod
3736 4025 3896 4079 enim

2308 4112 2567 4178 scriptum
2595 4123 2677 4163 est
2732 4127 2746 4164 :
2797 4128 2815 4161 ι
2860 4109 2997 4163 Caro
3044 4110 3383 4176 concupiscit
3420 4111 3679 4168 adversus
3723 4117 3900 4185 spiri-

2311 4212 2420 4254 tum
2454 4202 2533 4265 ³⁰,“
2556 4220 2576 4253 ο
2613 4218 2716 4253 ιιοη
2751 4204 2850 4253 hoc
2887 4202 2952 4252 de
2980 4215 3146 4252 carne
3180 4200 3385 4253 dictum
3423 4204 3698 4270 accipiunt
3727 4248 3741 4271 ,
3783 4210 3892 4264 sed

2310 4297 2375 4346 de
2404 4295 2502 4346 hac
2529 4294 2705 4345 anima
2737 4308 2855 4358 quae
2889 4291 3102 4359 proprie
3133 4290 3317 4344 carnis
3339 4301 3425 4346 est
3447 4294 3653 4348 anima.
3686 4296 3798 4351 Sed
3827 4308 3895 4355 et

2310 4400 2375 4436 ex
2414 4386 2496 4438 his
2527 4385 2745 4436 student
2775 4383 3126 4439 nihilominus
3151 4383 3481 4440 conﬁrmare
3512 4386 3626 4442 htec
3664 4404 3787 4459 qua:
3825 4374 3893 4448 in

2311 4480 2551 4535 Levitico
2586 4480 2656 4531 ita
2692 4479 2895 4545 scripta
2936 4468 3105 4532 su‘ut:
3151 4498 3169 4529 ι
3209 4482 3404 4533 Anima
3442 4482 3620 4537 omnis
3669 4485 3889 4554 carnis,

626 4572 679 4613 et
700 4574 1078 4630 potestates,et
1096 4566 1383 4620 adversum
1406 4568 1585 4619 mundi
1614 4567 1773 4633 hujus
1792 4584 2029 4630 rectores
2048 4587 2197 4631 tcne-
2249 4585 2289 4638 Ι)
2318 4575 2536 4644 sanguis
2588 4574 2752 4642 ipsius
2788 4573 2852 4625 δι.
2910 4591 2928 4623 ›
2980 4572 3054 4625 Ex
3088 4588 3152 4627 eo
3204 4574 3346 4627 enim
3387 4574 3531 4644 quod
3559 4592 3656 4646 per
3710 4588 3891 4641 totam

628 4655 844 4708 brarum
870 4656 1079 4723 barum,
1102 4668 1154 4713 et
1184 4658 1440 4713 adversus
1462 4659 1719 4729 spiritalia
1745 4668 1995 4733 nequitize
2013 4669 2062 4722 in
2089 4685 2201 4723 coa-

627 4746 849 4801 h-stibus
868 4750 1125 4815 gerimus,
1146 4754 1229 4807 vel
1245 4768 1363 4821 qua:
1387 4754 1540 4807 nobis
1562 4756 1823 4809 adversus
1844 4760 2061 4825 spiritus
2085 4779 2200 4815 ma~

625 4834 799 4906 lignus
832 4850 884 4891 et
918 4839 1221 4897 immundos
1244 4846 1513 4898 daemones
1542 4859 1896 4914 peraguntur,
1933 4851 2195 4907 dicemus.

628 4924 684 4976 in
714 4942 817 5002 qua
849 4942 904 4981 re
934 4944 1328 4999 consequenter
1357 4938 1593 4992 arbitror
1625 4940 2031 5008 requirendum,
2064 4943 2107 4996 si
2143 4944 2194 4996 in

631 5018 785 5071 nobis
803 5018 1105 5187 liomiliihus
1132 5028 1223 5093 qui
1250 5042 1315 5081 ex
1346 5030 1526 5085 anima
1550 5030 1864 5087 eonstamus
1887 5044 1941 5089 et
1976 5049 2202 5105 corpore

710 5132 791 5185 “1
814 5131 927 5187 Pet.
985 5135 1071 5187 .8.
1106 5138 1147 5170 ²⁷
1174 5116 1307 5187 Ηέιι
1336 5159 1371 5187 l,
1400 5147 1485 5187 ιιι
1566 5150 1609 5181 ιδ
1636 5150 1812 5187 nonac
1865 5162 1971 5187 ην
2070 5153 2114 5184 ιο
2148 5153 2201 5187 ιη

710 5132 791 5185 ²⁶Ι
814 5131 927 5188 Pet.

656 5318 665 5327 υ
698 5246 809 5319 (82)
836 5248 891 5333 lu
926 5249 1055 5333 libb.
1076 5261 1431 5333 .anteaeditis
1458 5280 1582 5331 vox,
1612 5285 1630 5317 ι
1671 5264 2016 5332 exornatum,
2053 5290 2071 5323 ι
2106 5272 2189 5325 ul-

631 5325 757 5371 tima
791 5330 892 5410 lest
923 5325 1118 5410 capitis
1157 5329 1338 5410 tertii,
1387 5340 1441 5385 et
1486 5325 1674 5410 incipit
1724 5352 1884 5407 caput
1933 5325 2183 5410 quartum

630 5405 750 5441 cum
784 5389 890 5467 line
923 5389 1074 5447 titulo
1099 5413 1126 5467 κε.
1168 5414 1187 5445 t
1226 5397 1294 5449 De
1316 5389 1563 5457 humanis
1593 5389 2186 5467 lenta‘tit'itiibu‘sfi-vel

598 5472 748 5539 ‘t-u-n
782 5460 845 5550 in.
868 5476 994 5544 mss.
1024 5465 1163 5548 nulla
1197 5468 1495 5550 httjusmodj
1540 5476 1679 5529 tituli
1710 5460 2181 5550 itieint‘iornulluut

626 5532 1187 5608 capiLnIihincipientis
1212 5532 1495 5597 iudicium.
1526 5593 1535 5608 ,

702 5600 811 5673 (85)
845 5601 936 5657 Sic
963 5600 1093 5681 mss.
1129 5609 1296 5673 Alias,
1334 5630 1353 5660 ι
1386 5600 1879 5679 per§itbstantiam.
1922 5645 1940 5677 ι
1984 5626 2185 5681 Ibidem

628 5686 799 5756 nisi...
822 5692 850 5756 c'
877 5680 1242 5756 exposuimus.
1282 5700 1299 5732 ι
1331 5682 1498 5756 Alias,
1531 5704 1549 5735 ί
1585 5696 2016 5756 exposueriutus.

700 5742 1066 5839 pst-ilia
1114 5750 1279 5839 alias,
1310 5772 1328 5802 σ
1367 5742 1583 5823 aliquod
1613 5742 2019 5821 nicnaih‘éniiiiii
2042 5742 2183 5839 quod

629 5820 829 5888 metqu
854 5817 1042 5871 habeat
1067 5824 1357 5888 proprium.
1393 5842 1413 5875 ι

702 5884 815 5955 (εδ)
848 5890 937 5946 Sic
971 5884 1115 5953 nisi».
1138 5884 1308 5959 Alias,
1348 5913 1369 5947 ι
1408 5904 1586 5952 utrum
1622 5899 1739 5965 dum
1770 5904 1982 5964 aniuue.
2022 5924 2043 5961 ο

985 5135 1071 5201 ,8.
1106 5138 1147 5170 ²⁷
1174 5116 1307 5197 lleb.
1334 5147 1487 5209 1,14.
1566 5150 1609 5181 ⁸⁸
1636 5150 1835 5206 Cenes.
1865 5162 1992 5207 xxv.
2070 5153 2114 5184 ²⁹
2142 5153 2341 5210 Jcrcm.
2384 5170 2425 5208 1.

2314 4682 2529 4720 carnem
2560 4665 2775 4733 sanguis
2805 4664 3029 4719 dimisus
3058 4666 3220 4720 vitam
3243 4677 3463 4735 praestat
3484 4670 3731 4734 carui,in
3751 4687 3891 4726 san-

2307 4758 2468 4826 guine
2502 4758 2676 4809 inesse
2709 4757 2861 4808 aiunt
2893 4755 3034 4809 hanc
3058 4756 3294 4810 animam
3326 4774 3445 4827 qua:
3478 4758 3681 4811 dicitur
3711 4760 3889 4816 totius

2305 4851 2489 4906 carnis
2516 4865 2633 4903 csse
2663 4849 2866 4901 anima.
2898 4847 3005 4902 lloc
3057 4859 3236 4904 autem
3274 4850 3445 4918 ipsum
3476 4852 3619 4919 quad
3667 4848 3885 4909 dic'tunt

2308 4953 2390 4999 est
2423 4958 2642 4997 carnem
2685 4954 2986 5011 repugnare
3019 4940 3276 4995 adversus
3309 4944 3581 5012 spiritum,
3620 4944 3891 5026 spiritum

2308 5022 2488 5090 autem
2520 5034 2775 5089 adversus
2792 5050 3029 5103 carnem;
3061 5030 3117 5090 et
3138 5035 3281 5103 quod
3311 5034 3513 5088 dictum
3538 5044 3620 5090 est
3646 5053 3661 5090 :
3693 5054 3713 5088 ι
3740 5038 3887 5094 Ani-

2523 5152 2569 5183 ³⁰
2592 5151 2711 5207 Gal.
2744 5164 2803 5217 v,’
2840 5152 2927 5205 17.
3037 5152 3080 5183 ³¹
3124 5151 3298 5208 Levit.
3320 5152 3567 5217 “11,14.

2368 5272 2478 5343 (86)
2530 5271 2890 5326 Crala’sunt.
2944 5270 3036 5326 Sic
3090 5288 3222 5328 mss.
3281 5272 3467 5339 Alias,
3526 5292 3544 5325 ι
3593 5279 3884 5337 contraria

2294 5356 2439 5397 SHIH.
2472 5363 2488 5393 ι

2523 5412 2615 5466 Sic
2652 5428 2783 5467 mss.
2831 5412 3000 5475 Alias,
3035 5432 3065 5489 ¢_
3095 5430 3229 5485 quos
3274 5380 3632 5485 produximus
3662 5427 3799 5485 tres,
3841 5439 3869 5475 ι

2295 5496 2402 5539 etc.

2370 5554 2479 5626 (88)
2515 5552 2652 5608 Duo.
2683 5553 2863 5623 ,Deest
2885 5553 2937 5608 in
2972 5565 3131 5611 antea
3171 5555 3365 5620 editis,
3399 5556 3494 5611 sed
3526 5557 3765 5615 habetur
3817 5561 3881 5621 in

2297 5642 2476 5765 mihi)
2503 5695 2660 5749 Libb.
2692 5695 2841 5761 editi,
2889 5714 2907 5748 ι
2938 5697 3215 5754 inferatur.
3252 5716 3270 5749 ι

2324 5812 2327 5815 .
2367 5768 2477 5839 (90)
2501 5767 2598 5839 Sic
2623 5781 2751 5819 mss.
2794 5768 2960 5832 Alias,
3005 5789 3025 5820 ι
3075 5768 3452 5825 sanctiﬁcatur
3495 5784 3560 5824 ex
3596 5779 3757 5826 utero
3806 5773 3877 5830 In

2296 5834 2522 5919 Joanne.
2558 5834 2710 5927 illam
2754 5854 2882 5893 vero
2922 5841 3228 5896 inferiorem
3273 5855 3436 5909 quam
3482 5856 3547 5897 ex
3579 5857 3895 5927 πωροι-,ιη

2294 5909 2499 5969 semine
2525 5907 2685 5964 simul
2716 5924 2984 5977 asserunt,
3024 5930 3043 5963 ι
3074 5924 3178 5966 etc.
