4074 6308
267 426 372 487 εξι

1586 423 1782 479 ΗΒΕῐῖ
1823 421 2148 481 TERTIL'S.

3386 424 3501 486 δεξὶ

272 541 360 580 tua
394 525 567 577 omnis
598 524 778 577 carnis
807 563 822 586 ,
865 521 1086 590 sanguis
1129 521 1289 589 ipsius
1312 561 1326 585 ,
1384 539 1404 571 ι
1451 522 1556 573 alio
1609 524 1826 574 nomine
1856 531 1895 582 Α
1927 538 2053 576 caro
2086 531 2349 591 repugnat
2382 521 2640 576 adversus
2674 522 2945 591 spiritum,
2973 531 3025 576 et
3052 523 3277 592 spiritus
3307 525 3496 578 adver-

268 611 435 667 Ildem
481 611 661 664 vocari
710 611 894 664 dicunt
932 609 1247 676 sapientiam
1283 610 1506 674 carnis,
1553 611 1690 678 quod
1740 621 1823 666 est

267 702 494 771 spiritus
525 703 744 770 quidam
787 699 1101 763 materialis,
1131 701 1221 768 qui
1265 701 1364 770 legi
1414 701 1503 754 Dei
1555 701 1823 767 sobjectus

268 809 377 846 non
408 804 509 856 est,
543 793 634 846 sed
665 808 764 846 nec
793 802 965 860 potest
985 807 1106 846 esse
1135 793 1425 862 subjectus,
1471 795 1597 862 quia
1631 794 1820 847 volun-

269 896 410 940 tates
441 886 602 940 habet
641 897 884 941 terrenas
906 901 957 939 et
988 887 1248 941 desideria
1279 889 1598 957 corporalia.
1626 888 1697 939 De
1724 889 1824 939 hoc

264 987 462 1044 putant
508 978 670 1030 etiam
713 979 1023 1047 Apostolum
1077 978 1278 1033 dixisse
1314 981 1440 1032 illud
1494 981 1631 1048 quod
1683 981 1755 1032 ait
1806 995 1820 1031 :

271 1089 293 1119 σ
337 1071 502 1124 Video
527 1081 707 1125 autem
738 1073 897 1124 aliam
931 1073 1096 1140 legem
1125 1072 1175 1124 in
1208 1073 1464 1125 membris
1495 1073 1626 1124 meis
1666 1087 1822 1139 repu-

267 1170 530 1226 gnantem
564 1161 664 1228 legi
699 1162 892 1214 mentis
921 1176 1070 1227 mea},
1102 1171 1156 1214 et
1184 1163 1452 1230 captivum
1489 1177 1572 1215 me
1624 1162 1822 1214 ducen-

262 1260 374 1306 tem
407 1253 458 1304 in
481 1252 596 1321 lege
629 1252 833 1322 peccati
871 1261 1096 1320 quaeest
1127 1252 1180 1304 in
1225 1253 1478 1306 membris
1519 1253 1651 1306 meis
1682 1253 1746 1306 δ’.
1796 1272 1816 1304 ι

264 1343 322 1394 Si
352 1358 480 1396 vero
510 1344 632 1411 quis
669 1343 886 1413 obiiciat
925 1344 1005 1397 eis
1035 1343 1137 1397 hoc
1166 1344 1268 1397 diei
1294 1345 1357 1396 de
1387 1355 1578 1400 natura
1625 1360 1821 1414 corpo-

265 1439 362 1501 ris,
393 1436 533 1502 quod
569 1451 692 1488 vere
722 1437 1014 1490 secundmn
1060 1437 1444 1504 preprictatcm
1480 1437 1690 1504 quidem
1725 1453 1820 1490 na-

264 1533 400 1578 tura:
428 1541 541 1579 sua:
573 1538 842 1580 mortuum
873 1537 975 1590 est,
1017 1529 1213 1584 habere
1252 1536 1425 1580 autem
1473 1528 1670 1580 dicitur
1698 1544 1822 1582 sen-

262 1633 382 1681 sum
416 1617 527 1685 (9|)
552 1618 632 1671 vel
665 1622 981 1687 sapientiam
1022 1633 1138 1685 qure
1166 1619 1380 1672 inimica
1407 1629 1487 1672 est
1535 1619 1644 1671 Deo
1673 1657 1687 1681 ,
1731 1617 1812 1672 vel

248 1705 387 1776 ‘qua:
419 1721 679 1777 repugnat
712 1711 971 1763 adversus
1017 1711 1299 1779 spiritum,
1352 1724 1446 1777 pro
1473 1725 1537 1764 eo
1582 1710 1742 1764 veluti
1775 1711 1818 1764 si

260 1803 386 1869 quis
427 1802 576 1854 dicat
619 1803 1017 1870 quodammodo
1047 1802 1225 1854 carnis
1259 1801 1425 1869 ipsius
1468 1816 1586 1854 esse
1633 1817 1817 1856 vorem

1930 629 2023 667 sns
2056 628 2274 667 carnem
2303 612 2370 677 ³⁸,
2407 632 2425 662 ι
2457 617 2533 664 uti
2564 629 2668 665 non
2693 629 2812 682 quae
2833 613 3078 668 volumus
3101 613 3495 679 illafaciamus,

1930 721 2048 773 quae
2079 714 2201 759 sunt
2226 706 2292 760 de
2328 706 2522 774 quibus
2554 706 2683 759 dicit
2716 716 2772 760 ut
2799 722 2903 759 non
2931 721 3049 774 qua:
3078 707 3323 762 volumus
3346 749 3360 772 ,
3407 705 3491 761 fa-

1930 797 2160 851 ciamus?
2185 797 2399 850 Certum
2428 808 2529 862 est,
2556 797 2728 862 aiunt,
2763 799 2826 852 de
2855 799 3041 865 spiritu
3072 797 3182 870 (97)
3211 815 3312 853 non
3336 801 3446 853 dici
3475 820 3489 855 :

1929 887 2045 939 Non
2085 889 2227 940 enim
2262 888 2510 942 voluntas
2543 889 2764 956 spiritus
2793 889 3129 956 prohibetur.
3164 889 3269 944 Sed
3311 906 3490 960 neque

1929 979 1994 1031 de
2026 993 2212 1040 carne,
2236 980 2361 1046 quia
2387 979 2429 1031 si
2465 995 2567 1031 non
2594 980 2752 1032 habet
2783 979 3019 1031 animam
3049 981 3343 1048 propriam,
3372 985 3491 1037 sine

1930 1072 2092 1124 dubio
2131 1086 2227 1124 nec
2259 1071 2589 1122 voluntatem
2621 1070 2855 1124 habebit.
2895 1073 3151 1139 Superest
3181 1087 3307 1139 ergo
3335 1083 3392 1125 ut
3425 1075 3491 1127 de

1930 1163 2085 1228 hujus
2116 1161 2310 1214 animze
2359 1160 2634 1214 voluntate
2664 1161 2898 1225 dicatur,
2929 1177 3044 1228 qua:
3081 1163 3276 1215 habere
3319 1171 3494 1229 potest

1929 1254 2197 1322 propriam
2232 1251 2563 1306 voluntatem
2599 1253 2731 1321 (98),
2764 1269 2884 1322 quze
2937 1254 3123 1323 utique
3175 1254 3492 1306 adversatur

1926 1344 2190 1399 voluntati
2225 1345 2471 1411 spiritus.
2505 1345 2570 1398 Et
2606 1347 2647 1398 si
2684 1345 2756 1398 ita
2791 1353 2889 1409 est,
2923 1354 3132 1398 constat
3161 1348 3303 1414 quod
3333 1344 3490 1412 hujus

1929 1437 2122 1490 anima:
2151 1437 2398 1489 voluntas
2425 1437 2666 1503 quaedam
2699 1438 2870 1490 media
2910 1437 3157 1489 estinter
3187 1451 3404 1490 carnem
3436 1446 3490 1490 ct

1929 1528 2199 1593 spiritum,
2229 1529 2319 1580 uni
2349 1529 2464 1581 sine
2501 1527 2663 1581 dubio
2693 1545 2723 1583 e
2764 1530 2974 1583 duobus
3002 1529 3243 1582 serviens
3297 1537 3349 1581 et
3391 1531 3489 1579 ob-

1928 1631 2259 1686 temperans,
2288 1607 2592 1684 cuicunque
2626 1619 3002 1686 obtemperare
3036 1618 3311 1687 delegerit.
3361 1620 3488 1684 Qure

1928 1726 2048 1761 cum
2083 1724 2140 1762 se
2173 1709 2621 1762 delectationibus
2650 1708 2832 1762 carnis
2865 1708 3199 1772 subdiderit,
3245 1709 3494 1762 carnales

1930 1801 2174 1853 homines
2207 1799 2370 1863 facit;
2422 1814 2542 1852 cum
2591 1814 2720 1854 vero
2763 1815 2820 1852 se
2877 1801 3085 1868 spiritui
3131 1801 3390 1868 jnnxerit,
3438 1803 3490 1855 in

258 1907 383 1959 Quae
413 1894 609 1946 clamet
639 1909 742 1946 non
780 1895 1126 1947 esurientium
1151 1931 1166 1956 ,
1201 1908 1304 1945 non
1339 1892 1628 1946 sitiendum
1655 1934 1668 1957 ,
1720 1909 1823 1945 non
1859 1887 1897 1940 Β
1929 1893 2116 1959 spiritu
2147 1906 2264 1943 esse
2293 1890 2538 1944 homines
2572 1889 2722 1955 facit,
2755 1900 2808 1943 et
2839 1901 3057 1959 propter
3089 1891 3191 1945 hoc
3225 1893 3493 1960 spiritales

260 1984 574 2053 algendum,
612 2001 786 2055 neque
823 1987 956 2039 velle
985 1999 1204 2053 prorsus
1239 1987 1289 2036 in
1322 1984 1497 2050 aliquo
1525 1985 1822 2036 molestiam

261 2077 376 2144 pati
407 2077 522 2130 sive
541 2092 606 2130 ex
639 2079 992 2140 abundantia.
1019 2081 1133 2132 sive
1178 2095 1240 2132 ex
1285 2078 1544 2146 penuria;
1598 2077 1712 2131 haec
1749 2077 1822 2130 illi

261 2167 535 2220 resolvere
565 2177 724 2236 atque
753 2170 1065 2237 impugnare
1091 2170 1452 2232 conabuntur,
1475 2169 1823 2222 ostendentes

261 2258 691 2325 quamplurimas
719 2259 850 2312 alias
873 2275 994 2313 esse
1028 2263 1300 2328 passiones
1328 2259 1437 2331 (92)
1469 2259 1659 2329 anima:
1706 2274 1823 2327 qua:

260 2347 316 2400 in
346 2349 495 2400 nullo
524 2363 790 2416 prorsusa
811 2366 975 2405 carne
999 2352 1256 2421 originem
1290 2353 1527 2416 trahant,
1558 2361 1612 2403 et
1646 2361 1820 2403 tamen

260 2439 348 2492 his
377 2439 600 2507 Spiritus
633 2441 964 2505 adversetur,
991 2443 1130 2522 siem
1161 2453 1241 2497 est
1276 2443 1520 2506 ambitio,
1565 2441 1820 2503 avaritia,

244 2531 554 2605 aemulatio,
601 2531 817 2596 invidia,
851 2535 1144 2602 superbia,
1184 2543 1237 2588 et
1269 2534 1354 2587 his
1395 2533 1587 2586 similia
1640 2552 1652 2586 :
1699 2550 1818 2588 cum

259 2623 462 2689 quibus
492 2638 723 2690 pugnam
754 2625 1038 2692 quamdam
1068 2640 1185 2679 esse
1225 2627 1472 2680 humanm
1503 2625 1689 2690 menti,
1742 2627 1820 2678 vel

263 2706 478 2774 spiritui
513 2707 775 2773 videntes,
807 2711 927 2764 ideo
955 2726 1170 2765 causam
1204 2714 1442 2766 omnium
1476 2715 1667 2765 hormn
1701 2729 1819 2766 ma-

267 2793 440 2848 lorum
469 2812 577 2850 non
611 2811 812 2867 ponunt
847 2801 988 2854 aliud
1027 2803 1153 2870 quid
1187 2803 1284 2854 nisi
1321 2804 1460 2856 hanc
1495 2804 1560 2855 de
1593 2818 1696 2868 qua
1732 2818 1819 2856 su-

260 2887 447 2954 perius
477 2889 729 2955 diximus,
755 2891 899 2944 velut
927 2892 1255 2958 corporalem
1282 2895 1515 2945 animam
1542 2894 1653 2964 (95)
1678 2905 1728 2947 et
1751 2910 1816 2946 ex

259 2979 488 3032 seminis
522 2981 742 3034 traduce
791 2992 1126 3048 generatam.
1171 2984 1440 3039 Adhibcre
1490 3001 1699 3053 quoque
1751 2985 1815 3037 ad

259 3071 615 3131 assertionem
671 3070 779 3141 (94)
822 3072 1012 3126 horum
1058 3076 1218 3126 etiam
1269 3074 1396 3128 illud
1453 3075 1812 3127 testimonium

258 3160 502 3230 Apostoli
543 3163 738 3224 solent,
777 3165 917 3232 quod
946 3163 1017 3217 ait
1049 3181 1060 3218 :
1100 3184 1118 3214 ε
1158 3164 1436 3218 Manifesta
1469 3175 1644 3218 autem
1689 3175 1815 3244 sunt

258 3271 421 3322 opera
453 3256 656 3321 carnis,
689 3273 809 3326 qua:
834 3269 957 3310 sunt
985 3258 1289 3324 fornicatio,
1325 3259 1686 3321 immunditia,
1721 3262 1818 3313 im-
1846 3240 1886 3293 (ἶ

259 3346 558 3416 pudicitiae,
587 3350 910 3412 idololatria,
932 3352 1182 3404 veneficia
1203 3351 1332 3421 (95),
1355 3353 1662 3414 inimicitim,
1692 3370 1818 3405 con-

261 3438 553 3502 tentiones,
597 3442 966 3496 :emulationes
995 3483 1009 3507 ,
1049 3443 1163 3507 iraa,
1213 3444 1379 3508 rimo,
1427 3442 1814 3510 dissensiones,

259 3525 525 3588 haereses,
561 3542 743 3593 sectae,
778 3532 1011 3595 invidite,
1043 3533 1353 3596 ebrietates,
1375 3535 1816 3600 cot:.cssatiottes,

255 3626 310 3670 et
345 3617 429 3671 his
460 3619 654 3672 similia
689 3621 767 3688 ³³;
798 3641 817 3674 ι
863 3623 1105 3678 dicetifes
1131 3639 1231 3676 non
1256 3626 1378 3678 haec
1403 3627 1578 3678 omnia
1619 3627 1682 3678 de
1719 3642 1813 3678 usu

254 3704 341 3756 vel
371 3703 723 3761 delectatione
758 3711 940 3764 carnis
969 3703 1226 3781 ori'ginem
1260 3714 1497 3778 trahere,
1533 3713 1600 3764 ita
1615 3717 1685 3764 ‘ut
1715 3730 1815 3782 pu-

257 3802 443 3848 tentur
476 3796 592 3865 ejus
624 3799 935 3856 substantiae
963 3819 1081 3874 qua:
1114 3803 1344 3855 animam
1377 3818 1481 3856 non
1518 3803 1703 3867 habet,
1755 3805 1806 3857 id

253 3899 339 3942 est
368 3896 574 3957 carnis,
607 3894 657 3947 hi
695 3910 884 3952 omnes
924 3907 1096 3951 motus
1129 3899 1410 3951 exsistere.
1460 3897 1564 3950 Sed
1605 3907 1658 3950 et
1688 3896 1812 3950 illud

251 3985 399 4054 quod
428 3986 500 4037 ait
531 4001 546 4039 :
586 4005 605 4038 c
647 3989 855 4056 Videte,
891 3991 1086 4046 fratres
1109 4032 1124 4055 ,
1177 3991 1508 4044 vocationem
1554 3999 1811 4053 vestram,

253 4077 512 4143 quoniam
545 4093 650 4132 non
695 4081 848 4134 multi
894 4083 1032 4135 inter
1076 4098 1170 4137 vos
1200 4083 1471 4147 sapientes
1519 4081 1854 4134 secundum-

253 4181 477 4222 carnem
505 4169 577 4236 ³⁸ς
615 4189 634 4222 ι
667 4177 732 4226 ad
759 4173 861 4229 hoc
899 4175 1164 4229 videbitur
1189 4175 1578 4239 inclinandum,
1613 4181 1812 4240 utpro-

253 4259 370 4328 pria
402 4261 648 4328 quzedam
674 4264 922 4318 videatur
951 4266 1062 4336 (96)
1090 4281 1209 4321 esse
1247 4264 1487 4319 carnalis
1530 4280 1592 4318 ac
1639 4274 1808 4316 mate-

255 4347 406 4398 riatis
433 4347 730 4414 sapientia,
772 4353 875 4405 alia
915 4369 1043 4406 vero
1083 4355 1153 4407 sit
1201 4355 1461 4422 sapientia
1512 4355 1808 4407 secundmn

252 4438 528 4505 spiritum,
560 4456 678 4508 qua:
710 4445 895 4512 utique
924 4460 1026 4498 non
1053 4455 1222 4514 potest
1248 4447 1351 4500 dici
1388 4447 1671 4516 sapientia,
1706 4446 1806 4499 nisi

251 4528 323 4580 sit
355 4528 535 4581 anima
573 4533 774 4598 Carnis,
803 4550 918 4603 quae
959 4538 1133 4602 sapiat
1175 4537 1274 4591 hoc
1309 4540 1451 4606 quod
1486 4537 1665 4590 carnis
1722 4553 1809 4589 sa-

249 4618 455 4689 pientia
486 4623 816 4678 nominatur.
845 4627 924 4679 Ad
955 4628 1068 4680 haec
1097 4627 1250 4680 aiunt
1279 4630 1442 4681 etiam
1469 4628 1598 4681 illud
1636 4645 1648 4680 :
1688 4646 1706 4678 ε
1750 4630 1804 4682 Si

316 4803 364 4835 ⁸²
395 4802 550 4855 Rom.
593 4811 690 4863 vn,
711 4798 864 4853 23.”
905 4801 1020 4855 Gal.
1054 4817 1103 4867 v,
1127 4799 1426 4864 19,20,2l.

319 4896 435 4961 (9t)
472 4895 564 4949 Sic
595 4911 724 4949 mss.
751 4895 920 4957 Alias,
952 4913 969 4944 ι
999 4911 1206 4949 sensus.
1240 4915 1256 4944 ι

473 4965 564 5018 Sic
598 4981 728 5019 mss.
772 4965 936 5024 Alias.
985 4983 1004 5015 ε
1053 4967 1149 5036 hoc
1183 4966 1285 5016 illis
1321 4963 1585 5015 resolvere
1639 4975 1798 5030 atque

248 5034 572 5115 impugnare
612 5036 932 5089 conabimur
960 5035 1305 5090 ostendentes
1349 5036 1484 5086 alias
1517 5046 1633 5084 esse
1675 5050 1800 5100 pas-

245 5117 450 5158 ειοηθς.
484 5124 506 5156 ο
1287 5125 1294 5130 '

321 5174 434 5243 (93)
466 5175 733 5228 Animam.
769 5175 926 5229 Deest
963 5173 1012 5227 in
1040 5175 1170 5230 libb.
1203 5183 1356 5226 antea
1380 5173 1562 5236 editis,
1591 5171 1681 5225 sed
1710 5172 1802 5225 ha-

245 5242 421 5298 betur
437 5245 491 5296 in
523 5259 653 5296 mss.

320 5312 437 5378 (9t)
469 5310 541 5362 Ita
573 5329 702 5367 mss.
742 5315 909 5378 Alias.
948 5333 966 5365 ‹
1000 5328 1323 5369 sermonem.
1364 5331 1381 5363 ι

321 5316 412 5378 (95
469 5316 541 5362 Ita
573 5329 702 5367 mss.
742 5316 909 5378 Alias.
948 5333 966 5365 ‹
1000 5328 1323 5369 sermonem.
1364 5331 1381 5363 ι

321 5316 437 5451 (95)
480 5377 765 5451 Veneﬁcio.
792 5385 934 5439 Alias
960 5378 1161 5448 deer'at,
1189 5387 1279 5437 sed
1309 5384 1532 5436 habetur
1563 5381 1616 5432 in
1667 5394 1796 5433 mss.

321 5450 434 5517 (96)
473 5450 566 5503 Sic
588 5465 716 5504 mss.
749 5454 915 5520 Alias,
949 5473 966 5504 ‹
1010 5456 1298 5506 videretur.
1340 5472 1358 5504 ι

320 5523 434 5594 l9?)
461 5522 616 5575 Libb.
653 5523 816 5585 editi,
866 5542 884 5574 ι
923 5527 988 5578 de
1033 5523 1233 5592 Spiritu
1279 5533 1483 5577 sancto.
1529 5539 1546 5572 ›
1597 5520 1698 5573 Sed
1748 5522 1797 5572 in

247 5611 383 5650 mss.
413 5595 584 5649 deest.
621 5611 640 5643 ι
678 5603 882 5647 sancto.
917 5615 934 5644 ι

321 5663 434 5731 (98)
461 5662 592 5727 Qua:
618 5663 805 5716 habere
829 5674 990 5730 potest
1023 5666 1280 5732 propriam
1314 5665 1644 5718 voluntatem.
1674 5659 1798 5713 "an

245 5737 300 5790 in
334 5746 488 5787 antea
519 5733 892 5786 editisomissa
908 5746 1048 5799 sunt,
1070 5736 1194 5788 licet
1221 5737 1555 5803 reperiantur
1585 5732 1636 5784 in
1667 5747 1793 5803 mss.

245 5806 452 5858 Ibidem
485 5819 638 5864 mss.,
682 5822 700 5853 ι
737 5813 790 5855 ct
816 5804 858 5854 si
893 5804 960 5855 ita
993 5813 1092 5873 est,
1127 5802 1357 5858 constat.
1398 5824 1414 5855 ι
1452 5803 1606 5857 Libb.
1638 5802 1790 5865 editi,

247 5892 271 5927 ι
304 5884 358 5930 ct
390 5877 434 5930 si
459 5873 546 5928 illa
580 5885 678 5936 est,
715 5883 945 5927 constat.
982 5892 1001 5924 ι

1501 4803 1545 4832 ³⁸
1569 4800 1587 4854 Ι
1613 4802 1736 4856 Cor.
1759 4821 1797 4868 l,
1829 4803 1916 4855 26.

1935 1980 2217 2034 nominari.
2249 1979 2398 2044 Quod
2448 1980 2730 2045 designare
2761 1977 2870 2048 (99)
2915 1980 3207 2046 Apostolus
3251 1982 3486 2045 videtur,

1931 2087 2050 2125 enm
2086 2073 2215 2123 dicit
2252 2089 2265 2130 :
2304 2091 2322 2122 ι
2364 2069 2466 2123 Vos
2493 2083 2670 2124 autem
2699 2073 2750 2123 in
2779 2086 2943 2124 carne
2971 2087 3071 2124 non
3107 2073 3261 2136 estis,
3295 2073 3386 2126 sed
3437 2073 3487 2125 in

1932 2164 2118 2229 spiritu
2153 2163 2220 2215 3“.
2259 2181 2276 2212 ›
2307 2163 2712 2231 Requirendum
2741 2177 2873 2230 ergo
2897 2169 2980 2215 est
3009 2178 3127 2230 qua:
3169 2164 3237 2216 sit
3267 2164 3492 2216 omnino

1930 2253 2042 2304 htcc
2071 2252 2181 2317 ipsa
2209 2250 2459 2304 voluntas
2492 2253 2631 2304 inter
2655 2264 2869 2303 carnem
2902 2261 2955 2304 et
2983 2253 3251 2319 spiritum,
3299 2261 3492 2321 pratter

1929 2357 2047 2394 eam
2077 2341 2406 2395 voluntatem
2443 2357 2562 2410 qua}
2586 2343 2768 2395 carnis
2822 2358 2941 2397 esse
2977 2343 3058 2396 vel
3096 2345 3313 2412 spiritus
3357 2345 3491 2398 diri-

1933 2439 2037 2483 lur.
2068 2429 2172 2484 Pro
2199 2443 2349 2483 certo
2394 2448 2624 2498 namque
2659 2434 2888 2486 habetur
2917 2434 3058 2500 quod
3104 2436 3284 2486 omnia
3338 2450 3489 2502 qtae-

1929 2537 2140 2589 ettnque
2167 2523 2388 2590 spiritus
2417 2537 2538 2576 esse
2567 2523 2838 2588 dicuntur,
2874 2525 3120 2578 voluntas
3149 2526 3214 2578 sil
3243 2527 3483 2594 spiritus;

1927 2623 1980 2666 et
2008 2629 2340 2681 qumcunque
2367 2629 2527 2679 opera
2561 2616 2742 2668 carnis
2778 2631 2897 2669 esse
2922 2616 3204 2680 dicuntur,
3236 2618 3488 2672 voluntas

1925 2706 1993 2758 sit
2018 2706 2216 2760 carnis.
2249 2705 2377 2770 Qua:
2402 2721 2530 2773 ergo
2577 2706 2677 2759 ista
2712 2717 2794 2760 est
2843 2716 3038 2774 praeter
3070 2707 3184 2760 hzee
3237 2708 3489 2762 voluntas

1926 2797 2119 2849 anima:
2147 2812 2263 2862 qua:
2289 2797 2627 2858 extrinsecus
2674 2799 3004 2862 nominatur,
3039 2815 3198 2866 quam
3241 2801 3489 2855 volunta-

1926 2897 2026 2939 tem
2056 2888 2242 2940 nolens
2278 2905 2374 2940 nos
2401 2884 2579 2942 facere
2619 2889 2773 2959 147
2810 2891 3103 2957 Apostolus
3134 2892 3264 2944 dicit
3309 2913 3320 2946 :
3354 2910 3374 2943 ι
3418 2893 3486 2948 l't

1924 2993 2025 3029 non
2053 2993 2385 3045 quaecunque
2417 2981 2582 3056 vlutis
2609 2981 2691 3030 illa
2721 2979 2935 3032 faciatis
2966 2978 3030 3032 ³⁷.
3065 2999 3080 3030 ι
3138 2981 3192 3032 In
3234 2997 3341 3048 quo
3385 2984 3485 3037 hoc

1921 3070 2132 3120 videtur
2165 3069 2460 3137 designari,
2483 3070 2622 3138 quod
2667 3079 2855 3123 neutro
2881 3085 2946 3122 ex
2978 3070 3061 3123 his
3079 3071 3302 3135 duobus,
3325 3073 3374 3125 id
3401 3085 3483 3126 est

1923 3176 2094 3223 neque
2123 3161 2295 3223 carni,
2333 3177 2502 3226 neque
2533 3143 2743 3228 spiritui
2797 3160 2990 3214 debeat
3036 3163 3326 3218 adlicerere.
3373 3163 3478 3217 Sed

1921 3253 2060 3304 dicet
2092 3253 2210 3319 quis
2234 3252 2356 3320 quia
2393 3253 2533 3306 sicut
2579 3254 2766 3305 melius
2795 3254 3010 3320 quidem
3043 3264 3124 3307 est
3155 3256 3346 3307 animm
3377 3253 3480 3326 (l),

1921 3344 1961 3396 si
2000 3345 2273 3412 propriam
2305 3343 2466 3398 faciat
2492 3345 2849 3407 voltintatem,
2880 3361 3038 3414 quam
3075 3355 3131 3398 ιιι
3153 3346 3482 3402 voluntatem

1923 3436 2080 3488 faciat
2115 3437 2319 3500 carnis;
2349 3437 2428 3491 sic
2461 3438 2650 3490 iterum
2687 3438 2880 3491 melius
2911 3448 2995 3490 est
3025 3438 3202 3492 facere
3231 3441 3484 3493 volunta-

1922 3540 2023 3582 tem
2085 3528 2306 3595 spiritns
2358 3530 2527 3592 magis
2579 3545 2738 3596 quant
2797 3531 3069 3599 propriam
3124 3532 3477 3585 voluntatem.

1918 3623 2195 3688 Quomodo
2217 3635 2346 3686 ergo
2374 3620 2662 3686 Apostolus
2686 3620 2800 3682 ait,
2833 3639 2851 3669 ‹
2887 3630 2943 3672 ιιι
2979 3636 3080 3674 non
3117 3637 3234 3689 qua:
3282 3623 3471 3685 vultis,

1918 3714 2005 3766 illa
2046 3712 2296 3764 faciatis?
2336 3731 2355 3761 ι
2406 3711 2668 3776 Quoniam
2729 3712 2782 3762 in
2837 3725 2898 3763 ea
2944 3727 3118 3780 pugna
3171 3729 3288 3780 qua:
3336 3714 3478 3766 inter

1915 3819 2131 3856 carnem
2167 3812 2219 3854 et
2257 3803 2506 3869 spiritum
2552 3802 2778 3870 geritur,
2827 3817 2931 3854 non
2982 3803 3203 3855 omnino
3251 3804 3476 3871 spiritus

1915 3901 2059 3944 certa
2092 3891 2316 3944 victoria
2353 3900 2454 3944 est.
2487 3890 2829 3942 Manifestum
2861 3899 2943 3944 est
2975 3893 3118 3944 enim
3147 3891 3393 3946 obtinere
3420 3894 3471 3945 in

1913 3983 2169 4052 quamplu
2181 3980 2329 4042 rimis
2355 3993 2571 4033 carnem
2590 3980 2702 4049 (ﬂ).

1984 4073 2036 4124 5.
2084 4068 2275 4124 Verum
2324 4069 2579 4137 quoniam
2631 4070 2683 4120 in
2715 4067 3129 4136 disputationem
3181 4069 3472 4123 incidimus

1913 4163 2252 4230 profundam,
2296 4161 2347 4214 in
2398 4175 2500 4228 qua
2524 4171 2754 4214 necesse
2780 4169 2862 4213 est
2892 4176 2957 4214 ex
2996 4161 3218 4231 singulis
3251 4161 3471 4230 quibus-

1912 4269 2016 4323 que
2065 4251 2308 4322 partibns
2362 4267 2480 4320 qua:
2517 4262 2739 4320 possunt
2784 4252 3008 4318 moveri,
3055 4253 3320 4306 discutere
3351 4251 3466 4322 (3);

1909 4349 2193 4400 videamus
2224 4361 2290 4397 ne
2338 4343 2478 4396 forte
2513 4344 2562 4395 in
2602 4345 2702 4396 hoc
2738 4343 2856 4396 loco
2889 4343 2991 4397 tale
3021 4339 3220 4412 aliquid
3251 4344 3469 4396 tractari

1911 4444 2107 4506 potest,
2142 4435 2265 4502 quia
2294 4434 2433 4486 sicut
2462 4433 2652 4488 melius
2686 4443 2768 4486 est
2794 4434 2985 4486 anima:
3015 4437 3164 4502 sequi
3196 4433 3462 4502 spiritum,

1912 4540 2037 4582 tunc
2094 4541 2214 4580 cum
2251 4523 2472 4590 spiritus
2518 4539 2733 4575 carnem
2762 4522 2973 4585 vicerit,
3008 4523 3079 4576 ita
3115 4523 3274 4575 etiam
3316 4522 3358 4574 si
3390 4519 3464 4590 (li)

1912 4621 2127 4674 videtur
2152 4615 2200 4668 ei
2237 4626 2353 4667 esse
2379 4612 2618 4666 deterius
2649 4613 2800 4680 sequi
2830 4627 3047 4667 carnem
3078 4622 3462 4683 repugnantem

1992 4799 2037 4829 ⁸⁸
2065 4796 2238 4851 Galat.
2269 4811 2323 4856 v,
2356 4797 2442 4848 l7.
2518 4794 2864 4857 "Rom.vm,
2891 4795 2944 4849 9.
3017 4795 3060 4824 ³⁷
3083 4794 3255 4848 Galat.
3288 4810 3334 4857 v,
3373 4798 3457 4854 l7.

1973 4891 2084 4958 (99)
2133 4890 2224 4942 Sic
2263 4905 2393 4942 mss.
2431 4887 2599 4949 Alias,
2649 4907 2669 4939 ‹
2724 4889 2853 4956 quid
2899 4901 3026 4956 ergo
3057 4887 3374 4954 designare,
3431 4907 3450 4941 ι

1902 4972 2047 5097 culi)
2077 5028 2298 5080 Anima’.
2338 5028 2497 5082 Deest
2545 5028 2598 5081 in
2625 5035 2779 5080 antea
2803 5027 2982 5089 editis,
3013 5023 3107 5079 sed
3137 5025 3365 5080 habetur
3393 5029 3448 5082 in

1903 5117 2034 5154 ωδε.

1978 5169 2055 5238 (2)
2084 5166 2172 5221 Sic
2202 5182 2333 5220 mss.
2360 5167 2527 5225 Alias,
2583 5163 3007 5238 «quomodoea
3053 5181 3248 5232 pugna.
3279 5185 3296 5217 ι
3353 5166 3456 5220 lbi-

1902 5234 2044 5290 dem
2077 5253 2229 5302 mss,
2289 5237 2568 5288 «obtinere
2605 5234 2659 5288 in
2710 5234 3119 5303 quamplurimis
3165 5252 3400 5289 carnem.
3428 5256 3446 5288 ι

1899 5308 2071 5366 Alias,
2104 5326 2121 5356 ι
2147 5307 2367 5358 obedire
2395 5311 2446 5357 in
2478 5305 2888 5372 quamplurimis
2912 5321 3150 5358 carnem.
3177 5324 3193 5356 ι

1972 5377 2047 5446 (5)
2080 5377 2151 5427 lta
2208 5377 2536 5446 mss.Alias,
2590 5378 2681 5427 «in
2717 5392 2876 5442 quam
2930 5389 3148 5426 necesse
3190 5387 3272 5427 est
3301 5373 3452 5426 colli-

1901 5445 2120 5514 gereex
2174 5445 2398 5511 singulis
2434 5447 2733 5513 quibusque
2782 5446 3024 5512 partibus
3072 5459 3189 5509 qua:
3232 5451 3452 5512 possunt

1902 5531 2078 5569 mores
2113 5515 2402 5568 discutere.
2435 5534 2454 5566 ι

1973 5586 2047 5655 (4)
2078 5584 2156 5638 Si.
2201 5586 2360 5638 Deest
2399 5587 2450 5637 in
2491 5584 2671 5655 editis,
2703 5591 2757 5633 at
2786 5581 3059 5655 reperitur
3086 5580 3135 5655 in
3162 5594 3288 5632 mss.
3311 5579 3450 5655 Pau-

1900 5658 1954 5709 l-o
1982 5650 2111 5723 post
2140 5670 2270 5708 mss.
2307 5673 2320 5706 :
2354 5673 2371 5705 ι
2397 5656 2596 5707 Tamen
2629 5654 2769 5704 forte
2801 5651 2984 5702 utilius
3017 5651 3259 5723 videatur
3303 5650 3445 5700 Obli-

1902 5719 2014 5780 neri
2046 5727 2278 5778 animam
2330 5741 2357 5775 a
2396 5740 2579 5783 carne,
2611 5739 2771 5789 quam
2826 5723 3060 5772 residere
3090 5722 3139 5772 in
3178 5719 3290 5772 suis
3323 5735 3446 5781 pro-

1901 5799 2052 5865 priis,
2079 5815 2096 5847 ι
2130 5805 2231 5846 etc.
2275 5795 2447 5865 Alias,
2477 5812 2494 5841 ι
2515 5808 2632 5842 eum
2669 5792 2812 5865 forte,
2839 5790 3023 5865 utilius
3051 5792 3293 5865 videatur
3323 5790 3446 5841 obe-

1903 5861 2014 5924 dire
2047 5867 2271 5918 animum
2300 5863 2449 5915 carni
2483 5877 2642 5929 quam
2678 5862 2909 5915 residere
2943 5861 2994 5912 in
3036 5862 3288 5930 propriis.
3315 5879 3331 5908 ι
