4074 6308
588 559 693 616 525

1797 544 2115 604 ORIGENIS
2155 545 2310 598 ΠΕΡΙ
2351 542 2578 597 ΑΡΧΩΝ

3694 538 3816 596 524

591 675 845 728 adversus
872 669 1140 740 spiritum,
1190 675 1246 722 et
1295 669 1360 721 ad
1397 683 1454 720 se
1486 680 1741 720 revocare
1777 667 2010 719 animam
2043 679 2134 717 vo-
2169 666 2215 720 Α
2245 660 2366 728 quia
2424 658 2628 709 varium
2676 671 2737 708 ac
2774 655 2872 709 sibi
2911 653 3008 723 ipsi
3054 668 3356 722 repugnans
3405 652 3662 737 judicium
3701 653 3814 707 hn-

592 766 812 828 lentem,
863 772 1040 816 tamen
1072 759 1211 814 forte
1262 758 1442 812 utilius
1485 759 1730 811 videatur
1762 756 1993 810 obtineri
2023 756 2142 808 ani-

594 868 736 908 mam
783 867 812 905 a
850 829 1244 920 carne,‘quam
1286 851 1524 909 residere
1569 850 1622 900 in
1652 849 1764 902 suis
1791 847 2018 916 propriis
2049 862 2142 897 vo-

595 945 911 1000 luntatibus.
972 943 1216 1012 Namque
1267 944 1520 1012 quoniam
1574 943 1887 996 nec'calida
1941 941 2140 995 dicitur

592 1052 732 1103 esse,
767 1051 867 1091 nee
894 1036 1112 1103 frigida,
1139 1035 1230 1089 sed
1263 1035 1313 1088 in
1339 1033 1514 1087 medio
1541 1033 1772 1100 quodam
1807 1041 1991 1108 tepore
2017 1046 2142 1099 pcr-

579 1126 817 1194 durans,
857 1130 1061 1181 tardam
1084 1137 1139 1181 et
1163 1127 1291 1180 satis
1321 1124 1584 1179 diﬂicilem
1615 1125 2015 1178 conversionem
2047 1139 2140 1191 po-

595 1226 722 1280 terit
749 1225 1014 1280 invenire.
1079 1221 1134 1278 Si
1165 1236 1292 1277 vero
1324 1223 1472 1275 carni
1503 1220 1773 1274 adhaereat
1810 1218 1909 1289 (ὅ),
1959 1233 2022 1271 ex
2057 1215 2142 1268 his

593 1313 722 1380 ipsis
757 1312 1021 1366 interdum
1062 1311 1218 1365 malis
1249 1325 1366 1380 quae
1395 1325 1460 1364 ex
1492 1309 1672 1364 carnis
1721 1309 1862 1363 vitiis
1912 1309 2138 1377 patitur,

591 1405 778 1458 satiata
810 1403 1094 1470 aliquando
1123 1410 1177 1455 et
1204 1401 1428 1470 repleta,
1464 1400 1608 1453 velut
1644 1400 1980 1469 gravissimis
2007 1412 2138 1453 one-

592 1496 739 1550 ribus
767 1495 989 1548 luxurize
1018 1509 1082 1547 ac
1117 1493 1353 1547 libidinis
1386 1491 1634 1560 fatigata,
1675 1489 1889 1544 facilius
1914 1499 1969 1544 et
1996 1489 2162 1544 vclo-.

591 1588 705 1640 eius
736 1587 974 1641 converti
1003 1600 1029 1638 a
1063 1584 1430 1638 materialibus
1463 1583 1711 1637 sordibus
1740 1581 1802 1635 ad
1837 1583 2134 1636 caelestium

590 1678 911 1732 desiderium
958 1687 1012 1730 et
1061 1673 1393 1740 spiritualem
1427 1673 1652 1742 gratiam
1684 1683 1876 1740 potest.
1939 1673 2006 1726 Et
2037 1675 2137 1726 hoe

591 1767 956 1822 arbitrandum
985 1775 1066 1818 est
1086 1763 1285 1818 dixisse
1311 1762 1644 1831 Apostolum,
1674 1763 1872 1815 idcirco
1897 1777 2138 1831 pugnare

591 1858 833 1924 spiritum
861 1856 1117 1909 adversus
1147 1867 1385 1915 carnem,
1419 1862 1470 1905 et
1503 1866 1718 1905 carnem
1748 1853 2006 1908 adversus
2038 1854 2141 1919 Spi-

592 1951 771 2011 ritum,
823 1956 880 1999 ut
913 1960 1017 2001 non
1051 1959 1380 2014 quaecunque
1415 1944 1683 2006 volumus,
1727 1945 1813 1998 illa
1855 1945 2134 2008 faciamus,

589 2040 708 2093 sine
738 2038 897 2092 dubio
923 2054 987 2091 ea
1013 2011 1132 2105 qua:
1161 2011 1312 2090 extra
1347 2035 1672 2089 voluntatem
1711 2037 1931 2105 Spiritus
1955 2046 2011 2090 et
2041 2052 2136 2090 ev-
2169 2011 2207 2064 Β

592 2140 672 2182 tra
723 2129 1044 2183 voluntatem
1094 2129 1272 2182 carnis
1311 2127 1584 2197 designata
1620 2138 1776 2192 sunt;
1831 2136 1888 2180 ut
1921 2128 1965 2181 si
2017 2128 2136 2182 aliis

591 2221 896 2275 nominibus
945 2219 1265 2284 diceremus,
1314 2220 1436 2287 quia
1493 2219 1683 2272 melius
1733 2226 1815 2272 est
1866 2219 2132 2272 hominem

589 2323 681 2367 aut
730 2312 782 2366 iu
830 2311 1028 2366 virtute
1055 2326 1197 2375 esse,
1219 2321 1309 2365 aut
1344 2311 1394 2364 in
1433 2311 1660 2376 malitia,
1690 2327 1854 2382 quam
1905 2312 1955 2365 in
1989 2313 2135 2366 nullo

588 2407 774 2459 horum
799 2422 813 2470 ;
841 2405 1017 2458 anima
1055 2419 1178 2457 vero
1210 2404 1515 2472 priusquam
1547 2403 1620 2474 (6)
1667 2419 1724 2457 se
1756 2414 2033 2475 convertat
2069 2409 2133 2456 ad

589 2496 832 2563 spiritum
867 2502 921 2548 et
971 2510 1134 2547 tinum
1169 2492 1431 2548 efficiatur
1464 2508 1581 2544 cum
1630 2507 1714 2556 eo,
1747 2493 1868 2546 dum
1897 2494 2135 2547 adhaeret

586 2587 800 2656 corpori
856 2597 910 2640 et
964 2586 1030 2640 de
1066 2584 1370 2638 carnalibus
1417 2585 1634 2653 cogitat,
1686 2600 1860 2653 neque
1909 2586 1960 2637 in
1994 2587 2134 2640 hono

585 2683 733 2727 statu
765 2673 972 2728 videtur
1018 2688 1158 2736 esse,
1195 2687 1368 2739 neque
1417 2673 1696 2726 manifeste
1746 2674 1796 2726 in
1849 2675 2014 2739 malo,
2041 2675 2132 2730 sed

583 2777 704 2817 esse
733 2763 974 2827 animali,
1003 2773 1059 2816 ut
1089 2766 1159 2817 ita
1196 2765 1442 2828 dixerim,
1481 2765 1689 2822 similis.
1741 2766 1926 2821 Melius
1954 2777 2131 2822 autem

585 2867 668 2908 est
698 2863 755 2908 ut
781 2854 823 2910 si
859 2856 970 2908 lieri
999 2865 1174 2925 potest
1199 2857 1478 2909 adhaerens
1505 2856 1715 2924 spiritui
1747 2856 2007 2912 eflieiatur
2033 2861 2136 2929 spi-

587 2948 788 3003 ritalis.
827 2948 882 3001 Si
912 2963 1038 3002 vero
1066 2948 1179 3001 ﬁeri
1212 2964 1313 3001 non
1346 2959 1542 3015 potest,
1574 2951 1748 3019 magis
1774 2952 1988 3018 expedit
2014 2968 2132 3006 eam

585 3034 672 3087 vel
727 3036 904 3089 carnis
937 3036 1192 3089 malitiam
1229 3039 1400 3104 sequi,
1453 3054 1610 3105 quam
1641 3040 1690 3092 in
1744 3042 1857 3094 suis
1905 3043 2132 3110 positam

583 3126 975 3188 voluntatibus,
1005 3127 1253 3179 animalis
1286 3128 1668 3184 irrationabilis
1698 3139 1896 3184 statum
1931 3142 2132 3187 tenere.
2171 3176 2179 3183 .

586 3215 714 3269 Haec
748 3223 926 3270 autem
959 3216 1304 3269 tractavimus
1335 3216 1572 3271 volentes
1596 3219 1925 3285 singularum
1956 3237 2132 3277 asser-

2244 751 2510 804 beanteta
2533 747 2815 814 semetipso
2835 745 3166 809 discordans,
3193 758 3314 797 cum
3336 734 3499 798 etiam
3536 745 3589 796 in
3617 741 3808 799 omnl-

2244 839 2343 893 bus
2371 837 2673 892 hominibus
2703 837 2774 890 ita
2799 835 3123 898 inveniatur,
3167 834 3208 887 si
3231 835 3444 902 quando
3475 834 3809 890 deliberatio

2245 931 2461 1003 incertae
2493 919 2569 982 rei
2607 928 2672 982 ad
2713 927 2994 983 consilium
3024 926 3257 989 venerit,
3279 928 3689 995 etprospicitur,
3709 929 3804 982 vel

2243 1021 2539 1075 consulitur
2577 1020 2706 1089 quid
2758 1018 2958 1073 rectius
3006 1020 3088 1070 vel
3131 1017 3600 1086 utiliuseligatur.
3650 1019 3804 1075 Nihil

2243 1125 2370 1180 ergo
2397 1111 2590 1164 mirum
2608 1111 2650 1164 si
2671 1110 2786 1165 dure
2808 1108 3300 1164 verisimilitudines
3324 1110 3424 1163 sibi
3462 1111 3685 1164 invicem
3701 1126 3804 1165 oe-

2242 1213 2517 1257 currentes
2537 1211 2592 1255 et
2608 1201 2880 1256 contraria
2900 1211 3264 1271 suggerentes,
3282 1202 3335 1254 in
3356 1201 3594 1255 diversas
3615 1211 3806 1271 partes

2241 1295 2477 1347 animum
2499 1295 2730 1364 rapiunt.
2760 1291 2921 1346 Verbi
2943 1307 3127 1356 causa,
3150 1293 3192 1347 si
3216 1284 3669 1363 cogitatioinvitet
3694 1296 3802 1349 ali-

2241 1399 2397 1452 quem
2431 1385 2498 1438 ad
2529 1385 2688 1439 fidem
2718 1392 2772 1438 et
2802 1385 3044 1439 timorem
3079 1384 3196 1448 Dei,
3226 1397 3350 1440 tune
3379 1401 3482 1440 non
3511 1396 3681 1455 potest
3713 1388 3804 1439 di-

2243 1475 2291 1529 ci
2341 1477 2465 1544 quia
2503 1490 2634 1530 caro
2665 1479 2951 1530 adversum
2985 1475 3226 1542 spiritum
3260 1488 3491 1547 pugnet;
3524 1480 3614 1532 sed
3666 1480 3818 1530 dum

2241 1569 2501 1621 incertum
2542 1578 2625 1622 est
2670 1570 2814 1637 quod
2863 1584 3047 1623 verum
3096 1579 3151 1622 et
3182 1568 3310 1622 utile
3360 1580 3462 1632 est,
3499 1569 3710 1623 animus
3739 1568 3796 1622 in

2239 1659 2450 1713 diversa
2483 1661 2707 1728 rapitur.
2760 1661 2833 1715 lta
2864 1673 2917 1716 et
2949 1677 3069 1716 eum
3100 1670 3318 1736 putatur
3342 1674 3468 1714 caro
3497 1661 3562 1712 ad
3597 1660 3784 1714 libidi-

2239 1767 2360 1806 nem
2409 1766 2724 1820 provocare,
2762 1753 3040 1807 consilium
3075 1767 3203 1812 vero
3233 1751 3424 1805 melius
3453 1750 3794 1819 hujuscemo—

2240 1845 2291 1898 di
2343 1845 2705 1898 incitamentis
2760 1845 2984 1909 resistit,
3041 1859 3143 1897 non
3192 1846 3480 1913 putandum
3521 1853 3600 1897 est
3631 1846 3794 1897 vitam

2240 1935 2638 2004 essealiquam
2690 1935 2850 1988 aliam
2901 1950 3020 2004 quae
3067 1937 3325 1990 adversus
3376 1936 3536 1989 aliam
3573 1937 3796 1990 resistat

2239 2026 2336 2096 (8),
2372 2028 2464 2080 sed
2502 2036 2748 2080 naturam
2771 2025 3014 2096 Corporis
3040 2044 3156 2097 qua:
3187 2029 3390 2099 repleta
3421 2027 3575 2082 sativi
3610 2015 3795 2082 humo-

2234 2120 2312 2172 ris
2343 2118 2457 2172 loca
2493 2134 2756 2173 evacuare
2789 2122 2951 2188 gestit
2978 2123 3164 2189 {atque
3210 2119 3473 2185 defluere;
3521 2119 3661 2173 sicut
3695 2136 3794 2174 nec

2239 2210 2514 2262 contraria
2571 2211 2745 2278 aliqua
2797 2212 2987 2275 virtus,
3038 2227 3134 2264 nec
3169 2211 3275 2262 vita
3328 2197 3794 2264 alterius-animae

2235 2301 2470 2369 putanda
2497 2309 2582 2354 est
2611 2317 2728 2369 qua!
2761 2303 2918 2356 nobis
2949 2303 3149 2355 excitat
3179 2302 3322 2354 sitim
3355 2311 3404 2355 et
3441 2313 3697 2369 provocat
3725 2302 3791 2352 ad

2235 2390 2541 2454 bibendum,
2577 2391 2656 2443 vel
2701 2407 2819 2459 quze
2867 2394 3072 2445 esurire
3121 2391 3265 2459 facit,
3297 2402 3350 2445 et
3401 2394 3581 2444 irritat
3611 2394 3676 2444 ad
3709 2395 3790 2446 ci-

2235 2484 2381 2538 bum.
2433 2483 2534 2537 Sed
2583 2485 2718 2537 Sicut
2753 2486 2863 2537 hrcc
2895 2483 3233 2536 naturalibus
3279 2482 3510 2535 motibus
3547 2485 3794 2551 corporis

2179 2599 2184 2604 -
2236 2574 2317 2627 vel
2349 2583 2696 2642 appetuntur,
2727 2575 2808 2628 vol
2839 2572 3185 2636 evacuantur,
3225 2575 3296 2628 ita
3329 2583 3384 2628 et
3413 2574 3673 2628 naturalis
3701 2590 3789 2628 se-

2237 2666 2394 2719 minis
2421 2677 2778 2736 congregatus
2807 2681 2900 2735 per
2948 2668 3155 2735 tempus
3187 2667 3239 2720 in
3269 2667 3382 2720 suis
3417 2665 3549 2722 locis
3599 2666 3792 2720 humor

2235 2758 2432 2827 expelli
2481 2761 2664 2828 gestit,
2725 2767 2773 2812 et
2808 2758 2964 2826 abjici
3016 2780 3026 2813 :
3072 2761 3211 2827 quod
3249 2761 3300 2812 in
3352 2769 3560 2812 tantum
3592 2774 3788 2828 nequa-

2235 2866 2395 2919 quam
2445 2851 2668 2920 impulsu
2731 2852 2960 2905 alterius
3020 2853 3335 2923 cujusquam
3389 2853 3799 2922 provocationis

2199 2942 2483 3007 ‘eﬂicitur,
2530 2953 2590 2997 ut
2638 2945 2798 2998 etiam
2840 2954 3031 3010 sponte
3079 2945 3347 2999 interdum
3402 2945 3570 3000 soleat
3621 2945 3786 3015 egeri.

2234 3036 2365 3090 Cum
2401 3053 2530 3107 ergo
2556 3037 2774 3102 dicitur,
2814 3037 2936 3103 quia
2977 3055 2994 3086 ι
3020 3052 3145 3090 caro
3168 3047 3363 3106 pugnat
3389 3039 3648 3092 adversus
3679 3038 3790 3106 spi-

2236 3130 2396 3182 ritum
2419 3129 2483 3195 ³⁸,
2512 3147 2530 3179 ι
2572 3129 2642 3182 ita
2674 3129 2975 3199 intelligunt
3006 3130 3118 3196 isti,
3149 3131 3275 3197 quia
3306 3145 3456 3194 usus,
3487 3130 3570 3185 vel
3597 3145 3786 3186 neces-

2233 3220 2383 3282 sitas,
2438 3221 2518 3273 vel
2571 3221 3020 3274 delectamentum
3068 3222 3248 3275 carnis
3280 3235 3582 3289 provocans
3609 3223 3787 3275 homi-

586 3309 787 3360 tionum
818 3306 1082 3360 disserere
1119 3307 1417 3374 opiniones,
1469 3310 1710 3376 ampliori
1763 3325 1922 3378 quain
1963 3314 2131 3367 volui-
2158 3338 2200 3394 ρ
2237 3326 2356 3364 nem
2390 3311 2650 3365 abstrahit
2690 3322 2745 3366 et
2776 3313 2998 3380 abducit
3039 3327 3066 3364 a
3097 3312 3295 3364 divinis
3338 3321 3391 3366 et
3442 3311 3778 3383 spiritalibus

585 3414 702 3451 mus
734 3399 812 3452 usi
861 3414 1108 3459 excursu.
1144 3403 1218 3453 uti
1255 3416 1318 3454 ne
1366 3399 1531 3453 latere
1579 3416 1676 3454 nos
1723 3413 2041 3468 putarentur
2068 3420 2129 3458 ea

583 3506 702 3560 quae
753 3491 952 3545 moveri
987 3491 1160 3545 solent
1191 3496 1256 3545 ab
1296 3492 1381 3546 his
1411 3493 1499 3558 qui
1527 3502 1792 3560 quaerunt,
1831 3505 2010 3548 utrum
2065 3499 2134 3550 sit

584 3583 689 3635 alia
722 3581 896 3634 anima
929 3583 982 3635 in
1012 3583 1165 3636 nobis
1192 3592 1387 3650 praeter
1416 3583 1553 3636 hanc
1579 3584 1849 3638 cmlestem
1887 3596 1941 3638 et
1968 3588 2131 3642 ratio-

584 3672 838 3735 nabilem,
873 3687 992 3739 quae
1023 3672 1150 3724 huic
1180 3672 1499 3725 naturaliter
1527 3673 1864 3738 adversetur,
1896 3687 1949 3730 et
1982 3693 2123 3733 voce

582 3772 670 3818 tur
688 3763 767 3816 vel
789 3779 936 3825 caro,
969 3763 1049 3815 vel
1081 3763 1341 3830 sapientia
1387 3766 1582 3828 carnis,
1613 3765 1694 3817 vel
1725 3766 1901 3819 anima
1933 3770 2130 3823 carnis.

653 3855 706 3908 4.
739 3853 888 3906 Nunc
916 3855 1192 3908 videamus
1241 3856 1370 3922 quid
1400 3857 1560 3909 etiam
1593 3858 1871 3912 adversum
1899 3859 2010 3914 hmo.
2046 3876 2133 3914 re-

582 3943 833 4009 sponderi
881 3941 1050 3996 soleat
1081 3944 1148 3997 ab
1182 3945 1264 3998 his
1304 3945 1392 4012 qui
1420 3944 1715 3999 defendunt
1747 3963 1907 4002 unum
1934 3952 2128 4004 essein

582 4035 738 4088 nobis
791 4042 1012 4096 motum,
1067 4043 1121 4087 et
1174 4050 1331 4087 unam
1370 4036 1544 4088 vitam
1578 4039 1738 4094 unius
1787 4037 2131 4110 ejusdemque

585 4123 775 4176 animae
802 4123 899 4194 (7),
949 4124 1104 4192 cujus
1131 4125 1244 4176 sive
1287 4125 1452 4188 salus,
1502 4128 1614 4180 sive
1655 4131 1887 4196 perditio
1936 4146 2131 4184 secun-

584 4218 708 4270 dum
744 4225 894 4270 actus
920 4230 1043 4270 suos
1085 4215 1186 4284 ipsi
1221 4217 1438 4283 proprie
1479 4218 1798 4272 ascribatur.
1862 4221 1927 4274 Et
1959 4224 2133 4290 primo

583 4307 857 4361 videamus
881 4307 1179 4374 cujusmodi
1209 4309 1318 4361 sint
1352 4308 1627 4376 passiones
1659 4312 1822 4364 animi
1873 4329 2008 4381 quas
2035 4332 2129 4384 pa-

585 4398 748 4451 timur
793 4413 912 4451 cum
964 4400 1224 4452 sentimus
1272 4397 1410 4451 intra
1471 4403 1827 4470 nosmetipsos
1881 4406 2025 4458 velut
2080 4409 2130 4460 in

583 4498 763 4557 partes
797 4505 892 4543 nos
921 4490 1030 4556 rapi
1062 4505 1154 4557 per
1178 4489 1418 4557 singula;
1446 4506 1564 4544 cum
1593 4508 1765 4564 pugna
1797 4498 2039 4564 qumdam
2077 4500 2133 4553 fit

583 4580 966 4649 cogitationum
1001 4582 1051 4632 in
1084 4581 1336 4635 cordibus
1367 4586 1588 4649 nostris,
1621 4596 1672 4640 et
1700 4590 1940 4656 quardam
1980 4592 2132 4646 nobis

2238 3404 2419 3457 rebus.
2461 3401 2566 3455 Pro
2615 3403 2937 3456 necessitate
2984 3404 3180 3456 etenim
3231 3403 3474 3470 corporis
3507 3404 3786 3464 abstracti.

2236 3493 2432 3545 divinis
2463 3502 2516 3546 et
2553 3493 2604 3545 in
2635 3503 2892 3546 aeternum
2928 3493 3223 3561 profuturis
3272 3495 3431 3549 rebus
3459 3511 3655 3550 vacare
3683 3513 3786 3550 non

2234 3583 2480 3636 siuimur.
2533 3584 2624 3638 Sic
2670 3600 2856 3639 rursus
2903 3585 3099 3639 divinis
3149 3596 3201 3640 et
3245 3587 3576 3655 spiritalibus
3609 3591 3788 3642 anima

2240 3671 2400 3744 148
2431 3690 2646 3736 vacans,
2687 3683 2739 3729 et
2770 3677 2980 3743 spiritui
3019 3677 3326 3746 conjuncta,
3366 3680 3677 3748 impugnare
3706 3681 3786 3734 di-

2233 3766 2376 3840 citur
2406 3779 2646 3832 carnem,
2682 3768 2804 3819 dum
2834 3769 3027 3822 resolvi
3059 3784 3177 3823 eam
3205 3771 3410 3825 deliciis
3439 3788 3541 3825 non
3584 3773 3712 3826 sinit
3738 3783 3791 3826 et

2235 3856 2597 3923 voluptatibus
2627 3858 2862 3921 fluitare,
2897 3863 3093 3928 quibus
3122 3862 3443 3916 naturaliter
3465 3864 3785 3918 delectatur.

2232 3947 2345 4002 Hoc
2396 3951 2554 4004 modo
2602 3953 2762 4005 etiam
2799 3953 2925 4007 illud
2961 3966 3207 4008 asserunt
3243 3957 3384 4024 quod
3416 3956 3616 4011 dicttim
3654 3933 3783 4012 esti:

2239 4059 2255 4090 ε
2281 4040 2554 4109 Sapientia
2603 4045 2784 4096 carnis
2831 4046 3047 4098 inimica
3096 4055 3176 4099 est
3203 4045 3394 4112 Deo”,
3427 4065 3446 4096 ι
3497 4061 3603 4100 non
3642 4049 3784 4116 quod

2234 4147 2360 4184 vere
2411 4134 2647 4187 animam
2707 4137 2901 4190 habeat
2946 4152 3092 4196 caro.
3153 4137 3234 4191 vel
3287 4138 3607 4205 sapientiam
3664 4154 3786 4207 pro-

2233 4222 2428 4288 priam,
2479 4225 2568 4276 sed
2616 4226 2757 4278 sicut
2790 4226 3009 4280 abusive
3036 4227 3215 4280 dicere
3261 4227 3499 4281 solemus
3527 4239 3582 4280 et
3632 4228 3785 4282 sitire

2237 4322 2430 4367 terram
2457 4324 2508 4368 et
2541 4317 2676 4370 velle
2708 4333 2822 4369 eam
2848 4319 3032 4372 bibere
3058 4333 3275 4386 aquam,
3306 4318 3406 4371 hoc
3434 4319 3617 4388 utique
3639 4322 3783 4389 quod

2235 4404 2467 4456 dicimus
2497 4404 2650 4470 velle,
2678 4421 2781 4458 non
2807 4406 3041 4474 proprie,
3075 4408 3166 4461 scd
3198 4408 3417 4462 abusive
3441 4408 3782 4476 proferimus,

2234 4494 2379 4547 velut
2402 4495 2444 4547 si
2469 4495 2712 4548 dicamus
2741 4496 2928 4553 iterum
2952 4499 3075 4565 quia
3096 4499 3284 4553 domus
3308 4503 3617 4570 recomponi
3646 4503 3782 4568 vult,‘

2235 4598 2288 4639 et
2315 4587 2417 4638 alia
2445 4587 2610 4639 multa
2637 4587 2718 4640 his
2745 4588 2970 4652 similia;
3006 4591 3078 4642 ita
3103 4599 3154 4644 et
3177 4591 3438 4661 sapientia
3472 4595 3652 4649 carnis
3689 4611 3780 4650 ac-

586 4670 1080 4723 verisirnilitudiues
1112 4683 1491 4737 suggeruntur,
1517 4677 1708 4742 quibus
1742 4695 1886 4734 nunc
1921 4683 1970 4734 in
2007 4684 2127 4747 hoc,
2164 4671 2208 4725 D
2235 4677 2481 4745 Cipienda
2530 4687 2634 4741 est,
2686 4679 2765 4732 vel
2791 4681 2933 4748 quod
2981 4681 3179 4736 dictum
3224 4687 3457 4753 estquia
3503 4705 3521 4737 ς
3546 4701 3674 4742 caro
3705 4690 3780 4758 (9)

586 4773 725 4811 nunc
754 4760 804 4811 in
836 4758 977 4810 aliud
1030 4759 1371 4824 inclinantur,
1405 4764 1703 4832 quibusque
1744 4786 1882 4823 nunc
1915 4775 2125 4842 quidem

585 4851 879 4919 arguimur,
935 4868 1074 4906 nunc
1139 4870 1266 4908 vero
1319 4860 1674 4925 nosmetipsos
1727 4862 2125 4930 amplectimur.

585 4938 729 4993 Nihil
777 4950 952 4996 autem
984 4959 1230 5012 maguum
1273 4957 1355 4999 est
1394 4949 1437 4999 si
1475 4949 1608 5000 mala
1641 4951 1848 5018 ingenia
1887 4955 2129 5010 dicamus

657 5144 698 5172 "‘
727 5142 898 5197 Galat.
931 5159 983 5208 v,
1009 5145 1091 5197 l7.
1171 5144 1213 5174 ³⁹
1249 5146 1401 5200 Rom.
1442 5160 1556 5208 rm,
1583 5145 1631 5197 7.

656 5348 732 5489 ΣΒ)
763 5348 924 5426 cave,
955 5359 1008 5402 et
1034 5349 1218 5401 confer
1246 5367 1389 5404 ntun.
1412 5351 1478 5405 29
1514 5352 1604 5406 lib.
1642 5353 1714 5407 De
1743 5356 1996 5408 oratione.

682 5421 734 5486 6)
780 5418 868 5472 Sic
919 5435 1046 5472 mss.
1088 5420 1256 5482 Alias,
1319 5439 1335 5471 ι
1364 5434 1660 5489 postquam.
1692 5444 1710 5475 ι
1777 5423 1916 5477 Infra
1967 5443 1995 5476 ιι

682 5421 734 5491 ti)
780 5418 868 5472 Sic
919 5435 1046 5472 mss.
1088 5420 1256 5491 Alias,
1319 5439 1335 5471 ι
1364 5434 1660 5491 postquam.
1692 5444 1710 5475 ι
1777 5423 1916 5477 Infra
1967 5437 2118 5488 mss.,

596 5505 617 5537 ι
641 5490 718 5539 usi
742 5504 988 5541 excursu.
1020 5508 1037 5538 ι
1081 5489 1243 5551 Alias,
1277 5509 1294 5539 ι
1322 5494 1398 5544 usi
1430 5489 1674 5547 excessu.
1702 5514 1717 5543 ι
1894 5503 1898 5507 ’
1925 5544 1932 5552 .

662 5557 736 5630 (7)
769 5558 856 5630 Sic
889 5574 1012 5611 mss.
1046 5560 1210 5630 Alias,
1268 5577 1285 5609 ι
1312 5576 1426 5628 qua!
1451 5564 1610 5614 etiam
1658 5567 1722 5616 ad
1762 5565 1866 5618 hoc
1899 5578 2122 5630 respon-

593 5628 704 5679 deri
735 5627 959 5679 soleant.
989 5652 1006 5678 ι
1045 5629 1241 5683 Ibidem
1274 5627 1426 5696 mss.,
1463 5651 1482 5682 ε
1505 5641 1558 5684 et
1587 5647 1742 5685 unam
1772 5636 1932 5687 vitam
1966 5627 2123 5686 unius

593 5696 936 5769 ejusdemque
982 5701 1190 5753 animm.
1220 5719 1236 5749 ι
1311 5701 1479 5769 Alias,
1539 5712 1632 5754 tet
1678 5717 1836 5755 unam
1890 5705 2120 5756 animam

594 5769 751 5818 Unius
775 5766 1116 5835 ejusdemque
1147 5773 1353 5822 animm.
1387 5790 1404 5821 ι

631 5836 739 5914 "(8)
771 5835 859 5914 Sic
892 5851 1019 5889 mss.
1039 5839 1232 5914 “Alias,
1283 5857 1300 5888 ε
1324 5856 1427 5894 non
1475 5842 1704 5908 putanda
1753 5851 1833 5896 cst
1873 5843 1978 5894 vita
2006 5858 2125 5896 esse

594 5907 694 5958 alia
725 5908 935 5981 anin‘ne.
965 5926 984 5958 ι
1036 5907 1198 5981 Paulo
1249 5921 1366 5977 post
1417 5907 1564 5974 mss.,
1621 5928 1922 5966 «evacuare
1967 5915 2169 5981 gestit'

598 5987 752 6046 atque
781 5978 1028 6033 dcllucre.
1055 5999 1072 6030 ι
1123 5979 1286 6047 Alias,
1330 5999 1347 6032 ς
1370 5996 1626 6038 cvacuarc
1661 5985 1820 6050 gestit
1849 5978 2008 6050 atqui:
2043 6001 2125 6038 re-

1709 5147 1752 5176 ¹⁵⁰
1775 5147 1969 5204 Οιειιυε.
2003 5168 2072 5216 ιν,
2101 5156 2190 5206 ltl.

2236 4770 2572 4839 concupiscit
2626 4772 2884 4824 adversus
2942 4773 3251 4840 spiritum.»
3316 4779 3566 4844 Adjicere
3611 4781 3782 4835 solent

2237 4860 2398 4912 etiam
2428 4859 2555 4913 illud
2600 4861 2741 4928 quod
2776 4862 2978 4917 dictum
3007 4875 3088 4919 est
3117 4879 3132 4918 :
3170 4885 3187 4917 ι
3217 4864 3329 4921 Vox-
3355 4871 3634 4937 sanguinis
3669 4867 3776 4925 fni-

2235 4951 2337 5004 tris
2365 4953 2437 5004 tui
2476 4952 2666 5007 clamat
2692 4955 2757 5008 ad
2793 4972 2874 5010 Inc
2906 4956 2970 5011 de
3003 4968 3146 5012 terra
3169 4957 3229 5011 ⁵ο.
3257 4979 3275 5011 ι
3319 4958 3470 5024 Quod
3510 4961 3649 5014 enim
3674 4961 3781 5015 cla-

2228 5358 2391 5425 plere.
2423 5377 2440 5407 ι
2508 5357 2650 5412 Infra
2682 5374 2812 5411 mss.
2845 5378 2860 5408 ι
2889 5359 3160 5413 hominem
3212 5362 3480 5416 abstrahit
3532 5372 3583 5417 et
3611 5365 3777 5419 abdu-

2228 5431 2320 5481 cit.
2355 5448 2371 5479 ι
2431 5427 2583 5481 Libb.
2627 5430 2778 5493 editi,
2838 5447 2856 5478 ‹
2888 5429 3160 5495 hominem
3216 5434 3452 5486 extrahit
3499 5442 3551 5489 et
3603 5437 3776 5489 abdu~

2229 5508 2326 5552 Cll.
2353 5517 2369 5547 ι
3155 5550 3160 5554 ,

2301 5568 2375 5635 (9)
2409 5567 2544 5631 Quia
2567 5585 2708 5622 caro.
2774 5567 2865 5622 llze
2906 5571 3024 5626 duae
3077 5583 3232 5625 voces
3275 5571 3469 5628 desunt
3519 5575 3572 5628 in
3615 5582 3772 5628 antea

2229 5637 2400 5701 editis,
2432 5638 2523 5690 sed
2550 5639 2813 5692 habentur
2839 5641 2889 5692 in
2929 5656 3057 5693 mss.
3106 5641 3245 5695 Infra
3281 5659 3434 5708 mss.,
3475 5662 3494 5694 ι
3517 5645 3662 5695 velut
3687 5645 3768 5695 hex

2229 5710 2468 5774 quaedam
2525 5709 2757 5777 corpori
2787 5711 2984 5765 inest.»
3040 5711 3193 5766 Libh.
3242 5714 3394 5777 editi,
3448 5713 3636 5766 «velut
3684 5711 3770 5766 lex

2231 5791 2511 5851 corporum
2546 5789 2645 5831 est.
2675 5799 2692 5830 ι
2742 5776 2938 5834 l‘bidem
2980 5799 3134 5845 mss.,
3169 5776 3468 5837 «intentius
3499 5782 3664 5851 possit
3694 5782 3771 5836 di-

2231 5847 2354 5898 vina
2410 5850 2714 5920 contueri.»
2767 5852 2931 5915 Alias,
2993 5863 3320 5906 «contentus
3364 5847 3531 5920 possit
3585 5853 3766 5905 divina

2233 5919 2494 5989 contueri.
2521 5936 2538 5968 ι
2600 5917 2760 5973 Paulo
2787 5935 2907 5989 post
2937 5936 3089 5985 mss.,
3144 5941 3162 5973 ι
3191 5917 3466 5989 descripta:
3492 5931 3620 5976 sunt
3648 5936 3768 5980 esse

2233 5985 2482 6044 haereses.
2510 6007 2525 6039 ι
2568 5989 2732 6058 Alias,
2776 5985 2798 6042 ί
2820 5994 3097 6062 descripta:
3126 6001 3308 6048 essent
3337 5985 3584 6051 h'wreses.
3613 6009 3634 6046 ι
