4074 6308
167 542 268 600 52ξί

1485 534 1680 590 LIBER
1724 533 2043 591 TERTIUS.
3279 537 3387 594 δρα

169 650 275 688 ιιιπι,
309 636 378 688 ad
404 633 708 694 Dominum,
755 647 859 684 non
894 635 972 682 est
1007 628 1222 696 prOprie
1257 628 1475 696 sangvis
1518 630 1604 680 ille
1631 630 1722 695 qui
1757 638 1795 684 Λ
1828 626 2228 693 promulgatam
2317 625 2568 679 omnibus
2628 632 3137 687 consummationem
3200 633 3381 688 stet-eli

168 727 372 782 pansus
422 707 540 787 est:
583 726 673 778 sed
722 722 940 775 abusive
971 720 1191 790 sanguis
1224 719 1458 772 clamare
1504 719 1724 779 dicitur,

171 823 290 870 dum
323 821 443 886 ejus
465 819 553 885 qui
584 816 893 884 sanguinem
923 812 1111 866 eifudit
1138 813 1367 866 vindicta
1395 814 1723 893 deposcitur.

172 909 274 963 Sed
326 920 381 963 et
434 908 556 962 illud
605 907 746 972 quod
771 905 1062 971 Apostolus
1105 905 1182 956 ait
1223 925 1234 957 :
1280 903 1490 958 «Video
1541 913 1720 958 autem

172 1001 332 1054 aliam
365 1001 530 1066 legem
581 998 633 1049 in
689 996 944 1051 membris
1002 997 1136 1049 meis
1181 1005 1563 1064 repugnantem
1622 997 1721 1066 legi

172 1090 366 1145 mentis
391 1103 519 1141 mea:
539 1088 608 1150 “,
636 1108 652 1138 ι
692 1089 763 1140 ita
792 1088 1096 1156 intelligunt
1123 1097 1371 1156 tanquam
1403 1089 1447 1141 si
1472 1088 1720 1152 dixisset,

171 1181 312 1247 quod
346 1181 390 1234 is
413 1181 502 1248 qui
541 1183 706 1234 verbo
732 1180 824 1234 Dei
858 1196 1053 1236 vacare.
1084 1183 1216 1244 vult,
1245 1198 1344 1249 pro
1383 1182 1724 1235 necessitati-

171 1273 266 1325 bus
289 1279 346 1324 et
371 1271 556 1324 usibus
586 1273 974 1338 corporalibus,
1006 1288 1123 1340 qua:
1172 1272 1315 1324 velut
1358 1272 1441 1326 lex
1475 1276 1719 1340 quaedam

172 1359 382 1430 corpori
419 1363 577 1425 inest,
607 1362 925 1416 distrahitur
954 1374 1112 1430 atque
1141 1363 1409 1416 divellitur
1433 1373 1595 1432 atque
1619 1364 1718 1415 im-

173 1453 382 1518 peditur
407 1466 473 1506 ne
498 1453 780 1521 sapientize
812 1469 1012 1507 vacans
1053 1455 1306 1508 intentius
1343 1456 1507 1522 possit
1536 1457 1715 1509 divina

173 1546 408 1599 contueri
434 1549 712 1616 mysteria.

240 1633 291 1685 5.
317 1631 465 1697 Quod
498 1649 625 1687 vero
665 1626 801 1688 inter
845 1638 1021 1690 carnis
1069 1652 1231 1703 opera
1276 1641 1557 1709 descriptae
1591 1653 1711 1695 sunt

175 1735 288 1785 esse
311 1725 471 1776 etiam
508 1725 754 1789 lnereses,
808 1737 860 1780 et
916 1730 1150 1794 invidiae,
1203 1743 1258 1783 et
1312 1733 1710 1799 contentiones,

177 1813 256 1864 vel
283 1822 494 1877 caetera,
524 1816 592 1866 ita
628 1817 918 1881 accipiunt,
947 1821 1084 1887 quod
1120 1823 1297 1874 anima
1331 1838 1447 1875 cum
1479 1827 1712 1878 crassio-

178 1915 250 1953 rts
279 1915 468 1956 sensus
514 1902 678 1959 fuerit
708 1906 920 1969 effecta,
966 1924 1028 1960 ex
1068 1925 1130 1962 eo
1166 1913 1306 1976 quod
1330 1915 1569 1981 corporis
1592 1932 1711 1971 sese

177 1993 510 2061 passionibus
538 1995 740 2058 subdit.
773 2013 1024 2066 oppressa
1062 2001 1316 2056 vitiorum
1361 2007 1609 2071 molibus,
1659 2020 1712 2063 et

177 2083 304 2135 nihil
346 2086 541 2138 subtile
585 2104 647 2140 ac
696 2090 936 2156 spiritale
962 2094 1215 2154 sentiens,
1260 2111 1386 2150 caro
1413 2099 1606 2152 dicitur
1629 2101 1712 2157 ef-

177 2173 332 2238 fecta,
363 2183 416 2226 et
445 2175 566 2227 inde
598 2191 790 2231 nomen
841 2181 1021 2244 trahit,
1071 2183 1122 2234 in
1150 2199 1254 2251 quo
1286 2186 1403 2254 plus
1435 2191 1592 2242 studii
1630 2192 1713 2245 vel

177 2266 428 2333 prepositi
473 2268 630 2334 gerit.
703 2269 918 2324 Addunt
967 2275 1126 2327 etiam
1165 2278 1278 2331 haec
1328 2282 1660 2347 requirentes
1698 2307 1709 2340 :

176 2357 294 2423 quis
315 2348 642 2421 invenietur,
673 2360 753 2413 vel
785 2364 906 2430 quis
953 2365 1160 2419 dicetur
1192 2372 1437 2428 conditor
1465 2377 1584 2428 mali
1610 2378 1712 2430 hu-

173 2444 259 2510 jus
306 2461 492 2501 sensus
541 2451 633 2517 qui
678 2451 870 2505 dicitur
922 2468 1110 2510 sensus
1161 2459 1270 2527 (I0)
1315 2467 1530 2519 carnis?
1577 2467 1710 2534 Quia

181 2536 340 2589 alium
375 2539 574 2592 nnllurn
625 2551 924 2596 creatorem
979 2549 1171 2615 anima:
1221 2561 1274 2604 et
1317 2558 1496 2610 carnis
1537 2541 1709 2626 'quam

161 2627 343 2700 Deum
377 2631 704 2690 credendum
735 2648 850 2687 esse
899 2636 1208 2694 dcfettduut.
1282 2644 1344 2696 Et
1383 2649 1425 2699 si
1473 2650 1711 2707 dicamus

177 2719 301 2787 quia
328 2718 495 2773 bonus
525 2722 660 2775 Deus
686 2722 737 2776 in
771 2724 881 2791 ipsa
915 2715 1218 2786 conditione
1258 2749 1350 2788 sua
1380 2737 1578 2806 aliquid
1609 2743 1712 2799 sibi

181 2811 381 2863 creavit
422 2811 718 2884 inimicum,
765 2817 949 2884 utique
986 2821 1275 2878 absurdum
1315 2829 1597 2884 videbitur.
1651 2833 1707 2888 Si

177 2912 303 2971 ergo
342 2899 598 2965 scriptum
632 2913 733 2964 est,
775 2905 896 2974 quia
946 2909 1240 2978 «sapientia
1285 2918 1464 2974 cuntis
1492 2921 1709 2980 inimica

177 3000 256 3042 est
289 2989 392 3043 Deo
412 2990 476 3055 δ’,
505 3009 522 3040 ι
575 2999 630 3043 et
674 2992 772 3046 hoc
808 2993 1007 3070 factum
1045 3014 1107 3051 ex
1143 3005 1450 3062 conditione
1477 3011 1706 3077 dicetur,

178 3081 440 3134 videbitur
485 3083 599 3150 ipse
631 3083 771 3136 Deus
817 3094 1057 3145 naturam
1087 3092 1186 3146 sibi
1225 3092 1335 3162 (ti)
1359 3092 1597 3171 aliquam
1627 3103 1707 3160 fe—

178 3170 313 3224 cisse
344 3171 637 3237 inimicam,
672 3191 789 3241 quae
834 3179 881 3230 ei
928 3194 1031 3232 non
1085 3193 1258 3248 potest
1305 3176 1421 3242 esse
1463 3170 1708 3264 subjecta

180 3275 276 3314 nec
324 3261 419 3330 legi
465 3263 613 3330 ejus;
667 3265 865 3334 quippe
911 3269 953 3321 si
1007 3271 1236 3325 animale
1273 3289 1389 3330 esse
1419 3261 1706 3350 putabitur,

177 3351 239 3403 de
283 3364 381 3417 quo
408 3351 518 3405 haec
563 3352 835 3408 dicuntur.
880 3357 1032 3422 Quod
1071 3361 1117 3413 si
1148 3361 1219 3414 ita
1247 3367 1548 3435 recipiatur,
1579 3377 1706 3441 quid

173 3441 284 3507 jam
315 3440 525 3494 differre
568 3445 839 3499 videbitur
876 3451 942 3502 ab
989 3450 1074 3503 bis
1101 3453 1189 3520 qui
1222 3455 1460 3513 diversas
1489 3440 1707 3520 naturas

178 3532 467 3585 animarum
499 3534 687 3587 dicunt
707 3552 826 3590 esse
856 3550 1086 3606 creatas,
1115 3556 1232 3610 qua:
1273 3549 1588 3605 naturaliter
1624 3555 1706 3611 vel

176 3621 418 3689 peritura:
439 3624 568 3687 sint,
595 3625 679 3678 vel
705 3628 1014 3683 salvandte?
1055 3633 1204 3697 Quod
1236 3638 1415 3705 utique
1438 3643 1565 3696 solis
1592 3645 1706 3702 lte-

177 3713 354 3767 reticis
399 3714 592 3782 placet,
637 3720 727 3786 qui
779 3721 901 3773 dum
949 3723 1211 3790 justitiam
1243 3727 1333 3782 Dei
1380 3733 1464 3799 pia
1499 3737 1706 3792 ratione

175 3818 472 3859 asseverare
495 3823 599 3861 non
627 3819 862 3877 possunt,
899 3814 1260 3881 hujuscemodi
1288 3819 1572 3888 impietatis
1597 3825 1704 3898 (Ιῖ)

179 3897 420 3963 figmenta
469 3913 814 3969 componunt.
858 3902 920 3958 Et
955 3922 1050 3961 nos
1084 3910 1315 3975 quidem,
1347 3924 1505 3979 prout
1533 3897 1706 3984 potui-

176 4002 312 4054 mus,
341 4005 403 4044 ει
432 3990 762 4061 singulorum
807 4001 1052 4064 personis
1097 4017 1214 4069 qua:
1239 4003 1341 4056 dici
1374 4018 1590 4073 possunt
1626 4011 1704 4064 di-

171 4082 484 4149 sputationis
529 4088 688 4139 modo
721 4087 787 4141 de
837 4090 1062 4158 singulis
1107 4093 1442 4163 dogmatibus
1494 4099 1543 4152 in
1588 4115 1701 4154 me-

173 4172 316 4226 dium
361 4175 707 4244 protulimus;
751 4181 840 4245 qui
884 4193 1058 4237 autem
1108 4184 1257 4255 legit,
1307 4187 1468 4258 eligat
1513 4205 1579 4245 ex
1619 4193 1703 4247 his
1739 4191 1752 4201 ’

173 4277 290 4331 qua:
321 4269 482 4336 magis
508 4270 873 4337 amplectenda
910 4276 978 4327 sit
1007 4277 1166 4330 ratio.

773 4363 997 4419 CAPUT
1039 4366 1094 4421 ν.

425 4450 575 4515 Quod
606 4455 826 4506 mundus
858 4471 922 4508 ea:
956 4468 1177 4525 tempore
1209 4465 1432 4531 coeperit.

237 4541 286 4594 1.
318 4540 438 4596 Post
472 4543 715 4610 btecjam
739 4549 987 4614 quoniam
1023 4552 1237 4618 quidem
1271 4555 1335 4608 de
1373 4542 1697 4612 ecclesiasti-

1832 731 1930 785 pro
1965 717 2044 769 sui
2093 717 2441 785 corruptione
2490 718 2774 773 solvendus
2819 721 2908 786 sit,
2962 724 3122 776 etiam
3170 723 3234 778 de
3280 725 3386 778 hoc

1831 823 2000 877 pauca
2029 817 2270 876 repetere
2299 824 2403 862 non
2428 810 2638 864 videtur
2668 811 2982 865 absurdum.
3028 813 3092 865 Et
3120 825 3381 881 quantum

1829 899 2046 967 quidem
2077 901 2142 951 ad
2177 898 2580 969 Scripturarum
2614 902 2774 956 ﬁdem
2809 905 3059 971 pertinet.
3109 905 3383 972 perfacilis

1830 990 2041 1043 videtur
2069 991 2135 1044 de
2180 991 2280 1044 hoc
2311 992 2560 1046 assertio.
2611 992 2849 1062 Denique
2887 995 3122 1049 hmrctici
3173 1013 3290 1050 cum
3326 999 3380 1052 in

1830 1082 1933 1134 alia
1970 1083 2135 1134 multa
2185 1081 2298 1153 (I3)
2347 1083 2588 1138 distracti
2620 1085 2749 1151 sint,
2804 1088 2854 1138 in
2888 1087 2990 1140 hoc
3025 1096 3202 1142 tamen
3232 1089 3380 1143 Scri-

1827 1184 1998 1241 ptnrzr
2050 1176 2358 1228 auctoritati
2406 1179 2683 1242 cedentes,
2736 1178 2837 1231 visi
2890 1189 3016 1232 sunt
3063 1196 3376 1236 consonare.

1827 1267 1899 1319 De
1928 1268 2234 1321 conditione
2286 1284 2412 1338 ergo
2449 1271 2629 1322 mttndi
2677 1286 2794 1339 quae
2847 1273 2944 1325 alia
2981 1289 3077 1327 nos
3105 1274 3380 1343 Scriptura

1827 1357 1998 1425 magis
2023 1359 2221 1425 poterit
2245 1361 2468 1413 edocere
2495 1375 2652 1428 quam
2685 1375 2744 1413 ea
2769 1377 2886 1429 qua:
2919 1378 2945 1413 a
2971 1363 3149 1432 Moyse
3172 1371 3236 1420 de
3270 1365 3381 1418 ori-

1825 1441 1955 1514 gine
1981 1446 2216 1513 ejusdem
2253 1450 2448 1517 scripta
2482 1450 2601 1503 est?
2643 1449 2772 1515 Quae
2819 1451 2943 1504 licet
2999 1453 3201 1518 majora
3238 1457 3378 1509 intra

1829 1553 1886 1590 se
1918 1539 2192 1591 contineat
2224 1555 2384 1608 quam
2417 1541 2655 1594 historia:
2679 1545 2918 1594 narratio
2956 1546 3163 1598 videtur
3193 1557 3378 1602 osten-

1830 1632 1978 1698 dere,
2017 1641 2074 1686 et
2113 1634 2406 1700 spiritalem
2462 1635 2510 1686 in
2553 1636 2967 1702 quammaximis
3001 1638 3270 1692 contineat
3297 1641 3380 1693 ir.-

1824 1724 2118 1788 tellectunt,
2151 1735 2313 1792 atque
2346 1716 2588 1779 in‘rebus
2621 1727 2860 1795 mysticis
2889 1736 2942 1781 et
2971 1728 3250 1795 profundis
3287 1746 3378 1784 ve-

1820 1816 2017 1870 lamine
2068 1817 2297 1883 quodam
2337 1817 2528 1869 litterae
2561 1827 2779 1882 utatur;
2823 1827 2998 1871 tamen
3029 1821 3376 1876 nihilominus

1824 1909 2028 1961 indicat
2060 1910 2162 1961 hoc
2217 1923 2394 1960 sermo
2443 1910 2735 1972 narrantis,
2785 1911 2926 1977 quod
2963 1925 3023 1964 ex
3063 1920 3210 1966 certo
3243 1922 3380 1966 tem-

1821 2013 1948 2069 pore
1983 2010 2162 2052 creata
2195 2009 2320 2052 sunt
2353 2000 2528 2051 omnia
2566 2014 2684 2066 quae
2713 2000 2980 2054 videnlur.
3024 2001 3097 2055 De
3120 2018 3371 2058 consum-

1821 2095 2053 2150 matione
2087 2109 2214 2148 vero
2262 2095 2468 2157 mundi,
2527 2095 2697 2163 primo
2730 2093 2895 2152 Jacob
2929 2095 3128 2148 indicat
3155 2111 3274 2150 cum
3306 2099 3374 2152 ad

1823 2193 1963 2245 ﬁlios
1997 2206 2118 2244 suos
2173 2199 2403 2243 testatur
2432 2189 2616 2242 dicens
2651 2207 2663 2241 :
2698 2207 2716 2238 ‹
2740 2189 3030 2242 Convenite
3080 2191 3144 2242 ad
3172 2204 3283 2252 me,
3313 2191 3374 2242 li-

1820 2284 1874 2336 lii
1907 2282 2094 2346 Jacob,
2130 2294 2187 2334 ut
2230 2282 2544 2334 annunticm
2573 2282 2723 2334 vobis
2771 2283 2893 2349 quid
2921 2282 3023 2333 erit
3052 2281 3106 2334 in
3141 2281 3372 2334 novissio

1821 2377 1920 2428 mis
1951 2376 2136 2427 diebus
2163 2373 2226 2437 ⁸³,
2258 2392 2274 2423 ι
2316 2371 2420 2432 vel,
2470 2383 2580 2436 post
2616 2373 2914 2422 novissimos
2949 2372 3078 2425 dies.
3156 2372 3212 2426 Si
3243 2385 3373 2440 ergo

1819 2473 1944 2518 Sunt
1974 2461 2252 2515 novissimi
2286 2460 2416 2524 dies,
2463 2460 2544 2513 vel
2573 2469 2690 2528 post
2720 2461 3036 2515 novissimos
3067 2463 3202 2526 dies,
3251 2479 3372 2517 ees-

1820 2571 1942 2610 sare
1968 2557 2080 2610 dies
2114 2567 2333 2606 necesse
2368 2561 2450 2605 est
2481 2552 2568 2618 qui
2607 2566 2906 2620 cmperunt.
2964 2556 3128 2608 David
3155 2571 3368 2625 quoque

1821 2647 1890 2699 ita
1925 2647 1999 2698 ait
2033 2664 2046 2699 :
2083 2665 2099 2694 ‹
2124 2644 2255 2697 lei
2292 2642 2560 2711 peribunt,
2599 2653 2652 2696 tu
2680 2655 2856 2698 autem
2907 2641 3268 2714 permanebis,
3316 2656 3372 2703 et

1817 2748 2000 2787 omnes
2022 2735 2156 2787 sicut
2175 2733 2550 2796 vestimentum
2579 2744 2947 2804 veterascent;
2979 2750 3026 2791 et
3052 2737 3190 2792 sicut
3212 2754 3370 2807 oper-

1817 2826 2009 2878 torium
2062 2825 2464 2892 mutabisicos,
2523 2839 2578 2881 et
2628 2829 3009 2895 mutabuntur;
3079 2841 3130 2883 tu
3190 2843 3366 2884 autem.

1815 2915 1956 2972 idem
2011 2919 2120 2986 ipse
2145 2935 2222 2983 cs,
2278 2917 2339 2982 et.
2361 2921 2482 2974 anni
2517 2920 2590 2972 tui
2618 2935 2720 2973 non
2754 2919 3090 2973 deficient“.
3115 2939 3133 2970 ›
3191 2921 3368 2974 Domi-

1816 3023 1916 3061 nus
1944 3023 2074 3062 vcro
2104 3021 2158 3062 et
2188 3007 2437 3090 Salva‘tor
2469 3020 2651 3064 noster
2683 3025 2802 3063 cum
2831 3010 2959 3062 dicit
2991 3025 3004 3063 :
3039 3028 3058 3060 r
3081 3008 3177 3076 Qui
3213 3024 3364 3061 crea-

1814 3102 1889 3153 vit
1919 3103 1983 3155 ab
2036 3102 2189 3153 initio
2241 3091 2535 3172 masculum
2571 3111 2625 3154 et
2668 3100 2917 3154 feminam
2965 3101 3093 3154 fecit
3140 3115 3231 3154 eos
3251 3099 3360 3165 “,r

1816 3191 2018 3247 factum
2047 3197 2208 3246 etiam
2263 3208 2382 3246 esse
2414 3194 2665 3245 mundum
2704 3196 2815 3259 ipse
2852 3200 3109 3255 testatur;
3158 3200 3212 3244 et
3242 3205 3364 3244 rar-

1817 3299 1934 3337 sum
1965 3285 2150 3337 dicens
2176 3286 2326 3351 quia,
2363 3302 2381 3334 ι
2407 3285 2608 3338 (ὶωιιιιιι
2636 3293 2686 3335 et
2717 3292 2855 3335 terra
2888 3282 3167 3346 transient,
3201 3284 3360 3337 verba

1815 3391 1994 3433 autem
2053 3396 2167 3432 mea
2219 3396 2318 3432 non
2369 3379 2700 3432 transient“
2730 3378 2908 3449 (14),»
2959 3380 3361 3449 corruptibilcm

1813 3485 1936 3525 eum
1970 3470 2368 3537 finiendumqne
2411 3469 2673 3536 designat.
2733 3469 2836 3523 Sed
2885 3478 2938 3523 et
2961 3468 3248 3539 Apostolus
3277 3473 3360 3525 di-

1812 3578 1990 3614 cens:
2035 3562 2312 3614 «Vanitati
2360 3564 2501 3616 enim
2547 3572 2795 3615 creatura
2851 3563 3091 3631 subjecta
3124 3573 3206 3617 est
3251 3581 3358 3617 non

1811 3652 2018 3716 volens,
2053 3655 2142 3706 sed
2175 3663 2392 3721 propter
2428 3671 2548 3709 eum
2584 3655 2672 3724 qui
2714 3654 2940 3720 subjecit
2970 3655 3023 3706 in
3064 3669 3179 3722 spe,
3233 3657 3354 3724 quia

1808 3754 1863 3798 et
1895 3745 2005 3812 ipsa
2038 3756 2287 3799 creatura
2337 3747 2658 3801 liberabitur
2688 3763 2716 3799 a
2756 3749 3015 3799 servitute
3050 3747 3358 3814 corruptio-

1809 3836 1892 3890 nis
1923 3838 1972 3888 in
2003 3837 2300 3891 libertatem
2332 3839 2510 3908 gloriae
2544 3839 2769 3892 filiorum
2800 3838 2890 3891 Dei
2914 3840 2995 3902 ‘7;
3021 3857 3037 3888 ι
3071 3838 3356 3894 manifeste

1812 3924 1968 3976 linem
1999 3927 2177 3978 numdi
2209 3927 2478 3990 declarat;
2512 3937 2563 3980 et
2593 3943 2712 3981 cum
2752 3943 2961 3980 rursum
2995 3927 3150 3999 149
3179 3929 3307 3983 dicit
3336 3947 3351 3982 :

1813 4029 1831 4060 ι
1859 4011 2110 4067 Transiet
2162 4014 2375 4068 habitus
2427 4015 2584 4082 huius
2617 4015 2794 4068 mundi
2820 4015 2883 4069 "3.
2909 4031 2928 4066 ι
2974 4017 3168 4070 Verum
3200 4018 3253 4071 in
3291 4034 3352 4072 eo

1809 4100 1924 4167 ipso
1951 4101 2090 4167 quod
2120 4103 2253 4155 dixit
2281 4102 2406 4171 quia
2436 4106 2655 4157 vanitati
2687 4116 2936 4159 creatura
2977 4107 3215 4176 subjecta
3247 4117 3350 4174 est,

1808 4193 1969 4245 etiam
2003 4194 2209 4246 initium
2243 4195 2360 4264 ejus
2386 4198 2650 4262 ostendit;
2696 4199 2739 4250 si
2767 4201 2909 4251 enim
2948 4200 3167 4253 vanitati
3202 4215 3354 4254 crea-

1812 4294 1930 4336 tura
1980 4285 2218 4354 subjecta
2250 4296 2333 4340 est
2379 4298 2596 4356 propter
2642 4288 2752 4356 (l5)
2802 4303 2948 4356 spem
2984 4290 3238 4358 aliquam,
3287 4307 3352 4344 ex

1807 4390 1968 4428 causa
1999 4377 2184 4444 utique
2233 4378 2473 4444 subjecta
2503 4389 2621 4443 cst;
2674 4389 2728 4432 et
2775 4381 2914 4448 quod
2962 4397 3025 4434 ex
3055 4398 3212 4436 causa
3243 4395 3345 4444 est,

1807 4479 2022 4518 necesse
2046 4477 2126 4519 est
2161 4477 2215 4519 ut
2243 4475 2506 4535 coeperit;
2561 4487 2665 4523 non
2695 4472 2836 4524 enim
2867 4481 3070 4540 poterat
3098 4475 3213 4528 sine
3243 4475 3351 4527 ullo

1804 4553 1959 4608 initio
1997 4558 2220 4609 vanitati
2257 4569 2500 4612 creatura
2553 4576 2671 4616 esse
2719 4563 2978 4629 subjecta,
3031 4574 3085 4618 et
3130 4580 3347 4633 sperare

169 4633 247 4687 cis
288 4633 680 4689 definitionibus
725 4653 889 4690 unum
942 4642 1165 4694 habetur
1205 4647 1468 4715 pra-cipue
1509 4664 1697 4703 secun-
1731 4665 1772 4718 ι)
1803 4647 2020 4699 liberari
2071 4664 2099 4701 a
2153 4651 2414 4703 servitute
2463 4653 2821 4723 corruptionis
2854 4671 2971 4724 qua:
3012 4659 3211 4710 servire
3240 4673 3343 4710 nou

169 4719 289 4772 dum
325 4721 557 4776 historiae
602 4733 796 4779 nostra:
839 4726 1020 4794 fidem,
1053 4731 1195 4797 quod
1240 4737 1464 4790 mundus
1493 4737 1578 4793 hic
1620 4739 1699 4793 fa-

168 4821 281 4865 ctus
301 4813 385 4873 sit,
415 4802 568 4868 et'ex
603 4827 754 4870 certo
782 4827 1021 4888 tempore
1054 4826 1298 4892 coeperit,
1331 4837 1385 4880 et
1409 4831 1696 4884 secundum

236 4925 276 4959 “
299 4925 447 4984 Rom.
467 4946 563 4990 vn,
595 4930 684 4985 25.
774 4933 816 4963 ’δ’
843 4934 998 4989 Rom.
1017 4952 1129 4996 vnt.
1162 4939 1212 4992 7.

167 5011 306 5061 XXIV,
329 4996 414 5052 55.
512 5000 734 5055 "'Rom.
776 5019 889 5069 vtn,
920 5005 1006 5060 20.
1107 5009 1150 5040 ’⁸⁸
1181 5008 1196 5061 1
1223 5010 1344 5065 Cor.
1374 4996 1590 5077 tunsa.

171 5203 182 5212 _
236 5135 337 5205 (10)
369 5137 585 5220 sensus.
644 5141 798 5196 Deest
844 5144 1075 5220 irrantca
1125 5150 1302 5212 editis,
1334 5161 1390 5203 at
1422 5155 1684 5220 reperitur

170 5205 220 5276 in
250 5219 370 5276 mss.
407 5205 604 5261 Ibidem
633 5227 782 5274 mss.,
839 5232 858 5264 ι
885 5215 1046 5268 Deum
1098 5205 1419 5273 credendum
1447 5205 1564 5275 esse
1592 5205 1683 5276 de-

170 5270 448 5347 fetidum”
484 5277 536 5329 In
570 5280 724 5347 editis
747 5270 1027 5347 omittitur,
1059 5306 1076 5336 ‹
1104 5270 1484 5343 ςτθιιθήᾶὦῆί»

231 5343 342 5414 (Η)
373 5343 506 5399 Sibi.
567 5345 727 5402 Deest
774 5351 825 5403 in
857 5343 1023 5406 antea
1042 5358 1215 5414 editis.
1251 5359 1345 5410 sed
1375 5360 1599 5413 habetur
1629 5361 1679 5414 itt

169 5425 296 5492 rues,
319 5413 482 5492 Paulo
529 5428 649 5492 post
698 5435 851 5492 mss.,
902 5425 1006 5478 «de
1049 5441 1154 5491 quo
1205 5413 1316 5481 haec
1361 5431 1627 5484 dicuntur.
1656 5449 1674 5482 ι

169 5478 321 5552 Editi,
350 5502 368 5534 σ
395 5486 460 5538 de
485 5478 595 5552 quo
625 5488 738 5542 hate
761 5478 1022 5546 dicentur.
1050 5478 1070 5544 ἱ

229 5549 331 5638 μὶ)
358 5553 437 5638 Ita.
469 5549 818 5638 mss.__Alias,
851 5577 869 5609 ι
895 5562 1269 5638 impietatibus.
1295 5584 1311 5616 ι
1373 5566 1533 5623 Paulo
1564 5579 1681 5638 post

1288 4943 1332 4972 ’⁵³
1358 4943 1550 4999 Cenes.
1577 4960 1719 5010 XLIX,
1747 4947 1797 4999 1.

1805 4745 2065 4806 εωρθτθι.
2129 4736 2231 4792 Sed
2262 4752 2313 4791 et
2365 4741 2754 4811 quamplurima
2804 4745 2905 4799 alia
2955 4747 3006 4799 in
3055 4746 3343 4816 Scriptut'is

1805 4829 1998 4884 divinis
2035 4828 2398 4896 hujuscemodi
2426 4833 2567 4887 dicta
2601 4837 2832 4903 reperiet
2866 4839 2909 4890 si
2953 4839 3072 4906 quis
3109 4839 3344 4907 requirat

1874 4944 2077 4999 “Psal.
2113 4961 2206 5011 cn,
2237 4947 2326 5013 9.7,
2358 4947 2448 5002 28.
2527 4948 2571 4980 "
2591 4947 2778 5002 Matth.
2804 4964 2913 5013 xu,
2945 4950 2999 5002 4.
3078 4949 3120 4980 ⁵⁸
3147 4949 3338 5006 Matth.

1791 5154 1889 5227 tuli
1924 5155 2231 5224 vestigium,
2267 5170 2359 5211 aut
2387 5159 2578 5227 capitis
2603 5158 2893 5212 desinentis
2925 5167 2978 5210 et
3011 5159 3232 5215 alterius
3257 5163 3337 5217 in-

1789 5225 2038 5293 cipientis
2074 5228 2352 5280 indicium.

1859 5295 1969 5360 (15)
2001 5294 2190 5350 Multa.
2257 5299 2412 5350 Deest
2460 5297 2509 5347 itt
2559 5306 2717 5350 antea
2747 5296 2924 5360 editis,
2984 5300 3066 5354 sed
3103 5301 3336 5358 habetur

1789 5363 1840 5414 itt
1875 5381 1998 5438 mss.
2031 5364 2226 5418 Ibidem
2263 5382 2412 5427 mss.,
2453 5383 2470 5414 ς
2499 5365 2595 5419 visi
2623 5377 2745 5420 sunt
2768 5382 2963 5422 conson
3010 5386 3082 5423 rc.
3111 5392 3126 5421 ι
3160 5375 3332 5438 Alias,

1793 5451 1811 5482 ι
1838 5435 1936 5488 nisi
1970 5445 2095 5488 sunt
2122 5449 2438 5488 consonare.
2472 5454 2489 5484 ι

1849 5505 1962 5574 (14)
1999 5502 2086 5556 Sic
2120 5519 2247 5574 mss.
2276 5503 2444 5563 Alias,
2481 5507 2893 5562 «transibunt.»
2939 5510 2971 5562 l'
3004 5512 3138 5563 the'II
3175 5527 3326 5574 mss.,

1785 5591 1802 5622 ι
1829 5572 2004 5627 sedet
2032 5572 2314 5640 ApOstolus
2348 5574 2551 5629 dicens.
2584 5596 2600 5626 ι
2654 5578 2817 5642 Alias,
2874 5600 2890 5630 ι
2919 5596 2955 5633 δι
2997 5583 3010 5632 l
3043 5590 3097 5636 et
3128 5572 3329 5637 Paulus

164 5632 310 5684 mss.,
342 5641 360 5673 ι
387 5625 762 5703 disputationis
792 5625 1013 5683 modof»
1066 5634 1229 5695 Alias.
1265 5656 1282 5687 Ι
1309 5625 1681 5703 disputationis

164 5701 336 5747 causa.
358 5714 378 5746 ι
417 5693 718 5777 Notandum
749 5700 800 5777 in
827 5710 984 5777 antea
1013 5703 1169 5777 editis
1193 5693 1466 5775 séqueniia
1497 5693 1675 5777 verba,

166 5773 315 5839 equae
345 5765 513 5839 magis
543 5766 906 5839 amplectenda
929 5771 999 5823 sit
1022 5775 1173 5839 ratio,
1196 5795 1214 5826 ι
1251 5765 1405 5831 linem
1435 5795 1551 5834 esse
1583 5765 1678 5836 ea;

213 5835 488 5916 tisuquarti
535 5836 677 5915 quod
726 5838 912 5916 statim
946 5835 1355 5916 excipit'caput
1401 5835 1665 5916 quintum,

209 5903 444 5989 lentitqu
489 5905 787 5987 prtetnisso,
827 5925 845 5958 ε
876 5912 1027 5978 Quod
1067 5903 1294 5989 mundus
1336 5903 1667 5989 ex'tetnpore

157 5974 321 6034 capit.
342 5989 361 6021 ι
412 5974 480 6027 Δι
521 5975 576 6027 in
607 5977 806 6033 nostris
838 5974 966 6035 mss.
1003 5984 1199 6039 nullum
1236 5999 1316 6042 cst
1348 5974 1664 6059 hujusceti;

1776 5645 1981 5696 dicens.
2009 5664 2026 5694 ι

1849 5714 1957 5781 (IS)
1999 5713 2217 5766 Initium
2255 5714 2367 5782 ejus
2396 5717 2652 5780 ostendit;
2685 5719 2727 5769 si
2761 5721 2876 5770 enin
2930 5737 3002 5771 tm:
3031 5722 3144 5771 itnt.
3180 5738 3323 5773 trea-

1776 5795 1891 5856 turtz
1928 5784 2160 5850 subjecta
2192 5793 2267 5836 est
2299 5798 2526 5856 propter.
2558 5788 2679 5840 “EBG
2720 5804 2838 5856 qua:
2882 5805 2931 5841 in
2968 5802 3122 5843 antea
3165 5791 3323 5844 editis

1775 5852 1971 5905 omissa
2009 5863 2166 5916 sunt,
2220 5852 2510 5908 restituunt
2560 5852 2750 5911 omnes
2795 5859 2950 5911 codd.
2989 5875 3116 5914 mss.
3161 5859 3322 5913 Paulo

1773 5931 1891 5996 post
1915 5937 2074 5996 mss.,
2099 5941 2115 5972 ι
2146 5925 2260 5976 sine
2289 5924 2579 5996 nlloinitio
2607 5926 2827 5980 vanitati
2863 5929 3131 5996 creatura,
3161 5949 3180 5981 ι
3209 5939 3319 5987 etc.

1770 5987 1826 6046 In
1862 5987 2018 6052 editis
2047 5995 2216 6060 deest,
2252 6013 2268 6046 ι
2301 5995 2544 6050 vanitati.
2572 6015 2590 6046 ι
