4074 6308
659 374 761 436 δεῖ

1854 389 2168 446 θη11ἰιιῖΝ15
2203 387 2353 444 ΠΕΡΙ
2394 388 2617 443 Μ’ΧΩΝ

658 508 723 548 ex
747 492 875 556 otio,
909 495 1103 562 quibus
1129 509 1181 551 et
1214 502 1424 556 initium
1454 505 1652 562 habere
1681 513 1924 575 mundus,
1952 522 2005 565 et
2034 511 2192 566 tinent
2219 521 2264 574 Α
2291 509 2428 562 ciam
2457 518 2772 578 permanere
2801 504 2858 578 ¹1η
2890 517 3023 559 con—

658 598 876 653 aperare
903 586 1122 641 dicitur.

726 673 777 725 2.
813 672 869 726 Si
907 675 1029 740 quis
1071 690 1198 744 ergo
1240 687 1323 732 est
1355 682 1444 748 qui
1476 685 1788 743 adversetur
1824 693 1873 744 in
1909 691 2003 744 hac.
2034 699 2184 761 parte

656 763 737 815 vel
778 768 1080 820 auctoritati
1128 770 1421 837 Scriptura:
1473 775 1593 844 (l6)
1642 793 1863 845 uostnc,
1915 782 1993 836 rel
2043 783 2191 844 lldei,

612 874 618 879 ·
658 856 987 925 iuquiremus
1027 860 1097 911 ab
1133 876 1198 914 eo
1247 873 1423 918 tttrum
1473 869 1817 926 dicat-Deum
1849 877 2197 945 comprehen-

655 946 782 998 dere
810 961 971 1014 posse
994 950 1197 1012 omnia,
1246 966 1421 1006 annon
1454 959 1643 1022 posse?
1671 961 1736 1012 Et
1764 963 1937 1016 dicere
1980 948 2194 1033 quidem

656 1049 758 1088 non
807 1053 990 1102 posse,
1046 1041 1327 1095 manifeste
1375 1045 1595 1117 impium
1640 1060 1737 1102 est.
1785 1052 1837 1104 Si
1870 1069 2015 1119 vero,
2055 1057 2196 1123 quod

652 1144 871 1182 necesse
899 1139 997 1195 est,
1043 1131 1240 1185 dixerit
1266 1136 1392 1200 quia
1425 1138 1600 1190 omnia
1649 1145 2068 1206 comprehcndit,
2111 1163 2199 1198 su-

653 1234 832 1291 perest
877 1234 935 1291 ut
979 1241 1042 1277 eo
1086 1228 1201 1293 ipso
1262 1243 1369 1293 quo
1421 1233 1796 1296 comprehendi
1861 1244 2107 1300 possunt.
2146 1247 2198 1288 et

654 1315 862 1367 initium
904 1318 1104 1392 habere
1155 1320 1522 1386 intelligantur
1566 1332 1619 1375 et
1659 1325 1837 1384 finem.
1882 1326 2008 1378 Nam
2057 1329 2195 1394 quod

653 1409 862 1474 penitus
893 1411 1009 1463 sine
1056 1411 1213 1464 initio
1253 1412 1360 1464 ullo
1405 1422 1517 1476 est,
1559 1415 1935 1480 comprehendi
1982 1418 2198 1468 omnino

652 1514 757 1552 non
805 1509 996 1568 potest.
1030 1499 1084 1552 In
1121 1512 1597 1569 quantumcunque
1644 1505 1783 1554 enim
1813 1520 1868 1556 se
1908 1489 2198 1561 intellectus

648 1593 980 1655 extenderit,
1011 1593 1062 1644 in
1090 1603 1295 1645 tantum
1321 1592 1806 1659 comprehendendi
1842 1594 2064 1648 facultas
2085 1599 2198 1651 sine

651 1685 754 1734 line
800 1683 1117 1737 subducitur
1160 1695 1215 1739 et
1257 1685 1521 1748 differtur,
1567 1686 1652 1738 tibi
1701 1686 1905 1737 initium
1959 1701 2060 1739 non
2103 1689 2196 1740 ha-

651 1774 829 1827 betur.

717 1865 768 1916 5.
804 1864 908 1917 Sed
943 1865 1116 1917 solent
1146 1867 1302 1920 nobis
1326 1863 1562 1931 obiicere
1589 1864 1828 1917 dicentes
1857 1882 1868 1915 :
1904 1882 1922 1912 ‹
1952 1864 2005 1916 Si
2037 1866 2197 1932 coepit

648 1955 878 2008 mundus
921 1971 985 2008 ex
1027 1967 1269 2024 tempore
1300 1955 1432 2025 (l7),
1478 1955 1603 2020 quid
1654 1962 1775 2003 ante
1809 1953 2034 2010 faciebat
2064 1954 2199 2008 licus

648 2062 808 2113 quam
839 2048 1072 2100 mundus
1116 2047 1410 2114 inciperet?
1437 2045 1673 2098 Otiosam
1723 2047 1862 2096 enim
1907 2056 1960 2097 ct
2010 2046 2199 2099 imnioo

651 2137 807 2192 bilem
846 2133 1025 2189 dicere
1063 2146 1313 2188 naturam
1363 2135 1487 2197 Dei,
1538 2135 1752 2199 impiqu
1801 2143 1885 2186 est
1935 2135 2094 2186 simul
2144 2144 2199 2187 et

651 2227 940 2281 absurdum
982 2225 1118 2292 (l8),
1144 2225 1227 2276 vel
1257 2225 1446 2290 putare
1483 2223 1620 2290 quod
1672 2223 1880 2275 bonitas
1911 2225 2198 2290 aliquando

651 2319 784 2372 bene
825 2333 926 2368 non
979 2315 1202 2375 fecerit,
1240 2325 1290 2364 et
1332 2314 1715 2378 omnipotentia
1765 2314 2048 2381 aliquando
2093 2329 2198 2364 non

649 2411 818 2478 egerit
865 2415 1221 2475 potentatum.
1254 2404 1365 2457 Iloc
1418 2405 1570 2455 nobis
1616 2405 1847 2470 objiccre
1898 2406 2069 2470 solent
2117 2407 2196 2456 di-

649 2500 896 2552 centibus
925 2498 1177 2548 mundum
1209 2495 1348 2548 hunc
1375 2509 1440 2546 ex
1471 2506 1617 2546 certo
1665 2505 1902 2560 tempore
1941 2498 2196 2562 coepisse,

649 2599 704 2644 ct
727 2588 1020 2640 secundum
1050 2587 1345 2653 Scriptura:
1376 2587 1531 2638 fidem
1582 2601 1747 2639 annos
1780 2602 1993 2655 quoque
2027 2589 2198 2640 :ctatis

653 2679 818 2747 ipsius
872 2679 1297 2730 muucrautibus.
1341 2677 1419 2729 Ad
1479 2692 1612 2744 quas
1660 2679 2046 2743 propositiones
2095 2695 2197 2731 non

650 2773 886 2825 arbitror
913 2769 1141 2838 aliquem
1184 2770 1559 2822 haereticorum
1595 2772 1892 2820 secundum
1935 2771 2196 2822 tationem

2296 611 2476 671 specta
2517 614 2655 661 meo,
2684 599 2817 652 dicit
2849 596 3028 650 Domi-

2297 692 2505 743 uus".:
2529 689 2677 755 Quod
2701 695 2877 740 autem
2904 694 3031 739 ante

2296 784 2434 837 hunc
2507 781 2761 834 mumlum
2832 776 3037 832 fuerint

2294 877 2450 929 etiam
2497 875 2620 931 alii.
2671 863 3027 926 Ecclesiastes

2295 965 2523 1019 Ostendit
2575 965 2759 1015 dicens
2787 980 2800 1013 :
2839 979 2857 1010 ι
2885 959 3026 1025 Quid

2278 1062 2374 1109 'cst
2403 1055 2541 1122 quod
2587 1055 2786 1105 factum
2830 1049 2946 1105 est?
2972 1046 3027 1102 Id

2297 1154 2462 1218 ipsum
2491 1151 2629 1218 quod
2666 1149 2900 1200 futurum
2927 1152 3028 1203 est.

2298 1242 2361 1294 Et
2407 1243 2530 1310 quid
2579 1250 2659 1292 est
2696 1238 2834 1305 quod
2883 1250 3031 1290 crea-

2299 1343 2403 1384 tqu
2421 1333 2533 1384 est?
2559 1329 2667 1382 lloc
2693 1310 2873 1396 ipsum
2889 1322 3030 1393 quod

2297 1423 2618 1482 creandum,
2670 1428 2723 1470 et
2772 1417 2902 1470 nihil
2947 1422 3030 1468 est

2298 1514 2512 1565 omnino
2542 1525 2724 1562 recens
2765 1511 2862 1560 sub
2893 1508 3024 1560 sole.

2299 1607 2399 1659 Sed
2472 1605 2590 1670 quis
2666 1605 2913 1668 loquetur
2977 1610 3028 1653 et

3248 333 3252 337 ”
3265 336 3291 349 δ

3742 391 3926 444 ses

3100 504 3210 556 est?
3242 503 3412 562 't'sum
3439 509 3576 575 quod
3606 510 3859 573 futurum

3099 605 3195 648 est.
3255 592 3315 647 lit
3390 613 3489 648 non
3543 605 3621 651 est
3693 614 3862 651 omne

3101 699 3285 738 norum
3318 687 3411 736 sub
3449 686 3556 740 sole
3595 686 3738 751 quod
3771 687 3862 738 ιο-

3099 788 3291 844 quatur
3317 786 3362 826 et
3391 776 3529 827 dicat
3554 795 3569 826 :
3589 777 3725 830 Ecce
3741 782 3852 830 hoc

3103 882 3284 919 norum
3359 878 3456 917 est.
3513 863 3640 916 1am
3704 869 3855 922 enim

3101 959 3200 1025 fuit
3250 957 3302 1008 in
3349 956 3557 1008 circulis
3615 957 3859 1022 pristinis

3098 1065 3213 1116 qua:
3265 1049 3476 1115 fuerunt
3514 1056 3636 1099 ante
3676 1063 3794 1098 nos.
3834 1068 3854 1099 ι

3103 1142 3253 1205 Quod
3324 1140 3675 1193 testimonium
3745 1156 3861 1192 non

3103 1234 3267 1287 solum
3303 1221 3488 1300 fuisse,
3516 1234 3605 1285 sed
3639 1233 3860 1299 futuros

3103 1328 3322 1378 mundos
3401 1342 3508 1378 esse
3587 1335 3858 1387 testatur,

3101 1434 3202 1470 non
3253 1418 3388 1486 quod
3447 1418 3605 1469 simul
3648 1427 3699 1469 et
3752 1435 3860 1483 pa-

3100 1512 3226 1563 riter
3287 1527 3462 1562 omnes
3529 1511 3700 1576 ﬁant,
3763 1509 3861 1562 sed

3102 1603 3237 1655 alius
3267 1613 3376 1670 post
3415 1602 3601 1654 alium.

2228 1837 2268 1889 Β

651 2864 915 2929 dogmatis
943 2863 1022 2914 sui
1056 2877 1210 2930 posse
1245 2862 1399 2913 facile
1432 2861 1775 2927 respondere.

652 2951 760 3006 Nos
817 2967 947 3006 vero
1001 2945 1391 3018 consequenter

655 3044 1093 3112 respondebimus
1138 3041 1250 3113 (l9)
1296 3043 1394 3092 ob-

652 3145 930 3188 servantes
988 3133 1225 3202 regnlam
1278 3116 1391 3199 pie-

655 3229 812 3293 tatis,
854 3237 908 3283 ct
945 3230 1220 3292 dicentes,
1262 3242 1396 3294 quo—

654 3326 800 3378 uiam
831 3339 936 3377 non
988 3333 1114 3375 tunc
1164 3322 1392 3390 primum

655 3433 775 3473 cum
867 3416 1126 3470 visibilem
1237 3416 1395 3467 istum

657 3511 914 3564 mundum
1011 3508 1138 3562 fecit
1217 3508 1396 3568 Deus.

656 3601 820 3669 caapit
853 3599 1094 3668 operari,
1131 3596 1223 3649 sed
1258 3598 1398 3650 sicut

657 3699 775 3757 post
802 3686 1203 3754 corruptionem
1240 3684 1398 3748 hujus

656 3776 760 3836 erit
795 3781 932 3833 alius
962 3780 1213 3842 mundus,
1241 3777 1316 3829 ita
1345 3785 1397 3828 et

659 3883 941 3940 antequam
1027 3871 1116 3923 bic
1214 3877 1398 3929 esset,

660 3964 830 4017 fuisse
909 3962 1042 4014 alios
1103 3960 1397 4014 credimus.

659 4057 812 4124 Quod
875 4064 1166 4120 utrumque
1211 4055 1404 4105 divina:

662 4150 959 4216 Scriptura:
1078 4143 1404 4196 auctoritate

1596 2965 1808 3002 IIIERON.
1843 2965 1996 3002 lNTER
2009 2966 2058 3007 Ρ.

1462 3039 1628 3092 Nobis
1701 3049 1872 3093 autem
1925 3043 2091 3107 placet
2150 3054 2197 3095 et

2298 1699 2450 1752 dicet.
2480 1695 2613 1746 Ecce
2641 1695 2738 1745 line
2777 1707 2967 1743 novum
2998 1692 3110 1743 est?
3145 1691 3264 1744 Jam
3296 1692 3397 1744 luit
3436 1692 3485 1743 id
3527 1693 3580 1745 in
3633 1694 3861 1746 smcnlis

2301 1805 2414 1854 qin
2476 1790 2689 1838 fuerunt
2754 1794 2876 1835 ante
2941 1798 3036 1835 nos
3073 1783 3190 1835 ⁵ο.»
3245 1785 3451 1848 Quibus
3524 1785 3862 1838 testimoniis

2301 1891 2584 1943 utrumque
2632 1875 2787 1927 simul
2841 1875 3120 1943 probatur,
3166 1876 3305 1940 quod
3356 1885 3408 1926 et
3462 1883 3588 1927 ante
3647 1874 3862 1927 fuerint

2299 1984 2354 2019 ες.
2376 1970 2515 2030 cula,
2542 1976 2596 2019 et
2633 1966 2806 2018 futura
2849 1966 2957 2017 sint
2999 1967 3362 2033 postmodum.
3396 1965 3509 2018 Non
3545 1975 3721 2019 tamen
3755 1982 3862 2033 pti-

2301 2060 2513 2110 tandum
2562 2066 2648 2110 est
2697 2062 2878 2124 plures
2923 2058 3147 2109 mundos
3195 2057 3347 2109 simul
3395 2073 3552 2122 esse,
3595 2061 3688 2110 sed
3732 2070 3859 2125 post

2299 2150 2437 2200 hunc
2487 2148 2694 2198 initium
2779 2147 3002 2197 aliorum
3076 2146 3311 2198 laturum
3357 2146 3503 2216 ('20);
3554 2148 3617 2200 de
3657 2148 3864 2213 quibus

2301 2254 2440 2290 nime
2487 2254 2586 2288 non
2633 2250 2713 2291 est.
2765 2238 3123 2290 necessarium
3173 2252 3268 2303 per
3312 2238 3519 2307 singula
3577 2251 3856 2306 repetere,

2300 2344 2420 2381 cum
2445 2328 2551 2394 jam
2586 2330 2634 2381 id
2663 2330 2713 2378 in
2744 2329 3104 2394 superioribus
3125 2327 3448 2382 "fecerimus.
3534 2376 3539 2381 .

2368 2421 2422 2475 4.
2468 2420 2596 2471 Illud
2641 2436 2768 2471 sane
2833 2421 3004 2472 otiose
3055 2423 3487 2486 przetereundum
3537 2437 3644 2475 non
3701 2425 3858 2474 arliio

2302 2522 2412 2565 tror
2463 2510 2612 2582 (:21),
2659 2513 2799 2579 quod
2852 2510 3141 2577 Scriptttrze
3209 2497 3406 2567 sancta:
3473 2514 3853 2567 conditionem

2301 2604 2483 2655 mundi
2523 2618 2660 2655 noro
2689 2602 2918 2667 quodam
2949 2611 3003 2651 ct
3052 2605 3269 2667 pr0prio
3302 2602 3519 2655 nomine
3570 2619 3859 2669 nuncupa-

2299 2705 2523 2758 verunt,
2573 2693 2809 2743 dicentes
2847 2690 3148 2759 καταϐολὴν
3203 2693 3416 2756 tuttndi,
3469 2694 3612 2758 quod
3661 2690 3862 2746 Latine

2303 2782 2592 2851 improprie
2630 2782 2944 2832 translatum
2991 2782 3414 2833 constitutionem
3473 2781 3654 2833 mundi
3696 2783 3860 2831 nixo--

2303 2886 2466 2936 runt;
2501 2871 2768 2940 καταϐολή
2805 2887 2925 2924 vero
2971 2872 3021 2922 in
3065 2870 3253 2924 Graeco
3282 2872 3453 2937 magis
3497 2869 3735 2936 dejicere.
3775 2872 3859 2919 si-

2301 2967 2539 3035 gniﬁcat,
2572 2966 2737 3016 idest
2789 2964 3036 3013 deorsum
3084 2959 3286 3026 jacere,
3329 2961 3471 3026 quod
3512 2958 3704 3011 Latine
3754 2959 3865 3010 ineo

2304 3057 2540 3125 pr0pt-ie,
2585 3065 2642 3107 ut
2694 3053 2957 3110 diximus,
2990 3048 3432 3102 constitutionem
3480 3049 3661 3099 mundi
3717 3045 3865 3115 (ἑὲ)

1462 3147 1581 3185 "me
1609 3133 2268 3216 hunc'"imdﬂmaliumc
2304 3147 2640 3213 interpretati
2701 3152 2860 3204 sunt,
2912 3142 3046 3194 sicut
3105 3141 3157 3189 iu
3217 3136 3508 3204 Evangelio
3557 3138 3864 3189 secundum

1463 3222 1621 3290 fuisse
1663 3227 1932 3290 mundum,
1981 3236 2027 3277 et
2089 3237 2197 3292 post

1463 3318 1649 3379 istum,
1713 3318 1875 3369 alium
1944 3319 2199 3385 futurum.

1475 3409 1561 3462 Vis
1619 3411 1815 3464 discere
1874 3414 2009 3480 quod
2089 3421 2202 3479 post

1464 3514 1840 3570 corruptionem
1856 3506 2009 3570 hujus
2025 3504 2205 3556 mundi

1464 3596 1600 3648 alius
1649 3599 1716 3648 sit
1774 3597 2020 3662 futurus?
2066 3597 2206 3648 Audi

1466 3687 1662 3747 Isaiam
1692 3689 1977 3755 loquentem
2003 3702 2021 3737 :
2050 3707 2066 3737 ‹
2093 3690 2205 3740 lz'rit

1466 3782 1646 3832 ccelum
1716 3798 1898 3834 norum
1951 3790 2000 3833 et
2069 3791 2206 3833 terra

1466 3889 1621 3935 nova,
1647 3890 1762 3941 qutv
1786 3891 1876 3941 ego
1907 3889 2207 3940 permanere

1467 3965 1603 4031 [acia
1636 3968 1688 4016 in
1728 3978 1999 4032 conspectu
2028 3952 2156 4016 ineo.
2185 3984 2202 4014 ι

1482 4053 1565 4106 Vis
1611 4073 1758 4108 nosse
1793 4057 1928 4124 quod
1973 4067 2090 4108 ante
2129 4058 2212 4125 fa-

1472 4145 1663 4195 bricam
1698 4148 1849 4197 istius
1886 4149 2085 4210 mundi,
2113 4148 2202 4198 alii

663 4237 988 4292 ﬁrmabitur.
1052 4235 1186 4288 Nam
1239 4234 1405 4302 quod

663 4328 766 4382 erit
790 4337 910 4397 post
935 4328 1074 4380 hunc
1099 4327 1234 4379 alius
1260 4341 1410 4376 Inun-

665 4420 766 4470 dus
797 4418 959 4472 Isaias
983 4418 1162 4478 docet,
1189 4417 1405 4468 dicens:

1473 4241 1649 4290 mundi
1692 4241 1743 4289 in
1793 4245 2051 4308 prmterilo
2101 4241 2214 4308 fue-

1475 4331 1625 4383 rint?
1657 4335 1909 4385 Ausculta
1947 4332 2215 4385 Ecclesia-

1475 4436 1583 4474 sten
1627 4439 1642 4474 .'
1691 4444 1707 4474 (
1756 4427 1888 4488 Quid
1944 4436 2017 4477 est
2078 4429 2213 4494 quod

2301 3235 2562 3289 Joannem
2608 3251 2728 3288 cum
2776 3233 2904 3285 dicit
2949 3231 3235 3283 Salvator:
3275 3245 3292 3276 ι
3322 3225 3386 3278 Et
3419 3227 3522 3281 erit
3580 3225 3866 3276 tribulatio

2307 3329 2360 3378 in
2425 3325 2526 3377 illis
2585 3325 2770 3377 diebus
2829 3321 3003 3389 qualis
3058 3336 3161 3370 non
3217 3317 3315 3368 fuit
3379 3330 3406 3366 a
3472 3314 3874 3369 constitutione

2305 3416 2488 3469 mundi
2511 3414 2576 3478 Μ,
2601 3433 2620 3465 ι
2656 3415 2740 3466 hic
2763 3412 3073 3465 constitutio
3101 3407 3366 3477 καταϐολή
3397 3407 3536 3459 dicta
3565 3415 3649 3458 est
3674 3423 3686 3458 ε
3718 3407 3870 3475 quod

2309 3506 2388 3559 ita
2428 3506 2834 3577 intelligendum
2886 3513 2965 3556 est
3015 3503 3151 3554 sicut
3203 3501 3446 3566 superius
3497 3499 3875 3565 exposuimus.

2307 3598 2499 3650 Sedet
2534 3597 2823 3663 Apostolus
2873 3596 2926 3646 in
2982 3593 3219 3661 Epistula
3271 3592 3334 3642 ad
3375 3588 3637 3656 Ephesios
3680 3590 3874 3642 eodem

2307 3703 2556 3741 sermone
2601 3702 2730 3739 usus
2766 3697 2846 3738 est
2891 3700 3010 3737 cum
3044 3685 3117 3734 ait
3155 3701 3167 3735 :
3206 3699 3223 3729 ε
3253 3680 3353 3745 Qui
3405 3679 3568 3747 elegit
3607 3693 3705 3731 nos
3749 3690 3881 3730 ante

2311 3782 2494 3834 tuundi
2539 3779 2981 3833 censtitutiouem
3014 3775 3090 3840 ",
3119 3793 3136 3824 ι
3191 3783 3246 3824 et
3287 3774 3376 3824 hic
3423 3771 3876 3827 constitutionem

2311 3873 2493 3925 mundi
2534 3870 2833 3938 καταϐολὴν
2865 3870 3021 3933 dixit,
3054 3866 3242 3918 eodem
3275 3877 3437 3916 sensu
3468 3876 3574 3930 quo
3625 3861 3879 3927 superius

2315 3964 2652 4029 interpretati
2717 3975 2902 4014 smnus
2959 3955 3376 4024 intelligendam.
3425 3951 3656 4021 Dignum
3713 3951 3882 4020 igitur

2313 4056 2521 4108 videtur
2554 4049 2826 4122 inquirere
2861 4051 2986 4118 quid
3027 4057 3107 4101 est
3145 4047 3285 4114 quod
3327 4047 3427 4128 hoc
3450 4059 3592 4097 novo
3619 4043 3735 4115 (:25)
3783 4061 3880 4095 uo-

2276 4162 2278 4164 '
2315 4148 2455 4198 mine
2487 4145 2751 4197 iudicetur
2780 4160 2792 4193 :
2826 4151 2880 4193 et

2314 4240 2568 4300 arbitror,
2614 4234 2867 4301 quoniam
2929 4231 3053 4299 qui-
3283 4242 3473 4282 \‘ERSIO
3504 4241 3721 4281 5.1mm.

2315 4330 2434 4381 dem
2467 4328 2586 4380 linis
2618 4336 2673 4377 et
2696 4337 3056 4386 .conswntua-
3136 4321 3394 4373 Divinilus
3518 4317 3878 4370 habitaculum

2319 4421 2390 4472 tio
2421 4427 2727 4472 sanclormn
2759 4416 2863 4469 erit
2893 4416 2944 4467 in
2978 4415 3060 4466 Itis
3132 4414 3245 4479 (24)
3296 4425 3343 4467 et
3398 4429 3571 4465 veram
3648 4412 3880 4479 requiem

673 4513 834 4564 (Erit
879 4510 1073 4563 C(Biltln
1128 4525 1320 4563 novum
1356 4518 1411 4561 et
1479 4515 1626 4582 fuit?
1669 4516 1846 4582 [psunt
1896 4520 2031 4586 quod
2096 4503 2438 4581 crit.un:e
2510 4529 2612 4565 non
2679 4512 2928 4563 videnlur
3010 4519 3063 4561 ct
3134 4508 3275 4574 apud
3348 4522 3560 4574 superos
3641 4506 3880 4556 existimo

663 4610 813 4653 terra
846 4614 1004 4664 nova,
1030 4615 1149 4666 qua:
1193 4615 1293 4667 ego
1325 4599 1409 4652 fa—
1482 4604 1547 4656 Et
1582 4609 1707 4674 quid
1742 4621 1813 4660 est
1853 4610 1988 4674 quod
2017 4609 2245 4680 factum.

744 4786 788 4816 "
811 4783 931 4840 lsai.
963 4787 1216 4850 vat,22.
1278 4778 1583 4845 "Eccle.'t,
1619 4782 1671 4836 9.

726 4899 856 4971 ,(16)
893 4900 1199 4956 δενὶυιπωάε.
1225 4901 1382 4953 Deest
1412 4901 1462 4952 in
1490 4911 1644 4952 antea
1671 4899 1845 4971 edit-is,
1872 4899 1964 4951 sed
1981 4901 2222 4971 habetur

678 4969 731 5022 in
759 4969 893 5022 mss.
923 4972 1061 5021 Infra
1099 4985 1255 5033 mss.,
1278 4989 1306 5039 ~t
1333 4975 1447 5024 sine
1485 4971 1639 5024 initio
1668 4969 1772 5021 ullo
1798 4979 1898 5022 est.
1924 4987 1941 5018 ι
1977 4969 2035 5022 ln
2063 4972 2224 5023 editis

678 5043 851 5100 deest,
889 5059 905 5088 ‹
931 5041 1058 5090 ullo.
1086 5057 1105 5088 ι

750 5108 859 5177 (l7)
904 5109 1032 5158 Vide
1065 5107 1102 5158 l.
1133 5124 1167 5159 ll
1197 5109 1526 5177 0rigenian.,
1555 5123 1607 5176 q.
1635 5109 1720 5170 12,
1748 5123 1800 5160 n.
1828 5106 1880 5160 4.

751 5173 861 5244 (18)
905 5178 994 5229 Sic
1043 5192 1172 5230 mss.
1223 5173 1392 5240 Alias,
1433 5173 1597 5244 «quid
1642 5189 1762 5230 ante
1801 5177 2034 5229 faciebat
2081 5173 2224 5228 Dens

683 5245 968 5314 antequam
1025 5249 1252 5299 mundus
1311 5249 1505 5300 licrct?
1559 5249 1787 5300 otiosam
1855 5248 1994 5300 enim
2046 5245 2227 5297 dicere

613 5373 616 5376 ,
684 5328 925 5372 ttaturam
980 5314 1105 5376 Dei,
1151 5318 1382 5368 otiosum
1431 5329 1528 5371 est.
1557 5337 1574 5368 ι
1626 5316 1825 5369 Ibidem
1876 5333 2030 5378 tuss.,
2078 5333 2094 5364 ‹
2130 5314 2228 5364 ali-

682 5387 894 5454 quando
923 5385 1058 5436 bene
1092 5399 1196 5436 nou
1239 5385 1450 5440 fecerit.
1479 5407 1495 5436 ι
1533 5387 1589 5438 lu
1635 5397 1792 5439 antea
1836 5387 1993 5440 editis
2041 5385 2227 5448 deest,

689 5472 709 5505 ι
739 5456 892 5507 bene.
923 5473 938 5503 ι

789 5523 864 5591 Ιυ)
906 5525 1046 5575 tlavc
1071 5531 1126 5575 et
1155 5533 1312 5574 caute
1345 5525 1476 5593 lege.

757 5525 864 5660 po)
906 5525 1046 5575 tlavc
1071 5531 1126 5575 et
1155 5533 1312 5574 caute
1345 5525 1476 5593 lege.
1681 5549 1686 5553 -

779 5593 866 5659 ἑο)
908 5592 1122 5642 Initium
1165 5594 1391 5644 aliorum
1441 5597 1697 5657 futurum.
1747 5595 1836 5647 Sic
1883 5610 2013 5648 mss.
2050 5592 2232 5659 Alias,

692 5679 717 5717 ε
739 5662 952 5720 interim
989 5663 1118 5714 alios
1149 5662 1374 5715 futuros.
1399 5683 1416 5713 δ
1591 5662 1595 5665 ”

758 5731 872 5860 ἕξει)
913 5730 1041 5810 Vide
1074 5732 1108 5782 l.
1147 5747 1183 5784 ll
1216 5731 1545 5813 Origenian.,
1572 5749 1626 5800 (ι.
1655 5733 1758 5811 l2,
1784 5747 1838 5783 η.
1868 5732 1946 5817 ἓί

781 5800 851 5856 9.2
912 5799 1165 5854 Dixerunt
1209 5817 1228 5855 :
1270 5804 1540 5860 καταϐολή
1581 5818 1695 5856 tero
1744 5819 1797 5855 in
1847 5800 1946 5856 Ora

781 5799 872 5856 9.2)
912 5799 1165 5854 Dixerunt
1209 5817 1228 5855 :

1747 4784 1787 4812 δι
1819 4783 2008 4837 Matth.
2041 4800 2188 4850 xxrv,
2212 4785 2300 4838 r-.’.|.

1270 5804 1541 5873 καταϐολή
1581 5818 1695 5856 tero
1744 5803 1797 5855 in
1847 5800 2027 5856 Greco
2071 5801 2235 5873 magia

2326 4620 2524 4662 aeterna
2571 4615 2728 4670 sunt,
2777 4622 2842 4658 ex
2898 4605 3064 4672 ipsius
3137 4599 3455 4666 iutelligi,in
3488 4613 3587 4664 qua
3627 4606 3882 4646 creatura:

2393 4786 2436 4816 ⁵²
2469 4786 2662 4853 Epltes.
2700 4787 2812 4850 1,4.

2329 4901 2547 4970 dejicere
2570 4903 2848 4970 significat,
2873 4901 2926 4952 id
2952 4910 3026 4953 est
3050 4902 3290 4952 deorsum
3311 4899 3509 4966 jacere,
3536 4899 3676 4970 quod
3701 4897 3884 4970 Latine

2332 4967 2626 5038 improm‘ie,
2667 4967 2718 5023 ut
2767 4974 3014 5031 diximus,
3058 4973 3474 5021 Constitutionent
3512 4967 3716 5020 mundi.
3764 4969 3884 5021 llaec

2328 5058 2445 5108 qua:
2473 5043 2537 5093 de
2571 5056 2668 5094 suo
2707 5043 2905 5108 adjecit
2941 5040 3184 5099 Rufinus,
3234 5039 3283 5089 in
3317 5040 3572 5091 omnibus
3616 5039 3885 5093 habentur

2331 5127 2501 5171 mss.;
2537 5112 2856 5162 sed-omissa
2893 5120 3016 5162 sunt
3043 5109 3095 5160 iu
3131 5118 3287 5159 antea
3321 5109 3496 5159 editis.

2401 5178 2512 5250 (ῆὸ)
2557 5180 2723 5232 Νουο.
2759 5181 2915 5233 Deest
2948 5181 2998 5230 in
3029 5186 3199 5250 antea
3226 5177 3521 5250 editis,_psed
3558 5177 3792 5230 habetur
3815 5178 3888 5250 in

2333 5247 2466 5301 mss.
2497 5247 2662 5302 Paullo
2704 5261 2823 5315 post
2859 5263 3009 5310 mss.,
3041 5267 3060 5297 ‹
3091 5262 3155 5300 ex
3189 5247 3353 5314 ipsius
3396 5248 3517 5298 linis
3549 5249 3884 5316 contempla-

2336 5323 2496 5373 tione.
2528 5338 2544 5368 ι
2578 5319 2732 5371 Libb.
2760 5327 2915 5371 antea
2961 5318 3110 5380 editi,
3149 5335 3166 5366 ‹
3191 5327 3244 5370 ct
3280 5318 3443 5385 ipsius
3483 5317 3611 5371 linis
3640 5328 3884 5371 contem—

2337 5389 2499 5456 platio
2537 5400 2635 5440 est.
2666 5408 2683 5439 ι

2402 5457 2510 5527 (24)
2553 5458 2823 5527 Dicinitus
2846 5455 3217 5519 habitaculum,
3247 5464 3351 5509 etc.
3397 5455 3518 5508 Ηώς
3558 5469 3676 5522 qua?
3708 5453 3884 5506 locum

2332 5525 2660 5595 superiorem
2688 5530 2753 5577 ab
2786 5525 3107 5593 Hieronymo
3131 5527 3349 5579 allatum
3377 5530 3556 5578 statim
3583 5534 3882 5595 sequuntur

2334 5592 2580 5663 ἱιϊυῃὶει.
2608 5597 2672 5648 ad
2702 5597 2942 5657 Avitum,
2975 5592 3067 5648 aut
3104 5597 3466 5648 dissimulavit
3506 5592 3755 5652 Rulinus,
3794 5599 3882 5663 aut

2337 5657 2660 5787 pdultcravit
2714 5671 2787 5718 uti
2822 5665 2989 5734 liquet
3021 5681 3085 5721 ex
3125 5668 3404 5733 utriusque
3437 5664 3748 5717 versionem
3777 5657 3882 5716 ccio

2359 5739 2551 5787 alioue.

2359 5739 2551 5791 alioue.
