4074 6308
169 429 255 487 ὅέῢ

169 552 272 607 linis
334 553 487 624 150
541 560 877 628 contempla-

170 648 309 712 tione,
351 651 491 704 sicut
535 651 587 705 in
641 653 882 720 superio-

166 741 294 796 ribus
342 742 653 813 frequenter
693 755 881 801 osten-

167 834 342 888 dimus.
373 835 558 888 Simile
596 836 754 889 etiam
799 853 885 891 ra-

167 928 433 983 tionabiles
459 939 739 984 creaturas
785 933 883 986 ba-

167 1021 326 1075 bnisse
351 1025 667 1077 censendum
693 1032 792 1081 est.
818 1027 883 1080 Et

163 1112 203 1167 si
230 1113 328 1166 tale
357 1115 562 1168 initium
593 1115 881 1172 habuerint

164 1203 358 1269 qualem
417 1205 571 1257 linem
627 1216 878 1274 sperant,

165 1294 362 1348 fuerunt
405 1296 517 1352 sine
564 1299 728 1353 dubio
768 1299 877 1367 jam

164 1387 218 1440 ab
245 1389 391 1445 initio
420 1391 468 1444 in
503 1393 582 1446 bis
616 1408 737 1462 qua:
772 1411 877 1450 non

164 1484 388 1539 videntur
410 1495 462 1540 et
491 1497 694 1544 aeterna
727 1503 877 1548 sunt.

161 1577 292 1643 Quod
321 1581 360 1632 si
400 1592 503 1644 est,
540 1583 605 1636 de
635 1587 880 1654 superio-

161 1670 289 1724 ribus
343 1673 407 1726 ad
462 1674 718 1730 inferiora
783 1680 876 1734 de-

158 1762 382 1816 scensnm
419 1775 501 1819 est
547 1783 651 1821 non
700 1770 872 1825 solum

157 1856 214 1907 ab
236 1857 313 1910 his
337 1859 609 1917 animabus
632 1863 739 1936 (23)
756 1881 875 1935 qua:

157 1945 201 1996 id
232 1957 457 2002 motuum
511 1969 729 2008 suorum
784 1973 876 2010 va-

157 2036 329 2092 rietate
352 2054 874 2106 meruerunt,vernm

155 2135 201 2177 et
236 2131 297 2181 ab
332 2130 411 2186 bis
445 2149 562 2200 qttte
606 2137 669 2188 ad
710 2137 874 2192 totius

154 2220 321 2272 mundi
383 2223 736 2280 ministerium
805 2244 871 2282 ex

153 2308 245 2363 illis
278 2315 638 2382 superioribus
678 2328 731 2373 et
782 2320 872 2372 in-

152 2404 432 2461 visibilibns
465 2410 534 2462 ad
588 2413 701 2465 haec
742 2411 874 2467 infe-

151 2494 278 2548 riora
297 2506 348 2550 et
373 2499 606 2553 visibilia
623 2501 868 2559 deductae

149 2593 282 2651 sunt,
309 2587 428 2642 licet
457 2604 563 2643 non
597 2591 867 2660 volentes;

137 2663 170 2724 ἰ
200 2677 412 2731 vanitati
465 2681 663 2751 quippe
714 2698 872 2738 erea-

150 2771 258 2819 tura
315 2769 547 2839 subjecta
609 2783 696 2828 est
765 2790 871 2830 non

148 2854 339 2924 volens,
368 2862 457 2914 sed
498 2873 717 2932 propter
746 2879 870 2919 eum

148 2944 230 3011 qui
277 2947 502 3017 subjecit
537 2952 592 3004 in
637 2969 730 3021 spe
752 2955 818 3018 ⁵³,
846 2976 865 3007 ι

145 3048 242 3101 qua
269 3037 348 3091 vel
375 3038 473 3105 sol,
503 3041 584 3095 vel
615 3041 756 3107 luna,
786 3045 871 3099 vel

146 3126 322 3196 stellae,
362 3131 440 3186 vel
473 3135 647 3203 angeli
688 3139 871 3205 exple-

147 3229 258 3274 rent
294 3222 606 3291 obsequium
648 3228 868 3296 mundo,

145 3325 194 3368 et
222 3316 303 3371 bis
333 3318 611 3374 animabus
649 3335 770 3389 qua:
803 3324 873 3378 ob

146 3407 330 3464 nimios
371 3412 609 3470 defectus
652 3417 871 3482 mentis,

143 3502 485 3558 crassioribrs
531 3505 649 3559 imis
689 3515 743 3562 et
785 3523 876 3562 so—

142 3590 409 3648 lidioribus
441 3596 725 3665 indignere
750 3614 872 3654 cor-

141 3683 369 3748 poribus,
406 3694 462 3738 et
523 3699 740 3757 propter
779 3705 874 3745 eos

141 3775 326 3842 quibus
365 3778 466 3832 hoc
509 3789 628 3832 erat
680 3795 859 3836 neces-

141 3869 364 3936 sarium,
444 3873 680 3927 mundus
770 3874 875 3930 iste

141 3963 293 4018 etiam
323 3967 548 4022 visibilis
593 3969 874 4026 institutus

141 4066 234 4109 est.
275 4059 346 4112 Ex
394 4063 498 4120 hoc
545 4078 674 4132 ergo
727 4079 876 4118 como

144 4155 360 4209 muniter
443 4165 686 4210 omnium
780 4173 876 4229 per

141 4246 274 4300 banc
318 4248 765 4317 significandam,
821 4252 872 4307 id

138 4346 216 4391 est
259 4355 350 4407 per
375 4340 695 4411 καταϐολὴν,
727 4357 753 4394 a
785 4358 870 4397 su-

138 4429 426 4495 perioribus
485 4432 551 4484 ad
619 4431 871 4485 inferiora

139 4522 344 4578 videtur
402 4525 630 4580 indicari
700 4526 871 4580 dedu-

137 4617 258 4669 ctio.
313 4611 482 4684 Spem
527 4633 660 4672 sane
707 4618 872 4672 liber-

140 4709 258 4760 tatis
319 4708 565 4762 universa
621 4721 870 4763 creatura

135 4797 269 4864 gerit
299 4805 354 4851 ut
383 4813 411 4851 a
443 4799 720 4852 servitutis
757 4814 874 4854 cor-

139 4890 381 4958 ruptione
427 4888 707 4953 liberetur,
751 4903 872 4943 cum

135 4979 225 5033 ﬁlii
260 4978 353 5034 Dei
381 4981 472 5050 qui
502 4979 585 5034 vel
618 4974 872 5048 prolapsi,

134 5073 213 5126 vel
283 5076 512 5144 dispersi
607 5082 765 5136 sunt,
823 5075 874 5126 in

135 5184 293 5224 unum
369 5171 570 5226 fuerint
652 5183 878 5238 congre-

136 5261 262 5325 gati,
293 5260 373 5315 vel
411 5275 531 5316 cum
566 5270 763 5316 caetera
796 5260 877 5314 of-

195 5375 246 5413 "
279 5379 437 5434 nom.
478 5394 594 5444 vin,
619 5377 710 5433 ΞΟ.

1473 440 1670 496 LiBER
1712 444 2039 501 TERTIUS.

960 562 1298 616 rationabiles
1323 576 1702 619 commorantes
1736 572 1779 624 Α
1808 571 2002 635 steria,
2039 582 2090 621 ut
2137 572 2407 624 rttentibus
2449 590 2560 624 ma-

958 664 1232 724 antequam
1302 659 1370 709 ad
1450 660 1699 727 inferiora

959 746 1071 800 loca
1113 748 1507 816 descenderent,
1549 763 1595 805 et
1642 755 1703 806 de

958 838 1304 894 inuisibilibus
1357 845 1425 895 ad
1478 846 1702 898 risibilia

959 933 1392 1000 commigrarent,
1467 947 1701 990 ruentes—

957 1041 1054 1093 que
1107 1029 1176 1078 ad
1243 1040 1435 1081 terram
1514 1035 1704 1086 crussis

959 1118 1230 1184 coporibus
1274 1122 1586 1191 indigetem,
1617 1143 1707 1178 an-

958 1208 1100 1276 tiqua
1171 1212 1484 1268 beatitudine
1554 1219 1703 1283 frue-

958 1300 1167 1357 bantur.
1237 1303 1386 1358 Unde
1464 1312 1705 1364 conditor

961 1390 1096 1445 Deus
1159 1394 1278 1462 fecit
1329 1399 1403 1451 eis
1469 1416 1700 1469 congrua

955 1482 1234 1538 humilibus
1277 1490 1401 1543 locis
1447 1508 1701 1559 corpora,

955 1584 1003 1626 et
1050 1578 1298 1630 mundum
1344 1582 1499 1634 istum
1535 1571 1728 1639 eis-ibi;

954 1662 1051 1716 lem
1094 1665 1380 1733 fabricatus
1411 1685 1514 1734 est,
1549 1678 1703 1730 mini-

953 1766 1187 1827 strosque
1253 1763 1312 1814 ob
1375 1764 1596 1820 salutem
1654 1779 1701 1823 et

954 1854 1329 1918 correptionem
1384 1874 1565 1912 eorum
1614 1865 1702 1932 qui

1815 675 1937 710 num
1981 660 2288 727 porrigant;
2326 661 2435 714 illa:
2473 679 2562 714 co-

1813 760 2006 814 guntur
2045 750 2283 816 ingrataz,
2317 762 2368 801 ut
2415 761 2559 806 tanto

1814 846 2037 906 tempore
2080 839 2132 891 in
2188 851 2423 909 suscepto
2458 845 2561 911 o/ﬁ-

1812 929 1891 982 cio
1949 943 2293 998 perseverent.
2339 933 2405 987 Et
2456 935 2556 989 ite-

1816 1038 1928 1074 rum
1962 1042 1972 1074 :
2009 1023 2090 1076 Ex
2114 1040 2214 1092 quo
2241 1027 2478 1094 sequitur
2507 1038 2561 1081 ut

1812 1114 1873 1165 ob
1925 1115 2099 1168 varios
2177 1126 2348 1170 motus
2425 1120 2560 1172 varii

1813 1215 2054 1259 creentur
2078 1217 2122 1260 et
2149 1207 2351 1275 mundi,
2376 1221 2419 1263 et
2447 1223 2558 1278 post

1812 1301 1948 1351 hunc
2024 1318 2173 1368 quem
2259 1303 2558 1368 incolimus,

1813 1392 1950 1441 alius
2026 1391 2190 1443 mulio
2289 1393 2560 1448 dissimilis

1813 1483 2036 1551 munitus
2091 1481 2201 1548 ﬁat.
2259 1480 2560 1554 Nullusque

1812 1569 1948 1622 alius
1993 1572 2208 1625 diversis
2260 1577 2468 1640 casibus
2512 1589 2558 1631 et

1810 1662 2154 1728 profectibus,
2191 1674 2238 1716 et
2277 1651 2352 1718 uel
2399 1670 2560 1722 trirtu-

1811 1763 1918 1804 tum
1940 1757 2193 1822 pra'ntiis,
2215 1758 2288 1809 vel
2317 1761 2559 1814 vitiorum

1811 1847 2104 1913 suppliciis,
2133 1860 2177 1901 et
2209 1850 2261 1901 in
2294 1855 2558 1919 prtesenti,

954 1945 1274 2011 reciderunt,
1299 1950 1441 2003 misit
1474 1953 1525 2005 in
1558 1969 1704 2010 mun-
1736 1926 1777 1978 Β
1809 1947 1856 1989 εί
1911 1940 1962 1991 ί¹¹
2026 1941 2241 2006 rum”:
2297 1955 2452 2013 αιςαε
2507 1949 2561 2002 ίη

953 2036 1109 2102 dum;
1135 2055 1198 2091 ea:
1225 2043 1410 2109 quibus
1439 2044 1534 2098 alii
1563 2059 1703 2101 certa

953 2129 1239 2184 obtinerent
1272 2133 1408 2198 loca,
1432 2145 1477 2187 et
1520 2139 1703 2192 mundi

953 2225 1349 2278 necessitatibus
1399 2227 1700 2296 cbedirent;

951 2315 1044 2367 alii
1091 2317 1329 2385 injuncta
1383 2322 1484 2373 sibi
1532 2325 1700 2392 ofﬁcia

950 2407 1171 2475 singulis
1222 2411 1512 2480 quibusque
1569 2426 1699 2470 tem-

948 2499 1163 2566 peribus
1188 2519 1307 2571 qua:
1334 2506 1471 2557 novit
1499 2507 1700 2576 artifex

954 2579 1110 2655 Usus,
1147 2595 1331 2648 sedula
1375 2606 1546 2652 mente
1589 2613 1698 2653 tra-

949 2690 1170 2737 ctarent.
1202 2683 1269 2738 Et
1307 2695 1384 2740 ex‘
1407 2689 1490 2740 Itis
1530 2690 1698 2745 subli-

948 2777 1117 2830 miora
1149 2781 1333 2834 mundi
1371 2781 1490 2838 loca
1533 2786 1613 2838 sol
1648 2796 1698 2840 et

948 2866 1074 2921 luna
1121 2879 1168 2922 et
1237 2871 1400 2926 stella:
1462 2891 1580 2944 qua:
1631 2877 1696 2930 ab

946 2963 1196 3031 Apostola
1281 2978 1527 3023 creatura
1613 2972 1696 3025 di-

947 3065 1162 3121 cuntur,
1206 3071 1536 3128 acceperunt.
1567 3063 1697 3127 Qua:

947 3158 1190 3225 creatura
1217 3152 1438 3204 vanitati
1473 3155 1697 3220 mb1ecta

945 3247 1022 3291 est
1065 3254 1125 3292 eo
1163 3241 1300 3308 quod
1348 3256 1454 3294 crai
1477 3243 1542 3296 sis
1591 3245 1698 3297 cir-
1724 3266 1769 3327 Ο

946 3336 1197 3388 cumdata
1267 3339 1578 3405 corporibus
1648 3350 1694 3392 et

947 3428 1182 3496 aspectui
1216 3439 1423 3496 pateat;
1449 3437 1498 3482 et
1525 3439 1697 3484 tamen

947 3538 1049 3574 non
1100 3533 1280 3590 sp‘nte
1329 3523 1565 3590 subjecta
1621 3534 1696 3576 est

946 3614 1195 3678 vanitati,
1233 3613 1325 3666 sed
1369 3623 1580 3675 pronter
1611 3630 1696 3667 ro-

950 3680 1199 3756 luntalem
1260 3703 1373 3771 ejus
1425 3705 1515 3772 qti
1581 3721 1694 3763 eam

943 3793 1163 3860 subjecit
1214 3793 1267 3844 in
1320 3810 1428 3860 spe.
1478 3794 1540 3846 Et
1590 3796 1693 3848 itc-

943 3898 1060 3937 rum
1104 3882 1257 3935 :Alii
1305 3901 1425 3938 vero
1482 3886 1534 3938 in
1583 3887 1693 3938 sin-

941 3972 1077 4041 gulis
1127 3972 1252 4025 locis
1300 3982 1456 4041 atque
1496 3983 1692 4041 tenipo-

944 4065 1108 4128 ribus,
1152 4081 1268 4133 quae
1309 4067 1450 4117 solus
1502 4065 1693 4131 artifex

945 4165 1118 4219 novit,
1173 4153 1355 4208 mundi
1429 4154 1690 4221 guberna-

943 4248 1074 4299 culis
1110 4245 1371 4308 serviunt,
1416 4260 1544 4313 quos
1597 4260 1692 4296 an-

944 4339 1085 4408 gelos
1133 4353 1244 4390 esse
1294 4337 1578 4388 Credimus.
1631 4335 1693 4388 Et

945 4439 1066 4500 post
1139 4428 1415 4500 paululum
1469 4451 1473 4455 ·
1524 4427 1688 4492 Quem

944 4540 1118 4577 rerum
1196 4523 1440 4579 ordinentL
1528 4521 1689 4573 torius

1810 2033 2046 2086 omnibus
2137 2045 2187 2086 et
2283 2049 2460 2104 retro,
2511 2050 2558 2094 et

1808 2123 1985 2190 priora
2025 2129 2342 2194 temporibus
2391 2143 2558 2201 potest

1809 2216 1996 2268 merita
2034 2219 2354 2285 dispensare,
2396 2235 2442 2276 et
2491 2229 2559 2280 ad

1808 2322 1972 2359 unum
2002 2326 2208 2363 rursum
2247 2312 2405 2379 finem
2441 2334 2562 2372 cun-

1807 2407 1889 2451 cta
1918 2407 2239 2466 pertrahere.
2273 2409 2373 2461 nisi
2417 2412 2559 2464 solus

1808 2495 2050 2547 conditor
2101 2499 2332 2553 omnium
2380 2501 2555 2567 Deus.

1805 2585 1895 2651 qui
1951 2588 2047 2639 scit
2109 2607 2297 2645 causas
2349 2607 2559 2661 prOpter

1805 2690 1936 2742 quas
1978 2678 2113 2734 alios
2146 2684 2415 2747 permittat
2458 2703 2558 2741 sua

1804 2771 2009 2838 perfrui
2063 2775 2352 2845 voluntate,
2395 2790 2444 2834 et
2494 2783 2559 2836 a‘e

1807 2861 2099 2930 majoribus
2135 2868 2204 2919 ad
2248 2867 2434 2923 ultima
2470 2873 2560 2926 de-

1806 2947 1938 3014 labi,
1958 2951 2090 3008 alios
2109 2955 2330 3025 incipiat
2345 2963 2558 3016 uisitare

1805 3049 1853 3092 et
1896 3045 2159 3111 gradatim
2196 3051 2349 3114 quasi
2394 3066 2554 3105 manu

1805 3132 1932 3184 data
1962 3135 2030 3186 ad
2076 3137 2354 3202 pristinum
2391 3138 2554 3194 'retra-

1806 3220 1926 3276 here
1957 3232 2182 3288 statum,
2219 3238 2265 3280 et
2303 3229 2354 3280 in
2389 3230 2556 3282 subli-

1799 3312 1966 3365 mibus
1996 3315 2270 3370 collocare.

3276 449 3384 506 350

2636 570 2755 623 licia
2807 569 3147 637 expleverint
3181 569 3234 624 in
3277 569 3379 625 line

2634 663 2862 726 mundo,
2918 676 3036 730 qua?
3087 660 3235 715 solus
3281 675 3376 716 co-

2630 755 2840 823 gnoscit
2891 756 3129 809 omnium
3175 755 3373 810 artifex

2630 844 2793 897 Dens.
2847 842 3030 898 Talem
3105 859 3259 908 vero,
3314 861 3378 899 ac

2634 943 2837 987 tantum
2911 936 3214 1003 putandum
3294 946 3379 993 est

2632 1026 2828 1081 factum
2883 1041 3005 1083 esse
3076 1029 3376 1094 mundum,

2630 1117 2719 1185 qui
2771 1115 2855 1168 vel
2905 1131 3095 1171 omnes
3125 1131 3217 1171 cas
3264 1119 3381 1172 ani-

2631 1228 2745 1266 mas
2795 1228 2916 1281 qua:
2963 1214 3014 1267 in
3051 1215 3150 1269 boe
3182 1218 3379 1269 mundo

2631 1316 2847 1361 statuta:
2905 1317 3034 1362 sunt
3098 1311 3339 1364 exerceri
3362 1352 3377 1375 ,

2630 1405 2872 1467 caperet,
2906 1400 2997 1453 “vel
3051 1415 3244 1456 onnes
3287 1417 3383 1455 cas

2631 1493 2859 1547 virtutes
2898 1497 3016 1563 quae
3053 1509 3081 1547 a
3104 1496 3243 1550 lesse
3277 1497 3377 1558 eis,

2631 1595 2683 1636 et
2715 1585 3026 1653 dispensare
3057 1601 3166 1647 eis,
3206 1603 3268 1641 ac
3294 1589 3383 1656 ju-

2631 1691 2757 1731 vare
2789 1688 2986 1746 parate
3025 1690 3170 1733 sunt.
3205 1677 3377 1733 Unius

2632 1780 2863 1834 namque
2895 1776 3100 1821 natnrte
3128 1782 3246 1822 esse
3269 1782 3382 1820 om-

2631 1873 2725 1914 nes
2760 1859 3108 1915 rationabilcs
3155 1870 3376 1915 creatu-

2632 1965 2718 2004 ras
2757 1950 2902 2020 (26),
2952 1966 3016 2005 ex
3061 1951 3241 2007 multis
3291 1966 3383 2008 as-

2633 2041 2963 2096 sertionibus
3056 2043 3379 2112 comproba-

2631 2143 2719 2189 tur
2745 2152 2760 2190 :
2790 2151 2885 2204 per
2911 2139 3052 2205 quod
3078 2153 3102 2191 s
3125 2138 3250 2191 ilum
3283 2137 3378 2192 Dei

2624 2225 2828 2292 justitia
2930 2229 3181 2283 omnibus
3283 2245 3380 2284 ea-

2633 2335 2752 2373 rum
2812 2321 2938 2391 (27)
3009 2323 3375 2390 dispensatio-

2634 2410 2792 2464 nibus
2875 2411 3086 2465 defendi
3161 2421 3341 2482 potest
3360 2455 3375 2476 ,

2631 2500 2756 2552 dum
2804 2514 3138 2569 unaquaeque
3185 2504 3238 2556 in
3289 2518 3380 2556 se-

2631 2588 2858 2656 metipsa
2933 2591 3097 2644 habet
3181 2607 3377 2647 causas

2631 2677 2768 2745 quod
2821 2679 2875 2732 in
2927 2679 3039 2745 illo,
3081 2681 3164 2735 vel
3198 2682 3249 2736 in
3285 2683 3377 2736 illo

2632 2756 2755 2823 vita:
2783 2767 2974 2824 ordine
3004 2771 3179 2838 posita
3210 2773 3302 2827 sit.

2700 2860 2752 2913 5.
2788 2861 2938 2916 llanc
2979 2875 3108 2931 ergo
3154 2864 3381 2934 disposi-

2632 2952 2828 3008 tionem
2860 2954 2955 3009 Dei
2993 2971 3151 3025 quam
3191 2966 3395 3026 postea.

2627 3051 2935 3114 ordinavit,
2974 3050 3086 3118 jam
3145 3063 3271 3108 tunc
3310 3055 3377 3108 ab

2628 3143 2836 3211 origine
2857 3145 3040 3198 mundi
3074 3148 3377 3202 rat’onibus

2629 3237 2911 3305 causisque
2950 3253 3159 3310 ραι-ενοι
3185 3245 3251 3294 tis
3281 3254 3376 3294 eo-

2631 3338 2748 3377 rum
2780 3313 2881 3395 'qui
2917 3328 2996 3382 vel
3034 3344 3130 3395 pro
3159 3330 3373 3384 defectu

1801 3403 1996 3456 mentis
2032 3406 2217 3461 venire
2265 3407 2315 3461 in
2353 3422 2581 3479 corpora
2617 3417 2998 3482 merebantur,
3036 3418 3119 3472 vel
3166 3434 3355 3474 eorum

1799 3493 1886 3559 qui
1931 3493 2220 3548 visibilium
2259 3498 2551 3566 cupiditate
2593 3507 2964 3571 raptabantur,
3009 3510 3105 3562 scd
3153 3519 3206 3562 et
3253 3511 3374 3564 illo-

1803 3599 1918 3637 rum
1951 3586 2042 3654 qui
2089 3586 2170 3641 vel
2199 3587 2438 3644 volentes
2472 3590 2582 3660 (98)
2613 3593 2694 3646 vel
2725 3595 2878 3649 inviti
2915 3607 3170 3664 praestare
3196 3599 3372 3656 cilicia

1798 3677 2042 3746 qntcdam
2075 3678 2156 3732 bis
2184 3680 2272 3748 qui
2321 3681 2374 3733 in
2421 3682 2560 3736 hunc
2605 3692 2803 3737 statum
2847 3669 3159 3742 deciderant
3216 3707 3366 3744 com~

1799 3768 2137 3836 pellebantur
2169 3772 2235 3824 ab
2265 3785 2330 3825 eo
2356 3772 2446 3840 qui
2480 3772 2532 3824 in
2571 3787 2663 3842 spe
2690 3773 3029 3843 subjicicbat,
3063 3793 3164 3833 non
3206 3782 3373 3835 intel-

1799 3859 2027 3928 ligentes
2064 3862 2305 3929 quidam,
2341 3877 2439 3918 nec
2486 3865 2830 3921 advertentes
2875 3870 3017 3936 quod
3056 3884 3123 3923 ex
3173 3886 3368 3938 prince-

1797 3949 2051 4003 dentibus
2083 3950 2238 4006 liberi
2271 3952 2482 4008 arbitrii
2507 3955 2684 4009 causis
2714 3956 2957 4011 instituta
2990 3959 3176 4013 fuisse!
3206 3975 3234 4013 a
3265 3960 3370 4034 Deo

1798 4043 2170 4110 dispositionis
2196 4047 2295 4099 ista
2333 4048 2585 4112 vzrietas,
2610 4049 2857 4103 arbitrati
2886 4060 3008 4104 sunt
3029 4052 3109 4105 vel
3135 4051 3371 4108 fortuitis

1780 4133 2036 4184 metilius
2066 4134 2148 4185 vel
2180 4134 2328 4187 fatali
2362 4137 2688 4191 necessitate
2716 4139 2798 4206 agi
2828 4140 3006 4193 omnia
3037 4155 3155 4209 qnze
3185 4141 3237 4193 in
3268 4142 3370 4197 hoc

1796 4220 1997 4280 mundo
2041 4220 2201 4285 fiunt,
2256 4238 2355 4277 nec
2397 4239 2518 4278 esse
2567 4226 2764 4294 aliquid
2807 4227 2858 4281 in
2896 4240 3080 4281 nostro
3120 4231 3366 4286 arbitrio.

1797 4311 1952 4366 Unde
1983 4327 2082 4366 nec
2115 4312 2208 4367 Dei
2252 4315 2648 4382 providentiam
2681 4316 3060 4387 incnlpabilem
3092 4322 3371 4390 assignare

1794 4411 2117 4470 potuerunt.

1864 4517 1916 4572 6.
1957 4516 2114 4570 Sicut
2158 4525 2336 4570 autem
2379 4517 2637 4580 diximus,
2683 4517 2808 4585 quia
2849 4520 3053 4584 tnultis,
3087 4537 3146 4574 ve
3205 4523 3366 4577 mini-
3425 4586 3430 4591 ,

943 4617 1123 4669 mundi
1169 4615 1295 4684 regit
1327 4614 1440 4669 Pr0t
1465 4612 1688 4678 identia,
1726 4601 1769 4655 D
1801 4612 1931 4663 stris
1955 4649 1969 4674 ,
2010 4607 2095 4663 vel
2148 4608 2467 4674 rectoribus,
2515 4608 2596 4661 vel
2632 4609 3048 4664 auxiliatoribus
3095 4627 3140 4676 e;
3168 4625 3365 4666 uerunt

944 4709 1068 4760 dum
1099 4707 1220 4758 alia:
1260 4706 1476 4759 virtutes
1504 4704 1570 4755 de
1614 4720 1697 4756 su-

946 4799 1272 4852 blimioribus
1396 4806 1650 4849 corruunt
1678 4835 1693 4860 ,

945 4891 1064 4945 alia:
1126 4890 1381 4958 paulatim
1447 4888 1700 4941 labuntur

945 4982 1000 5034 in
1041 4991 1240 5045 terras;
1285 4982 1400 5037 ista:
1454 4979 1698 5034 uolunta--

948 5077 1038 5128 ria:
1123 5073 1484 5135 descendunt,
1574 5071 1695 5123 alite

946 5164 1342 5234 pri-cipitantur
1374 5164 1425 5214 in
1451 5163 1584 5227 iitre;
1615 5161 1696 5212 lia:

949 5267 1128 5330 sponte
1191 5256 1422 5323 suscipiu
1448 5264 1485 5307 tl
1541 5255 1698 5307 mini-

199 5514 312 5589 (95)
340 5514 435 5596 S_ic
464 5531 591 5596 mss.
623 5516 678 5596 l_n
705 5516 862 5570 editis
891 5515 1157 5596 omittitur
1191 5525 1209 5559 (
1242 5506 1692 5596 Solit-tu1'uelmttt20

139 5605 158 5642 ι
183 5576 466 5641 animabus
492 5605 512 5637 ›
549 5588 746 5658 legitur
777 5606 794 5636 ι
824 5583 1178 5662 animalibus;
1217 5597 1234 5629 ›
1267 5586 1318 5630 et
1350 5576 1515 5644 paulo
1547 5580 1691 5641 post,

141 5678 159 5710 ι
183 5658 406 5713 deducta
443 5665 587 5721 sunt,
607 5655 748 5712 licet
776 5672 880 5710 non
910 5655 1160 5708 volentia.
1194 5668 1212 5700 ›

201 5727 320 5868 liii

357 5725 489 5782 Vide
514 5725 553 5778 l.
574 5717 615 5782 it
645 5725 972 5794 0rigenian.,
999 5741 1051 5792 q.
1077 5722 1130 5786 5,
1157 5736 1213 5775 η.
1247 5717 1334 5772 ll.

358 5797 432 5852 Ita
470 5810 604 5850 mss.
636 5783 776 5850 Editi
809 5783 1061 5859 anteiit,'t
1093 5783 1298 5846 e'ortnn.
1324 5807 1340 5836 ι
1373 5783 1537 5859 Paulo
1569 5789 1694 5859 post

138 5851 319 5936 nsi;
348 5851 536 5922 slisnc
585 5880 718 5934 ergo
756 5851 1170 5935 dispositionem
1213 5859 1366 5915 Dei.»
1423 5855 1480 5909 in
1533 5851 1692 5907 editis

497 5964 771 6024 ΡΑπι-ειοι.
809 5961 924 6025 Gn.
977 5963 1082 6023 X1.

1797 4701 1989 4755 anima!
2016 4714 2202 4753 omnes
2234 4714 2354 4767 qua:
2384 4699 2436 4751 in
2469 4699 2570 4752 hoc
2603 4699 2800 4752 mundo
2841 4708 3066 4753 versatae
3098 4715 3140 4752 δι
3165 4709 3223 4753 nt
3253 4721 3264 4753 :
3295 4703 3369 4754 ita

1799 4795 1850 4847 in
1911 4793 2224 4846 novissimis
2279 4790 2612 4860 temporibus
2660 4806 2780 4842 cum
2817 4789 2926 4856 jam
2984 4790 3109 4845 linis
3172 4793 3372 4845 mundo

1797 4883 2083 4953 proximus
2130 4879 2474 4946 immineret,
2519 4887 2573 4933 et
2619 4879 2671 4932 in
2717 4878 2959 4934 ultimam
3011 4878 3370 4947 perditionem

1798 4989 1960 5030 omne
1987 4974 2284 5027 humanum
2313 4978 2561 5038 vergeret
2592 4983 2784 5037 genus,
2829 4968 3117 5021 infirmatis
3144 4982 3249 5021 non
3292 4983 3374 5022 so-

1805 5068 1914 5121 lum
1947 5067 2033 5119 bis
2075 5064 2165 5132 qui
2201 5063 2545 5133 regebantur,
2593 5076 2780 5114 verum
2825 5060 2987 5112 etiam
3031 5059 3136 5112 illis
3175 5058 3373 5126 quilms

1809 5157 2029 5226 regendi
2078 5153 2257 5208 fuerat
2299 5151 2611 5207 sollicitudo
2655 5149 2962 5213 (ammissa,
2995 5165 3098 5203 non
3131 5147 3243 5215 jam
3280 5149 3369 5203 tali

1807 5247 2027 5312 auxilio,
2053 5260 2150 5301 nec
2177 5243 2444 5298 similibus
2476 5240 2587 5294 suis
2617 5239 2840 5306 itttlignit
2865 5237 3130 5294 defensori
3155 5253 3256 5302 ωδ,
3280 5239 3373 5292 sed

1801 5502 1998 5579 (39931}
2024 5514 2231 5579 3'30"
2776 5567 2786 5579 .
2872 5577 2879 5579 _
3038 5567 3053 5579 .
3103 5568 3121 5579 _.

1871 5570 1980 5641 (28)
2022 5566 2119 5623 Sie
2141 5587 2265 5622 mss.
2297 5566 2430 5641 Editi
2467 5582 2618 5641 vero,
2654 5584 2668 5615 ι
2703 5567 2997 5641 nolentes.»
3038 5567 3182 5622 infra
3214 5581 3372 5641 m_ss.,

1805 5661 1823 5692 ι
1855 5636 1974 5710 φιώ
2012 5641 2062 5693 in
2102 5643 2201 5693 hoc
2241 5639 2439 5716 Ill-ttulit)
2497 5637 2650 5690 ﬁunt.
2684 5656 2700 5687 ›
2753 5636 2932 5716 Editi,_
2961 5659 2976 5688 ς
3009 5655 3126 5705 quae
3176 5641 3227 5691 in
3268 5638 3368 5716 lto}:

1802 5707 2001 5764 munde
2041 5722 2187 5763 sunt-
2216 5728 2231 5759 ›
2280 5707 2445 5760 Paulo
2485 5717 2602 5774 post
2644 5723 2801 5768 mss,
2840 5726 2857 5756 α
2893 5710 3032 5761 sicut
3067 5719 3244 5761 autem
3287 5708 3366 5759 di—

1803 5782 1996 5837 ximus.
2025 5800 2040 5833 ι
2083 5781 2248 5847 Editi,
2284 5797 2299 5828 ι
2332 5780 2470 5834 sicut
2504 5788 2682 5832 autem
2717 5778 3038 5831 audivimus.
3072 5796 3088 5828 ι

2942 5938 3010 5995 11
