4136 6310
755 383 850 439 351

1971 377 2294 437 ORlGENlS
2325 381 2488 438 ΠΕΡΙ
2522 380 2755 441 ΔΡΧΩΝ

3885 393 3983 450 3δὶ

755 492 998 550 auctoris
1031 489 1198 560 ipsius
1242 495 1295 542 et
1327 486 1588 542 creatoris
1636 486 1717 542 sui
1769 501 1922 557 opem
1969 487 2313 558 depoposcit,
2347 494 2392 551 Α
2420 486 2660 558 subiecta
2687 491 2890 547 ruerint
2912 493 3014 549 sibi
3037 493 3240 563 omnia,
3268 512 3391 554 cum
3420 483 3512 556 res
3536 503 3777 558 omnium
3803 504 3984 568 fuerit.

751 587 844 659 qui
884 594 940 640 et
985 583 1070 638 bis
1112 579 1432 645 obediendi,
1478 587 1532 634 et
1583 576 1692 634 illis
1732 577 1950 649 regendi
2007 586 2319 646 corruptam

750 673 1143 746 profanamqne
1184 669 1497 723 restitueret
1539 667 1902 737 disciplinam.
1951 667 2101 724 Unde
2136 668 2322 738 unige-

754 767 903 822 nitus
934 762 1104 819 Filius
1133 753 1227 816 Dei
1260 759 1354 827 qui
1389 766 1506 813 erat
1549 755 1782 812 Verbum
1815 766 1869 812 et
1917 758 2180 827 sapientia
2219 757 2322 812 Pa-

753 860 871 922 tris,
897 872 1017 911 cum
1051 863 1194 909 esset
1228 853 1280 905 in
1313 865 1375 905 ea
1409 850 1576 921 gloria
1608 850 1748 919 apud
1783 849 1996 905 Patrem
2024 865 2186 920 quam
2225 850 2318 905 ba-

725 947 866 1000 .liuit
891 954 1175 1012 antequam
1224 942 1455 996 mundus
1489 946 1654 1003 esset,
1688 939 1985 994 exinanivit
2023 938 2176 1009 151
2231 953 2310 993 se.-

751 1037 1067 1104 metipsum,
1095 1045 1150 1089 et
1181 1035 1412 1089 formam
1446 1033 1586 1088 servi
1621 1033 1892 1101 accipiens
1927 1031 2160 1086 etiicitur
2187 1031 2316 1086 obe-

751 1131 902 1185 dicns
935 1141 1105 1198 usque
1154 1128 1221 1182 ad
1274 1135 1533 1193 mortem,
1585 1135 1643 1181 ut
1678 1125 2044 1181 obedientiam
2097 1125 2317 1181 doceret

749 1238 849 1280 eos
873 1223 961 1291 qui
1016 1237 1120 1276 non
1171 1221 1327 1276 aliter
1380 1219 1480 1274 nisi
1539 1234 1636 1289 per
1678 1219 2042 1275 obedientiam
2082 1218 2312 1275 salutem

745 1315 1003 1390 consequi
1053 1323 1342 1385 peterant;
1396 1311 1616 1380 regendi
1669 1325 1888 1382 quoque
1941 1312 2313 1380 regnandique

744 1415 1025 1476 corruptas
1054 1406 1291 1461 restituit
1322 1405 1488 1477 leges,
1520 1404 1648 1459 dum
1679 1413 1867 1459 omnes
1901 1402 2148 1458 inimicos
2183 1403 2311 1459 sub-

737 1498 867 1566 iecit
903 1497 1126 1568 pedibus
1154 1497 1286 1560 suis,
1313 1504 1372 1549 ut
1401 1510 1496 1564 per
1521 1495 1627 1550 hoc
1658 1495 1801 1563 quod
1830 1507 2052 1547 necesse
2082 1501 2164 1548 est
2187 1508 2308 1548 eum

742 1603 973 1659 regnare
1002 1588 1175 1643 donec
1215 1593 1380 1656 ponat
1412 1585 1659 1640 inimicos
1686 1599 1814 1638 suos
1858 1583 1957 1638 sub
1993 1583 2219 1651 pedibus
2255 1592 2309 1642 et

742 1677 1098 1732 novissimum
1133 1677 1411 1730 inimicum
1471 1676 1716 1729 destruat
1766 1684 2025 1741 mortem,
2066 1684 2306 1731 rectores

740 1769 887 1838 ipsos
925 1767 1147 1851 regendi
1181 1770 1372 1823 doceat
1413 1766 1805 1821 moderamina.
1838 1762 1975 1831 Quia
2024 1781 2152 1838 ergo
2195 1782 2301 1822 non

737 1861 913 1916 solum
964 1859 1217 1930 regendi,
1275 1853 1668 1928 vel'regnandi
1723 1855 1868 1927 (29),
1921 1871 2106 1911 verum
2139 1857 2302 1912 etiam

737 1951 1046 2014 obcdiendi,
1089 1960 1147 2004 ut
1180 1948 1419 2003 diximus
1442 1989 1456 2014 ,
1501 1961 1730 2002 venerat
1781 1962 2036 2017 reparare
2068 1948 2304 2019 discipli-

735 2061 891 2109 nam,
941 2044 992 2097 in
1044 2042 1333 2110 semetipso
1372 2040 1526 2110 prius
1575 2038 1851 2108 complens
1886 2040 2028 2109 quod
2070 2041 2141 2097 ab
2180 2042 2303 2109 aliis

734 2134 953 2189 volebat
984 2131 1215 2202 impleri,
1253 2130 1458 2185 idcirco
1484 2145 1588 2185 non
1635 2131 1810 2185 solum
1850 2145 2020 2199 usque
2050 2132 2118 2185 ad
2159 2147 2300 2187 mor-

740 2235 844 2280 tem
882 2225 1060 2279 crucis
1086 2223 1236 2277 Patri
1271 2221 1537 2282 obediens
1567 2219 1748 2277 factus
1775 2229 1879 2287 est,
1913 2237 2099 2278 verum
2140 2225 2299 2278 etiam

736 2318 789 2371 in
821 2315 1291 2372 consummatione
1319 2312 1500 2367 δίρρυιί
1534 2314 1588 2366 in
1620 2313 1912 2382 semetipso
1939 2315 2302 2386 complectens

732 2417 922 2458 omnes
959 2416 1097 2472 quos
1129 2397 1349 2466 subiicit
1383 2397 1552 2464 Patri,
1583 2407 1637 2452 et
1665 2399 1756 2468 qui
1791 2415 1887 2469 per
1924 2416 2048 2456 eum
2077 2403 2300 2457 veniunt

731 2494 801 2548 ad
836 2492 1090 2556 salutem,
1124 2503 1245 2544 cum
1279 2488 1409 2558 ipsis
1437 2496 1494 2542 et
1530 2488 1584 2541 in
1616 2488 1751 2558 ipsis
1783 2490 1898 2559 ipse
1927 2507 2141 2561 quoque
2171 2494 2297 2549 sub-

728 2586 906 2652 iectus
949 2581 1147 2637 dicitur
1173 2578 1323 2635 Patri
1353 2597 1366 2633 :
1399 2579 1524 2634 dum
1559 2580 1740 2634 omnia
1778 2580 1830 2635 in
1865 2583 1982 2651 ipso
2025 2592 2294 2650 constant,

729 2686 786 2734 et
821 2677 935 2745 ipse
966 2681 1051 2730 est
1083 2679 1246 2748 caput
1288 2671 1553 2739 omnium,
1596 2682 1650 2726 et
1679 2674 1732 2728 in
1779 2673 1898 2742 ipso
1927 2683 2010 2728 est
2058 2674 2205 2729 salus
2244 2684 2299 2729 et

677 2795 680 2798 ~
730 2767 958 2824 salutem
981 2765 1426 2836 consequentium
1455 2762 1731 2833 plenitudo
1751 2764 1888 2834 (50).
1916 2764 2026 2836 Hoc
2047 2780 2177 2836 ergo
2213 2775 2296 2821 cst

728 2861 874 2932 quod
916 2861 982 2915 de
1009 2875 1075 2915 eo
1108 2835 1242 2915 dicit
1271 2856 1562 2927 Apostolus
1594 2873 1606 2910 :
1650 2873 1668 2907 r
1699 2857 1831 2912 Cum
1862 2835 2039 2912 autem
2068 2835 2129 2913 ei
2162 2862 2294 2916 sub-

724 2955 868 3025 iecta
905 2953 1107 3009 iuerint
1138 2954 1341 3020 omnia,
1393 2963 1522 3008 tunc
1569 2962 1625 3007 et
1659 2952 1772 3021 ipse
1815 2949 1981 3004 Filius
2022 2952 2294 3021 subjectum

727 3047 832 3102 erit
862 3046 911 3101 ei
942 3046 1034 3116 qui
1066 3046 1170 3101 sibi
1214 3044 1454 3102 subdidit
1493 3043 1698 3108 omnia,
1744 3051 1802 3096 ut
1831 3045 1902 3098 sit
1934 3041 2075 3098 Deus
2114 3049 2320 3100 omnia'

727 3141 781 3195 in
811 3141 1061 3195 omnibus
1084 3138 1150 3193 “.
1182 3157 1202 3191 ι

802 3232 857 3286 7.
869 3226 1065 3286 Verum
1081 3229 1262 3286 nescio
1278 3243 1385 3300 quo
1408 3239 1564 3300 pacto
1580 3227 1814 3284 haeretici
1837 3244 1939 3282 nou
1960 3229 2070 3298 (51)
2094 3229 2290 3284 intelli-

724 3333 913 3396 gentes
943 3318 1179 3392 ApostOli
1223 3334 1445 3377 sensum
1493 3321 1582 3388 qui
1619 3320 1702 3374 his
1746 3320 1924 3375 verbis
1955 3323 2283 3390 continetur,

725 3414 1081 3484 subiectionis
1110 3412 1164 3466 in
1196 3411 1333 3468 Filio
1368 3397 1562 3466 nomen
1599 3411 1893 3480 infamant;
1927 3411 2078 3480 cujus
2107 3414 2288 3482 appel-

724 3504 945 3560 lationis
968 3504 1014 3558 si
1045 3501 1348 3572 praprietas
1383 3500 1704 3569 requiritur,
1725 3515 1788 3554 ex
1818 3502 2105 3556 contrariis
2128 3502 2288 3558 facile

719 3593 923 3667 poterit
960 3591 1218 3648 inveniri.
1266 3588 1400 3642 Nam
1449 3588 1494 3643 si
1544 3588 1846 3657 subjectum
1886 3605 2006 3646 esse
2057 3606 2162 3646 non
2205 3602 2288 3647 est

724 3687 946 3749 bonum,
975 3683 1146 3738 restat
1175 3688 1233 3734 ut
1258 3678 1388 3734 illud
1414 3678 1555 3748 quod
1589 3681 1920 3736 contrarium
1953 3689 2060 3746 est,
2087 3683 2284 3738 bonum

723 3778 814 3842 sit,
875 3777 928 3831 id
981 3784 1068 3831 est
1118 3787 1229 3828 non
1275 3785 1397 3827 esse
1442 3772 1767 3843 subjectum.
1805 3772 1998 3829 Sermo
2052 3789 2286 3844 namque

721 3867 964 3940 Apostoli
1019 3865 1312 3922 secundum
1360 3863 1503 3933 quod
1557 3857 1644 3916 isti
1663 3862 1890 3933 "volunt,
1941 3865 2040 3920 hoc
2072 3866 2285 3920 videtur

721 3958 1030 4021 ostendere,
1071 3957 1198 4012 dum
1247 3953 1425 4009 dicit:
1465 3973 1483 4006 ι
1522 3956 1657 4009 Cum
1709 3963 1892 4009 autem
1944 3955 1991 4009 ei
2041 3953 2280 4023 subiecta

715 4049 924 4105 fuerint
950 4049 1152 4114 omnia,
1185 4057 1316 4101 tunc
1344 4055 1400 4099 et
1434 4047 1550 4115 ipse
1585 4045 1755 4101 Filius
1796 4044 2071 4112 subjectus
2105 4046 2210 4099 erit
2233 4046 2280 4099 ei

718 4139 810 4214 qui
849 4139 951 4193 sibi
999 4137 1238 4193 subdidit
1275 4137 1454 4192 omnia
1491 4137 1556 4201 ’⁸,
1600 4156 1618 4189 ι
1665 4145 1722 4190 ut
1751 4135 1902 4204 quasi
1931 4136 1977 4188 is
2007 4135 2098 4203 qui
2140 4147 2282 4187 nunc

719 4230 866 4287 Patri
904 4230 1179 4297 subjectus
1208 4243 1316 4282 non
1363 4229 1459 4292 sit,
1508 4227 1781 4298 subjectus
1812 4226 2025 4280 futurus
2054 4226 2125 4279 sit
2154 4234 2281 4279 tunc

718 4333 841 4377 cum
873 4321 1028 4390 prius
1054 4318 1215 4373 Pater
1241 4318 1291 4372 ei
1324 4317 1574 4371 universa
1617 4315 1928 4383 subiecerit.
1975 4315 2080 4370 Sed
2115 4315 2281 4369 miror

718 4411 984 4483 quomodo
1012 4411 1115 4466 hoc
1144 4408 1373 4478 intelligi
1405 4407 1600 4477 possit,
1631 4416 1685 4460 ut
1716 4407 1761 4462 is
1792 4407 1882 4475 qui
1917 4408 2148 4462 nondum
2177 4407 2277 4461 sibi

717 4502 976 4572 subjectis
1002 4499 1251 4556 omnibus
1279 4515 1386 4554 non
1418 4508 1500 4554 est
1531 4500 1645 4568 ipse
1675 4497 1967 4568 subjectus,
2005 4508 2127 4552 tunc
2156 4512 2276 4553 cum

787 4634 1035 4690 “lCor.
1075 4631 1275 4697 ",28.
1353 4631 1398 4662 ⁸⁸
1424 4630 1556 4687 Ibid.

786 4774 898 4849 (29)
926 4773 1018 4828 Sic
1061 4787 1191 4827 mss.
1228 4770 1370 4849 Editi
1414 4783 1574 4849 vero,
1600 4785 1628 4849 ι.
1659 4765 1903 4849 docendi.
1939 4781 1962 4849 ρ
1995 4762 2161 4849 Paulo
2196 4763 2273 4849 in-

713 4836 982 4908 fra‘m'ssq
1017 4860 1037 4895 t
1072 4855 1208 4915 quos
1236 4838 1454 4904 subiicit
1487 4836 1630 4915 Patri
1655 4845 1716 4915 _et
1755 4836 1844 4915 qui
1892 4848 1986 4915 per
2028 4847 2273 4915 eum've-

714 4918 891 4971 uiunt.
928 4902 1028 4967 illi
1073 4902 1233 4966 editis
1283 4902 1380 4976 pro
1424 4926 1442 4958 r
1480 4905 1716 4976 subiicit,
1759 4902 1997 4976 {legitur
2035 4902 2273 4976 «subie—

712 4970 811 5049 cit,
847 5003 867 5036 ι
896 4994 950 5038 et
987 5001 1005 5034 ε
1043 4970 1326 5052 venerunt,
1358 4995 1375 5028 ι
1407 4991 1502 5046 pro
1539 4970 1898 5052 (veniunt.._i
1943 4970 2106 5052 Paulo
2155 4979 2274 5052 post.

715 5048 871 5116 mss.,
912 5071 931 5103 ί
966 5051 1145 5108 omnia
1198 5051 1249 5101 in
1303 5050 1418 5115 ipso
1447 5052 1693 5116 constant
1731 5050 1784 5116 ct
1830 5048 1942 5107 ipse
1988 5049 2070 5094 est
2112 5048 2273 5108 caput

713 5111 976 5187 omnium,
1006 5133 1061 5174 et
1086 5121 1140 5172 in
1166 5111 1576 5188 ipsogestsalus
1605 5111 1908 5188 et_salutem
1939 5122 2270 5188 consequen-

716 5193 846 5244 tiutu
890 5181 1240 5256 plenitudofa
1287 5185 1452 5247 Editi,
1485 5202 1503 5234 ι
1538 5181 2018 5256 omnia_constant
2062 5186 2115 5230 et
2160 5181 2272 5245 ipse

713 5269 800 5313 est
826 5250 1002 5326 caput.
1027 5260 1198 5312 Etiam
1231 5259 1345 5325 ipse
1374 5262 1456 5308 est
1484 5252 1647 5318 salus,
1669 5250 1899 5305 salutem
1931 5261 2268 5316 consequen-

716 5330 849 5383 tium
882 5328 1170 5394 plenitudo.
1208 5345 1228 5377 ι
1263 5393 1274 5394 7
1443 5363 1452 5394 τ

787 5385 896 5467 (soi
919 5395 1124 5467 videi.
1159 5410 1216 5448 ιιι
1245 5393 1568 5467 οιοῑειεηξιιη⁸2
1599 5404 1652 5458 q.
1680 5388 1768 5467 tt,
1801 5404 1861 5467 n_._
1880 5385 1963 5467 t6.

784 5455 1042 5538 (SliNon.
1063 5465 1212 5538 Hanc
1239 5455 1689 5538 pariiculam‘qua:
1708 5460 1758 5513 iu
1779 5458 1938 5538 editis
1964 5455 2166 5538 deerat,
2184 5466 2270 5538 re:

717 5524 950 5592 stituunt
969 5551 1099 5589 mss.
1127 5524 1293 5588 Pauio
1314 5532 1448 5584 infra
1483 5524 1634 5604 mss.,
1660 5547 1678 5580 ι
1704 5528 1992 5604 secundum
2017 5524 2267 5604 quod-isti

716 5608 921 5660 volunt.
957 5624 974 5654 ι
1003 5606 1055 5660 lu
1087 5605 1246 5659 editis
1281 5618 1376 5672 pro
1402 5619 1421 5652 σ
1453 5601 1634 5672 volunt
1664 5618 1682 5651 ι
1712 5598 1909 5672 legitur
1937 5595 2221 5672 .tndieunl..
2243 5610 2261 5642 ι

718 5677 882 5729 Paulo
910 5684 1026 5742 post
1053 5690 1180 5728 mss.
1210 5690 1224 5726 :
1262 5662 1381 5742 {Ut
1416 5669 1570 5738 quasi
1593 5669 1642 5742 is
1663 5662 1926 5742 qui'nuuc
1965 5662 2114 5742 Patri
2142 5662 2266 5724 sub-

720 5733 1058 5810 iectus-non
1107 5743 1210 5804 sit,
1265 5733 1540 5810 subiectus
1589 5733 1802 5810 futurus
1841 5733 1922 5810 sit.
1962 5739 2089 5810 tunc
2144 5747 2265 5786 cum

718 5801 868 5882 prius
896 5815 1053 5872 Pater
1092 5815 1162 5870 ei.
1198 5801 1219 5865 ᾧ
1250 5801 1410 5879 Edit'i,
1444 5827 1464 5862 ι
1499 5819 1554 5864 ut
1594 5806 1685 5876 qui
1725 5803 1878 5876 quasi
1911 5802 1956 5858 is
1984 5801 2075 5875 qui
2122 5815 2266 5858 nunc
2358 5822 2365 5828 ·

2424 590 2479 636 et
2508 590 2829 652 potestatem
2866 585 3103 640 tennerit
3135 588 3532 659 universorum,
3561 601 3689 650 tunc
3712 611 3836 652 eum
3860 599 3981 654 sub.

2373 686 2377 692 ’
2412 669 2709 740 iiciendum
2727 682 3075 757 putent,.cum
3090 675 3367 744 subiectus
3383 689 3509 737 ante
3531 699 3635 740 non
3664 685 3826 744 fuerit
3842 705 3858 754 ;
3877 705 3978 746 non

2421 760 2784 835 intelligentes
2811 766 3239 837 quod'subiectio
3260 769 3462 826 Christi
3493 773 3562 827 ad
3580 774 3792 833 Patrem
3816 783 3976 839 δεδιὶ-

2422 843 2889 914 tudinem-nostra:
2909 857 3545 936 perfectionisostendit,
3570 874 3623 921 et
3642 873 3876 942 suscepti
3914 874 3977 928 ab

2416 964 2481 1006 eo
2512 951 2692 1021 operis
2717 948 2953 1018 palmam.
2974 947 3236 1014 declara',
3263 965 3386 1005 cum
3415 967 3523 1034 non
3553 954 3730 1013 solum
3763 964 3973 1032 regendi

2416 1054 2480 1095 ac
2507 1039 2763 1108 regnandi
2794 1053 3060 1094 summam
3089 1053 3253 1108 quam
3296 1040 3352 1094 in
3377 1041 3686 1099 universam
3721 1050 3973 1105 emenda-

2391 1131 2556 1186 -verit
2589 1140 2920 1196 creaturam,
2951 1145 3138 1185 verum
3178 1130 3345 1184 etiam
3387 1132 3706 1193 obedientitc
3747 1147 3802 1195 et
3851 1141 3975 1198 sub-

2407 1222 2662 1291 iectionis
2701 1232 2944 1279 correcta
2987 1222 3100 1296 (52)
3134 1233 3490 1296 reparataqne
3517 1226 3735 1285 humani
3765 1233 3974 1300 generis
4031 1221 4035 1224 ’

2409 1315 2560 1371 Patri
2611 1313 2804 1370 offerat
2835 1315 3128 1398 instituta.
3181 1317 3238 1374 Si
3282 1331 3416 1388 ergo
3475 1318 3615 1375 bona
3659 1329 3716 1375 et
3777 1323 3974 1377 saluta-

2412 1412 2486 1466 ris
2542 1411 2807 1482 accipitur
2853 1413 2958 1467 ista
3004 1407 3271 1483 subiectio
3297 1429 3402 1484 qua
3450 1411 3722 1481 subjectus
3749 1430 3868 1470 esse
3894 1416 3971 1470 di-

2409 1503 2548 1557 citur
2577 1503 2746 1558 Filius
2766 1503 3046 1575 Patri‘(33)
3062 1541 3078 1568 ,
3106 1503 3260 1558 valde
3277 1518 3614 1573 consequens
3626 1512 3678 1558 et
3699 1506 3970 1561 cohaerens

2405 1602 2491 1650 est
2514 1603 2572 1649 ut
2602 1605 2656 1649 et
2683 1593 3022 1649 inimicorum
3047 1609 3167 1665 quae
3193 1583 3390 1650 dicitur
3413 1593 3551 1649 Filio
3577 1593 3672 1647 Dei
3703 1608 3822 1650 esse
3842 1597 3969 1650 sub-

2398 1685 2583 1758 iectio,
2623 1684 2879 1740 salutaris
2926 1687 3170 1754 quaedam
3221 1685 3554 1756 intelligatur
3599 1695 3654 1741 et
3697 1686 3877 1752 utilis;
3914 1697 3972 1740 ut

2405 1778 2545 1856 sicut
2571 1790 2693 1831 cum
2733 1775 2929 1835 dicitur
2981 1775 3155 1830 Filius
3200 1774 3346 1831 Patri
3385 1774 3678 1844 subiectus,
3728 1776 3969 1848 perlecta

2334 1845 2674 1921 Buniverste
2722 1873 2984 1919 creaturae
3033 1864 3305 1920 restitutio
3356 1864 3690 1929 declaratur.
3726 1845 3969 1921 itavcum

2404 1956 2547 2012 Filio.
2571 1955 2662 2012 Dei
2686 1954 2892 2011 inimici
2933 1955 3187 2010 dicuntur
3216 1970 3336 2012 esse
3355 1956 3729 2029 subiecti(34),
3757 1957 3970 2028 subjec-

2405 2057 2584 2102 torum
2617 2044 2766 2101 salus
2814 2045 2868 2126 in
2920 2060 2987 2100 eo
3016 2045 3362 2132 intelligatur
3401 2056 3454 2102 et
3491 2049 3758 2119 reparatio
3789 2050 3968 2120 perdi-

2405 2145 2600 2191 torum.

2471 2223 2525 2278 8.
2565 2221 2760 2278 Verum
2793 2221 2958 2302 certis
2987 2223 3289 2295 quibusque
3317 2234 3371 2280 et
3404 2227 3602 2301 modis.
3633 2241 3688 2284 et
3714 2229 3963 2302 discipli-

2400 2315 2505 2379 nis,
2534 2323 2591 2370 et
2618 2298 2948 2389 temporibus
2977 2313 3243 2382 subiectio
3283 2316 3385 2371 ista
3423 2299 3814 2389 cemplebitur;
3850 2298 3962 2378 non

2359 2468 2361 2471 ι
2401 2405 2724 2460 necessitate
2751 2403 2930 2482 aliqua
2965 2404 3032 2458 ad
3061 2404 3452 2477 subiectionem
3478 2421 3719 2482 cogente,
3760 2428 3826 2469 ne
3868 2429 3966 2485 per

2401 2501 2506 2555 vim
2537 2501 2785 2557 subditus
2828 2501 2922 2556 tiat
2954 2502 3410 2559 omnis-mundus
3456 2503 3588 2570 Deo,
3632 2504 3726 2560 sed
3769 2508 3960 2569 verbo,

2398 2592 2630 2657 ratione,
2661 2593 2928 2659 doctrina,
2971 2595 3359 2664 provocatione
3401 2595 3714 2659 meliorum,
3738 2594 3961 2650 institu-

2397 2682 2631 2738 tionibus
2655 2684 2895 2754 optimis,
2924 2683 3439 2741 comminationibus
3462 2699 3677 2755 quoque
3699 2685 3885 2755 dignis
3907 2694 3964 2740 et

2395 2775 2842 2843 competentibus,
2867 2775 3150 2843 quaajuste
3181 2775 3502 2830 immineant
3530 2775 3616 2829 his
3644 2776 3735 2846 qui
3760 2767 3960 2832 salutis

2396 2875 2448 2921 et
2480 2866 2733 2920 utilitatis
2778 2881 2887 2921 suae
2917 2881 3101 2922 curam
3145 2867 3543 2936 sanitatemque
3577 2875 3958 2923 contemnunt.

2396 2957 2633 3025 Denique
2663 2966 2717 3011 et
2747 2973 2844 3012 nos
2874 2957 3120 3014 homines
3159 2973 3280 3014 cum
3332 2958 3416 3011 vel
3459 2972 3666 3023 servos,
3692 2957 3776 3014 vel
3815 2959 3961 3013 ﬁlios

2393 3047 2686 3110 erudimus,
2718 3051 2845 3101 dum
2878 3033 3055 3104 adhuc
3088 3056 3436 3118 per'aitatem
3469 3049 3696 3103 rationis
3736 3049 3963 3119 incapa-

2393 3153 2481 3192 ces
2513 3147 2637 3192 sunt
2670 3138 2804 3209 (55),
2840 3139 2998 3194 minis
3028 3153 3121 3194 eos
3164 3147 3220 3193 et
3268 3146 3412 3191 metu
3452 3151 3799 3205 coercemus;
3831 3153 3960 3194 cum

2390 3245 2519 3284 vero
2553 3231 2698 3296 boni,
2724 3231 2868 3285 utilis
2891 3240 2942 3286 et
2980 3231 3191 3286 honesti
3229 3230 3644 3299 intelligentiam
3680 3231 3961 3301 ceperint,

2390 3331 2500 3375 tum
2523 3320 2634 3391 iam
2668 3330 2912 3376 cessante
2935 3323 3221 3376 verberum
3260 3329 3427 3386 metu,
3456 3322 3625 3376 verbo
3648 3336 3712 3376 ac
3744 3324 3962 3376 ratione

2389 3412 2534 3466 suasi
2565 3412 2632 3466 ad
2661 3412 2838 3465 omnia
2869 3427 2987 3480 qua:
3019 3399 3161 3466 bona
3207 3420 3352 3475 sunt,
3388 3403 3776 3481 acquiescunt.
3799 3413 3960 3480 Qno-

2389 3501 2547 3555 modo
2567 3509 2747 3554 autem
2778 3510 2987 3554 servata
3011 3499 3065 3554 in
3088 3501 3340 3556 omnibus
3364 3499 3775 3556 rationabilibus
3802 3515 3960 3556 crea-

2389 3590 2524 3645 turis
2559 3590 2766 3646 arbitrii
2811 3590 3057 3646 libertate
3091 3591 3463 3661 unusquisque
3496 3591 3691 3647 debeat
3726 3594 3963 3662 dispen-

2386 3681 2516 3742 sari,
2544 3681 2593 3734 id
2619 3689 2720 3745 est,
2745 3697 2880 3751 quos
2903 3681 3049 3736 velut
3065 3681 3176 3751 iam
3205 3691 3424 3752 paratos
3444 3691 3495 3738 et
3523 3697 3749 3751 capaces
3769 3699 3964 3738 sermo

2387 3771 2481 3826 Dei
2513 3781 2568 3848 et
2593 3771 2832 3826 inveniat
2860 3781 2914 3826 et
2939 3772 3209 3837 instituat,
3232 3786 3366 3841 quos
3390 3781 3567 3826 autem
3600 3771 3818 3830 interim
3853 3771 3966 3827 dif-

2385 3865 2547 3928 ferat,
2573 3877 2602 3915 a
2627 3863 2822 3933 quibus
2840 3877 2968 3916 vero
2993 3863 3206 3935 penitus
3231 3862 3554 3927 occultetur,
3581 3871 3631 3916 et
3665 3862 3831 3930 longe
3867 3878 3965 3917 eo-

2387 3968 2502 4008 rum
2535 3968 2563 4006 a
2604 3967 2662 4006 se
2695 3952 2810 4005 fieri
2845 3952 3121 4021 dispenset
3151 3949 3415 4017 auditum,
3448 3968 3691 4023 quosque
3730 3970 3961 4012 rursum

2385 4054 2789 4098 contemnentes
2821 4043 3115 4098 indicatum
3140 4043 3241 4097 sibi
3265 4051 3318 4097 et
3348 4043 3697 4114 praedicatum
3723 4045 3963 4101 verbum

2385 4134 2476 4187 Dei
2502 4133 2928 4200 correptionibus
2959 4134 3276 4202 quibusdam
3315 4141 3371 4188 et
3393 4133 3852 4202 castigationibus
3891 4138 3961 4192 il-

2383 4224 2504 4278 latis
2529 4234 2814 4295 pernrgcat
2839 4226 2905 4279 ad
2935 4224 3186 4294 salutem,
3208 4225 3728 4294 conversionemque
3753 4242 3960 4283 eorum

2381 4317 2776 4383 quodammodo
2805 4316 2985 4385 exigat
3013 4325 3065 4369 et
3093 4324 3441 4383 extorqueat;
3468 4317 3792 4382 quibusnam
3822 4334 3964 4374 vero

2384 4406 2547 4459 etiam
2592 4407 2906 4461 occasiones
2947 4407 3204 4475 quasdam
3251 4415 3467 4472 praestet
3508 4407 3719 4472 salutis,
3765 4409 3851 4464 ita
3900 4422 3963 4464 ut

2382 4495 2655 4550 interdum
2686 4495 2848 4549 etiam
2894 4507 2959 4549 ex
3004 4493 3356 4562 responsione
3404 4493 3516 4549 sola
3562 4495 3667 4564 [ide
3712 4496 3960 4573 probata

2379 4763 2521 4816 Patri
2553 4777 2658 4816 non
2693 4761 2764 4814 sit
2804 4759 3097 4826 subiectus,
3130 4759 3339 4830 futurus
3366 4760 3435 4814 sit
3463 4769 3586 4814 tunc
3627 4775 3750 4814 cum
3779 4758 3961 4815 Pater

2375 4835 2445 4887 ei.
2481 4851 2498 4884 ι
2530 4832 2672 4885 Infra
2708 4830 2831 4884 libb.
2861 4831 3010 4895 editi,
3046 4847 3064 4880 ‹
3098 4845 3258 4898 quam
3293 4832 3538 4884 universa
3565 4831 3961 4884 emendaverit

2373 4911 2640 4956 creatura.
2682 4917 2699 4951 ι
2735 4901 2826 4953 sed
2864 4913 2992 4954 mss.
3037 4908 3093 4954 ut
3141 4900 3192 4952 in
3239 4910 3419 4954 nostro
3451 4906 3618 4952 textu.
3655 4898 3833 4953 Forte
3872 4901 3956 4952 le-

2375 4972 2625 5041 gendum,
2661 4983 2761 5036 qua
2803 4969 3105 5041 universam
3135 4970 3898 5041 emendaverit‘creaturam.
3935 4989 3953 5018 ι

2443 5039 2554 5106 (52)
2590 5038 2868 5106 Reparala.
2902 5038 2989 5106 ita
3034 5053 3162 5091 mss.
3206 5038 3346 5106 Editi
3371 5046 3570 5100 autem,
3603 5054 3622 5086 ε
3660 5049 3894 5106 parata.
3933 5057 3952 5089 ο

2442 5103 2552 5230 (55)
2583 5108 2709 5161 Vide
2740 5105 2774 5158 Ι.
2807 5122 2843 5160 ιι
2878 5105 3199 5176 Origenian.,
3230 5124 3284 5175 q.
3317 5105 3401 5170 11,
3427 5121 3574 5159 num.
3607 5103 3693 5158 16.

2442 5179 2532 5230 (54
2585 5177 2744 5230 Cave.

2466 5179 2552 5231 54)
2585 5179 2744 5230 Cave.

2785 5262 2803 5294 ε
2841 5243 2963 5297 dum
2990 5244 3164 5316 adhuc
3192 5243 3435 5316 veritatis
3461 5256 3555 5316 per
3593 5250 3823 5297 nitatem
3863 5262 3958 5300 ra-

2371 5313 2839 5383 tioiiis'incapaces
2875 5323 3022 5366 Sunt.
3053 5331 3072 5365 ι
3102 5313 3207 5368 Sed
3249 5315 3299 5368 in
3333 5328 3460 5366 mss.
3501 5314 3650 5366 deest
3680 5332 3698 5363 r
3720 5317 3955 5383 verita-

2371 5390 2467 5442 tis:
2491 5404 2511 5438 ‹
2537 5381 2693 5454 quani
2713 5397 2894 5437 vocem
2920 5391 3102 5454 utpote
3116 5383 3204 5438 hic
3221 5384 3603 5454 redundalllem
3622 5381 3952 5454 QmiSimUB-

2369 5456 2532 5510 Paulo
2555 5451 2671 5524 post
2699 5468 2850 5515 mss.,
2882 5471 2900 5502 ε
2928 5453 3092 5524 verbo
3112 5453 3406 5524 aegratioue
3427 5451 3568 5524 suasi
3591 5453 3949 5524 adomnia.»

2368 5528 2530 5586 Alias,
2558 5521 2724 5579 verbo
2748 5538 2811 5576 ac
2840 5523 3044 5576 ratione
3080 5536 3174 5574 sua
3215 5523 3277 5574 ad
3306 5521 3505 5576 omnia.
3537 5539 3554 5571 ι
3592 5521 3736 5574 Infra
3780 5538 3955 5589 mss.,

2375 5613 2393 5646 ι
2434 5595 2742 5649 occasiones
2790 5593 3046 5657 quasdam
3098 5600 3330 5658 praestet.
3377 5608 3397 5642 ι
3440 5589 3494 5643 In
3540 5592 3704 5644 editis
3757 5593 3952 5655 deest,

2370 5684 2390 5718 t
2430 5666 2706 5735 quasdam.
2745 5682 2768 5735 Δι
2804 5660 3128 5735 Ρδυιοχὶηΐινδ
3172 5675 3324 5726 mss.,
3355 5677 3377 5735 μ
3410 5660 3590 5735 gloria
3637 5659 3693 5711 in
3724 5670 3952 5719 aeterm

2368 5728 2574 5791 saecula.
2619 5754 2640 5789 ι
2673 5733 2839 5797 Alias,
2881 5749 2898 5782 ι
2929 5731 3094 5801 gloria
3124 5740 3319 5786 reterns
3353 5728 3651 5785 in’smcula.
3689 5747 3708 5779 ι
