4136 6310
186 449 296 505 53/7

1533 453 1735 512 LIBER
1776 454 2098 515 TERTIUS.

3342 465 3445 520 538

185 571 500 642 perioribus
531 589 824 630 occurrere
848 590 945 645 po-
1023 576 1130 630 Nec
1147 576 1244 630 hoc
1263 579 1605 646 ignorantium
1629 581 1763 650 quod
1799 582 1840 639 A
1871 594 1996 656 rum.
2033 586 2204 634 status
2231 578 2504 634 vocaverit
2529 585 2583 631 et
2604 577 2855 632 meritum
2903 579 3244 636 rationabilis
3278 593 3440 635 natu-

188 675 950 740 tuerunt.pertractataatque
1022 670 1204 723 multm
1237 672 1578 727 rationabiles
1624 689 1771 726 crea-

186 758 400 828 digesta
429 770 575 816 sunt.
1021 771 1156 818 tura:
1197 781 1357 834 usque
1393 767 1462 818 ad
1488 767 1769 820 secundum

187 861 239 903 et
276 851 489 904 tertium
537 861 584 906 et
625 861 873 922 quartum
903 854 1153 908 mundum
1198 867 1394 910 terrent
1433 859 1767 927 principium,

189 959 287 996 nec
331 945 615 997 mutationi
658 945 712 998 in
742 961 793 999 se
833 945 1002 998 locum
1046 947 1312 1011 tribuant;
1354 949 1475 1001 alite
1509 965 1622 1002 vero
1664 960 1768 1002 tant

187 1051 381 1102 parum
409 1035 473 1090 de
501 1037 720 1104 pristino
745 1047 888 1091 statu
918 1039 1194 1092 omissuro:
1234 1041 1368 1103 sint,
1402 1049 1456 1092 ut
1486 1057 1612 1108 pene
1640 1043 1770 1095 nihil

187 1128 484 1194 perdidisse
533 1128 828 1191 uideantur,
878 1140 923 1183 et
969 1130 1234 1183 nonnun
1277 1132 1466 1199 grandi
1511 1133 1668 1185 ruina
1716 1135 1769 1185 in

188 1219 435 1274 ultimum
464 1224 858 1289 prtvcipitandte
890 1223 991 1276 sint
1024 1224 1350 1278 barathrum.
1390 1222 1643 1293 Novitque
1662 1223 1769 1279 dis-

180 1323 438 1383 pensator
494 1317 725 1368 omnium
754 1315 887 1369 Deus
911 1317 965 1368 in
994 1318 1288 1370 conditione
1313 1318 1620 1372 mundorum
1651 1323 1764 1372 sin-

185 1407 328 1476 gulis
356 1407 502 1458 abuti
526 1407 683 1472 iuxta
709 1409 949 1460 meritum
987 1418 1032 1461 et
1068 1411 1483 1477 opportunitates
1508 1421 1554 1464 et
1579 1428 1766 1465 causa:

185 1499 377 1567 quibus
404 1501 589 1552 mundi
609 1501 962 1569 gubernacula
988 1507 1355 1554 sustentantur
1377 1515 1421 1554 et
1448 1504 1723 1555 initiantur
1747 1519 1762 1555 :

188 1591 376 1660 utqui
425 1608 603 1644 omnes
653 1593 826 1645 vicerit
876 1594 1129 1664 nequitia,
1179 1603 1225 1648 et
1261 1594 1466 1663 penitus
1505 1611 1560 1648 se
1613 1605 1764 1648 terra:

187 1681 558 1749 coa'quaverit,
589 1681 644 1734 in
690 1682 795 1735 alio
846 1684 1040 1737 mundo
1081 1685 1171 1752 qui
1209 1696 1388 1755 postea
1423 1685 1761 1753 fabricandas

185 1783 284 1836 est,
318 1775 413 1841 [int
456 1776 719 1841 diabolus,
768 1778 1080 1845 principium
1114 1779 1480 1848 plasmationis
1533 1780 1759 1847 Domini,

186 1875 240 1915 ut
272 1866 532 1919 illudatur
578 1868 627 1920 ei
670 1869 733 1920 ab
776 1869 974 1937 angelis
1005 1872 1093 1938 qui
1138 1872 1342 1924 exordii
1383 1873 1602 1925 amisere
1659 1875 1763 1926 vir-

185 1966 374 2012 tutent.

258 2052 314 2104 4.
349 2051 499 2105 Nunc
539 2067 669 2105 vero
699 2054 952 2120 quoniam
993 2054 1132 2124 apud
1171 2055 1486 2123 Apostolum
1528 2060 1760 2112 mentio-

187 2156 314 2195 nem
357 2141 620 2210 spiritalis
661 2145 910 2210 corporis
945 2145 1293 2220 invenimus,_
1327 2148 1559 2216 qualiter
1599 2152 1760 2205 etiam

185 2233 318 2288 inde
348 2234 534 2288 sentiri
561 2236 754 2288 debeat
786 2237 852 2289 de
881 2236 1006 2302 hoc,
1040 2242 1418 2294 tantummodo
1447 2253 1609 2309 prout
1645 2258 1764 2312 pos-

184 2339 381 2378 sumus
433 2324 792 2392 requiramus.
842 2327 1112 2392 Quanturn
1164 2343 1294 2395 ergo
1339 2324 1535 2382 sensus
1579 2339 1764 2384 noster

181 2428 390 2481 capere
420 2425 614 2482 potest,
648 2417 970 2485 qualitatem
1019 2419 1279 2484 spiritalis
1321 2421 1566 2489 corporis
1601 2421 1761 2474 talem

182 2507 479 2576 quamdam
507 2523 629 2562 esse
655 2509 950 2583 sentimus,
995 2509 1047 2562 in
1092 2525 1200 2578 quo
1232 2510 1539 2566 inhabitare
1577 2510 1764 2565 deceat

183 2614 302 2652 non
353 2598 522 2651 solum
570 2609 787 2656 sanctas
824 2616 1066 2671 quasque
1114 2603 1489 2672 perfectasque
1534 2605 1759 2672 animas,

182 2704 386 2744 verum
409 2690 572 2745 etiam
601 2707 815 2747 omnem
849 2693 992 2747 illam
1023 2703 1329 2748 creaturam
1355 2711 1475 2764 quae
1511 2696 1762 2750 liberabi-

183 2790 282 2837 tur
317 2796 346 2835 a
376 2783 636 2838 servitute
672 2786 1060 2853 corruptionis.
1091 2785 1162 2838 De
1186 2800 1415 2853 corpore
1446 2787 1610 2842 etiam
1638 2787 1762 2842 illud

179 2871 480 2940 Apostolus
510 2872 642 2928 dixit
670 2891 682 2926 :
715 2892 733 2924 ι
768 2874 992 2929 Domum
1033 2877 1295 2929 habemus
1327 2891 1434 2930 non
1485 2892 1646 2931 manu
1692 2879 1765 2933 fa-
1786 2879 1808 2886 '

179 2970 360 3027 ctam,
391 2972 646 3016 aeternam
697 2964 748 3016 in
771 2964 929 3019 caelis
962 2965 1028 3030 ⁶¹,
1073 2985 1090 3017 ι
1119 2965 1169 3018 id
1195 2973 1276 3019 est
1304 2966 1355 3019 in
1391 2968 1764 3025 mansionibus

178 3056 496 3110 beatorum.
530 3055 606 3109 Ex
643 3055 746 3111 hoc
795 3070 925 3125 ergo
984 3057 1358 3125 conjecturam
1407 3058 1518 3129 (49)
1571 3075 1764 3129 capere

178 3162 501 3217 possumus,
559 3158 775 3218 quanta:
811 3149 1109 3219 puritatis,
1163 3159 1378 3220 quantae
1425 3143 1769 3219 subtilitatis,

179 3246 515 3307 quantmque
563 3238 753 3309 glorias
799 3240 873 3294 sit
921 3237 1156 3308 qualitas
1204 3242 1450 3311 corporis
1490 3239 1668 3306 illius,
1717 3245 1760 3300 si

1880 687 1954 726 ra:
1981 671 2304 741 poposcerit.
2327 670 2566 742 Denique
2596 687 2717 726 cum
2752 673 3011 727 varietate
3037 683 3092 726 et
3130 674 3447 728 diversitate

1878 767 2108 820 numdus
2151 765 2403 833 indiguit,
2435 780 2531 834 per
2563 766 2806 822 diversas
2871 781 3052 819 rerum
3108 764 3278 821 facies
3321 782 3447 836 Spe-

1877 861 2094 927 ciesque
2124 857 2268 910 omni
2288 855 2544 910 famulatu
2568 860 2802 927 praebuit
2829 875 2888 914 se
2912 858 3133 912 materia
3151 858 3442 923 conditori,

1877 960 2063 1019 utpote
2101 948 2329 1004 Domino
2358 959 2412 1002 et
2458 952 2690 1006 creatori
2723 967 2841 1018 suo,
2877 967 2985 1020 quo
3013 952 3250 1004 diversas
3279 950 3444 1006 cccle-

1875 1041 2039 1096 stium
2073 1053 2522 1110 terrenorumque
2552 1056 2615 1094 ex
2653 1055 2716 1096 ea
2764 1041 2986 1095 duceret
3025 1040 3251 1096 formas.
3305 1041 3443 1096 Cum

1875 1147 2004 1186 vero
2033 1146 2118 1187 res
2145 1133 2210 1186 ad
2258 1132 2389 1185 illud
2419 1125 2687 1202 coeperint
2727 1133 2985 1188 festinare
3017 1143 3076 1187 ut
3108 1135 3215 1190 sint
3257 1149 3443 1190 omnes

1878 1240 2063 1288 unum,
2093 1225 2234 1278 sicut
2269 1233 2354 1278 cst
2389 1223 2549 1276 Pater
2574 1239 2697 1276 eum
2727 1223 2862 1277 Filio
2892 1240 3074 1288 unum,
3107 1240 3445 1295 consequen-

1876 1325 1955 1369 ter
1981 1315 2204 1384 intelligi
2244 1314 2418 1377 datur,
2447 1313 2589 1383 quod
2622 1314 2710 1368 ubi
2741 1329 2930 1368 omnes
2969 1329 3134 1367 unum
3161 1323 3304 1378 sunt,
3331 1313 3441 1382 jam
3510 1332 3512 1335 ·

1872 1409 2162 1462 diversitas
2187 1423 2290 1461 non
2328 1407 2457 1460 erit.

1944 1502 1994 1556 5.
2026 1500 2316 1569 PrOpterea
2348 1513 2579 1567 namque
2624 1497 2736 1570 (52)
2788 1498 2950 1550 etiam
2993 1495 3312 1551 novissimus
3344 1495 3445 1551 inl-

1872 1593 2045 1648 micus
2076 1590 2210 1664 (55),
2245 1590 2336 1660 qui
2376 1606 2521 1645 mors
2552 1589 2874 1658 appellatur,
2903 1588 3104 1641 destrui
3135 1587 3354 1652 dicitur,
3388 1597 3444 1640 ut

1872 1701 2048 1754 neque
2080 1685 2217 1738 ultra
2253 1681 2408 1738 triste
2438 1683 2509 1736 sit
2552 1682 2751 1751 aliquid
2791 1681 2878 1733 ubi
2923 1696 3067 1734 mors
3101 1697 3203 1734 non
3234 1689 3335 1739 est.
3359 1695 3444 1735 ne-

1871 1793 1973 1847 que
2010 1777 2300 1830 adversum
2354 1774 2445 1837 sit,
2499 1774 2584 1828 ubi
2631 1790 2732 1827 non
2777 1781 2860 1826 est
2902 1771 3172 1825 inimicus.
3227 1769 3440 1825 Destrui

1871 1884 2001 1923 sane
2031 1867 2357 1921 noviSsimns
2399 1865 2654 1918 inimicus
2682 1864 2756 1916 ita
2788 1863 3163 1932 intelligendus
3193 1871 3296 1926 est,
3335 1877 3440 1916 non

1870 1970 1923 2013 ut
1972 1959 2270 2013 substantia
2302 1955 2417 2023 ejus
2448 1970 2569 2025 quae
2617 1968 2644 2007 a
2680 1955 2788 2008 Deo
2823 1955 2960 2008 facta
2991 1962 3071 2009 est
3097 1963 3302 2024 pereat,
3325 1952 3442 2008 .scd

1869 2054 1931 2102 ut
1963 2046 2293 2116 propositum
2330 2053 2384 2096 et
2431 2045 2677 2098 voluntas
2717 2044 2953 2108 inimica,
2977 2059 3093 2112 qua:
3129 2059 3233 2097 non
3259 2059 3286 2097 a
3315 2043 3440 2108 Deo,

1871 2142 1961 2196 sed
1994 2141 2062 2195 ab
2099 2142 2214 2209 ipso
2241 2138 2527 2216 processit,
2565 2137 2812 2189 intercal.
2845 2136 3165 2191 Destruelur
3188 2152 3316 2207 ergo
3341 2149 3442 2193 non

1871 2243 1930 2288 ut
1969 2249 2072 2288 non
2105 2234 2194 2296 sit,
2227 2237 2319 2286 sed
2359 2239 2416 2284 ut
2463 2227 2716 2282 inimicus
2759 2242 2861 2280 non
2899 2228 2966 2281 sit
3011 2239 3064 2282 et
3096 2245 3261 2282 mors.
3300 2227 3444 2282 Nihil

1869 2326 2011 2380 enim
2040 2322 2404 2393 Omnipotenti
2459 2318 2794 2390 impossibile
2845 2329 2947 2383 est,
2995 2335 3092 2374 nec
3145 2320 3445 2374 insanabile

1869 2426 1953 2469 est
1977 2413 2183 2483 aliquid
2217 2413 2410 2469 l‘actori
2442 2428 2575 2478 suo;
2607 2420 2892 2482 propterea
2925 2410 3068 2464 enim
3099 2411 3226 2465 fecit
3252 2408 3438 2465 omnia

1871 2517 1928 2558 ut
1955 2516 2160 2576 essent,
2186 2515 2240 2560 et
2265 2521 2384 2576 quae
2408 2505 2550 2560 facta
2577 2515 2703 2560 sunt
2734 2514 2789 2558 ut
2823 2517 3028 2570 essent,
3059 2521 3162 2559 non
3185 2521 3306 2560 esse
3336 2519 3442 2559 non

1871 2607 2116 2668 possunt.
2141 2598 2366 2670 Propter
2395 2601 2537 2667 quod
2568 2598 2996 2652 immutationem
3024 2599 3240 2667 quidem
3262 2597 3442 2650 varie-

1874 2697 2145 2759 tatemque
2178 2692 2464 2760 recipient,
2490 2693 2562 2746 ita
2581 2701 2639 2747 ut
2668 2706 2766 2762 pro
2798 2691 3005 2745 meritis
3039 2691 3120 2745 vel
3146 2690 3198 2743 in
3232 2689 3442 2745 meliori

1872 2780 1951 2833 vel
1980 2781 2034 2834 in
2061 2782 2316 2836 deteriori
2346 2784 2648 2838 habeantur
2670 2794 2846 2849 statu;
2877 2783 3284 2838 substantialem
3315 2798 3443 2837 vero

1873 2872 2148 2927 interitum
2183 2888 2246 2927 ea
2283 2889 2405 2944 quae
2433 2891 2462 2928 a
2496 2876 2605 2932 Deo
2637 2878 2702 2931 ad
2742 2879 2842 2932 hoc
2865 2877 3004 2930 facta
3033 2885 3232 2931 suntut
3261 2886 3442 2931 essent

1871 2974 1924 3021 et
1977 2975 2378 3034 permanerent,
2418 2967 2658 3035 recipere
2705 2985 2808 3023 non
2858 2977 3102 3038 possunt.
3136 2967 3249 3022 Non
3301 2968 3443 3024 enim

1871 3074 1990 3128 qua:
2044 3060 2304 3129 opinione
2350 3059 2490 3129 vulgi
2550 3061 2776 3116 interire
2826 3058 3144 3124 creduntur,
3191 3063 3444 3116 continuo

1869 3152 2037 3206 etiam
2067 3149 2151 3204 vel
2190 3149 2312 3221 ﬁdei
2355 3150 2438 3204 vel
2482 3152 2732 3207 veritatis
2768 3142 2907 3206 ratio
2943 3165 3005 3205 ea
3039 3151 3262 3205 interire
3310 3168 3440 3206 cou-

1871 3242 2124 3296 senserit.
2177 3241 2420 3311 Denique
2468 3256 2604 3295 caro
2634 3251 2816 3296 nostra
2841 3240 2910 3294 ab
2950 3241 3216 3310 imperitis
3243 3252 3296 3296 et
3325 3241 3444 3295 inll-

179 3303 650 3398 oomparationem
684 3303 951 3388 faciamus
968 3333 1084 3403 ejus
1113 3333 1180 3387 ad
1213 3348 1275 3388 ea
1303 3303 1427 3403 quin
1454 3350 1619 3400 npnc,
1645 3303 1769 3393 licet
1795 3303 1838 3362 θ
1873 3331 2084 3385 delibus
2117 3332 2188 3386 ita
2234 3341 2355 3400 post
2400 3342 2631 3385 mortem
2682 3330 2930 3398 deperire
2971 3329 3336 3395 existimatur,
3387 3341 3446 3386 ut

177 3420 435 3476 caelestia
468 3425 576 3478 sint
601 3435 656 3479 et
686 3415 1121 3494 splendidissima
1150 3441 1403 3498 corpora,
1431 3445 1592 3483 manu
1627 3428 1764 3485 facta

179 3519 376 3565 tamen
401 3523 525 3566 sunt
555 3524 610 3568 et
641 3515 894 3570 visibilia.
929 3514 1112 3569 Deillo
1136 3526 1318 3571 autem
1348 3517 1550 3572 dicitur
1577 3521 1766 3575 domus

179 3617 313 3659 esse
358 3619 465 3658 non
502 3622 659 3660 manu
705 3606 872 3672 facta,
907 3607 1001 3662 sed
1052 3615 1252 3661 aeterna
1298 3609 1352 3662 in
1403 3611 1576 3665 ctelis.
1629 3610 1762 3678 Quia

179 3710 320 3765 ergo
362 3714 381 3746 ι
429 3710 548 3764 qua:
579 3697 832 3753 videntur
882 3698 1196 3766 temporalia
1241 3708 1388 3764 sunt,
1432 3717 1554 3770 quae
1583 3712 1763 3758 autem

184 3801 302 3841 non
326 3786 597 3852 videntur,
633 3797 833 3844 aeterna
875 3790 1034 3862 154
1065 3798 1189 3844 sunt
1224 3789 1294 3854 “,
1341 3809 1358 3841 ι
1398 3793 1650 3848 onmibus
1683 3794 1766 3851 his

179 3878 533 3948 corporibus,
568 3895 688 3948 qua:
730 3883 842 3937 sive
881 3884 933 3936 in
975 3881 1158 3944 terris,
1187 3881 1306 3959 sive.
1333 3882 1384 3935 in
1433 3883 1585 3938 caelis
1617 3887 1764 3940 vide—

181 3988 332 4036 mus,
359 3982 415 4025 et
442 3986 563 4041 quae
596 3973 768 4027 videri
822 3985 1066 4044 possunt,
1110 3983 1163 4026 et
1213 3961 1372 4026 manu
1426 3973 1564 4028 iacta
1614 3988 1764 4044 sunt,

179 4075 238 4116 et
271 4073 473 4117 teterna
524 4077 631 4117 non
680 4075 826 4130 sunt,
879 4066 1043 4120 multa
1093 4067 1251 4136 longe
1287 4065 1594 4134 prtelatione
1625 4083 1762 4137 prte-

178 4155 335 4209 cellit
367 4155 502 4210 illud
533 4157 675 4224 quod
723 4166 778 4210 et
803 4157 1015 4212 visibile
1042 4167 1276 4220 nonest,
1325 4171 1424 4210 nec
1464 4173 1624 4212 manu
1685 4158 1763 4212 fa-

177 4257 332 4302 ctum
384 4259 490 4315 est,
517 4250 611 4303 sed
656 4259 918 4304 aeternum
949 4259 1052 4306 cst.
1086 4249 1158 4303 Ex
1203 4264 1307 4319 qua
1357 4250 1765 4318 comparatione

174 4341 389 4408 conjici
424 4341 538 4413 (50)
563 4349 741 4410 potest
765 4352 1005 4410 quantus
1022 4345 1204 4416 decor,
1227 4349 1464 4411 quantus
1486 4341 1760 4409 splendor,

175 4441 427 4499 quantus
457 4430 636 4500 fulgor
664 4432 996 4504 sitcorporis
1022 4432 1315 4504 spiritalis;
1346 4441 1400 4484 et
1427 4447 1614 4485 verum
1643 4447 1762 4488 esse
1788 4480 1790 4483 ,

177 4522 318 4577 illud
352 4523 496 4592 quod
521 4524 723 4578 dictum
758 4537 862 4586 est.
897 4527 1021 4594 quia
1065 4543 1085 4576 ι
1131 4523 1317 4579 oculus
1344 4537 1450 4575 non
1477 4524 1632 4588 vidit,
1662 4539 1760 4578 nec

177 4613 337 4668 auris
372 4613 599 4678 audivit,
651 4630 750 4670 nec
801 4615 854 4668 in
897 4631 995 4670 cor
1043 4615 1278 4669 hominis
1321 4616 1586 4680 ascendit,
1642 4630 1762 4684 quas

175 4705 517 4777 praeparavit
546 4704 682 4770 Deus
709 4705 1054 4772 diligentibus
1081 4707 1224 4760 illum
1245 4706 1310 4759 ⁸³.
1355 4726 1372 4759 ι
1420 4706 1533 4761 Non
1580 4715 1757 4759 autem

174 4797 549 4856 dubitandum
598 4807 678 4852 est
707 4797 817 4870 (5|)
848 4810 1094 4854 naturam
1131 4799 1374 4868 corporis
1400 4799 1556 4867 hujus
1587 4800 1758 4853 nostri

174 4895 466 4948 voluntate
504 4889 596 4944 Dei
628 4891 718 4960 qui
767 4891 932 4944 talem
963 4891 1091 4947 fecit
1130 4906 1272 4954 eam,
1307 4907 1478 4961 usque
1521 4892 1586 4944 ad
1617 4891 1759 4944 illam

171 4987 505 5057 qualitatem
534 4983 870 5038 subtilissi-ni
916 4992 970 5037 ct
1010 4985 1285 5052 purissimi
1327 4999 1388 5038 ac
1430 4984 1758 5053 Splendidis-

178 5079 305 5137 simi
338 5078 590 5140 carperis
622 5090 779 5147 posse
807 5065 856 5129 a‘
878 5075 1135 5131 Creatore
1166 5075 1412 5144 perduci,
1468 5083 1626 5144 prout
1675 5090 1760 5129 re-

1873 3423 2008 3476 nihil
2035 3437 2268 3491 prorsus,
2291 3423 2561 3493 reliquum
2594 3423 2911 3478 substantia
2939 3439 3049 3479 sua:
3094 3426 3292 3480 habere
3326 3439 3445 3479 cre-

1872 3514 2050 3567 datur.
2077 3511 2183 3568 Nos
2213 3529 2342 3568 vero
2376 3512 2487 3585 (54)
2523 3514 2611 3583 qui
2647 3515 3099 3570 resurrectionem
3126 3515 3241 3584 ejus
3270 3517 3445 3572 credi-

1871 3619 2011 3670 mus,
2046 3606 2476 3659 immntationem
2519 3606 2638 3674 ejus
2683 3608 3054 3662 tantummodo
3085 3623 3178 3677 per
3214 3617 3442 3666 mortem

1873 3696 2069 3750 factam
2103 3696 2478 3764 intelligimus,
2513 3698 2880 3753 substantiam
2930 3715 3054 3754 vero
3086 3701 3201 3769 ejus
3235 3708 3442 3756 certum

1872 3797 1954 3844 est
1979 3803 2320 3858 permanere,
2369 3798 2424 3843 et
2457 3790 2738 3845 voluntate
2774 3791 3048 3847 Creatoris
3083 3794 3162 3847 sui
3188 3802 3445 3864 certoque

1873 3891 2115 3950 tempore
2161 3895 2348 3934 rursus
2404 3881 2642 3949 reparari
2696 3881 2762 3934 ad
2809 3882 2999 3949 vitam,
3043 3892 3203 3952 atque
3248 3883 3441 3939 iterum

1872 3971 2328 4042 permutationem
2358 3971 2476 4040 ejus
2529 3972 2671 4035 ﬁeri,
2715 3982 2772 4025 ut
2815 3988 2934 4042 qua:
2965 3975 3140 4043 primo
3168 3974 3268 4030 luit
3314 3991 3446 4030 caro

1871 4079 1936 4118 ex
1973 4074 2116 4119 terra
2149 4074 2381 4128 terrena,
2417 4071 2526 4117 tum
2561 4064 2757 4119 deinde
2785 4065 3044 4120 dissoluta
3073 4083 3164 4136 per
3191 4076 3442 4137 mortem,

1871 4167 1921 4211 et
1957 4158 2150 4211 iterum
2185 4156 2319 4211 facta
2348 4157 2484 4211 cinis
2514 4171 2578 4210 ac
2616 4167 2776 4221 terra,
2815 4174 2835 4208 ι
2873 4157 3137 4223 Quoniam
3174 4169 3313 4227 terra
3362 4177 3442 4228 es,

1871 4247 2070 4316 inquit,
2102 4247 2231 4301 etin
2268 4256 2468 4299 terram
2515 4245 2616 4299 ibis
2662 4243 2728 4306 “,
2773 4261 2792 4295 ι
2828 4259 3040 4298 rursum
3087 4246 3443 4302 resuscitetur
3478 4232 3483 4237 ’

1869 4351 2087 4408 eterra,
2111 4350 2163 4396 et
2186 4349 2308 4410 post
2331 4339 2430 4394 hoc
2451 4339 2589 4408 jam,
2622 4348 2780 4408 prout
2805 4339 3054 4391 meritum
3085 4338 3441 4395 inhabitantis

1854 4433 2064 4487 anima:
2092 4431 2415 4502 poposcerit,
2449 4431 2499 4484 in
2531 4429 2759 4501 gloriam
2793 4430 3036 4499 corporis
3053 4427 3306 4498 proliciat
3332 4431 3444 4500 spi-

1870 4524 2062 4580 ritalis.
2466 4567 2470 4571 .

1939 4613 1992 4666 6.
2027 4612 2083 4665 In
2119 4613 2260 4665 hunc
2307 4626 2437 4680 ergo
2480 4619 2676 4664 statum
2722 4622 2941 4664 omnem
3000 4610 3140 4663 hanc
3201 4618 3439 4664 nostram

1864 4701 2218 4754 substantiam
2239 4699 2573 4768 corporalem
2601 4699 2897 4769 putandum
2917 4709 2998 4754 est
3022 4700 3436 4768 perducendum,

1866 4801 1991 4845 tunc
2019 4807 2138 4845 cum
2161 4793 2346 4846 omnia
2384 4793 2754 4856 restituentur,
2791 4802 2851 4846 ut
2887 4807 3052 4845 unum
3078 4793 3202 4851 sint,
3239 4798 3293 4844 et
3315 4804 3437 4844 cum

1864 4884 2002 4937 Deus
2035 4883 2194 4937 fuerit
2221 4885 2400 4938 omnia
2426 4883 2478 4937 in
2507 4885 2778 4937 omnibus.
2808 4883 2959 4949 Quod
2989 4893 3164 4935 tamen
3190 4881 3298 4950 (55)
3325 4896 3432 4936 non

1862 4978 1927 5031 ad
1958 4979 2192 5032 subitqu
2236 4979 2371 5042 ﬁeri,
2401 4980 2492 5032 sed
2521 4976 2777 5046 paulatim
2808 4986 2863 5030 et
2894 4991 2990 5044 per
3016 4983 3196 5045 partes
3231 4975 3432 5029 intelli-

1863 5071 2094 5141 gendum
2132 5083 2235 5137 est,
2269 5072 2491 5125 inﬁnitis
2519 5079 2572 5123 et
2613 5069 2896 5124 immensis
2930 5068 3232 5125 labentibus
3262 5082 3430 5122 saecuo

253 5238 296 5270 “
329 5232 376 5286 ΙΙ
394 5234 596 5296 Conv,
623 5239 671 5292 l.
749 5236 793 5269 "
828 5235 869 5291 ll
891 5236 1012 5291 Cor.
1050 5251 1120 5300 tv,
1158 5234 1239 5288 l8.
1291 5233 1336 5264 ⁸³
1367 5232 1380 5286 Ι
1415 5233 1537 5287 Cor.
1567 5247 1624 5296 ll,
1660 5231 1712 5284 9.

1869 5232 1968 5286 Leu.
2007 5246 2089 5296 ιιι,
2122 5231 2205 5285 l9.

253 5375 373 5448 (49)
419 5371 812 5443 Conjecturam.
841 5376 1056 5447 Optime
1092 5391 1221 5431 mss.
1253 5374 1394 5431 Male
1447 5371 1599 5437 editi,
1630 5388 1648 5423 ι
1699 5379 1752 5426 et

178 5459 497 5504 censuram.
539 5462 557 5495 ι

253 5513 375 5586 (50)
408 5514 500 5586 _S_ic
531 5528 660 5586 mss.
690 5513 828 5586 E_ditl
872 5517 1151 5582 mendose,
1197 5535 1214 5567 ‹
1253 5514 1518 5583 convinci.
1550 5531 1569 5563 ›

143 5602 170 5662 ’1
401 5582 540 5662 Eme
567 5583 603 5636 ιο
635 5583 1040 5662 "_0"'g_eni_an.,
1075 5602 1128 5653 q.
1171 5586 1224 5650 9,
1263 5603 1315 5639 n.
1349 5586 1398 5638 7.

251 5657 375 5729 (ὃὲ)
399 5655 490 5709 Sic
523 5654 744 5729 mss._ln
767 5656 928 5729 editis'
950 5658 1100 5729 deest
1145 5675 1163 5706 ι
1201 5669 1452 5729 namque,
1492 5672 1508 5703 ι
1556 5662 1609 5729 et
1633 5661 1754 5729 pos:

242 5723 522 5790 inimicus,
559 5745 577 5777 ι
613 5726 866 5779 additur:
901 5727 933 5775 ἰ
981 5727 1030 5778 id
1076 5734 1160 5778 est
1208 5723 1470 5778 diabolus.
1528 5743 1546 5775 ι
1589 5723 1753 5776 Paulo

173 5811 304 5868 post
351 5812 506 5861 mss.,
545 5814 563 5847 ‹
594 5795 810 5865 propter
837 5796 978 5866 quod
1004 5795 1435 5868 immutationem
1449 5796 1697 5868 quidem.
1726 5813 1742 5844 ν

170 5864 350 5932 Editi,
380 5885 398 5918 ι
431 5864 715 5937 propterea
753 5864 1356 5937 tittifatiOtieuiquidem.
1398 5883 1416 5914 ι
1447 5864 1563 5937 Mox
1592 5879 1747 5927 mss.,

178 5961 196 5989 ι
243 5934 572 6011 ιιιιεεεύυύ
602 5941 668 5995 ad
711 5939 813 5995 hoc
857 5937 1000 5994 facta
1043 5934 1186 5994 sunt.
1233 5954 1251 5988 ι
1291 5935 1345 5990 lu
1397 5934 1555 5991 editis
1602 5937 1750 5990 deest
1811 5988 1818 5994 _

1863 5389 1881 5421 ι
1915 5371 1977 5423 ad
2012 5369 2135 5421 hoc.
2173 5386 2189 5416 ι
2220 5365 2346 5420 Post
2382 5363 2654 5432 paululum
2689 5380 2848 5429 mss.,
2888 5382 2906 5415 ι
2953 5363 3175 5417 interire
3204 5363 3432 5417 credun-

1861 5452 1966 5494 tur.
2005 5459 2021 5488 ι
2045 5437 2206 5501 Editi,
2233 5453 2250 5486 ι
2285 5435 2506 5488 interire
2531 5435 2801 5489 dicuntur.
2827 5453 2844 5485 ι
2877 5433 3016 5488 Infra
3045 5448 3199 5495 mss.,
3236 5451 3254 5483 ι
3277 5442 3430 5503 prout

1827 5506 1839 5519 ⁴
1862 5510 2232 5573 meritum”...
2269 5506 2600 5573 poposcerit,
2637 5506 2688 5558 in
2724 5504 2954 5573 gloriam
2997 5504 3242 5572 corporis
3275 5503 3431 5571 proii-

1860 5581 1968 5634 ciat
2000 5576 2282 5644 spiritalis.
2323 5594 2341 5625 ›
2371 5575 2540 5641 Editi,
2570 5595 2588 5628 ι
2623 5576 2768 5632 velut
2801 5575 3124 5644 meritum...
3178 5587 3430 5644 peposce-

1863 5651 1956 5713 rit.
1985 5643 2036 5699 in
2060 5646 2228 5715 gloria
2261 5647 2510 5715 corporis
2544 5645 2787 5714 prbliciet
2811 5643 3094 5715 spiritalis.
3128 5662 3148 5694 ι

1931 5717 2044 5788 (53)
2069 5714 2200 5788 Vide
2225 5715 2258 5768 Ι.
2291 5731 2326 5770 II
2368 5714 2700 5786 0rigenian.,
2733 5729 2785 5783 q.
2831 5714 2917 5778 Η,
2954 5728 3006 5766 ιι.
3040 5714 3132 5778 18,
3150 5724 3204 5766 et
3237 5718 3426 5781 quant.

1857 5786 2202 5927 5,(|?|i:il)"iliidt.
2222 5855 2256 5909 l.
2287 5872 2324 5910 It
2359 5856 2694 5927 Origenian.,
2721 5858 2911 5921 quzest.
2945 5850 2999 5917 9,
3027 5863 3176 5927 num.
3199 5847 3252 5900 6ο

1948 5859 2032 5927 Si)
2064 5859 2190 5911 Vide
2222 5859 2256 5909 l.
2287 5872 2324 5910 It
2359 5859 2694 5924 0rigenian.,
2721 5859 2911 5921 quzest.
2945 5859 2999 5917 9,
3027 5863 3176 5906 num.
3199 5859 3252 5900 δ.

1923 5859 2036 6001 (35)
2081 5925 2210 5985 Vide
2251 5927 2288 5984 Ι.
2342 5942 2380 5982 ιι
2411 5924 2748 5998 0rigenian.,
2783 5933 2976 5992 quasi.
3025 5921 3112 5985 Η,
3142 5933 3289 5976 pum.
3340 5916 3414 5970 to.
