4136 6310
731 463 840 522 333

1947 453 2272 514 ORIGENIS
2304 443 2482 508 ΠΕΡΙ-
2497 449 2724 507 ΔΡΧΩΝ

3852 439 3965 498 340

731 581 820 649 lis,
855 596 974 636 cum
999 582 1196 637 sensim
1228 590 1281 636 et
1309 579 2014 654 persingnlosxemeudatio
2054 579 2216 640 fuerit
2240 588 2293 632 et
2326 583 2366 640 Α
2396 573 2757 644 dijudicetnr;
2792 569 2865 625 ita
2889 567 3050 625 etiam
3075 568 3143 623 de
3169 563 3413 636 corporis
3443 561 3959 654 statusentiendum

728 674 995 730 correctio
1013 683 1321 745 prosecuta,
1351 675 1801 745 praeurreutibus
1830 672 1954 728 aliis
1970 682 2023 727 et
2041 670 2290 728 velociori

726 783 891 826 cursu
930 770 996 822 ad
1045 782 1285 823 summa
1316 767 1679 831 tendentibus,
1728 767 1850 822 aliis
1890 780 2018 820 vero
2045 765 2294 836 proximo

724 875 937 932 quoque
961 860 1134 931 spatio
1161 858 1586 930 insequentibus,
1625 867 1734 914 tum
1761 857 1952 912 deinde
1977 857 2099 912 aliis
2137 856 2294 926 longe

724 951 1016 1021 posterius,
1057 959 1111 1006 et
1140 950 1216 1006 sic
1241 964 1337 1019 per
1385 949 1582 1004 mullos
1627 956 1682 1003 et
1725 948 2032 1004 innumeros
2076 947 2295 1003 ordines

723 1043 1115 1112 proficientium
1154 1059 1215 1099 ac
1242 1045 1350 1100 Deo
1374 1055 1434 1098 se
1462 1057 1528 1097 ex
1565 1040 1801 1096 inimicis
1829 1038 2291 1096 reconciliantium

723 1134 1029 1204 pervenitur
1054 1149 1222 1199 usque
1248 1135 1312 1187 ad
1345 1130 1695 1186 novissimum
1731 1129 2006 1184 inimicum
2039 1128 2132 1198 qui
2160 1127 2295 1181 dici-

722 1233 811 1278 tur
833 1238 999 1290 mors,
1042 1232 1100 1277 ut
1139 1222 1302 1278 etiam
1332 1221 1448 1293 ipse
1480 1221 1789 1275 destruatur
1816 1233 1884 1274 ne
1913 1216 2047 1272 ultra
2077 1217 2146 1270 sit
2186 1216 2290 1270 ini-

720 1315 910 1371 micus.
946 1314 1078 1370 Cum
1121 1328 1250 1385 ergo
1286 1313 1549 1369 restituta:
1582 1311 1785 1367 fuerint
1827 1324 2018 1365 omnes
2053 1310 2292 1362 rationa-

719 1406 854 1461 biles
881 1409 1072 1460 animte
1124 1406 1176 1460 in
1228 1405 1594 1477 hujuscemodi
1655 1412 1876 1467 statum,
1928 1409 2053 1456 tunc
2098 1407 2288 1455 natura

716 1499 880 1554 etiam
909 1494 1063 1565 hujus
1092 1498 1337 1566 corporis
1365 1495 1532 1552 nostri
1565 1492 1676 1568 (56)
1711 1493 1766 1548 in
1807 1491 2072 1564 spiritalis
2096 1496 2291 1568 corpo-

718 1590 797 1644 ris
817 1588 1042 1658 gloriam
1067 1588 1414 1658 perducetur.
1441 1586 1594 1641 Sicut
1623 1586 1765 1640 cutim
1791 1586 1857 1639 de
1881 1583 2300 1662 rationabilibus

717 1680 924 1735 naturis
968 1679 1235 1747 videmus,
1267 1693 1374 1732 non
1421 1677 1555 1731 alias
1584 1691 1704 1732 esse
1740 1687 1860 1747 qua:
1908 1691 2007 1745 pro
2050 1673 2288 1746 peccatis

715 1775 768 1828 in
796 1773 1113 1844 indignitate
1140 1773 1396 1835 vixerint,
1428 1781 1483 1825 ct
1529 1771 1664 1826 alias
1695 1786 1814 1840 quze
1858 1785 1955 1841 pro
1985 1769 2190 1825 meritis
2222 1770 2289 1823 ad

714 1866 1096 1922 beatitudinem
1134 1865 1368 1918 invitata:
1392 1864 1518 1926 sint,
1542 1859 1634 1917 sed
1670 1863 1767 1918 llas
1785 1863 1998 1918 easdem
2022 1877 2143 1932 qua?
2163 1870 2288 1916 ante

2393 673 2496 721 est.
2529 661 2672 733 quod
2712 660 2886 731 ipsum
2914 657 3054 713 idem
3095 671 3291 728 corpus
3316 654 3460 725 quod
3487 668 3627 709 nunc
3652 668 3754 722 pro
3790 651 3959 708 mini-

2394 754 2562 811 sterio
2600 752 2793 808 anima
2831 757 3190 819 nuncupatum
3221 754 3306 803 est
3343 744 3595 813 animale,
3628 759 3726 815 per
3767 741 3953 815 profo-

2394 845 2875 916 ctumquemdam,
2896 861 3020 901 cum
3049 843 3230 913 anima
3259 841 3508 914 adjuncta
3532 839 3642 897 Deo
3670 854 3808 897 unus
3829 854 3957 898 cum

2392 955 2459 996 eo
2499 939 2938 1017 spiritus_,fuerit
2970 935 3183 1003 electa,
3213 935 3325 1004 jam
3375 944 3500 989 tunc
3548 947 3745 1010 corpus
3798 932 3961 1002 quasi

2393 1032 2606 1101 spiritui
2641 1031 2956 1089 ministratus
2985 1029 3040 1085 in
3077 1035 3279 1084 statum
3324 1017 3747 1096 qualitatemque
3781 1023 3948 1093 proli-

2393 1127 2500 1182 ciat
2533 1116 2857 1198 spiritalem,
2903 1123 3135 1178 maxime
3177 1134 3324 1184 cum,
3355 1123 3498 1175 sicut
3534 1131 3675 1189 saepe
3713 1116 3958 1174 ostendi-

2393 1233 2536 1286 mus,
2583 1215 2704 1273 talis
2733 1211 3085 1273 aGonditore
3135 1210 3280 1268 facta
3315 1211 3388 1267 sit
3429 1219 3621 1265 natura
3664 1222 3955 1279 corporea,

2391 1320 2451 1364 ut
2478 1310 2530 1364 in
2564 1320 2947 1378 quamcunque
2980 1291 3341 1370 voluerit,'vel
3367 1314 3454 1356 res
3489 1298 3795 1372 poposcerit
3819 1313 3962 1369 qua-

2391 1401 2615 1467 litatem,
2645 1397 2802 1453 facile
2828 1397 3209 1464 subsequatur.

2460 1493 2514 1547 7.
2541 1489 2728 1546 Omnis
2761 1489 2925 1559 igitur
2963 1489 3078 1542 btec
3127 1485 3266 1542 ratio
3312 1486 3417 1540 hoc
3468 1482 3751 1550 coutinet’,
3802 1478 3958 1550 quod

2389 1584 2528 1639 duas
2565 1579 2846 1654 generales
2873 1569 3100 1635 naturas
3140 1576 3444 1634 condiderit
3467 1577 3609 1632 Deus
3637 1591 3652 1629 :
3686 1581 3941 1629 naturam

2389 1675 2685 1740 visibilem,
2720 1671 2773 1727 id
2801 1681 2886 1727 est
2931 1683 3284 1741 corpoream,
3320 1677 3374 1724 et
3403 1678 3651 1723 naturam
3701 1663 3954 1720 invisibi-

2389 1767 2516 1834 lem,
2567 1781 2691 1838 qua:
2719 1774 2804 1820 est
2848 1765 3186 1833 incorporea.
3220 1761 3346 1818 istae
3383 1775 3512 1815 vero
3561 1759 3684 1814 dua:
3732 1765 3947 1811 natura

2391 1856 2636 1911 diversas
2682 1853 2766 1910 sui
2800 1852 3072 1922 recipiunt
3123 1851 3576 1921 pet-mutationes.
3603 1846 3697 1901 Illa
3729 1845 3953 1915 quidem

715 1956 930 2012 fuerant
972 1957 1323 2025 peccatrices,
1362 1923 1655 2010 conversas
1701 1923 2060 2024 postmodum:
2095 1937 2288 2008 etill)eo
2324 1923 2366 1976 Β
2395 1946 2679 2004 invisibilis
2706 1960 2825 2017 quae
2847 1943 3181 2000 rationabilis
3205 1953 3310 2008 est,
3345 1935 3960 2022 animo’propositoque

715 2047 1087 2102 reconciliatas
1141 2046 1389 2100 videmus
1439 2045 1505 2099 ad
1557 2044 1945 2099 beatitudinem
2003 2041 2284 2121 revocari;

716 2139 788 2192 ita
841 2139 1001 2193 etiam
1051 2137 1115 2192 de
1145 2146 1339 2191 natura
1365 2137 1603 2206 corporis
1637 2134 1974 2191 sentiendum
2028 2140 2108 2188 est
2149 2130 2282 2203 (57),

713 2232 852 2299 quod
884 2245 985 2284 non
1010 2230 1154 2285 aliud
1189 2243 1385 2299 corpus
1413 2237 1496 2283 est
1535 2242 1642 2298 quo
1675 2241 1816 2281 nunc
1846 2225 1898 2279 in
1950 2224 2286 2294 ignobilitate

711 2333 766 2378 et
788 2323 840 2376 iu
863 2322 1205 2393 corruptione
1226 2329 1281 2376 ct
1312 2318 1629 2374 inﬁrmitate
1653 2319 1878 2381 utimur,
1911 2325 1966 2369 et
1998 2315 2143 2368 aliud
2178 2316 2284 2369 erit

713 2409 841 2465 llud
871 2422 977 2480 q'uo
1002 2409 1055 2463 in
1095 2407 1526 2477 incorruptione,
1554 2415 1610 2460 et
1647 2406 1698 2459 in
1743 2396 1964 2469 virtute,
1997 2415 2051 2459 et
2088 2405 2140 2458 in
2166 2404 2284 2475 glo-

713 2504 792 2556 ria
823 2511 1074 2567 utemur;
1105 2501 1197 2555 sed
1224 2501 1326 2555 hoc
1351 2500 1490 2554 idem
1521 2496 1743 2566 abiectis
1766 2496 2281 2554 Itis.iniirmitatibus

711 2594 764 2648 i
797 2594 994 2662 quibus
1023 2607 1164 2647 nunc
1200 2600 1302 2658 est,
1351 2592 1400 2645 in
1432 2590 1659 2659 gloriam
1693 2590 2147 2645 transmutabitur
2168 2593 2280 2659 spi-

712 2685 871 2739 ritale
905 2684 1176 2750 elfectuut,
1212 2692 1269 2736 ut
1309 2684 1450 2751 qttod
1501 2681 1601 2736 fuit
1646 2681 1982 2753 indignitatis
2025 2697 2143 2749 vas,
2177 2684 2279 2737 hoc

709 2775 884 2846 ipsum
914 2785 1268 2844 expurgatum
1310 2773 1401 2829 fiat
1447 2787 1538 2827 vas
1577 2772 1805 2843 honoris.
1836 2780 1889 2827 et
1925 2773 2278 2828 beatitudinis

712 2864 1100 2922 habitaculum.
1149 2865 1206 2919 lu
1261 2879 1368 2935 quo
1414 2873 1555 2920 statu
1604 2863 1767 2918 etiam
1822 2861 1932 2936 (58)
1961 2877 2282 2936 permanere

711 2970 925 3026 semper
967 2966 1021 3011 et
1073 2934 1476 3011 immutabiliter
1528 2954 1801 3010 Creatoris
1834 2934 2134 3008 Vvoluntate
2161 2934 2280 3006 {est

712 3049 1062 3117 credendum,
1108 3048 1266 3103 iidem
1317 3047 1393 3102 rei
1439 3047 1670 3102 faciente
1720 3046 1988 3102 sententia
2038 3042 2278 3112 Apostoli

712 3134 976 3196 dicentis:
1021 3160 1040 3193 ι
1099 3140 1321 3196 Domum
1368 3140 1633 3195 habemus
1683 3154 1789 3192 non
1843 3153 2001 3192 manu
2051 3134 2277 3202 factam,

709 3242 968 3287 aternam
1027 3232 1138 3305 (59)
1169 3234 1220 3287 in
1272 3233 1427 3288 ctelis
1454 3234 1524 3286 ⁸⁵.
1569 3253 1588 3287 ι
1623 3230 1736 3287 Νοη
1777 3233 1920 3287 enim
1949 3230 2273 3285 'secundunt

710 3319 971 3389 quosdam
1003 3319 1316 3376 Grecorum
1347 3319 1698 3391 philosophos
1720 3317 2055 3392 prmter‘ltoc
2080 3335 2278 3390 corpus

711 3410 853 3480 quod
875 3411 939 3494 ex
966 3423 1196 3482 quatuor
1208 3411 1492 3468 elementis
1515 3423 1619 3479 est,
1648 3413 1786 3477 aliud
1811 3412 2058 3482 quintum
2083 3427 2280 3482 corpus

710 3505 852 3573 quod
886 3520 982 3575 per
1001 3505 1178 3560 omnia
1213 3505 1357 3562 aliud
1385 3505 1455 3559 sit
1480 3513 1535 3558 et
1567 3505 1837 3559 diversum
1860 3503 1928 3558 ab
1959 3505 2061 3559 hoc
2094 3514 2279 3561 nostro

710 3605 960 3658 corpore,
996 3592 1128 3646 lides
1155 3589 1410 3645 Ecclesiae
1439 3590 1629 3652 recipit
1661 3608 1675 3644 :
1713 3591 1966 3660 quoniam
1995 3606 2170 3662 neque
2212 3606 2276 3647 ex

714 3680 1012 3750 Scripturis
1039 3681 1239 3737 sanctis
1260 3681 1341 3736 vel
1382 3682 1745 3751 suspicionem
1770 3682 2002 3753 aliquam
2037 3683 2281 3769 proferre

712 3778 780 3832 de
805 3776 892 3830 his
922 3774 1045 3844 quis
1073 3783 1266 3844 potest,
1314 3789 1487 3845 neque
1517 3774 1632 3846 ipsa
1664 3790 1843 3832 rerum
1887 3777 2276 3846 consequentia

714 3863 830 3921 haec
867 3865 1032 3936 recipi
1058 3866 1280 3936 patitur,
1308 3867 1539 3922 maxime
1564 3882 1684 3923 cum
1733 3867 2019 3924 manifeste
2059 3867 2281 3922 definiat

711 3968 933 4014 sanctus
973 3958 1276 4028 Apostolus,
1307 3962 1433 4030 quia
1480 3974 1584 4014 non
1626 3974 1764 4015 nova
1815 3959 2000 4029 aliqua
2043 3973 2276 4028 corpora

708 4051 1122 4119 resurgentibus
1156 4068 1185 4104 a
1219 4051 1444 4106 mortuis
1485 4051 1703 4117 dentur,
1736 4051 1828 4106 sed
1862 4053 1979 4106 haec
2015 4051 2127 4120 ipsa
2154 4064 2273 4118 qua:

713 4141 952 4198 viventes
979 4141 1301 4207 habuerant,
1321 4157 1387 4197 ex
1408 4143 1762 4199 deterioribus
1784 4144 1835 4197 in
1866 4142 2058 4198 melius
2089 4152 2268 4196 trans-

714 4231 948 4288 formata
999 4234 1283 4303 recipiant.
1314 4234 1403 4288 Ait
1434 4235 1576 4289 enim
1608 4252 1623 4290 :
1661 4253 1680 4286 ι
1713 4233 2026 4290 Seminatur
2074 4246 2275 4301 corpus

713 4325 972 4390 animale,
1013 4335 1258 4394 resurget
1287 4340 1484 4396 corpus
1512 4325 1831 4396 Spirituale;
1870 4325 2172 4379 seminatur
2219 4323 2272 4377 in

712 4418 1075 4486 corruptione,
1107 4416 1263 4486 155
1289 4426 1530 4488 resurget
1559 4419 1611 4472 in
1646 4409 2086 4486 incorruptione;
2119 4415 2276 4469 semi-

713 4518 877 4564 natur
915 4510 969 4562 in
998 4508 1327 4579 infirmitate,
1367 4518 1612 4579 resurget
1641 4511 1692 4562 in
1721 4511 1947 4576 virtute;
1976 4509 2275 4564 seminatur

2393 2049 2631 2096 mutatur
2659 2053 2756 2109 pro
2789 2052 2855 2093 eo
2889 2037 3035 2112 quod
3074 2034 3288 2092 arbitrii
3338 2031 3422 2090 sui
3457 2031 3710 2088 libertate
3748 2020 3954 2087 donata

2391 2142 2509 2198 est;
2544 2142 2600 2186 et
2630 2145 2728 2202 per
2754 2130 2857 2185 hoc
2903 2127 3197 2200 aliquando
3239 2125 3298 2181 in
3341 2118 3524 2192 bonis,
3565 2124 3860 2194 aliquando
3897 2121 3954 2174 iu

2392 2223 2688 2280 contrariis
2737 2221 3032 2279 invenitur.
3081 2212 3207 2274 Hoc
3257 2229 3388 2272 vero
3438 2223 3631 2272 natura
3682 2227 3954 2283 corporea

2390 2315 2810 2374 substantialem
2841 2313 3036 2385 recipit
3077 2310 3568 2383 permutationem;
3597 2305 3740 2362 unde
3782 2314 3839 2360 et
3886 2305 3956 2359 ad

2387 2424 2548 2466 omne
2580 2409 2724 2474 quod
2781 2405 3007 2473 moliri,
3057 2404 3141 2460 vel
3187 2403 3480 2468 fabricare,
3519 2399 3606 2456 vel
3653 2406 3963 2454 retractare

2387 2494 2614 2559 voluerit
2646 2499 2843 2555 artifex
2873 2493 3112 2554 omnium
3140 2497 3302 2560 Deus.
3331 2494 3573 2555 materia:
3601 2490 3762 2562 hujus
3789 2489 3958 2545 habet

2326 2582 2332 2585 ’
2389 2593 2442 2647 in
2475 2591 2727 2647 omnibus
2761 2588 3100 2654 famulatum,
3135 2585 3194 2642 ut
3223 2586 3276 2641 in
3298 2595 3649 2654 quascunque
3693 2582 3807 2637 vult
3839 2580 3958 2636 for-

2386 2700 2504 2741 mas
2528 2684 2608 2738 vel
2637 2682 2865 2753 species,
2896 2690 3257 2753 proutrerum
3296 2678 3483 2733 merita
3506 2677 3827 2747 deposcunt,
3863 2687 3958 2730 na-

2388 2785 2564 2840 turam
2616 2788 2938 2843 corpoream
2977 2780 3303 2827 transmutet
3344 2779 3400 2825 et
3445 2765 3958 2834 transferat.th

2385 2865 2666 2922 evidenter
2689 2864 2950 2934 propheta
2996 2863 3291 2936 designans
3327 2861 3402 2916 ait
3431 2879 3486 2915 ε(
3509 2861 3652 2917 Deus
3689 2858 3781 2930 qui
3813 2857 3958 2917 facit

2385 2960 2563 3014 omnia
2591 2968 2646 3014 et
2675 2965 3026 3014 transmutat.
3058 2974 3077 3008 ι

2410 3122 2413 3124 _
2453 3049 2506 3105 8.
2538 3048 2656 3106 Jam
2703 3064 2836 3106 sane
2867 3048 2995 3103 illud
3027 3047 3378 3118 quaerendum
3415 3055 3521 3112 est,
3566 3044 3610 3100 si
3655 3051 3787 3100 tunc
3819 3057 3956 3099 cum

2383 3140 2488 3196 erit
2524 3140 2668 3197 Deus
2720 3141 2902 3196 omnia
2952 3138 3008 3194 in
3053 3137 3327 3208 omnibus,
3386 3138 3439 3193 in
3486 3136 3958 3192 consummatione

2382 3233 2625 3290 omnium
2657 3232 2914 3287 universa
2943 3229 3188 3300 corporis
3219 3237 3410 3284 natura
3440 3243 3543 3282 una
3580 3227 3763 3297 specie
3809 3240 3954 3281 con-

2380 3325 2566 3392 stabit,
2601 3332 2657 3381 et
2678 3323 2858 3379 omnis
2889 3321 3124 3391 qualitas
3154 3321 3403 3392 corporis
3430 3318 3523 3374 illa
3553 3318 3668 3374 sola
3697 3318 3803 3373 erit
3823 3333 3954 3389 qua

2380 3416 2434 3471 in
2469 3415 2560 3470 illa
2606 3411 2953 3469 inenarrabili
2985 3413 3157 3484 gloria
3199 3411 3453 3481 fulgebit,
3496 3425 3615 3481 quae
3663 3409 3935 3481 spiritalis

2379 3508 2622 3574 corporis
2653 3505 2830 3605 futur’a
2866 3521 2987 3563 esse
3018 3506 3299 3563 sentienda
3345 3515 3450 3560 est.
3490 3502 3549 3559 Si
3589 3503 3734 3559 enim
3783 3514 3945 3560 recte

2380 3599 2700 3668 accipimus,
2732 3599 2781 3653 id
2803 3594 2808 3605 ’
2830 3600 2882 3653 in
2914 3599 3072 3654 initio
3119 3599 3241 3654 libri
3275 3597 3358 3652 sui
3389 3594 3602 3667 Moyses
3635 3596 3829 3652 scribit
3851 3596 3944 3650 dic

2379 3707 2508 3746 cens
2531 3708 2546 3748 :
2570 3711 2587 3741 ι
2608 3689 2663 3744 1η
2678 3692 2951 3761 principio
2967 3691 3096 3746 fecit
3126 3691 3268 3745 Deus
3293 3688 3484 3744 calum
3515 3697 3570 3743 et
3603 3698 3800 3743 terram
3828 3686 3941 3740 ".s

2382 3783 2493 3838 Hoc
2527 3783 2671 3836 enim
2698 3782 3022 3852 principium
3052 3779 3217 3835 totius
3241 3788 3537 3845 creaturae;
3568 3779 3634 3847 ad
3667 3779 3768 3834 hoc
3789 3778 3951 3847 prin-

2377 3875 2579 3943 cipium
2612 3874 2770 3930 linem
2805 3874 3046 3931 omnium
3077 3872 3703 3943 consummationemque
3733 3882 3950 3926 conve-

2378 3963 2456 4018 nit
2493 3972 2798 4040 ‘revocare:
2838 3965 2891 4020 id
2921 3972 3006 4020 est
3050 3970 3110 4018 ut
3141 3961 3272 4018 illud
3302 3962 3522 4038 ctelum,
3555 3972 3612 4019 et
3641 3961 3730 4017 illa
3766 3969 3944 4026 terra,

2378 4052 2642 4109 habitatio
2681 4065 2735 4109 et
2760 4054 2977 4124 requies
3001 4053 3074 4109 sit
3098 4053 3309 4124 piorum
3336 4070 3351 4120 ;
3383 4053 3460 4108 ita
3505 4060 3566 4107 ut
3594 4047 3744 4122 prius
3773 4059 3944 4109 terra

2377 4142 2524 4199 illius
2551 4146 2726 4200 sancti
2768 4147 2971 4216 quique
3000 4153 3055 4201 et
3100 4145 3365 4199 mansueti
3412 4145 3787 4200 hzereditatem
3834 4158 3942 4200 ca-

2376 4236 2548 4305 piant,
2575 4237 3019 4308 quandoquidem.
3040 4236 3144 4291 hoc
3163 4237 3325 4292 etiam
3355 4236 3458 4298 lex,
3486 4245 3540 4291 et
3563 4235 3858 4307 prophetae,
3881 4247 3947 4292 et

2375 4324 2723 4395 Evangelium
2755 4328 2972 4409 docent.
3026 4326 3083 4381 ln
3116 4341 3222 4395 qua
3266 4336 3406 4380 terra
3441 4335 3572 4396 puto
3621 4339 3743 4382 esse
3770 4341 3944 4382 veras

2321 4419 2325 4427 '
2375 4415 2496 4472 illas
2512 4426 2568 4472 et
2588 4419 2737 4473 vivas
2767 4420 2969 4474 formas
2987 4418 3131 4472 illius
3155 4416 3518 4471 observantiae
3539 4431 3698 4487 quam
3722 4415 3944 4488 Moyses

2375 4522 2470 4576 per
2495 4508 2631 4580 legis
2659 4512 2903 4571 umbram
2951 4508 3218 4565 tradebat.
3262 4508 3338 4562 De
3364 4509 3560 4578 quibus
3581 4508 3938 4575 dictumest,

714 4601 768 4655 in
799 4598 1153 4669 ignobilitate,
1196 4606 1438 4667 resurget
1481 4597 1536 4651 in
1569 4598 1737 4667 gloria
1778 4600 1843 4652 “.
1884 4620 1903 4650 ι
1954 4598 2106 4654 Sicut
2138 4613 2271 4668 ergo
2303 4614 2348 4669 ι)
2375 4602 2832 4672 quiacexemplari
2859 4612 2914 4658 et
2945 4603 3147 4657 umbrae
3173 4602 3485 4657 deserviunt
3506 4599 3936 4668 ccelestium“;s
3976 4671 3980 4674 g

713 4692 986 4762 profectus
1017 4697 1100 4746 est
1122 4689 1326 4746 homini
1360 4689 1577 4759 quidam
1613 4689 1745 4761 (60),
1780 4699 1838 4744 ut
1854 4705 1983 4744 cum
2021 4691 2095 4746 sit
2121 4689 2269 4757 prius

713 4781 965 4836 animalis
1008 4781 1194 4847 homo,
1241 4796 1343 4837 nec
1390 4780 1652 4852 intelligat
1701 4795 1821 4851 qua:
1880 4775 2007 4836 sunt
2032 4782 2271 4849 Spiritus

713 4865 831 4941 Dei,
871 4874 1052 4930 veniat
1100 4874 1151 4927 iu
1183 4874 1308 4928 hoc
1355 4888 1450 4944 per
1497 4871 1853 4928 eruditionem
1899 4882 1959 4926 ut
2009 4873 2270 4928 elﬁciatur

711 4964 988 5032 spiritalis,
1036 4974 1090 5020 et
1133 4965 1386 5035 dijudicet
1428 4965 1632 5032 omnia,
1667 4965 1782 5034 ipse
1825 4978 1960 5019 vero
1993 4980 2022 5018 a
2054 4965 2273 5020 nemine

2378 4692 2430 4745 bi
2466 4692 2697 4759 scilicet,
2725 4693 2816 4761 qui
2849 4690 3160 4748 serviebant
3183 4692 3236 4746 in
3268 4691 3404 4759 lege.
3434 4691 3543 4746 Sed
3570 4699 3626 4746 et
3662 4691 3729 4745 ad
3753 4691 3936 4760 ipsum

2377 4780 2591 4852 Moysen
2625 4786 2826 4838 dictum
2874 4792 2996 4838 est:
3031 4801 3051 4834 ι
3089 4783 3223 4838 Vide
3272 4793 3331 4838 ut
3384 4784 3555 4842 facias
3595 4783 3778 4840 omnia
3811 4782 3938 4856 (6|)

2375 4877 2670 4929 secundum
2685 4874 2911 4930 formam
2929 4883 2984 4929 et
3002 4873 3406 4932 similitudinem
3433 4892 3554 4948 quae
3585 4876 3680 4932 tibi
3694 4883 3934 4931 ostensa

2375 4965 2537 5020 estin
2568 4975 2746 5022 monte
2776 4966 2843 5022 ”.
2881 4985 2900 5018 ι
2933 4963 3086 5022 Unde
3112 4967 3242 5036 mihi
3267 4967 3478 5022 videtur
3511 4967 3658 5038 quod
3688 4967 3834 5022 sicut
3875 4966 3935 5021 in

783 5120 829 5153 “
853 5118 897 5174 ll
917 5101 1051 5186 Cor.
1080 5138 1134 5189 v,
1161 5124 1212 5177 l.
1288 5125 1334 5156 “
1371 5122 1390 5177 l
1421 5123 1547 5181 Cor.
1569 5141 1663 5192 xv,
1701 5124 1793 5191 L2,
1823 5123 1911 5187 45.
1935 5121 2026 5178 44.
2106 5123 2149 5155 ⁸⁷
2179 5122 2280 5180 Gen

2381 5127 2456 5183 .l.
2537 5127 2582 5160 ⁸⁸
2609 5127 2743 5184 Heb.
2783 5143 2902 5193 vm,
2924 5129 2979 5184 5.
3055 5128 3102 5161 ’θ
3126 5126 3300 5183 Exod.
3327 5126 3575 5198 xxx,,40.

788 5255 897 5326 (56)
936 5254 1027 5328 Sic
1059 5273 1194 5313 mss.
1229 5258 1284 5313 in
1329 5260 1491 5317 editis
1531 5262 1700 5328 deest,
1743 5279 1763 5313 ι
1814 5260 2008 5316 nostri.
2042 5278 2063 5313 ι
2116 5261 2271 5318 Deest

712 5323 840 5380 item
877 5323 895 5377 ἃ
929 5327 1192 5397 spiritalis
1221 5333 1482 5397 corporis.
1515 5349 1534 5382 ι

781 5397 893 5468 (ξῖ)
925 5394 1060 5468 Χίᾀθ
1086 5396 1123 5468 _l.
1159 5412 1195 5451 tt
1223 5394 1553 5468 Qriyenianq
1581 5409 1768 5468 quaest.
1800 5400 1854 5467 9,
1883 5395 2030 5454 num.
2058 5401 2110 5456 7.

784 5465 895 5607 €58)
925 5465 1058 5519 Vide
1085 5466 1122 5518 l.
1155 5482 1190 5521 ll
1223 5465 1554 5534 0rigenian.,
1580 5465 1636 5537 q.
1669 5470 1756 5534 ll,
1787 5465 1901 5526 ".9
1931 5481 1985 5525 et
2011 5471 2102 5526 25.

811 5534 898 5606 59)
929 5534 1233 5607 ᾦξιετηαηι.
1261 5537 1417 5589 Deest
1445 5538 1498 5589 in
1527 5550 1682 5592 antea
1712 5541 1894 5606 editis,
1923 5543 2014 5594 sed
2043 5543 2102 5595 ba

811 5534 898 5606 59)
929 5534 1233 5606 @ternam.
1261 5537 1417 5589 Deest
1445 5538 1498 5589 in
1527 5534 1682 5592 antea
1712 5541 1894 5606 editis,
1923 5543 2014 5594 sed
2043 5542 2272 5595 habetur

715 5606 768 5660 in
798 5604 928 5676 mss.
960 5604 1079 5676 Mox
1103 5620 1253 5676 mss,
1296 5607 1643 5676 «secundum
1678 5604 1934 5676 quosdam
1957 5611 2266 5668 Graecorum

714 5675 1080 5744 philosophos.
1123 5692 1142 5746 ξ
1174 5675 1235 5746 ln
1264 5675 1420 5746 editis
1452 5675 1624 5746 deest,
1671 5695 1689 5728 ι
1727 5681 2008 5746 quosdam.
2052 5701 2070 5734 ι
2104 5681 2270 5736 Paulo

713 5754 834 5813 post
861 5759 1015 5824 mssz,
1054 5762 1073 5795 ι
1118 5744 1247 5824 ﬁdes
1288 5745 1536 5800 Ecclesia:
1575 5744 1785 5816 recipit.
1818 5766 1837 5800 ι
1878 5749 2047 5817 Editi,
2079 5771 2097 5804 ι
2137 5752 2270 5808 fides

716 5815 1026 5883 necessario
1061 5815 1274 5883 recipit.
1314 5833 1332 5864 ο
1396 5842 1400 5846 π

792 5883 906 5954 ιδο)
947 5882 1186 5951 Quidam
1234 5882 1308 5938 lta
1345 5885 1716 5958 manuscripti.
1743 5885 1896 5957 Editi
1925 5903 2075 5962 vero,
2099 5908 2118 5943 ς
2147 5891 2269 5962 qui-

2378 5266 2522 5336 dem.
2553 5285 2572 5318 ι
2594 5266 2746 5320 ‘lnfra
2764 5266 3149 5336 manuscripti,
3187 5284 3206 5317 s
3229 5281 3326 5335 pro
3349 5263 3657 5336 ministerio
3677 5266 3927 5326 animas»

2377 5334 2520 5389 Editi
2547 5337 2817 5407 mendose,
2853 5353 2873 5407 ς
2907 5352 3003 5407 pro
3026 5334 3290 5407 mysterio
3322 5341 3533 5394 animae.
3563 5355 3583 5388 ι
3613 5334 3734 5390 Mox
3770 5353 3930 5404 ηυδε..

2383 5420 2402 5478 ς
2442 5420 2561 5478 cum
2584 5406 2761 5478 anima
2789 5405 3038 5478 adjuncta
3079 5405 3189 5460 Deo
3217 5422 3354 5463 unus
3387 5424 3510 5465 cum
3537 5421 3603 5462 eo
3638 5407 3929 5476 spiritum.

2370 5472 2431 5545 [in
2460 5477 2628 5545 editis
2654 5472 2824 5542 deest,
2855 5472 2880 5545 ξ(
2917 5477 3194 5545 adjuncta.
3235 5494 3256 5527 ι

2379 5543 2399 5623 .’
2448 5543 2557 5614 (6i)
2595 5544 2804 5623 omnia.
2832 5544 2954 5600 Haec
2983 5543 3260 5623 vox_d'ee_st
3285 5548 3335 5603 in
3361 5548 3543 5623 editis,
3575 5548 3668 5623 sed
3695 5546 3935 5604 habetur

2376 5613 2607 5696 i‘mtnss.
2650 5613 2769 5696 ilex
2816 5630 2974 5696 mss.,_
3007 5635 3026 5667 ι
3055 5617 3126 5696 ab
3157 5617 3269 5696 ip’sa
3304 5613 3861 5696 perducildeberent.
3906 5637 3929 5673 ι

2378 5681 2541 5746 Editi,
2570 5702 2588 5734 ι
2612 5684 2681 5737 ab
2712 5685 2825 5753 ipso
2847 5686 3066 5754 perduci
3087 5681 3362 5743 deberent.
3388 5707 3406 5740 ι
3431 5688 3597 5742 Paulo
3620 5694 3743 5754 post
3769 5702 3929 5753 mss,

2383 5768 2402 5804 t
2441 5763 2658 5807 sanctos
2697 5768 2942 5825 quosque
2983 5757 3304 5825 suscipiens.
3342 5776 3360 5808 ι
3397 5758 3452 5811 1η
3505 5758 3665 5812 editis
3725 5756 3880 5812 deest
3912 5799 3929 5822 ,

2373 5838 2418 5904 τῇ
2439 5835 2701 5904 quosque.
2743 5843 2761 5874 ι
2789 5823 2918 5904 μοι
2948 5839 3102 5889 mss.,
3132 5823 3157 5877 Vc
3200 5827 3251 5881 iu
3277 5842 3382 5899 quo
3417 5825 3677 5884 vere'erit
3713 5826 3874 5884 illud.
3903 5829 3932 5882 ι’

2375 5889 2517 5955 Editi
2550 5889 2825 5961 omittunt,
2859 5911 2878 5946 ‹
2913 5907 3059 5950 vere.
3089 5912 3110 5944 ι
