4074 6308
175 440 290 500 869

1512 443 1714 500 LIBER
1749 444 2099 514 QUARTUS.

3306 459 3413 513 3w

170 561 306 625 τῶν,
342 559 768 633 παρωξύνθησαν
790 562 869 626 είς
892 560 1218 634 ζηλοτυπίαν
1248 562 1337 615 ἐπὶ
1365 562 1443 634 τῷ
1470 564 1571 618 οὑκ
1599 565 1715 619 ἐθνε

1843 581 1942 637 per
1971 574 2184 637 gentem
2219 563 2567 637 insipientem
2590 611 2604 635 ,
2640 581 2800 637 quam
2827 567 2969 625 Deus
2992 566 3157 639 elegit
3190 585 3287 639 per
3310 572 3411 628 ad-

170 652 256 724 τῷ
287 653 529 725 ἀσυνέτῳ
548 672 563 687 ο
609 657 743 729 ὅπερ
774 658 803 709 ὁ
830 655 961 719 Θεὸς
1004 654 1283 722 ἐξελέξατο
1311 654 1399 709 διὰ
1425 657 1523 728 τῆς
1554 658 1740 730 ἐπιδη-

173 743 312 815 μίας
337 746 572 819 Χριστοῦ
606 748 801 819 Ἰησοῦ,
827 748 922 802 καὶ
965 748 1072 802 τῶν
1099 744 1353 820 μαθητῶν
1376 746 1563 804 αὑτοῦ.
1614 749 1742 803 Βλέ-

1843 664 2062 710 ventum
2091 653 2217 711 Jesu
2248 656 2473 722 Christi,
2507 665 2563 712 et
2612 658 2904 728 discipulos
2937 661 3071 731 ejus.
3139 659 3232 717 Sic
3261 661 3409 718 enim

1841 744 2312 816 dicitApostolus:
2350 762 2368 797 t
2389 743 2583 801 Videte
2602 746 2747 801 enim
2782 748 3408 818 vocationem-vestram,

171 853 352 909 ωομεν
372 827 503 907 γοῦν
542 857 561 891 ι
582 839 678 911 τὴν
707 839 897 910 κλῆσιν
939 840 1113 911 ἡμῶν,
1161 842 1243 895 ὅτι
1272 840 1335 894 οὐ
1367 840 1547 894 πολλοὶ
1586 858 1715 910 σοφο

1841 836 2037 892 fratres
2066 876 2083 902 ,
2151 837 2404 907 quoniam
2454 844 2562 893 non‘
2608 838 2762 894 multi
2812 840 3084 911 sapientes
3117 840 3257 896 inter
3310 855 3409 897 vos

169 926 315 983 md
354 929 547 1000 σάρκα,
579 929 637 999 οὐ
672 929 852 987 πολλοὶ
892 930 1125 996 δυνατοὶ,
1158 932 1217 984 ού
1259 930 1440 984 πολλοὶ
1472 932 1734 1001 εὐγενεῖς,

171 1016 309 1072 ἀλλὰ
332 1019 400 1073 τὰ
427 1020 585 1092 μωρὰ
614 1021 708 1074 τοῦ
732 1022 934 1092 κόσμου
963 1021 1239 1088 ἐξελέξατο
1257 1022 1285 1074 ὁ
1312 1021 1461 1087 Θεὸς,
1492 1024 1578 1077 ἵνα
1606 1040 1736 1076 κατ-

170 1110 404 1181 αισχύνῃ
423 1111 547 1174 τοὺς
572 1111 785 1181 σοφούς.
811 1113 919 1167 Καὶ
945 1113 1013 1173 τὰ
1038 1113 1206 1185 ἀγενῆ
1230 1115 1324 1167 καὶ
1343 1113 1735 1185 ἐξουθενημένα

168 1200 282 1272 (87)
333 1202 611 1268 ἐξελέξατο
638 1207 672 1258 ὁ
702 1203 854 1270 Θεὸς,
899 1207 994 1259 καὶ
1021 1205 1087 1259 τὰ
1116 1205 1196 1277 μὴ
1242 1205 1388 1270 ὄντα,
1431 1206 1514 1259 ἵνα
1552 1208 1735 1261 ἐκεῖνα

167 1290 235 1345 τά
270 1293 536 1364 πρότερον
562 1294 694 1349 ὄντα
726 1297 1066 1368 καταργήσῃ·
1109 1316 1128 1348 ι
1166 1296 1258 1349 καὶ
1295 1294 1368 1368 μὴ
1394 1296 1733 1368 καυχήσηται

163 1387 194 1439 6
213 1386 358 1441 κατὰ
386 1388 563 1460 σάρκα
602 1388 833 1460 Ἰσραὴλ,
854 1386 1183 1460 καλούμενος
1212 1387 1316 1442 ὑπὸ
1342 1386 1435 1440 τοῦ
1474 1387 1733 1441 ’Δποστό-

164 1480 253 1536 λου
290 1481 448 1554 σάρξ,
474 1480 702 1535 ἐνώπιον
733 1480 889 1536 Θεοῦ.
1040 1490 1061 1511 ⁴

228 1574 297 1628 Τί
331 1574 388 1628 δὲ
419 1574 497 1628 δεῖ
522 1574 698 1643 λέγειν
729 1572 859 1644 περὶ
889 1570 995 1626 τῶν
1026 1574 1084 1625 ἐν
1107 1572 1356 1643 Ψαλμοῖς
1384 1572 1729 1645 προφητειῶν

164 1668 290 1739 περὶ
322 1665 579 1738 Χριστοῦ,
612 1664 753 1735 ᾠδῆς
780 1681 922 1728 τινος
950 1665 1435 1737 ἐπιγεγραμμένης
1451 1664 1603 1733 ὑπὲρ
1618 1664 1724 1718 τοῦ

162 1757 487 1829 ἀγαπητοῦ,
504 1750 564 1811 οὗ
587 1776 605 1809 ι
626 1759 658 1827 ἡ
681 1755 897 1826 γλῶσσα
917 1755 1129 1824 λέγεται
1147 1752 1284 1811 εἶναι
1302 1757 1543 1827 κάλαμος
1558 1773 1730 1829 γραμ-

165 1848 375 1919 ματέως
407 1847 740 1918 ὸξυγράφου”
782 1844 979 1915 ὡραῖος
1021 1846 1205 1899 κάλλει
1240 1848 1390 1918 παρὰ
1423 1847 1546 1910 τοὺς
1578 1849 1727 1911 υίοὺς

158 1939 265 1993 τῶν
306 1938 624 2010 ἀνθρώπων,
658 1940 779 1992 ἐπεὶ
804 1938 1029 2009 ἐξεχύθη
1069 1937 1230 2009 χάρις
1267 1940 1325 1991 ἐν
1369 1938 1601 2009 χείλεσιν
1625 1939 1725 1993 αύ-

160 2029 269 2083 τοῦ.
304 2050 324 2082 ι
360 2030 667 2101 Τεκμὴριον
700 2030 806 2104 γὰρ
849 2030 946 2099 τῆς
988 2028 1308 2100 ἐκχυθείσης
1344 2028 1455 2101 (88)
1503 2031 1724 2101 χάριτος

160 2124 215 2175 ἐν
257 2120 489 2192 χείλεσιν
541 2120 727 2185 αὑτοῦ,
769 2113 852 2189 τὸ,
906 2119 1083 2188 ὀλίγου
1129 2119 1579 2191 διαγεγενημένου
1628 2122 1722 2175 τοῦ

159 2204 347 2284 χρόνου
374 2212 472 2282 τῆς
504 2211 847 2277 διδασκαλίας
878 2212 1063 2276 αὑτοῦ,
1096 2212 1337 2266 ἐνιαυτὸν
1364 2213 1471 2283 γάρ
1495 2231 1595 2266 που
1628 2215 1722 2266 καὶ

161 2302 334 2373 μῆνας
356 2300 568 2371 ὀλίγους
588 2300 825 2369 ἐδίδαξεν
851 2302 986 2373 (89),
1014 2302 1399 2374 πεπληρῶσθαι
1421 2304 1520 2374 τὴν
1546 2306 1723 2357 οίκου-

161 2392 325 2463 μένην
346 2394 445 2463 τῆς
473 2379 818 2457 διδασκαλίας
840 2394 1003 2447 αὐτοῦ
1030 2396 1124 2448 καὶ
1147 2396 1244 2466 τῆς
1258 2394 1323 2448 δι’
1348 2394 1510 2449 αὐτοῦ
1542 2395 1721 2448 θεοσε-

156 2481 303 2547 ϐείας
317 2501 331 2513 ·
348 2484 674 2539 άνατέταλκε
697 2483 804 2557 γὰρ
835 2503 853 2536 ι
878 2485 935 2538 ἐν
948 2488 1067 2551 ταῖς
1085 2487 1321 2559 ἡμέραις
1336 2486 1498 2539 αὐτοῦ
1520 2487 1721 2541 δικαιο-

158 2573 287 2645 σύνη
299 2578 395 2630 καὶ
412 2577 612 2648 πλῆθος
635 2577 859 2649 εἰρήνης
895 2595 915 2629 ι
948 2579 1256 2649 παραμένον
1275 2578 1378 2642 ἕως
1394 2578 1715 2644 συντελείας,

154 2664 181 2719 δ
205 2667 577 2741 άνταναίρεσις
604 2668 909 2739 ὠνόμασται
924 2669 1171 2742 σελήνης,
1202 2689 1221 2721 ι
1249 2672 1341 2725 καὶ
1364 2672 1513 2742 μένει
1548 2688 1716 2725 κατα-

154 2756 403 2835 κυριεῢον
432 2759 542 2813 ἀπὸ
569 2758 842 2831 θαλάσσης
886 2759 992 2825 ἐως
1030 2759 1324 2831 θαλάσσης,
1361 2763 1453 2815 καὶ
1484 2762 1591 2815 ἀπὸ
1623 2780 1719 2815 πο-

153 2848 335 2921 ταμῶν
376 2850 481 2915 ἕως
522 2850 771 2924 περάτων
801 2850 899 2920 τῆς
931 2851 1279 2922 οἰκουμένης.
1320 2871 1339 2903 ι
1374 2854 1481 2906 Καὶ
1512 2853 1715 2907 δέδοται

156 2942 376 3011 σημεῖον
402 2939 482 3010 τῷ
512 2939 647 3011 οἴκῳ
675 2940 857 2995 Δαυίδ·
956 2939 1222 3011 παρθένος
1267 2941 1375 3011 γὰρ
1419 2940 1591 3007 ἔτεκε,
1623 2944 1717 2995 καὶ⁵

151 3032 207 3084 ἐν
238 3031 435 3101 γαστρὶ
459 3030 611 3102 ἔσχε,
644 3033 737 3087 καὶ
768 3033 952 3087 ἔτεκεν
977 3034 1109 3094 υἱὸν,
1136 3032 1232 3085 καὶ
1259 3030 1319 3084 τὸ
1352 3032 1521 3103 ὄνομα
1549 3035 1713 3089 αὐτοῦ

161 3122 521 3195 Ἐμμανουήλ,
549 3125 683 3195 ὅπερ
707 3124 821 3178 ἐστὶ
844 3123 978 3179 Μεθ’
1005 3122 1159 3195 ἡμῶν
1186 3125 1212 3175 ὁ
1241 3122 1389 3185 Θεός.
1415 3123 1712 3195 Πεπλήρω-

1839 929 2136 983 secundum
2173 943 2394 983 carnem
2427 928 2617 999 160,
2648 945 2754 984 non
2791 932 2944 987 multi
2976 941 3257 1003 potentes,
3298 948 3404 988 non

1837 1017 1987 1071 multi
2028 1017 2235 1074 nobiles
2260 1058 2276 1084 ,
2334 1018 2428 1073 sed
2459 1032 2581 1088 qua:
2608 1018 2788 1074 xstulta
2842 1022 3029 1081 mundi
3060 1030 3203 1083 sunt
3241 1021 3405 1093 elegit

1838 1109 1996 1177 Deus,
2036 1118 2090 1165 et
2118 1125 2182 1164 ea
2216 1124 2337 1179 qua:
2371 1124 2475 1163 non
2506 1119 2677 1179 sunt,
2712 1123 2772 1165 ut
2813 1127 2876 1168 ea
2903 1128 3022 1181 quae
3051 1122 3206 1169 erant
3232 1115 3429 1184 prius,»

1835 1200 2221 1257 destrueret".
2248 1219 2267 1252 ι
2311 1199 2427 1256 Non
2458 1215 2588 1271 ergo
2637 1201 2897 1273 glorietur
2932 1204 3171 1259 carnalis
3198 1202 3401 1260 Israel:

1834 1296 1907 1350 ira
1945 1297 2283 1375 namqwab
2312 1294 2571 1365 Apostolo
2605 1303 2874 1361 vocatur;
2912 1312 2931 1346 ι
2958 1309 3063 1350 non
3086 1333 3102 1362 ,
3159 1295 3399 1366 inquam,

1832 1389 2091 1459 glorietur
2130 1403 2260 1445 caro
2295 1389 2349 1443 in
2380 1399 2671 1459 conspectu
2702 1387 2797 1444 Dei
2817 1388 2887 1444 ’⁸.
2920 1406 2939 1440 ι

1899 1566 1954 1622 5.
1985 1566 2089 1622 Sed
2114 1576 2170 1622 et
2194 1567 2263 1623 de
2290 1567 2384 1624 bis
2405 1582 2524 1637 quae
2552 1567 2604 1622 in
2649 1568 2879 1624 Psalmis
2912 1570 3311 1641 pr0phetantur
3333 1571 3401 1625 de

1828 1656 2045 1714 Christo
2068 1656 2202 1729 (90),
2238 1659 2366 1730 quid
2394 1658 2678 1715 dicendurm
2708 1668 2810 1724 est,
2849 1662 2899 1715 in
2928 1676 2995 1715 eo
3026 1661 3261 1717 maxime
3306 1662 3398 1731 qui

1828 1750 2255 1819 superscribitur
2293 1750 2567 1805 Canticum
2628 1767 2723 1819 pro
2760 1752 2988 1819 dilecto,
3037 1754 3128 1808 ubi
3165 1753 3400 1810 refertur

1826 1840 1948 1908 quia
1988 1855 2009 1890 ι
2036 1838 2217 1914 lingua
2250 1840 2368 1910 ejus
2417 1840 2660 1895 calamus
2716 1841 2907 1896 scribae
2947 1841 3207 1898 velociter
3252 1843 3397 1897 scri-

1758 1910 1798 1964 Β
1829 1929 2043 1995 bentis;
2086 1911 2315 1985 decorus
2341 1932 2520 1998 specie
2554 1946 2718 2000 super
2764 1931 2903 1987 ﬁlios
2933 1933 3225 1997 hominum,
3260 1948 3398 2003 quo-

1826 2021 1967 2075 niam
2006 2020 2175 2077 eﬂ‘usa
2200 2030 2283 2076 est
2316 2022 2489 2092 gratia
2532 2023 2583 2077 in
2614 2023 2771 2079 labiis
2801 2025 2920 2091 ejus
2947 2026 2993 2058 ⁷⁸
3017 2005 3090 2079 ἵ»
3134 2026 3394 2081 Indicium

1824 2122 2002 2168 autem
2034 2114 2219 2170 ell‘usa:
2263 2115 2453 2185 gratiae
2498 2114 2551 2168 in
2597 2114 2752 2171 labiis
2797 2117 2914 2186 ejus
2953 2117 3055 2172 hoc
3088 2126 3171 2172 est
3196 2157 3211 2182 ,
3251 2118 3394 2187 quod

1824 2211 1973 2265 brevi
2032 2221 2275 2281 tempore
2331 2220 2604 2265 transacto
2662 2210 2829 2281 (anno
2878 2212 3022 2266 enim
3078 2223 3133 2267 et
3189 2212 3396 2283 aliquot

1824 2308 2099 2361 mensibus
2133 2302 2334 2374 docuit)
2360 2344 2375 2369 ,
2420 2303 2705 2359 universus
2749 2313 2925 2357 tamen
2964 2301 3114 2357 orbis
3146 2300 3393 2358 doctrina

1820 2404 1875 2448 et
1901 2394 2003 2447 [ide
2031 2394 2254 2463 pietatis
2285 2394 2402 2463 ejus
2431 2392 2683 2462 impletus
2716 2399 2820 2446 est.
2861 2390 2990 2447 Orta
3010 2399 3094 2447 est
3121 2406 3255 2463 ergo
3292 2410 3313 2445 ι
3338 2394 3392 2448 in

1821 2485 2010 2541 diebus
2042 2486 2157 2550 ejus
2187 2486 2432 2555 justitia,
2474 2496 2529 2539 et
2585 2485 2871 2539 multitudo
2921 2485 3121 2553 pacis»
3174 2500 3390 2555 penna-

1789 2590 1954 2630 .nens
1985 2592 2153 2648 usque
2178 2578 2247 2632 ad
2284 2578 2446 2632 linem
2471 2618 2486 2644 ,
2518 2578 2611 2647 qui
2644 2576 2770 2633 ﬁnis
2808 2578 3009 2633 ablatio
3042 2579 3181 2633 lunae
3209 2577 3391 2648 appel-

1820 2666 1958 2722 latus
1987 2678 2114 2734 est;
2151 2686 2170 2720 ι
2202 2676 2257 2723 et
2291 2668 2661 2731 dominabitur
2688 2683 2718 2722 a
2748 2669 2881 2723 mari
2913 2684 3083 2738 usque
3112 2667 3178 2723 ad
3217 2684 3388 2735 mare,

1816 2767 1870 2810 et
1900 2773 1927 2811 a
1956 2755 2176 2811 ﬂumine
2203 2772 2377 2827 usque
2410 2758 2483 2812 ad
2512 2758 2646 2813 lines
2692 2765 2851 2812 terrae
2908 2757 2974 2812 “.
3008 2776 3028 2810 ι
3073 2760 3267 2813 Datum
3305 2768 3390 2815 est

1817 2858 1993 2901 autem
2023 2857 2077 2902 et
2107 2847 2320 2915 signum
2374 2848 2557 2903 domui
2607 2849 2775 2904 David
2798 2849 2865 2906 ⁸⁸.
2940 2848 3103 2919 Virgo
3136 2850 3279 2904 enim
3335 2850 3387 2905 in

1815 2946 1968 2988 utero
1998 2936 2266 3003 concepit,
2284 2943 2336 2988 et
2358 2936 2918 3005 peperitEmmannel,
2942 2939 3084 3007 quod
3114 2950 3196 2993 est
3219 2940 3388 2993 inter-

1814 3033 2083 3094 pretatum
2112 3023 2400 3079 Nobiscum
2424 3024 2582 3081 Deus.
2621 3045 2641 3077 ι
2680 3016 2911 3095 Scitote,
2944 3039 3153 3098 gentes,
3180 3038 3235 3084 et
3264 3030 3384 3085 vin-

1814 3117 2081 3172 cimini".
2113 3135 2131 3169 ι
2198 3115 2337 3171 Victi
2366 3118 2509 3172 enim
2539 3134 2728 3173 sumus
2760 3159 2776 3184 ,
2821 3128 2874 3175 et
2897 3121 3135 3190 superati
3169 3122 3263 3190 qui
3314 3138 3382 3177 ex

149 3232 256 3281 ται,
274 3218 350 3280 ὡς
367 3219 395 3270 ὁ
423 3216 582 3279 αὐτὸς
614 3216 895 3287 προφήτης
928 3215 1079 3287 φησί·
1105 3234 1122 3264 ι
1144 3214 1283 3268 Μεθ’
1299 3213 1465 3282 ἡμῶν
1489 3218 1522 3267 ό
1540 3216 1706 3281 Θεόςο

1814 3209 2062 3276 gentibus
2102 3222 2322 3272 sumus,
2343 3215 2400 3262 et
2433 3208 2585 3264 velut
2607 3208 2814 3265 exuviae
2866 3210 3109 3279 quaedam
3137 3211 3383 3266 victoriae

148 3308 341 3375 γνῶτε,
362 3307 508 3379 ἔθνη,
545 3307 637 3360 καὶ
652 3306 905 3377 ἡττᾶσθε,
948 3306 1222 3377 ίσχυκότες
1250 3305 1504 3376 ἡττᾶσθε.
1536 3324 1556 3357 ι
1592 3306 1710 3358 Ἠτ-

148 3398 359 3470 τὴμεθα
389 3399 497 3471 γάρ
530 3398 623 3452 καὶ
653 3386 983 3468 νενικὴμεθα
1002 3398 1051 3449 οί
1087 3396 1194 3452 ἀπὸ
1219 3396 1326 3449 τῶν
1349 3395 1515 3449 ἐθνῶν
1532 3396 1705 3449 ’ἐαλω-

149 3490 301 3565 κότες
334 3491 434 3543 ὑπὸ
462 3490 563 3560 τῆς
603 3490 819 3560 χάριτος
852 3487 945 3541 τοῦ
986 3487 1143 3555 λόγου
1180 3488 1366 3541 αὐτοῦ.
1414 3487 1573 3541 Ἀλλὰ
1610 3487 1704 3541 καὶ

149 3578 461 3651 προείρηται
484 3579 645 3641 τόπος
665 3576 925 3647 γενέσεως
944 3574 1103 3627 αὐτοῦ
1120 3577 1180 3628 ἐν
1200 3576 1276 3645 τῷ
1292 3578 1519 3648 Μιχαίᾳ.
1544 3596 1563 3628 ι
1593 3577 1701 3630 Καὶ

149 3673 210 3726 σὺ
238 3671 368 3742 γὰρ,
402 3670 557 3741 φησι,
582 3657 834 3741 Βηθλεέμ,
852 3668 925 3738 γῆ
960 3666 1147 3729 Ἰούδα,
1173 3667 1423 3738 οὐδαμῶς
1450 3669 1703 3740 ἐλαχίστη

146 3758 197 3817 si
224 3764 283 3816 ἐν
322 3764 429 3825 τοῖς
462 3761 723 3831 ἡγεμόσιν
769 3758 955 3813 Ἰούδα’
992 3762 1056 3812 ἐκ
1088 3756 1183 3812 σοῦ
1214 3758 1324 3827 γὰρ
1367 3760 1702 3826 ἐξελεύσεται

146 3840 439 3926 ἡγούμενος
469 3853 618 3917 ὅστις
644 3854 903 3928 ποιμανεζ
918 3849 1007 3903 τὸν
1033 3848 1156 3902 λαόν
1177 3849 1380 3918 μουτὺν
1412 3852 1643 3923 Ἰσραήλ.
1679 3871 1695 3895 ν

146 3944 253 4002 Καὶ
289 3945 655 4018 ἐϐδομήκοντα
696 3941 985 4012 ἐϐδομάδες
1022 3938 1412 4011 ἐπληρώθησαν
1440 3941 1544 4005 ἕως
1570 3944 1705 4017 Χρι-

1812 3302 1930 3368 ejus
1957 3302 2271 3356 exsistimus
2300 3340 2318 3369 ,
2348 3301 2439 3371 qui
2478 3300 2596 3369 ejus
2627 3302 2818 3369 gratiae
2862 3301 2998 3356 colla
3035 3313 3217 3357 nostra
3249 3305 3382 3359 sub-

1805 3390 2058 3459 jecimus.
2131 3391 2245 3448 Sed
2296 3401 2351 3447 et
2384 3392 2536 3448 Iocus
2594 3393 2895 3449 nativitatis
2950 3394 3068 3464 ejus
3097 3394 3384 3465 pradictns

1810 3492 1892 3536 est
1923 3483 1978 3536 in
2013 3483 2235 3540 Michaea
2267 3486 2532 3555 propheta
2557 3483 2770 3540 dicente
2797 3504 2811 3541 :
2844 3505 2862 3537 ι
2886 3485 2953 3541 Ει
2974 3495 3052 3553 tu,
3082 3485 3379 3555 Bethleem,

1810 3582 1953 3629 terra
1980 3575 2093 3646 (9i)
2119 3574 2253 3630 Juda
2285 3615 2302 3641 ,
2343 3590 2683 3646 nequaquam
2722 3576 2915 3646 exigua
2950 3590 3011 3631 es
3063 3576 3116 3630 in
3150 3576 3379 3634 ducibus

1799 3662 1977 3733 Juda;
2045 3681 2111 3720 ex
2158 3675 2211 3719 te
2253 3669 2397 3720 enim
2441 3667 2590 3721 exiet
2634 3666 2742 3721 dux
2791 3667 2883 3736 qui
2927 3667 3377 3743 regatpopulum

1801 3771 1977 3811 meum
2009 3754 2250 3811 Israel“.
2277 3776 2296 3808 ι
2321 3757 2428 3812 Sed
2454 3768 2508 3812 et
2540 3758 2856 3825 septimanae
2898 3756 3235 3813 annorum“
3272 3757 3377 3818 im-

1801 3850 1954 3921 pleta
1982 3856 2107 3904 sunt
2154 3864 2327 3919 usque
2375 3850 2442 3903 ad
2495 3849 2687 3905 ducem
2715 3850 2995 3906 Christum
3047 3863 3184 3918 quas
3230 3864 3372 3920 pra:-

1800 3941 2209 3999 dixeratDaniel
2236 3943 2521 4013 propheta.
2558 3942 2713 4013 16],
2745 3943 2911 3998 Adest
2934 3940 3287 3997 nihilominus
3316 3944 3371 3997 et

1363 4056 1927 4117 INTERPRETATIO
1963 4060 2172 4119 NOVA.

281 4157 395 4221 Ius,
423 4166 477 4212 et
502 4155 557 4210 in
598 4160 757 4228 gente
780 4153 944 4228 stulta
972 4151 1378 4228 irritabo_illos.
1413 4172 1433 4207 ι
1470 4155 1651 4228 Atque
1705 4168 1892 4227 aperte
1922 4159 2145 4212 omnino
2169 4157 2473 4228 perspicere
2526 4158 2793 4228 licetquo
2823 4164 2982 4222 pacto
3016 4155 3225 4228 Hebraei
3276 4157 3371 4228 qul

193 4222 315 4298 eum
347 4222 691 4298 dicuntur—in
718 4238 782 4298 eo
802 4225 901 4298 qui
932 4240 1037 4290 non
1056 4234 1183 4298 erat
1205 4222 1346 4279 Deus
1373 4263 1388 4288 ,
1425 4226 1490 4278 ad
1538 4222 1939 4298 aemulationem
1976 4222 2346 4297 provocasse,
2379 4238 2434 4281 et
2457 4228 2629 4298 ipsum
2657 4222 2907 4283 irritasse
2939 4228 3014 4298 inj
3042 4225 3206 4298 ldolis
3233 4222 3370 4292 suis,

146 4295 355 4372 Incitati
385 4298 498 4372 sint
522 4295 589 4372 ad
617 4294 1020 4372 aemulationem
1045 4295 1113 4372 _in_
1139 4308 1242 4349 non
1274 4303 1437 4368 gente
1466 4304 1519 4372 et
1550 4294 1601 4348 in
1634 4300 1793 4365 gente
1817 4294 1989 4352 stulta
2011 4314 2170 4372 quam
2198 4294 2521 4372 elegitDeus
2548 4312 2643 4372 per
2674 4296 3115 4372 advenui'm__Jesu
3142 4296 3369 4360 Christi,

144 4374 195 4418 et
219 4366 513 4437 discipulos
536 4364 671 4432 ejus.
727 4364 1010 4437 Videmus
1044 4364 1212 4437 igitur
1224 4379 1273 4437 _«
1309 4364 1655 4437 vocationem
1694 4377 1933 4421 nostram
1983 4364 2107 4437 quia
2142 4383 2245 4422 non
2280 4364 2432 4422 [nulli
2467 4364 2743 4437 sapientes
2789 4364 3085 4421 secundum
3124 4381 3370 4432 carnem,

144 4448 246 4487 non
278 4433 431 4489 multi
461 4442 731 4507 potentes,
760 4448 888 4507 non_
904 4433 1055 4489 multi
1069 4433 1319 4498 inobiles,
1352 4438 1447 4488 Sed
1475 4433 1639 4489 stulta
1667 4438 1851 4492 mundi
1914 4433 2077 4507 elegit
2109 4438 2249 4492 Deus
2268 4448 2331 4490 ut
2360 4433 2657 4491 confundat
2686 4438 2991 4507 sapientes;
3023 4446 3077 4491 et
3115 4438 3367 4507 ignobilia

145 4512 197 4557 et
218 4502 644 4578 contemptibilia
676 4503 836 4578 elegit
859 4502 1004 4559 Deus
1037 4512 1093 4558 et
1117 4517 1179 4558 ea
1204 4519 1325 4578 quae
1353 4520 1457 4578 non
1483 4515 1630 4578 sunt,
1682 4515 1741 4558 ut
1788 4522 1851 4578 ea
1884 4502 2026 4578 qua?
2049 4517 2209 4563 erant
2240 4507 2388 4575 prius
2420 4545 2437 4572 ,
2476 4502 2818 4573 destrueret;
2849 4522 2870 4558 ι
2919 4502 2983 4560 et
3010 4522 3077 4561 ne
3109 4502 3370 4577 glorietur

144 4588 341 4648 curam
354 4574 467 4648 D_e_o
496 4572 593 4642 qui
614 4572 910 4628 secundum
938 4589 1156 4648 carnem
1182 4583 1263 4648 est
1290 4573 1478 4643 Israel,
1511 4574 1579 4648 ab
1601 4575 1863 4648 Apostolo
1902 4572 2041 4632 'caro
2070 4572 2387 4648 appellatus.

208 4643 265 4698 5.
306 4643 443 4715 Quid
480 4652 660 4698 autem
692 4652 938 4715 opusest
990 4645 1057 4699 de
1089 4645 1155 4699 iis
1182 4645 1363 4701 dicere
1396 4659 1523 4715 quae,
1547 4645 1611 4699 tle
1644 4643 1861 4699 Christo
1898 4643 2267 4715 praecinuhtur
2296 4647 2347 4701 in
2374 4646 2605 4701 Psalmis
2639 4647 2729 4702 ubi
2758 4646 3032 4701 canticum
3057 4644 3371 4715 inscribitur

151 4729 291 4792 [pro
313 4714 555 4792 dilecto,
585 4731 605 4764 ι
634 4710 1151 4792 cujus_lingua_esse
1181 4715 1380 4769 dicitur
1399 4710 1427 4792 ζ
1448 4710 1913 4792 calamusscrihai
1949 4718 2206 4792 velociter
2258 4716 2549 4792 scribentis
2567 4735 2603 4792 ᾖ
2620 4718 2733 4787 ipse
2752 4716 3050 4792 speciosus
3066 4714 3232 4792 [arma
3258 4728 3368 4792 pne

147 4782 269 4855 Illiis
312 4782 1122 4855 bomiminyquoniam’diﬂusa
1160 4795 1248 4855 est
1276 4784 1451 4854 gratia
1489 4784 1541 4855 in
1586 4784 1741 4838 labiis
1771 4803 1790 4837 ι
1828 4787 1965 4855 ejus.
2041 4788 2299 4841 Indicium
2325 4789 2469 4841 enim
2505 4782 2710 4840 diﬂ‘usm
2734 4782 2919 4855 gratia:
2950 4785 3002 4838 in
3038 4785 3193 4837 labiis
3224 4782 3363 4849 ejus,

147 4854 245 4912 hoc
270 4855 546 4925 estquod,
571 4853 700 4909 licet
736 4867 911 4922 pauco
940 4862 1181 4921 tempore
1208 4852 1455 4909 docuerit
1490 4852 1710 4924 (annum
1757 4852 1901 4909 eniiu
1953 4864 2009 4911 et
2045 4873 2257 4912 menses
2301 4857 2504 4927 aliquot
2540 4852 2786 4927 docuit)',
2850 4856 3133 4908 universus
3182 4862 3364 4906 tamen

208 4977 257 5014 π
289 4976 311 5031 1
338 4978 466 5035 Cor.
498 4991 536 5040 ι,
562 4972 654 5029 26.
748 4974 793 5006 ⁷⁸
815 4972 945 5028 Ibid.
966 4972 1057 5027 29.

146 5045 373 5105 'Iicb.
408 5046 545 5113 v,2.
618 5045 667 5078 ⁸¹⁸
692 5043 825 5101 Dan.
853 5060 927 5098 ιι.

199 5163 321 5234 (8?)
355 5160 523 5234 Idem,
564 5160 749 5215 καὶτὰ
771 5160 970 5232 ἀσθενῆ
1006 5161 1098 5216 καὶ
1127 5161 1534 5234 ὲξουδενημὲνα.

208 5232 322 5309 εδδ)
382 5232 462 5287 ιω
527 5243 757 5301 quatuor
813 5246 943 5287 mss.
1023 5234 1201 5288 Editto
1253 5232 1438 5288 'l‘arini
1471 5274 1486 5300 ,
1538 5238 1703 5309 ὲργυ-

358 5369 674 5445 ξενιαυτῲς
698 5371 809 5441 γάρ
836 5372 1083 5445 πουῌκαὶ
1093 5371 1290 5445 μῆνας
1318 5374 1560 5445 ὀλίγους
1585 5379 1699 5433 έδι.

326 5439 594 5513 .lrenzeus
621 5439 714 5494 lib.
746 5439 786 5503 ι,
816 5458 935 5513 cap.
957 5442 1014 5507 5,
1046 5439 1191 5498 num.
1224 5439 1278 5509 5,
1320 5439 1703 5505 tradit‘VaIen-

148 5514 378 5571 tiniauos
412 5510 467 5565 in
503 5510 608 5566 hoc
647 5524 831 5568 errore
880 5510 1117 5568 versatos
1151 5514 1317 5570 fuisse
1354 5554 1371 5575 .
1434 5528 1489 5571 ut
1518 5519 1698 5574 Jesum

149 5600 249 5641 Ino
277 5591 485 5639 tantum
516 5594 657 5652 anno
698 5593 821 5650 post
848 5582 1108 5652 baptisma
1145 5588 1471 5651 praedicasse
1513 5593 1704 5646 crvde-

151 5664 280 5711 rent.
312 5653 373 5725 In
410 5650 678 5725 eumdem.
709 5650 1247 5725 Pfglerprigenetn,
1277 5657 1548 5725 impegere
1576 5662 1698 5715 Cle-

148 5740 291 5797 mens
314 5720 717 5797 Aleaandrinus
750 5720 844 5774 lib.
855 5737 879 5797 ι
908 5720 1185 5797 Sunium,
1220 5720 1520 5797 pag—5740;
1566 5732 1695 5786 Ter.

146 5793 392 5867 tullianus
414 5794 509 5867 lib.
541 5795 816 5867 _advenu
839 5789 1097 5867 Iudaeos,
1129 5789 1394 5867 _cap.'18.
1458 5789 1572 5855 lina
1614 5810 1696 5855 est

145 5859 363 5919 istorum
405 5860 650 5919 omnium
688 5862 977 5926 sententia,
1007 5859 1285 5922 Christum
1313 5884 1454 5923 anno
1484 5872 1552 5925 15
1596 5872 1695 5925 ἰηι-

142 5936 269 6003 parii
294 5935 519 6003 Tiberii,
545 5947 656 6005 quo
691 5931 1021 6004 baptizatum
1058 5931 1226 5995 fuisse
1260 5940 1452 5997 scribi.
1490 5940 1692 6008 Lucas,

1163 4974 1207 5005 τ’
1232 4973 1428 5031 Psalm.
1454 4990 1594 5040 κων,
1622 4975 1675 5029 '5.

1838 4977 1981 5036 Psal.
2016 4995 2162 5047 Lm,
2199 4980 2255 5047 7,
2290 4982 2343 5037 8.
2418 4980 2459 5011 ⁸³
2496 4978 2619 5032 Isai.
2655 4992 2747 5044 vn,
2772 4977 2857 5030 14.
2935 4974 2980 5006 ⁸⁸
3009 4973 3131 5029 lsai.
3160 4988 3276 5041 vui,
3307 4974 3361 5031 θ.

1809 5182 2022 5236 passum
2052 5184 2174 5224 esse
2201 5210 2218 5236 ,
2271 5182 2414 5222 anno
2452 5166 2656 5222 scilicet
2689 5163 2866 5220 aetatis
2888 5164 2957 5221 50
2988 5206 3004 5232 ,
3046 5180 3108 5218 ac
3139 5162 3366 5234 proinde
3412 5213 3420 5221 .

1811 5256 1952 5293 anno
1988 5256 2093 5293 uno
2123 5242 2380 5293 duntaxat
2409 5247 2527 5304 post
2565 5237 2890 5305 baptismum
2912 5250 2965 5291 et
2990 5244 3113 5305 ante
3138 5242 3363 5289 mortem

1810 5324 1961 5362 suam
1996 5309 2235 5379 publicas
2259 5307 2395 5375 apud
2420 5304 2909 5379 diudzeos'habuisse
2931 5304 3237 5379 conciones.
3268 5372 3281 5379 _
3419 5366 3430 5373 _

1879 5372 2009 5451 (90)'
2032 5379 2107 5451 De
2146 5372 2371 5451 Chriajo.
2399 5377 2541 5451 haec
2581 5378 2774 5432 desunt
2827 5378 2887 5451 in_
2910 5375 3067 5430 editis
3091 5413 3107 5437 ,
3142 5372 3363 5451 sedba-

1809 5443 2005 5503 bentu'r
2030 5450 2081 5502 in
2124 5462 2253 5500 mss.
2282 5447 2449 5502 Paulo
2470 5456 2590 5518 post
2620 5463 2776 5518 mss”
2816 5464 2834 5496 ι
2858 5446 3085 5499 decorus
3108 5443 3303 5511 specie.
3321 5450 3383 5518 ’δ-

1809 5519 1862 5571 ln
1891 5520 2047 5572 editis
2103 5518 2291 5582 deest,
2349 5536 2368 5568 ι
2395 5514 2591 5587 specie,
2622 5536 2639 5567 ι
2693 5516 2833 5570 Infra
2862 5528 3069 5587 (ωδε..-
3090 5530 3107 5564 ι
3141 5520 3196 5567 et
3222 5514 3360 5568 mul-

1809 5588 1979 5641 titudo
2002 5590 2170 5655 pacis.
2206 5606 2225 5639 ι
2270 5583 2436 5652 Ειιὶιί,
2464 5606 2482 5638 ι
2510 5597 2565 5641 et
2592 5586 2921 5639 abundantia
2954 5583 3122 5652 pacis.
3152 5602 3170 5635 ι

1872 5647 2115 5726 (QD-Sic
2161 5673 2295 5713 mss.
2324 5659 2379 5712 In
2411 5647 2572 5713 editis
2620 5658 2814 5726 deest,
2856 5671 2875 5705 ι
2899 5647 3063 5718 terra,
3097 5673 3115 5706 ι
3173 5661 3228 5706 et
3256 5666 3357 5726 pro

1804 5748 1821 5779 ι
1856 5723 2043 5797 exigua
2068 5749 2086 5780 ι
2121 5729 2334 5797 legitur,
2370 5746 2389 5778 ι
2417 5727 2658 5781 minima.
2688 5744 2705 5775 ι
2732 5723 2873 5779 Infra
2904 5740 3055 5790 mss.,
3087 5724 3359 5797 timentia

1798 5794 2195 5871 quntl'etquze'
2224 5801 2340 5853 ausi
2389 5807 2513 5851 ειιιιι
2564 5797 2830 5871 aggredi-,
2884 5811 3041 5863 supra
3088 5794 3353 5871 hominem

1796 5878 1940 5923 sunt.
1969 5886 1987 5920 ι
2030 5870 2198 5939 Paulo
2231 5877 2349 5939 post
2377 5882 2526 5939 inss.,
2566 5884 2582 5916 ι
2618 5868 2795 5939 divina
2826 5870 3056 5939 quadam
3110 5878 3226 5939 qua:
3271 5868 3354 5915 eis

1793 5941 1999 5998 aderat.
2037 5958 2059 5995 ι
2099 5934 2263 6008 Ειίὶιῐ,
2297 5958 2315 5993 ι
2349 5937 2528 5995 divina
2555 5937 2770 6008 quidem
2798 5951 2917 6008 qua:
2961 5934 3041 5989 eis
3075 5934 3291 5989 aderat.
3325 5946 3347 5983 ι
