4074 6308
208 388 314 449 533

1538 376 1736 434 LIBER
1779 374 2096 432 TERTIUS.

3338 386 3440 444 354

208 496 563 555 indubitatam
594 491 718 559 quis
749 492 953 562 ceperit
988 490 1252 560 salutem;
1299 491 1492 562 quibus
1551 493 1666 545 haec
1706 506 1768 544 ex
1806 493 1849 548 Α
1882 488 1979 541 hoc
2010 504 2037 542 a
2074 488 2233 544 Patre
2268 472 2545 560 discipulis
2575 493 2686 547 suis
2721 494 3012 564 impetrare
3056 496 3324 569 dignatur,
3359 502 3442 556 di-

205 588 385 644 eausis
409 585 493 641 vel
523 583 1117 655 quibus'occasiouibus
1164 583 1332 648 fiant;
1369 585 1565 653 quidve
1596 584 1646 636 iu
1683 583 1763 637 his

207 682 349 737 intro
390 678 681 748 inspiciens
712 677 896 733 divina
945 675 1345 743 sapientia,‘vel
1396 691 1533 746 quos
1590 685 1762 730 motus

204 772 461 841 propositi
494 784 679 824 eorum
705 768 893 823 videns
923 767 1038 822 inec
1067 770 1317 823 universa
1340 768 1632 836 dispenset,
1662 766 1759 821 soli

204 865 315 919 Deo
335 862 605 933 cognitum
629 870 710 914 est
739 868 793 913 et
822 859 1104 930 Unigenito
1122 863 1258 929 ejus,
1284 875 1376 929 per
1400 873 1557 927 quem
1580 870 1759 912 creata

206 970 272 1030 ap
312 964 557 1024 reparata
592 965 718 1008 sunt
769 956 1043 1017 universa,
1076 962 1131 1007 et
1176 952 1399 1022 Spiritui
1444 960 1632 1007 sancto
1665 968 1758 1022 per

200 1061 360 1116 quem
390 1055 582 1100 cuncta
609 1046 1034 1107 sanctiﬁcantur,
1070 1045 1162 1113 qui
1198 1045 1264 1099 ab
1299 1045 1414 1115 ipso
1438 1045 1597 1097 Patre
1632 1059 1750 1113 pro-

202 1137 364 1203 cedit,
388 1138 470 1194 cui
505 1148 587 1194 est
615 1137 783 1208 gloria
816 1138 866 1191 in
903 1147 1107 1191 aeterna
1139 1135 1355 1192 saecula.
1388 1136 1580 1192 Amen.

793 1272 1017 1328 CAPUT
1073 1274 1156 1327 Vl.

582 1388 663 1443 De
692 1388 1137 1443 consummatione
1164 1390 1367 1442 mundi.

164 1560 165 1563 η
279 1501 329 1556 l.
354 1502 428 1557 De
454 1500 562 1557 line
586 1511 713 1557 vero
743 1503 922 1557 mundi
947 1509 999 1557 et
1024 1503 1491 1559 consummatione
1516 1507 1750 1561 omnium

195 1588 307 1660 jam
336 1589 551 1660 quidem
581 1599 637 1644 et
667 1591 720 1644 in
756 1591 1123 1660 superioribus
1168 1607 1266 1661 pro
1301 1594 1509 1649 viribus
1556 1596 1752 1652 nostris

200 1675 567 1744 diSseruimus,
604 1680 901 1735 secundum
933 1681 1073 1749 quod
1117 1682 1309 1736 divina:
1341 1683 1639 1754 Scriptura:
1672 1688 1753 1742 in-

199 1767 363 1823 dulsit
409 1770 729 1837 auctoritas,
762 1786 881 1841 quae
931 1770 1172 1826 suiIicere
1224 1776 1290 1828 ad
1342 1774 1748 1833 instructionem

1871 595 2044 636 cens:
2083 602 2100 633 ι
2145 582 2329 647 Pater,
2370 583 2489 639 voto
2535 596 2592 639 ut
2630 586 2718 640 ubi
2748 601 2860 656 .ego
2904 602 3021 642 sum
3068 598 3123 643 ct
3183 592 3273 657 im
3332 595 3440 649 sint

1871 690 2115 740 mecum;
2150 683 2202 729 et
2233 675 2372 729 sicut
2398 690 2497 745 ego
2537 685 2593 728 et
2619 688 2671 729 tu
2706 692 2870 731 unun'.
2912 694 3119 747 sumus,
3158 682 3228 736 ita
3265 693 3318 738 et
3349 684 3439 741 isti

1871 766 1919 818 in
1967 767 2121 819 nobis
2169 781 2333 818 unum
2372 767 2481 819 sint
2510 767 2576 821 ⁵⁸.
2616 787 2635 820 ι
2672 768 2728 822 ln
2764 782 2872 838 quo
2903 767 3012 837 jam
3059 771 3269 827 videtur
3322 777 3434 845 ipsa

1868 857 2163 911 similitudo
2191 857 2325 927 (40),
2357 859 2400 937 si
2435 859 2538 912 dici
2592 870 2792 927 porest,
2825 862 3106 929 prolicere,
3155 874 3208 918 et
3252 880 3319 921 ex
3365 869 3439 922 siv

1867 949 1975 1002 mili
2025 963 2189 1002 unum
2233 947 2343 1016 jam
2402 948 2515 1004 ﬁeri
2568 965 2664 1003 cro
2713 968 2777 1007 eo
2826 954 2943 1009 sine
2988 955 3149 1011 du'tio
3188 959 3329 1025 quod
3375 961 3430 1014 in

1866 1041 2341 1093 consummatione
2369 1039 2451 1093 Vel
2503 1040 2608 1097 line
2643 1040 2822 1097 omnia
2848 1052 2902 1098 et
2924 1043 2988 1113 [in
3022 1046 3270 1103 omnibus
3297 1047 3435 1103 Deus

1864 1141 1965 1186 est.

1917 1222 1974 1282 in
1994 1236 2100 1291 quo
2121 1225 2411 1293 requiritur
2430 1241 2457 1279 a
2476 1240 2610 1279 non-

1864 1313 2043 1379 nullis,
2102 1315 2145 1368 si
2203 1317 2339 1370 ratio
2401 1326 2609 1371 natura:

1861 1423 2133 1477 corporeae
2200 1411 2443 1479 quamvis
2512 1427 2606 1466 ex-

1794 1488 1806 1571 _'
1860 1513 2100 1571 purgata?
2146 1505 2212 1559 ad
2260 1505 2518 1573 liquidum
2554 1514 2610 1561 et

1858 1596 2072 1663 penitus
2098 1596 2356 1666 spiritalis
2380 1597 2605 1662 effectae,

1859 1701 1965 1740 non
2034 1686 2280 1742 videatur
2344 1689 2611 1745 obsistere

1856 1779 1941 1834 vel
2006 1780 2070 1833 ad
2119 1780 2484 1836 similitudinis
2526 1783 2610 1837 di-

198 1871 466 1931 putamus,
507 1865 697 1932 paucis
728 1865 892 1918 etiam
939 1879 1079 1920 nunc
1122 1866 1445 1932 admonitis,
1493 1872 1745 1939 quoniam
1780 1845 1821 1900 B
1852 1872 2131 1944 gnitatem,
2172 1874 2249 1928 vel
2289 1874 2353 1928 ad
2383 1874 2609 1932 unitatis

196 1952 263 2005 ad
299 1952 451 2022 152
484 1956 626 2009 hunc
682 1970 781 2011 nos
834 1955 1008 2011 locum
1068 1959 1379 2026 quaestionis
1434 1962 1567 2015 ordo
1622 1977 1747 2032 per-

193 2040 352 2098 duxit
378 2044 509 2116 (56).
540 2047 711 2116 Igitur
740 2062 1012 2101 summum
1056 2048 1255 2103 bonum
1288 2051 1353 2104 ad
1384 2054 1527 2120 quod
1562 2063 1747 2110 natura

196 2137 523 2194 rationabilis
554 2139 809 2195 universa
840 2140 1077 2206 festinat,
1109 2141 1250 2209 quod
1284 2141 1446 2196 etiam
1480 2142 1605 2199 linis
1634 2144 1746 2216 (57)

194 2229 430 2283 omnium
460 2231 678 2299 dicitur,
707 2248 735 2287 a
765 2230 1178 2302 quamplurimis
1208 2235 1367 2287 etiam
1402 2234 1748 2304 philosopho-

194 2332 313 2373 rum
346 2321 445 2375 hoc
494 2305 654 2377 modo
689 2323 1028 2389 terminatur,
1061 2324 1187 2391 quia
1228 2338 1498 2380 sunnnum
1549 2328 1747 2382 bonum

194 2410 287 2475 sit,
317 2422 470 2481 prout
499 2416 756 2484 possibile
783 2425 885 2484 est,
917 2415 1147 2472 similem
1182 2415 1299 2470 ﬁeri
1336 2418 1462 2472 Deo.
1507 2416 1611 2481 Sed
1646 2421 1747 2475 hoc

195 2516 301 2556 non
334 2512 435 2557 tam
465 2505 705 2573 ipsorum
747 2500 1235 2578 inventum,'quam
1271 2521 1337 2563 ex
1370 2509 1567 2566 divinis
1599 2512 1749 2567 libris

195 2594 262 2649 ab
293 2595 370 2651 eis
386 2607 735 2679 assumptum
770 2608 919 2669 puto.
953 2598 1064 2655 Hoc
1112 2616 1343 2672 namque
1375 2604 1572 2658 indicat
1605 2602 1749 2679 Moy-

192 2699 283 2740 ses
311 2675 431 2743 anie
462 2702 674 2755 omnes,
703 2704 823 2743 cum
851 2690 1079 2761 primam
1121 2695 1486 2749 conditionem
1518 2675 1750 2749 hominis

191 2786 411 2831 enarrat
438 2779 622 2834 dicens
652 2793 668 2832 :
707 2798 725 2831 ι
764 2779 830 2833 Et
857 2780 993 2834 dixit
1026 2780 1166 2835 Deus
1197 2799 1211 2836 :
1245 2778 1531 2839 Faciamus
1576 2786 1751 2839 liomi-
1774 2824 1793 2843 κ

193 2882 319 2923 nem
350 2869 412 2923 ad
434 2869 718 2941 imaginem
743 2880 797 2925 et
828 2872 1236 2929 similitudinem
1266 2885 1525 2931 nostram.
1554 2896 1573 2928 ι
1600 2876 1751 2932 Tunc

1852 1968 2269 2038 praprietatem;
2317 1969 2459 2037 quod
2511 1985 2607 2023 na-

1854 2066 1984 2112 tura:
2018 2058 2213 2113 divinae
2260 2073 2380 2128 quae
2418 2060 2605 2129 utique

1853 2151 2166 2219 incorporea
2200 2161 2305 2213 est,
2337 2167 2436 2207 nec
2456 2153 2604 2208 simi-

1850 2242 1917 2296 lis
1941 2243 2185 2297 videatur
2210 2244 2315 2298 dici
2342 2259 2600 2315 corporea

1852 2344 2041 2390 natura
2076 2350 2255 2405 posse,
2302 2350 2402 2391 nec
2440 2353 2602 2392 unum

1851 2443 1972 2482 cum
2024 2443 2085 2482 ea
2128 2442 2253 2483 vere
2299 2442 2363 2482 ac
2412 2431 2605 2486 merito

1851 2519 2148 2589 designari,
2201 2521 2436 2576 maxime
2482 2537 2603 2577 cum

1852 2611 1903 2664 id
1929 2611 2070 2680 quod
2111 2626 2273 2665 unum
2313 2621 2399 2667 est
2438 2612 2608 2670 Filius

1851 2717 1972 2758 cum
2029 2702 2212 2770 Patre,
2269 2705 2348 2759 ad
2397 2698 2607 2759 natura:

1851 2797 2235 2866 proprietatem
2260 2794 2603 2853 referendum

1853 2889 1971 2942 tidei
2007 2889 2203 2943 veritas
2236 2887 2449 2944 doceat.

2760 1304 2763 1307 Α
2822 1231 3033 1288 INTEBP.
3055 1250 3321 1290 summa.

2735 1318 2895 1387 Quia,
2918 1335 2969 1377 ut
2988 1328 3162 1381 crebro
3170 1329 3283 1397 jam
3301 1328 3434 1381 (lixi-

2676 1428 2791 1467 mus
2814 1416 2945 1486 (41),
2968 1420 3280 1490 principium
3312 1438 3432 1475 rur-

2680 1523 2770 1562 sus
2828 1512 3052 1578 exfine
3113 1524 3445 1593 generatur,

2680 1603 2936 1671 quwritur
2984 1615 3159 1661 utrum
3216 1618 3265 1662 et
3309 1618 3430 1664 tunc

2682 1692 2865 1762 futura
2905 1697 3009 1751 sint
3063 1716 3313 1769 corpora,
3357 1720 3428 1758 an

2682 1785 2796 1839 sine
2822 1789 3122 1857 corporibus
3145 1790 3428 1862 aliquando

2680 1878 2947 1932 vivendum
2966 1882 3056 1945 sit,
3076 1899 3191 1935 cum
3216 1885 3428 1938 redacta

2677 1966 2731 2020 in
2757 1969 2974 2024 nihilum
3000 1975 3232 2041 fuerint;
3262 1984 3311 2029 et
3345 1978 3428 2030 in-

2674 2062 3025 2128 corporalium
3058 2069 3164 2121 vita
3192 2070 3428 2140 incorpo-

2676 2150 2802 2204 ralis
2855 2168 2962 2205 esse
3008 2159 3267 2212 credenda
3320 2163 3422 2224 sit,

2672 2242 2877 2311 qualem
2931 2256 2977 2299 et
3030 2248 3126 2302 Dei
3168 2252 3422 2307 novimus.

2677 2332 2789 2387 Nec
2835 2337 3047 2391 dubium
3088 2350 3163 2394 est
3203 2344 3327 2409 quin
3378 2350 3425 2400 si

2677 2432 2851 2485 omnia
2894 2450 3113 2503 corpora
3160 2438 3229 2491 ad
3273 2457 3424 2495 mun.

2676 2521 2800 2575 dum
2820 2525 2977 2579 istum
2999 2530 3289 2584 scnsibilem
3311 2550 3423 2601 per-

2674 2614 2894 2682 tineant,
2934 2636 3051 2689 qua:
3092 2624 3422 2692 appellantur

2675 2705 2740 2759 ab
2772 2707 3014 2793 Apostolo
3050 2714 3296 2782 visibilia,
3330 2719 3419 2787 fu-

2676 2814 2795 2859 tura
2846 2806 2911 2859 sit
2962 2809 3066 2863 vita
3121 2813 3423 2885 incorpora-

2677 2896 2804 2950 lium
2835 2900 3206 2965 incorporalis.

191 2961 385 3015 deinde
399 2962 615 3069 “addit”:
634 2978 658 3016 ι
688 2962 756 3017 Et
780 2948 902 3019 fecit
924 2964 1061 3069 Deus
1091 2964 1384 3069 hominem,
1410 2969 1477 3022 ad
1506 2970 1595 3024 Dei
1624 2971 1751 3024 ima-
1921 2982 1995 3037 Et
2013 2982 2169 3051 paulo
2203 2992 2319 3051 post
2345 3002 2360 3038 :
2393 2982 2540 3045 illud
2567 2948 3038 3059 quoquoquo—(tv
3282 2998 3424 3069 Δρυ-

190 3052 369 3123 ginem
398 3050 520 3106 fécit
548 3052 717 3118 illum.
742 3053 1032 3108 masculum
1057 3064 1112 3109 el
1136 3050 1389 3111 feminam
1416 3059 1673 3127 fecileos.
1697 3070 1753 3117 et
1851 3074 1984 3128 stola
2009 3050 2243 3128 dicitur:
2281 3092 2299 3125 ι
2337 3073 2523 3130 Omnis
2560 3050 2815 3134 creatura.
2840 3050 3149 3137 liberabitur
3182 3103 3213 3139 a
3255 3050 3421 3145 εέῖυξ-

190 3142 460 3199 benedixit
481 3158 575 3199 eos
589 3144 655 3203 “.
681 3164 702 3198 ι
726 3143 837 3200 "00
852 3160 976 3217 ergo
1000 3149 1137 3215 ιιυοιι
1156 3149 1311 3216 δίκην
1335 3167 1354 3200 ⁸
1374 3150 1437 3205 ad
1456 3152 1744 3222 imaginem
1771 3172 1817 3231 α
1850 3174 1954 3217 tute
1973 3166 2349 3234 corruptionis,
2370 3168 2422 3219 in
2450 3167 2733 3223 libertatem
2749 3171 2930 3241 gloria’
2946 3173 3178 3241 ﬁliorum
3199 3177 3295 3232 Dei
3311 3142 3412 3245 δέ..

190 3237 286 3293 Dei
320 3236 443 3293 fecit
470 3255 615 3307 eum,
652 3257 673 3292 ι
707 3249 762 3296 et
788 3242 854 3297 de
887 3240 1236 3297 Similiniﬂe
1269 3242 1434 3321 ξίΙυίὶ,
1468 3261 1572 3299 n0|!
1598 3245 1741 3302 εὶΙῘυιΙ
1817 3257 1916 3312 .sic
1950 3256 2307 3326 intelligimus,
2335 3266 2393 3310 ut
2430 3259 2653 3327 primam
2698 3236 2991 3318 creaturam
3021 3236 3415 3326 rationabiliuiu
3468 3260 3473 3265 ’

194 3329 403 3385 indicat
441 3331 542 3385 nisi
582 3333 726 3401 quod
772 3332 1013 3404 imaginis
1072 3335 1286 3405 quidem
1323 3337 1638 3405 dignitatem
1688 3340 1743 3395 in

192 3422 369 3491 prima
414 3422 720 3477 conditione
762 3423 1164 3497 percepit(38)‘;
1207 3426 1577 3484 similitudinis
1614 3444 1743 3485 vero

188 3514 445 3586 perfectio
475 3514 529 3568 in
562 3517 1025 3570 consummatione
1054 3528 1271 3597 ser’vata
1296 3528 1414 3584 est;
1448 3521 1653 3578 scilicet
1686 3533 1743 3580 ut

190 3606 308 3675 ipse
329 3602 429 3658 sibi
454 3618 573 3657 eam
600 3604 832 3674 pr0pria2
869 3606 1144 3661 industriae
1174 3609 1365 3663 studiis
1406 3627 1461 3666 3x
1494 3611 1743 3669 Dei'imi-

191 3699 389 3752 talione
418 3697 804 3764 conscisceret,
850 3713 968 3754 cum
1020 3700 1374 3769 possibilitate
1420 3703 1523 3758 sibi
1566 3699 1742 3773 perle-

186 3788 381 3843 ctionis
423 3788 476 3843 in
526 3788 696 3843 initiis
747 3790 870 3845 data
900 3804 997 3859 per
1029 3792 1279 3862 imaginis
1314 3793 1364 3847 di
1394 3795 1651 3861 ,nitatem,
1686 3798 1738 3851 in

189 3877 295 3934 line
321 3880 533 3935 demum
557 3896 655 3952 per
679 3873 901 3951 operum
930 3881 1286 3952 expletionem
1320 3884 1610 3953 perfectam
1635 3887 1738 3941 sibi

190 3971 302 4042 ipse
329 3973 739 4029 similitudinem
777 3984 1195 4030 consummaret.
1223 3973 1327 4029 Sed
1353 3989 1373 4028 ε
1395 3966 1593 4043 )ertius
1626 3977 1739 4032 hinc

188 4074 242 4121 et
271 4066 572 4122 evidentius
605 4067 676 4121 ita
718 4082 777 4123 se
807 4066 1005 4122 habere
1032 4065 1265 4122 Joannes
1294 4067 1576 4138 apostolus
1607 4069 1736 4124 deﬁ-

189 4159 292 4227 nit,
323 4161 423 4215 boc
454 4160 998 4230 modo-pronuntiaus
1030 4174 1047 4214 :
1083 4177 1102 4210 ι
1126 4159 1323 4224 Filioli,
1355 4161 1589 4217 nondum
1627 4162 1734 4216 sci-

188 4265 308 4306 mus
335 4252 462 4321 quid
509 4251 697 4305 futuri"
722 4267 948 4318 sumus;
989 4251 1033 4306 si
1082 4266 1210 4306 vero
1260 4252 1553 4307 revelatum
1583 4251 1737 4309 nobis

186 4340 347 4397 fuerit
391 4345 457 4399 de
497 4343 806 4405 Salvatorc.
839 4345 955 4399 sine
990 4344 1152 4400 dubio
1200 4345 1412 4412 dicetis,
1446 4341 1660 4401 Similes
1684 4348 1733 4401 ei

1844 3348 2332 3418 et'incorporalium
2359 3364 2467 3403 esse
2511 3352 2769 3417 dicamus,
2800 3368 2915 3423 qua:
2943 3373 3048 3411 non
3079 3362 3266 3415 serviat
3299 3380 3415 3418 cor.

1850 3443 2103 3510 ruptioni,
2136 3459 2194 3497 eo
2225 3444 2363 3514 quod
2392 3461 2495 3497 non
2538 3445 2605 3499 sit
2638 3448 2817 3499 vestita
2847 3452 3067 3518 carporil
3086 3469 3183 3518 us;
3213 3462 3265 3508 et
3298 3456 3414 3509 ubi-

1843 3550 2043 3606 cunque
2090 3551 2306 3604 corpora
2341 3536 2558 3605 fuerint,
2599 3539 2774 3591 statim
2818 3544 3081 3608 corruptio
3125 3546 3412 3618 subsequa-

1843 3637 1947 3681 tur.
1982 3624 2170 3680 Postea
2201 3636 2376 3681 autem
2415 3628 2719 3683 liberabitur
2748 3633 2813 3683 de
2848 3634 3087 3687 servitute
3117 3641 3409 3707 corruptio-

1843 3718 1919 3773 nis
1957 3720 2165 3787 quando
2199 3723 2478 3788 receperint
2518 3724 2739 3790 gloriam
2785 3722 3013 3791 ﬁliorum
3041 3726 3156 3794 bei,
3180 3740 3227 3783 et
3267 3730 3407 3787 Deus

1840 3807 1999 3875 fuerit
2031 3810 2207 3863 omnia
2238 3813 2290 3864 in
2317 3812 2580 3865 omnibus.

1911 3901 1972 3953 Et
2009 3904 2061 3953 in
2099 3903 2285 3965 eodem
2332 3903 2452 3957 loco
2484 3919 2499 3956 :
2535 3903 2600 3957 Ut
2632 3915 2803 3960 autem
2848 3908 3207 3977 incapareum
3247 3912 3407 3979 [ine-rs

1838 3994 2064 4045 omnium
2112 4008 2285 4045 rerum
2332 4010 2441 4048 esse
2492 3996 2791 4059 cudamus,
2839 3998 2933 4052 illa
2973 4016 3057 4053 nos
3119 4000 3407 4057 Saluatoris

1840 4088 2008 4138 oratio
2045 4076 2287 4153 provocat
2326 4086 2379 4139 in
2408 4096 2515 4156 qua
2534 4092 2607 4139 ait
2639 4103 2657 4141 :
2692 4106 2710 4138 ι
2751 4088 2821 4142 Ut
2857 4096 3110 4159 quomodo
3142 4112 3232 4165 ego
3264 4107 3311 4149 et
3352 4108 3409 4150 tu

1840 4193 1996 4230 unum
2024 4193 2224 4241 smnus,
2252 4177 2325 4229 sic
2357 4187 2404 4229 et
2448 4179 2534 4230 isti
2563 4179 2617 4232 in
2648 4179 2793 4232 nobis
2828 4197 2987 4234 unum
3026 4185 3130 4236 sint
3153 4186 3217 4238 5°.
3249 4205 3268 4239 ι
3313 4187 3409 4241 Et-

1835 4267 1968 4321 enim
1998 4267 2131 4319 scire
2158 4266 2397 4320 debemus
2426 4268 2551 4333 quid
2586 4269 2649 4320 sit
2680 4267 2842 4334 Deus,
2872 4281 2919 4322 et
2945 4273 3070 4339 quia
3100 4274 3167 4327 sit
3195 4276 3406 4347 futurus

1835 4359 1889 4411 in
1920 4357 2022 4423 ﬁne
2060 4355 2302 4409 Salvator
2326 4372 2344 4409 :
2375 4368 2425 4409 et
2467 4357 2725 4425 quomodo
2769 4358 2822 4421 in
2874 4361 3067 4412 sancti:
3117 4364 3405 4421 similitudo

184 4435 387 4489 erimus
409 4435 476 4490 ".
509 4455 528 4487 ι
563 4435 666 4491 Per
695 4438 835 4505 quod
876 4437 1177 4515 certissime
1222 4438 1425 4494 indicat
1474 4448 1529 4494 et
1574 4438 1732 4495 linem
1763 4509 1801 4519 _
1838 4447 2015 4502 Patris
2062 4458 2107 4501 et
2157 4446 2287 4500 Filii
2333 4449 2649 4516 repromissa
2693 4450 2799 4513 sit;
2840 4454 3096 4519 quomodo
3130 4455 3182 4507 in
3230 4473 3284 4510 se
3325 4458 3408 4511 illi

184 4522 442 4587 omnium,
477 4537 638 4592 quem
673 4526 843 4578 adhuc
872 4510 973 4579 sibi
1000 4526 1128 4580 dicit
1160 4528 1422 4597 ignotum,
1449 4540 1505 4584 et
1543 4530 1734 4586 simili-
1763 4509 1810 4568 Ῐ)
1835 4545 1998 4593 Δειηιιηι
2032 4548 2173 4603 sunt,
2207 4540 2284 4592 sic
2326 4550 2371 4591 et
2407 4539 2490 4592 isti
2522 4540 2575 4592 in
2624 4544 2697 4593 eis
2746 4558 2906 4595 unum
2948 4544 3074 4598 sint.
3117 4546 3220 4599 Aut
3266 4550 3407 4603 enim

185 4612 422 4667 tudinem
465 4615 557 4670 Dei
588 4618 927 4684 sperandam,
957 4632 1072 4687 qua:
1110 4634 1207 4688 pro
1245 4623 1565 4677 meritorum
1613 4639 1735 4693 per-

186 4703 415 4760 fectione
434 4706 793 4774 praestabitur.
816 4707 930 4775 ipse
958 4725 1170 4778 quoque
1200 4712 1459 4769 Dominus
1485 4715 1537 4769 in
1561 4716 1734 4780 Evan-

182 4797 323 4867 gelia
371 4797 483 4852 hac
524 4798 708 4853 eadem
749 4800 858 4869 (59)
914 4814 1016 4855 ηοιι
1068 4801 1243 4857 solum
1295 4802 1496 4871 futura,
1550 4824 1731 4862 verum

116 4948 121 4951 _
182 4888 342 4944 etiam
370 4888 453 4942 sui
499 4889 883 4946 intercessione
931 4890 1106 4946 futura
1145 4893 1416 4963 designet,
1451 4897 1575 4951 dum
1619 4898 1732 4967 ipse

252 5007 457 5064 “Gen.
491 5023 531 5074 ι,
558 5006 651 5074 26,
672 5008 762 5062 27.
838 5007 1071 5069 “tJoau.
1098 5025 1182 5077 Ill,
1214 5012 1265 5075 Ξ,
1295 5014 1348 5067 5.
1424 5016 1468 5048 ⁸⁸
1497 5016 1652 5076 Joan.
1681 5039 1813 5098 )tvn,
1842 5025 1928 5077 2t.

308 5150 361 5221 6)
390 5151 520 5205 Vide
542 5149 577 5204 Ι.
610 5166 648 5205 ιι
678 5149 1004 5221 0rigenian.,
1030 5165 1082 5218 q-.
1115 5151 1199 5213 l2,
1225 5168 1275 5206 n.
1302 5152 1351 5205 9.

308 5221 360 5290 7)
383 5221 474 5276 Sic
496 5237 626 5275 mss.
654 5221 791 5277 Editi
819 5237 961 5286 vero,
987 5239 1005 5271 ι
1026 5237 1142 5290 qua:
1164 5224 1322 5275 etiam
1361 5222 1484 5275 inis.
1513 5242 1532 5274 ι
1564 5223 1727 5282 Paulo

181 5292 299 5361 post
341 5306 495 5355 mss.,
534 5308 555 5341 ι
597 5301 926 5362 assumptum
972 5302 1117 5360 puto.
1154 5310 1172 5342 ι
1205 5292 1366 5357 Editi,
1401 5312 1418 5343 ι
1454 5307 1725 5362 sumptum

178 5372 385 5432 W00

249 5429 362 5503 (38)
395 5429 470 5483 Ita
511 5444 640 5485 mss.
685 5431 820 5503 Editi
862 5438 1056 5503 autem,
1092 5449 1110 5482 ε
1146 5436 1463 5503 perceperit.
1508 5451 1525 5484 ι
1563 5433 1728 5491 Paulo

179 5500 314 5571 post,
340 5514 469 5571 mss.
492 5538 526 5571 ,_
554 5500 901 5569 possibilitate
946 5501 1046 5571 sibi
1082 5501 1433 5571 perfectionis
1465 5504 1515 5556 in
1562 5506 1731 5563 initiis

182 5568 324 5623 data.
350 5587 369 5620 ι
394 5568 532 5623 Editi
554 5568 829 5633 mendose,
854 5588 871 5639 ι
893 5570 1295 5636 possibilitatem
1312 5574 1407 5626 sibi
1438 5575 1725 5639 perfectio-

181 5641 262 5695 nis
287 5640 542 5695 divinitus
562 5639 765 5692 datam.
799 5657 817 5690 ι
847 5638 1008 5693 Paulo
1035 5640 1172 5693 infra
1204 5656 1353 5707 mss.,
1388 5662 1405 5693 ι
1440 5638 1512 5697 ita
1546 5660 1604 5699 se
1632 5648 1727 5700 lia-

180 5709 307 5764 bere
342 5706 596 5764 Joannes.
632 5725 650 5761 ι
686 5708 847 5772 Editi,
881 5726 900 5759 ι
940 5709 991 5762 in
1019 5724 1079 5764 se
1109 5710 1308 5764 habere
1342 5706 1603 5769 Joannes".
1636 5735 1655 5767 ι

244 5778 358 5847 (59)
387 5778 515 5832 Haec
556 5778 755 5832 eadem.
790 5777 1053 5833 Omittunt
1085 5779 1213 5834 libb.
1260 5780 1408 5843 editi.
1436 5785 1527 5839 sed
1572 5788 1731 5839 resti-

181 5859 336 5905 tuunt
360 5864 522 5906 mss.:
558 5862 681 5903 mox
712 5862 863 5915 mss.,
892 5850 1189 5920 i’dcsignat
1216 5851 1339 5906 dum
1390 5852 1503 5924 ipse
1550 5855 1668 5913 hoc.
1701 5877 1721 5910 ι
1754 5859 1782 5931 _‘

1840 4632 2221 4700 suscipiendum
2254 4640 2328 4684 est
2370 4632 2723 4686 universitatis
2770 4633 2933 4686 Deum
2962 4638 3137 4690 vestiri
3167 4655 3403 4706 corpore,

1840 4732 1886 4777 et
1912 4724 2167 4790 quomodo
2197 4737 2288 4775 nos
2319 4722 2582 4787 carnibus,
2612 4725 2688 4779 sic
2737 4724 2883 4778 illum
2918 4726 3142 4795 qualibet
3183 4733 3404 4784 materia
3443 4784 3447 4788 .

1840 4815 2199 4880 circumdari,
2232 4822 2287 4866 ut
2327 4815 2618 4869 similitudo
2660 4817 2775 4870 vita:
2817 4816 2935 4881 Dei,
2980 4819 3033 4871 in
3075 4818 3401 4884 ﬁne'sanctis
3444 4856 3457 4859 ~

1839 4908 1994 4975 possit
2032 4906 2229 4975 (aquari
2247 4922 2266 4969 ;
2297 4916 2388 4959 aut
2419 4908 2465 4960 si
2494 4906 2589 4962 hoc
2618 4907 2857 4961 indecens
2886 4917 2982 4971 est,
3009 4910 3232 4961 maxime
3257 4912 3399 4978 apud

2027 5022 2072 5053 ⁵⁵
2106 5022 2257 5077 Rom.
2294 5037 2411 5087 rut,
2440 5020 2529 5077 ‘28.
2625 5022 2669 5053 ⁶⁰
2690 5018 2845 5074 Joan.
2870 5034 3004 5083 xm,
3030 5019 3118 5075 2i.

1835 5161 1994 5242 Editi,
2024 5180 2041 5211 ‹
2072 5159 2353 5242 denuntiat
2394 5160 2507 5228 ipse
2528 5158 2825 5242 dum-.1100.
2856 5175 2873 5208 ι
2905 5157 3067 5211 Paul.)
3096 5168 3397 5242 postmss...

1838 5252 1854 5282 ι
1893 5234 1943 5284 in
1972 5246 2079 5300 quo
2114 5230 2223 5298 jam
2258 5231 2487 5284 videtur.
2519 5240 2538 5282 ι
2571 5230 2726 5291 Editi,
2759 5246 2777 5280 ι
2813 5230 2994 5298 inquo
3033 5246 3145 5297 ,‘ain
3187 5230 3396 5285 videbi-

1831 5312 1938 5355 tur.
1978 5321 1998 5353 ο

1904 5371 2013 5438 (40)
2052 5372 2183 5425 Vide
2205 5369 2238 5423 ι.
2268 5386 2302 5423 ιι
2332 5368 2665 5438 0rigenian.,
2687 5384 2742 5437 q.
2774 5368 2861 5433 ll,
2891 5383 3037 5423 num.
3073 5370 3104 5422 7
3139 5378 3194 5422 et
3218 5370 3304 5423 10.

1906 5372 1992 5436 (40
2052 5372 2183 5425 Vide
2205 5371 2238 5423 l.
2268 5386 2302 5423 ιι
2332 5371 2665 5438 0rigenian.,
2687 5384 2742 5437 q.
2774 5371 2861 5433 il,
2891 5383 3037 5423 num.
3073 5371 3104 5422 7
3139 5378 3194 5422 et
3218 5371 3304 5423 10.

1906 5371 2013 5513 (si;
2045 5443 2281 5517 Quiaﬁ,_ut
2317 5439 2495 5517 crebro
2533 5440 2663 5517 jam_
2691 5440 2941 5517 diximus.
2983 5452 3094 5517 e_t_c._
3133 5439 3393 5517 Hierony-

1838 5506 1954 5566 mus
1980 5506 2137 5578 epist.
2164 5511 2248 5571 94,
2285 5510 2349 5561 ad
2376 5509 2616 5571 Avitum,
2652 5509 2765 5563 lucc
2794 5508 2953 5563 refert
2987 5510 3185 5564 dixisse
3206 5506 3394 5575 Origec

1835 5597 1979 5644 nem,
2005 5577 2025 5630 ἑ
2046 5595 2165 5657 cum
2181 5580 2258 5657 _de
2284 5581 2387 5631 line
2410 5577 2687 5647 disputare
2707 5580 2961 5657 coepisset
2980 5596 2993 5642 ;
3012 5598 3048 5657 ﬂ)
3074 5594 3191 5646 qua:
3208 5578 3391 5657 omnia

1833 5662 2016 5717 utpote
2066 5649 2223 5701 nimis
2268 5645 2877 5725 erronea‘prietermisit
2923 5645 3164 5725 Ruﬁnus,
3202 5656 3256 5725 et
3286 5645 3389 5699 alia

1833 5721 1988 5773 nobis
2032 5720 2117 5774 hic
2163 5725 2216 5774 et
2266 5719 2426 5788 paulo
2483 5729 2607 5774 ante
2650 5719 2913 5784 obtrudit,
2951 5730 3008 5774 ut
3058 5718 3255 5785 legenti
3294 5731 3389 5783 p:t~

1836 5790 1987 5851 tebit.
