4074 6308
597 363 729 422 ’1)55

1821 365 1981 423 ORIG
1991 366 2144 424 ENIS
2183 369 2340 423 ΠΕΡΙ
2376 368 2602 423 APXQN

3748 367 3856 424 3'56

622 503 707 540 eos
736 486 824 555 qui
852 483 1030 538 saltem
1076 500 1139 538 ex
1167 477 1384 536 minima
1414 498 1561 552 parte
1622 485 1713 540 Dei
1753 490 1944 540 sentire
1979 488 2190 554 cupiunt
2225 495 2264 550 Α
2299 487 2549 541 omnibus
2570 486 2749 541 omnia
2782 487 2978 542 dicitur
3021 501 3141 542 esse
3175 486 3334 550 Deus,
3373 486 3640 558 significet
3681 489 3853 542 etiam

621 580 968 649 majestatem,
1000 587 1046 632 et
1093 578 1336 647 ingenin
1365 589 1518 645 atque
1559 580 1732 632 omnia
1765 581 2058 634 excedentis
2097 598 2186 634 na.

621 681 757 727 time
783 671 1006 741 gloriam
1050 672 1340 738 suspicari;
1379 688 1406 725 e
1434 673 1637 727 duobus
1676 666 1898 726 alterum
1932 667 2190 738 suscipere

612 763 879 831 cogimur,
923 770 982 813 ut
1035 769 1126 813 aut
1181 761 1508 827 desperemus
1550 761 1948 814 similitudinem
1995 760 2106 821 Dei,
2144 761 2190 814 si

619 854 798 919 eadem
830 868 1029 919 semper
1057 867 1236 904 sumus
1265 866 1481 918 corpora
1525 851 1779 913 habituri,
1819 861 1908 906 aut
1939 853 1982 904 si
2029 853 2191 906 beali-

621 941 746 994 tudo
795 941 941 994 nobis
976 939 1215 1008 ejusdem
1265 955 1382 992 cum
1423 938 1526 993 Deo
1571 941 1688 994 uitta
1727 942 2066 1008 promittitur,
2100 959 2189 995 ea-

618 1032 738 1084 dem
771 1046 872 1097 qua
919 1031 1041 1083 vivit
1093 1029 1248 1094 Deus,
1279 1031 1425 1083 nobis
1455 1029 1747 1082 conditione
1779 1030 2048 1083 viendum
2086 1041 2183 1086 est.

721 1120 832 1190 (42)
887 1120 1214 1191 [Λεγομένου
1275 1119 1367 1172 τοῦ

593 1210 754 1266 ,Θεοῦ
799 1212 979 1265 πάντα
1023 1211 1271 1279 γενέσθαι
1312 1213 1369 1263 ὲν

619 1305 816 1368 πᾶσιν,
861 1301 1048 1374 ὥσπερ
1099 1303 1159 1354 οὐ
1207 1300 1368 1354 δυνά-

622 1398 760 1469 μεθα
789 1397 985 1451 κακίαν
1029 1397 1365 1460 καταλιπεῖν,

618 1491 738 1545 οὔτε
777 1491 910 1555 Θεὸς
950 1491 1124 1545 πάντα
1161 1490 1366 1559 γίνεται

618 1590 677 1641 ἐν
700 1590 886 1652 πᾶσιν,
905 1587 1024 1640 οὐδὲ
1044 1584 1212 1654 ἄλογα
1230 1584 1365 1650 ζῶα,

618 1685 706 1738 ἵνα
765 1684 838 1756 μὴ
889 1683 984 1736 καὶ
1026 1684 1083 1734 ὲν
1132 1681 1297 1751 κακίᾳ
1340 1683 1368 1733 ὁ

619 1779 750 1842 Θεὸς
777 1777 1012 1847 γίνηται,
1042 1758 1148 1830 uati
1170 1779 1226 1829 ἐν
1258 1775 1372 1828 ἀλό-

621 1891 737 1942 γοις
768 1873 954 1938 ζώοις*
997 1871 1110 1925 ἀλλ’
1157 1871 1277 1923 οὐδὲ
1307 1870 1371 1923 ἅ-

620 1969 786 2039 ψυχα,
819 1969 904 2022 ἵνα
941 1967 1014 2038 μὴ
1056 1966 1151 2018 καὶ
1182 1966 1239 2018 ἐν
1280 1965 1374 2017 αὑ-

622 2063 732 2122 τοῖς
783 2061 811 2112 ὸ
868 2057 1021 2120 Θεὸς,
1053 2057 1141 2109 ὅτε
1195 2055 1371 2109 πάντα

629 2148 846 2217 γίνεται.
880 2145 1066 2209 Οὕτως
1105 2146 1224 2198 οὐδὲ
1263 2144 1368 2198 σώ-

625 2257 789 2312 ματα,
825 2240 982 2293 ἅτινα
1021 2241 1084 2310 τῇ
1137 2238 1241 2309 ἰδίᾳ
1273 2236 1370 2306 φύ-

624 2349 705 2385 σει
741 2329 924 2401 ἄψυχᾶ
953 2331 1117 2383 ἐστιν.

836 2436 990 2475 νεκς.
1033 2435 1156 2474 κον.

693 2511 824 2565 Cum
853 2510 990 2564 Deus
1017 2511 1229 2563 dicatur
1253 2509 1370 2576 ﬁeri

622 2608 795 2662 omnia
826 2610 880 2659 in
907 2605 1164 2670 omnibus,
1199 2621 1371 2674 quem-

621 2701 902 2752 admodum
951 2712 1052 2749 non
1093 2711 1370 2758 possumus

621 2803 854 2847 asserere
916 2786 1239 2855 nequitiam,
1296 2785 1371 2837 ita

622 2896 782 2949 neque
824 2878 962 2945 Deus
1004 2877 1062 2944 ﬁt
1105 2876 1280 2929 omnia
1315 2875 1369 2926 in

622 2972 882 3037 omnibus,
930 2983 1089 3038 neque
1133 2971 1186 3019 id
1231 2965 1368 3036 quod

621 3073 742 3116 sunt
795 3063 971 3125 bruta,
1021 3075 1083 3114 ne
1130 3059 1268 3115 Deus
1303 3059 1367 3110 sit

621 3169 826 3226 quoque
875 3155 929 3205 in
984 3152 1188 3205 malitia
1237 3159 1282 3204 et
1315 3153 1369 3202 in

1507 1118 1562 1172 2.
1611 1119 1742 1173 Cum
1790 1133 1920 1186 ergo
1974 1120 2025 1172 in
2078 1119 2183 1183 line

1443 1209 1580 1264 lteus
1624 1224 1743 1264 esse
1794 1208 1976 1263 omnia
2035 1218 2089 1263 et
2135 1211 2185 1264 in

1440 1302 1691 1359 omnibus
1705 1302 2074 1372 promittatur,
2091 1302 2188 1357 sic-

1443 1403 1502 1448 ut
1544 1407 1884 1463 consequens
1920 1403 2003 1448 est
2048 1393 2186 1466 (45),

1444 1503 1545 1540 non
1571 1495 1653 1542 est
1682 1487 1971 1556 putandum
2006 1489 2188 1542 venire

1441 1581 1506 1640 ad
1541 1578 1684 1632 illum
1718 1579 1876 1634 linem
1912 1580 2182 1648 animalia,

1442 1671 1524 1726 vel
1571 1685 1788 1740 pecora,
1837 1671 1919 1725 vel
1967 1672 2184 1738 bestias,

1443 1784 1511 1822 ne
1540 1772 1702 1822 ctiam
1738 1769 1790 1822 in
1843 1769 2182 1835 animalibus,

1443 1873 1535 1916 aut
1561 1862 1868 1928 pecoribus,
1897 1862 1980 1915 vel
2001 1863 2187 1916 bestiis

1447 1957 1587 2013 Deus
1618 1958 1790 2013 inesse
1837 1960 2184 2028 designetur;

1443 2049 1534 2102 sed
1561 2062 1656 2102 nec
1680 2048 1823 2116 ligna
1845 2049 1926 2101 vel
1961 2048 2187 2118 lapides,

1444 2155 1511 2194 ne
1564 2141 1614 2192 in
1669 2139 1754 2193 his
1806 2155 2022 2208 quoque
2069 2155 2189 2195 esse

1441 2233 1654 2286 dicatur
1703 2231 1862 2286 Deus.
1914 2231 2068 2303 153
2111 2232 2187 2288 Ita

1442 2341 1509 2380 ne
1558 2326 1716 2380 ullam
1770 2329 1984 2394 quidem
2031 2327 2188 2380 mali-

1419 2421 1568 2473 ‘tiam
1613 2418 1678 2471 ad
1720 2417 1864 2471 illum
1905 2419 2061 2472 linem
2093 2434 2187 2487 pn-

1444 2509 1663 2565 tandum
1716 2517 1799 2563 est
1848 2509 2126 2579 pervenire
2169 2526 2184 2564 :

1443 2615 1509 2653 ne
1537 2600 1662 2654 dua]
1694 2600 1745 2653 in
1771 2602 2021 2656 omnibus
2049 2601 2188 2656 Deus

1442 2705 1560 2745 esse
1584 2692 1803 2755 dicitur,
1825 2693 1986 2746 etiam
2015 2693 2066 2745 in
2092 2694 2189 2745 ali-

1441 2798 1547 2852 quo
1581 2783 1796 2862 malitiae
1843 2784 2064 2838 vasculo
2107 2786 2188 2839 in-

1441 2890 1562 2931 esse
1595 2876 1824 2930 dicatur.
1871 2876 2004 2931 Nam
2046 2886 2100 2931 et
2142 2878 2185 2931 si

1443 2984 1581 3028 nunc
1634 2984 1847 3041 quoque
1893 2970 2090 3039 ubique
2133 2979 2189 3023 et

1441 3060 1494 3112 in
1525 3062 1775 3116 omnibus
1806 3061 2032 3116 dicimus
2064 3045 2186 3117 esse

2294 580 2344 632 in
2400 577 2625 649 singulis
2656 593 2782 633 eum
2839 580 3017 634 omnia
3064 594 3205 634 esse.
3243 578 3349 632 Per
3391 578 3630 650 singulos
3666 590 3854 633 autem

2289 670 2470 725 omnia
2495 670 2600 726 erit
2625 670 2727 725 hoc
2750 671 2932 738 modo,
2957 679 3015 725 ut
3036 670 3298 740 quidquid
3328 670 3664 725 rationabilis
3694 685 3855 726 mens

2288 772 2582 832 expurgata
2613 762 2851 817 omnium
2883 763 3135 817 vitiorum
3165 763 3310 827 faece,
3343 772 3504 832 atque
3528 764 3672 818 omni
3701 764 3856 834 peni-

2293 862 2378 907 tus
2407 853 2655 908 ahstersa
2685 855 2826 909 nube
2877 853 3117 922 malitia',
3163 855 3246 936 vel
3277 857 3499 917 sentire,
3538 853 3620 910 vel
3652 854 3858 909 intelli-

2289 958 2438 1014 gere,
2465 946 2548 997 vel
2577 943 2818 1011 cogitare
2858 953 3054 1014 potest,
3083 944 3261 999 omnia
3298 945 3435 998 Dens
3459 945 3556 1008 sit,
3588 958 3686 999 nec
3711 945 3857 999 ultra

2283 1039 2392 1108 jam
2421 1039 2566 1094 aliud
2609 1039 2810 1108 aliquid
2857 1040 2957 1093 nisi
2991 1040 3154 1095 Deum
3204 1039 3402 1104 videat,
3438 1037 3605 1093 Deum
3651 1046 3856 1101 teneat,

2288 1136 2468 1188 omnis
2525 1140 2701 1189 motus
2745 1134 2824 1187 sui
2863 1133 3002 1187 Deus
3031 1131 3220 1187 modus
3248 1133 3302 1185 et
3354 1143 3605 1185 mensura
3641 1131 3754 1194 sit;
3806 1138 3860 1184 et

2289 1227 2362 1281 ita
2409 1228 2514 1281 erit
2563 1227 2743 1282 omnia
2803 1227 2977 1281 Deus:
3025 1239 3127 1281 non
3186 1225 3331 1279 enim
3373 1222 3484 1294 jam
3541 1225 3685 1277 ultra
3729 1223 3858 1278 boni

2288 1321 2525 1390 malique
2570 1319 2855 1382 discretio,
2905 1318 3028 1388 quia
3083 1331 3349 1386 nusquam
3398 1313 3627 1378 malum;
3675 1316 3859 1369 omnia

2286 1413 2430 1465 enim
2465 1413 2602 1465 Dens
2635 1421 2738 1474 est,
2779 1410 2864 1463 cui
2905 1410 3014 1478 jam
3051 1424 3154 1462 non
3199 1407 3411 1475 adiacet
3460 1406 3700 1469 malum;
3758 1421 3860 1460 nec

2288 1504 2428 1556 ultra
2457 1518 2522 1556 ex
2560 1504 2753 1558 arbore
2785 1501 2994 1556 sciendi
3043 1490 3241 1556 bonum
3291 1510 3349 1552 et
3394 1497 3594 1552 malum
3629 1499 3861 1549 mando-

2287 1606 2412 1644 care
2457 1591 2821 1661 concupiscet,
2868 1590 2959 1658 qui
2990 1587 3204 1658 semper
3233 1589 3285 1642 in
3322 1589 3465 1642 bono
3509 1593 3612 1652 est,
3671 1596 3727 1639 et
3776 1587 3862 1640 cui

2286 1683 2464 1736 omnia
2501 1683 2640 1736 Deus
2676 1691 2776 1738 est.
2815 1681 2904 1737 Sic
2944 1697 3071 1754 ergo
3101 1681 3223 1736 linis
3252 1681 3318 1734 ad
3345 1681 3676 1751 principium
3709 1696 3860 1750 repa-

2256 1785 2459 1838 .ratus,
2513 1783 2567 1830 et
2618 1790 2796 1829 rerum
2856 1775 3035 1829 exitus
3089 1771 3317 1828 collatus
3364 1772 3557 1838 initiis,
3613 1774 3865 1826 restituet

2292 1868 2435 1921 illum
2462 1876 2683 1923 statum"
2703 1880 2862 1936 quem
2899 1877 3027 1922 tunc
3052 1865 3239 1920 habuit
3269 1874 3462 1920 natura
3496 1864 3862 1930 rationabilis,

2291 1976 2410 2014 cum
2456 1961 2519 2015 de
2567 1960 2710 2030 ligno
2747 1959 2948 2013 sciendi
2981 1960 3178 2014 bonum
3209 1968 3263 2012 et
3318 1957 3521 2010 malum
3573 1959 3865 2012 comedere

2291 2068 2396 2106 non
2424 2053 2652 2120 egebat;
2706 2059 2764 2105 ut
2799 2059 2982 2105 amoto
3032 2047 3179 2103 omni
3215 2048 3433 2103 malitize
3467 2063 3650 2113 sensu,
3680 2059 3735 2103 et
3797 2049 3864 2103 ad

2290 2144 2558 2198 sincerum
2610 2157 2912 2211 purumque
2973 2143 3211 2203 deterso,
3262 2141 3408 2195 solus
3452 2140 3541 2208 qui
3589 2150 3671 2195 est
3723 2156 3865 2195 unus

2291 2232 2466 2286 bonus
2507 2231 2646 2284 Deus
2677 2231 2770 2284 Ilio
2811 2231 2861 2284 ei
2909 2230 3002 2283 liat
3052 2231 3254 2296 omnia,
3308 2238 3364 2284 et
3418 2246 3526 2285 non
3566 2230 3618 2284 in
3672 2232 3868 2300 paucis

2290 2324 2561 2392 aliquibus
2594 2323 2676 2377 vel
2706 2321 2970 2390 pluribus,
3003 2321 3095 2376 sed
3136 2322 3188 2375 in
3221 2321 3473 2377 omnibus
3503 2323 3615 2391 ipse
3644 2324 3718 2376 sit
3743 2339 3867 2377 om-

2290 2417 2376 2470 nia
2405 2414 2538 2486 (45).
2570 2414 2704 2469 Cum
2730 2412 2842 2480 jam
2897 2429 3162 2482 nusquam
3221 2429 3386 2478 mors,
3423 2428 3686 2482 nusquam
3732 2430 3868 2468 acu-

2290 2506 2404 2561 leus
2450 2506 2656 2564 mortis.
2721 2519 2985 2571 nusquam
3039 2499 3260 2559 omnino
3291 2504 3515 2566 malum,
3547 2513 3678 2558 tunc
3732 2519 3866 2560 vere

2290 2599 2429 2652 Dens
2467 2597 2648 2651 omnia
2690 2595 2744 2648 in
2769 2595 3023 2651 omnibus
3055 2595 3179 2650 erit.

2361 2687 2558 2742 Verum
2585 2687 2697 2757 (46)
2731 2688 2884 2741 istam
2913 2702 3037 2757 per-

2291 2781 2577 2837 fectionem
2615 2779 2726 2850 (47)
2758 2794 2821 2833 ac
2865 2780 3037 2835 beati-

2293 2872 2530 2937 tudinem
2610 2870 3031 2933 ,rationabilium

2289 2973 2683 3029 creaturarum,
2742 2959 2828 3015 vel
2878 2970 3029 3015 natu-

2291 3071 2494 3118 rarum,
2542 3055 2615 3108 ita
2661 3055 2875 3108 demum
2918 3055 3037 3122 qui-

1444 3150 1630 3214 Deum,
1661 3167 1758 3222 pro
1781 3168 1846 3207 eo
1879 3153 2021 3222 quod
2049 3154 2178 3208 nihil
2208 3154 2253 3215 c
2286 3148 2407 3208 dam
2432 3161 2747 3218 permanere
2771 3147 2823 3200 in
2846 3148 3034 3201 eodem

624 3246 792 3299 brutis
859 3241 1215 3307 animalibus;
1281 3241 1369 3293 sed

627 3352 794 3406 neque
823 3337 879 3406 ﬁt
909 3336 1059 3404 “quod
1100 3344 1217 3387 sunt
1250 3334 1372 3384 ina-

624 3429 844 3496 nimata,
892 3446 954 3483 ne
1002 3431 1069 3482 sit
1118 3429 1274 3480 etiam
1315 3428 1370 3481 in

625 3522 752 3585 illis,
803 3524 1012 3591 quando
1056 3522 1118 3588 ﬁt
1171 3520 1367 3574 onmia.
1446 3519 1498 3573 in
1535 3518 1726 3588 quibus
1749 3530 1850 3574 est.
1884 3517 2037 3576 Unde
2063 3520 2186 3574 dili-

623 3615 710 3672 Ita
734 3632 893 3686 neque
911 3615 970 3684 ﬁt
993 3615 1129 3684 quod
1152 3629 1372 3682 corpora
1441 3612 1653 3682 gentius
1727 3611 2036 3666 intuendum
2105 3621 2186 3667 est

621 3717 763 3772 sunt,
797 3723 911 3771 qua:
934 3706 1147 3775 propria
1178 3713 1370 3760 natura
1407 3741 1410 3744 ~
1441 3704 1597 3774 quale
1627 3700 1852 3759 esthoc
1883 3703 2025 3774 quod
2058 3721 2184 3774 per-

623 3798 858 3851 inanima
888 3795 1058 3867 sunt]
1445 3794 1730 3851 lectionem
1837 3792 2184 3853 beatitudinis

625 3904 914 3958 rerumque
946 3887 1103 3941 linem
1132 3872 1443 3958 signitical';
1476 3889 1617 3956 quod
1653 3903 1756 3942 non
1785 3888 1954 3942 solum
1985 3889 2037 3942 in
2067 3905 2184 3943 om-

625 3982 785 4036 nibus
815 3980 927 4049 (44)
954 3991 1073 4034 esse
1106 3979 1304 4032 dicitur
1356 3979 1520 4040 Deus,
1567 3981 1658 4033 sed
1693 3980 1856 4033 etiam
1898 3980 2078 4033 omnia
2129 3980 2181 4032 in

622 4071 898 4127 omnibus.
924 4069 1051 4137 Quae
1082 4072 1194 4125 sint
1230 4085 1357 4140 ergo
1403 4070 1504 4124 ista
1541 4071 1722 4124 omnia
1765 4086 1884 4141 quae
1929 4071 2068 4125 Deus
2097 4069 2184 4123 lu-

626 4169 780 4216 turus
811 4159 881 4214 sit
909 4160 959 4214 in
992 4161 1263 4224 omnibus,
1293 4162 1656 4228 requiramus.

693 4251 747 4306 5.
785 4249 851 4305 Ει
903 4265 1004 4321 ego
1049 4252 1267 4320 quidem
1303 4251 1558 4317 arbitror,
1611 4252 1735 4320 quia
1785 4252 1886 4307 boc
1931 4253 2070 4321 quod
2125 4253 2213 4307 in'

1441 3252 1618 3312 potest
1648 3257 1769 3298 esse
1798 3259 2021 3299 vacuum
2055 3240 2183 3309 Deo,

1443 3350 1546 3388 non
1590 3343 1765 3389 tamen
1814 3336 1886 3390 ita
1941 3351 2064 3390 esse
2106 3337 2187 3389 di-

1444 3427 1633 3494 cimus,
1663 3437 1718 3480 ut
1743 3429 1918 3482 Omnia
1948 3430 2018 3482 sit
2043 3445 2184 3485 nunc

691 4416 808 4486 (42)
836 4410 1166 4486 Λεγομένου
1210 4417 1313 4470 τοῦ
1345 4415 1513 4471 Θεοῦ.
1556 4415 1726 4472 Locus
1773 4417 2080 4471 hic‘exslat
2124 4419 2188 4473 ad

624 4487 830 4542 calcem
862 4488 1098 4553 epistola:
1143 4486 1432 4541 Iustiniani
1475 4488 1817 4554 imperatoris
1848 4487 1913 4540 ad
1959 4487 2187 4544 Menam.

696 4534 1458 4625 asin;defuissem,
1476 4534 2187 4613 ’ἑζῖἑίιῐ’ἐόἑῖςὲιῖῑεῖἶᾶἓέἰῗὶ
2223 4534 2266 4589 D

626 4623 794 4678 Paulo
819 4635 943 4747 post
983 4641 1136 4689 mss.,
1170 4642 1187 4674 ‹
1221 4641 1288 4678 ne
1338 4625 1389 4677 in
1440 4626 1522 4678 bis
1563 4641 1774 4696 quoque
1817 4641 1936 4682 esse
1981 4627 2191 4682 dicatur

628 4693 788 4747 Deus.
845 4705 893 4745 ta
928 4709 993 4747 ne
1019 4694 1177 4747 ullam
1213 4695 1447 4747 quidem.
1493 4712 1509 4744 ι
1543 4696 1702 4747 Editi.
1732 4714 1752 4746 ‹
1785 4707 1838 4747 ut
1868 4698 1918 4747 in
1947 4697 2031 4747 his
2057 4712 2191 4747 ano-

628 4693 788 4747 Deus.
819 4693 893 4747 Ita
928 4709 993 4748 ne
1019 4694 1177 4747 ullam
1213 4695 1447 4760 quidem.
1493 4712 1509 4744 ι
1543 4693 1702 4759 Editi,
1732 4714 1752 4746 ‹
1785 4707 1838 4748 ut
1868 4698 1918 4749 in
1947 4697 2031 4751 his
2057 4712 2191 4763 quo-

627 4777 732 4830 que
757 4778 876 4817 esse
900 4765 1111 4818 dicatur
1142 4763 1300 4816 Deus.
1334 4763 1406 4816 Ita
1439 4778 1536 4818 nec
1562 4765 1722 4819 ullam
1745 4766 1983 4833 quidem.
2019 4786 2036 4817 ι
2067 4767 2188 4820 Mox

627 4847 784 4895 mss.,
815 4853 832 4885 ί
871 4835 922 4888 in
952 4834 1130 4900 aliquo
1176 4833 1390 4886 malitia:
1430 4833 1643 4887 vasculo
1678 4835 1868 4889 inesse.
1901 4855 1918 4887 ι
1950 4837 2000 4888 In
2033 4838 2190 4890 editis

626 4902 799 4973 deest.
833 4921 851 4954 t
889 4903 1132 4963 malitia),
1170 4919 1188 4952 ι
1220 4912 1393 4969 etpro
1427 4921 1444 4952 (
1479 4904 1655 4956 inesse
1691 4921 1708 4953 ι
1741 4904 1929 4973 legitur
1956 4923 1973 4954 ‹
2004 4921 2140 4959 esse.
2163 4925 2184 4958 ι

700 4972 812 5042 (44)
867 4973 1017 5036 Quod
1078 4989 1176 5024 non
1226 4974 1394 5042 solum
1452 4973 1506 5023 in
1554 4972 1939 5026 omnibusesse
1987 4976 2184 5026 dicitur

629 5038 803 5105 Deus,
857 5045 946 5095 sed
1003 5045 1158 5094 etiam
1217 5041 1386 5093 omnia
1445 5042 1498 5093 in
1540 5042 1795 5095 omnibus.
1845 5042 1967 5097 Haec
1996 5045 2187 5097 desunt

629 5111 684 5166 in
715 5120 870 5167 antea
922 5112 1100 5175 editis,
1155 5113 1247 5165 sed
1297 5112 1346 5164 in
1383 5112 1632 5164 omnibus
1685 5110 1948 5166 habentur
1989 5115 2187 5168 nostris

630 5195 760 5234 IDSS.

702 5248 813 5320 (45)
851 5248 913 5301 Et
941 5266 1040 5302 non
1074 5251 1125 5300 in
1159 5252 1337 5313 paucis
1379 5248 1640 5320 aliquibus
1677 5249 1774 5303 vel
1803 5248 2062 5319 pluribus,
2097 5254 2184 5305 sed

629 5320 682 5372 in
714 5318 963 5371 ‘omnibus
999 5321 1102 5386 ipse
1147 5322 1213 5371 sit
1259 5318 1472 5373 omnia.'
1503 5319 1626 5374 llaec
1659 5318 1872 5388 quoque
1922 5321 1972 5371 in
2027 5332 2183 5375 antea

629 5390 789 5441 editis
823 5389 1194 5441 desiderantur
1222 5403 1338 5457 qua:
1370 5390 1536 5444 nostri
1577 5405 1705 5444 mss.
1737 5390 2048 5444 restituunt.

702 5457 811 5528 (46)
842 5457 1007 5528 Caute
1034 5458 1168 5523 lege.

704 5525 812 5598 (47)
864 5525 1046 5579 Verum
1086 5529 1238 5579 istam
1281 5527 1668 5597 perfectionem,
1707 5539 1811 5582 etc.
1845 5530 1970 5583 Milli
2029 5529 2183 5583 valde

631 5599 734 5650 hoc
763 5598 877 5668 loco
912 5598 1081 5649 adhuc
1112 5611 1358 5666 suspecta
1382 5610 1464 5653 est
1489 5601 1794 5668 interpretis
1824 5601 1999 5653 Ruﬁni
2029 5602 2180 5653 lides.

632 5666 1010 5731 l’ervulgatum
1044 5668 1238 5734 quippe
1272 5669 1518 5736 Origenis
1559 5666 1747 5734 dogma
1797 5670 1861 5723 de
1904 5670 2183 5723 bealarum

634 5737 937 5809 animarum
964 5737 1197 5809 peccatis
1228 5746 1282 5809 et
1311 5738 1567 5809 lapsibus,
1612 5740 1662 5790 in
1700 5740 1833 5809 alios
1863 5738 2183 5809 interpretaf

640 5807 782 5864 tione
819 5820 914 5861 sua
944 5805 1215 5860 transfert.
1252 5807 1554 5874 Quinetiam
1591 5808 1731 5876 quod
1763 5807 1883 5864 aliis
1909 5805 2182 5886 ascribed;

2285 3249 2426 3296 statu
2458 3254 2565 3311 quo
2594 3249 2776 3308 supra
2797 3237 3033 3292 diximus

2286 3323 2495 3405 putant,
2543 3333 2595 3386 id
2642 3339 2725 3387 est
2774 3331 3034 3408 utDeum

2286 3424 2466 3478 omnia
2501 3424 2758 3487 habeant,
2803 3432 2856 3477 et
2897 3424 3036 3478 Deus

2286 3516 2368 3569 eis
2404 3515 2475 3569 sit
2503 3514 2703 3578 omnia,
2734 3516 2778 3568 si
2809 3513 3036 3569 nullate-

2288 3625 2388 3664 nus
2422 3623 2516 3664 eas
2542 3608 2777 3663 societas
2822 3618 3033 3662 natura:

2287 3697 2586 3771 corporalis
2612 3712 2866 3757 amoveat
2895 3702 3026 3772 (48).

2284 3797 2535 3867 Alioquin
2577 3797 2887 3852 existimant
2920 3797 3033 3868 glo-

2287 3889 2420 3945 riam
2444 3907 2665 3944 summa:
2686 3875 3033 3947 beatitudinis

2287 3981 2556 4050 impediri,
2623 3983 2665 4036 si
2738 3983 3034 4037 materialis

2290 4073 2604 4127 substantia:
2678 4073 3034 4129 interseratur

2290 4163 2563 4219 admistio.
2604 4165 2676 4220 De
2700 4181 2802 4234 qua
2839 4181 2893 4219 re
2924 4166 3036 4234 ple-

2288 4253 2409 4308 nius
2437 4269 2465 4306 a
2509 4254 2663 4309 nobis
2692 4270 2811 4324 quae
2839 4255 2891 4307 in
2939 4269 3034 4308 su-

3143 2704 3462 2744 INTEBPBBT.
3513 2703 3833 2746 ιιιειιοιηιῐ.

3155 2780 3263 2836 Nec
3279 2783 3494 2836 dubium
3509 2794 3583 2837 est
3601 2785 3729 2853 quin
3748 2795 3866 2854 post

3105 2876 3347 2946 qutcdam
3394 2876 3672 2931 intervalla
3728 2887 3866 2931 tem-

3107 2957 3293 3036 porum
3369 2984 3552 3023 rursus
3633 2972 3867 3025 materia

3105 3061 3375 3125 subsistat,
3396 3073 3441 3114 et
3461 3078 3685 3131 corpora
3710 3065 3865 3130 ﬁant,

3106 3159 3156 3206 et
3187 3153 3367 3205 mundi
3407 3154 3683 3208 diversitas
3717 3172 3867 3213 .cou-

3104 3253 3343 3298 struatur
3410 3257 3619 3322 propter
3686 3248 3867 3304 uarias

3105 3338 3394 3393 voluntates
3460 3339 3869 3396 rationabilis".

3104 3441 3466 3485 creaturarum
3539 3448 3657 3502 quc
3741 3447 3866 3502 post

3103 3522 3383 3591 perfectam
3485 3524 3873 3596 beatitudinem.

3107 3632 3265 3687 usque
3307 3617 3381 3670 ad
3420 3616 3575 3685 ﬁnem
3625 3620 3868 3673 omnium

3103 3726 3277 3763 rerum
3313 3710 3569 3778 paulatim
3601 3713 3672 3766 ad
3719 3714 3866 3784 infe-

3105 3801 3246 3854 riora
3273 3800 3500 3869 delapste
3517 3813 3724 3858 tantam
3745 3823 3869 3861 ma-

3103 3890 3274 3944 litiam
3316 3902 3636 3961 receperunt,
3693 3907 3748 3949 ut
3809 3899 3868 3952 in

3104 3986 3424 4037 contrarium
3510 3997 3864 4056 verterentur,

3107 4074 3230 4126 dum
3263 4074 3443 4128 nolunt
3471 4092 3682 4131 servare
3713 4082 3867 4150 prin-

3107 4166 3332 4233 cipium,
3387 4176 3436 4220 et
3493 4168 3868 4240 incorruptam

3108 4253 3474 4321 beatitudinem
3564 4261 3861 4322 possidere.

2285 4428 2400 4475 ‘tem
2429 4419 2712 4491 Origenem
2747 4422 2972 4485 inducit,
3010 4421 3060 4475 id
3090 4421 3457 4491 confutantem
3502 4421 3677 4491 ipsum
3706 4427 3866 4481 exhi-

2299 4492 2387 4545 bet
2417 4489 2554 4562 inl'ra
2588 4507 2735 4546 num.
2765 4491 2817 4552 6,
2854 4492 2935 4545 his
2961 4492 3178 4547 verbis:
3222 4511 3240 4544 ι
3278 4489 3333 4543 1η
3364 4505 3472 4562 quo
3492 4489 3632 4548 statu
3657 4495 3866 4562 (beati-

2295 4561 2514 4630 tudinis)
2544 4562 2707 4614 etiam
2736 4575 3054 4629 permanere
3091 4577 3304 4629 semper
3340 4571 3396 4615 et
3442 4561 3866 4622 immntabiliter

2292 4629 2567 4701 Creatoris
2596 4631 2868 4694 voluntate
2907 4640 2986 4683 est
3016 4634 3365 4696 credendum,
3402 4649 3420 4683 ι
3454 4641 3560 4686 etc.
3592 4633 3866 4701 Suspicor

2293 4699 2474 4768 itaque
2521 4699 2636 4753 hate
2676 4701 2855 4753 omnia
2900 4701 2964 4754 de
3011 4717 3108 4756 suo
3165 4701 3414 4754 Ruﬁnum
3455 4699 3758 4758 attesuisse
3806 4720 3866 4761 et

2290 4781 2391 4841 pro
2419 4769 2488 4841 iis
2515 4769 2821 4823 obtrudisse
2852 4784 2968 4841 qua:
3017 4771 3170 4826 initio
3199 4770 3582 4841 hujusqcapitis
3610 4788 3764 4827 num.
3803 4777 3860 4841 l,

2289 4846 2344 4890 et
2381 4838 2466 4891 hic
2498 4841 2818 4910 ex__epistola
2854 4840 3161 4910 Hieronymi
3195 4838 3503 4896 ad'Avitum
3554 4838 3861 4910 repraesen;

2292 4907 2756 4980 tantur._Videsis
2798 4909 2888 4964 lib.
2929 4925 2964 4963 η
3014 4907 3341 4980 Drigenian.,
3374 4925 3429 4979 q.
3464 4911 3551 4976 ll,
3595 4907 3749 4965 lium.
3795 4915 3853 4968 9.

2361 4975 2468 5049 (48)
2495 4977 2586 5049 Sic
2632 4994 2764 5034 mss.
2798 4981 2937 5034 Editi
2983 4975 3260 5046 mendose,
3295 4975 3334 5030 «⁷
3363 4975 3629 5049 corporali
3655 4981 3853 5038 admo-

2289 5059 2425 5119 veat.
2452 5047 2486 5099 ἰ
2531 5047 2697 5103 Paulo
2736 5059 2854 5117 post
2881 5065 3034 5111 mss.,
3077 5068 3095 5099 ι
3133 5049 3383 5118 quoniam
3426 5047 3566 5117 apud
3614 5052 3861 5119 Aposto-

2289 5115 2398 5192 lum
2437 5115 2763 5192 mentionem
2801 5119 3058 5192 spiritalis
3093 5115 3336 5192 corporis
3370 5115 3677 5192 invenimus
3707 5136 3858 5192 qna-

2287 5184 2606 5259 liler_etiam
2638 5188 2761 5241 inde
2786 5184 2996 5259 sentiri.
3039 5207 3057 5240 ο
3093 5184 3254 5255 Ediii,
3286 5207 3304 5240 ι
3340 5189 3590 5255 quoniam
3631 5184 3857 5259 apo'sm-

2287 5253 2405 5329 lum»
2419 5256 2638 5329 Paulum
2669 5258 2990 5329 mentionem
3014 5253 3268 5328 spiritalis
3285 5253 3472 5329 [eciSSe
3498 5253 3850 5329 invenimus;

2287 5327 2520 5398 qualiter
2566 5327 2743 5398 etiam
2778 5327 3168 5381 mihiseutiri.
3223 5347 3241 5380 ι
3295 5327 3462 5382 Paulo
3511 5329 3649 5383 infra
3684 5327 3852 5398 mss.,

2293 5411 2310 5442 ι
2352 5397 2509 5465 talem
2553 5397 2837 5465 quamdam
2882 5412 3000 5451 esse
3026 5399 3305 5454 sentimus.
3347 5417 3368 5452 ι
3407 5399 3566 5464 Editi,
3609 5417 3631 5451 ι
3673 5397 3852 5457 talem

2285 5463 2500 5530 quidem
2530 5463 2653 5520 esse
2683 5469 2963 5521 sentimus.
3006 5486 3022 5518 ι
3059 5467 3178 5522 Mox
3217 5484 3372 5533 mss.,
3403 5486 3422 5521 ι
3461 5463 3646 5522 verum
3671 5473 3852 5526 etiam

2284 5546 2497 5587 onmem
2551 5536 2697 5596 illam
2744 5546 3069 5590 creaturam.
3115 5556 3133 5588 ι
3163 5539 3215 5592 lu
3263 5540 3421 5594 editis
3476 5541 3625 5592 deest
3663 5555 3683 5591 ‹
3724 5557 3854 5596 om-

2287 5617 2424 5680 nem.
2468 5607 2728 5680 s__lb_idem
2774 5622 2925 5680 mss,
2957 5624 2975 5657 ‹
3007 5609 3073 5662 de
3100 5623 3323 5678 corpore
3353 5611 3515 5680 etiam
3542 5608 3854 5680 illudApo-

2286 5672 2453 5728 stolus
2480 5677 2651 5752 dixit;
2680 5697 2710 5752 _s
2742 5677 2892 5744 editi,
2930 5693 2949 5729 ι
2987 5682 3051 5733 de
3067 5695 3172 5751 quo
3197 5672 3427 5752 corpore
3451 5679 3610 5734 etiam
3638 5672 3857 5742 Pao'tus

2287 5745 2560 5812 apostolus
2583 5747 2738 5804 dixit.
