4074 6308
164 364 263 422 357

1459 359 1657 416 LIBER
1698 355 2029 426 QUARTUS

163 486 258 557 τὴν
275 482 390 538 ὁδὸν
415 481 506 536 τοῦ
538 483 654 548 πῶς
676 482 757 536 δεῐ
777 480 1048 552 ὲφοδεύειν
1075 479 1140 534 τά
1167 477 1297 547 ἅγια
1321 477 1713 549 άναγνώσματσ

1828 474 2194 530 necessarium
2256 471 2464 527 vldetnr
2517 470 2681 525 etiam
2743 471 2870 526 illud
2931 472 3226 544 explicare,
3284 493 3396 549 quo

164 575 269 638 τοῖς
298 572 506 637 πολλοῖς
549 573 623 644 μὴ
669 572 959 644 εὑρῆσθαι·
995 571 1138 625 οἵτε
1171 569 1277 645 γὰρ
1312 568 1719 641 σκληροκάρδιοι

164 663 251 718 καὶ
272 663 320 715 oi
348 661 548 716 ἰδιῶται
569 660 675 716 τῶν
702 663 766 715 ὲκ
792 662 889 732 τῆς
919 661 1235 732 περιτομῆς,
1266 660 1346 723 εις
1380 659 1469 713 τὸν
1496 658 1719 729 Σωτῆρα

163 750 312 821 ἡμῶν
356 751 416 803 οὐ
463 750 879 817 πεπιστεύκασι,
928 754 994 822 τῇ
1039 749 1180 816 λέξει
1224 748 1331 803 τῶν
1382 748 1508 819 περὶ
1554 747 1719 801 αὐτοῦ

164 842 494 914 προφητειῶν
527 843 939 897 κατακολουθεῖν
971 843 1297 915 νομίζοντες,
1327 840 1422 895 καὶ
1452 839 1721 913 αἰσθητῶς

167 932 237 1004 μὴ
254 932 484 1004 ὁρῶντες
510 933 668 987 αὑτὸν
690 933 999 1006 κηρύξαντα
1022 932 1385 1005 αἰχμαλώτοις
1410 932 1602 1002 ἄφεσιν
1620 931 1717 1002 (9),

167 1024 294 1094 μηδὲ
317 1024 740 1096 οἰκοδομήσαντα
755 1025 822 1096 ἢν
845 1025 1152 1096 νομίζουσιν
1176 1022 1388 1094 ἀληθῶς
1413 1023 1563 1077 πόλιν
1583 1017 1719 1076 εἶναι

163 1112 249 1166 τοῦ
280 1112 430 1177 Θεοῦ,
468 1115 602 1185 μηδὲ
634 1114 1082 1186 ἐξολοθρεύσαντα
1116 1115 1337 1186 ἅρματα
1382 1113 1439 1181 ἐξ
1484 1112 1720 1186 Ἐφραῒμ

163 1205 249 1258 καὶ
279 1205 440 1260 [manv
472 1205 530 1270 ὲξ
572 1207 944 1278 Ἰερουσαλὴμ,
981 1208 1113 1277 μηδὲ
1148 1206 1400 1280 βούτυρον
1441 1207 1534 1259 καὶ
1595 1205 1718 1276 μέλι

165 1295 414 1364 φαγόντα,
448 1298 539 1350 καὶ
579 1298 711 1367 πρὶν
750 1297 949 1365 γνῶναι
983 1298 1142 1352 αὑτὸν
1187 1299 1220 1368 ἢ
1258 1297 1577 1371 προελέσθαι
1620 1314 1717 1350 πο-

161 1387 309 1458 νηρὰ,
349 1387 700 1459 ἐκλεξάμενον
734 1389 843 1460 (10)
886 1389 946 1442 τὸ
987 1389 1220 1458 ἀγαθόν’
1252 1389 1332 1442 ἔτι
1373 1391 1429 1443 δὲ
1459 1389 1616 1443 λύκον
1658 1389 1719 1442 τὸ

161 1476 287 1541 ζῶον
319 1477 376 1531 τὸ
419 1480 738 1550 τετράποδον
764 1479 996 1551 οἰόμενοι
1033 1480 1466 1553 προφητεύεσθαι
1503 1481 1717 1552 μέλλειν

164 1559 437 1636 βόσκεσθαί
481 1571 598 1641 μετ’
633 1571 812 1642 ἀρνὸς,
847 1571 938 1626 καὶ
986 1572 1250 1645 πάρδαλιν
1283 1573 1452 1644 ἐρίφῳ
1486 1590 1715 1630 συνανα-

160 1659 431 1728 παύεσθαι,
468 1661 758 1735 μοσχάριόν
799 1679 858 1716 τε
901 1665 993 1717 καὶ
1024 1663 1222 1736 ταῦρον
1259 1666 1350 1719 καὶ
1373 1665 1558 1721 λέοντα
1601 1667 1718 1737 ἅμα

161 1751 576 1835 βοτκηθήσεσθαι
601 1756 704 1809 ὑπὸ
728 1755 922 1829 μικροῦ
951 1757 1160 1810 παιδίου
1185 1759 1447 1830 ἀγόμενα,
1474 1760 1563 1814 καὶ
1590 1761 1714 1831 βοῦν

1821 577 1978 639 pacto
2007 582 2112 621 non
2146 572 2290 619 recte
2315 564 2534 632 quidam
2564 563 2803 633 legentes
2824 566 3106 620 erroribus
3124 580 3182 621 se
3202 577 3418 637 quam-~

1839 659 2085 730 plurimis
2137 658 2496 723 tradiderunt,
2526 671 2622 725 pro
2669 672 2734 710 eo
2773 657 2922 727 quod
2945 672 3049 726 qua
3081 658 3269 732 viaqad
3312 659 3395 713 iu-

1831 749 2176 819 telligentiam
2224 749 2526 802 divinarum
2559 747 2865 802 litterarum
2900 748 3064 803 debet
3130 750 3329 815 incedi,
3362 765 3392 805 a

1820 839 2229 909 quampluriinis
2283 841 2580 909 ignoretur.
2618 839 2856 910 Denique
2906 839 3074 895 Judmi
3109 856 3202 910 per
3237 841 3390 896 duri-

1822 935 1946 987 tiam
1984 931 2164 986 cordis
2215 930 2326 995 sui,
2357 938 2410 984 et
2452 931 2576 983 dum
2626 930 2978 999 sibimetipsis
3006 931 3386 986 voluntvideri
3430 956 3436 963 κ

1819 1024 2119 1093 sapientes,
2143 1021 2368 1076 Omnino
2401 1032 2454 1075 et
2488 1021 2754 1076 Salvatori
2792 1032 2978 1077 nostro
3010 1037 3114 1076 non
3143 1024 3388 1101 credide-

1822 1125 1966 1179 runt,
2002 1129 2064 1169 ea
2112 1129 2250 1185 quae,
2280 1113 2348 1167 de
2381 1115 2495 1182 ipso
2527 1115 2737 1182 prolata
2761 1123 2885 1168 sunt
2911 1115 3387 1193 secundumIIitte-

1821 1220 1937 1257 ram
1975 1203 2175 1260 debere
2207 1202 2435 1272 intelligi
2469 1203 2866 1268 existimantes,
2897 1203 2949 1256 id
2985 1206 3238 1274 estquod
3263 1220 3384 1261 sen-

1819 1291 2049 1347 sibiliter
2085 1306 2148 1346 ac
2189 1290 2476 1344 visibiliter
2523 1289 2773 1343 debuerit
2824 1289 3127 1358 praedicare
3159 1291 3392 1362 captivis

1820 1381 2229 1446 remissionem,
2288 1391 2346 1434 et
2401 1379 2543 1448 quod
2597 1379 2852 1453 debuerit
2909 1378 3059 1448 prius
3117 1380 3387 1434 aediﬁcare

1819 1472 2092 1528 civitatem
2127 1486 2290 1541 quam
2318 1481 2442 1526 vere
2467 1479 2658 1541 putant
2677 1487 2799 1527 esse
2818 1472 3089 1527 civitatem
3119 1470 3208 1527 Dei
3235 1472 3388 1543 (l5);

1816 1564 1977 1619 simul
2019 1574 2070 1619 et
2100 1563 2466 1619 exterminare
2507 1577 2704 1618 currus
2731 1565 2961 1634 Ephrem
3004 1574 3058 1618 et
3098 1577 3291 1634 equum
3321 1567 3390 1621 de

1816 1654 2114 1711 Jerusalem
2130 1656 2210 1721 ἐς
2240 1654 2333 1710 sed
2359 1664 2412 1709 el
2431 1657 2682 1725 butyrum
2715 1665 2770 1709 et
2797 1657 2901 1711 mel
2929 1661 3280 1722 manducare,
3304 1669 3384 1727 ut,

1819 1747 2133 1817 priusquam
2187 1757 2540 1819 cognosceret
2588 1746 2839 1816 proferre
2896 1750 3115 1817 malum,
3163 1752 3389 1820 eligeret

159 1845 244 1898 καὶ
267 1846 458 1918 ἄρκτον
491 1846 608 1916 ἅμα
635 1847 1052 1919 νεμηθήσεσθαι,
1083 1851 1593 1922 συνεκτρεφομένων
1619 1852 1713 1905 αὐ-

1818 1843 2013 1893 bonum
2034 1841 2101 1892 ⁸⁸.
2148 1839 2253 1894 Sed
2312 1851 2368 1894 et
2418 1839 2598 1902 lupum
2644 1840 2843 1893 animal
2890 1841 3031 1896 istud
3074 1843 3389 1914 quadrupes

158 1932 258 1988 τῶν
288 1934 534 2006 ἀλλήλοις
563 1935 670 1988 τῶν
703 1935 928 1990 παιδίων
946 1951 966 1994 η’
1001 1938 1091 1990 καὶ
1124 1937 1312 1992 λέοντα
1343 1940 1418 2002 ὼς
1453 1940 1578 2009 βοῦν
1612 1941 1715 2010 φά-

157 2023 528 2096 γισθαιάχυρα
545 2041 557 2054 ·
585 2025 748 2098 μηδὲν
773 2025 976 2079 τούτων
997 2027 1269 2099 αἰσθητῶς
1295 2029 1599 2098 ἑωρακότες
1622 2047 1715 2098 γε-

155 2114 436 2186 γενημένον
476 2118 536 2170 ὲν
582 2120 648 2188 τῇ
694 2117 786 2170 τοῦ
834 2119 1261 2190 πεπιστευμένου
1305 2123 1438 2193 ἡμῖν
1479 2123 1711 2194 Χριστοῦ

155 2205 421 2277 ἐπιδημίᾳ,
476 2207 539 2260 οὐ
589 2207 932 2279 προσήκαντο
984 2209 1073 2264 τὸν
1128 2209 1330 2281 Κύριον
1390 2211 1545 2282 ἡμῶν
1613 2211 1714 2282 Ἰη-

158 2297 274 2352 σοῦν
296 2297 406 2366 (11)
427 2315 439 2328 ·
469 2299 584 2352 ἀλλ’
612 2299 686 2363 ὡς
710 2300 856 2370 παρὰ
881 2300 940 2353 τὸ
964 2300 1078 2355 δέον
1107 2302 1338 2372 Χριστὸν
1368 2302 1552 2378 ἑαυτὸν
1585 2304 1714 2376 ἀνα-

155 2388 479 2459 γορεύσαντα
523 2388 890 2461 ἐσταύρωσαν.
942 2391 1010 2443 Οἵ
1050 2399 1110 2448 τε
1153 2391 1259 2444 ἀπὸ
1302 2391 1410 2444 τῶν
1451 2390 1713 2461 αἱρέσεων

157 2476 601 2545 ἁναγιηηῦσκοντες
625 2479 716 2531 τόο
759 2496 780 2529 ι
813 2479 930 2550 Πῦρ
961 2479 1284 2533 ἐκκέκαυται
1321 2482 1382 2533 ὲκ
1415 2481 1506 2535 τοῦ
1540 2480 1711 2551 θυμοῦ

159 2587 272 2641 μου,
312 2589 331 2622 ι
367 2571 487 2625 καί·
522 2589 540 2622 ι
593 2570 733 2639 Ἐγὼ
761 2571 891 2636 Θεὸς
922 2571 1185 2643 ζηλωτὴς,
1225 2571 1504 2637 ἀποδιδοὺς
1536 2567 1714 2645 ἁμαρ-

156 2659 268 2724 τίας
299 2661 544 2733 πατέρων
571 2662 662 2715 ἐπὶ
687 2661 848 2716 τέκνα
874 2661 966 2714 ἐπὶ
1000 2661 1190 2733 τρίτην
1212 2662 1307 2714 καὶ
1332 2662 1595 2733 τετάρτην
1623 2679 1714 2731 γε-

155 2749 292 2816 νεάν,
334 2770 351 2801 ι
381 2755 504 2807 καῖ’
539 2755 573 2802 ι’
596 2751 1063 2821 Μεταμεμέλημαι
1102 2751 1292 2822 χρίσας
1315 2750 1404 2806 τὸν
1430 2751 1607 2805 ¹Σαοὺλ
1635 2753 1714 2813 εἰς

155 2839 236 2893 τὸν
279 2839 514 2908 βασιλέα,
555 2859 574 2890 ι
607 2845 730 2893 και’
764 2860 789 2891 ι-
837 2840 976 2908 Ἐγὼ
1003 2839 1135 2904 Θεὸς
1169 2841 1331 2894 ποιῶν
1365 2841 1581 2911 εἰρήνην
1621 2841 1712 2893 καὶ

154 2929 340 2994 κτίζων
361 2928 523 2995 κακὰ,
557 2947 574 2980 ι
609 2929 701 2981 καὶ
719 2930 776 2982 ὲν
796 2927 974 2992 ἄλλοις
997 2927 1057 2981 τό
1074 2945 1088 2959 ο
1109 2946 1145 2979 -ι
1174 2929 1286 2982 Οὐκ
1313 2928 1425 2982 ἔστι
1457 2927 1623 2982 κακία
1653 2931 1710 2985 ὲν

155 3020 294 3074 πόλει
318 3022 382 3091 ἢν
414 3023 616 3094 Κύριος
641 3023 740 3077 οὐκ
762 3019 1036 3094 ἐποίησεν,
1071 3043 1090 3075 ι
1118 3024 1196 3077 ἔτι
1219 3024 1275 3076 δὲ
1293 3024 1384 3077 καὶ
1408 3029 1498 3082 τό·
1523 3043 1540 3076 ι
1566 3026 1712 3077 Κατ-

153 3111 244 3185 έόη
275 3115 414 3169 κακά
437 3115 588 3186 παρὰ
611 3117 817 3186 Κυρίου
846 3117 938 3187 ἐπὶ
969 3115 1140 3178 πύλας
1177 3114 1551 3187 Ἰερουσαλὴμ,
1578 3115 1674 3168 καί
1693 3129 1706 3143 ο

1817 1930 2206 1986 existimarunt
2235 1945 2358 1986 esse
2391 1930 2791 2000 prophetatum,
2815 1932 2938 2001 quia
2973 1934 3193 1988 deberet
3219 1933 3271 1988 in
3291 1937 3390 1992 ad-

1814 2029 1978 2075 ventu
2033 2020 2237 2076 Christi
2274 2023 2417 2091 pasci
2453 2038 2576 2078 cum
2611 2024 2793 2093 agnis,
2821 2032 2876 2076 et
2917 2024 3114 2092 pardus
3147 2026 3389 2100 requies-

1817 2127 1951 2169 cere
1984 2129 2109 2168 cum
2141 2113 2339 2178 hmdis,
2367 2114 2566 2192 vitulus
2601 2127 2777 2171 autem
2801 2128 2854 2171 et
2877 2126 3058 2171 taurus
3087 2118 3383 2174 simulcum

1810 2203 2054 2259 leonibus
2076 2205 2317 2274 pasci,et
2349 2221 2378 2258 a
2410 2206 2643 2274 parvulo
2695 2223 2863 2277 puero
2893 2209 3014 2263 duci
3051 2211 3116 2263 ad
3145 2224 3381 2278 pascua;

1819 2294 2010 2349 bovem
2064 2309 2188 2349 vero
2233 2303 2288 2350 et
2327 2311 2512 2350 ursum
2541 2297 2700 2351 simul
2734 2299 2786 2352 in
2821 2299 3065 2366 pastibus
3100 2299 3382 2363 recubare,

1811 2399 2110 2454 eorumque
2160 2385 2302 2441 fetus
2362 2387 2572 2457 pariter
2625 2390 2886 2454 enutriti;
2945 2389 3127 2444 leones
3169 2405 3386 2459 quoque

1813 2492 1921 2532 una
1956 2492 2078 2532 cum
2113 2477 2287 2533 bobus
2320 2490 2500 2535 astare
2529 2481 2862 2550 praesepibus
2887 2489 2941 2534 et
2957 2480 3104 2534 vesci
3129 2481 3297 2548 paleis
3312 2481 3382 2535 ’°.

1813 2564 2014 2621 Horum
2069 2567 2240 2636 igitur
2288 2569 2529 2630 omnium
2560 2584 2681 2638 qua:
2726 2570 2792 2623 de
2820 2583 2883 2623 eo
2914 2569 3232 2638 prophetata
3259 2580 3385 2624 sunt

1818 2656 1958 2710 nihil
1983 2666 2192 2726 gestum
2224 2672 2344 2712 esse
2377 2661 2672 2715 Secundum
2701 2659 2985 2715 historiam
3016 2659 3380 2729 pervidentes.

1812 2749 1868 2802 in
1919 2749 2113 2816 quibus
2157 2748 2314 2819 165
2358 2746 2631 2820 nmcipue
2690 2751 2849 2821 signa
2891 2751 3156 2806 adventus
3181 2751 3383 2806 Christi

1810 2841 2142 2894 observanda
2193 2857 2313 2896 esse
2367 2835 2682 2978 “ﬁdebant,
2730 2843 3007 2912 suscipere
3041 2845 3384 2911 praesentiam

1813 2931 2022 2978 Domini
2086 2932 2254 2978 nnslri
2306 2932 2431 2978 Jesn
2480 2933 2678 2978 Christi
2726 2933 3021 2978 nnlelmnt:
3053 2934 3298 2978 nninimn
3327 2942 3384 2978 et

1812 2931 2022 2985 Domini
2086 2932 2256 2986 nostri
2306 2931 2458 3003 Jesul
2480 2933 2680 2988 Christi
2726 2933 3022 3007 nolebant;
3053 2934 3298 3002 quinimo
3327 2942 3384 2989 et

1809 3021 1958 3076 velut
2001 3031 2188 3078 contra
2231 3021 2320 3092 jus
2369 3023 2558 3092 fasque
2584 3024 2724 3094 (H),
2769 3023 2819 3078 id
2865 3034 2952 3079 est
3002 3032 3188 3077 contra
3252 3040 3380 3094 pro-

1812 3113 2008 3182 phetize
2037 3115 2196 3169 [idem
2233 3123 2596 3169 assumenlem
2627 3128 2749 3168 eum
2779 3113 2882 3169 sibi
2927 3113 3124 3167 Christi
3161 3129 3384 3179 nomen,

159 3220 179 3256 ι
202 3183 666 3278 Πνεῦμα
682 3183 829 3278 παρὰ
853 3185 985 3259 Θεοῦ
1016 3206 1202 3274 ἐπνιγε
1229 3183 1316 3259 τὸν
1343 3183 1538 3259 Σαούλ·
1572 3228 1590 3256 1
1624 3206 1713 3259 καὶ

1818 3203 1977 3256 cruci
2021 3203 2169 3257 illum
2215 3202 2517 3258 aﬂixerunt.
2553 3203 2691 3258 Tum
2722 3219 2849 3259 vero
2879 3203 3115 3259 haeretici
3141 3203 3381 3274 legentes

158 3295 316 3366 μυρία
352 3297 452 3350 ὅσα
493 3295 706 3360 τούτοις
748 3298 1119 3369 παραπλήσια,
1154 3298 1447 3368 ἀπιστῆσαι
1496 3299 1593 3369 μὲν
1639 3299 1714 3362 ὡς

155 3384 278 3439 Θεοῦ
316 3390 432 3452 ταῐς
469 3388 510 3439 Γ
514 3390 711 3458 ραφαῖς
753 3388 814 3441 οὐ
855 3389 1236 3461 τετολμήκασι,
1281 3389 1622 3454 πιστεύοντες
1656 3390 1711 3444 δὲ

153 3476 310 3540 αὐτὰς
336 3473 473 3532 εἶναι
506 3477 598 3530 τοῦ
630 3478 959 3549 δημιουργοῦ
988 3479 1033 3543 ᾧ
1071 3480 1307 3533 Ἰουδαῖοι
1336 3479 1704 3551 λατρεύουσιν,

1810 3295 1957 3364 quod
1986 3294 2038 3348 in
2067 3295 2182 3366 lege
2225 3295 2488 3364 scriptum
2523 3304 2605 3348 est
2635 3312 2648 3349 :
2689 3312 2707 3346 ι
2755 3293 3179 3364 Iguisaccensus
3208 3305 3380 3352 estex

1807 3388 1989 3442 furore
2021 3387 2234 3452 meo";
2282 3404 2301 3438 ι
2337 3394 2434 3441 et:
2482 3403 2500 3436 ι
2538 3384 2649 3454 Ego
2680 3385 2938 3440 Dominus
2972 3385 3154 3440 zelans
3178 3395 3232 3441 et
3255 3388 3380 3441 red--

1804 3465 1934 3533 dens
1964 3487 2181 3548 peccata
2243 3487 2456 3548 patrum
2488 3477 2542 3530 in
2579 3478 2716 3532 ﬁlios
2743 3477 2793 3530 in
2819 3477 3028 3531 tertiam
3054 3486 3109 3531 et
3132 3487 3379 3546 quartam

152 3565 413 3636 ᾠήθησαν,
454 3567 530 3630 ὡς
562 3567 784 3630 ἀτελοῦς
827 3569 921 3621 καὶ
965 3569 1063 3621 ούκ
1108 3567 1312 3634 ἀγαθοῦ
1352 3569 1705 3638 τυγχάνοντος

1812 3570 2107 3639 progeniem
2126 3571 2209 3636 9';
2249 3587 2269 3622 ι
2325 3579 2422 3623 et:
2460 3585 2481 3618 ι
2530 3566 2758 3621 Paenitet
2784 3567 2926 3635 quod
2981 3566 3116 3620 ιωιί
3154 3566 3285 3620 Saul
3325 3568 3378 3620 in

153 3655 236 3709 τοῦ
264 3657 615 3729 δημιουργοῦ,
650 3658 741 3711 τὸν
772 3657 1000 3729 Σωτῆρα
1031 3656 1483 3728 ἐπιδεδημηκέναι
1514 3658 1710 3710 τελειό-

153 3764 296 3818 τερον
325 3748 755 3817 καταγγέλλοντα
778 3749 927 3802 Θεόν·
966 3749 1022 3803 ὃν
1056 3764 1185 3817 φασι
1228 3749 1300 3818 μὴ
1334 3748 1422 3801 τὸν
1458 3748 1710 3820 δημιουρ-

152 3837 239 3905 γὸν
264 3838 567 3908 τυγχάνειν,
594 3838 863 3909 διαφόρως
889 3838 1014 3908 περὶ
1040 3836 1227 3890 τούτου
1255 3835 1578 3906 κινούμενοι,
1614 3837 1705 3889 καὶ

153 3927 290 3994 ἆπαξ
317 3929 651 3991 ἀποστάντες
684 3927 776 3980 τοῦ
809 3925 1160 3997 δημιουργοῦ,
1196 3926 1255 3989 ὅς
1289 3927 1434 3979 ἐστιν
1480 3924 1706 3996 ἀγέννη-

151 4036 232 4084 τος
267 4020 375 4093 (12)
407 4019 566 4091 μόνος
611 4018 760 4084 Θεὸς,
794 4019 1166 4088 ἀναπλασμοῖς
1196 4018 1419 4080 ἑαυτοὺς
1451 4015 1702 4076 ἐπιδεδώ-

1812 3675 1988 3727 regem
2007 3660 2083 3723 '3;
2126 3678 2145 3710 ›
2174 3669 2269 3713 et:
2308 3677 2325 3709 ι
2364 3659 2478 3728 Ego
2513 3659 2770 3712 Dominus
2795 3657 2884 3724 qui
2921 3654 3062 3711 facio
3083 3670 3293 3724 pacem,
3317 3667 3375 3710 et

1806 3765 1932 3803 creo
1984 3749 2232 3813 mala”;
2299 3766 2319 3800 ›
2366 3758 2422 3802 et
2472 3751 2664 3801 iterum
2712 3765 2724 3800 :
2774 3745 2933 3800 «Non
2965 3757 3046 3800 est
3069 3746 3273 3800 malitia
3316 3747 3374 3801 in

1806 3838 2027 3893 civitate
2059 3852 2218 3907 quam
2255 3838 2514 3891 Dominus
2562 3852 2666 3889 non
2720 3836 3004 3901 fecerit";
3035 3845 3133 3890 et:
3172 3855 3190 3887 ι
3243 3836 3376 3891 Des-

1801 3926 2096 3980 cenderunt
2112 3925 2242 3980 mali
2257 3941 2284 3979 a
2304 3925 2525 3979 Domino
2540 3940 2698 3992 super
2716 3936 2897 3994 portas
2917 3925 3222 3980 Jerusalem
3238 3927 3316 3992 ⁹⁶;
3345 3941 3370 3980 ι

1810 4026 1864 4072 et
1939 4018 2082 4086 quod
2140 4036 2158 4069 ι
2217 4017 2447 4088 spiritus
2513 4016 2779 4086 malignus
2827 4031 2856 4071 a
2903 4019 3008 4070 Deo
3073 4015 3372 4072 suﬂ'ocabat

1332 4131 1892 4188 INTERPRETATIO
1932 4131 2144 4186 NOVA.

149 4258 283 4326 quod
311 4259 453 4313 viam
491 4258 648 4314 multi
690 4272 795 4313 non
829 4257 1136 4312 invenerint
1164 4271 1267 4325 qua
1297 4265 1442 4311 esset
1474 4256 1525 4310 in
1561 4265 1743 4312 sancta
1773 4255 2003 4309 lectione
2037 4255 2410 4310 insistendum.
2443 4254 2570 4309 Duri
2603 4254 2744 4326 enim
2774 4253 2936 4326 corde
2961 4262 3014 4308 et
3043 4252 3224 4326 idiotas
3256 4254 3366 4326 qui

150 4323 179 4381 ὁ
203 4328 618 4383 circumcisione
651 4338 796 4396 sunt,
829 4323 1234 4397 prophetiaruin
1262 4342 1382 4395 quae
1410 4326 1475 4397 de
1507 4326 1726 4381 Christo
1751 4326 2050 4391 loquuntur
2074 4326 2362 4397 dictionem
2394 4327 2543 4392 sequi
2579 4340 2636 4397 se
2657 4325 3057 4397 existimantes,
3091 4323 3144 4376 in
3176 4323 3366 4397 salva-

155 4379 1133 4472 ioie'ni'iib'siFtiih]ﬁaﬁ'éiéaihéiu’ni
1158 4414 1171 4460 ;
1199 4403 1253 4451 et
1276 4379 1787 4472 Iouinsimisibiliter
1806 4379 1910 4448 non
1944 4405 2228 4472 cernerent
2257 4395 2428 4462 ipsum
2469 4379 2788 4472 praedicasse
2814 4379 3064 4472 captivis"
3088 4393 3366 4472 remi-ssim-

150 4480 281 4527 nem,
330 4481 509 4534 neque
552 4467 849 4520 :editicasse
898 4481 1060 4535 quam
1091 4481 1218 4519 vere
1260 4467 1489 4520 credunt
1519 4481 1637 4520 esse
1667 4466 1937 4520 civitatem
1974 4463 2091 4527 Dei,
2125 4478 2302 4535 neque
2352 4466 2742 4518 exterminasse
2783 4477 2979 4535 currus
3027 4463 3367 4535 Ephraimet

147 4549 330 4602 equum
356 4531 780 4598 de'Jerusalem,
812 4531 988 4604 neque
1024 4535 1275 4605 butyrum
1311 4545 1366 4588 et
1399 4535 1866 4605 melqcomedisse,
1902 4547 2074 4600 neque
2106 4533 2423 4605 priusquam
2462 4542 2645 4588 nosset
2673 4541 2764 4584 aut
2805 4532 3036 4599 eligeret
3060 4531 3220 4590 mala,
3255 4531 3368 4605 elc-

149 4606 280 4673 gisse
305 4606 501 4660 bonum
524 4621 542 4670 ς
564 4605 665 4658 rati
701 4603 917 4672 insuper
947 4619 1068 4658 esse
1100 4603 1478 4673 prOphetatum
1513 4603 1628 4658 fore
1667 4612 1724 4657 ut
1752 4605 1913 4670 lupus
1937 4603 2136 4654 animal
2167 4605 2477 4669 quadrupes
2501 4617 2623 4673 cum
2652 4615 2787 4669 agno
2811 4612 3144 4673 pasceretur,
3169 4604 3371 4668 pardus

148 4671 257 4729 cum
290 4677 447 4732 hmdo
470 4671 874 4736 stabularetur;
911 4674 1129 4733 vitulus.
1163 4671 1352 4727 taurus
1377 4684 1432 4726 et
1456 4673 1536 4728 leo
1562 4673 1715 4728 simul
1749 4683 2120 4740 pascerentur,
2176 4681 2230 4724 et
2265 4688 2294 4723 a
2341 4672 2562 4739 puerulo
2596 4672 2952 4733 ducerentur;
2985 4671 3183 4740 bos‘ec
3209 4682 3370 4722 ursus

150 4759 243 4798 una
263 4745 518 4814 pabulum
551 4752 856 4806 sumerent,
885 4758 1070 4814 eorum
1102 4743 1336 4812 parvulis
1361 4744 1520 4795 simul
1553 4737 1794 4814 educatis
1822 4758 1837 4805 ;
1871 4741 1956 4793 leo
1984 4755 2194 4814 quoque
2223 4750 2281 4793 ut
2307 4737 2403 4814 bos
2443 4742 2592 4814 palea
2629 4737 3128 4814 vesceretur;_nihil
3169 4737 3361 4814 horum

150 4814 196 4866 in
216 4806 325 4885 ejus
347 4830 511 4884 quem
530 4814 806 4870 Christum
835 4806 1130 4875 credimus,
1159 4814 1391 4865 adventu
1429 4811 1755 4885 sensibiliter
1786 4806 2326 4885 cernenteslacunn,
2371 4806 2652 4885 Doininum
2684 4818 2923 4885 nostrum
2954 4806 3132 4885 Jesutn
3161 4807 3359 4885 nedum

147 4874 494 4953 suscepeiint,
547 4899 672 4938 eum
744 4891 1001 4950 tanquam
1039 4874 1168 4953 seSe
1212 4891 1400 4934 contra
1452 4880 1874 4953 jus__(.i|n:istum
1937 4874 2454 4953 praedicareneruci
2506 4878 2804 4931 allixerunt.
2876 4874 3119 4953 [heretici
3153 4882 3358 4953 _au_tem

151 4942 373 5024 legeiiies
405 4970 421 5010 :
461 4942 491 5006 ι’
523 4953 667 5024 Ignis
695 4942 902 5024 exarsit
942 4965 1010 5005 ex
1037 4949 1118 5004 ira
1154 4965 1302 5014 mea;
1330 4969 1369 5024 i_
1370 4959 1422 5001 et
1451 4942 1483 5024 E_
1506 4969 1524 5001 ι
1557 4951 1666 5018 Ego
1695 4949 1842 5024 Deus_
1865 4942 2398 5024 aemulatorreddens
2430 4957 2644 5016 peccata
2665 4953 2890 5024 pit-trum“
2909 4944 2962 4996 in
2991 4942 3126 5023 lilios
3151 4942 3205 5024 in
3235 4950 3350 5020 ter-

149 5010 264 5077 tian
286 5033 344 5080 et
370 5010 619 5094 quartam
637 5023 1069 5091 generationem;
1103 5038 1120 5070 ι
1156 5026 1249 5074 et:
1285 5010 1305 5070 ξ
1338 5019 1567 5074 Ρωιιίιοι
1602 5010 1692 5072 ine
1721 5020 1936 5072 unxisse
1985 5017 2112 5072 Saul
2155 5019 2205 5070 iu
2236 5010 2448 5087 regem}
2488 5037 2507 5068 ι
2534 5025 2586 5069 et
2616 5033 2629 5067 :
2665 5010 2683 5066 ἱ
2715 5015 2824 5080 Ego
2854 5013 3111 5067 Dominus
3151 5010 3360 5066 faciens

154 5113 160 5120 ”
211 5139 253 5171 ⁸⁸
284 5140 453 5196 Zach.
487 5155 566 5207 Ix,
598 5139 683 5194 10.

210 5327 280 5398 (9)
326 5327 458 5384 Post
495 5328 713 5398 ᾇφεσιν,
762 5329 904 5384 idem
946 5327 1113 5384 codex
1163 5324 1363 5395 Regius
1403 5324 1570 5389 addit,
1599 5324 1692 5377 καὶ
1726 5342 1768 5396 υ

149 5397 346 5467 τυφλοῖς
369 5397 682 5468 ἀνάϐλεψιν.
1303 5417 1311 5428 ν

347 5468 761 5548 {mimus-code}
786 5467 1021 5548 ﬁegius,
1054 5465 1396 5548 έκλέξασθαι,
1425 5463 1585 5548 male.

205 5533 764 5609 [Hildemu‘lqcoﬁv
786 5533 1045 5609 Χριστόν.·
1062 5537 1202 5593 Infra
1234 5538 1397 5602 ideut,
1428 5533 1694 5587 ἐκκέκαυ-

148 5606 231 5679 ται
254 5608 359 5679 ἀπὸ
379 5606 553 5679 θυμοῦ
582 5606 703 5677 μου.

93 5673 104 5699 ³
215 5675 316 5752 (12)
359 5673 674 5772 Duo‘co'dd.
726 5676 897 5747 Regii,
932 5677 1244 5749 ἀγέννητος.
1277 5674 1532 5739 Tarinus,
1566 5673 1694 5741 ἀγέ-

152 5761 320 5892 ηῖῗῧ
344 5819 422 5877 Ita
457 5777 592 5875 mss.
637 5777 777 5873 Edui-
803 5825 1000 5884 autem,
1035 5835 1053 5870 ι
1087 5815 1288 5890 -deb'uit
1320 5815 1468 5887 prius
1518 5813 1683 5870 aedili-

757 5139 829 5202 ,⁸⁹
859 5142 960 5194 lsa.
996 5153 1091 5202 vn,
1129 5136 1216 5190 15.
1267 5135 1340 5197 ,οο
1375 5133 1478 5189 lsa.
1512 5150 1590 5196 χι,
1625 5133 1656 5186 6
1690 5150 1844 5201 seqq.

153 5222 230 5274 xv,
253 5210 338 5265 il.
413 5209 462 5241 “
491 5204 616 5266 Isai.
651 5223 771 5277 xcv,
806 5209 858 5261 Ἰ.
932 5209 976 5240 ⁸⁸
1011 5212 1193 5262 Amos.
1228 5221 1312 5268 ιιι,
1346 5204 1400 5258 6.
1475 5205 1521 5235 ⁸⁸
1561 5204 1721 5258 Mich.
1747 5221 1783 5268 ι,
1822 5205 1903 5258 t2.

3109 5121 3156 5155 ”
3178 5123 3197 5178 ι
3221 5122 3352 5192 Reg.

1947 5131 1989 5161 “
2020 5129 2220 5189 Jerem.
2256 5148 2344 5198 xv,
2380 5131 2468 5185 M.
2573 5129 2617 5160 θ’
2646 5126 2814 5181 Exod.
2849 5142 2942 5191 xx,
2979 5125 3051 5180 5..

1800 5340 1926 5380 care
1957 5324 2226 5378 civitatem
2255 5321 2366 5373 Dei.
2401 5337 2418 5368 ι
2452 5316 2616 5370 Paulo
2651 5322 2771 5385 post
2811 5329 2964 5374 mss,
2993 5331 3028 5385 _«_
3055 5310 3354 5385 existima.

1801 5404 1926 5448 runt
1956 5407 2073 5448 esse
2099 5393 2475 5458 prophetatum
2512 5388 2636 5458 quia
2652 5382 2899 5458 deberet.
2935 5403 2952 5433 ι
2991 5382 3152 5442 Editi,
3182 5397 3200 5427 ι
3232 5382 3348 5428 exi—

1793 5466 2016 5519 stimant
2045 5456 2421 5529 prbplietalum
2451 5459 2574 5529 quia
2606 5456 2783 5529 debet.
2821 5471 2840 5502 ο

2017 5513 2274 5604 liam-ecta
2302 5543 2431 5581 mss.
2465 5513 2598 5579 Male
2636 5523 2787 5604 editi,
2821 5539 2838 5570 ι
2885 5513 3344 5604 coritra‘rizqnlidir'al:

1791 5582 2010 5671 smidéll
2036 5582 2234 5652 Ibidem
2261 5612 2416 5671 mss_.,
2439 5615 2458 5646 ι
2489 5582 2994 5671 assutneulemleum
3021 5582 3340 5671 sibiChristl

1793 5653 2003 5724 nomen.
2044 5669 2096 5720 lu
2143 5668 2303 5721 editis
2347 5653 2500 5719 deest
2557 5681 2577 5712 ι
2622 5676 2761 5733 eum_
2795 5659 2921 5733 sibi:
2956 5674 2976 5733 ρ
3019 5653 3338 5733 {iusim-‘3.

1797 5757 1815 5790 ι
1853 5741 1993 5808 quod
2031 5740 2082 5793 in
2117 5738 2229 5808 lege
2259 5737 2516 5806 scriptum
2542 5741 2658 5803 est.
2691 5747 2712 5783 ο
2746 5729 2800 5783 In
2844 5724 3000 5782 editis
3024 5724 3174 5775 deest
3231 5735 3252 5772 ι
3289 5724 3339 5773 in

1790 5811 1940 5879 Iege.-
1959 5828 1978 5861 ι
2470 5814 2479 5824 ’
