4116 6312
688 396 785 453 559

1906 396 2227 455 ORIGENlb
2263 399 2419 453 ΠΕΡΙ
2456 401 2684 455 ΑΡΧΩΝ

3837 407 3944 464 580

681 515 902 583 Saul";
936 537 954 569 ι
992 525 1047 571 et
1080 516 1247 571 multa
1277 517 1379 571 alia
1404 517 1489 573 his
1518 516 1712 572 similia
1743 533 1863 587 qua:
1891 520 2088 589 scripta
2134 536 2231 573 sun

2362 539 2507 585 κασι,
2548 518 2960 590 μυθοποιοῦντες
2993 521 3203 584 ἑαυτοῖς
3232 520 3537 585 ὑποθέσεις,
3563 519 3684 574 καθ’
3708 519 3776 584 ἃς
3800 521 3947 575 οἷονς

685 611 944 680 legentes,
963 610 1143 664 dicere
1168 611 1385 678 quidem
1419 625 1512 666 eas
1537 628 1641 687 non
1670 625 1790 666 esse
1816 610 1906 664 Dei
1944 612 2250 679 Scripturas

684 718 791 755 non
846 702 962 755 ausi
1015 711 1166 766 sunt,
1215 704 1306 757 sed
1341 719 1432 759 eas
1458 703 1753 757 conditoris
1799 701 1891 755 Dei
1930 700 2277 770 illiusquenr

680 793 848 850 Judaei
896 795 1166 862 colebant,
1228 804 1521 866 putarunt;
1561 811 1720 865 quem
1765 799 1967 866 justum
2014 805 2250 849 tantum—

682 888 865 949 modo,
915 902 1020 940 non
1048 887 1212 940 etiam
1246 888 1445 951 bonum
1477 889 1623 942 credi
1657 888 1855 942 debere
1899 887 2249 942 evistimave-

682 989 837 1046 runt;
876 977 1214 1033 Salvatorcm
1264 995 1392 1034 vero
1438 982 1741 1043 advenisse,
1777 988 1831 1033 ut
1872 980 2247 1050 perfectiorem

606 1064 612 1070 ’
680 1072 838 1126 nobis
872 1072 1220 1126 annuntiaret
1262 1073 1451 1139 Deum,
1482 1089 1638 1142 quem
1692 1083 1888 1143 negant
1919 1087 2039 1126 esse
2064 1073 2250 1126 condi-

2357 627 2443 663 ται
2481 608 2760 677 γεγονέναι
2789 609 2855 660 τὰ
2890 609 3215 680 βλεπόμενα,
3244 611 3337 663 καὶ
3370 610 3534 681 ἕτερά
3558 626 3679 663 τινα
3714 610 3786 680 μὴ
3819 607 3944 678 βλε-

2362 702 2569 770 πόμενα
2590 742 2604 766 ,
2642 700 2783 771 ἅπερ
2805 704 2836 770 ἡ
2861 699 3002 771 ψυχὴ
3032 701 3208 754 αὐτῶν
3236 701 3735 774 ἀνειδωλοποίησεν.
3778 701 3942 754 Ἀλλὰ

2363 791 2466 862 μὴν
2513 791 2603 843 καὶ
2651 793 2697 843 ol
2738 791 3120 863 ἁκεραιότεροι
3153 793 3259 853 τῶν
3304 794 3411 846 ἀπὸ
3457 794 3555 865 τῆς
3613 792 3942 862 Ἐκκλησίας

2311 920 2319 924 -
2358 883 2662 952 αὐχούντων
2704 885 3007 953 τυγχάνειν,
3055 884 3145 937 τοῦ
3194 886 3291 956 μὲν
3332 885 3665 958 δημιουργοῦ
3714 885 3942 957 μείζονα

2356 970 2545 1023 οὐδένα
2574 970 2952 1041 ὑπειλήφασιν,
2990 971 3156 1039 ὑγιῶς
3185 972 3341 1026 τοῦτο
3372 974 3649 1039 ποιοῦντες
3668 992 3681 1004 ·
3710 974 3939 1028 τοιαῦτα

2354 1070 2410 1124 δὲ
2449 1070 2883 1141 ὑπολαμϐάνουσι
2935 1073 3062 1144 περὶ
3110 1073 3272 1126 αὑτοῦ
3315 1076 3475 1129 ὁποῖα
3506 1076 3624 1130 οὐδὲ
3666 1075 3792 1149 περὶ
3840 1074 3936 1130 τοῦ

682 1172 854 1216 torem
912 1163 1119 1226 mundi,
1154 1162 1387 1218 diversis
1447 1165 1608 1225 etiam
1653 1166 1717 1218 de
1770 1166 1868 1218 hoc
1903 1165 2016 1233 ipso
2042 1165 2237 1234 opinio-

2356 1163 2635 1234 ὡμοτέιτου
2671 1164 2762 1216 καὶ
2795 1165 3126 1219 ἀδικωτάτου
3163 1165 3472 1237 ἀνθρώπου.

681 1256 843 1310 nibus
893 1256 1258 1322 dissidentes;
1314 1260 1565 1328 quoniam
1606 1260 1823 1328 quidem
1879 1259 2044 1315 semel
2095 1246 2408 1315 recedentes
2468 1277 2497 1313 a
2559 1261 2660 1314 fide
2722 1262 2981 1315 creatoris
3039 1261 3128 1315 Dei
3192 1261 3283 1330 qui
3330 1272 3409 1316 est
3450 1265 3690 1319 omnium
3748 1263 3932 1331 Deus,

677 1346 952 1416 figmentis
995 1365 1054 1403 se
1096 1352 1265 1406 variis
1306 1352 1416 1421 (15)
1461 1368 1524 1405 ac
1555 1352 1750 1408 fabulis
1794 1355 2124 1407 tradiderunt
2183 1362 2610 1408 conuuentantcs
2664 1355 2928 1422 quaedam,
2973 1364 3027 1410 et
3071 1354 3312 1409 dicentes
3365 1356 3466 1410 alia
3517 1370 3637 1411 esse
3700 1338 3936 1414 visibilia

675 1445 730 1493 et
761 1439 827 1494 ab
856 1441 961 1495 alio
992 1441 1153 1509 facta,
1194 1444 1297 1496 alia
1337 1460 1461 1497 vero
1494 1446 1738 1513 quaadam
1777 1447 2058 1500 invisibilia
2087 1457 2141 1501 et
2174 1450 2240 1501 ab
2275 1448 2380 1500 alio
2410 1447 2645 1510 condita,
2696 1455 2857 1515 trout
2909 1447 2990 1501 eis
3054 1449 3249 1501 animae
3290 1462 3399 1501 suae
3445 1450 3730 1517 phantasia
3780 1451 3936 1519 vanig

678 1542 869 1603 tasque
909 1538 1261 1606 suggesserit.
1297 1538 1403 1593 Sed
1430 1547 1482 1592 et
1515 1540 1754 1592 nonnulli
1800 1555 1866 1593 ex
1920 1541 2337 1609 simplicioribus
2367 1541 2571 1594 scilicet
2628 1556 2817 1607 eorum
2876 1540 2969 1609 qui
3034 1532 3173 1594 intra
3236 1540 3491 1595 Ecclesia:
3551 1542 3711 1595 ﬁdem
3758 1542 3936 1596 conti-

678 1628 795 1684 neri
832 1617 1113 1694 videntur,
1150 1631 1406 1699 maiorem
1441 1630 1653 1699 quidem
1693 1641 1937 1687 creatore
2005 1634 2111 1688 Deo
2168 1635 2370 1688 nullum
2418 1650 2538 1687 esse
2567 1633 2877 1700 opinantur,
2931 1641 3133 1686 rectam
3173 1633 3226 1686 in
3260 1633 3391 1700 hoc/
3418 1641 3661 1688 tenentes
3714 1650 3933 1690 sanam-

678 1648 795 1684 llCl‘l
832 1648 1113 1694 .vluentur,
1150 1648 1406 1699 majorem
1441 1648 1653 1699 Qllldelll
1693 1648 1937 1687 creatore
2005 1648 2111 1688 υεο
2168 1648 2370 1688 ιιυιιυηι
2418 1650 2538 1687 esse
2567 1648 2877 1700 Oplllillllll‘,
2931 1648 3133 1686 recwnt
3173 1650 3226 1686 III
3260 1648 3327 1687 UO
3418 1648 3661 1688 tenentes
3714 1650 3933 1690 sanam-

673 1739 780 1794 qne
826 1722 1176 1791 sententiam,
1214 1738 1396 1776 verum
1447 1723 1572 1777 talia
1615 1724 1679 1779 de
1722 1739 1786 1778 eo
1839 1726 2105 1792 sentiunt,
2128 1740 2247 1795 quae
2280 1712 2401 1780 nec
2456 1726 2520 1779 de
2568 1724 2749 1793 aliquo
2797 1722 3151 1792 injustissimo
3204 1736 3259 1778 et
3300 1648 3662 1779 iZntitissimo
3708 1724 3933 1779 homine

676 1816 954 1872 sentienda
986 1826 1135 1884 sunt.

754 1914 805 1968 9.
836 1911 1038 1966 llornm
1062 1921 1240 1965 autem
1264 1910 1502 1964 omnium
1528 1910 1671 1965 falsa:
1697 1912 2060 1983 intelligentiae
2086 1930 2237 1970 causa

2416 1913 2578 1983 ’Λίτέα
2611 1913 2667 1966 δὲ
2688 1913 2833 2001 gae:
2862 1914 2974 1974 τοῖς
3011 1908 3424 1984 προειρημένοις
3450 1909 3805 1980 ψευδοὼξαῦν
3836 1910 3932 1963 καὶ

682 2002 769 2056 his
804 2002 868 2055 de
899 2002 1094 2069 quibus
1119 2015 1281 2070 supra
1320 2001 1574 2067 diximus,
1604 2019 1707 2056 non
1738 2006 1842 2058 alia
1876 2009 2106 2070 exstitit,
2139 2009 2243 2063 nisi

677 2093 820 2161 quod
853 2103 1039 2147 sancta
1083 2093 1361 2162 Scriptura
1399 2096 1465 2148 ab
1496 2093 1584 2148 his
1616 2111 1718 2148 non
1756 2100 2051 2151 secundum
2078 2099 2239 2167 spiri-

675 2185 835 2239 talem
879 2198 1130 2248 sensum,
1174 2185 1266 2238 sed
1298 2184 1594 2238 secundum
1644 2186 1843 2241 littera:
1872 2204 2059 2242 sonum
2087 2188 2243 2243 intel-

673 2272 886 2343 ligitur.
914 2273 1144 2342 Propter
1174 2276 1316 2343 quod
1351 2276 1687 2341 conabimur,
1725 2279 1885 2349 166
1914 2295 2009 2349 pro
2038 2280 2244 2334 medio-

673 2366 869 2421 critate
918 2381 1113 2421 sensus
1166 2368 1474 2433 nostri,his
1516 2369 1606 2437 qui
1664 2371 1884 2423 credunt
1936 2372 2243 2441 Scripturas

670 2467 886 2512 sanctas
932 2456 1043 2527 (l6)
1079 2473 1184 2512 non
1219 2460 1452 2513 humana
1486 2462 1645 2513 verba
1678 2462 1852 2531 aliqua
1878 2478 1997 2518 esse
2027 2479 2245 2534 compo-

669 2548 796 2611 sita,
833 2548 925 2602 sed
961 2549 1136 2603 sancti
1169 2548 1405 2618 Spiritus
1450 2550 1800 2619 inspiratione
1822 2556 2150 2625 conscripta,
2182 2564 2239 2609 et

666 2639 949 2693 voluntate
981 2640 1079 2693 Dei
1120 2639 1296 2696 Patris
1332 2658 1427 2712 per
1469 2644 1804 2712 unigenitum
1840 2645 2036 2699 Filium
2074 2662 2233 2701 suum

667 2727 852 2785 Jesum
884 2731 1156 2787 Christum
1192 2734 1347 2789 nobis
1373 2750 1591 2805 quoque
1630 2751 1748 2791 esse
1777 2740 1971 2791 tradita
1995 2746 2049 2791 et
2082 2753 2233 2793 com-

672 2823 857 2887 missa,
892 2838 1012 2894 quae
1056 2825 1214 2880 nobis
1262 2827 1513 2881 videntur
1560 2836 1705 2882 recta
1739 2828 1822 2881 via
1868 2828 2238 2898 intelligentiae

667 2913 1107 2982 observantibus,
1134 2898 1517 2971 detttonstrare
1549 2916 1694 2971 illam
1736 2914 1972 2985 regulam
1998 2926 2050 2973 et
2073 2919 2239 2974 disci-

667 3008 869 3078 plinam
908 3022 1073 3077 quam
1123 3007 1192 3061 ab
1238 3006 1367 3063 .lesu
1403 3009 1616 3062 Christo
1656 3010 1907 3063 traditam
1944 3010 2047 3064 sibi
2097 3025 2235 3080 apo.

666 3098 812 3165 stoli,
843 3112 939 3167 per
977 3101 1384 3155 successionem
1414 3101 1650 3169 posteris
1688 3116 1906 3171 quoque
1956 3103 2069 3157 suis
2108 3106 2237 3155 ‘san-

665 3202 808 3248 ctam
833 3192 1130 3248 Ecclesiatn
1156 3193 1501 3257 docentibus,
1545 3193 1899 3250 tradiderunt.
1924 3193 1989 3247 Et
2015 3194 2231 3264 quidem

665 3285 809 3353 quod
846 3284 1280 3354 dispensationes
1331 3285 1582 3355 quaedam
1638 3287 1877 3356 mysticae
1925 3287 2232 3342 iudicentur

667 3391 764 3447 per
791 3376 1104 3446 Scripturas
1144 3386 1398 3444 sanctas,
1430 3392 1651 3442 omnes,
1681 3386 1740 3431 ut
1765 3378 2022 3443 arbitror,
2062 3378 2229 3433 etiam

667 3467 1028 3539 simpliciores
1079 3468 1279 3536 quique
1328 3467 1664 3522 credentium
1699 3468 2046 3524 conﬁtentur.
2101 3469 2231 3535 Quae

667 3571 845 3617 tamen
870 3561 1009 3624 istae,
1038 3559 1119 3613 vel
1146 3560 1443 3627 cujusmodi
1474 3560 1604 3623 sint,
1635 3560 1678 3614 si
1707 3560 1827 3629 quis
1850 3571 2010 3615 rectae
2032 3562 2230 3616 mentis

2328 2005 2607 2060 ,ἀσεϐειῶν
2648 2006 2757 2076 (l7)
2804 2004 2836 2076 ἢ
2881 2001 3164 2057 ἰδιωτικῶν
3201 2003 3329 2072 περὶ
3372 2001 3508 2054 Θεοῦ
3551 2001 3763 2071 λόγων,
3828 2002 3932 2055 οὐκ

2345 2098 2477 2169 ἄλλη
2522 2115 2605 2161 τις
2639 2094 2777 2150 εἶναι
2820 2096 2965 2148 δοκεῖ
2998 2093 3029 2164 ἢ
3082 2094 3269 2165 Γραφὴ
3303 2093 3442 2147 κατά
3474 2093 3541 2147 τὰ
3582 2093 3934 2165 πνευματικὰ

2348 2190 2422 2261 μὴ
2452 2189 2751 2260 νενοημένίι
2772 2228 2785 2252 ,
2826 2186 2940 2241 ἀλλ’
2974 2186 3049 2248 ὡς
3081 2186 3217 2256 πρὸς
3250 2186 3309 2238 τὸ
3340 2185 3495 2256 ψιλὸν
3520 2185 3759 2257 γράμμα
3791 2184 3933 2251 ὲξει-

2344 2280 2408 2350 λη
2419 2280 2615 2350 μμὲνη.
2642 2278 2843 2347 Διόπερ
2871 2280 2981 2340 τοῖς
3002 2275 3341 2345 πειθομένοις
3369 2276 3442 2347 μὴ
3462 2276 3560 2329 ἀνθ
3570 2272 3767 2347 ρώπων
3788 2272 3934 2329 εἶναι

2347 2370 2750 2441 συγγράμματα
2783 2362 3070 2439 τὰς’ἱεράς
3107 2368 3351 2438 βίϐλους,
3395 2369 3508 2421 ἀλλ’
3552 2367 3611 2434 ἐξ
3643 2367 3933 2432 ἐπιπνοίας

2342 2459 2435 2512 τοῦ
2463 2462 2615 2529 ἁγίου
2646 2441 2957 2530 Πνεῦματος
2975 2460 3275 2531 βουλήματι
3302 2460 3395 2511 τοῦ
3424 2460 3638 2531 Πατρὸς
3659 2459 3769 2512 τῶν
3788 2459 3931 2513 ὅλων

2341 2551 2429 2605 διὰ
2488 2550 2661 2622 Ἰησοῦ
2709 2551 2942 2621 Χριστοῦ
2986 2551 3187 2614 ταύτας
3236 2550 3648 2622 ἀναγεγράφθαι
3705 2552 3805 2604 καὶ
3848 2554 3932 2615 εἰς

2342 2643 2490 2713 ἡμᾶς
2518 2641 2852 2712 ὲληλυθιὲναι,
2887 2641 2984 2705 τὰς
3019 2640 3345 2711 φαινομένας
3371 2641 3525 2705 ὁδοὺς
3555 2642 3929 2695 ὑποδεικτέονί

2295 2731 2622 2813 ξὲχομένοις
2652 2732 2746 2784 τοῦ
2781 2731 3000 2795 κανόνος
3028 2731 3128 2802 τῆς
3170 2731 3345 2801 Ἰησοῦ
3376 2724 3612 2802 Χριστοῦ
3638 2732 3787 2785 κατὰ
3808 2733 3932 2785 δια-

2291 2817 2507 2895 ί⁶δοχὴν
2536 2822 2644 2876 τῶν
2677 2822 2991 2877 ἀποστόλων
3025 2823 3277 2894 οὐρανίου
3319 2823 3664 2893 Ἐκκλησίας.
3695 2824 3807 2877 Καὶ
3844 2826 3931 2878 ὅτι

2343 2920 2440 2990 μὲν
2482 2920 2725 2991 οἰκονομί
2748 2937 2787 2972 ιι
2826 2920 2933 2973 εἰσί
2965 2938 3110 2986 τινες
3154 2902 3417 2992 μυστικαὶ
3455 2918 3783 2991 δηλούμεναι
3838 2919 3929 2973 διὰ

2336 3010 2446 3064 τῶν
2477 3011 2635 3064 Θείων
2669 3012 2708 3064 Γ
2714 3030 2736 3082 ρ
2750 3011 2923 3081 αηφῶν,
2963 3012 3161 3075 πάντες
3195 3012 3288 3066 καὶ
3315 3013 3364 3064 οἱ
3398 3012 3784 3083 ἀκεραιότατοι
3815 3012 3930 3064 τῶν

2336 3102 2416 3173 τῷ
2444 3102 2585 3174 λόγῳ
2626 3104 2962 3174 προσιόντων
3004 3101 3399 3157 πεπιστεύκασι
3424 3119 3438 3132 υ
3474 3102 3617 3165 τίνες
3645 3102 3704 3154 δὲ
3739 3097 3926 3166 αὗται,

2336 3194 2386 3246 οἱ
2435 3192 2777 3263 εὐγνώμονες
2825 3193 2923 3246 καὶ
2964 3194 3155 3262 ἀτυφοι
3201 3189 3528 3262 ὁμολογοῦσι·
3573 3189 3648 3261 μὴ
3700 3190 3925 3243 εἰδέναι.

2336 3284 2399 3337 Εἰ
2427 3284 2555 3352 γοῦν
2588 3287 2934 3357 ὲπαπορήσαι
2961 3285 3071 3357 (18)
3098 3302 3185 3348 τις
3214 3283 3342 3354 περὶ
3366 3282 3467 3351 τῆς
3489 3280 3584 3334 τοῦ
3609 3279 3733 3334 Λὼτ
3755 3281 3929 3350 θυγα-

2342 3375 2637 3447 τρομιξὶας,
2668 3396 2760 3432 και
2778 3378 2887 3431 τῶν
2909 3380 3001 3432 δύο
3028 3376 3298 3448 γυναικῶν
3324 3375 3417 3430 τοῦ
3455 3374 3723 3446 Ἀϐραὰμ,
3749 3375 3845 3428 δύο
3863 3388 3927 3430 τε

2336 3462 2579 3533 ἀδελφῶν
2607 3483 2820 3538 γεγαμη
2832 3468 3005 3537 μένων
3026 3468 3103 3538 τῷ
3147 3465 3360 3532 Ἰακὼϐ,
3384 3468 3476 3520 καὶ
3505 3466 3598 3519 δύο
3617 3466 3926 3521 παιδισκῶν

2335 3555 2741 3608 τετεκνωκυιῶν
2761 3556 2818 3622 ἐξ
2833 3556 3017 3619 αὑτοῦ,
3042 3557 3193 3609 οὐδὲν
3208 3555 3334 3609 ἄλλο
3357 3556 3621 3627 φήσουσιν
3644 3554 3677 3626 ἦ
3713 3558 3928 3627 μυστή-

662 3663 768 3717 est,
821 3652 1028 3721 necjac
1055 3652 1217 3704 antia:
1248 3651 1380 3705 vitio
1408 3650 1683 3720 fatigatur,
1718 3653 2014 3722 religiosius
2046 3669 2103 3707 se
2146 3655 2227 3707 l'a-

2336 3661 2423 3715 ρια
2442 3648 2614 3701 ταῦτα
2627 3651 2934 3720 τυγχάνειν,
2953 3651 3041 3719 ὑφ’
3057 3649 3212 3721 ἡμῶν
3236 3649 3308 3719 μὴ
3328 3622 3610 3719 νοοῦμενα.
3630 3622 3794 3701 ’Ᾰλλά
3827 3622 3927 3703 κάι

667 3746 866 3801 tebitur
893 3746 1164 3815 ignorare.
1183 3743 1318 3798 Nam
1343 3744 1386 3798 si
1412 3745 1552 3813 quis,
1572 3746 1719 3800 verbi
1743 3747 1940 3813 gratia,
1960 3753 2227 3816 proponat

2330 3742 2512 3810 ὲπάνή
2534 3758 2734 3796 κατασκ
2747 3742 2841 3813 ευὴ
2858 3742 2955 3813 τῆς
2974 3742 3177 3812 σκηνῆς
3191 3740 3652 3812 ἀναγινώσκηται,
3668 3740 3927 3811 πειθόμε-

664 3838 825 3893 nobis
854 3837 923 3892 de
946 3836 1047 3890 ﬁli.
1062 3839 1162 3892 bus
1196 3836 1316 3901 Lot,
1345 3837 1486 3905 quod
1521 3837 1658 3905 patri
1693 3849 1882 3892 contra
1918 3839 1997 3893 fas
2031 3840 2220 3893 viden-

2336 3854 2407 3889 νοι
2422 3836 2484 3889 τύ
2494 3852 2623 3896 πους
2636 3831 2727 3888 εῖν(
2745 3852 2774 3886 .ι
2788 3834 2856 3888 τά
2871 3835 3249 3907 γεγραμμένα,
3269 3832 3522 3906 ζητοῦσιν
3537 3832 3572 3888 ἃ
3596 3835 3923 3905 δυνήσονται

1850 3956 2421 4012 INTERPRETATIO
2460 3955 2669 4011 NOVA.

700 4067 845 4107 acem
878 4061 931 4104 et
959 4066 1153 4122 creatis
1186 4051 1360 4122 mala;
1414 4070 1431 4102 ι
1462 4059 1517 4122 et
1545 4050 1657 4122 alio,
1682 4051 1798 4106 loco
1836 4070 1849 4105 :
1888 4072 1905 4103 ι
1938 4053 2048 4107 Non
2085 4064 2167 4107 est
2192 4055 2387 4107 malum
2419 4055 2469 4106 in
2497 4054 2720 4107 civitate
2748 4051 2891 4122 quod
2928 4066 3032 4104 non
3063 4049 3586 4122 feceritDontinus;
3627 4070 3647 4104 ι
3687 4060 3741 4122 et
3783 4053 3918 4110 illud

686 4137 914 4191 nsttper:
943 4140 961 4171 ι
992 4121 1397 4173 Descenderunt
1418 4121 1557 4191 mala
1592 4139 1618 4172 a
1643 4121 1867 4176 Domino
1891 4124 1941 4176 in
1974 4123 2502 4191 portasJerusalem;
2532 4143 2549 4174 ι
2580 4133 2632 4175 et
2660 4142 2673 4175 :
2700 4140 2719 4172 σ
2753 4119 2987 4191 Spiritus
3012 4122 3228 4174 malusa
3253 4121 3361 4175 Deo
3384 4119 3684 4176 suﬂocabat
3707 4121 3836 4176 Sanl
3858 4142 3909 4189 ;›

630 4188 714 4248 ὀι
750 4188 959 4263 inlinita
992 4192 1378 4263 propemodum
1415 4190 1505 4263 his
1527 4191 1852 4255 consimilia,
1885 4188 2083 4263 negare
2109 4196 2322 4261 quidem
2366 4208 2458 4263 eas
2496 4207 2630 4246 essc-
2667 4193 2756 4245 Dei
2794 4188 3125 4263 Scripturas
3155 4206 3259 4244 nun
3290 4192 3408 4263 ausi
3440 4202 3598 4263 sunt,
3631 4196 3723 4246 sed
3766 4188 3915 4250 illius

658 4261 1011 4333 quenrJudtei
1041 4261 1231 4333 colunt
1258 4259 1539 4333 Creatoris
1562 4276 1680 4333 neas
1700 4276 1821 4315 esse
1854 4259 1977 4324 rati;
2010 4259 2162 4331 quasi
2200 4261 2550 4331 imperfectus
2580 4278 2678 4315 nec
2703 4264 2877 4316 bonus
2906 4272 3049 4315 esset
3075 4261 3163 4315 ille
3186 4262 3457 4333 conditor,
3485 4262 3738 4316 arbitrati
3774 4275 3912 4320 sunt

659 4329 944 4387 idvenisse
971 4330 1308 4384 Salvatorem
1337 4330 1426 4400 qui
1461 4329 1840 4397 perfectiorem
1870 4329 2215 4387 annuntiaret
2242 4329 2405 4387 Deum
2440 4348 2599 4399 quem
2625 4334 2811 4385 dicunt
2832 4346 2937 4385 non
2973 4346 3094 4385 esse
3127 4332 3611 4400 mundiopiticetn,
3632 4333 3685 4386 in
3720 4338 3913 4390 varias

655 4415 721 4459 ea
752 4403 817 4456 de
848 4416 906 4455 re
934 4401 1140 4468 abrepti
1195 4399 1513 4472 sententias,
1542 4410 1596 4455 et
1644 4411 1921 4470 postquam
1955 4421 1982 4457 a
2026 4404 2285 4457 Creatore
2310 4404 2397 4470 qui
2435 4412 2516 4456 est
2563 4403 2716 4471 ingeri
2749 4413 2830 4455 tus
2869 4401 3017 4455 solus
3052 4400 3215 4463 Deus,
3245 4399 3581 4472 defeCerunt,
3619 4404 3904 4472 ﬁgmentis

657 4473 1020 4543 adlmserunt,
1042 4469 1605 4543 excogitatisuﬁctitiis
1633 4469 2015 4541 hypothesibus
2059 4469 2353 4528 secundum
2385 4489 2517 4541 quas
2551 4469 2685 4526 fac—ta
2720 4487 2840 4526 esse
2893 4480 3085 4543 putant
3115 4470 3371 4543 \Lisiltilitl,
3400 4478 3455 4523 et
3498 4471 3600 4525 alia
3648 4469 3907 4543 quaedam

659 4542 954 4614 invisibilia
982 4554 1011 4607 q
1036 4555 1100 4614 ire
1124 4540 1449 4614 anitnousibi
1485 4539 1775 4614 tinxerunt.
1804 4543 2109 4608 Quinetiam
2163 4539 2521 4613 simpliciores
2546 4543 2786 4596 nonnulli
2821 4539 2918 4614 qui
2944 4554 3010 4614 se
3030 4541 3094 4594 de
3128 4539 3368 4614 Ecclesia
3402 4555 3524 4596 esse
3552 4539 3903 4614 gloriantur,

658 4611 921 4665 Creatore
963 4611 1181 4679 qtidetn
1241 4610 1440 4662 uullmn
1519 4611 1771 4679 majorem
1835 4615 2169 4679 existimant,
2202 4610 2385 4667 sanam
2436 4615 2536 4667 hac
2581 4617 2632 4666 in
2688 4629 2741 4665 re.
2779 4610 3012 4679 amplexi
3083 4611 3434 4676 sententiam,
3468 4610 3658 4667 verum
3706 4630 3774 4669 ea
3833 4616 3906 4669 de

659 4680 780 4751 ipso
813 4675 1159 4751 suspicantur
1202 4695 1319 4747 quae
1352 4694 1417 4733 ne
1447 4681 1512 4733 de
1536 4675 1650 4749 ipso
1692 4684 1903 4736 homine
1935 4675 2556 4751 quidemverudelissimo
2584 4693 2636 4735 et
2671 4675 3029 4751 iniustissime
3064 4680 3303 4751 cogitare
3333 4680 3413 4736 fas
3448 4682 3539 4739 sit.

730 4751 787 4804 9.
822 4750 889 4803 lis
921 4761 1100 4822 autem
1129 4751 1549 4822 omnibusunulla
1580 4753 1838 4806 falsarum
1855 4750 2191 4822 Opinionum,
2224 4755 2365 4807 nulla
2400 4753 2692 4821 impietatis
2720 4761 2785 4822 et
2806 4750 3125 4822 stolidorntn
3150 4751 3215 4805 de
3243 4750 3350 4805 Deo
3386 4767 3699 4807 sermonum
3729 4768 3899 4810 causa

657 4835 779 4877 esse
808 4822 913 4873 alia
947 4820 1161 4893 videtur
1186 4834 1348 4893 quam
1377 4818 1655 4888 Scriptura
1694 4838 1794 4876 n0n
1838 4818 2137 4879 secundum
2171 4818 2490 4893 Spiritalem'
2526 4837 2743 4893 sensum
2778 4820 3074 4886 intellecta,
3109 4822 3206 4874 sed
3237 4824 3539 4893 secundum
3587 4822 3892 4879 litteraletn

653 4901 906 4959 accepta.
945 4889 1284 4957 Quapropter
1312 4891 1378 4942 iis
1405 4894 1493 4956 qui
1537 4906 1853 4959 persuasum
1886 4896 2087 4948 habent
2113 4889 2297 4948 saeros
2323 4895 2491 4948 libros
2520 4907 2623 4946 non
2653 4892 2930 4945 hominum
2963 4904 3084 4945 esse
3124 4891 3566 4953 commentarios,
3595 4894 3691 4947 sed
3718 4895 3898 4950 sancti

658 4960 904 5029 Spiritus
934 4959 1139 5023 atllatu,
1181 4960 1456 5032 voluntate
1487 4961 1578 5032 Dei
1610 4965 1846 5028 parentis
1874 4968 2251 5019 universorum
2295 4980 2389 5032 per
2428 4962 2609 5017 Jesum
2641 4961 2917 5015 Christum
2948 4962 3184 5032 scriptos
3212 4974 3337 5015 esse
3367 4972 3425 5015 et
3460 4964 3528 5015 ad
3556 4976 3657 5016 nos
3696 4978 3895 5031 perve-

656 5036 827 5096 nisse,
868 5045 977 5098 qua
1010 5044 1092 5082 vra
1117 5031 1168 5083 in
1193 5043 1379 5083 eorum
1409 5029 1689 5084 lectionem
1714 5032 2071 5088 insistendum
2110 5050 2228 5089 esse
2253 5029 2409 5088 nobis
2439 5035 2713 5097 videatur,
2740 5032 2985 5087 indicare
3010 5029 3352 5096 cunabintur,
3395 5044 3611 5085 servata
3646 5029 3898 5091 caelestis

658 5103 952 5171 secundum
987 5101 1387 5171 siccessioncm
1434 5101 1796 5166 apostolorum
1846 5106 2094 5158 Ecclesiae
2137 5104 2262 5159 Jesu
2309 5104 2507 5158 Christi
2543 5104 2749 5171 regula.
2800 5102 2865 5156 Et
2907 5115 3030 5157 esse

3078 5102 3300 5175 quidem
3332 5104 3594 5172 mysticas
3621 5106 3893 5175 quasdam

654 5169 1085 5241 dispensationes
1106 5185 1243 5237 quas
1280 5169 1477 5241 divina:
1506 5171 1794 5238 Scriptura:
1826 5175 2080 5237 indicant,
2130 5177 2291 5228 etiam
2344 5169 2707 5241 simpliciores
2757 5173 2996 5241 fidelium
3044 5169 3303 5241 credunt;
3350 5169 3604 5241 qitzenam
3641 5169 3775 5229 vero
3804 5177 3894 5231 hic

654 5240 786 5305 sint,
828 5241 1034 5294 cordati
1063 5252 1119 5294 et
1149 5240 1380 5293 modesti
1405 5241 1617 5294 nescire
1638 5256 1697 5295 se
1733 5241 1987 5298 fatentur.
2020 5244 2201 5309 Quare
2231 5247 2277 5298 si
2316 5246 2435 5315 quis
2461 5240 2864 5299 Sciscitetur’de
2908 5255 3205 5312 congressu
3244 5240 3344 5295 Lot
3372 5240 3516 5295 cum
3546 5244 3788 5313 tiliabns,
3821 5246 3895 5301 de
3978 5262 3983 5267 '

726 5378 769 5411 ’⁷
810 5376 828 5431 l
859 5377 988 5446 Reg.
1025 5392 1180 5443 xvnt,
1210 5378 1295 5433 10.

722 5514 836 5587 (l5)
877 5514 968 5568 Sic
999 5527 1130 5587 mss.
1154 5510 1602 5587 __Edit_iratttem_,__t
1637 5512 1805 5563 vanis.
1838 5528 1856 5561 ι
1900 5507 2210 5587 Paulo‘post

657 5578 865 5653 mss.,}
901 5598 967 5637 ex
1011 5582 1431 5650 simplicioribus
1480 5582 1709 5653 scilice_t_
1733 5591 1939 5633 eorum.
1979 5597 1997 5629 ›
2038 5578 2205 5643 Editi,

660 5676 679 5708 ε
709 5673 773 5712 ex
799 5650 1225 5723 Vsimplicioribus
1268 5655 1587 5723 quibusque.
1617 5670 1635 5701 ι
1664 5650 1782 5703 Mox
1820 5666 1972 5723 mss.,
2006 5666 2024 5698 ι
2056 5664 2207 5701 crea-

656 5736 771 5781 tore
801 5722 925 5781 Deo
941 5724 1146 5779 nullum
1191 5738 1327 5780 esse.
1354 5743 1371 5775 ι
1399 5722 1454 5776 In
1493 5722 1649 5776 editis
1678 5723 1859 5782 deest,
1898 5737 1915 5769 ι
1958 5722 2066 5774 Deo
2091 5737 2109 5769 υ
2151 5728 2203 5774 et

660 5812 847 5851 αειιεε.
888 5812 908 5844 ι

652 5928 662 5937 ,
724 5866 838 5936 ιω)
879 5864 1125 5921 δικαίη.
1152 5863 1308 5924 Deest
1347 5864 1401 5919 in
1433 5861 1611 5919 editis.
1643 5859 1779 5916 Infra
1823 5873 1977 5928 mss.,
2007 5878 2024 5911 ι
2060 5858 2198 5913 indi-
2254 5905 2262 5911 .

2319 5516 2515 5560 centur
2566 5520 2661 5576 per
2706 5504 3017 5577 Scripturas
3061 5518 3302 5563 snnctas.
3345 5528 3363 5561 ι
3418 5509 3474 5565 1η
3514 5511 3681 5567 editis
3735 5512 3890 5567 deest

2319 5595 2338 5627 ι
2374 5589 2609 5652 sanctas.
2666 5597 2685 5630 ι
2744 5578 2957 5652 l_bidet_n_
2998 5594 3152 5652 mss.,
3197 5597 3215 5629 ι
3256 5580 3623 5648 simpliciores
3678 5582 3886 5652 quique

2310 5650 2661 5705 credentium.
2702 5667 2719 5697 ι
2750 5648 2803 5699 ln
2834 5650 2991 5702 editis
3023 5650 3189 5712 deest,
3222 5668 3240 5700 ι
3278 5653 3639 5707 credentium.
3675 5670 3693 5702 ι

2350 5717 2489 5798 _(l7)
2527 5717 2739 5771 Primus
2772 5720 2941 5772 codex
2981 5718 3200 5789 Regius,
3236 5719 3575 5787 ψευδολόγων
3601 5723 3699 5775 καὶ
3745 5722 3881 5777 ἀσε-

2305 5788 2413 5841 ϐῶν

2375 5832 2485 5931 (ἰὸ)
2526 5856 2742 5916 Primus
2765 5858 2897 5931 Reg.
2930 5860 3120 5925 codex,
3146 5860 3506 5929 ἔπαπορήσει.
3540 5832 3548 5841 δ
