4074 6308
722 410 824 462 ῑῚΙ

1937 389 2258 468 οῐιιοεκιε.
2291 414 2450 467 ΠΕΡι
2488 390 2716 466 mox

3863 407 3961 463 373

721 527 775 581 ln
807 526 1054 595 Epistola
1104 530 1172 584 ad
1222 529 1518 595 Romanos,
1566 531 1656 585 ubi
1686 530 1751 584 de
1799 529 2104 600 Regnorum
2153 532 2282 585 libro

2392 530 2601 594 Παῦλος
2626 529 2849 600 εἴληφεν,
2874 528 2996 581 ἀντ)⁵
3027 526 3137 581 τῶν
3169 529 3288 582 κατ’
3320 527 3550 599 ἐκλογὴν
3596 523 3961 597 Ἰσραηλιτῶν,

723 621 885 677 tertio
926 622 1078 692 ponit
1104 620 1392 693 Apostolus
1430 621 1740 692 exemplum
1768 623 1956 677 dicens
1985 639 1998 674 :
2035 643 2052 674 ι
2077 623 2286 691 Reliqui

723 715 857 777 mihi
905 727 1110 786 septem
1151 717 1314 770 millia
1358 718 1598 770 virorum
1645 715 1741 785 qui
1777 731 1883 768 non
1923 726 2291 769 eurvaverunt

718 821 898 873 genua
951 819 1078 864 ante
1134 808 1345 863 Baal“.
1375 828 1393 861 ι
1431 808 1584 873 Quod
1635 808 1834 863 Paulus
1877 810 2085 877 accepit
2139 809 2287 862 velut

2393 624 2471 696 τῷ
2493 623 2566 694 μὴ
2602 623 2760 693 μόνον
2790 619 2857 674 τὰ
2884 619 3009 692 ἔθνη
3041 618 3370 690 ὠφελεῖσθαι
3400 621 3510 675 ἀπὸ
3536 619 3649 691 (52)
3684 618 3790 689 τῆς
3844 618 3964 679 Χρι-

2396 715 2522 769 στοῦ
2558 713 2872 785 ἐπιδημίας,
2906 713 3041 767 ἀλλά
3088 714 3180 767 καί
3230 731 3382 779 τινας
3418 713 3527 767 τῶν
3555 713 3663 768 ἀπὸ
3691 708 3786 766 τοῦ
3820 710 3960 765 θείου

2395 809 2604 878 γένους.
2980 821 2986 827 “
3593 802 3602 807 ”

720 899 1027 967 ﬁguraliter
1077 904 1278 956 dictum
1311 902 1380 957 de
1403 903 1486 958 his
1521 905 1610 972 qui
1654 903 1949 959 secundum
1987 905 2304 959 electionem
2355 903 2611 960 Israelitze
2642 906 2815 982 vocati
2861 914 3009 968 sunt,
3039 913 3098 958 ut
3135 905 3450 958 ostenderet
3482 920 3590 959 non
3617 907 3791 959 solum
3822 919 3960 957 nunc

719 993 976 1061 gentibus
1015 995 1280 1064 profuisse
1325 995 1628 1063 {adventum
1673 994 1910 1059 Christi,
1960 997 2077 1066 sed
2105 995 2541 1065 quamplurimas
2607 983 2769 1051 etiam
2827 995 3106 1050 Israelitici
3163 996 3373 1064 generis
3405 996 3470 1047 ad
3518 996 3746 1051 salutem
3807 1010 3960 1047 voca-

722 1095 826 1140 IOS.

798 1177 881 1231 Η.
913 1178 1043 1242 Qum
1068 1194 1190 1235 cum
1228 1182 1299 1233 ita
1349 1181 1474 1239 sint,
1505 1180 1740 1249 qualiter
1769 1182 1926 1238 nobis
1954 1185 2020 1238 de
2061 1185 2147 1239 his
2175 1186 2292 1239 sin-

721 1270 860 1340 gulis
890 1271 1236 1340 intelligenda
1271 1269 1344 1326 sit
1370 1272 1651 1342 Scriptura
1682 1275 1890 1339 divina,
1929 1275 2072 1330 velut
2102 1292 2288 1332 exem-

725 1360 797 1425 pli
828 1368 883 1414 et
916 1359 1100 1416 forma-
1129 1363 1322 1431 gratia,
1349 1356 1469 1430 qua:
1503 1363 1658 1416 nobis
1689 1376 1980 1420 occurrere
2005 1377 2286 1436 poterunt,

721 1453 1165 1510 adumbrabimus
1193 1457 1350 1528 172
1389 1459 1519 1514 illud
1549 1459 1726 1528 primo
1772 1469 2078 1531 repetentes
2113 1473 2170 1516 et
2201 1477 2290 1516 os-

723 1548 1006 1604 tendentes
1037 1551 1288 1617 quoniam
1319 1553 1556 1622 Spiritus
1598 1562 1823 1608 sanctus
1859 1555 2203 1624 providentia
2229 1567 2282 1610 et

719 1641 999 1710 voluntate
1054 1642 1148 1698 Dei
1195 1659 1293 1714 per
1338 1646 1590 1700 virtutem
1649 1647 1914 1715 unigeniti
1972 1629 2130 1702 Verbi
2167 1651 2284 1718 ejus

716 1731 808 1798 qui
834 1741 953 1786 erat
985 1732 1040 1788 in
1075 1734 1341 1805 principio
1389 1736 1532 1806 apud
1587 1737 1755 1791 Deum
1789 1738 1954 1804 Deus,
2004 1741 2284 1796 ministros

714 1822 961 1876 veritatis
1025 1823 1316 1893 prophetas
1371 1834 1425 1879 et
1477 1827 1753 1893 apOStolos
1811 1828 2156 1884 illuminabat
2212 1833 2282 1885 ad

714 1912 1092 1978 cognoscenda
1137 1914 1397 1984 mysteria
1446 1929 1631 1970 carum
1662 1918 1846 1971 rerum
1879 1919 1958 1974 vel
1987 1935 2278 1974 causarum

712 2019 832 2073 qua:
860 2007 1000 2059 inter
1027 2007 1278 2061 homines
1309 2007 1391 2061 vel
1426 2007 1492 2061 de
1526 2009 1834 2066 hominibus
1856 2022 2140 2081 geruntur.
2170 2013 2280 2067 llo-

2463 1175 2680 1230 Τούτων
2724 1173 2895 1237 οὖτως
2954 1174 3186 1243 ἐχόντων
3237 1176 3362 1236 τοὺς
3420 1175 3778 1244 φαινομένους
3835 1180 3962 1246 ἡμῖν

2389 1265 2743 1338 χαρακτῆρας
2765 1265 2866 1335 τῆς
2895 1265 3132 1334 νοήσεως
3159 1263 3265 1316 τῶν
3297 1264 3524 1335 Γραφῶν
3557 1266 3958 1321 ὑποτυπωτὲον.

2388 1363 2498 1415 Καὶ
2542 1359 2758 1431 πρῶτόν
2801 1375 2863 1426 γε
2896 1357 3058 1410 τοῦτο
3107 1358 3446 1411 ὑποδεικτέον
3486 1359 3618 1412 ὅτιὸ
3651 1359 3857 1422 σκοπὸς
3886 1361 3961 1430 τῷ

2387 1452 2670 1520 φωτίζοντι
2702 1449 2977 1521 Πνεύματι
3010 1450 3233 1522 προνοίᾳ
3263 1449 3437 1516 Θεοῦ,-
3457 1450 3546 1504 διά
3575 1450 3670 1504 τοῦ
3721 1454 3779 1504 ἐν
3813 1432 3956 1522 ἀρχῇ

2386 1545 2523 1615 πρὸς
2552 1545 2642 1599 τὸν
2673 1543 2804 1598 Θεὸν
2829 1543 3023 1612 Λόγου,
3065 1543 3192 1607 τοὺς
3231 1543 3511 1608 διακόνους
3551 1544 3649 1616 τῆς
3691 1544 3951 1616 ἀληθείας

2387 1641 2670 1710 προφήτας
2729 1637 2822 1692 καὶ
2857 1635 3207 1701 ἀποστόλους,
3239 1630 3760 1707 ἦΨπροηγουμένως
3795 1637 3891 1708 μὲν
3921 1640 3950 1691 ὁ

2385 1733 2513 1803 περὶ
2547 1731 2654 1785 τῶν
2704 1730 3029 1802 ἀπορρήτων
3063 1729 3377 1800 μυστηρίων
3405 1728 3514 1781 τῶν
3545 1728 3686 1782 κατά
3715 1731 3844 1794 τοὺς
3874 1732 3966 1785 ἀν-

2386 1823 2638 1895 θρώπους
2668 1823 3027 1895 πραγμάτων.
3068 1821 3409 1894 ’Λνθρώπονς
3443 1820 3498 1873 δὲ
3533 1820 3626 1875 νῦν
3663 1821 3831 1890 λέγω,
3863 1822 3962 1887 τὰς

2386 1920 2673 1991 χρωμένας
2720 1918 2898 1988 ψυχὰς
2943 1916 3187 1988 σώμασιν
3205 1933 3217 1944 ·
3244 1917 3308 1968 ἶν’
3335 1919 3363 1968 ὁ
3387 1915 3685 1986 δυνάμενος
3713 1917 3964 1988 διδαχθῆ-

2388 2003 2497 2075 ναι,
2529 2011 2843 2081 ἐρευνήσας,
2879 2010 2970 2062 καὶ
2999 2011 3113 2072 τοῖς
3145 2006 3331 2078 βάθεσι
3362 2007 3457 2061 τοῦ
3491 2008 3583 2062 νοῦ
3611 2009 3699 2062 διὰ
3731 2011 3842 2062 τῶν
3875 2010 3964 2063 λὲο

714 2098 889 2150 mines
914 2106 1090 2152 autem
1119 2114 1262 2154 nunc
1289 2100 1410 2155 dico
1455 2102 1670 2157 animas
1701 2104 1752 2158 in
1785 2104 2111 2172 corporibus
2138 2106 2282 2174 posi-

2388 2105 2523 2171 ξεων
2552 2105 2742 2158 ἑαυτὸν
2774 2104 3010 2168 ἐπιδοὺς,
3044 2101 3297 2165 κοινωνδς
3337 2091 3446 2154 τῶν
3475 2101 3611 2154 ὅλων
3637 2103 3738 2172 τῆς
3766 2101 3962 2171 βουλῆς

715 2197 819 2252 tas,
861 2203 981 2258 qua:
1014 2190 1102 2245 illa
1140 2195 1398 2263 mysteria
1453 2197 1663 2266 cognita
1709 2198 1811 2251 sibi
1835 2209 1891 2253 et
1920 2200 2152 2254 revelata
2186 2219 2280 2272 per

711 2277 1015 2350 Christum,
1044 2285 1192 2340 velut
1224 2288 1461 2342 humana
1498 2293 1746 2358 quaedam
1789 2303 1939 2360 gesta
1973 2307 2278 2360 uat'rantes,

713 2377 797 2430 vel
849 2378 1049 2448 legales
1102 2381 1365 2448 quasdam
1426 2383 1845 2448 observantias,
1903 2397 2280 2454 praeceptaque

714 2469 991 2524 tradentes
1013 2470 1314 2541 figuraliter
1343 2473 1762 2533 describebant;
1799 2485 1857 2528 ut
1883 2492 1986 2527 non
2027 2477 2118 2542 qui
2150 2476 2278 2530 velit

712 2561 828 2614 haec
868 2561 1017 2615 velut
1057 2562 1431 2617 couculcanda
1472 2574 1599 2617 ante
1643 2565 1808 2631 pedes
1845 2566 2073 2620 haberet
2114 2581 2278 2636 expo-

711 2654 837 2714 sita.
867 2653 962 2709 sed
988 2653 1083 2723 qui
1112 2668 1172 2709 se
1221 2655 1527 2724 lmjusmodi
1552 2658 1751 2711 studiis
1783 2672 1907 2712 cum
1935 2658 2080 2713 omni
2108 2660 2276 2715 casti-

713 2746 897 2801 monia
931 2755 987 2802 et
1015 2747 1317 2820 sobrietate
1346 2756 1402 2801 et
1430 2749 1632 2817 vigiliis
1663 2749 1920 2810 dedisset,
1958 2761 2019 2806 ut
2043 2767 2138 2820 per
2163 2751 2278 2807 lucc

713 2837 852 2894 forte
879 2838 932 2892 in
972 2837 1260 2909 profundo.
1287 2839 1547 2894 latentem
1579 2855 1800 2897 sensum
1832 2840 2069 2913 Spiritus
2098 2844 2188 2899 Dei
2220 2856 2278 2898 et

710 2930 982 2987 sermonis
1034 2933 1234 3006 usitata
1287 2932 1600 2986 narratione
1651 2933 1762 2988 alio
1808 2951 2023 2990 rursum
2063 2939 2277 3007 νιος»ρὶ-

710 3025 942 3078 cientem
988 3035 1301 3080 contextum
1338 3025 1453 3094 (51)
1483 3025 1820 3096 investigare
1873 3039 2076 3098 posset.
2112 3041 2277 3100 atque

711 3116 782 3168 ita
808 3116 986 3169 socius
1015 3114 1258 3170 scientia:
1291 3113 1526 3185 Spiritus
1555 3126 1610 3172 et
1643 3116 1809 3173 divini
1844 3122 2057 3175 consilii
2097 3124 2274 3190 parti-

709 3225 840 3279 ceps
869 3209 1057 3274 ﬁeret;
1089 3211 1216 3279 quia
1247 3224 1346 3264 nec
1371 3209 1533 3264 aliter
1575 3202 1756 3282 potest
1788 3214 1966 3268 anima
1993 3216 2059 3269 ad
2099 3216 2278 3268 scien-

713 3302 798 3356 tia:
857 3302 1245 3372 perfectionem
1301 3304 1512 3367 venire,
1561 3304 1667 3359 nisi
1733 3305 1931 3361 divinae
1991 3307 2278 3375 sapientiae

708 3395 874 3450 fuerit
915 3397 1178 3465 inspirata
1208 3398 1458 3453 veritate.
1500 3397 1670 3466 Igitur
1707 3399 1773 3453 de
1819 3400 1950 3464 Deo,
1986 3399 2037 3452 id
2087 3411 2170 3454 est
2202 3400 2269 3454 de

707 3485 870 3541 Patre
901 3498 955 3541 et
981 3489 1116 3544 Filio
1142 3501 1196 3544 et
1223 3488 1426 3558 Spiritu
1458 3503 1647 3545 sancto
1699 3492 1767 3545 ab
1809 3492 1892 3544 his
1932 3493 2065 3544 viris
2093 3491 2278 3545 divino

715 3576 922 3645 Spiritu
952 3579 1172 3647 repletis
1200 3580 1575 3648 principaliter
1604 3582 1954 3649 designatur;
1994 3588 2108 3633 tum
2149 3595 2278 3633 vero

709 3669 777 3722 de
821 3672 1178 3724 sacramentis
1230 3671 1355 3726 Filii
1397 3673 1820 3742 Dei,-quomodo
1872 3671 2104 3725 Verbum
2144 3685 2276 3724 caro

2387 2196 2554 2250 αὑτοῦ
2586 2197 2808 2267 γένηται
2835 2195 3119 2266 δογμάτων
3139 2211 3152 2223 ·
3173 2197 3250 2257 εἰς
3281 2194 3336 2245 δὲ
3357 2193 3426 2246 τὰ
3457 2193 3583 2264 περὶ
3613 2193 3722 2246 τῶν
3745 2193 3958 2265 ψυχῶν,

2387 2290 2486 2342 οὐκ
2515 2288 2687 2352 ἄλλως
2712 2289 3022 2358 δυναμένων
3063 2288 3163 2358 τῆς
3194 2285 3530 2356 τελειότητος
3553 2289 3761 2356 τυχεῖν,
3792 2289 3962 2357 χωρὶς

2384 2381 2486 2450 τῆς
2519 2380 2775 2444 πλουσίας
2803 2382 2895 2433 καὶ
2922 2379 3091 2447 σοφῆς
3120 2379 3245 2449 περὶ
3268 2377 3404 2430 Θεοῦ
3437 2377 3716 2447 ἀληθείας,
3734 2379 3803 2431 τὰ
3834 2380 3960 2448 περὶ

2381 2470 2515 2525 Θεοῦ
2560 2469 2870 2540 ἀναγκαίως
2901 2470 2976 2532 ὡς
3006 2466 3392 2538 προηγούμενα
3424 2468 3705 2530 τέτακται,
3746 2471 3842 2523 καί
3864 2470 3958 2524 τοῦ

2379 2562 2717 2631 Μονογενοῦς
2743 2559 2927 2615 αὑτοῦ·
2963 2560 3120 2624 ποίας
3144 2559 3519 2629 ἐστΥφύσεως,
3551 2562 3647 2613 καὶ
3677 2561 3801 2614 τίνα
3831 2565 3957 2636 τρό-

2379 2671 2479 2708 πον
2503 2655 2629 2718 Υἱὸς
2649 2653 2906 2723 τυγχάνει
2949 2650 3083 2705 Θεοῦ
3102 2669 3115 2681 ·
3153 2652 3257 2705 καὶ.
3275 2653 3419 2716 τίνες
3447 2653 3501 2705 αἱ
3533 2653 3703 2706 αἰτίαι
3736 2653 3831 2706 τοῦ
3855 2653 3959 2724 ⁷μέ-

2380 2768 2469 2821 χρι
2493 2749 2691 2820 σαρκὸς
2723 2746 3067 2818 ἀνθρωπίνης
3123 2745 3233 2816 (55)
3282 2744 3444 2797 αὐτὸν
3488 2744 3952 2814 καταδεὸηκέναι,

2379 2842 2473 2895 καὶ
2507 2841 2681 2910 πάντη
2713 2838 2995 2909 ἄνθρωπον
3031 2835 3413 2907 ἀνειληφέναι·
3445 2837 3529 2900 τίς
3556 2854 3616 2889 τε
3644 2839 3740 2891 καὶ
3768 2841 3802 2909 ἡ
3830 2836 3957 2892 τού-

2375 2951 2469 2987 του
2493 2933 2740 3005 ἐνέργεια
2772 2930 2880 3000 (54)
2903 2948 2916 2959 ·
2950 2929 3045 2983 καὶ
3079 2931 3160 2992 εἰς
3181 2928 3353 2992 τίνας,
3380 2931 3474 2983 καὶ
3511 2929 3640 2982 πότε
3672 2932 3954 3004 γινομένη.

2391 3025 2725 3093 Ἀναγκαίως
2753 3024 2808 3076 δὲ
2839 3022 2914 3085 ὡς
2945 3021 3072 3091 περ).
3107 3017 3382 3088 συγγενῶν
3411 3022 3505 3075 καὶ
3527 3021 3635 3075 τῶν
3661 3023 3840 3078 ἄλλων
3875 3025 3960 3077 λοο

2378 3116 2550 3187 γικῶν
2597 3114 2882 3185 θειοτέρων
2916 3130 2976 3166 τε
3033 3113 3124 3165 καὶ
3161 3112 3602 3182 ἐκπεπτωκότων
3649 3114 3752 3184 τῆς
3787 3131 3959 3183 μακα-

2381 3211 2646 3283 ριότητος,
2681 3209 2774 3261 καὶ
2819 3206 2927 3259 τῶν
2959 3205 3148 3259 αἰτίων
3181 3205 3291 3276 (53)
3331 3205 3430 3275 τῆς
3479 3204 3687 3258 τούτων
3746 3206 3959 3260 ἐκπτώ-

2381 3320 2538 3367 σεως,
2589 3302 2757 3373 ἐχρῆν
2787 3302 2867 3364 εἰς
2914 3301 3039 3362 τοὺς
3090 3299 3280 3369 λόγους
3312 3299 3637 3368 ἀνειλῆφθαι
3665 3301 3766 3368 τῆς
3808 3298 3958 3362 θείας

2378 3394 2750 3456 διδασκαλίας·
2795 3393 2887 3445 καὶ
2916 3387 3043 3471 τιερὶ
3071 3391 3170 3460 τῆς
3201 3391 3461 3462 διαφορᾶς
3475 3391 3582 3444 τῶν
3605 3391 3796 3461 ψυχῶν
3817 3407 3832 3422 '
3865 3391 3961 3445 καὶ

2380 3487 2544 3541 πόθεν
2573 3489 2625 3540 αἱ
2655 3487 2906 3556 διαφοραὶ
2933 3480 3091 3560 α’ύται
3124 3485 3442 3554 ἐληλύθασι·
3476 3485 3560 3548 τίς
3592 3503 3652 3538 τε
3683 3486 3712 3538 ὁ
3753 3485 3960 3554 κόσΜ

2379 3582 2474 3632 καὶ
2503 3578 2588 3630 διὰ
2635 3578 2688 3629 τί
2722 3576 2948 3646 ὑπέστη.
2984 3577 3105 3628 Ἔτι
3138 3577 3192 3628 δὲ
3222 3575 3385 3629 πόθεν
3426 3579 3459 3647 ἡ
3505 3577 3672 3630 κακία
3716 3578 3958 3648 τοσαύτη

2381 3675 2477 3726 καὶ
2512 3671 2813 3742 τηλικαύτη
2851 3669 2997 3721 ἐστὶν
3042 3670 3142 3720 ἐπὶ
3175 3669 3299 3742 γῆς,
3344 3670 3440 3721 καὶ
3481 3672 3529 3721 εἰ
3556 3671 3629 3740 μὴ
3672 3670 3841 3740 μόνον
3870 3672 3958 3723 ἐπι

707 3760 910 3816 factum
947 3764 1033 3823 sit.
1066 3772 1119 3818 et
1146 3778 1253 3832 qua
1285 3765 1350 3818 dc
1377 3779 1545 3821 causa
1587 3782 1762 3836 usque
1792 3765 1859 3817 ad
1893 3762 2124 3816 formam
2154 3778 2263 3816 ser-

2384 3765 2504 3834 γῆς,
2538 3763 2671 3816 ἀλλὰ
2733 3763 2828 3814 καὶ
2875 3759 3132 3830 ἀλλαχοῦ,
3196 3761 3491 3828 ἀναγκαῖον
3538 3762 3686 3830 ἡμᾶς
3741 3759 3960 3830 μαθεῖν.

1903 3876 2464 3933 lNTERPRETATIO
2502 3875 2712 3929 NOVA.

790 3959 874 4012 14.
900 3956 1035 4028 Qua:
1063 3971 1185 4028 cum
1211 3958 1308 4028 fita
1352 3957 1479 4028 sint,
1522 3956 1900 4028 adutnhranda;
1931 3965 2057 4010 sunt
2101 3949 2231 4028 q'urei
2262 3957 2418 4028 nobis
2464 3956 2742 4028 videntur,
2774 3954 3239 4028 intelligendamm
3275 3953 3691 4028 Scripturarum-
3733 3955 3942 4014 format.

717 4029 794 4082 Ac
832 4027 1062 4095 printum
1101 4027 1314 4093 quidem
1353 4026 1480 4078 illud
1518 4027 1990 4081 demonstrandum
2028 4022 2402 4094 est—Spiritum
2433 4027 2520 4095 qui
2557 4026 2734 4078 divina
2774 4022 3106 4092 providentia
3143 4041 3240 4094 per
3262 4022 3509 4095 rVe'rbum
3548 4024 3708 4095 quod
3732 4037 3850 4081 erat
3889 4030 3946 4083 in

718 4094 981 4174 principio
1028 4096 1168 4163 apud
1211 4095 1419 4175 Deum,
1461 4095 1734 4148 ministros
1771 4095 2008 4178 veritatis
2045 4098 2332 4178 prophetas
2377 4094 2464 4175 .et’
2494 4095 2762 4178 apostolos
2814 4095 3166 4178 illuminavit,
3206 4094 3287 4172 ad_
3322 4109 3514 4146 arcana
3554 4094 3825 4178 praecipue
3861 4115 3947 4153 re-

720 4163 959 4234 ispexisse
1007 4165 1257 4233 mysteria
1303 4180 1484 4218 carum
1515 4181 1692 4217 rerum
1739 4181 1857 4232 quae
1887 4167 1951 4219 ad
1983 4163 2226 4219 homines
2256 4163 2546 4234 pertinent}
2579 4164 2834 4217 llomincs
2862 4180 3006 4218 nunc
3033 4165 3173 4224 dico,
3203 4163 3408 4234 animas
3434 4163 3945 4231 corporibus.uten—

720 4244 832 4291 tes.
876 4244 932 4285 ut
968 4234 1272 4302 qui'doceri
1314 4244 1518 4301 potest,
1559 4235 1939 4302 investiganda:
1975 4233 2535 4289 altitudinisensuum
2587 4234 2687 4287 sub
2725 4234 2946 4288 vocibus
2983 4233 3408 4288 delitescentium‘
3449 4250 3506 4286 se
3547 4234 3782 4290 tradens.
3823 4252 3944 4290 om-

719 4305 870 4357 nium
907 4304 1112 4356 consilii
1153 4305 1268 4369 ejus
1304 4305 1608 4372 thgmaluttt
1640 4305 1906 4374 particeps
1937 4306 2045 4358 ﬁat.
2090 4306 2231 4359 Inter
2267 4320 2328 4359 ea
2367 4321 2493 4358 vero
2531 4312 2650 4373 qua:
2687 4304 2893 4357 animas
2930 4305 3196 4367 attinent,
3237 4304 3487 4372 quoniam
3529 4304 3611 4359 hae
3649 4305 3947 4372 perfectio-

720 4390 843 4426 nem
887 4373 1141 4440 consequi
1179 4384 1452 4441 nequeunt
1499 4374 1599 4426 nisi
1630 4391 1726 4441 per
1759 4373 2074 4444 locupletem
2107 4385 2161 4428 et
2205 4376 2499 4443 sapientem
2533 4384 2588 4427 et
2618 4389 2792 4426 veram
2827 4374 2916 4427 Dei
2950 4374 3220 4436 notitiam,
3251 4374 3556 4427 necessario
3584 4383 3643 4427 ut
3672 4376 3947 4444 praecipua

723 4444 891 4511 posita
923 4453 1050 4494 sunt
1077 4459 1194 4509 qua:
1229 4443 1394 4514 Deum
1431 4453 1690 4513 spectant,
1726 4452 1834 4496 tum
1864 4443 1980 4514 qua:
2013 4444 2354 4514 Unigenitum
2403 4445 2519 4510 ejus
2557 4462 2568 4495 :
2601 4444 2772 4513 qualis
2809 4445 2876 4497 sit
2916 4455 3160 4506 naturae;
3201 4445 3469 4511 quomodo
3498 4444 3567 4497 sit
3605 4445 3696 4514 Dei
3741 4443 3944 4510 Filius;

719 4529 841 4580 qua:
878 4527 1036 4565 causa
1077 4514 1146 4564 sit
1182 4527 1277 4565 cur
1313 4513 1377 4565 ad
1417 4529 1631 4566 carnem
1688 4529 1856 4581 usque
1881 4513 2196 4568 ’humana’m
2235 4515 2597 4570 descenderit.
2636 4524 2689 4567 et.
2729 4514 2998 4567 hominem
3037 4513 3257 4566 omnino
3295 4513 3672 4582 assumpserit;
3714 4528 3837 4580 quae
3876 4516 3947 4569 sit

721 4582 863 4636 illius
900 4582 1265 4656 o_peratio,_a_d
1303 4597 1457 4656 quos,
1498 4593 1551 4656 et
1584 4584 1799 4656 quando
1835 4585 2133 4656 perveniat.
2158 4583 2486 4656 Necessario
2528 4584 2686 4656 etiam
2724 4584 2792 4636 ob
2827 4583 3268 4656 quamdatncum
3307 4583 3421 4656 istis
3459 4583 3622 4638 veluti
3662 4584 3946 4656 cognatio-

719 4668 865 4714 nem,
1012 4651 1221 4704 cazteris
1257 4647 1417 4706 rebus
1454 4647 1873 4727 rationabilibus,
1913 4663 2024 4727 tum
2065 4653 2432 4727 diviniorihus,
2472 4663 2580 4706 tum
2621 4653 2685 4727 iis
2723 4647 2857 4721 qua:-
2878 4654 3220 4727 beatitudine
3238 4652 3556 4727 exciderunt
3582 4663 3638 4727 et
3664 4647 3947 4706 de'causis

717 4737 904 4790 eartth
945 4722 1127 4788 lapsus
1164 4730 1341 4774 actum
1380 4738 1498 4777 esse.
1536 4723 1769 4790 oportuit
1810 4723 1863 4775 in
1903 4724 2094 4790 divinm
2131 4723 2388 4776 doctrina)
2425 4720 2790 4786 sermonibus;
2830 4725 2923 4777 sed
2962 4734 3016 4777 et
3054 4726 3120 4776 de
3171 4720 3472 4776 diﬂ'e'rentia
3509 4720 3846 4782 animarum,
3893 4733 3948 4776 et

719 4739 847 4774 earn
947 4739 1127 4788 lapsus
1164 4739 1341 4774 aetum
1380 4739 1498 4777 esse.
1536 4739 1769 4790 OportUll
1810 4739 1863 4775 tn
1903 4739 2094 4790 divinae
2131 4739 2388 4776 oocmua:
2425 4739 2790 4786 sermonibus;
2830 4739 2923 4777 seu
2962 4739 3016 4777 et
3054 4739 3120 4776 ne
3171 4739 3472 4776 maerentia
3509 4739 3846 4782 animarum,
3893 4739 3947 4776 et

719 4739 1022 4861 und/:istte
1054 4791 1388 4845 dill‘erentize'
1412 4801 1542 4845 ortzn
1585 4801 1742 4853 sunt;
1778 4801 1890 4845 tum
1933 4793 2126 4846 deinde
2167 4793 2293 4859 quid
2336 4793 2405 4844 sit
2449 4792 2534 4845 hic
2564 4793 2813 4856 mundus,
2843 4803 2897 4846 et
2927 4808 3090 4861 quare
3129 4792 3317 4845 factus.
3350 4790 3620 4861 Praeterea
3654 4791 3800 4842 unde
3828 4806 3947 4845 ma-

721 4859 1082 4930 lnm_tantum
1136 4877 1197 4930 ac
1251 4863 1352 4915 tale
1393 4862 1446 4915 in
1485 4861 1674 4926 terris,
1716 4870 1766 4915 et
1823 4870 2001 4914 utrum
2039 4878 2148 4914 non
2187 4864 2238 4914 in
2280 4863 2437 4915 terris
2474 4862 2645 4915 solum
2687 4862 2774 4924 sit,
2816 4864 2908 4915 sed
2945 4859 3110 4915 etiam
3147 4861 3292 4930 alibi.
3333 4859 3539 4930 discere
3577 4872 3800 4930 necesse
3838 4873 3943 4915 est.

723 4929 849 4982 Πιεο
877 4939 930 4981 et
962 4927 1152 5000 simin
1185 4947 1305 4983 cum
1351 4931 1450 4984 sibi
1499 4931 1854 5000 proposuerit,
1893 4931 1981 4985 ille
2027 4933 2118 5000 qui
2164 4941 2466 4984 sanctorum
2500 4931 2739 4984 veritatis
2768 4931 3134 4984 ministrorum
3180 4927 3389 5000 mentes
3421 4927 3651 4980 illustrat
3678 4927 3945 5000 Spiritus,

723 4947 849 4982 nec
877 4947 930 4981 et
962 4947 1117 4982 suum
1185 4947 1305 4983 cum
1351 4947 1450 4984 sun
1499 4947 1854 5000 proposuerit,
1893 4947 1981 4985 me
2027 4947 2118 5000 qm
2164 4947 2466 4984 sanetorum
2500 4947 2739 4984 veritatis
2768 4947 3134 4984 mlnlSll'Ol'ﬂm
3180 4947 3389 4982 mentes
3421 4947 3651 4980 musuat
3685 4947 3945 4996 Dpll’llus,

723 5001 960 5051 secundo
1003 4999 1098 5066 ipsi
1123 4947 1472 5069 Ωλιι-θροείιιιιῐι
1511 5011 1593 5054 est
1642 5012 1859 5069 propter
1901 5015 1992 5053 eos
2029 5001 2118 5068 qui
2154 5001 2313 5053 tantis
2358 5002 2517 5054 rebus
2548 5001 2879 5054 inveniendis
2914 5001 3274 5054 necessarium
3305 4997 3540 5069 laborem
3573 4997 3815 5064 perferre
3845 5017 3947 5054 ne-

722 5077 947 5135 queunt,
984 5065 1258 5139 rationein
1289 5065 1661 5138 prmdictoruni
1698 5065 1965 5124 occultare
2001 5065 2222 5123 vocibus
2267 5085 2384 5137 quae
2416 5070 2621 5139 opili'cia
2653 5069 2744 5122 Dei
2789 5071 3039 5123 sensibus
3066 5069 3295 5135 objecta,
3327 5065 3574 5139 hominis
3589 5069 3944 5133 creationem,

723 5147 778 5190 et
814 5151 1000 5207 eorum
1040 5137 1128 5204 qui
1187 5154 1248 5189 ex
1290 5136 1474 5206 primis
1513 5141 1823 5207 parentibus
1861 5154 1956 5207 per
1992 5136 2386 5192 successionem
2427 5136 2477 5192 in
2521 5139 2916 5193 multitudinem
2955 5148 3306 5192 excreverunt
3343 5136 3742 5205 generationem
3784 5156 3945 5193 enar-

725 5216 873 5278 rent._
908 5205 1052 5256 Idem
1092 5205 1394 5278 qttoquepin
1433 5205 1549 5264 aliis
1586 5209 1835 5278 praestitit
1864 5205 2108 5262 historiis
2145 5224 2261 5277 qua:
2295 5211 2562 5278 justorum
2604 5225 2689 5262 res
2727 5218 2920 5278 gestas,
2961 5207 3268 5260 earumdem
3307 5216 3365 5258 ut
3405 5206 3681 5278 hominum
3723 5221 3945 5276 peccata

719 5275 989 5345 quaedam,
1030 5290 1136 5347 nee
1166 5291 1273 5327 non
1312 5275 1631 5343 injustorum
1672 5278 2061 5346 impiorumque
2099 5275 2317 5340 scelera,
2360 5280 2611 5332 libidines.
2641 5289 2695 5331 et
2729 5275 3048 5347 cupiditates
3085 5286 3377 5343 exponunt.
3415 5276 3479 5329 Et
3515 5279 3659 5344 quod
3698 5275 3947 5332 mirabile

719 5344 942 5415 prorsus
983 5354 1084 5400 est,
1128 5344 1258 5411 ipsis
1295 5347 1453 5399 etiam
1492 5344 1761 5403 bellorum
1793 5344 2046 5408 historiis,
2088 5349 2177 5401 ubi
2217 5348 2420 5402 victiet
2447 5351 2677 5402 victores
2711 5344 3218 5400 commemorantur".
3247 5362 3438 5398 arcana
3476 5348 3722 5415 quaedam
3759 5350 3947 5402 insunt

719 5413 975 5482 mysteria
1032 5429 1151 5481 qute
1202 5415 1266 5467 iis
1298 5417 1446 5470 solis
1501 5418 1593 5486 qui
1637 5417 1752 5470 haec
1795 5418 2118 5486 perscrutari
2155 5427 2379 5486 possunt
2417 5419 2773 5491 declarantur.
2828 5417 3088 5485 Quodque
3123 5417 3300 5470 adhoc
3335 5413 3631 5471 mirabilius
3669 5428 3773 5482 est,
3817 5420 3946 5487 ipsa:

757 5522 812 5557 ’⁸⁸
840 5521 1002 5577 Rom.
1042 5535 1120 5582 ιι,
1145 5518 1198 5572 4.

781 5643 892 5718 (51)
924 5642 1018 5696 Sic
1040 5639 1243 5706 optime
1283 5650 1415 5691 mss.
1452 5629 1589 5687 Maie
1632 5637 1780 5701 editi
1823 5655 1842 5686 ι
1877 5638 2108 5694 aliorum
2143 5649 2269 5707 pro—
2301 5638 2344 5693 D

709 5718 966 5791 spiciensh
983 5719 1360 5791 contectu'nt._t

787 5777 896 5858 (εἳ)
934 5784 1026 5858 δίς
1058 5796 1184 5833 IIISS-
1217 5778 1445 5858 :l‘fn'itnts
1475 5791 1673 5858 autem.
1705 5777 1825 5857 ύπᾴ.

693 5859 698 5874 ’
933 5856 1144 5910 Pt'itlttts
1177 5851 1341 5905 cedes
1379 5847 1530 5911 Ili-3.,
1560 5846 1912 5916 ἀνθρωπίνως.

2460 5650 2574 5711 (5i)
2607 5647 2774 5706 Idem,
2801 5647 2834 5714 ἡ
2871 5643 3061 5695 τούτου
3095 5643 3361 5716 ἐνέργεια,
3393 5643 3646 5716 Tarintts,
3674 5646 3708 5716 ὴ
3755 5645 3959 5699 τούτων

2391 5722 2659 5791 ἐνέργεια.
2691 5719 2902 5791 Primus
2941 5718 3112 5768 codex
3149 5714 3349 5786 Regius
3399 5715 3561 5770 habet
3603 5714 3766 5786 paulo
3811 5735 3960 5790 fﬂal,

2434 5786 2682 5856 ¹μοι’γκαῖξον
2712 5786 2786 5841 δέ.

2462 5855 2571 5927 (55)
2607 5859 2770 5920 Hem,
2806 5856 2895 5910 καὶ
2925 5855 3017 5923 τὴν
3047 5855 3244 5909 αἰτίαν.
