4116 6312
658 533 768 597 ωδ

1862 524 2178 585 ORIGENIS
2219 525 2376 579 ΠΕΡΙ
2412 521 2641 577 ΛΡΧΩΝ

3796 517 3902 575 396

654 661 808 724 dera,
862 656 905 714 si
955 669 1059 710 non
1091 623 1359 711 indicatur
1383 653 1524 710 quod
1558 653 1728 710 solum
1759 653 1930 724 ipsum
1966 665 2023 710 et
2049 662 2234 720 super-

2351 664 2650 718 ὲπιπόλαιον
2667 660 2834 733 αὐτῆς
2851 661 2945 715 καὶ⁵
2956 661 3261 733 πρόχειρον,
3273 661 3303 714 ὁ
3319 661 3422 725 πᾶς
3438 661 3580 714 ἐστιν
3594 625 3761 730 ἀγρὸς
3776 659 3915 730 πλή-

653 749 823 813 ﬁcies,
856 758 914 802 ut
938 749 1009 802 ita
1042 747 1290 813 dixerim,
1312 747 1636 818 Scriptura,
1666 749 1718 803 id
1748 757 1830 803 est
1859 750 2002 818 quod
2027 764 2224 804 secun-

654 841 780 896 dum
816 840 1054 894 litteram
1092 839 1308 908 legitur,
1341 853 1468 909 ager
1489 849 1572 895 est
1603 840 1880 909 repletus,
1926 850 1980 896 et
2024 840 2224 896 florens

652 932 895 989 omnium
930 948 1185 1003 generum
1216 933 1523 1001 plantariis;
1560 932 1647 988 ille
1670 947 1801 989 vero
1830 933 1996 988 altior
2024 943 2078 988 et
2103 948 2251 1002 pro-..

655 1023 874 1079 tundier
899 1025 1158 1093 spiritalis
1191 1023 1522 1088 intellectus,
1555 1024 1654 1093 ipsi
1688 1032 1816 1083 sunt
1846 1026 2085 1096 thesauri
2137 1039 2228 1077 sa-

655 1117 875 1186 pientiae
897 1124 946 1171 et
972 1098 1214 1170 scicntia:
1235 1116 1575 1180 absconditi,‘
1591 1127 1727 1186 quos
1747 1116 1980 1188 Spiritus
2006 1124 2229 1169 sanctus

659 1221 757 1276 per
799 1208 991 1261 Isaiam
1021 1206 1288 1261 obscuros
1336 1214 1389 1259 et
1436 1207 1735 1259 invisibiles
1783 1213 1842 1260 et
1885 1206 2232 1259 absconditos

663 1299 944 1352 thesauros
982 1305 1144 1352 vocat
1177 1296 1330 1361 ""°;
1363 1295 1454 1364 qui
1489 1304 1548 1348 ut
1578 1295 1808 1350 inveniri
1840 1296 2076 1365 possint,
2136 1286 2238 1350 Dci'

662 1390 933 1458 adiutorio
961 1403 1097 1456 Opus
1130 1397 1233 1451 est,
1285 1387 1377 1457 qui
1423 1387 1568 1441 solus
1610 1395 1788 1457 potest
1838 1397 2025 1458 portas
2051 1403 2231 1444 aereas

665 1479 868 1545 quibus
890 1478 1056 1532 clausi
1092 1487 1217 1532 sunt
1245 1489 1298 1532 et
1327 1479 1632 1533 absconditi
1662 1479 2025 1550 confringere,
2065 1488 2119 1533 et
2145 1495 2227 1535 se-

666 1582 754 1622 ras
784 1569 986 1622 ferreas
1012 1576 1298 1636 veetcsque
1337 1569 1727 1632 comminuere,
1759 1569 1954 1638 quibus
1983 1568 2234 1636 prohibe-

667 1671 754 1713 tur
786 1661 1060 1729 ingressus
1088 1659 1437 1728 perveniendi
1471 1661 1537 1712 ad
1568 1675 1632 1713 ea
1665 1660 1845 1713 omnia
1869 1675 1988 1728 qua:
2019 1659 2071 1713 in
2123 1658 2232 1714 Ge.-

666 1751 779 1807 nesi
809 1753 873 1806 de
918 1751 1145 1805 diversis
1175 1751 1478 1804 animarum
1529 1751 1819 1820 generibus
1855 1750 2055 1819 scripta
2104 1760 2234 1805 sunt

663 1852 720 1897 et
774 1842 1011 1904 obtecta,
1057 1850 1110 1895 et
1149 1843 1213 1895 de
1238 1842 1326 1895 his
1353 1842 1648 1897 seminibus
1677 1858 1742 1897 ac
1790 1844 2231 1912 generationibus

665 1950 787 2002 quae
842 1934 924 1989 vel
980 1934 1046 1987 ad
1095 1934 1556 2004 propinquitatem
1615 1935 1884 2004 pertinent
1927 1937 2091 1992 Israel
2149 1937 2230 1990 vel

671 2027 831 2099 187
859 2043 978 2096 qua:
1022 2027 1089 2081 ab
1111 2027 1226 2096 ejus
1262 2028 1518 2097 progenie
1559 2028 1769 2097 longius
1810 2039 2169 2101 segregantur
2213 2046 2227 2082 :

667 2121 763 2174 sed
787 2129 838 2171 et
861 2134 979 2187 qua:
1005 2119 1074 2172 sit
1100 2118 1186 2171 illa
1214 2119 1493 2174 descensio
1511 2120 1561 2173 in
1582 2120 1868 2192 IEgyptum
1899 2123 2232 2191 septuaginta

676 2212 1001 2276 animarum,
1035 2227 1154 2279 quae
1179 2212 1514 2281 septuaginta
1555 2215 1747 2268 animze
1769 2215 1972 2268 liantin
2004 2214 2236 2287 Aﬂgypto

2332 772 2431 826 ρης
2450 743 2802 807 ⁸ἱιιαντοδαπῶν
2827 752 3109 822 τυγχάνων
3126 750 3324 820 φυτῶνο
3349 751 3417 804 τὰ
3434 750 3490 803 δὲ
3508 749 3908 818 ἐναποκείμενα

2325 847 2421 901 καὶ
2442 846 2504 898 οὐ
2526 845 2690 898 πᾶσιν
2709 843 2982 915 ὁρώμενα,
3001 843 3114 899 ἀλλ’
3137 841 3490 914 ὠσπερεὶύπδ
3511 840 3580 894 τὰ
3599 841 3913 910 βλεπόμενα

2332 935 2473 1005 φυτὰ
2495 935 2978 1005 κατορωρυγμένα,
3001 935 3047 986 oi
3070 933 3330 1004 θησαυροὶ
3349 932 3448 1002 τῆς
3465 933 3662 1001 ,σοφίας
3696 931 3792 982 καὶ
3815 930 3912 998 τῆς

2330 1024 2583 1095 γνώσεως
2629 1026 2966 1096 ἀπόκρυφοι·
3013 1024 3106 1087 οὓς
3147 1041 3296 1087 τινας
3325 1022 3391 1077 τὺ
3423 1022 3647 1092 Πνεῦμα
3696 1021 3786 1073 διὰ
3820 1019 3912 1072 τοῦ

2344 1115 2563 1169 Ἡσαΐου
2615 1117 2920 1179 σκοτεινοὺς
2971 1115 3066 1169 καὶ
3112 1114 3372 1186 ἁοράτους
3420 1114 3516 1167 καὶ
3556 1112 3919 1182 ἀποκρύφους-

2336 1206 2513 1259 aculei?
2548 1204 2682 1257 Θεοῦ
2713 1196 2805 1261 τοῧ
2842 1205 3001 1276 μόνου
3027 1205 3320 1274 δυναμένου
3339 1204 3437 1266 τὰς
3453 1202 3797 1274 κρυπτούσας
3815 1200 3916 1253 αό-

2337 1295 2483 1359 τοὺς
2521 1295 2689 1358 πύλας
2734 1296 2938 1366 χαλκᾶς
2978 1295 3300 1366 συντρῖψαι,
3344 1295 3441 1348 καὶ
3482 1295 3608 1355 τοὺς
3658 1291 3912 1362 σιδηροῦς

2333 1387 2712 1458 ἐπικειμένους
2742 1388 2969 1460 μοχλοὺς
2995 1390 3112 1450 ταῖς
3139 1384 3330 1457 Θύραις
3370 1383 3676 1446 συνθλάσαι,
3720 1382 3785 1435 ἵν’
3823 1381 3911 1432 εὐ-

2334 1481 2462 1550 ρεθῇ
2492 1481 2671 1534 πάντα
2698 1479 2764 1551 τᾷ
2785 1482 2844 1532 ὲν
2867 1482 2932 1549 τῇ
2954 1478 3164 1547 γενέσει
3194 1478 3322 1548 περὶ
3345 1475 3450 1528 τῶν
3481 1475 3750 1546 διαφόρων
3780 1473 3926 1543 ἄλη--

2338 1571 2502 1625 θινῶν
2529 1571 2706 1641 ψυχῆς
2751 1570 2922 1639 γενῶν
2955 1569 3045 1623 καὶ
3077 1568 3237 1622 οἱονεὶ
3262 1565 3589 1638 σπερμάτων
3621 1560 3787 1633 ἐγγύς
3811 1580 3914 1614 που

2338 1663 2428 1716 τοῦ
2470 1662 2685 1733 Ἰσραὴλ
2719 1662 2750 1732 ἢ
2787 1662 2972 1731 πόρρω
3010 1659 3400 1730 τυγχανόντων·
3443 1657 3535 1711 καὶ
3574 1657 3608 1726 ἡ
3647 1656 3705 1717 ἐς
3749 1655 3917 1721 Αἴγυ-

2338 1770 2469 1806 πτον
2495 1751 2718 1815 κάθοδος
2743 1751 2852 1804 τῶν
2883 1751 3247 1823 ἐϐδομήκοντα
3271 1749 3477 1822 ψυχῶν,
3499 1749 3647 1811 ὅπως
3673 1749 3790 1800 ἐκεῖ
3822 1745 3916 1814 γὲ-

2339 1859 2535 1896 νωνται
2557 1841 2688 1894 ὡσεὶ
2713 1840 2779 1895 τὰ
2801 1841 2974 1912 ἄστρα
3002 1840 3093 1893 τοῦ
3132 1839 3361 1910 οὐρανοῦ
3392 1839 3468 1910 τῷ
3514 1838 3725 1908 πλήθει.
3773 1835 3916 1889 Ἀλλ’

2336 1934 2460 1993 ἐπεὶ
2483 1934 2540 1985 οὐ
2577 1932 2771 1994 πάντες
2803 1934 2851 1984 οἱ
2878 1930 2938 1994 ὲξ
2961 1929 3139 1984 αὐτῶν
3182 1931 3294 2000 φῶς
3320 1933 3426 1984 εἱσι
3453 1929 3545 1982 τοῦ
3577 1925 3917 1998 κόσμου,‹οὑ

2336 2024 2446 2097 γὰρ
2472 2029 2670 2085 πάντες
2691 2023 2748 2075 οῖ
2767 2021 2824 2087 ἐξ
2868 2021 3081 2096 Ἰσραὴλ
3110 2014 3255 2074 οὗτοι
3309 2018 3828 2091 Ίσ’ραὴλ,›γίνονται
3852 2017 3920 2069 ὲκ

2334 2113 2444 2165 τῶν
2471 2109 2837 2182 ὲὸδομήκοντα
2871 2110 2964 2164 καὶ
3007 2109 3138 2162 ὡσεὶ
3175 2109 3357 2180 ἄμμος
3388 2111 3422 2180 ή
3455 2120 3604 2180 παρα
3635 2107 3696 2160 τδ
3740 2106 3918 2176 χεῖλος

2338 2204 2436 2274 τῆς
2463 2201 2734 2270 Θαλάσσης
2769 2203 2800 2270 ἡ
2827 2199 3213 2273 ἀναρίθμητος.

671 2304 813 2358 sicut
844 2305 1022 2359 sidera
1046 2304 1168 2359 coeli
1203 2304 1255 2356 in
1287 2305 1651 2359 multitudine.
1677 2306 1781 2360 Sed
1812 2308 1939 2376 quia
1966 2325 2070 2362 non
2104 2327 2293 2367 omnes
2324 2313 2417 2381 qui
2461 2327 2525 2366 ex
2563 2312 2691 2381 ipsis
2717 2320 2898 2374 erant,
2933 2310 3112 2363 lumen
3141 2319 3267 2364 sunt
3291 2308 3447 2376 hujus
3471 2310 3657 2363 mundi
3691 2327 3704 2362 :
3746 2329 3762 2360 ι
3801 2309 3915 2361 Non

669 2395 815 2449 enim
841 2409 1030 2449 omnes
1057 2396 1148 2463 (ιιιί
1182 2410 1247 2448 εκ
1280 2394 1461 2460 Ιετίιεῐν
1497 2398 1549 2451 hi
1581 2395 1837 2453 Israelilm
1869 2410 1995 2453 sunt
2031 2402 2105 2468 “;
2146 2422 2162 2454 ι
2197 2419 2260 2458 ex
2293 2405 2425 2473 ipsrs
2458 2405 2798 2473 septuaginta
2831 2402 3115 2457 animabus
3146 2403 3282 2455 tlunt
3309 2401 3470 2470 aliqui
3503 2411 3558 2455 et
3580 2395 3718 2456 sicut
3750 2417 3912 2454 arena

669 2500 792 2556 qua:
826 2496 908 2540 est
938 2488 1003 2540 ad
1027 2502 1178 2540 oram
1213 2487 1378 2541 maris
1406 2488 1818 2544 innumerabilis
1851 2489 1990 2560 (28).

740 2579 832 2632 24.
873 2578 1008 2646 Qua:
1039 2578 1326 2634 descensio
1371 2592 1681 2636 sanctorum
1728 2594 1943 2652 patrum
1979 2586 2031 2640 in
2069 2584 2243 2656 Aigy-
2277 2596 2319 2650 Β
2363 2585 2793 2641 institutionibus
2824 2586 2877 2641 in
2908 2592 3050 2653 terra
3075 2592 3262 2638 sancta
3288 2583 3577 2636 vivendum
3609 2582 3699 2635 sit.
3735 2583 3840 2636 Sed
3861 2593 3914 2636 et
3964 2578 3967 2579 ⁷

673 2678 847 2740 ptum,
878 2670 930 2723 in
955 2670 1098 2725 hunc
1125 2673 1384 2726 mundum
1418 2673 1590 2728 videri
1622 2676 1825 2742 poterit
1857 2677 1924 2731 ad
1963 2675 2227 2730 illumina-

677 2760 879 2817 tionem
926 2771 1246 2817 czeterorum
1300 2774 1462 2834 atque
1514 2765 1734 2820 humani
1787 2769 2008 2836 generis
2033 2768 2240 2823 instru-

677 2854 917 2910 ctionem
963 2870 993 2908 a
1041 2856 1380 2924 providentia
1430 2856 1526 2911 Dei
1575 2872 1696 2912 esse
1725 2873 1985 2915 concessa
2010 2901 2025 2925 ,
2057 2870 2115 2915 ut
2145 2875 2242 2930 per

677 2958 774 3000 eos
824 2953 1036 3000 cmterae
1081 2946 1277 3000 animae
1349 2946 1667 3000 illuminatae
1712 2949 2052 3017 iuvarentur.
2108 2950 2243 3019 lpsis

678 3033 824 3088 enim
871 3035 1063 3102 primis
1111 3049 1374 3089 concessa
1419 3044 1546 3089 sunt
1579 3037 1793 3105 eloquia
1827 3038 1959 3102 Dei,
1987 3040 2241 3109 quoniam

681 3121 854 3177 solum
894 3123 1038 3178 istud
1082 3133 1163 3177 est
1191 3139 1363 3193 genus
1398 3125 1542 3194 quod
1587 3125 1771 3180 videre
1796 3127 1997 3182 dicitur
2031 3129 2242 3194 Deum;

683 3213 789 3268 hoc
817 3213 960 3269 enim
1011 3214 1222 3269 lsraelis
1249 3229 1446 3268 nomen
1495 3215 1765 3283 signiﬁcat
1807 3218 2243 3283 interpretatum.

682 3305 802 3363 Jam
832 3321 959 3360 vero
996 3322 1334 3376 consequens
1384 3316 1470 3361 est
1502 3315 1560 3360 ut
1597 3307 1894 3361 secundum
1933 3308 2048 3362 haec
2077 3291 2246 3377 aptari

683 3400 881 3454 debeat
932 3407 985 3453 et
1037 3397 1388 3466 interpretari
1453 3397 1584 3451 illud
1637 3399 1781 3467 quod
1848 3395 2032 3453 decem
2079 3399 2250 3468 plagis

688 3487 955 3558 Egyptus
1000 3489 1323 3541 verberatur
1383 3495 1444 3541 ut
1503 3487 1597 3541 Dei
1664 3487 1914 3557 populum
1968 3490 2253 3557 permittat

687 3579 861 3640 exire,
893 3576 975 3628 vel
1009 3590 1071 3629 ea
1105 3590 1225 3642 quae
1253 3576 1305 3627 in
1340 3576 1554 3630 deserto
1578 3591 1697 3630 cum
1745 3577 1940 3645 populo
1967 3585 2253 3646 geruntur,

690 3668 774 3721 vel
803 3667 944 3736 quod
977 3681 1045 3721 ex
1087 3665 1374 3721 collatione
1418 3669 1596 3723 omnis
1641 3668 1822 3738 populi
1852 3670 2254 3724 tabernaculum

691 3759 1062 3825 construitur,
1097 3758 1182 3812 vel
1234 3760 1611 3814 indumentum
1647 3761 1986 3817 sacerdotale
2017 3765 2261 3818 contexi-

691 3865 820 3921 tur,
852 3857 941 3909 vel
986 3857 1053 3911 de
1082 3853 1231 3909 vasis
1274 3851 1561 3906 ministerii
1610 3866 1939 3922 quaecunque
1977 3852 2252 3914 dicuntur,

695 3927 825 4011 quia
851 3957 997 4006 vere,
1047 3942 1192 3997 sicut
1243 3939 1536 4015 scriptum;
1558 3947 1679 4000 est,
1712 3938 1957 3992 umbram
1984 3939 2036 3994 in
2066 3955 2126 3994 se
2155 3940 2265 3994 for-

694 4048 951 4101 mamque
981 4032 1283 4087 ccelestium
1307 4031 1610 4085 continent.
1637 4028 1922 4084 Manifeste
1949 4030 2090 4084 enim
2123 4029 2264 4085 Pau-

699 4124 783 4178 lus
814 4125 889 4177 ait
916 4124 984 4178 de
1003 4123 1153 4188 illis,
1187 4122 1315 4190 quia
1361 4140 1380 4172 ί
1418 4121 1620 4174 umbrae
1649 4130 1706 4174 et
1733 4121 2032 4190 exemplari
2073 4123 2261 4176 deser-

701 4216 857 4269 viunt
881 4213 1185 4269 ctelestium
1213 4212 1279 4270 δ’.
1321 4232 1340 4264 ι
1374 4213 1429 4267 lu
1465 4213 1565 4267 hac
1591 4213 1778 4266 eadem
1828 4213 1943 4285 lege
1983 4213 2146 4265 etiam
2182 4213 2263 4265 ni-

2341 2677 2791 2733 comminationes
2817 2677 3006 2746 posita
3032 2687 3159 2730 sunt
3191 2674 3394 2743 bisqui
3423 2673 3765 2742 praevaricati
3804 2674 3912 2727 tne-

2342 2770 2452 2823 rint
2485 2769 2694 2839 legem,
2727 2781 2934 2822 necnon
2975 2777 3030 2821 et
3056 2767 3140 2821 his
3167 2765 3257 2834 qui
3293 2763 3671 2834 puriﬁcatione
3704 2764 3912 2832 indige-

2343 2860 2492 2923 bant,
2524 2861 2737 2915 diversa
2768 2859 3212 2928 puriﬁcationum
3241 2871 3459 2927 genera,
3494 2856 3637 2910 velut
3667 2857 3758 2924 qui
3797 2855 3907 2910 fre-

2342 2952 2595 3018 quentius
2647 2958 2830 3005 essent
2855 2940 3154 3020 polluendi,
3198 2947 3522 3012 traduntur,
3574 2956 3632 3000 ut
3681 2961 3778 3014 per
3809 2947 3920 2999 haec

2347 3037 2561 3094 tandem
2598 3041 2664 3094 ad
2694 3039 2841 3093 illam
2867 3055 3029 3093 unam
3055 3029 3504 3107 puriﬁcationem
3533 3038 3774 3101 veniant,
3800 3044 3922 3104 post

2345 3144 2504 3195 quam
2562 3129 2725 3193 pollul
2767 3130 2907 3178 ultra
2941 3143 3044 3178 non
3088 3129 3235 3178 licet.
3274 3127 3380 3177 Sed
3433 3107 3487 3177 et
3513 3126 3578 3175 ad
3627 3137 3915 3175 numerqu

2349 3219 2578 3287 populus
2606 3220 2721 3286 ipse
2752 3217 3036 3272 deducitur
3056 3256 3073 3282 ,
3117 3216 3244 3270 licet
3273 3229 3378 3268 non
3425 3229 3616 3269 omnes
3642 3232 3655 3279 ;
3684 3215 3926 3282 pueriles

2350 3324 2581 3376 namque
2625 3310 2820 3363 animae
2867 3310 3102 3364 nondum
3151 3317 3361 3374 tempus
3395 3305 3598 3359 habent
3629 3321 3696 3359 ex
3731 3291 3921 3359 divino

2351 3411 2621 3470 praecepto
2652 3400 2924 3454 numerari
2952 3417 2965 3464 ;
2999 3398 3092 3452 sed
3119 3412 3186 3450 ne
3209 3396 3310 3449 illa:
3331 3395 3546 3464 quidem
3583 3398 3778 3448 animm
3801 3411 3925 3464 qua:
3952 3453 3958 3457 ,

2355 3507 2460 3546 non
2495 3503 2720 3560 possunt
2762 3492 2877 3544 tieri
2913 3490 3137 3543 alterius
3171 3496 3370 3557 caput,
3402 3487 3495 3541 sed
3525 3487 3656 3554 ipsa:
3688 3489 3928 3541 subtlin

2356 3590 2483 3635 sunt
2524 3581 2651 3635 aliis
2679 3580 2825 3634 velut
2869 3578 3026 3648 capiti
3072 3594 3087 3643 ;
3133 3593 3270 3646 quas
3303 3576 3557 3630 mulieres
3593 3577 3931 3640 nominavit,

2359 3688 2477 3743 qua:
2507 3675 2692 3742 utique
2725 3688 2828 3725 non
2857 3673 3201 3725 adducuntur
3228 3666 3340 3737 (‘29)
3371 3669 3423 3720 in
3445 3664 3738 3720 'numerum
3771 3668 3929 3744 illum

2360 3764 2451 3832 qui
2481 3779 2510 3816 a
2543 3763 2654 3816 Deo
2681 3761 2993 3830 praecipitur
3033 3777 3047 3812 :
3077 3759 3178 3813 sed
3210 3757 3285 3812 illi
3316 3758 3414 3810 soli
3446 3745 3932 3824 numerantur'qui

2361 3853 2462 3907 viri
2491 3853 2832 3925 appellantur
2853 3893 2868 3917 ,
2898 3866 3004 3919 quo
3030 3851 3239 3906 scilicet
3281 3852 3662 3906 ostenderetur
3689 3862 3796 3899 non
3836 3862 3935 3902 eas

2367 3957 2528 4013 posse
2559 3944 2899 3996 extrinsecus
2931 3942 3227 4001 numerari,
3259 3941 3353 3995 sed
3380 3941 3430 3993 in
3461 3942 3545 3993 bis
3575 3939 3663 4006 qui
3701 3940 3808 3991 viri
3841 3955 3936 4004 ap-

2367 4033 2658 4102 pellantur,
2692 4033 2855 4085 etiam
2887 4047 2981 4085 eas
3009 4033 3415 4098 ceinpreltendi.
3447 4031 3720 4097 Praecipue
3751 4037 3931 4081 tamen

2367 4125 2433 4177 ad
2476 4134 2722 4179 sanctum
2772 4137 3054 4174 numerum
3099 4121 3209 4191 (30)
3254 4122 3482 4175 veniunt
3528 4119 3579 4173 lii
3629 4118 3724 4186 qui
3757 4118 3934 4185 parati

2366 4225 2494 4269 sunt
2525 4214 2589 4269 ad
2621 4212 2917 4266 Israelitica
2950 4212 3088 4267 bella
3122 4214 3434 4280 procedere,
3459 4211 3550 4279 qui
3589 4218 3817 4278 possunt
3842 4209 3938 4261 ad—

703 4308 997 4364 bilominus
1042 4309 1394 4372 continetur,
1443 4307 1642 4375 quibus
1706 4305 1917 4374 legibus
1962 4305 2266 4375 quibusque
2294 4297 2337 4354 C
2371 4319 2558 4358 versus
2584 4303 2706 4356 illos
2723 4302 2905 4356 hostes
2935 4302 3299 4369 inimicosque
3331 4300 3533 4355 bellare
3564 4315 3698 4368 quos
3725 4297 3938 4354 sedenti

1961 4398 2508 4471 INTERPRETATIO
2540 4396 2745 4451 NOVA.

695 4518 857 4570 agro,
890 4515 1048 4571 quem
1073 4497 1163 4567 qui
1199 4496 1402 4571 invenit
1428 4495 1924 4571 homoabscondit,
1953 4503 2006 4548 et
2032 4494 2355 4571 prmgaudio
2384 4495 2525 4549 illius
2558 4496 2734 4571 vadit,
2771 4504 2825 4547 et
2859 4491 3045 4571 vendit
3072 4493 3322 4571 universa
3344 4506 3472 4571 gnte
3500 4490 3670 4545 habet
3713 4501 3769 4544 et
3805 4491 3940 4571 emit

710 4560 1104 4634 agrum'iilum:
1146 4587 1164 4617 ι
1202 4567 1556 4620 Attendamus
1594 4567 1757 4634 igitur
1786 4581 1852 4617 an
1890 4580 1992 4618 non
2023 4560 2410 4634 quod—obvium
2451 4577 2551 4626 est.
2586 4566 2728 4633 quod
2761 4563 2932 4617 oculis
2960 4563 3228 4634 _cernitur
3255 4562 3309 4614 in
3342 4560 3938 4634 Scriptura,_quodque

713 4589 738 4626 a
785 4588 899 4624 rum
932 4587 1104 4622 tuum.
1146 4587 1164 4617 ι
1202 4587 1556 4620 Attenuumus
1594 4587 1757 4634 lgttur
1786 4587 1852 4617 an
1890 4587 1992 4618 IIUII
2023 4587 2163 4634 quuu
2192 4587 2410 4620 uuvmlll
2451 4587 2551 4626 εει,
2586 4587 2728 4633 qttotl
2761 4587 2932 4617 UL‘uns
2985 4587 3227 4614 ccrttnttr
3255 4587 3309 4614 Ill
3343 4587 3642 4629 ocrtptuta,
3685 4587 3936 4629 quuuqttc

713 4587 858 4694 igius
889 4639 1052 4691 veluti
1090 4636 1408 4704 superﬁcies
1441 4647 1542 4698 est,
1575 4639 1646 4690 sit
1670 4637 1846 4688 omnis
1877 4648 2003 4703 ager
2030 4632 2216 4704 plenus
2249 4635 2448 4701 plantis
2471 4634 2758 4704 cujuslibet
2791 4632 3042 4704 generis;
3067 4645 3207 4704 'qme
3241 4640 3422 4704 autem
3449 4632 3749 4704 _reeondita
3781 4640 3936 4704 sunt,

711 4724 818 4764 nec
854 4709 1106 4762 omnibus
1141 4699 1550 4773 cotispicabilia,
1583 4707 1675 4758 sed
1707 4704 1870 4758 veluti
1909 4699 2008 4757 sub
2030 4699 2145 4756 illis
2173 4699 2292 4772 quie
2329 4699 2622 4772 cernuntur
2647 4699 3110 4773 plantis-defossa,
3147 4701 3388 4773 thesauri
3419 4699 3527 4754 sint
3560 4699 3939 4773 sapientimct

722 4779 969 4832 scientiae
999 4767 1322 4836 absconditi,
1362 4790 1495 4841 quos
1529 4773 1764 4841 Spiritus
1815 4788 1908 4841 per
1941 4767 2515 4835 lsaiant-téttebrosos,
2561 4767 2861 4825 invisibiles
2905 4779 2958 4822 et
2993 4771 3335 4823 absconditos
3374 4780 3568 4841 vocat.
3621 4785 3742 4820 cum
3795 4767 3940 4819 solus

712 4849 859 4902 Deus
885 4847 1075 4914 possit,
1106 4860 1226 4912 quae
1257 4839 1401 4911 ipsos
1428 4839 1774 4914 cnncludunt,
1806 4839 2180 4914 portasraereas
2210 4841 2578 4909 centriugere,
2598 4851 2665 4914 et
2694 4841 2901 4893 ferreos
2929 4848 3106 4914 vectes
3131 4841 3299 4908 portis
3326 4839 3942 4914 appositoscenterere,

715 4926 773 4968 ut
807 4906 1157 4968 inveniantur
1192 4906 1524 4981 quaecunque
1563 4914 1613 4964 in
1643 4906 1835 4966 Genesi
1865 4916 1929 4965 de
1971 4911 2197 4981 diversis
2241 4921 2295 4965 et
2332 4906 2472 4963 veris
2522 4912 2827 4981 anima_rum
2875 4906 3164 4976 generibus
3192 4919 3243 4981 et
3292 4909 3463 4981 veluti
3489 4906 3788 4958 seminibus
3825 4913 3944 4981 qua?

719 4999 885 5054 prepe
917 4984 1081 5054 Israel
1114 4973 1413 5054 vel'proeul
1437 4973 1592 5044 'sunt,
1632 4982 1998 5054 continentur;
2028 4980 2216 5054 sed_et
2242 4983 2532 5054 descensus
2567 4983 2617 5033 in
2656 4973 2949 5050 Egyptmu
3000 4978 3337 5054 septuaginta
3377 4976 3683 5054 animarum
3713 5012 3729 5036 ,
3780 4984 3839 5023 ut
3873 4973 3942 5054 ibi

719 5041 786 5105 id
819 5041 1524 5105 inultitudinem'stellarum
1577 5041 1699 5121 cmli
1751 5041 2070 5121 augeantur.
2106 5051 2304 5121 verum
2337 5050 2594 5121 quoniam
2630 5041 2951 5101 nouvninucs
2990 5041 3077 5121 qui
3110 5062 3173 5098 ex
3195 5041 3328 5121 'illis
3374 5053 3498 5121 sunt
3526 5083 3537 5101 ,
3585 5041 3763 5121 lumen
3819 5052 3946 5092 sunt

724 5123 930 5184 mundi,
960 5140 978 5171 ι
1015 5135 1118 5173 non
1149 5121 1292 5173 enim
1323 5134 1508 5173 omnes
1537 5122 1627 5186 qui
1657 5114 1723 5171 ex
1760 5112 1924 5171 lsr‘ael
1951 5126 2095 5180 sunt,
2129 5120 2162 5172 ii
2194 5128 2319 5172 sunt
2347 5112 2622 5182 lsraelitm,
2655 5138 2672 5170 ι
2710 5134 2777 5171 ex
2802 5112 3136 5186 septuaginta
3165 5116 3379 5184 quidam
3404 5115 3567 5166 etiam
3601 5112 3741 5164 sicut
3765 5125 3930 5164 arena

723 5208 840 5253 ιςιιςρ
872 5200 954 5243 est
981 5191 1046 5241 ad
1077 5189 1230 5242 littus
1259 5190 1427 5242 maris
1463 5188 1897 5250 innumerabilis,
1935 5189 2387 5256 multiplicantur.

795 5283 914 5313 “4°
951 5280 1052 5335 lsa.
1089 5297 1210 5337 ην.
1271 5284 1330 5313 ’⁸⁸
1354 5282 1513 5336 Boni.
1542 5298 1618 5346 Ix,
1651 5281 1703 5334 6.
1778 5281 1823 5312 δ’
1850 5280 2012 5334 llebr.
2044 5292 2170 5344 ‘rvm,
2200 5282 2255 5335 5.

801 5377 910 5445 (28)
942 5379 1032 5432 Sic
1066 5395 1192 5434 mss.
1226 5379 1363 5433 Editi
1389 5420 1405 5443 ,
1447 5397 1466 5428 ‹
1509 5377 1944 5432 innumerabiles.
1983 5394 1999 5426 ι

802 5447 912 5520 (ﬁt!)
945 5450 1035 5520 §ic
1070 5464 1198 5502 mss.
1242 5449 1402 5512 Editi,
1438 5467 1455 5498 ι
1494 5449 1781 5520 adduntur.
1822 5464 1838 5495 ι

805 5515 912 5585 (50)
946 5517 1212 5583 Praecipue
1255 5530 1425 5571 tamen
1469 5518 1533 5569 ad
1566 5530 1801 5570 sanctum
1840 5531 2140 5576 numerum,
2172 5524 2280 5569 etc.

737 5585 966 5638 Sanctus
1015 5586 1370 5656 Hieronymus
1422 5588 1576 5654 epist.
1623 5586 1690 5638 94
1754 5587 1834 5656 ad,
1880 5587 2092 5656 Avitum
2148 5586 2287 5656 hunc

738 5656 910 5711 locum
938 5670 1160 5723 carpere
1186 5653 1394 5708 videtur
1415 5653 1498 5709 his
1521 5657 1699 5708 verbis
1725 5673 1738 5707 :
1767 5674 1785 5705 ‹
1815 5655 1954 5708 Dicit
1984 5653 2284 5723 (Origenes)

739 5727 792 5777 in
826 5723 932 5776 tine
957 5722 1194 5778 omnium
1233 5740 1433 5789 rerum,
1471 5727 1686 5794 quando
1721 5725 1786 5778 ad
1814 5722 2085 5778 caelestem
2129 5722 2288 5776 Jeru-

739 5794 904 5847 salem
944 5795 1209 5848 reversuri
1234 5808 1438 5855 sunms,
1459 5795 1886 5848 adversariorum
1917 5794 2284 5848 fortitudinum

736 5874 934 5920 contra
974 5865 1229 5932 populum
1277 5863 1371 5917 Dei
1424 5864 1562 5918 bella
1597 5877 1941 5933 consurgere,
1995 5873 2052 5917 ut
2084 5877 2184 5930 nou
2217 5865 2289 5916 sit

2318 5390 2361 5443 υ
2391 5394 2574 5432 eorum
2607 5378 2781 5431 otiosa
2813 5377 3000 5432 virtus,
3033 5373 3126 5426 sed
3157 5379 3515 5426 exerceantur
3539 5369 3626 5443 ad
3661 5367 3864 5438 pmlia,
3905 5379 3957 5443 et

2393 5450 2628 5502 habeant
2677 5447 2951 5498 materiam
3006 5443 3233 5504 ruboris,
3265 5454 3425 5508 quam
3478 5439 3662 5506 utique
3687 5439 3956 5508 consequi

2396 5534 2497 5568 non
2529 5516 2759 5584 possint,
2788 5516 2888 5568 nisi
2920 5513 3084 5566 fortes
3116 5507 3347 5584 primum
3383 5509 3708 5584 adversariis
3736 5507 3954 5584 instite—

2394 5576 2690 5653 rintfquos
2723 5584 2929 5636 ratione
2960 5592 3012 5634 et
3039 5576 3227 5653 ordine
3256 5589 3311 5631 et
3337 5578 3552 5631 solertia
3593 5576 3954 5644 relntgnandi.

2395 5656 2446 5706 in
2500 5650 2635 5707 libro
2693 5653 3040 5706 Numerorum
3111 5650 3333 5717 legimus
3393 5661 3513 5717 esse
3567 5654 3872 5717 superatus.
3937 5661 3954 5691 ι

2395 5723 2588 5777 Verum
2623 5724 2738 5776 haee
2767 5723 2942 5774 omnia
2976 5734 3092 5788 qua:
3130 5713 3328 5786 legerat
3370 5718 3423 5770 in
3457 5713 3656 5788 _Gr:e_.-o
3688 5714 3957 5779 llierony-

2399 5808 2537 5857 mus,
2565 5804 2657 5844 aut
2681 5785 3033 5846 dissimulavit
3071 5785 3314 5854 Rutilius,
3341 5786 3512 5842 autin
3537 5785 3696 5838 alium
3728 5795 3954 5859 sensum

2401 5863 2645 5917 detorsit-
