4074 6308
161 537 262 596 393

1490 545 1693 601 LIBER
1727 545 2073 614 QUARTUS.

3285 549 3389 608 398

165 643 195 683 ι
229 629 436 684 dextris
462 629 575 684 suis
607 629 744 686 Filio
773 631 987 698 subiicit
1019 632 1213 700 Pater,
1258 644 1319 688 ιιι
1348 634 1593 691 destruat
1617 654 1728 690 om-
1755 644 1800 697 Α
1897 637 1990 693 25.
2021 636 2127 691 Sed
2156 634 2438 690 videndum
2483 642 2564 688 est
2599 649 2664 688 ne
2709 633 2845 690 forte
2883 635 3056 703 magis
3086 636 3215 692 illud
3248 639 3390 694 iudi-

163 734 284 774 nem
314 722 674 789 principatqu
700 735 763 775 ac
790 733 1144 790 potestatem;
1175 733 1234 778 ut
1262 741 1359 795 per
1376 727 1472 781 hos
1498 728 1723 780 militum

163 822 385 865 suorum
419 827 672 868 numeros
698 816 788 884 qui
837 815 946 869 Deo
978 816 1277 872 militantes
1315 831 1421 870 non
1455 833 1513 870 se
1546 819 1722 886 impli-

125 965 127 967 _
160 912 286 958 cant
322 904 556 973 negotiis
584 906 956 973 stecularitus,
987 910 1283 964 adversarii
1305 925 1465 979 regna
1500 911 1723 965 subver—

166 1007 275 1063 tat;
310 1011 340 1050 a
370 997 568 1060 quibus
595 1007 742 1052 scuta
779 998 901 1050 lidei
935 999 1402 1061 circuntfcrautur,
1431 1009 1484 1054 et
1507 1003 1722 1069 sapien-

163 1088 250 1140 tia:
274 1087 376 1140 tela
399 1087 706 1159 vibrentur,
727 1091 891 1142 etiam
914 1091 965 1142 in
985 1091 1179 1158 quibus
1199 1089 1310 1158 spei
1331 1089 1441 1160 ('51)
1458 1102 1510 1143 et
1526 1091 1720 1146 salutis

161 1179 308 1248 galea
335 1188 606 1242 coruscet,
629 1194 691 1232 ac
714 1178 880 1233 lorica
906 1181 1172 1233 claritatis
1204 1180 1334 1251 (δι’)
1370 1180 1482 1234 Deo
1507 1181 1718 1250 plenqu

163 1269 364 1321 muniat
393 1279 604 1336 pectus.
631 1269 791 1324 Tales
821 1272 1037 1338 quidem
1073 1273 1206 1324 mihi
1239 1273 1489 1324 videntur
1521 1272 1720 1324 milites

161 1357 412 1422 indicari,
443 1370 498 1412 et
525 1362 591 1413 ad
628 1360 995 1427 hujuscemodi
1023 1363 1159 1416 bella
1189 1363 1509 1431 praeparari,
1542 1364 1594 1416 hi
1626 1362 1713 1429 qui

163 1448 206 1500 in
244 1449 445 1507 divinis
492 1451 644 1504 libris
685 1450 907 1529 per‘Dei
950 1465 1273 1521 praeceptum
1321 1454 1594 1508 numerari
1631 1454 1719 1522 ju-

161 1540 365 1595 bentur.
399 1542 601 1604 Horum
627 1559 755 1599 vero
779 1545 949 1598 multo
980 1545 1237 1600 clariores
1261 1544 1718 1612 perfectioresque

162 1633 502 1703 designantur
534 1634 604 1688 illi
636 1651 866 1705 quorum
897 1637 1064 1690 etiam
1093 1635 1276 1704 capilli
1307 1636 1499 1702 capitis
1530 1652 1720 1691 nume-

160 1721 428 1777 rati‘esse
472 1724 744 1797 dicuntur.
779 1724 855 1778 Illi
901 1738 1035 1778 sane
1085 1725 1176 1791 qui
1226 1724 1396 1790 puniti
1448 1733 1572 1777 sunt
1619 1739 1718 1793 pro

160 1815 420 1880 peccatis,
464 1816 692 1884 quorum
735 1830 965 1884 corpora
1005 1815 1324 1870 ceciderunt
1373 1816 1426 1868 in
1476 1815 1715 1878 deserto,

158 1906 562 1960 similitudinem
593 1907 846 1960 videntur
876 1906 1080 1961 habere
1107 1921 1292 1961 eorum
1337 1907 1430 1976 qui
1468 1908 1713 1973 profece-

158 2008 272 2051 rant
298 1998 517 2067 quidem
549 2014 653 2052 non
684 2015 907 2068 parum,
936 2002 1030 2055 sed
1070 2001 1137 2053 ad
1168 2000 1327 2053 ﬁnem
1361 1998 1716 2068 perfectionis

157 2075 458 2158 pervenire.
494 2091 716 2144 minime
774 2101 1065 2160 potuerunt
1121 2092 1350 2146 diversis
1397 2108 1462 2144 ex
1510 2093 1708 2154 causis,

155 2183 290 2247 quod
321 2181 402 2234 vel
428 2197 816 2243 murmurasse.
847 2184 928 2236 vel
961 2183 1106 2236 idola‘
1128 2184 1396 2248 coluisse,
1432 2183 1512 2236 vel
1546 2183 1716 2236 forni-

155 2271 252 2323 cati
284 2286 405 2326 esse
435 2272 706 2336 dicuntur,
727 2271 809 2325 vel
846 2273 950 2326 tale
977 2272 1177 2342 aliquid
1204 2274 1369 2342 quale
1396 2275 1579 2340 utique
1605 2289 1710 2326 non

156 2361 334 2416 liceret
364 2364 545 2415 mente
575 2362 879 2431 concipere.
919 2363 1023 2415 Sed
1062 2378 1129 2416 ne
1181 2364 1309 2417 illud
1359 2365 1574 2432 quidem
1617 2379 1709 2418 sa-

152 2437 423 2508 cramento
453 2454 634 2522 aliquo
674 2469 899 2519 vacuum
932 2463 1084 2522 puto,
1116 2458 1256 2521 quod
1289 2456 1508 2524 quidam
1541 2445 1708 2508 multa

155 2560 336 2614 pecora
362 2553 418 2598 et
457 2543 622 2597 multa
673 2544 927 2597 animalia
976 2545 1236 2610 habentes
1288 2546 1625 2612 pra-veniunt
1657 2535 1712 2598 et

156 2627 657 2704 prteripiuutlo‘cum
679 2637 862 2703 aptum
887 2635 1131 2702 pastihus
1157 2635 1267 2706 (52)
1287 2645 1338 2687 et
1363 2637 1712 2688 nutrimentis

151 2739 399 2790 pecorum
428 2740 634 2794 ,quem
683 2725 915 2791 primum
965 2727 1203 2778 omnium
1253 2725 1534 2778 lsraelitici
1588 2724 1710 2777 belli

150 2816 328 2868 dextra
354 2814 688 2870 defenderat.
725 2816 898 2881 Quem
928 2815 1099 2868 locqu
1133 2816 1294 2885 188
1328 2833 1356 2868 a
1398 2816 1580 2884 Moyse
1613 2818 1707 2868 den

149 2903 444 2973 posctentes,
488 2907 626 2960 ultra
659 2906 914 2960 Iordanis
946 2905 1142 2959 ﬂuenta
1168 2917 1511 2973 separantur,
1549 2915 1709 2972 atque

148 3011 177 3049 ε
201 3004 360 3050 ωτι-τε
402 3007 604 3050 sanctae
634 2998 997 3064 possessione.
1019 3008 1395 3048 secernuntur.
1430 2996 1529 3060 Qui
1578 2995 1705 3048 Jor-

147 3087 295 3141 dsnis
342 3087 738 3154 videri'potest
780 3086 1072 3140 secundum
1124 3085 1708 3158 cmlestiuml‘ormaui

147 3174 318 3240 rigare
339 3181 393 3227 et
423 3173 687 3225 inundare
716 3177 925 3225 animas
950 3177 1221 3232 sitientes,
1248 3183 1300 3224 et
1330 3189 1524 3223 sensus
1556 3174 1704 3236 adja-

144 3273 324 3315 ceutes
356 3263 481 3318 sibi.
524 3261 624 3316 Ubi
674 3276 740 3315 ne
780 3262 908 3315 illud
952 3265 1168 3331 quidem
1200 3263 1432 3315 Otiosum
1465 3262 1704 3320 videtur.
1736 3273 1776 3327 α

144 3353 282 3418 quod
315 3352 525 3422 Moyses
561 3352 775 3420 quidem
810 3352 957 3404 aulit
992 3369 1019 3403 a
1051 3352 1159 3406 Deo
1204 3367 1321 3420 quae
1371 3354 1422 3404 in
1471 3352 1697 3403 Levitici

144 3440 257 3511 lege
285 3443 554 3512 descripta
588 3454 734 3507 sunt,
770 3445 1002 3513 populus
1029 3460 1158 3497 vero
1189 3446 1241 3496 in
1284 3443 1700 3495 Dttutel‘ottmnio

142 3535 354 3587 auditor
397 3533 596 3603 Moysis
638 3534 887 3594 efﬁcitur,
933 3545 989 3586 et
1026 3535 1216 3588 abillo
1256 3535 1411 3587 discit
1438 3551 1497 3586 ca
1522 3550 1640 3602 quae
1681 3551 1707 3584 η

145 3627 246 3678 Deo
277 3613 602 3679 audire'nou
641 3625 815 3692 potuit
842 3624 974 3694 ('53).
1023 3625 1317 3691 PrOpterea
1367 3626 1509 3676 enim
1569 3624 1708 3677 velut

142 3716 378 3768 secunda
405 3715 489 3767 lex
519 3713 994 3766 Dcuteronomium
1022 3713 1240 3776 dicitur,
1272 3713 1409 3778 quod
1435 3713 1705 3765 nonnullis

143 3804 454 3872 signiﬁcare
482 3801 752 3854 videbitur
777 3801 879 3854 hoc
904 3801 1102 3866 ipsum,
1134 3801 1277 3866 quod
1308 3811 1557 3852 cessante
1586 3802 1703 3869 lege

143 3893 318 3959 prima
348 3907 466 3960 quan
492 3907 587 3958 per
617 3889 853 3958 Moysen:
888 3889 1009 3940 data
1038 3895 1154 3951 est,
1188 3889 1439 3941 videatur
1466 3892 1702 3943 secunda

139 3979 404 4048 legislatio
448 3981 766 4044 del'ormari,
812 3996 930 4050 qua:
966 3979 1275 4048 specialiter
1319 3995 1346 4032 a
1385 3979 1564 4050 Moyse
1593 3989 1703 4033 tra-

139 4073 283 4126 ditur
312 4073 438 4126 Jesu
475 4073 782 4127 successori
811 4074 961 4139 eius:
992 4071 1085 4139 qui
1120 4071 1304 4138 utique
1337 4074 1564 4124 {oratam
1592 4087 1703 4125 ser-

139 4177 266 4217 vare
296 4166 540 4218 creditur
569 4164 867 4217 Salvatoris
893 4161 1083 4226 nostri,
1115 4160 1269 4229 cujus
1294 4162 1528 4214 secunda
1564 4161 1699 4230 lege,

140 4255 188 4306 id
234 4267 321 4309 est
361 4255 642 4326 praeceptis
682 4255 1010 4325 evangelicis
1053 4254 1126 4308 ad
1168 4239 1468 4323 perfectum
1517 4255 1700 4306 omnia

138 4345 537 4411 perducuntur.

1825 742 1950 782 care
1983 728 2245 789 videatur,
2265 727 2407 795 quod
2438 726 2576 779 sicut
2609 728 2660 779 in
2699 725 3124 780 Denteronomio
3153 730 3386 782 eviden-

1824 826 1928 872 tior
1973 828 2026 871 ct
2073 818 2417 871 maml'eStior
2446 815 2710 885 legislatio
2755 815 3087 882 declaratur,
3121 833 3285 885 quam
3333 820 3388 872 in

1824 911 1908 965 his
1940 925 2058 979 quze
2093 910 2270 976 primo
2298 895 2409 976 (34)
2442 906 2643 975 scripta
2669 915 2840 969 sunt;
2873 906 2943 958 ita
2985 916 3038 960 et
3083 907 3154 959 ab
3193 922 3258 961 eo
3295 909 3392 960 ad—

1824 1010 1982 1054 ventu
2007 999 2306 1053 Salvatoris
2324 1011 2485 1066 quem
2516 997 2568 1048 in
2601 994 2906 1048 humilitate
2929 995 3241 1062 compleﬁl,
3267 1013 3388 1050 cum

1825 1091 2050 1145 formam
2078 1093 2220 1144 servi
2253 1087 2492 1156 suscepit
2512 1125 2527 1148 ,
2556 1085 2770 1139 clarior‘
2795 1085 2883 1139 ille
2909 1095 2962 1137 et
2988 1087 3276 1153 gloriosior
3303 1103 3392 1138 se-

1821 1181 2030 1235 cundus
2059 1181 2112 1233 in
2135 1180 2304 1248 gloria
2338 1177 2520 1231 Patris
2571 1174 2689 1242 ejus
2721 1175 2992 1230 indicetur
3025 1176 3308 1239 adventus,
3336 1184 3394 1230 et

1822 1272 1874 1322 in
1916 1270 2010 1324 illo
2055 1269 2228 1322 forma
2273 1266 2678 1343 Deuteronomii
2727 1264 3099 1334 compleatur,
3141 1282 3264 1320 cum
3332 1268 3398 1338 iu.

1822 1376 1988 1430 regno
2010 1359 2271 1414 caelorum
2303 1356 2475 1410 sancti
2505 1367 2693 1408 omnes
2722 1354 2908 1406 aeterni
2939 1354 3082 1407 illius
3105 1356 3384 1424 Evangelii

1820 1451 2028 1522 legibus
2055 1447 2164 1519 (55)
2195 1447 2398 1508 vivent,
2440 1453 2494 1498 et
2540 1444 2683 1497 sicut
2710 1457 2851 1496 nunc
2899 1442 3194 1498 adveniens
3220 1443 3388 1516 legem

1381 4432 1769 4490 INTERPRET

1822 1583 2045 1651 replevit
2089 1596 2208 1636 eam
2269 1594 2388 1646 qua:
2448 1591 2568 1631 um-

1820 1673 1972 1726 bram
2047 1672 2210 1726 habct
2259 1672 2563 1724 futurorum

1819 1765 2124 1833 bonorum,
2194 1763 2266 1816 ita
2349 1771 2404 1815 et
2469 1774 2567 1827 per

1819 1854 1964 1908 illum
2010 1853 2300 1922 gloriosum
2360 1851 2562 1904 adven-

1745 1963 1788 2015 Β
1819 1952 1929 1996 tum
1974 1942 2088 2015 ('56)
2137 1940 2446 2009 implebitur
2507 1947 2563 1992 et

1817 2035 1886 2088 ad
1922 2033 2221 2102 perlectum
2257 2033 2562 2086 adducetur

1818 2126 1974 2194 hujus
2021 2127 2283 2178 adventus
2346 2124 2559 2176 umbra.

1816 2215 1890 2268 Ita
1936 2217 2082 2269 enim
2113 2214 2246 2269 dixit
2298 2215 2561 2290 propheta

1816 2308 1882 2359 de
1912 2320 1977 2360 eo
2023 2324 2036 2358 :
2084 2324 2102 2356 ι
2157 2304 2398 2374 Spiritus
2449 2306 2558 2358 vul-

1817 2407 1903 2450 tus
1952 2397 2119 2451 nostri
2163 2397 2412 2449 (:hristus
2456 2395 2558 2449 Do-

1816 2485 2032 2549 minus,
2114 2486 2199 2539 cui
2283 2486 2557 2547 diximus,

1814 2575 1940 2641 quia
1991 2577 2042 2627 in
2089 2576 2277 2633 umbra
2331 2576 2447 2642 ejus
2474 2575 2579 2637 vi-_

1816 2679 2004 2718 vernus
2047 2666 2100 2718 in
2149 2667 2397 2734 gentibus
2426 2663 2493 2730 ⁸³,
2533 2685 2552 2718 ι

1815 2771 1935 2810 cum
1992 2755 2198 2808 scilicet
2263 2756 2328 2808 ab
2385 2754 2562 2807 Evan-

1814 2843 1953 2910 gelio
2013 2842 2293 2912 temporali
2346 2829 2562 2911 dignius

1813 2950 2002 2988 omnes
2027 2946 2247 2988 sanctos
2277 2936 2344 2987 ad
2376 2933 2560 2987 Evan-

1814 3027 2011 3095 gelium
2039 3039 2298 3079 aeternum
2324 3024 2559 3084 transit:-

1814 3127 1914 3181 ret,
1939 3120 2232 3170 secundum
2248 3097 2389 3183 q‘uod
2403 3114 2562 3170 Joan-

1815 3223 1910 3258 nes
1981 3209 2032 3258 in
2101 3207 2425 3274 Apocalypsi
2497 3207 2562 3258 de

1811 3305 2015 3348 aeterno
2067 3295 2360 3364 Evangelia
2413 3294 2555 3348 desi-

1805 3387 1994 3454 gnavit
2021 3385 2088 3431 “-

1817 3519 1976 3572 Ἀλλὰ
2010 3519 2114 3572 κᾶν
2141 3520 2298 3590 μέχρι
2328 3517 2422 3572 τοῦ
2452 3520 2556 3572 πά-

1806 3611 1930 3671 θους
1970 3627 2055 3673 τις
2092 3591 2320 3681 ζητήσῃ,
2361 3609 2560 3679 τολμη-

1814 3701 1903 3769 ρδν
1932 3698 2085 3762 δόξει,
2105 3701 2277 3752 ποιεῖν
2303 3699 2430 3768 περὶ
2453 3698 2560 3750 τῶν

1809 3778 2072 3858 οὖραύίων
2099 3791 2278 3842 τόπων
2302 3790 2431 3842 αὐτὸ
2463 3788 2560 3859 ζη-

1809 3882 1936 3938 τῶν.
1991 3883 2127 3934 Ἀλλ’
2161 3886 2206 3935 εἰ
2251 3884 2365 3936 ἔστι
2402 3901 2562 3936 πνευ-

1814 3976 2016 4044 ματικὰ
2057 3976 2155 4045 τῆς
2201 3977 2459 4045 πονηρίας
2504 3978 2560 4028 ἐν

1811 4073 1920 4132 τοῖς
1976 4071 2280 4140 οὐρανίοις,
2344 4062 2452 4140 ἄρα
2511 4074 2558 4124 εἰ

1809 4161 1992 4233 ὥσπερ
2031 4162 2213 4216 ἐνθάδε
2259 4163 2358 4215 οὐκ
2383 4163 2559 4216 αἰδού-

1812 4250 1948 4318 μεθα
1988 4251 2214 4322 σταυροῦ
2223 4268 2380 4319 μενον
2427 4254 2557 4320 ὁμο-

1808 4341 1984 4408 λογεῖν
2016 4342 2104 4394 ἐπὶ
2141 4342 2452 4412 καθαιρέσει
2484 4336 2558 4396 ὧν

1777 4433 1938 4488 ΑῚΊΟ
1978 4433 2183 4489 NOVA.

2715 1589 2767 1627 ι).
2801 1555 3016 1641 menon.
3045 1588 3300 1628 INTERPR.

2639 1662 2787 1718 Sicut
2829 1665 2966 1716 enim
3010 1679 3103 1728 per
3149 1666 3388 1716 umbram

2639 1747 2909 1824 Evangelii
2949 1755 3101 1825 (57),
3150 1756 3411 1810 umbram

2636 1846 2762 1916 legis
2815 1847 3043 1914 implevit
3083 1864 3103 1911 ;
3151 1847 3226 1899 sic
3259 1847 3387 1916 quia

2615 1939 2808 1990 omnis
2851 1938 2935 1991 lea:
2989 1937 3280 2005 exentplum
3333 1947 3383 1990 et

2635 2030 2817 2088 umbra
2845 2040 2920 2084 est
2948 2030 3384 2084 caremoniaruus

2632 2121 2937 2190 ,cgzlestium,
2963 2121 3268 2189 diligentius
3297 2136 3379 2173 re-

2633 2213 2980 2280 quirendum,
3030 2219 3209 2263 utrum
3250 2222 3386 2263 recte

2636 2302 2992 2371 intelligamus
3009 2303 3169 2369 legem
3183 2317 3385 2369 quoque

2632 2395 2886 2445 celestem
2931 2400 2982 2444 et
3040 2392 3381 2445 etei-emonias

2630 2483 2842 2548 superni
2885 2483 3058 2534 cultus
3098 2471 3384 2549 plenitudi-

2631 2587 2743 2623 nem
2772 2587 2873 2624 non
2892 2571 3099 2636 habere,
3124 2565 3216 2622 sed
3240 2569 3384 2641 indi-

2633 2644 2750 2730 gere
2795 2659 3068 2730 Evangelii
3130 2662 3382 2722 veritate,

2631 2754 2770 2823 quod
2811 2756 2864 2807 in
2908 2753 3134 2807 Joannis
3170 2752 3378 2819 Apoca-

2635 2843 2770 2913 lypsi
2795 2844 3134 2912 Evangelium
3162 2843 3382 2911 legimus

2635 2936 2999 3003 sempiternum
3020 2972 3036 2997 ,
3073 2934 3144 2986 ad
3170 2950 3377 2999 comm-

2638 3027 2894 3077 rationem
2938 3025 3175 3076 videlicet
3223 3025 3382 3090 hujus

2637 3118 2802 3169 nostri
2857 3113 3174 3184 Evangelii,
3239 3117 3383 3184 quod

2633 3205 2918 3272 temporale
2939 3215 3098 3269 est,et
3125 3205 3179 3257 in
3209 3216 3383 3257 trans-

2635 3295 2775 3348 ituro
2825 3299 3019 3348 mundo
3068 3313 3129 3349 ac
3189 3299 3382 3351 8036qu

2633 3389 3002 3456 praedicatum.

2732 3536 2921 3574 \‘ERSIO
2953 3537 3242 3576 HIBRONYII
3256 3564 3270 3577 .

2634 3609 2786 3674 Quod
2877 3614 3085 3681 quidem
3173 3616 3381 3666 etiamsi

2636 3720 2794 3770 usque
2843 3705 2910 3755 ad
2945 3709 3236 3771 passionem
3277 3706 3384 3758 Do-

2636 3797 2762 3847 mini
2793 3793 3086 3848 Salvatoris
3122 3789 3382 3864 inquirere

2633 3888 2948 3942 voluerimus
3015 3890 3126 3958 (38)
3147 3932 3162 3957 ,
3216 3909 3381 3959 quau-

2631 3996 2786 4048 quam
2833 3987 3013 4032 audax
3061 3990 3109 4034 et
3159 3989 3373 4036 temera-

2631 4072 2766 4123 rium
2785 4073 2848 4124 sit
2871 4072 2925 4124 in
2951 4072 3078 4125 caelo
3105 4074 3218 4142 ejus
3239 4089 3382 4143 quir-

2630 4177 2740 4214 rere
2769 4164 3060 4229 passionem
3090 4181 3107 4219 :
3138 4174 3309 4218 tamen
3337 4170 3380 4216 si

2628 4257 2927 4323 spiritualia
2948 4259 3189 4326 nequitia:
3206 4260 3259 4312 in
3275 4245 3396 4312 ιιι-ι’

2632 4345 2845 4400 testibus
2869 4358 3011 4412 sunt,
3039 4358 3086 4402 et
3113 4365 3216 4402 non
3243 4349 3391 4419 terni

205 4530 410 4584 Verum
443 4531 487 4584 si
523 4530 601 4581 vel
637 4530 702 4583 ad
734 4531 1037 4598 passionem
1090 4546 1260 4598 usque
1287 4531 1558 4598 quispiam
1600 4530 1869 4596 inquirat,
1914 4530 2174 4582 audacius
2214 4530 2459 4598 profecto
2493 4531 2766 4584 videbitur
2806 4533 2874 4586 de
2909 4533 3039 4585 locis
3071 4531 3376 4584 caelestibus

137 4601 187 4651 id
224 4602 527 4666 inquirere.
570 4600 675 4652 Sed
717 4605 759 4652 si
791 4601 843 4651 iu
880 4601 1194 4652 cwlcstibus
1233 4611 1356 4651 sunt
1389 4601 1654 4666 spiritalia
1693 4601 1944 4667 nequitia:
1986 4615 2003 4662 ;
2037 4600 2180 4653 sicut
2211 4612 2357 4652 certe
2401 4602 2486 4654 hic
2519 4616 2622 4652 non
2650 4602 3028 4654 erubescimus
3062 4601 3214 4652 fateri
3248 4617 3374 4652 ciu-

135 4669 356 4721 ctlisum
393 4673 458 4720 ad
509 4685 570 4721 ea
610 4669 958 4727 destruenda.
994 4684 1114 4737 quae
1148 4669 1400 4735 patiendo
1431 4670 1727 4729 destruxit,
1770 4670 1837 4719 ita
1896 4670 2001 4720 illic
2050 4685 2265 4735 quoque
2311 4671 2487 4724 simile
2535 4671 2735 4737 aliquid
2791 4669 2904 4721 ﬁcri
2943 4670 2993 4720 iu
3023 4669 3372 4734 sequentibus

135 4752 307 4807 usque
333 4741 397 4791 ad
428 4740 592 4791 tutius
616 4737 799 4791 smculi
828 4738 1355 4790 consummationem
1387 4739 1680 4791 concedere
1707 4753 1810 4788 non
1841 4739 2273 4812 l'ormidabimns.

211 4857 261 4888 ⁸³
287 4856 493 4909 Thren.
527 4871 601 4918 tv,
630 4853 720 4907 20.
788 4853 839 4883 δ*
862 4847 1030 4920 Apoc.
1061 4867 1173 4904 Juv.
1197 4850 1250 4903 6.

226 4970 496 5041 5i)Spei.
533 4971 689 5023 Deest
714 4971 765 5022 in
795 4969 972 5030 editis,
1003 4968 1094 5041 scil
1131 4967 1353 5041 habetur
1387 4965 1438 5016 in
1471 4980 1600 5017 mss.

226 4973 321 5041 51)
353 4973 496 5037 Spei.
533 4973 689 5023 Deest
714 4973 765 5022 in
795 4973 972 5030 editis,
1003 4973 1094 5022 sed
1131 4973 1353 5020 habetur
1388 4973 1438 5016 in
1471 4982 1483 5014 l

202 4973 354 5110 ξεν)
386 5041 490 5092 Alii
520 5041 700 5110 legunt
725 5041 1020 5090 charitat'is.
1053 5037 1209 5089 Eutr.
1248 5034 1483 5088 PATROL.

207 5102 447 5178 (32)'Sic
480 5102 610 5159 mss.
660 5108 794 5159 Editi
845 5123 970 5159 vero
993 5147 1007 5170 ,
1044 5125 1062 5155 ι
1104 5113 1377 5178 pecoraet
1411 5102 1576 5154 nmlta
1603 5103 1704 5152 alia

134 5173 482 5244 possidentes
515 5178 846 5243 prmveniuut
879 5187 933 5229 ct
962 5175 1275 5244 prmcipiunl
1315 5173 1492 5224 locum
1523 5181 1705 5239 aptum

206 5245 419 5296 rtubus.
463 5263 482 5294 ι

134 5261 419 5314 portunus.
463 5263 482 5294 ι

202 5313 322 5381 (55)
358 5312 449 5364 Sic
480 5326 609 5363 mss.
645 5311 829 5381 Editii,
879 5330 898 5361 ι
937 5328 1053 5365 eam
1098 5325 1260 5380 quam
1289 5323 1330 5381 7a
1367 5308 1474 5360 Deo
1518 5307 1708 5381 audire

135 5377 243 5435 non
283 5377 465 5448 potuit
503 5381 696 5447 legent.
732 5398 761 5448 si
793 5380 913 5433 Mox
943 5398 1070 5435 mss.
1105 5377 1130 5430 ἱ
1162 5379 1467 5448 signilicare
1501 5377 1705 5428 videbi~

138 5463 244 5503 tur.
281 5447 303 5499 ἡ
343 5447 509 5507 Editi,
547 5466 566 5496 ι
598 5447 904 5513 signiﬁcare
938 5451 1200 5502 videatur.
1223 5447 1256 5497 ’i

203 5518 326 5590 (54)
376 5505 581 5569 Primo.
619 5505 776 5578 D'eest
807 5518 859 5570 in
893 5528 1052 5572 antea
1094 5519 1288 5578 editis,
1339 5516 1433 5567 sed
1480 5505 1720 5567 habetur

136 5603 607 5727 Ψίὲξῖιιῃὶἑνιιε.
643 5652 802 5705 Deest
827 5654 881 5707 in
911 5655 1099 5721 editis,
1137 5654 1407 5723 reperitur
1437 5623 1615 5705 autem
1652 5650 1704 5702 iu

134 5744 325 5865 ωῗέδ)
365 5793 676 5848 Αάεθηιωπ·
716 5790 876 5843 Deest
909 5790 979 5865 Ῑη,
1003 5792 1161 5865 editis
1187 5832 1201 5855 ,
1254 5792 1344 5846 sed
1385 5791 1615 5845 habetur
1653 5789 1704 5841 in

135 5860 267 5921 mss.
299 5860 472 5918 Paulo
503 5870 630 5930 post
666 5875 794 5912 mss.
822 5898 838 5921 ,
869 5877 888 5908 ι
931 5860 1141 5927 dignius
1170 5878 1358 5918 omnes
1407 5869 1645 5914 sanctos.
1682 5878 1699 5908 ι

137 5935 310 5997 Ειιίιῑ,
348 5950 372 5984 ι
405 5934 597 6001 dignos
629 5943 819 5983 omnes
847 5941 1077 5982 sanetos.
1123 5957 1140 5988 ,

1888 4965 2001 5031 (37)
2037 4964 2184 5017 Sicut
2209 4967 2340 5015 enim
2375 4981 2467 5030 per
2503 4969 2735 5015 umbram
2767 4965 3050 5030 Evangelii,
3088 4972 3192 5016 etc.
3220 4965 3379 5019 Com-

1817 5035 2113 5086 modiorem
2165 5035 2339 5085 locum
2406 5048 2510 5083 non
2573 5033 2746 5095 reperi
2802 5032 2887 5082 ubi
2947 5033 3160 5083 celebre
3232 5035 3378 5086 istud

1815 5103 2106 5154 insererem
2161 5102 2514 5166 fragmentum
2561 5100 2698 5166 quod
2745 5114 2775 5151 θ
2838 5099 2929 5150 lib.
2988 5115 3038 5150 Iv
3080 5101 3218 5166 Περὶ
3272 5102 3374 5166 ἁρ-

1815 5171 1938 5236 χῶν
1971 5169 2126 5222 aﬂ'ert
2165 5170 2520 5234 llicroiaymus
2559 5169 2608 5216 in
2657 5168 2878 5232 epistola
2920 5171 2981 5218 ad
3008 5171 3244 5222 Avitum.
3275 5167 3379 5221 Po—

1814 5249 2028 5291 strema:
2074 5239 2242 5304 partis
2306 5254 2423 5303 qum
2472 5237 2704 5287 futuram
2760 5237 2810 5286 in
2875 5237 3028 5286 (-mlis
3080 5237 3377 5292 Salvator-is

1816 5309 2116 5374 passionem
2143 5307 2364 5357 iunuere
2389 5305 2616 5366 videtur,
2642 5304 3007 5374 Gnecaverha
3027 5317 3378 5372 repraesentat

1815 5373 2148 5428 Justinianus
2177 5376 2242 5425 ad
2277 5375 2479 5426 calcem
2515 5374 2756 5436 epistola:
2786 5373 2850 5422 ad
2885 5373 3114 5426 Menam.
3149 5376 3217 5426 At
3248 5390 3378 5426 vero

1816 5445 1997 5496 ultima
2042 5447 2199 5494 verba
2234 5442 2357 5502 ἕως·
2384 5440 2484 5507 τῆς
2526 5439 2828 5502 συντελείας
2875 5441 2965 5492 τοῦ
3008 5441 3206 5504 παντὸς
3247 5441 3380 5494 αἰῶ-

1813 5529 1902 5574 νος
1927 5555 1940 5576 ,
1979 5529 2098 5563 cum
2136 5514 2356 5579 verterit
2406 5518 2630 5560 sanctus
2665 5508 3024 5579 Hieronymus
3049 5549 3064 5571 ,
3107 5530 3122 5560 ι
3166 5513 3216 5562 iu
3244 5518 3377 5579 con—

1815 5579 2169 5634 snmmatione
2204 5578 2539 5637 seculorum,
2577 5595 2593 5625 ι
2629 5577 2965 5632 clarissimus
3003 5580 3227 5632 Iluetius
3253 5577 3382 5630 Ori-

1814 5650 2154 5716 gcnianornm
2191 5645 2279 5696 ili).
2320 5656 2619 5716 tt._qu:est.
2670 5647 2703 5698 5
2730 5689 2745 5711 ,
2801 5665 2951 5702 num.
3001 5649 3070 5701 25
3096 5687 3111 5711 ,
3147 5662 3244 5713 pro
3275 5646 3382 5708 ἕως

1818 5714 2092 5784 legendum
2116 5723 2281 5784 putat
2317 5714 2426 5765 ὲπί.
2462 5717 2726 5770 Cmterum
2757 5724 2934 5784 utrum
2974 5730 3158 5768 revera
3187 5716 3377 5784 apina-

1823 5781 1909 5837 tus
1938 5786 2008 5835 sit
2036 5781 2296 5850 Origenes
2323 5785 2600 5836 Christum
2630 5783 2922 5850 aliquando
2953 5784 3004 5834 in
3031 5785 3277 5849 supernis
3296 5782 3379 5850 lo-

1817 5857 1894 5907 cis
1913 5848 2218 5916 pnsSIII‘tllll,
2239 5848 2940 5923 disquiritdluetiusibidcm
2964 5848 3113 5904 num;
3135 5851 3267 5902 ’ἔδει
3285 5848 3374 5910 9-4.

1887 5921 2013 5992 (58),
2035 5921 2203 5975 Caute
2237 5923 2370 5990 lege.

1887 5923 2013 5990 (58),
2035 5923 2203 5975 Caute
2237 5923 2370 5990 lege.
