4116 6312
667 355 770 408 599

669 470 920 524 bucimus
954 483 1157 520 crucem
1206 465 1417 519 Domini

668 562 907 630 conﬁteri
951 570 1166 630 propter
1207 559 1416 611 destru-

667 659 888 710 ctionem
929 669 1131 718 eorum,
1173 664 1293 720 qua:
1321 667 1418 705 sua

665 751 912 818 passione
955 746 1213 816 destruxit
1258 760 1276 798 :
1325 762 1419 798 cur

667 843 943 894 timeamus
983 840 1138 891 etiam
1167 837 1220 889 in
1241 851 1420 903 super-
1492 833 1700 901 τελείας
1718 839 1810 891 τοῦ
1837 842 2031 904 παντὸς
2053 841 2245 904 αἰῶνος

669 930 751 981 itis
803 930 955 996 locis,
989 931 1041 981 in
1087 945 1420 982 consumma.
1493 931 1554 983 οὐ
1583 932 2017 1002 φοϐηϐηξςὸμεϐα.

668 1022 807 1074 tione
842 1021 1156 1074 saeculorum
1185 1019 1387 1088 aliquid
1411 1019 1583 1073 simile
1608 1024 1892 1088 suspicari,
1924 1033 1976 1075 ut
2011 1025 2242 1076 omnium

615 1106 622 1111 ’
668 1112 901 1164 locorum
928 1119 1102 1180 gentes
1132 1110 1277 1163 illius
1306 1111 1551 1178 passione
1569 1111 1886 1174 salvantur?

734 1203 824 1255 26.
863 1201 1059 1254 Verum
1083 1193 1136 1253 in
1170 1201 1254 1255 bis
1278 1200 1532 1256 omnibus
1570 1201 1806 1257 sufﬁciat
1838 1204 1994 1258 nobis
2021 1219 2238 1260 sensum

665 1301 914 1344 nostrum
958 1291 1162 1360 regula:
1210 1293 1433 1360 pietatis
1483 1303 1697 1362 aptare,
1741 1305 1795 1348 et
1830 1296 1904 1349 ita
1948 1297 2149 1350 sentire
2177 1298 2240 1350 de

669 1384 840 1436 sancti
881 1383 1120 1449 Spiritus
1151 1385 1349 1462 verbis,
1387 1387 1532 1453 quod
1570 1402 1673 1440 non
1715 1375 2012 1442 secundum
2049 1389 2240 1443 buma-

669 1490 750 1526 nae
802 1472 1114 1542 fragilitatis
1163 1474 1437 1544 eloquium
1475 1479 1611 1531 nitet
1657 1495 1836 1533 sermo
1887 1484 2237 1549 compositus,

664 1565 757 1616 sed
789 1567 928 1618 sicut
960 1564 1221 1631 scriptum
1253 1578 1355 1643 est,
1398 1584 1415 1616 ι
1456 1566 1644 1623 Omnis
1670 1570 1837 1638 gloria
1869 1572 2009 1640 regis
2046 1573 2241 1627 intrin-

665 1671 823 1710 secus
868 1665 950 1710 est
991 1657 1037 1687 ⁸⁵
1069 1695 1084 1721 ,
1125 1675 1144 1707 ι
1191 1666 1245 1710 et
1301 1658 1608 1712 divinorum
1652 1673 1909 1714 sensuum
1954 1664 2239 1718 thesaurus

665 1748 808 1799 intra
841 1745 1035 1816 fragile
1066 1747 1346 1801 vasculum
1381 1749 1500 1801 vilis
1557 1749 1753 1805 litterae
1799 1755 2107 1806 continetur
2154 1755 2238 1808 in-

665 1837 865 1890 clusus.
904 1836 1068 1892 Porro
1099 1849 1281 1891 autem
1313 1839 1355 1890 si
1383 1839 1503 1905 quis
1535 1842 1785 1895 curiosus
1807 1844 2237 1912 explanationem

1491 551 1600 627 ναί,
1626 559 1766 613 οὓτω
1798 561 1858 613 τὸ
1888 562 2045 628 κὰκεί
2069 580 2246 634 παρα-

1492 654 1717 726 πλήσιον
1743 653 1971 718 διδόντες
2002 657 2245 723 γίνεσθαι

1491 746 1560 801 τὰ
1582 748 1675 800 καὶ
1700 746 1823 818 ἑξῆς
1850 747 1954 810 ἕως
1992 749 2087 818 τῆς
2115 767 2241 801 συν·

1856 346 2174 402 ΟΙὶΙΟΙέΝΙΞ
2210 348 2368 402 ΠΕΡΙ
2400 348 2628 401 ΑΡΧΩΝ

1493 463 1706 516 καθεῖλε
1736 463 1821 515 διὰ
1858 466 1950 517 τοῦ
1987 466 2242 518 πεπονυέ-

2351 468 2504 529 tium,
2540 480 2714 534 neque
2743 465 2865 522 linis
2894 467 3126 522 inveniri
3152 475 3347 537 potest,
3381 468 3494 521 ait:
3530 487 3546 519 ι
3581 467 3765 524 Priora
3805 486 3936 538 qna.-

3820 350 3936 413 4οη

2351 559 2554 612 fuerint
2590 559 2771 623 dicite,
2813 567 2868 614 et
2897 561 3097 616 scimus
3128 561 3254 630 quia
3296 561 3367 614 dii
3399 562 3562 623 estis;
3600 562 3684 616 vel
3727 564 3934 625 novis-

2349 651 2483 703 sima
2516 666 2634 720 qua:
2660 659 2789 704 sunt
2818 653 3159 720 annuutiate,
3195 662 3251 706 et
3299 662 3425 707 tunc
3454 653 3759 708 videbimus
3800 655 3934 722 quia

2352 743 2422 795 dii
2453 741 2584 795 estis
2608 744 2674 797 ⁸³.
2700 760 2719 792 ι
2754 740 2887 794 Nam
2921 751 2975 796 et
3007 741 3264 799 Hebraeus
3311 745 3501 799 doctor
3527 745 3638 814 (il)
3683 746 3760 798 ita
3819 756 3936 798 tra-

2352 833 2511 886 debat
2536 850 2550 885 :
2580 847 2679 901 pro
2708 847 2773 887 eo
2801 833 2943 900 quod
2975 833 3190 886 initium
3241 836 3482 888 omnium
3509 835 3590 888 vel
3643 835 3767 888 finis
3822 852 3934 886 Ittm

2351 925 2522 992 possit
2552 927 2618 976 ab
2649 924 2756 979 ullo
2785 926 3194 994 comprehendi,
3223 926 3323 979 nisi
3351 928 3728 981 tantummodo
3751 942 3781 979 a
3823 924 3936 976 Do-

2354 1015 2500 1067 mino
2530 1014 2655 1069 .Iesit
2687 1015 2928 1081 Christo,
2964 1026 3017 1069 et
3046 1033 3073 1071 a
3104 1017 3310 1085 Spiritu
3352 1026 3563 1083 sancto,
3599 1018 3783 1071 aiebat
3837 1031 3938 1083 per

2351 1107 2572 1171 figuram
2593 1107 2816 1160 visionis
2843 1107 3027 1162 Isaiam
3057 1109 3282 1173 dixisse,
3316 1110 3449 1163 duos
3474 1112 3749 1178 serapbiin
3777 1109 3929 1163 solos

2349 1213 2469 1250 esse
2501 1200 2589 1264 qui
2639 1193 2847 1254 duabus
2881 1200 3101 1268 quidem
3137 1203 3235 1255 alis
3267 1203 3515 1269 operiunt
3551 1201 3746 1256 faciem
3799 1203 3921 1262 Dei,

2350 1289 2557 1343 duabus
2586 1305 2716 1344 vero
2762 1293 2950 1359 pedes,
2986 1302 3042 1346 et
3071 1293 3281 1346 duabus
3312 1292 3495 1364 volant
3525 1292 3827 1347 clamantes
3859 1294 3927 1346 ad

2349 1378 2576 1432 invicem
2620 1381 2721 1434 sibi
2757 1393 2808 1434 et
2843 1384 3124 1436 dicentes:
3164 1403 3180 1433 ι
3203 1385 3462 1446 Sanctus,
3511 1393 3757 1447 sanctus,
3790 1398 3925 1436 san—

2347 1474 2490 1532 ctus,
2537 1472 2791 1526 Dominus
2841 1474 2981 1528 Deus
3035 1475 3296 1536 Sabaoth,
3329 1476 3488 1543 plena
3538 1483 3620 1529 est
3666 1474 3925 1527 universa

2345 1571 2487 1615 terra
2523 1564 2692 1632 gloria
2730 1565 2902 1618 tua".
2931 1583 2948 1615 ι
2992 1565 3149 1630 Quod
3179 1581 3309 1636 ergo
3341 1566 3455 1618 sola
3487 1564 3769 1634 seraphim
3807 1564 3926 1634 (4‘2)

2347 1654 2605 1723 utrasque
2631 1658 2746 1709 alas
2774 1672 2900 1710 suas
2931 1657 3131 1717 habent
3161 1658 3213 1711 in
3251 1659 3386 1712 facie
3412 1659 3504 1712 Dei
3539 1667 3592 1713 et
3615 1658 3667 1711 in
3694 1658 3928 1728 pedibus

2347 1747 2488 1814 ejus,
2524 1748 2832 1801 audendum
2865 1759 2948 1800 cst
2985 1748 3344 1816 pronuntiare
3373 1751 3516 1816 quod
3549 1763 3726 1817 neque
3757 1761 3926 1803 exer-

2348 1840 2489 1892 citus
2528 1848 2844 1892 sanctorum
2880 1841 3220 1908 angeiorum,
3267 1857 3439 1909 neque
3479 1842 3639 1896 sedes
3689 1851 3922 1905 sanette,

665 1931 999 1999 singulorum
1054 1932 1296 1998 requirat
1328 1973 1342 1995 ,
1378 1933 1558 1986 veniat
1607 1944 1662 1988 et
1711 1937 1990 1990 nobiscum
2039 1941 2242 2005 pariter
2271 1940 2312 1994 Β
2346 1946 2519 1999 neque
2547 1930 2974 1996 ἀοιιιίηθιίοηεε,
3009 1946 3185 2000 neque
3227 1931 3588 2000 principatus,
3620 1948 3799 2002 neque
3829 1948 3927 2001 po-

667 2023 850 2077 audiat
898 2023 1176 2092 quomodo
1234 2023 1436 2077 Paulus
1496 2027 1789 2094 apostolus
1831 2044 1927 2097 per
1979 2017 2239 2097 Spiritum

668 2121 936 2179 sanctum,
961 2114 1050 2182 qui
1080 2109 1453 2184 perscrutator
1486 2119 1653 2171 etiam
1691 2119 1951 2188 profunda
1987 2121 2076 2175 Dei
2106 2123 2239 2194 (59),

663 2203 1002 2272 altitudinem
1037 2205 1231 2260 divina:
1263 2208 1546 2275 sapientia:
1579 2227 1641 2265 ac
1675 2197 1921 2268 scientiae
1970 2227 2238 2284 scrutaris,

665 2310 767 2348 nec
803 2305 980 2351 tamen
1013 2296 1080 2350 ad
1113 2297 1295 2360 tinem,
1320 2309 1392 2361 et,
1428 2311 1483 2353 ut
1513 2301 1586 2354 ita
1618 2303 1873 2366 dixerim,
1905 2305 1968 2358 ad
2000 2307 2238 2359 intimam

666 2389 1032 2455 cognitionem
1063 2389 1364 2458 praevalens
1395 2395 1684 2459 pervenire
1705 2433 1720 2455 ,
1756 2396 2133 2464 deSpci-ationc
2167 2400 2241 2454 rei

664 2491 716 2532 et
748 2489 971 2548 stupore
1000 2481 1198 2534 Clamat
1225 2492 1278 2534 et
1309 2482 1440 2538 dicit
1477 2503 1488 2538 :
1529 2503 1548 2534 ι
1589 2484 1633 2539 Ο
1667 2486 1895 2542 altitudo
1927 2490 2240 2545 divitiarum

668 2570 948 2637 sapientia:
996 2580 1052 2625 et
1080 2573 1322 2627 scicntim
1383 2572 1475 2627 Dei
1511 2576 1588 2629 ‘5!
1636 2595 1653 2631 ν
1713 2580 1774 2631 Et
1809 2583 1950 2646 quod
1989 2584 2243 2649 despera-

667 2660 816 2714 tione
846 2661 1104 2728 perfectae
1129 2669 1640 2734 comprenensionis
1670 2670 1771 2724 hoc
1803 2659 2261 2738 proclamaverit,

667 2752 791 2802 audi
847 2752 1021 2820 ipsum
1071 2755 1382 2809 dicentem:
1419 2776 1436 2807 ι
1480 2758 1652 2824 Quam
1707 2762 2080 2816 inscrutabilia
2123 2775 2246 2816 sunt

661 2842 869 2907 judicia
908 2845 1000 2898 Dei
1030 2887 1043 2910 ,
1076 2857 1129 2899 et
1158 2863 1319 2914 quam
1371 2849 1778 2920 investigabilcs
1811 2855 1908 2906 vire
1955 2854 2072 2920 ejus
2104 2854 2177 2907 ‘7!
2223 2879 2240 2905 ι

666 2931 782 2985 Non
815 2934 959 2987 enim
997 2936 1155 2998 dixit,
1195 2937 1412 2992 difﬁcile
1443 2955 1602 3006 posse
1631 2944 1862 2995 scrutari
1890 2944 2092 3012 judicia
2127 2946 2244 3008 Dei,

664 3022 760 3075 sed
797 3025 1017 3078 omnino
1054 3041 1158 3079 non
1203 3041 1400 3094 posse;
1438 3046 1537 3082 nec
1564 3032 1701 3082 dixit
1752 3032 1968 3084 difﬁcile
2018 3036 2244 3088 investi-

665 3115 792 3182 gari.
825 3129 980 3180 posse
1016 3115 1124 3184 (40)
1180 3118 1298 3170 vias
1345 3117 1482 3184 ejus,
1537 3121 1630 3174 scd
1665 3137 1775 3175 non
1825 3137 1981 3191 posse
2019 3123 2242 3179 investi-

667 3206 805 3273 gari.
838 3204 1331 3275 Quantumcunque
1358 3211 1504 3263 enim
1547 3212 1669 3280 quis
1699 3215 1748 3265 in
1786 3216 2077 3268 scrutando
2117 3231 2243 3284 pro-

668 3305 884 3349 moveat
918 3305 973 3348 et
1005 3298 1186 3350 studio
1213 3300 1509 3354 intentiore
1537 3303 1998 3373 proficiat,gratia
2029 3323 2242 3376 quoque

667 3385 763 3439 Dei
797 3385 1018 3453 adjutus
1047 3402 1322 3456 sensuque
1376 3390 1717 3457 lluminatus,
1751 3395 1814 3447 ad
1848 3395 2146 3461 perfccuiin
2185 3400 2244 3449 li-

669 3493 790 3531 nem
825 3491 1010 3533 eorum
1039 3493 1157 3548 qua:
1190 3480 1543 3548 requiruntur
1566 3486 1855 3557 pervenire
1883 3470 2241 3556 nou-poterit,

673 3567 834 3638 189
853 3575 950 3623 nec
972 3571 1149 3623 omnis
1170 3585 1320 3623 mens
1342 3586 1461 3639 quae
1481 3583 1662 3625 creata
1685 3586 1784 3639 est,
1805 3577 2062 3642 possibile
2083 3580 2243 3634 habet

669 3660 777 3712 ullo
808 3674 1006 3729 genere
1039 3662 1528 3729 comprehendere,
1566 3666 1658 3717 sed
1691 3675 1750 3717 nt
1787 3649 2058 3721 invenerit
2097 3687 2245 3737 qum-

670 3754 792 3808 dam
828 3767 894 3806 ex
927 3754 1011 3806 his
1044 3768 1163 3824 qua:
1206 3753 1543 3820 quicruntur,
1587 3757 1783 3811 iterum
1819 3760 1962 3812 videt
1993 3761 2094 3813 alia
2126 3779 2245 3831 quze

671 3839 957 3912 quaerenda
977 3854 1126 3899 sunt.
1153 3845 1304 3912 Quod
1333 3846 1434 3899 etsi
1465 3847 1528 3899 ad
1562 3851 1676 3914 ipsa
1708 3853 2038 3918 pervenerit,
2073 3856 2245 3909 multo

670 3936 867 3989 iterum
897 3934 1052 4003 plura
1079 3950 1146 3988 ex
1175 3935 1280 3986 illis
1313 3949 1433 4001 quae
1470 3936 1671 4002 requiri
1706 3938 1958 4002 debeant,
1998 3941 2246 4006 pervide-

670 4027 767 4079 bit.
804 4027 1030 4095 Propter
1060 4030 1201 4095 quod
1239 4042 1290 4080 et
1332 4029 1772 4096 -.apicnti-ssinius
1803 4030 2058 4086 Salomon
2094 4045 2247 4086 natu-

673 4135 789 4172 ram
845 4135 1025 4173 rerum
1078 4135 1173 4188 per
1225 4121 1550 4189 sapientiam
1611 4125 1853 4188 intuens,
1897 4127 2020 4179 ait:
2061 4125 2243 4188 «Dixi,

673 4216 888 4283 sapiens
917 4215 1145 4278 eIIiciar,
1185 4225 1240 4268 et
1274 4216 1386 4283 ipsa
1420 4216 1684 4282 sapientia
1727 4217 1884 4287 longe
1929 4218 2068 4273 facta
2103 4231 2182 4274 est
2217 4238 2241 4270 a

673 4325 777 4372 me,
817 4307 972 4376 longe
1006 4308 1122 4376 plus
1152 4308 1324 4375 quam’
1365 4317 1504 4370 erat,
1540 4316 1595 4361 et
1631 4308 1968 4370 altitudinem
2022 4313 2246 4381 profun—

672 4401 795 4451 dam
831 4399 950 4466 quis
979 4398 1315 4452 inveniet“?
1343 4417 1360 4450 ι
1402 4398 1507 4451 Sed
1540 4409 1592 4451 et
1642 4399 1809 4453 Isaias
1854 4402 2028 4456 sciens
2064 4407 2240 4456 rerum

673 4490 824 4543 initia
855 4506 885 4544 a
927 4500 1116 4543 natura
1167 4491 1379 4544 mortali
1433 4491 1663 4544 inveniri
1701 4507 1805 4544 non
1838 4509 2017 4560 posse,
2049 4498 2145 4550 sed
2184 4515 2246 4550 ne

2349 2033 2572 2076 testates
2623 2023 2766 2076 scire
2816 2031 3043 2091 possunt
3088 2023 3297 2092 integre
3346 2023 3560 2077 initium
3598 2023 3842 2077 omnium
3871 2030 3929 2076 et

2348 2117 2481 2170 lines
2528 2115 2922 2169 universitatis.
2967 2114 3071 2169 Sed
3118 2113 3529 2184 intelligendum
3579 2115 3660 2168 est
3699 2123 3928 2168 sanctos

2347 2210 2476 2261 istos
2509 2223 2645 2276 quos
2675 2207 3063 2260 annumeravit
3107 2207 3334 2274 spiritus
3380 2215 3434 2260 et
3465 2206 3698 2261 virtutes
3730 2207 3928 2276 proxi-

2346 2315 2458 2352 mas
2485 2299 2703 2366 quidem
2740 2313 2860 2351 esse
2909 2298 3040 2366 ipsis
3075 2297 3268 2359 initiis,
3305 2305 3361 2350 et
3392 2297 3662 2367 attingere
3704 2307 3920 2350 tantum

2344 2401 2600 2458 quantum
2633 2391 2887 2458 consequi
2923 2405 3027 2442 non
3062 2389 3233 2443 valent
3288 2388 3476 2457 reliqui
3505 2408 3516 2442 :
3545 2400 3928 2443 verumtamen

2345 2484 2701 2552 quodcunque
2751 2481 2881 2534 illud
2918 2493 3000 2535 est
3049 2481 3194 2550 quod
3246 2482 3525 2536 revelante
3572 2482 3709 2534 Filio
3744 2480 3838 2533 Dei
3867 2488 3932 2533 et

2346 2573 2548 2639 Spiritu
2571 2581 2758 2626 sancto
2782 2571 3075 2625 didicerint
3107 2573 3222 2626 ista:
3248 2571 3498 2636 virtutes,
3524 2571 3930 2640 quamplurima

2344 2664 2558 2731 quidem
2614 2665 2835 2732 assequi
2888 2673 3143 2732 poterunt
3193 2674 3248 2717 et
3297 2663 3480 2718 multo.
3510 2663 3668 2731 plura
3706 2662 3933 2731 priores

2347 2753 2718 2821 inferioribus,
2749 2756 2930 2810 omnia
2983 2767 3160 2808 tamen
3211 2753 3678 2823 comprehendere
3726 2755 3934 2821 impos-

2347 2844 2505 2898 sibile
2544 2846 2624 2898 eis
2658 2856 2761 2910 est,
2809 2846 2937 2914 quia
2985 2846 3246 2914 scriptum
3281 2857 3364 2898 est
3397 2863 3410 2898 :
3448 2864 3466 2896 ι
3508 2845 3932 2912 Quamplurima

2348 2951 2411 2989 ex
2437 2939 2692 3005 operibus
2719 2938 2811 2991 Dei
2840 2939 2891 2991 in
2917 2938 3143 2992 secrttis
3168 2939 3376 2988 sunt".
3407 2957 3422 2986 ι
3445 2938 3598 2989 Unde
3615 2935 3937 3001 etoptabile

2348 3037 2428 3079 est
2457 3037 2515 3080 ut
2551 3042 2647 3096 pro
2678 3028 2883 3082 viribus
2913 3041 2971 3081 se
3001 3027 3374 3094 unusquisque
3419 3040 3635 3094 semper
3663 3025 3937 3077 extendat

2348 3118 2411 3168 ad
2439 3135 2498 3170 ea
2533 3135 2651 3183 qua:
2675 3120 2852 3187 priora
2886 3127 3034 3181 sunt,
3066 3131 3128 3169 ea
3159 3132 3276 3184 qua:
3303 3124 3599 3170 retrorsum
3633 3123 3762 3169 sunt
3787 3115 3939 3167 obli-

2349 3210 2581 3275 viscens,
2613 3220 2718 3261 tam
2756 3210 2821 3263 ad
2851 3224 3015 3278 Opera
3050 3207 3274 3260 meliora
3318 3222 3479 3275 quam
3511 3206 3673 3260 etiam
3695 3206 3769 3259 ad
3801 3221 3899 3258 sen
3924 3233 3937 3243 -

2349 3314 2465 3350 sum
2504 3299 2951 3367 intcliertumque
2988 3298 3263 3368 potiorem
3300 3312 3394 3364 per
3422 3293 3606 3349 Jesum
3639 3295 3934 3348 Christum

2349 3396 2685 3448 Salvatorem
2724 3393 2996 3458 nostrum,
3028 3392 3243 3466 (uicst
3271 3382 3444 3461 gloria
3476 3390 3527 3441 in
3558 3387 3781 3442 Stecula.

2415 3489 2503 3541 ‘27.
2541 3487 2730 3552 Omnis
2755 3501 2884 3553 ergo
2915 3487 2998 3540 cui
3037 3501 3042 3510 '
3070 3483 3282 3538 eritatis
3316 3495 3441 3535 cura
3480 3488 3583 3546 est,
3637 3493 3830 3548 parum
3858 3477 3937 3531 de

2348 3579 2655 3632 nominibus
2690 3562 2744 3631 et
2780 3577 3124 3630 sermonibus
3150 3582 3330 3634 curet,
3363 3574 3490 3640 quia
3538 3585 3632 3638 per
3681 3570 3941 3638 singulas

2346 3683 2530 3739 gentes
2560 3671 2788 3724 diversa:
2819 3669 3112 3721 verborum
3145 3663 3566 3720 consuetudines
3609 3662 3889 3716 habentur
3915 3678 3937 3728 ;

2347 3775 2399 3818 et
2430 3765 2531 3817 hoc
2555 3765 2727 3830 magis
2763 3760 2907 3829 quod
2936 3760 3299 3828 significatur,
3333 3772 3497 3824 quam
3530 3757 3781 3824 qualibus
3801 3768 3938 3808 ver‘

2350 3856 2430 3909 bis
2459 3853 2810 3924 significetur,
2840 3853 3118 3915 intendat;
3157 3849 3427 3918 praecipue
3466 3849 3515 3900 in
3553 3857 3660 3898 tam
3707 3850 3938 3914 magnis

2346 3955 2401 3998 et
2430 3955 2536 3996 tam
2573 3942 2881 3994 dillieilibus
2907 3942 3104 4004 rebus;
3139 3941 3278 3994 sicut
3304 3955 3425 3991 cum
3458 3936 3745 4006 qumritur,
3771 3934 3938 3989 verbi

2348 4052 2531 4097 causa,
2564 4035 2606 4087 si
2640 4034 2708 4087 sit
2739 4033 2917 4100 aliqua
2966 4033 3270 4086 substantia
3320 4032 3370 4084 in
3405 4046 3508 4099 qua
3552 4042 3729 4096 neque
3775 4026 3940 4080 color

2351 4144 2522 4198 neque
2547 4126 2762 4178 habitus
2782 4138 2957 4191 neque
2988 4135 3164 4177 tactus
3190 4138 3365 4191 neque
3390 4121 3703 4191 magnitudo
3721 4118 3934 4173 intellio

2348 4219 2517 4286 genda
2572 4217 2660 4276 sit,
2714 4224 2896 4268 mente
2941 4215 3054 4268 soli
3105 4213 3505 4281 conspicabilis,
3553 4226 3718 4280 quam
3757 4221 3940 4279 prout

2314 4308 2462 4359 -vult
2495 4308 2638 4376 quis,
2675 4306 2747 4359 ita
2797 4318 2850 4358 et
2905 4305 3182 4368 nOminat;
3235 4319 3357 4357 nam
3402 4302 3577 4357 Graici
3632 4300 3940 4371 ἀσώματον

2348 4418 2489 4465 eam,
2547 4399 2599 4453 id
2649 4409 2732 4452 est
2788 4399 3162 4465 incerporeain
3213 4396 3497 4460 dixerunt,
3546 4395 3744 4448 divina:
3794 4408 3862 4446 ve
3901 4409 3941 4446 ο

2352 4496 2648 4562 Scripturze
2696 4491 3022 4544 invisibilem
3053 4505 3173 4545 esse
3204 4489 3562 4560 pronuntiant
3587 4503 3602 4541 :
3626 4487 3940 4554 imaginem

672 4581 740 4634 ab
769 4581 1094 4650 hisquidem
1138 4582 1345 4634 naturis
1379 4598 1497 4650 quae
1525 4583 1774 4650 quamvis
1803 4584 2102 4640 diviniores
2138 4589 2242 4639 sint
2282 4603 2324 4657 ι)
2351 4585 2496 4651 enim
2521 4579 2808 4634 invisibilis
2826 4579 2919 4633 Dei
2938 4579 3139 4633 Paulus
3155 4579 3410 4649 dicit(b3‘)
3435 4594 3553 4632 esse
3570 4574 3937 4631 Christum".

673 4688 837 4739 quam
889 4673 1125 4726 humana
1173 4681 1277 4738 est,
1314 4672 1474 4726 facta:
1508 4681 1687 4728 tamen
1743 4684 1798 4728 et
1835 4676 1966 4743 ipsa:
2000 4687 2125 4731 sunt
2166 4680 2244 4732 \el

674 4748 904 4827 creatae;
937 4762 1114 4816 sciens
1141 4776 1271 4832 ergo
1303 4762 1445 4830 quod
1474 4777 1503 4815 a
1535 4761 1679 4815 nulla
1709 4763 1900 4816 harum
1936 4781 2111 4834 neque
2145 4768 2248 4820 ini-

746 4895 788 4925 "
809 4894 896 4947 Ps.
917 4910 1062 4957 κων,
1094 4894 1179 4948 L5.
1256 4895 1300 4925 ιθ
1328 4897 1480 4948 Rom.
1510 4911 1584 4952 xi.
1619 4895 1705 4948 '53.
1784 4896 1824 4924 ⁸⁷
1848 4897 1981 4950 Ibid.

677 4981 785 5028 XVI,
819 4965 908 5018 2'2.
986 4967 1032 4996 "
1059 4965 1270 5020 Coloss.
1307 4967 1456 5029 1,15.
1562 4965 1606 4995 ⁵³
1637 4966 1769 5022 Ibid.
1801 4967 1883 5018 i7.

747 5080 859 5148 (59)
893 5081 1006 5136 Dei.
1039 5084 1198 5137 Deest
1225 5085 1276 5136 in
1313 5084 1495 5144 editis,
1537 5090 1629 5136 sed
1667 5087 1895 5139 habetur
1931 5087 1983 5139 in
2017 5103 2144 5141 mss.

749 5150 861 5217 (40)
893 5149 1074 5206 Posse.
1111 5155 1270 5207 Deest
1306 5155 1431 5207 item
1465 5155 1516 5206 in
1553 5156 1731 5208 editis.

751 5221 864 5288 (Η)
908 5218 1048 5273 Nam
1085 5235 1130 5275 et
1179 5224 1425 5275 Ilebraztts
1471 5226 1677 5287 doctor,
1731 5231 1835 5279 etc.
1883 5223 2011 5279 Vide
2063 5226 2157 5278 lih.
2204 5244 2243 5290 ι,

680 5307 799 5365 cap.
834 5292 888 5354 ὅ,
917 5307 969 5342 ιι.
1006 5293 1060 5352 4,
1095 5293 1182 5344 tibi
1216 5299 1404 5345 eadem
1456 5295 1567 5347 fere
1615 5294 1960 5365 reperiuntur
2004 5306 2058 5348 et
2084 5298 2245 5351 verba

679 5362 863 5414 Graeca
891 5372 1255 5430 apponuntur.

755 5430 866 5499 (ᾼῖ)
906 5430 1200 5500 Seraphim.
1238 5432 1390 5485 Deest
1424 5434 1476 5485 in
1510 5435 1689 5490 editis.
1722 5434 1920 5488 Ibidem
1965 5450 2116 5498 mss,
2153 5454 2168 5484 ο
2197 5437 2245 5488 iu

684 5501 823 5554 facie
857 5502 948 5553 Dei
985 5504 1116 5554 etin
1143 5502 1370 5570 pedibus
1398 5505 1534 5570 ejus.
1559 5524 1576 5557 ι
1607 5505 1768 5570 Editi,
1805 5525 1822 5555 ε
1847 5506 1897 5558 in
1931 5507 2121 5558 faciem
2155 5507 2245 5558 Dei

683 5582 738 5623 et
765 5573 864 5623 sub
892 5572 1116 5639 pedibus
1147 5573 1283 5640 ejus.
1311 5592 1328 5625 ι
1353 5571 1511 5625 infra
1545 5591 1675 5629 mss.
1715 5595 1732 5625 ‹
1756 5591 1889 5643 quos
1923 5591 2241 5630 annumera-

685 5644 764 5713 vit
793 5643 1080 5713 spiritus.»
1121 5643 1285 5706 Editi,
1323 5661 1341 5693 ι
1369 5643 1459 5712 qui
1494 5655 1920 5698 annumerantur
1951 5647 2196 5713 spiritus.
2224 5667 2241 5695 ι

688 5711 851 5763 I’aulo
880 5723 996 5779 post
1028 5728 1181 5774 mss.,
1239 5733 1256 5763 ι
1284 5711 1490 5783 assequi
1543 5724 1813 5781 poterunt.
1837 5733 1853 5765 ι
1908 5711 2066 5776 Editi,
2122 5735 2138 5766 ε
2161 5731 2246 5770 as-

618 5799 621 5802 ·
687 5783 837 5849 ecqui
886 5793 1194 5848 potuerunt.
1221 5804 1236 5834 ι
1268 5785 1428 5837 Infra
1472 5800 1582 5840 mss
1612 5825 1625 5849 ,
1675 5803 1691 5834 ι
1719 5786 1804 5839 cui
1850 5795 1928 5840 est
1969 5787 2136 5851 gloria
2193 5786 2244 5838 in

2061 4899 2105 4932 ⁸⁸
2132 4904 2302 4959 Ecclc.
2335 4923 2425 4966 \‘ll,
2452 4905 2540 4957 ΕΗ.
2620 4903 2664 4933 δ’
2687 4904 2787 4958 Isa.
2823 4918 2934 4968 XLI,
2958 4903 3012 4955 (ἐξ
3035 4905 3160 4965 ,‘25.
3238 4902 3400 4956 "Isa.
3436 4915 3512 4965 vi,
3549 4899 3603 4952 5.

2356 4677 2535 4751 Sedet
2566 4689 2774 4726 rursum
2799 4687 2894 4741 per
2920 4673 3194 4727 Christum
3223 4682 3404 4726 creata
3436 4671 3571 4724 dixit
3591 4683 3710 4724 esse
3738 4667 3940 4721 omnia

2355 4768 2593 4822 visibilia
2643 4779 2698 4820 et
2745 4765 3119 4822 invisibilia“.
3153 4765 3257 4823 Per
3283 4767 3426 4832 quod
3467 4763 3776 4817 declaratur
3802 4775 3942 4814 esse

3681 4897 3724 4928 "
3748 4896 3940 4955 Eccli.

2351 5087 2567 5141 srecula.
2592 5105 2608 5136 ι
2628 5085 2790 5147 Editi,
2815 5104 2834 5136 ο
2856 5085 2942 5138 cui
2968 5095 3048 5137 est
3074 5084 3239 5151 gloria
3279 5083 3331 5136 in
3352 5084 3548 5138 saecula
3576 5085 3939 5151 szeculorum,

2353 5173 2530 5212 amen.
2569 5176 2587 5207 ι
2641 5155 2921 5208 Mox-mss.
2958 5174 2976 5204 ε
3009 5169 3194 5221 parum
3243 5155 3307 5207 de
3351 5153 3724 5211 nominibus.»
3757 5157 3942 5221 Editi,

2361 5246 2377 5277 ι
2417 5243 2603 5294 parum
2631 5228 2697 5280 de
2718 5225 2967 5282 omnibus
2992 5223 3318 5294 nominibus.
3353 5246 3371 5274 ι

2426 5291 2533 5368 (45)
2577 5294 2779 5351 Pardus
2807 5293 3065 5348 dicit..Sic
3086 5291 3386 5368 mss.‘|_3diti_
3417 5309 3567 5361 vero,
3609 5315 3628 5348 ‹
3655 5296 3883 5368 dicunt.
3916 5319 3939 5349 ι

2357 5364 2708 5444 Infra’mss.,
2770 5379 3037 5447 «quorum
3097 5364 3426 5447 signiIieatio
3480 5367 3698 5447 proprie
3758 5368 3948 5447 uultis

2349 5436 2786 5503 omninovpotest
2842 5439 3091 5507 humana:
3137 5435 3328 5560 lingua:
3364 5435 3705 5491 sermonibus
3753 5440 3946 5504 expli-

2349 5507 2479 5557 cari.
2510 5523 2527 5553 D
2561 5505 2722 5560 liditi.
2757 5520 3025 5560 iuum‘um
3064 5505 3201 5560 sieui
3250 5506 3519 5560 cntionem
3556 5507 3771 5560 nroorie
3809 5508 3946 5557 iml-

2349 5507 2479 5557 cari.
2510 5523 2527 5553 ι
2561 5505 2722 5571 Editi,
2757 5505 3519 5574 iquorum'signiﬁcationem
3555 5507 3771 5575 proprie
3809 5508 3950 5557 iml-

2350 5577 2432 5646 Ius
2462 5576 2685 5646 omnino
2712 5584 2892 5646 potest
2931 5575 3176 5630 humana:
3204 5577 3402 5646 linguae
3443 5576 3785 5630 sermonibus
3827 5589 3945 5628 ex-

2355 5645 2573 5713 plicare.
2610 5664 2629 5696 ο
2666 5645 2828 5698 Paulo
2855 5655 2970 5714 post
3008 5662 3135 5702 mss.
3168 5645 3313 5703 recte
3338 5650 3558 5702 omnino
3586 5662 3600 5696 :
3628 5664 3646 5695 ε
3669 5659 3779 5714 non
3828 5660 3944 5712 pro

2358 5712 2889 5794 vilitateseriuonis.
2919 5736 2937 5767 ι
2969 5717 3104 5771 Male
3160 5719 3312 5786 editi,
3353 5731 3501 5772 «non
3541 5729 3638 5784 pro
3685 5712 3945 5774 utilitate

2353 5799 2646 5843 sermonis.
2670 5804 2690 5848 ρ
3395 5822 3397 5825 -
3541 5797 3547 5802 ’
