4116 6312
931 333 937 368 l

1905 312 2226 367 ORIGENIS
2264 313 2419 384 ΠΕΡΙ
2459 310 2685 365 ΑΡΧΩΝ

3839 303 3948 359 40$

693 428 866 485 Pilius
907 393 1164 511 splendor
1198 431 1338 489 lucis
1372 432 1587 489 aeterna:
1619 432 1689 488 sit
1711 433 1778 491 ’⁸.
1818 431 1972 487 Sicut
2015 448 2144 502 ergo
2179 433 2263 485 lux
2299 438 2337 492 Α
2375 431 2506 485 etin
2538 431 2704 485 Paulo
2728 437 2844 483 erat
2871 422 3225 494 Cliristus,'in
3257 426 3514 484 Michaele
3538 441 3666 481 vero
3699 425 3942 480 archan-

693 518 971 590 nunquam
1001 522 1119 577 sine
1148 524 1433 592 splendore
1465 538 1587 581 esse
1621 526 1815 596 potuit,
1845 525 1915 578 ita
1963 540 2062 578 nec
2097 523 2266 578 Filius

693 611 909 677 quidem
937 612 1057 668 sine
1086 613 1247 669 Patre
1277 614 1501 685 intelligi
1538 625 1733 684 potest,
1765 615 1856 683 qui
1887 625 1940 668 et
1975 614 2143 683 figura
2168 630 2265 666 ex-

690 714 877 770 pressa
902 703 1217 759 substantiae
1262 703 1397 772 ejus,
1425 717 1481 761 et
1513 707 1774 770 Verbum,
1805 717 1860 760 et
1889 706 2155 774 sapientia
2184 707 2265 757 di-

691 792 853 846 citur.
883 793 1160 859 Quomodo
1179 810 1309 865 ergo
1333 808 1506 866 potest
1527 798 1657 862 dici,
1683 797 1809 864 quia
1841 796 1947 850 fuit
1975 797 2265 863 aliquando

693 884 912 950 quando
946 901 1051 939 non
1081 885 1184 940 fuit
1212 886 1416 943 Filius?
1449 888 1591 942 Nihil
1617 891 1760 942 enim
1807 888 1951 942 aliud
1984 899 2067 941 est
2102 887 2154 940 id
2181 887 2264 940 di-

692 986 836 1038 cere,
875 973 978 1028 nisi
1010 977 1136 1044 quia
1185 976 1289 1031 fuit
1339 976 1629 1046 aliquando
1673 978 1890 1047 quando
1930 978 2128 1032 veritas
2157 993 2264 1033 non

691 1071 832 1124 erat,
869 1065 1084 1130 quando
1116 1067 1382 1134 sapientia
1424 1082 1529 1121 non
1568 1076 1706 1132 erat,
1754 1068 1970 1136 quando
2013 1069 2122 1121 vita
2159 1085 2262 1122 non

693 1151 875 1219 fuerit,
902 1169 1026 1209 cum
1058 1155 1112 1209 in
1151 1157 1235 1212 his
1264 1159 1512 1212 omnibus
1541 1158 1780 1227 perfecte
1813 1158 1907 1212 Dei
1939 1159 2114 1212 Patris
2137 1162 2266 1213 suh-

691 1246 890 1298 stantia
919 1257 1228 1301 censeatur.
1264 1248 1380 1302 Non
1414 1249 1555 1303 enim
1589 1250 1656 1302 ab
1684 1263 1750 1302 eo
1785 1249 1966 1302 dirimi
2007 1251 2143 1311 haec,
2179 1248 2262 1300 vel

689 1339 759 1390 ab
787 1337 903 1404 eius
931 1347 1155 1407 possunt
1205 1355 1439 1406 unquam
1494 1339 1797 1393 substantia
1845 1339 2105 1405 separari.
2135 1338 2264 1403 Qua:

691 1427 906 1494 quidem
937 1429 1184 1496 quamvis
1217 1427 1490 1481 intellectu
1524 1428 1691 1480 multa
1723 1442 1846 1482 esse
1891 1427 2165 1491 dicantur,
2207 1444 2264 1482 re

692 1516 869 1570 tamen
902 1527 955 1571 et
984 1517 1284 1571 substantia
1314 1534 1477 1571 unum
1508 1527 1656 1581 sunt,
1687 1519 1738 1571 in
1767 1519 1962 1586 quibus
1987 1518 2263 1587 plenitudo

689 1607 1118 1660 est‘divinitatis.
1150 1607 1260 1661 Hoc
1282 1615 1458 1660 autem
1488 1609 1662 1676 ipsum
1690 1609 1831 1677 quod
1857 1609 2110 1673 dicimus,
2132 1602 2260 1678 quia

691 1711 961 1763 nunquam
1009 1696 1107 1750 fuit
1149 1699 1362 1765 quando
1397 1713 1500 1751 non
1537 1697 1654 1760 fuit,
1690 1715 1812 1753 eum
1845 1701 2003 1762 venia
2036 1701 2262 1755 audien-

689 1786 815 1839 dum
840 1798 944 1840 est.
979 1787 1112 1840 Nam
1140 1797 1195 1841 et
1227 1789 1340 1842 hzec
1366 1789 1479 1856 ipsa
1509 1791 1722 1843 nomina
1759 1791 2071 1859 temporalis
2097 1806 2256 1845 voca-
2292 1768 2334 1822 Β

690 1877 794 1929 buli
835 1878 1252 1943 significantiam
1295 1890 1510 1949 gerunt,
1555 1880 1605 1936 id
1636 1889 1717 1935 est
1757 1883 1968 1949 quando
2010 1881 2090 1936 vel
2121 1899 2257 1935 nun-

656 1972 659 1973 ⁷
688 1985 884 2032 quam;
915 1985 1074 2036 supra
1109 1984 1268 2024 omne
1314 1981 1491 2025 autem
1533 1980 1765 2040 tempus,
1800 1982 1850 2026 el
1885 1989 2046 2042 supra
2074 1975 2253 2025 omnia

687 2063 901 2124 secula,
931 2069 986 2113 et
1028 2076 1189 2129 supra
1224 2077 1438 2114 onmem
1493 2063 1854 2116 arternitatem
1911 2063 2252 2131 intelligenda

685 2156 812 2201 sum
840 2163 904 2202 ea
934 2164 1051 2217 qua:
1081 2151 1145 2202 de
1176 2149 1333 2204 Patre
1368 2159 1420 2203 et
1449 2151 1584 2204 Filio
1617 2160 1672 2205 et
1712 2149 1912 2220 Spiritu
1953 2161 2144 2204 sancto
2171 2151 2221 2202 di
2243 2180 2255 2190 -

684 2249 901 2293 cuntur.
935 2240 1062 2295 Haec
1104 2242 1245 2295 enim
1295 2243 1408 2296 sola
1456 2242 1694 2297 Trinitas
1745 2252 1828 2297 est
1877 2258 1996 2310 qua:
2039 2258 2254 2296 omnem

684 2343 900 2383 sensum
936 2330 1302 2399 intelligentiae
1329 2347 1434 2384 non
1481 2332 1653 2384 solum
1703 2332 2038 2401 temporalis,
2067 2347 2254 2385 verum

684 2419 848 2472 etiam
877 2421 1146 2475 :rternalis
1171 2423 1400 2475 excedit.
1432 2423 1638 2476 Caetera
1687 2437 1817 2476 vero
1849 2439 1971 2489 qua:
2004 2433 2130 2476 sunt
2155 2438 2253 2477 ex-

687 2522 767 2562 tra
802 2508 1142 2577 Trinitatem,
1193 2513 1243 2565 iu
1290 2514 1509 2566 saeculis
1557 2523 1610 2568 et
1662 2517 1712 2567 lu
1763 2517 2094 2583 temporibus
2139 2533 2256 2571 me-

683 2601 863 2654 tienda
894 2612 1040 2655 sunt.
1078 2602 1229 2658 lliinc
1261 2604 1426 2673 igitur
1449 2603 1643 2657 Filium
1673 2605 1764 2658 Dei
1791 2606 2089 2658 secundum
2110 2609 2254 2677 quod

687 2691 924 2747 Verbum
958 2705 1040 2746 est
1058 2693 1199 2747 Deus
1224 2694 1366 2760 quod
1389 2702 1508 2746 erat
1531 2693 1581 2746 in
1607 2695 1872 2762 principio
1896 2696 2035 2763 apud
2062 2697 2250 2762 Deum,

683 2796 844 2836 nemo
875 2794 1274 2846 consequenter
1299 2782 1411 2852 (46)
1441 2782 1653 2851 putabit
1680 2784 1732 2837 in
1765 2784 1883 2839 loco
1909 2785 2094 2856 aliquo
2124 2803 2253 2842 con-

683 2874 864 2937 tineri,
895 2889 1069 2942 neque
1112 2875 1407 2930 secundum
1437 2875 1578 2940 quod
1619 2874 1887 2942 sapientia
1933 2889 2039 2940 est,
2077 2893 2252 2946 neque

683 2965 979 3016 secundum
1009 2964 1151 3031 quod
1195 2964 1396 3016 veritas
1421 2971 1524 3024 est,
1569 2977 1746 3030 neque
1786 2960 2082 3020 Secundum
2110 2969 2250 3032 quod

683 3053 793 3104 vita
825 3062 930 3116 est,
966 3053 1048 3106 vel
1090 3052 1322 3120 justitia,
1357 3052 1436 3104 vel
1484 3053 1863 3120 sanctificatio,
1914 3055 1996 3109 vel
2041 3058 2252 3111 redem-

685 3141 819 3206 ptio.
851 3141 975 3193 llasc
1003 3142 1146 3216 enim
1171 3142 1354 3195 omnia
1384 3155 1486 3194 non
1537 3142 1780 3211 indigent
1812 3143 1950 3209 loco,
1991 3155 2049 3199 ut
2090 3161 2250 3217 agere

684 3228 814 3296 quid
848 3229 932 3280 vel
959 3214 1171 3298 operari
1216 3229 1443 3298 possint,
1489 3231 1584 3284 sed
1617 3245 1716 3299 pro
1765 3233 1852 3285 his
1900 3233 1993 3302 qui
2031 3214 2280 3292 virtutis

680 3320 801 3388 ejus
837 3319 1332 3389 inoperationisque
1363 3321 1712 3390 participant,
1758 3321 1874 3375 hare
1916 3323 2130 3393 singula
2167 3326 2249 3379 in-

687 3409 971 3478 telligenda
1001 3419 1145 3464 sunt.
1307 3407 1330 3418 '

752 3499 842 3554 29.
877 3500 934 3554 Si
968 3515 1097 3555 vero
1126 3501 1246 3570 quis
1280 3501 1422 3556 dicet
1447 3517 1544 3571 per
1567 3516 1663 3557 eos
1689 3504 1778 3573 qui
1807 3505 2098 3576 participes
2125 3517 2251 3561 sunt

685 3591 853 3646 Verbi
905 3593 1021 3654 Dei,
1072 3592 1161 3646 vel
1209 3592 1490 3660 sapientiae
1535 3596 1671 3660 ejus,
1725 3595 1811 3648 vel
1864 3597 2130 3663 veritatis,
2165 3599 2248 3651 vel

681 3682 830 3745 vita,
855 3683 1020 3736 etiam
1054 3683 1226 3752 ipsum
1274 3681 1508 3736 Verbum
1545 3692 1599 3737 et
1626 3685 1954 3753 sapientiam
1985 3688 2159 3741 videri
2193 3689 2246 3742 in

684 3771 803 3827 loco
824 3787 975 3836 esse;
1010 3775 1436 3841 respondendum
1479 3784 1564 3827 est
1606 3775 1678 3840 ei,
1711 3777 1836 3844 quia
1887 3777 2106 3831 dubium
2139 3795 2244 3833 non

679 3874 768 3916 est
801 3863 941 3930 quod
973 3861 1224 3918 Christus
1255 3852 1550 3918 secundum
1595 3866 1740 3933 quod
1787 3863 2023 3918 Verbum
2067 3877 2121 3921 et
2157 3882 2242 3921 sa-

682 3951 889 4018 pientia
924 3963 1008 4005 est
1052 3953 1133 4006 vel
1179 3965 1374 4009 caztera
1405 3956 1608 4017 omnia,
1653 3964 1770 4008 erat
1810 3939 2081 4020 in'Paulo,
2125 3971 2248 4020 pro-

682 4051 805 4109 pter
848 4043 988 4111 quod
1034 4043 1247 4096 dicebat
1280 4063 1290 4095 :
1327 4045 1477 4098 «Aut
1530 4045 1962 4112 experimentum
2006 4046 2249 4112 quaeritis

681 4128 800 4196 ejus
840 4130 932 4198 qui
974 4130 1024 4183 in
1074 4146 1158 4185 me
1200 4131 1436 4199 loquitur
1475 4131 1854 4186 Christus"?n
1889 4132 1957 4185 Et
2006 4133 2246 4185 iterum:

687 4239 707 4272 ι
748 4219 879 4276 Vivo
913 4233 1090 4276 autem
1129 4223 1238 4291 jam
1275 4239 1378 4276 non
1420 4238 1538 4290 ego,
1577 4225 1708 4276 vivit
1754 4230 1880 4278 vero
1912 4224 2166 4279 Christus
2197 4226 2248 4278 in

2371 522 2513 591 gelo,
2552 531 2605 575 et
2633 522 2686 574 in
2723 519 2972 575 Gabricle
3019 536 3126 574 non
3176 529 3313 576 erat.
3369 519 3446 572 Ex
3499 534 3605 586 quo
3651 515 3948 571 manifeste

2368 612 2813 679 deprehemlitur,
2842 611 2966 679 quia
3008 611 3268 665 divinitas
3305 609 3424 665 Filii
3475 608 3568 663 Dei
3601 607 3708 663 non
3735 609 3788 662 iu
3818 609 3946 662 loco

2369 703 2551 770 aliquo
2578 701 3035 770 concludebatur;
3077 701 3315 765 alioquin
3343 699 3539 769 inipso
3567 709 3780 753 tantum
3809 697 3944 751 fuis-

2369 786 2473 847 set.
2507 801 2560 844 et
2590 792 2640 843 in
2679 792 2787 845 alio
2815 806 2918 845 non
2953 778 3182 856 fuisset;
3219 791 3313 844 sed
3346 790 3643 844 secundum
3686 789 3944 857 incorpo-

2371 897 2474 932 rc:e
2503 892 2711 934 natum:
2742 861 3073 950 majestatem
3103 896 3222 934 cum
3257 896 3298 955 am
3324 879 3468 932 nullo
3496 879 3939 948 locoeoneluda-

2368 979 2477 1033 tur,
2517 972 2568 1023 in
2603 972 2749 1023 nullo
2777 987 2991 1038 rursum
3022 971 3210 1024 deesse
3243 971 3579 1038 intelligitur.
3614 972 3812 1024 Verum
3845 969 3936 1023 illa

2368 1073 2478 1116 soia
2514 1062 2818 1118 dilferentia
2852 1065 3196 1134 intelligenda
3223 1073 3332 1129 est,
3364 1063 3510 1133 quod
3541 1064 3754 1117 etiamsi
3787 1062 3860 1116 sit
3884 1061 3940 1115 in

2367 1153 2618 1218 diversis,
2655 1157 2797 1208 sicut
2848 1152 3112 1221 diximus,
3165 1156 3217 1209 in
3262 1155 3442 1218 Petro,
3495 1156 3577 1210 vel
3625 1155 3820 1223 Paulo,
3854 1156 3940 1210 vel

2365 1241 2642 1307 blichacle,
2677 1247 2756 1298 vel
2792 1245 3063 1311 Gabriele,
3099 1262 3204 1300 non
3259 1258 3436 1300 tamen
3473 1248 3720 1302 similiter
3755 1256 3845 1300 est
3884 1248 3938 1301 in

2365 1330 2654 1385 universis.
2685 1331 2901 1386 Plenius
2933 1334 3079 1386 enim
3113 1344 3167 1388 et
3217 1335 3437 1398 clarius,
3473 1343 3547 1401 et,
3577 1344 3633 1389 ut
3672 1336 3744 1388 ita
3779 1337 3940 1388 dixe-

2366 1418 2490 1481 rim,
2517 1421 2760 1487 apertius
2793 1421 2845 1473 in
2880 1424 3224 1493 archangelis
3253 1434 3338 1478 est
3386 1440 3547 1494 quam
3596 1426 3648 1477 in
3683 1425 3805 1478 aliis
3822 1425 3940 1494 (47)

2363 1512 2570 1565 sanctis
2616 1512 2766 1563 viris.
2806 1512 2960 1581 191
3013 1514 3165 1578 Quod
3211 1530 3278 1569 ex
3326 1531 3391 1568 eo
3434 1514 3780 1568 manifestum
3831 1527 3940 1578 est,

2326 1640 2330 1646 .
2362 1603 2485 1672 quia
2513 1600 2630 1659 cui:
2665 1604 3030 1680 ﬁdsutumam
3063 1605 3454 1673 perfectionem
3483 1608 3736 1661 venerint
3761 1609 3941 1662 sancti

2362 1693 2583 1761 quique,
2614 1695 2870 1748 dicuntur
2902 1696 3106 1750 similes
3137 1697 3346 1765 angelis
3372 1697 3534 1760 eilici,
3572 1699 3654 1751 vel
3679 1699 3940 1768 aequales,

2365 1784 2662 1836 secundum
2705 1785 3076 1852 evangelicum
3106 1787 3434 1840 sententiam
3485 1789 3548 1841 ⁸⁸.
3609 1787 3763 1844 Unde
3809 1804 3945 1843 con-

2365 1882 2471 1924 stat
2505 1874 2555 1925 in
2585 1873 2811 1942 singulis
2859 1873 3162 1943 quibusque
3195 1885 3401 1930 tantum
3453 1876 3592 1932 eﬂici
3636 1878 3943 1943 Christum,

2366 1974 2621 2028 quantum
2653 1964 2786 2014 ratio
2819 1963 3100 2018 indulserit
3129 1967 3468 2020 meritorum.

2433 2053 2522 2105 50.
2561 2053 2652 2105 llis
2693 2054 2854 2120 igitur
2890 2055 3046 2107 nobis
3088 2057 3154 2108 de
3205 2053 3490 2109 Trinitatis
3529 2047 3935 2113 ratione'bre-

2308 2157 2313 2163 '
2367 2142 2503 2195 viter
2535 2145 2802 2208 repetitis,
2834 2141 3174 2214 consequens
3200 2159 3282 2202 est
3319 2149 3448 2202 illud
3499 2151 3666 2204 etiam
3697 2151 3944 2226 breviter

2365 2235 2679 2297 admonere,
2708 2236 2850 2302 quod
2879 2251 2978 2303 per
3015 2236 3208 2291 Filium
3249 2256 3268 2290 ι
3295 2251 3482 2292 creata
3524 2240 3781 2294 dicuntur
3821 2257 3948 2296 oru-

2366 2324 2451 2375 nia
2485 2338 2604 2390 qua:
2634 2323 2686 2377 in
2717 2326 2869 2381 caelis
2897 2340 3049 2392 sunt,
3078 2337 3132 2382 et
3161 2345 3281 2397 quae
3323 2330 3376 2382 in
3410 2341 3580 2396 terra,
3611 2333 3848 2384 visibilis
3885 2342 3944 2385 et

2367 2404 2697 2480 invisibilia,
2753 2417 2870 2471 sive
2924 2420 3301 2487 lliroui,-sive
3347 2422 3785 2486 dominationes,
3825 2424 3948 2477 sive

2365 2505 2720 2574 principatus,
2753 2510 2866 2563 sive
2903 2497 3219 2579 potestates,
3245 2514 3427 2566 omnia
3461 2528 3556 2581 per
3591 2516 3767 2583 ipsum
3796 2525 3854 2568 et
3887 2516 3942 2568 in

2366 2595 2484 2663 ipso
2523 2609 2706 2651 creata
2743 2613 2888 2668 sunt,
2915 2591 2970 2656 et
3005 2604 3117 2673 ipse
3140 2616 3224 2658 est
3252 2613 3377 2658 ante
3415 2607 3629 2670 Omnes,
3660 2615 3714 2660 et
3752 2608 3944 2660 omnia

2365 2687 2436 2739 illi
2490 2697 2736 2742 constant
2793 2693 2883 2760 qui
2942 2704 3028 2748 cst
3079 2697 3386 2764 eaput”.s
3437 2696 3647 2762 Quibus
3699 2714 3943 2750 consona

2361 2777 2523 2830 etiam
2557 2777 2794 2836 Joannes
2825 2782 2877 2834 in
2911 2783 3208 2854 Evangelio
3231 2787 3383 2849 dicit,
3412 2786 3535 2853 quia
3571 2805 3589 2836 ι
3621 2788 3808 2838 omnia
3841 2802 3946 2851 per

2365 2866 2536 2928 ipsum
2568 2864 2706 2920 facta
2745 2878 2891 2932 sunt,
2917 2879 2972 2922 et
3005 2871 3124 2923 sine
3167 2872 3279 2938 ipso
3317 2871 3516 2925 fat-tum
3563 2880 3644 2924 est
3676 2873 3812 2925 nihil
3834 2875 3941 2926 “.s

2362 2953 2527 3008 David
2558 2972 2686 3010 vero
2730 2960 2898 3013 totius
2934 2959 3220 3015 Trinitatis
3256 2963 3573 3030 mysterium
3617 2962 3670 3013 in
3718 2963 3946 3018 univer-

2361 3059 2542 3097 sorum
2577 3033 2888 3101 conditione
2919 3049 3238 3117 significans
3267 3051 3378 3122 (48)
3414 3055 3489 3106 ait
3521 3077 3534 3111 ;
3574 3073 3592 3106 ι
3619 3055 3800 3112 Verbo
3838 3053 3948 3108 Do-

2363 3143 2495 3196 mini
2536 3144 2661 3198 ceeli
2705 3145 2906 3200 firmati
2934 3159 3080 3213 sunt,
3124 3160 3183 3203 et
3217 3151 3410 3218 spiritu
3459 3153 3572 3208 oris
3597 3155 3714 3222 ejus
3761 3155 3945 3208 omnis

2365 3234 2540 3288 virtus
2568 3251 2756 3290 eorum
2785 3239 2848 3292 ⁶¹.
2872 3258 2892 3291 ι
2941 3239 3071 3295 Post
3103 3242 3218 3296 haec
3263 3259 3390 3299 vero
3424 3255 3800 3315 competenter
3836 3247 3941 3298 ad-

2364 3326 2700 3410 moncbimus
2745 3329 2812 3382 de
2867 3331 3098 3387 adventu
3149 3336 3413 3403 corporali
3463 3346 3514 3390 et
3551 3337 3933 3390 incarnatione

2362 3415 2626 3484 unigeniti
2655 3418 2774 3471 Filii
2819 3420 2910 3473 Dei
2942 3438 2956 3474 :
2991 3422 3041 3474 in
3071 3439 3176 3491 quo
3210 3439 3313 3477 non
3347 3427 3418 3477 ita
3455 3425 3799 3492 sentiendum
3833 3435 3941 3486 est,

2360 3509 2505 3575 quod
2534 3511 2709 3565 omnis
2739 3511 3046 3572 divinitatis
3087 3516 3207 3583 ejus
3247 3515 3502 3583 majestas
3536 3517 3679 3570 intra
3727 3518 3941 3570 brevis-

2355 3599 2476 3678 simi
2527 3603 2774 3668 corporis
2821 3603 3059 3657 claustra
3113 3605 3374 3659 conclusa
3404 3615 3508 3668 est,
3551 3607 3623 3659 ita
3668 3616 3726 3659 ut
3774 3623 3944 3660 omne

2358 3689 2589 3742 Verbum
2617 3689 2706 3743 Dei
2734 3701 2788 3744 et
2813 3687 3076 3759 sapientia
3102 3694 3214 3760 ejus
3240 3710 3304 3749 ac
3327 3696 3701 3751 substantiaiis
3731 3700 3941 3753 veritas

2355 3792 2417 3830 ae
2463 3780 2603 3842 vita,
2648 3781 2727 3833 vel
2777 3796 2807 3832 a
2848 3781 3010 3836 Patre
3065 3784 3274 3855 divulsa
3323 3775 3431 3848 sit,
3482 3787 3564 3840 vel
3600 3789 3757 3861 intra
3811 3805 3940 3842 cor-

2355 3859 2500 3935 poris
2531 3867 2642 3937 (49)
2686 3869 2802 3935 ejus
2846 3873 3084 3925 coercita
3119 3884 3174 3926 et
3221 3879 3531 3955 conseripta
3584 3859 3937 3955 brevitatem,

2357 3974 2454 4011 nec
2490 3973 2718 4025 usquam
2775 3971 3033 4028 prmterea
3086 3972 3300 4031 putetur
3345 3974 3604 4032 Operat‘a;
3653 3968 3748 4030 sed
3785 3969 3944 4040 inter"

2357 4059 2646 4117 utrumque
2698 4061 2856 4102 cauta
2893 4053 3111 4120 pietatis
3161 4055 3321 4109 debet
3364 4073 3488 4111 esse
3522 4054 3831 4124 confessio,
3871 4069 3935 4110 ut

2358 4152 2533 4205 neque
2570 4139 2772 4206 aliquid
2815 4141 3117 4198 divinitatis
3166 4147 3217 4198 in
3248 4144 3466 4200 Christo
3512 4147 3758 4201 defuisse
3801 4131 3931 4202 cre-

2358 4229 2539 4294 datur,
2578 4237 2631 4280 et
2665 4229 2808 4282 nulla
2859 4235 3128 4300 penitusa
3173 4248 3394 4303 paterna
3449 4225 3781 4302 substantia,
3801 4223 3938 4308 quae

683 4313 849 4365 me".
872 4331 893 4365 ι
923 4313 1074 4367 Tunc
1096 4327 1227 4382 ergo
1255 4329 1376 4367 cum
1404 4324 1549 4367 esset
1580 4315 1632 4366 in
1668 4315 1854 4382 Paulo,
1886 4315 2009 4384 quis
2040 4316 2254 4368 dubita-
2279 4338 2329 4394 ι)
2358 4318 2558 4386 ubique
2583 4329 2684 4383 est,
2715 4320 2851 4380 facta
2884 4332 3101 4390 putetur
3129 4343 3250 4380 esse
3279 4329 3495 4382 divisio.
3526 4329 3656 4393 Tale
3688 4345 3932 4398 namque

684 4403 762 4456 bit
788 4404 930 4472 quod
962 4403 1216 4458 similiter
1241 4412 1358 4459 erat
1381 4405 1432 4456 in
1464 4404 1644 4470 Petro,
1672 4415 1728 4459 et
1756 4407 1808 4458 in
1835 4404 2068 4468 Joanne,
2107 4417 2160 4458 et
2191 4406 2242 4458 in

681 4495 907 4563 singulis
931 4495 1235 4565 quibusque
1285 4507 1620 4564 sanctorum,
1647 4507 1700 4550 et
1724 4512 1830 4551 non
1856 4497 2032 4550 solum
2069 4499 2124 4549 in
2168 4497 2253 4548 his

680 4585 773 4647 qui
797 4585 849 4636 in
879 4586 1041 4640 terris
1067 4597 1213 4652 sunt,
1237 4602 1424 4642 verum
1445 4597 1500 4642 et
1523 4589 1574 4642 in
1603 4589 1686 4642 bis
1717 4586 1807 4656 qui
1837 4587 1889 4639 in
1921 4585 2076 4639 caelis
2098 4587 2254 4638 sunt?

681 4673 986 4729 Absurdurn
1014 4691 1247 4744 namque
1271 4691 1355 4732 est
1383 4679 1587 4744 dicere,
1618 4678 1743 4748 quia
1769 4678 1820 4731 in
1851 4677 2012 4730 Petro
2033 4676 2250 4746 quidem

680 4918 723 4965 ι,
753 4905 807 4959 5.
883 4903 926 4956 1¹
952 4903 1155 4963 Psalm.
1182 4925 1358 4972 axxn,
1388 4908 1444 4962 6.

680 5067 834 5131 editi,
890 5065 1112 5120 «Patris
1164 5040 1398 5134 aliquam
1437 5067 1918 5123 substantiam'vet
1952 5072 2008 5121 in
2050 5066 2246 5121 Filium

683 5149 897 5188 versam
933 5145 1026 5187 aut
1051 5148 1117 5188 ex
1149 5135 1310 5190 nullis
1342 5138 1785 5192 subsistentibus.
1817 5155 1835 5187 ι

775 5203 866 5265 46)
907 5202 1000 5255 Sic
1022 5217 1153 5258 mss.
1179 5201 1320 5263 Editi
1347 5219 1500 5265 vero.
1540 5226 1558 5257 ι
1585 5206 1989 5260 convenienter.
2017 5224 2037 5256 ι

775 5204 845 5256 46
907 5203 1000 5255 Sic
1022 5217 1153 5258 mss.
1179 5203 1320 5263 Editi
1347 5219 1500 5265 vero.
1540 5226 1558 5257 ι
1585 5206 1989 5260 convenienter.
2017 5224 2037 5256 ι

753 5203 871 5342 ini
898 5271 1055 5324 Aliis.
1110 5272 1270 5325 Deest
1302 5272 1354 5324 in
1395 5274 1576 5338 editis,
1615 5287 1669 5326 at
1709 5276 1974 5341 reperitur
2013 5276 2067 5341 in
2113 5290 2244 5330 mss.

685 5341 855 5394 Paulo
895 5349 1015 5408 post
1060 5341 1191 5394 mss.
1243 5342 1583 5401 «secundum
1621 5345 1986 5408 evangelicam
2031 5353 2280 5395 seutenw

686 5415 870 5465 tiam.»
896 5407 1073 5472 ’Editi,
1111 5408 1444 5480 «fecundum
1479 5407 1787 5480 doctrinaui
1807 5409 2195 5480 evangelicam.
2218 5431 2239 5463 ι

684 5481 804 5534 Mox
835 5480 1088 5533 mssude
1111 5477 1398 5530 Trinitatis
1432 5478 1663 5531 ratione.
1689 5496 1707 5527 ι
1749 5475 1909 5541 Editi,
1948 5475 2057 5534 Ide
2091 5491 2246 5534 retero

679 5551 866 5604 uitatis
890 5548 1120 5601 ratione.
1150 5566 1168 5598 ι
1520 5558 1522 5561 ·
1959 5588 1962 5595 ,

737 5619 860 5689 ’(48)
902 5618 993 5672 Sic
1036 5631 1172 5689 ms_s_.
1217 5615 1391 5682 Editi,
1439 5616 1866 5670 «universorum
1907 5618 2257 5674 conditiones.

668 5685 1013 5758 signiﬁcans.
1037 5705 1055 5738 ι
1113 5685 1228 5739 Mox
1267 5702 1418 5753 mss.,
1455 5705 1482 5739 1
1516 5691 1885 5752 competenter
1932 5689 2246 5745 admonebi-

2353 4408 2556 4476 al‘iquid
2586 4411 2750 4463 etiam
2785 4411 3025 4481 Baptista
3070 4414 3307 4471 Joannes
3341 4420 3590 4484 indicat,
3641 4437 3766 4474 cum
3803 4435 3934 4473 cor-

2351 4501 2613 4570 poraliter
2646 4504 2874 4560 absente
2906 4506 3030 4562 Jesu
3054 4512 3265 4570 diceret
3295 4513 3362 4565 ad
3401 4512 3586 4565 turbas
3616 4530 3630 4564 :
3670 4529 3687 4561 r
3723 4513 3937 4566 Medius

2352 4601 2592 4646 vestrum
2622 4597 2920 4664 stat‘quem
2958 4615 3053 4654 vos
3086 4603 3332 4665 nescitis,
3360 4604 3448 4669 qui
3484 4613 3607 4670 post
3635 4618 3723 4656 me
3756 4604 3931 4666 venit,

2354 4682 2510 4751 cujus
2557 4699 2661 4738 non
2710 4701 2832 4740 sum
2865 4689 3054 4756 dignus
3104 4691 3316 4746 solvere
3365 4693 3658 4759 corrigiam
3709 4693 3926 4747 calcea-

753 4836 800 4917 ξ’
823 4835 1076 4920 “Elui/l3
1121 4807 1203 4871 ’⁵⁸
1234 4838 1277 4893 ll
1307 4839 1438 4920 Cor.
1474 4853 1597 4906 xm,
1628 4839 1685 4893 3.
1761 4838 1805 4869 ⁸⁷
1833 4836 2012 4894 Galat.
2048 4852 2111 4903 η,
2145 4835 2236 4891 20.
2313 4839 2359 4870 "
2398 4841 2589 4897 Matth.
2623 4860 2770 4911 xxu;
2803 4851 2937 4906 Luc.
2964 4851 3055 4908 xx.
3135 4848 3180 4878 "
3199 4842 3409 4902 Coloss.
3440 4865 3480 4914 ι,
3511 4850 3597 4904 16.
3693 4851 3740 4883 ⁸⁸
3766 4851 3927 4907 Joan.

2347 5081 2524 5122 mus.»
2556 5065 2720 5128 Editi,
2752 5082 2770 5116 ι
2801 5076 3202 5133 consequenter
3242 5070 3678 5126 admonebimns.
3703 5089 3722 5122 ι
3760 5071 3934 5127 Pauio

2350 5146 2472 5208 post
2503 5142 2660 5196 mss.,
2690 5153 2712 5208 ρ
2743 5134 2884 5186 intra
2911 5133 3212 5208 brevissimi
3241 5142 3488 5208 corporis
3519 5141 3766 5195 claustra
3797 5158 3930 5195 con-

2349 5205 2498 5278 clusa
2541 5213 2663 5278 est,_
2689 5204 2758 5254 ita
2811 5211 2892 5254 ut.
2917 5221 2934 5252 ι
2969 5203 3137 5272 Editi,
3177 5224 3196 5258 ι
3227 5209 3279 5262 in
3311 5203 3623 5264 brevissimi
3674 5213 3930 5278 corporis

2349 5273 2590 5326 claustro
2617 5271 2800 5322 clausa
2833 5281 2936 5335 est,
2967 5283 3044 5326 ut.
3073 5293 3091 5324 ι
3251 5309 3258 5312 -

2420 5341 2532 5410 (49)
2575 5340 2665 5412 Sic
2699 5349 3012 5412 rectemss.
3049 5343 3211 5411 Editi,
3243 5363 3264 5397 ι
3294 5345 3534 5400 θοι-(119..
3584 5345 3709 5399 Mor
3762 5361 3927 5412 mss.,

2356 5432 2374 5464 ι
2407 5407 2567 5483 capia
2601 5407 2815 5476 pietatis
2838 5409 3048 5466 debet.»
3077 5407 3239 5482 Edit'i,
3273 5434 3291 5466 ι
3320 5431 3423 5469 una
3455 5417 3680 5483 pietatis
3704 5407 3925 5470 debui

2355 5480 2522 5547 l'aulo
2557 5487 2677 5544 post
2712 5492 2866 5541 mss.,
2915 5497 2934 5528 ι
2960 5491 3177 5546 putetur
3223 5480 3346 5539 esse
3389 5480 3646 5539 divulsio.
3671 5504 3690 5534 ι
3744 5487 3924 5548 Ειιίιὶ,

2361 5571 2379 5602 ι
2409 5557 2628 5617 putetur
2652 5561 2784 5601 esse
2829 5549 3037 5604 divisio.
3060 5569 3079 5602 ι
3116 5551 3283 5606 Paulo
3313 5554 3457 5606 infra
3501 5568 3662 5617 mss.,
3701 5557 3927 5606 (corri-

2355 5615 3052 5696 giamzcalceamentorum.
3082 5640 3100 5674 ι
3133 5622 3304 5689 Editi,
3343 5640 3363 5673 ι
3388 5615 3681 5690 corrigiam
3711 5623 3927 5677 calcea-

2355 5696 2544 5743 lllCllll.
2572 5703 2590 5736 Ι
