4116 6312
221 338 331 396 405

1485 335 1683 391 LIBER
1710 332 2059 404 QUARTUS.

3344 320 3543 389 tos‘

225 459 535 503 mentorum
561 448 627 501 ".
653 467 672 502 s
726 448 879 516 Quod
931 449 1116 518 utique
1155 449 1259 504 dici
1309 464 1412 503 non
1472 461 1685 517 poterat
1724 451 1789 505 de
1819 459 1863 515 Α
1894 447 2173 506 vocabulis
2203 457 2557 522 nuncupatur,
2586 454 2640 504 et
2669 444 2825 502 Iesus
2852 445 3099 501 Christus
3124 442 3449 514 appellatur,

224 554 297 594 eo
325 539 417 607 qui
464 538 673 595 absens
698 548 839 607 erat,
883 549 1137 609 quantum
1166 540 1232 593 ad
1261 540 1600 610 corporalem
1656 556 1790 610 pra:-

224 627 457 683 sentiam
493 629 749 698 pertinet,
791 628 917 701 quia
947 627 1154 684 medius
1198 636 1367 684 staret
1412 643 1597 683 eorum
1650 628 1792 684 inter

152 742 172 754 κ
224 734 365 789 quos
394 735 503 774 non
527 720 713 775 aderat
739 718 1092 790 corporaliter
1120 718 1290 775 Filius
1315 719 1436 775 Dei.

299 812 388 867 5i.
421 810 501 867 Ne
539 811 660 880 quis
694 819 873 864 tamen
922 825 1020 865 nos
1051 810 1323 865 existimet
1367 826 1462 881 per
1495 810 1608 865 haec
1643 809 1789 863 illud

224 898 519 967 allirmare,
552 902 696 971 quod
735 915 859 971 pars
895 900 1005 973 (50)
1048 900 1230 971 aliqua
1281 900 1495 956 deitatis
1545 900 1662 955 Filii
1697 901 1790 957 Dei

221 987 393 1044 fuerit
439 990 493 1045 in
533 990 769 1056 Christo,
800 991 1004 1061 reliqua
1045 1006 1174 1047 vero
1210 1006 1337 1061 pars
1375 991 1500 1065 alibi
1546 990 1631 1046 vel
1670 989 1791 1045 ubi-

220 1091 370 1146 que:
404 1081 548 1149 quod
586 1080 661 1135 illi
709 1082 912 1135 sentire
957 1090 1181 1150 possunt
1227 1081 1320 1151 qui
1370 1090 1613 1136 naturam
1656 1082 1787 1138 sub-

220 1171 439 1225 stantia:
469 1171 801 1243 incorporea:
846 1182 1007 1243 atque
1046 1173 1332 1227 invisibilis
1378 1172 1652 1242 ignorant.
1683 1172 1788 1229 lm-

220 1257 480 1326 possibile
510 1274 742 1329 namque
789 1272 873 1315 est
925 1261 992 1315 de
1034 1261 1353 1329 incorporeo
1402 1271 1605 1331 partem
1647 1261 1786 1326 dici,

220 1354 319 1400 aut
352 1346 671 1404 divisionem
719 1342 958 1420 aliquam
1001 1346 1151 1417 fieri,
1200 1352 1291 1405 sed
1327 1351 1380 1406 in
1428 1352 1703 1418 omnibus,
1735 1360 1790 1406 et

220 1447 318 1500 per
346 1437 550 1500 omnia,
588 1446 645 1491 et
670 1452 828 1507 super
868 1440 1046 1493 omnia
1077 1448 1192 1505 est,
1236 1456 1303 1495 eo
1354 1443 1513 1495 modo
1543 1457 1651 1511 quo
1694 1457 1788 1496 su-

218 1526 407 1594 perius
445 1528 695 1589 diximus,
730 1529 782 1582 id
814 1539 896 1584 est
940 1546 1047 1599 quo
1078 1532 1161 1585 vel
1214 1531 1501 1600 sapientia,
1530 1534 1612 1587 vel
1658 1533 1786 1587 Ver-

218 1616 372 1683 bum,
413 1618 493 1674 vel
542 1620 671 1686 vita,
717 1622 797 1676 vel
842 1623 1044 1676 veritas
1087 1623 1444 1692 intelligitur;
1492 1639 1587 1692 per
1625 1640 1786 1694 quem

1892 555 1987 613 per
2017 554 2174 610 quem
2201 539 2379 595 omnia
2412 538 2555 595 facta
2575 553 2695 595 esse
2718 538 2987 594 dicuntur.
3014 536 3088 591 De
3114 550 3217 605 qua
3247 536 3449 602 anima,

1891 630 2146 701 quoniam
2186 638 2352 686 totam
2384 630 2437 684 in
2478 644 2537 686 se
2572 623 2890 700 sapientiam
2927 627 3020 684 Dei
3063 636 3118 681 et
3164 626 3453 684 veritatem

1814 772 1831 779 ,
1890 721 2167 791 vitamque
2212 730 2523 791 receperat,
2572 722 2733 778 etiam
2780 720 2912 775 illud
2965 719 3200 774 arbitror
3249 717 3471 778 dixisse

1889 811 2229 880 Apostolum,
2254 811 2344 882 qui
2385 812 2461 866 ait
2494 813 2749 882 quoniam
2788 828 2807 863 t
2839 809 2960 865 Vita
2996 819 3181 865 nostra
3215 810 3310 865 abs
3326 826 3463 867 cono

1890 896 2000 953 dita
2026 908 2108 954 est
2137 915 2257 955 cum
2305 899 2518 957 Christo
2548 901 2601 955 in
2634 902 2773 969 Deo;
2807 916 2928 957 cum
2967 909 3153 957 autem
3197 899 3467 957 Christus

1889 989 2199 1056 apparuerit
2224 988 2330 1042 vita
2372 998 2577 1054 nostra,
2622 988 2750 1043 tunc
2794 997 2846 1043 et
2886 1002 2983 1041 vos
3029 1002 3153 1041 cum
3185 986 3300 1055 ipso
3349 985 3465 1056 (52';

1889 1080 2217 1149 apparebitis
2252 1080 2307 1133 in
2339 1080 2509 1151 gloria
2536 1079 2601 1134 ⁸⁸.
2628 1097 2648 1131 ι
2698 1078 2831 1145 Quis
2878 1081 3019 1133 enim
3058 1079 3208 1133 alius
3240 1079 3331 1134 hic
3374 1080 3455 1130 in—

1894 1171 2213 1241 teliigendus
2259 1180 2343 1226 est
2390 1171 2655 1235 Christus,
2705 1173 2795 1241 qui
2834 1172 2884 1224 in
2933 1170 3040 1224 Deo
3095 1168 3454 1223 absconditus

1890 1263 2084 1320 dicitur
2120 1273 2174 1317 et
2206 1271 2391 1333 postea
2429 1263 2798 1333 appariturns,
2827 1262 2930 1317 nisi
2963 1262 3053 1315 ille
3081 1260 3173 1329 qui
3207 1259 3327 1315 oleo
3363 1258 3456 1311 lae.

1893 1355 2023 1410 titize
2067 1364 2262 1411 unctus
2312 1354 2577 1421 refertur,
2622 1355 2677 1410 id
2727 1363 2809 1409 est
2853 1351 3286 1408 substantialiter
3340 1348 3453 1403 Deo

1889 1447 2153 1516 repletus,
2202 1447 2255 1501 in
2300 1462 2407 1518 quo
2443 1462 2585 1501 nunc
2638 1445 2990 1501 absconditus
3035 1442 3271 1496 dicitur?
3318 1439 3453 1494 Pro.

1888 1547 2073 1606 pterea
2100 1540 2243 1593 enim
2272 1548 2327 1594 et
2354 1540 2603 1594 omnibus
2625 1536 2977 1592 credentibus
3002 1534 3253 1590 Christus
3278 1548 3457 1617 exem-

1886 1630 2033 1700 plum
2065 1631 2306 1699 ponitur,
2336 1631 2459 1700 quia
2509 1630 2652 1685 sicut
2683 1628 2772 1683 ille
2820 1644 3033 1697 semper
3062 1637 3119 1683 et
3160 1634 3454 1697 antequam

218 1708 552 1764 intellectum
584 1714 757 1766 omnis
797 1716 914 1769 sine
945 1714 1106 1769 dubio
1142 1716 1417 1771 conclusio
1462 1716 1649 1772 locaiis
1693 1732 1789 1772 ex-
1890 1718 2052 1773 sciret
2103 1718 2329 1773 omnino
2381 1720 2617 1785 malum,
2677 1718 2837 1788 elegit
2872 1719 3113 1781 bonum,
3158 1726 3218 1771 et
3265 1718 3459 1772 dilexit

217 1800 473 1854 cluditur.
512 1801 707 1859 Volens
760 1804 920 1874 igitur
951 1804 1119 1861 Filius
1165 1806 1256 1859 Dei
1308 1821 1407 1874 pro
1460 1807 1638 1863 salute
1692 1823 1785 1879 ge-
1814 1790 1862 1851 Β
1884 1806 2176 1876 justitiam,
2205 1816 2260 1863 et
2288 1807 2412 1863 odio
2444 1808 2631 1863 ltabuit
2662 1807 3037 1876 iniquitatem,
3065 1809 3117 1859 et
3166 1816 3455 1874 propterea

217 1894 371 1948 neris
398 1892 618 1947 humani
651 1908 911 1963 apparere
943 1896 1259 1953 hominibus
1284 1907 1338 1952 et
1365 1898 1508 1954 inter
1538 1899 1783 1954 homines

214 1991 564 2054 conversari,
596 1991 833 2061 suscepit
867 2008 972 2047 non
1023 1994 1194 2049 solum
1236 2008 1430 2063 corpus
1463 1994 1780 2060 humanum,

212 2089 276 2135 ut
315 2081 533 2150 quidam
569 2091 781 2151 putant,
817 2084 910 2137 sed
942 2092 997 2139 et
1027 2086 1288 2151 animam,
1321 2096 1627 2142 nostrarum
1660 2086 1782 2157 qui-

210 2175 338 2232 dem
360 2174 659 2228 animarum
683 2175 910 2230 similem
949 2191 1044 2245 per
1061 2186 1329 2244 naturam,
1356 2178 1632 2249 proposito
1651 2192 1781 2234 vero
1807 2216 1819 2225 ρ

210 2275 268 2321 et
294 2266 494 2320 virtute
533 2266 762 2320 similem
801 2267 924 2333 sibi,
958 2278 1011 2323 et
1046 2268 1207 2323 talem
1238 2270 1417 2338 qualis
1461 2286 1652 2327 omnes
1680 2285 1779 2326 vo-

208 2354 452 2411 luntates
491 2365 546 2409 et
590 2356 1024 2425 dispensationes
1058 2357 1217 2413 Verbi
1260 2374 1323 2415 ac
1372 2362 1653 2429 sapientiae
1692 2363 1779 2418 in-

206 2448 610 2503 declinabiliter
652 2434 822 2517 possit
851 2449 1095 2519 implere.
1125 2450 1277 2515 Ouod
1313 2462 1494 2507 autem
1528 2453 1780 2510 habuerit

204 2539 477 2608 annimam,
507 2542 949 2598 manifestissime
976 2542 1085 2616 (5i)
1114 2544 1170 2598 in
1196 2543 1507 2617 Evangeliis
1531 2545 1782 2616 designat

206 2628 330 2701 ipse
367 2631 637 2701 Salvator,
670 2636 859 2691 dicens
884 2653 912 2689 :-
935 2656 953 2689 ‹
985 2637 1154 2702 Nemo
1189 2637 1330 2694 tollit
1365 2653 1394 2693 a
1426 2652 1510 2694 me
1540 2640 1776 2695 animam

203 2733 411 2781 meam,
455 2721 547 2774 sed
578 2736 676 2791 ego
722 2739 865 2791 pono
896 2741 1015 2780 eam
1045 2726 1142 2782 abs
1179 2743 1283 2783 nte.
1318 2726 1647 2786 Polestatem
1685 2730 1779 2785 ha-

202 2806 311 2861 beo
356 2809 583 2876 ponendi
618 2812 854 2865 animam
890 2828 1086 2879 meam,
1121 2825 1177 2870 et
1209 2818 1404 2872 iterum
1454 2828 1776 2890 potestatem

202 2896 384 2951 habeo
436 2901 740 2953 assumendi
802 2918 920 2955 eam
947 2903 1013 2957 °'.
1038 2923 1056 2955 ι
1109 2904 1172 2958 Et
1222 2923 1435 2959 rursum
1477 2927 1492 2963 ;
1532 2929 1549 2960 ι
1580 2911 1774 2966 Tristis

198 2995 291 3041 est
333 2988 513 3041 anima
552 3005 670 3044 mea
720 3004 891 3060 usque
923 2992 989 3045 ad
1037 3002 1264 3049 mortem
1293 2995 1358 3050 “.
1384 3013 1403 3048 ι
1439 2997 1502 3050 Ει
1538 2999 1771 3053 iterum:

1886 1899 2041 1954 unxit
2080 1913 2205 1955 eum
2252 1900 2397 1955 Deus
2446 1900 2566 1955 oleo
2613 1899 2848 1966 laetitiae;
2886 1898 2961 1953 ita
2999 1905 3054 1953 et
3084 1895 3458 1967 unusquisque

1883 2000 2006 2062 post
2035 1991 2239 2061 lapsum
2278 1992 2357 2046 vel
2389 2002 2511 2060 post
2542 2008 2785 2047 errorem
2816 1998 3078 2060 expurget
3110 2004 3169 2044 se
3201 1988 3453 2055 maculis,

1885 2083 2135 2154 exemplo
2178 2083 2470 2154 praposito,
2514 2092 2567 2137 et
2613 2082 2821 2137 habens
2869 2083 3081 2136 itineris
3121 2083 3311 2135 ducem
3363 2096 3455 2135 ar-

1883 2169 2042 2229 duam
2082 2175 2482 2231 viamvirtutis
2516 2174 2769 2241 incedat;
2818 2182 2877 2227 ut
2921 2174 3000 2228 sic
3039 2171 3179 2226 forte
3218 2187 3311 2240 per
3351 2171 3454 2226 hoc

1883 2265 1939 2320 in
1970 2278 2233 2337 quantum
2264 2267 2379 2323 fieri
2411 2277 2588 2339 potest
2625 2282 2721 2338 per
2758 2266 3117 2320 imitationem
3147 2265 3264 2334 ejus
3294 2261 3452 2333 192

1882 2359 2175 2428 participes
2226 2358 2525 2413 efﬁciamur
2586 2359 2784 2412 divinae
2842 2367 3093 2422 natura,
3136 2357 3277 2410 sicut
3318 2357 3455 2410 seri-

1883 2459 2029 2517 ptum
2059 2459 2171 2517 est,
2203 2450 2327 2520 quia
2378 2466 2397 2500 ι
2427 2451 2517 2518 qui
2564 2450 2695 2503 dicit
2725 2464 2784 2502 se
2823 2447 3042 2502 Christo
3088 2446 3329 2507 credere,
3361 2446 3457 2499 dc—

1880 2539 1997 2605 bet,
2024 2541 2167 2595 sicut
2198 2542 2288 2594 ille
2320 2540 2635 2608 ambulavit,
2664 2550 2717 2594 et
2742 2542 2857 2611 ipse
2889 2540 3170 2595 ambulare
3195 2540 3261 2593 "°.
3290 2558 3308 2592 ι
3344 2538 3458 2593 lloe

1881 2650 2015 2706 ergo
2046 2636 2285 2691 Verbum
2328 2646 2384 2691 et
2431 2637 2545 2692 hate
2576 2638 2838 2707 sapientia
2877 2653 2971 2706 per
3000 2635 3151 2714 cujus
3200 2622 3461 2688 imitatio-

1880 2743 2001 2782 nem
2043 2726 2128 2783 vel
2179 2726 2451 2797 sapientes
2491 2726 2577 2782 vel
2631 2727 2979 2782 rationabiles
3029 2725 3262 2781 dicimur
3303 2723 3452 2793 (53).

1879 2821 2130 2876 omnibus
2168 2820 2229 2876 fit
2264 2821 2466 2886 omnia,
2495 2828 2554 2873 ut
2585 2834 2775 2875 omnes
2811 2818 3151 2883 lucrifaciat;
3180 2830 3236 2872 et
3273 2816 3333 2870 lit
3370 2816 3457 2869 in-

1880 2910 2070 2968 firmus
2099 2911 2353 2978 infirmis,
2385 2920 2446 2965 ut
2476 2911 2721 2966 infirmos
2746 2910 3090 2974 lucrifaciat;
3127 2918 3181 2964 et
3209 2909 3335 2976 quia
3369 2907 3455 2962 in-

1880 3001 2072 3056 firmus
2090 3001 2338 3068 efﬁcitur,
2372 3014 2594 3070 propter
2622 3005 2722 3056 hoc
2749 3001 2947 3057 dicitur
2971 3002 3039 3057 de
3060 3013 3155 3056 eo:
3183 3018 3202 3051 ι
3228 2999 3452 3055 Etiamsi

207 3096 228 3129 ι
269 3077 425 3132 Nunc
470 3083 649 3136 anima
695 3098 811 3138 mea
858 3085 1072 3140 turbata
1120 3097 1204 3142 est
1229 3087 1293 3140 ⁸³.
1324 3107 1343 3141 ι
1400 3088 1581 3159 Neque
1624 3091 1769 3145 enim
1799 3120 1841 3175 ρ
1877 3090 2173 3145 cruciﬁxus
2209 3103 2292 3145 est
2319 3106 2385 3144 ex
2442 3090 2782 3154 infirmitate,
2834 3090 2930 3144 sed
2963 3090 3099 3143 vivit
3137 3106 3201 3145 ex
3256 3090 3457 3144 virtute

200 3170 379 3225 tristis
409 3182 464 3226 et
506 3175 714 3229 turbata
749 3177 927 3231 anima
967 3175 1202 3233 Verbum
1234 3180 1326 3234 Dei
1364 3180 1771 3250 intelligendum
1808 3170 1841 3230 '.
1876 3183 2087 3237 θείη.»
2111 3180 2355 3251 Denique
2375 3181 2675 3237 Corinthiis
2695 3182 2787 3250 qtti
2818 3181 3022 3235 infirmi
3057 3188 3233 3245 erant,
3254 3178 3460 3236 Paulus

198 3269 291 3315 est
338 3260 479 3328 quod
523 3276 591 3315 ex
622 3266 952 3319 auctoritate
1000 3266 1303 3335 divinitatis
1350 3270 1524 3324 dicit:
1562 3291 1580 3325 σ
1610 3269 1774 3328 Pote-

198 3362 404 3407 statem
432 3351 608 3408 habeo
637 3358 869 3422 ponendi
906 3359 1143 3412 animam
1180 3375 1376 3415 meam.
1402 3380 1422 3413 ι
1455 3362 1564 3419 Nec
1595 3374 1774 3421 tamen

199 3443 277 3519 ita
319 3444 549 3501 dicimus
601 3445 769 3502 fuisse
804 3448 999 3503 Filium
1051 3452 1143 3505 Dei
1180 3454 1231 3506 in
1278 3454 1366 3507 illa
1399 3458 1599 3520 anima,
1634 3458 1776 3512 sicut

1873 3273 2008 3328 nihil
2034 3288 2093 3328 se
2120 3274 2322 3328 indicat
2352 3292 2370 3326 ι
2391 3276 2533 3330 scire
2562 3274 2666 3329 nisi
2693 3262 2968 3329 Citristum
2992 3271 3201 3337 Jesutn,
3224 3280 3279 3325 et
3307 3271 3454 3329 hunc

1874 3366 2193 3419 cruciﬁxum
2218 3366 2286 3419 τ’.
2321 3384 2341 3418 ι

1944 3456 2033 3509 52.
2074 3456 2302 3523 Quidam
2346 3466 2525 3513 autem
2561 3457 2746 3512 volunt
2780 3458 2844 3512 de
2882 3460 2995 3524 ipsa
3024 3455 3202 3509 anima
3242 3455 3446 3509 dictum

196 3514 390 3587 fuitin
433 3536 611 3589 anima
652 3536 829 3602 Pauli,
858 3540 945 3592 vel
976 3539 1144 3603 Petri,
1188 3552 1617 3613 ceterorumque
1649 3561 1777 3600 san-
1875 3548 2077 3609 videri,
2111 3562 2230 3601 cum
2283 3549 2512 3613 primum
2555 3550 2621 3603 de
2667 3548 2830 3601 Maria
2877 3561 3073 3615 corpus
3116 3549 3445 3617 assumpsit,

195 3634 455 3691 clerum,
500 3627 551 3681 in
596 3630 795 3696 quibus
834 3629 1081 3686 Christus
1119 3633 1371 3687 similiter
1414 3644 1471 3688 ut
1506 3636 1560 3689 in
1604 3634 1773 3693 Paulo

195 3713 347 3786 loqui
380 3717 644 3773 creditur.
681 3720 789 3774 Sed
820 3720 887 3775 de
934 3720 1038 3775 illis
1087 3724 1337 3777 omnibus
1372 3725 1497 3780 illud
1530 3730 1771 3781 sentien-

196 3808 329 3861 dum
362 3817 445 3863 est
472 3811 611 3876 quod
648 3810 925 3881 Scriptura
958 3813 1091 3867 dicit
1124 3816 1245 3882 quia
1281 3834 1300 3867 ι
1334 3806 1492 3871 nemo
1539 3821 1769 3875 mundus

194 3912 225 3949 a
271 3899 453 3963 sorde,
493 3914 593 3953 nec
620 3901 663 3955 si
704 3902 861 3956 unius
884 3904 988 3957 diei
1021 3904 1183 3959 fuerit
1213 3905 1323 3959 vita
1354 3906 1472 3973 ejus
1500 3906 1563 3960 “.
1592 3927 1611 3960 ι
1645 3910 1769 3968 Haec

194 4003 332 4043 vero
360 3990 539 4043 anima
572 4007 690 4060 qua:
724 3992 826 4048 fuit
855 3994 908 4048 in
938 3993 1085 4057 Jesu,
1111 3996 1428 4067 priusquam
1454 4002 1617 4056 Sciret
1652 4020 1768 4057 ma-

192 4078 331 4145 lum,
349 4081 511 4150 elegit
530 4082 731 4137 bonum
758 4085 803 4117 ⁸⁷
830 4103 842 4139 :
862 4093 913 4140 et
938 4088 1059 4155 quia
1080 4087 1272 4143 dilexit
1290 4090 1555 4161 justitiam
1579 4105 1632 4151 et
1654 4098 1767 4151 odit

193 4170 577 4242 iniquitatem,
616 4185 903 4245 propterea
946 4179 1102 4232 unxit
1138 4194 1257 4236 eam
1304 4184 1448 4240 Deus
1497 4188 1616 4242 oleo
1668 4190 1764 4243 ιω-

193 4265 329 4317 titize
364 4280 474 4334 pra:
509 4268 857 4334 participibus
881 4269 995 4322 suis
1016 4268 1081 4322 ⁸⁸.
1114 4269 1249 4327 Oleo
1275 4288 1406 4341 ergo
1433 4276 1634 4332 laetitia:
1666 4294 1765 4331 un-

191 4357 360 4423 gitur,
393 4371 514 4409 cum
540 4355 715 4411 Verbo
742 4357 835 4412 Dei
867 4358 1215 4417 immaculata
1242 4363 1599 4422 fmderatione
1630 4383 1763 4422 con—

1872 3637 2035 3688 etiam
2088 3635 2218 3692 illud
2267 3639 2413 3708 quod
2458 3637 2750 3709 Apostolus
2796 3636 2930 3689 dicit
2970 3653 2983 3688 :
3024 3654 3043 3686 t
3074 3636 3335 3703 Quicum
3391 3639 3448 3692 in

1872 3726 2047 3780 forma
2083 3728 2177 3783 Dei
2211 3742 2390 3795 esset,
2439 3745 2546 3785 non
2581 3729 2823 3797 rapinam
2874 3726 3176 3783 arbitratus
3216 3740 3297 3784 est
3324 3744 3447 3787 esse

1871 3833 1931 3874 se
1977 3821 2243 3888 aequalem
2277 3821 2409 3887 Deo,
2440 3820 2533 3873 sed
2580 3819 2935 3887 semetipsum
2972 3820 3293 3885 exinauivit,
3337 3818 3449 3875 for-

1872 3924 2013 3962 mam
2057 3911 2200 3966 servi
2246 3910 2619 3977 accipiens";
2650 3927 2669 3961 ι
2709 3924 2833 3963 cum
2864 3925 2984 3963 eam
3018 3912 3135 3963 sine
3184 3911 3350 3964 dubio
3392 3912 3444 3963 in

1870 3997 2102 4053 formam
2140 4000 2230 4055 Dei
2277 3998 2595 4053 melioribus
2626 4000 2891 4069 exemplis
2925 4008 2981 4053 et
3013 3999 3445 4054 institutionibus

1872 4100 2170 4160 repararet,
2200 4099 2362 4159 atque
2391 4091 2443 4143 in
2478 4105 2597 4144 eam
2630 4091 3020 4159 plenitudinem
3055 4092 3197 4145 unde
3230 4106 3289 4145 se
3326 4091 3446 4145 exi-

1870 4184 2149 4235 naniverat
2178 4182 2321 4251 (δι).
2363 4192 2665 4237 revocaret.
2712 4182 2865 4238 Sicut
2908 4192 3091 4236 autem
3142 4182 3445 4251 participa-

1871 4275 2014 4329 tione
2042 4273 2164 4327 Filii
2200 4274 2292 4327 Dei
2354 4275 2474 4343 quis
2509 4275 2561 4329 iu
2612 4276 2780 4330 lilium
2828 4276 3138 4342 adeptatur,
3175 4283 3234 4327 vet
3270 4274 3443 4343 partié

1868 4365 2140 4433 eipatione
2169 4365 2451 4433 sapientiae
2482 4367 2533 4421 in
2569 4366 2679 4421 Deo
2723 4367 2941 4434 sapiens
2979 4362 3231 4428 edicitur,
3267 4364 3342 4417 ita
3385 4373 3445 4423 et

184 4453 380 4513 juncta
412 4454 515 4507 est,
540 4456 594 4497 et
626 4460 723 4514 per
757 4446 856 4502 hoc
884 4450 997 4502 sola
1034 4452 1274 4505 omnium
1309 4453 1612 4509 aninrai'tlm
1647 4471 1770 4525 pec-
1799 4448 1842 4502 D
1871 4460 2287 4529 participatione
2319 4460 2558 4530 Spiritus
2584 4461 2784 4522 sancti,
2821 4467 3046 4513 sanctus
3076 4465 3134 4511 et
3184 4457 3444 4527 spiritalis

188 4535 302 4588 cati
341 4536 569 4603 incapax
596 4536 717 4601 fuit,
745 4539 869 4606 quia
902 4540 1020 4595 Filii
1053 4542 1141 4596 Dei
1178 4545 1314 4597 bene
1335 4552 1389 4598 et
1414 4545 1569 4613 plene
1595 4562 1761 4615 Capax

186 4627 331 4690 fuit;
381 4626 611 4696 ideoque
652 4641 705 4684 et
744 4648 910 4684 unum
943 4648 1065 4687 cum
1116 4634 1231 4702 ipso
1277 4643 1389 4702 est,
1444 4646 1606 4706 atque
1646 4641 1763 4707 ejus

1869 4548 2119 4605 eflicitur.
2147 4550 2327 4606 Unum
2357 4551 2498 4604 enim
2528 4561 2688 4618 atque
2718 4550 2855 4602 idem
2886 4559 2972 4601 est
2999 4548 3238 4616 Spiritus
3268 4546 3444 4606 sancll

1870 4641 2219 4709 participium
2298 4657 2547 4702 sumere,
2600 4639 2745 4707 quod
2798 4648 2881 4691 est
2928 4637 3107 4694 Patris
3154 4648 3215 4717 et
3268 4638 3431 4700 Filii:

256 4812 304 4888 ξ
335 4809 493 4888 Joan.
524 4829 559 4874 ι,
602 4814 691 4888 ξϐ.
745 4814 1021 4888 ηοξιωη.
1051 4832 1108 4883 x,
1134 4817 1233 4888 )8.
1260 4814 1349 4888 _A“_
1374 4813 1563 4888 alatth.
1598 4830 1745 4880 xxvi,
1775 4818 1883 4888 38._
1942 4822 1987 4852 ⁸⁸
2008 4820 2166 4877 Joan.
2200 4842 2297 4888 xu,
2331 4824 2418 4876 27.
2518 4821 2563 4853 "
2587 4820 2688 4876 Job
2743 4837 2854 4887 xtv,
2882 4823 2936 4884 4,
2971 4824 3026 4881 5.
3112 4824 3155 4855 ⁸⁷
3182 4820 3306 4878 Isai.
3340 4840 3443 4879 vn-

183 4880 233 4913 ⁸⁸
262 4881 420 4939 Psal.
441 4898 587 4951 thv,
610 4885 665 4938 8.
740 4884 786 4917 "
810 4886 989 4941 Cales.
1019 4880 1103 4951 ut,
1129 4887 1183 4939 3.
1260 4883 1305 4917 "
1333 4883 1353 4939 ι
1386 4883 1542 4937 Joan.
1566 4900 1628 4948 ll,
1662 4888 1714 4941 6.

1878 4885 1903 4943 ll
1932 4891 2059 4947 Cor.
2092 4908 2210 4956 xm,
2242 4880 2297 4946 ιζ
2372 4894 2420 4923 ⁷⁸
2445 4890 2463 4944 Ι
2485 4889 2609 4946 Cor.
2644 4907 2705 4953 II,
2737 4891 2790 4947 Β.
2841 4880 3176 4962 ἠῬΗίΙίρρ.
3215 4908 3278 4957 tt,
3301 4894 3365 4951 ,6;

258 5052 381 5123 (50)
420 5052 514 5124 Sic
544 5067 674 5107 mea.
700 5052 842 5124 Edlti
870 5068 997 5108 vero
1024 5072 1038 5108 :
1070 5070 1091 5104 ι
1119 5068 1296 5124 neque
1317 5062 1509 5124 tamen
1536 5066 1631 5124 per
1656 5056 1758 5111 hoc

190 5121 346 5175 illum
381 5121 652 5175 aﬂirmare
692 5122 1024 5191 credendum
1052 5134 1159 5187 est,
1189 5121 1333 5191 quod
1365 5121 1553 5191 pars.»
1590 5123 1759 5179 Paulo

190 5202 319 5259 post
353 5205 513 5252 mss.,
549 5208 568 5239 ι
592 5191 660 5246 de
686 5190 1008 5260 incorporeo
1046 5190 1252 5260 partem
1292 5190 1397 5260 dici
1424 5203 1515 5245 aut
1542 5194 1761 5250 divisio-

194 5205 319 5259 post
353 5205 513 5252 mss.,
549 5208 568 5239 ι
592 5205 660 5246 ue
686 5205 1008 5313 tncg‘poreo
1046 5205 1252 5260 partem
1292 5205 1397 5245 utet
1424 5205 1515 5245 aut
1542 5205 1753 5250 divisio-

194 5278 319 5317 nem
350 5260 589 5332 aliquam
616 5261 753 5332 lteri,
777 5330 784 5332 Α
872 5299 887 5325 ,
914 5278 933 5309 ι
958 5270 1073 5332 etc.
1093 5260 1149 5313 In
1174 5259 1354 5329 editis,
1380 5259 1577 5332 legitur
1600 5282 1619 5317 ι
1641 5265 1713 5320 ab
1732 5283 1753 5318 s

190 5344 290 5399 pro
322 5347 343 5380 ι
367 5330 453 5399 de,
478 5345 498 5378 ι
528 5335 584 5382 et
614 5329 883 5383 omittitur
914 5347 932 5399 ς
963 5329 1098 5382 fieri.
1138 5347 1156 5379 ι

265 5399 384 5469 (5|)
425 5397 500 5451 lta
557 5407 706 5469 recte
742 5413 875 5453 mss.
900 5397 1278 5469 ,Editigyero,
1325 5417 1346 5450 ι
1375 5403 1522 5469 quali
1568 5418 1757 5461 omnes

191 5468 508 5539 voluntath
534 5476 591 5519 et
617 5466 1045 5539 dispensationes
1081 5466 1241 5525 Verbi
1274 5485 1339 5523 ac
1364 5466 1645 5539 sapientia:
1675 5475 1755 5528 in-

197 5536 542 5607 dadiirtabilis
574 5537 786 5607 possint
819 5536 1052 5606 impleri.
1084 5539 1236 5607 Quod
1270 5536 1449 5594 autem
1485 5543 1753 5605 habuctit,

197 5606 702 5677 manifestissime.»
750 5606 917 5677 Paulo
968 5606 1290 5677 post’mss.,
1328 5629 1346 5661 c
1378 5611 1519 5665 sicut
1561 5613 1662 5666 fuit
1706 5621 1760 5667 in

198 5676 380 5743 anima
411 5674 586 5732 Pauli.
613 5696 633 5729 ι
667 5674 1007 5743 Εάἱιὶ,‹εἰειὶι
1040 5679 1206 5734 fuerit
1234 5682 1287 5733 in
1318 5682 1495 5735 anima
1540 5682 1713 5736 Pauli.
1734 5701 1752 5733 ι

198 5741 321 5801 llos
354 5761 527 5816 mss.,
548 5764 568 5799 ι
601 5747 735 5805 illud
764 5741 1102 5805 sentiendum
1140 5762 1240 5807 est.
1278 5769 1298 5802 ι
1339 5745 1497 5819 Editi,
1533 5771 1551 5803 s
1584 5766 1759 5807 scren-

1866 5062 1994 5117 dum
2026 5073 2170 5117 est.)

1936 5131 2053 5203 (52)
2091 5132 2233 5203 Ipso.
2267 5131 2343 5186 Ita
2370 5144 2524 5187 ‘mss.
2569 5134 2708 5188 Editi
2746 5150 2894 5201 vero,
2931 5156 2950 5187 ‹
2980 5136 3217 5193 Christo.
3240 5155 3262 5189 a
3313 5134 3449 5189 Mox

1870 5202 2035 5274 editi,
2088 5218 2109 5252 ε
2134 5202 2258 5274 quis
2304 5202 2448 5255 enim
2488 5204 2625 5258 alios
2655 5204 3030 5274 intelligendus
3075 5217 3158 5262 est
3189 5205 3453 5261 Christus

1865 5273 1955 5337 qui
1993 5270 2043 5323 in
2073 5285 2137 5323 eo
2168 5273 2543 5327 absconditus.
2570 5293 2588 5325 ›
2830 5270 2855 5274 ⁷
3060 5284 3075 5294 ⁵

1934 5338 2047 5408 (55)
2089 5338 2179 5393 Sic
2207 5356 2341 5395 mss.
2369 5342 2532 5404 Editi,
2560 5361 2578 5394 σ
2602 5343 2912 5401 dicuntur.»
2936 5344 3076 5399 Infra
3105 5358 3233 5397 mss.
3260 5341 3448 5406 ηοω(

1868 5425 1887 5457 ι
1916 5410 1981 5482 de
2031 5410 2360 5482 ipsaanima
2413 5414 2614 5467 dictum
2651 5414 2845 5469 videri.
2876 5435 2896 5467 ι
2936 5416 3110 5481 Editi,
3149 5432 3168 5465 ι
3202 5415 3271 5467 de
3315 5413 3434 5482 ipsa

1863 5477 2043 5530 anima
2075 5479 2167 5533 Dei
2210 5480 2401 5536 videri.
2428 5501 2447 5533 ι
2657 5486 2668 5494 ”

1920 5544 2183 5626 .(54}__§ic
2235 5567 2365 5626 mss.
2413 5551 2589 5619 Editi,
2628 5555 3001 5626 ¢_exinanivit.
3024 5552 3219 5626 iulio:
3272 5569 3431 5621 mss.,

1868 5633 1888 5666 σ
1920 5619 1971 5669 in
2017 5619 2212 5676 Filium
2260 5621 2563 5691 adoptatur.
2591 5643 2608 5675 ι
2656 5624 2833 5693 Editi,
2874 5642 2891 5675 σ
2927 5626 2978 5679 in
3024 5621 3160 5679 Filio
3204 5619 3429 5694 adoptaé

1864 5695 2027 5741 tur.)
