4074 6308
682 425 787 482 M

1877 421 2196 480 ORIGENIS
2229 423 2382 474 ΠΕΡΙ
2416 423 2641 475 ΑΡΧΩΝ

3791 419 3904 475 408

677 539 876 605 quippe
907 551 1029 591 cum
1081 554 1184 591 una
1219 547 1272 594 et
1310 540 1622 608 incorporea
1657 547 1848 591 natura
1887 539 1954 589 sit
2007 536 2246 589 Triuifa-
2273 538 2319 594 Α
2349 540 2583 604 genitam
2625 534 2707 586 vel
2769 533 3018 586 inlectam
3070 513 3171 583 diei
3222 530 3500 584 materiam
3535 532 3759 595 debere,
3810 549 3906 589 se-

679 628 763 680 tis.
799 625 993 681 Verum
1035 645 1154 697 quae
1194 614 1257 682 de
1290 629 1708 698 participatione
1751 629 1944 680 anima:
1981 628 2238 686 diximus,

673 721 834 772 simili
871 723 1077 774 ratione
1111 731 1167 773 ut
1197 724 1258 773 de
1290 722 1600 785 animabus,
1630 722 1700 773 ita
1745 729 1800 773 et
1834 722 1900 773 de
1941 721 2144 788 angelis
2189 729 2243 772 ct

670 811 980 865 rmlcstibus
1032 822 1160 863 stmt
1214 813 1557 881 intelligenda
1607 811 1934 874 virtutibus;
1983 811 2262 878 quoniam,

670 903 848 954 HlllltiS
901 904 1236 956 rationabilis
1271 914 1520 957 creatura
1560 904 1843 970 participio
1886 903 2087 970 indiget
2122 903 2241 952 'l‘ri-

670 994 872 1045 uitatis.
914 994 1015 1046 Sed
1041 1007 1093 1047 et
1125 997 1308 1049 mundi
1346 997 1503 1062 hujus
1529 995 1758 1046 visibilis
1793 993 1950 1056 ratio,
1984 993 2238 1060 quoniam

666 1084 752 1136 vel
803 1086 1036 1138 maxima
1088 1088 1249 1138 etiam
1300 1086 1366 1138 dc
1418 1086 1500 1138 his
1544 1084 1732 1136 haberi
1787 1085 2019 1150 quaestio
2062 1083 2237 1146 solet,

665 1176 893 1243 qualiter
921 1193 976 1228 se
1011 1179 1232 1238 haheat,
1274 1187 1432 1243 prout
1467 1178 1744 1241 potuimus
1778 1176 1828 1226 in
1865 1175 2238 1242 superioribus

664 1266 900 1318 diximus
934 1282 1030 1332 pro
1079 1268 1142 1317 iis
1179 1267 1267 1332 qui
1313 1266 1366 1317 in
1406 1265 1508 1317 ﬁde
1542 1275 1721 1318 tmstra
1769 1265 1929 1316 ctiam
1981 1264 2234 1318 credendi

665 1358 930 1408 rationem
976 1359 1292 1423 perquirere
1332 1358 1540 1414 solent.
1589 1366 1644 1409 et
1677 1371 1774 1424 pro
1813 1358 1876 1408 iis
1917 1357 2006 1422 qui
2063 1355 2238 1406 haere-

665 1448 769 1498 tica
809 1452 1091 1498 adversum
1129 1465 1226 1500 nos
1261 1450 1556 1500 certamina
1610 1458 1984 1507 commovent,
2020 1459 2071 1500 et.
2118 1463 2234 1500 ma-

664 1539 814 1589 teria:
862 1553 1052 1590 nomen
1088 1540 1228 1606 quod
1263 1555 1328 1591 ne
1365 1539 1460 1606 ipsi
1496 1541 1714 1607 quidem
1751 1540 1904 1605 quale
1938 1542 2025 1599 sit,
2059 1540 2236 1590 adhuc

661 1627 964 1695 intelligere
1009 1640 1319 1695 potuerunt,
1349 1631 1525 1682 solent
1559 1629 1896 1696 frequentius
1931 1631 2230 1682 ventilare:

659 1717 724 1771 de
750 1734 856 1787 quo
891 1722 1414 1787 necessariumputo
1443 1723 1608 1772 etiam
1646 1735 1787 1771 nunc
1826 1722 2059 1772 breviter
2092 1734 2237 1770 eoin-

659 1823 898 1860 monere.

725 1899 817 1953 53.
861 1901 923 1952 Et
955 1899 1130 1966 primo
1161 1901 1377 1967 quidem
1408 1901 1688 1952 Sriendum
1744 1909 1827 1953 est
1865 1902 2004 1968 quod
2030 1916 2228 1954 nomen

658 1990 834 2057 ipsum
880 1990 1121 2042 materiae
1148 2005 1244 2057 pro
1273 2005 1333 2044 ea
1373 1993 1678 2044 substantia
1711 2007 1830 2059 qua:
1860 1994 2085 2045 subesse
2113 2008 2230 2044 cor-

657 2081 878 2148 poribus
910 2080 1022 2150 (55)
1066 2083 1286 2144 dicitur,
1336 2084 1568 2150 positum
1617 2083 1671 2135 in
1712 2082 2013 2150 Scripturis
2060 2098 2229 2135 cano-

657 2171 793 2224 nicis
825 2187 1090 2239 nusquam
1137 2187 1308 2239 usque
1343 2174 1408 2224 ad
1454 2188 1692 2238 praesens
1739 2174 2063 2226 invenimus;
2099 2173 2230 2226 Illud

653 2262 796 2314 enim
833 2262 972 2329 quod
1011 2262 1142 2315 dicit
1175 2263 1338 2315 Isaias
1369 2281 1382 2315 :
1423 2281 1440 2312 ι
1468 2263 1530 2315 Ει
1560 2265 1812 2315 comedet
1844 2267 1984 2315 sicut
2025 2264 2228 2317 laeuum

654 2348 787 2421 ὓλην
808 2351 877 2415 ⁷⁸,
907 2370 926 2401 ι
962 2353 1015 2405 id
1067 2354 1478 2406 estmatcriam
1525 2354 1758 2406 :dicens
1804 2354 1867 2407 de
1916 2355 1991 2406 eis
2033 2355 2124 2421 qui
2175 2354 2227 2407 in

654 2442 933 2509 suppliciis
961 2445 1240 2497 constituti
1269 2456 1420 2508 sunt,
1447 2448 1735 2500 materiam
1767 2447 1946 2515 posoit
1974 2463 2071 2514 pro
2107 2462 2232 2515 pec-

654 2531 811 2584 catis.
867 2531 973 2585 Sed
1027 2545 1081 2584 et
1129 2535 1298 2586 sicubi
1353 2537 1402 2588 iu
1459 2537 1566 2614 alio
1603 2539 1721 2590 loco
1771 2538 2032 2606 scriptum
2093 2540 2230 2591 forte

654 2623 893 2674 inateriae
925 2637 1117 2675 nomen
1155 2634 1257 2686 est,
1294 2641 1577 2693 nusquam,
1619 2639 1676 2680 ut
1711 2630 1965 2691 arbitror,
2000 2630 2126 2691 hoc,
2162 2630 2226 2681 de

653 2723 761 2780 quo
813 2726 953 2763 nunc
1008 2711 1322 2778 qttwriinus,
1386 2715 1696 2782 significare
1739 2718 2071 2779 invenietur,
2125 2717 2228 2769 nisi

656 2803 1028 2854 tantummodo
1067 2803 1120 2855 in
1154 2803 1434 2870 Sapientia
1485 2818 1607 2871 quae
1659 2805 1860 2857 dicitur
1897 2807 2229 2866 Salomonis,

651 2896 741 2960 qui
795 2897 980 2962 utique
1032 2895 1168 2950 liber
1223 2911 1333 2950 non
1369 2899 1438 2950 ab
1487 2898 1742 2950 omnibus
1792 2899 1845 2949 in
1905 2899 2231 2950 auctoritaue

654 2987 904 3040 habetur.
935 2988 1007 3039 lbi
1044 2998 1220 3040 tamen
1253 2989 1511 3056 scriptum
1555 2989 1864 3040 invenimus
1895 2990 1997 3042 hoc
2030 2989 2226 3040 modo:

664 3097 682 3126 ‹
706 3077 818 3131 Non
847 3078 1015 3140 enim,
1048 3078 1222 3142 inquit
1249 3077 1387 3144 (56),
1426 3079 1616 3130 deerat
1646 3076 2007 3142 omnipotenti
2043 3075 2225 3127 n‘tauui

2343 623 2574 675 cundum
2626 623 2738 675 hare
2780 637 2896 690 qua:
2933 624 2982 673 in
3039 619 3349 688 prioribus,
3397 632 3554 686 prout
3606 626 3905 689 potuimus,

2342 715 2696 775 ostendimus,
2727 729 2845 765 cum
2881 713 3038 765 ctiant
3072 723 3134 764 ex
3170 726 3331 778 aqua,
3357 721 3409 762 et
3445 720 3608 774 terra,
3638 727 3781 773 aere,
3813 711 3904 764 vel

2343 803 2550 866 calore,
2602 820 2694 872 per
2741 805 2951 856 diversa
2993 805 3244 855 arborum
3285 816 3480 868 genera
3528 801 3768 854 diversos
3810 818 3910 853 os-

2345 890 2610 942 tendimus
2644 889 2872 957 proferri
2917 891 3150 953 fructus;
3188 890 3266 943 vel
3307 905 3424 941 cum
3465 891 3662 957 ignem.
3695 905 3906 951 aerem,

2339 999 2554 1049 aquam,
2596 993 2898 1048 terramque
2929 985 3118 1034 mutari
3157 985 3206 1034 in
3239 986 3525 1048 semetipsa
3566 982 3789 1034 invicem
3839 997 3905 1033 ac

2344 1071 2534 1123 resolvi
2579 1071 2720 1122 aliud
2773 1073 2822 1122 in
2865 1071 3008 1123 aliud
3058 1074 3381 1125 elementum
3437 1085 3617 1124 mutua
3667 1073 3904 1140 quadam

2340 1163 2808 1230 COIISHIlBIIitjlﬂle
2838 1165 3143 1226 docuimus;
3179 1166 3270 1217 sed
3299 1177 3350 1216 et
3381 1181 3499 1216 rum
3550 1167 3614 1217 de
3643 1165 3783 1217 escis
3816 1163 3904 1216 vel

2342 1255 2616 1306 hominum
2664 1255 2742 1305 vel
2791 1255 3100 1305 animalium
3154 1255 3497 1321 probavimus
3542 1253 3903 1306 substantiam

2339 1348 2518 1399 crit-nis
2571 1347 2863 1406 exsistere,
2913 1346 2994 1395 vel
3042 1345 3318 1396 humorem
3367 1345 3599 1397 seniiuis-
3639 1344 3907 1396 naturalis

2341 1437 2391 1488 iu
2440 1452 2656 1488 carnem
2691 1437 2912 1488 solidam
2955 1449 3182 1500 ossaque
3214 1436 3483 1488 converti.
3532 1435 3660 1499 Quae
3712 1434 3901 1486 omnia

2339 1531 2656 1581 documento
2710 1539 2832 1580 sunt
2873 1529 3012 1593 quod
3062 1527 3360 1580 substantia
3427 1525 3721 1592 corporalis
3769 1539 3906 1591 per-

2339 1618 2614 1672 mutabilis
2646 1622 2735 1681 sit,
2766 1628 2820 1672 et
2849 1636 2911 1671 ex
2946 1619 3090 1670 omni
3130 1619 3179 1670 in
3217 1632 3428 1670 onmem
3477 1616 3726 1669 deveniat
3763 1601 3906 1682 qua-

2340 1709 2568 1762 litatcm.

2408 1799 2498 1851 3-4.
2540 1799 2914 1849 Verumtamen
2962 1798 3084 1848 illud
3119 1798 3258 1847 seire.
3301 1805 3537 1862 oportet,
3570 1796 3710 1864 quod
3754 1812 3903 1848 nun-

2334 1904 2496 1956 quam
2527 1890 2822 1941 substantia
2861 1889 2976 1940 sine
3017 1887 3274 1953 qualitate
3307 1889 3573 1949 snbsistit,
3607 1889 3699 1941 sed
3733 1889 3908 1941 intelo

2333 1977 2471 2030 lectu
2497 1978 2608 2030 solo
2641 1978 2962 2029 discernitur
2995 1977 3094 2028 hoc
3124 1978 3264 2044 quod
3297 1979 3540 2045 subjacet
3574 1979 3908 2046 corporibus

2332 2078 2386 2121 ct
2417 2070 2555 2136 quod
2608 2084 2780 2134 caan
2831 2076 2911 2120 est
2963 2069 3262 2135 qualitatis,
3291 2085 3425 2122 esse
3473 2070 3586 2139 (58)
3643 2071 3904 2122 materia.

2332 2159 2561 2224 Quidam
2607 2161 2766 2212 altius
2795 2176 2922 2227 ergo
2953 2161 3016 2212 de.
3055 2161 3138 2212 his
3171 2163 3409 2215 volentes
3448 2163 3742 2229 inquirere,
3777 2156 3904 2213 ausi

2333 2262 2459 2304 sunt
2501 2253 2681 2304 dicere
2729 2252 2856 2303 nihil
2911 2251 3050 2304 aliud
3097 2268 3214 2305 esse
3273 2264 3516 2304 naturam
3575 2264 3904 2319 corpoream

2331 2360 2490 2410 quam
2536 2344 2846 2410 qualitates.
2883 2343 2938 2395 Si
2969 2344 3112 2395 enim
3151 2345 3345 2397 duritia
3380 2355 3434 2397 et
3481 2343 3758 2405 mollities,
3808 2358 3906 2394 ca—

2333 2436 2496 2486 lidum
2542 2445 2593 2487 et
2646 2435 2929 2501 frigidum,
2981 2435 3259 2487 humidum
3295 2445 3347 2486 et
3401 2435 3608 2484 aridum
3659 2434 3908 2500 qualitas

2333 2536 2443 2589 est,
2503 2527 2585 2579 his
2627 2537 2800 2578 autem
2842 2525 2921 2578 vel
2971 2526 3183 2577 (inieris
3242 2525 3544 2591 lmjusmodi
3605 2528 3908 2591 amputatis

2335 2617 2464 2670 nihil
2509 2617 2653 2668 aliud
2703 2615 3020 2682 intelligitur
3050 2615 3358 2681 subiacere,
3405 2616 3730 2669 videbuntur
3761 2633 3902 2684 qua-

2336 2709 2514 2759 litates
2546 2722 2661 2758 esse
2710 2707 2912 2759 omnia.
2967 2706 3118 2759 Unde
3147 2716 3200 2758 et
3241 2709 3289 2758 hi
3329 2707 3417 2772 qui
3462 2707 3574 2759 haec
3618 2720 3902 2773 as:'.crnnt,

2334 2813 2648 2850 asseverare
2677 2799 2854 2849 conati
2886 2808 3034 2859 sum,
3071 2808 3122 2848 ut
3150 2799 3404 2866 quoniam
3436 2814 3624 2850 omnes
3651 2799 3744 2865 qui
3783 2816 3904 2848 tua-

2335 2888 2525 2938 tet'iam
2579 2887 2831 2939 infectam
2883 2889 3102 2949 dicunt,
3161 2888 3447 2953 qualitates
3480 2902 3507 2938 a
3565 2888 3672 2938 lleo
3723 2886 3906 2953 [actas

2331 2988 2449 3025 esse
2488 2979 2836 3035 coulitcntur,
2885 2976 3186 3026 inveniatur
3220 2991 3314 3042 per
3357 2977 3457 3025 hoc
3488 2975 3650 3025 etiam
3691 2989 3903 3025 secun-

2334 3065 2458 3118 dum
2515 3067 2658 3132 ipsos
2711 3081 2809 3116 nec
2871 3066 3096 3115 materia
3156 3080 3274 3116 esse
3330 3063 3577 3117 infecta:
3626 3066 3903 3130 siquidem

654 3182 757 3222 tuze
799 3184 916 3236 qua:
960 3178 1242 3221 creaverat
1281 3171 1538 3220 nmmlmn
1573 3183 1642 3221 ex
1695 3168 1911 3219 informi
1966 3170 2223 3232 materia,

2333 3156 2619 3224 qualitates
2664 3157 2772 3207 sint
2807 3154 3020 3216 omnia,
3073 3169 3190 3216 qme
3239 3156 3424 3220 utique
3457 3154 3570 3206 sine
3621 3157 3904 3206 contradi-

652 3257 942 3309 immittere
972 3257 1051 3307 eis
1101 3255 1500 3307 multitudinem
1547 3271 1823 3316 ursorum,
1859 3258 1957 3308 'vel
2015 3257 2226 3308 feroces

653 3329 918 3395 ligones".
952 3362 972 3393 ι
1007 3342 1398 3410 Quamplurimi
1449 3357 1579 3394 sane
1607 3354 1800 3409 putant
1841 3358 2019 3396 rerum
2055 3345 2224 3410 ipsam

616 3427 629 3436 “
655 3433 934 3484 materiam
972 3433 1267 3499 signiﬁcari
1300 3431 1352 3484 in
1407 3446 1472 3484 eo
1513 3430 1657 3498 quod
1709 3432 1760 3483 in
1815 3432 2084 3501 principio
2119 3433 2226 3485 Ge-

654 3524 797 3576 nesis
843 3526 1103 3592 scriptum
1147 3534 1228 3577 est
1267 3541 1295 3577 a
1345 3525 1528 3595 Moyse
1570 3543 1584 3576 :
1628 3544 1644 3573 ‹
1679 3523 1732 3575 ln
1785 3525 2052 3592 principio
2092 3525 2221 3578 fecit

652 3614 796 3668 Deus
824 3616 1018 3668 coalqu
1055 3627 1107 3668 et
1141 3627 1366 3679 terram,
1398 3627 1537 3670 terra
1573 3625 1751 3668 autem
1776 3626 1897 3668 erat
1934 3616 2223 3669 invisibilis

653 3715 707 3758 et
739 3705 1090 3772 incomposita
1119 3709 1185 3758 τε.
1216 3727 1233 3757 ι
1275 3707 1604 3760 Invisibiletn
1643 3720 1876 3772 namque
1913 3715 1967 3758 et
2015 3707 2223 3760 incom-

651 3797 879 3864 positam
929 3804 1131 3848 terram
1173 3814 1276 3849 non
1324 3798 1471 3851 aliud
1519 3799 1602 3852 eis
1645 3798 1757 3866 (57)
1805 3795 2015 3864 Moyses
2062 3812 2219 3863 quam

650 3886 940 3939 informem
994 3890 1274 3939 tnateriam
1332 3892 1480 3941 visus
1533 3898 1616 3942 est
1666 3888 1930 3940 indicare.
1971 3885 2122 3950 Quod
2175 3887 2219 3939 si

651 3992 780 4030 vere
812 3977 926 4030 haec
969 3986 1053 4029 est
1100 3981 1344 4043 materia,
1377 3990 1591 4033 constat
1646 3980 1842 4032 exinde
1888 3978 2221 4030 inconverti-

651 4066 780 4119 bilia
815 4081 920 4118 non
970 4081 1091 4118 esse
1129 4067 1275 4118 initia
1321 4084 1628 4135 corporum.
1679 4069 1811 4120 Nam
1855 4068 1906 4120 hi
1957 4067 2046 4133 qui
2102 4076 2221 4118 ato.

649 4175 789 4223 mos,
832 4158 913 4212 vel
947 4174 1009 4210 ea
1041 4175 1157 4225 qua:
1189 4161 1238 4210 in
1275 4171 1453 4224 partes
1485 4163 1669 4214 venire
1704 4178 1808 4215 non
1857 4169 2107 4229 possunt,
2139 4158 2218 4211 vel

649 4267 710 4301 ea
754 4265 876 4319 qua
907 4252 957 4302 in
1004 4250 1236 4318 teqttalcs
1269 4261 1450 4316 partes
1500 4255 1747 4318 veniunt,
1793 4254 1878 4305 vel
1921 4269 2083 4306 utinm
2117 4253 2206 4302 ali-

649 4341 791 4405 quod
824 4339 1148 4392 elementum
1188 4353 1370 4390 rerum
1407 4342 1770 4409 corporalium
1825 4341 2089 4408 principia
2128 4357 2220 4408 po-

650 4437 896 4490 suerunt,
933 4443 1128 4480 nomen
1168 4428 1430 4486 ntaterize,
1469 4427 1522 4479 id
1551 4437 1631 4479 cst
1665 4431 1806 4496 quod
1843 4431 2217 4498 principaliter

2334 3249 2510 3301 ctione
2561 3248 2626 3298 ab
2665 3245 2912 3297 erunibus
2957 3260 2983 3296 a
3025 3246 3129 3297 Deo
3169 3245 3324 3297 facta:
3369 3261 3487 3298 esse
3540 3249 3904 3313 pronuntiau-

2331 3347 2436 3392 tur.
2471 3336 2532 3387 lli
2581 3351 2708 3389 vero
2746 3337 2833 3403 qni
2868 3337 3164 3404 subjacenti
3213 3337 3421 3389 cuidam
3466 3342 3703 3392 materia:
3739 3338 3904 3407 193

2331 3427 2542 3480 additas
2594 3429 2933 3479 extrinsecus
2979 3428 3268 3494 qualitates
3337 3429 3523 3480 volunt
3565 3433 3899 3493 ostendere,

2329 3505 2705 3582 hujuscemodi
2728 3527 2949 3570 utuntur
2976 3519 3431 3586 exemplis,.verbi
3459 3521 3663 3588 gratia:
3693 3519 3924 3573 Paulus'

2326 3612 2441 3664 sine
2475 3610 2637 3663 dubio
2683 3623 2776 3664 ant
2816 3620 2979 3673 tacet,
3015 3621 3106 3663 aut
3150 3613 3406 3679 loquitur,
3435 3623 3532 3664 aut
3565 3613 3772 3680 vigilat,
3806 3627 3904 3666 aut

2327 3702 2561 3766 dormit,
2607 3702 2689 3754 vel
2725 3714 2874 3755 certo
2917 3701 3148 3769 quodam
3203 3707 3446 3769 corporis
3483 3703 3667 3754 habitu
3717 3706 3904 3758 consi-

2325 3794 2451 3857 stit;
2489 3803 2581 3846 aut
2613 3794 2754 3847 enim
2785 3795 2958 3858 sedet,
2991 3804 3085 3844 aut
3119 3801 3244 3856 stat,
3276 3793 3556 3857 autjacet.
3589 3793 3713 3848 lianc
3751 3799 3900 3849 enim

2327 3894 2449 3935 sunt
2497 3885 2806 3936 hominibus
2839 3883 3169 3946 accidentia,
3223 3883 3341 3936 sine
3381 3883 3578 3950 quibus
3613 3899 3896 3952 nunquam

2324 3973 2439 4026 fere
2480 3975 2847 4026 inveniuntur.
2892 3974 2998 4027 Nec
3039 3984 3220 4028 tamen
3261 3987 3452 4029 senSus
3481 3986 3668 4028 noster
3713 3979 3899 4029 mani—

2326 4064 2461 4117 feste
2494 4067 2558 4117 de
2589 4080 2652 4116 eo
2683 4067 2880 4132 aliquid
2915 4068 3100 4119 hormn
3133 4067 3357 4128 definit,
3402 4070 3492 4120 sed
3533 4067 3602 4119 ita
3636 4084 3758 4121 eum
3802 4085 3900 4135 per

2325 4155 2436 4207 haec
2471 4154 2816 4221 intelligimus
2847 4157 2920 4208 vel
2969 4157 3396 4217 consideramus,
3435 4167 3626 4210 utnon
3667 4159 3900 4212 omnino

2326 4245 2584 4296 rationem
2634 4253 2804 4295 status
2859 4246 2974 4310 ejus
3019 4247 3564 4315 comprehendamus,
3601 4248 3684 4301 vel
3731 4249 3784 4301 in
3832 4265 3900 4303 eo

2324 4336 2464 4403 quod
2510 4335 2693 4402 vigilat
2733 4335 2863 4403 (59),
2909 4336 2990 4387 vel
3037 4336 3089 4387 in
3117 4353 3181 4388 eo
3225 4339 3365 4404 quod
3413 4338 3646 4402 dormit,
3695 4349 3792 4393 aut
3839 4340 3894 4393 in

2325 4440 2431 4492 quo
2482 4423 2742 4490 loquitur,
2786 4424 2868 4475 vel
2915 4432 3088 4487 tacet,
3134 4436 3187 4477 et
3227 4428 3269 4478 si
3315 4443 3421 4495 qua
3463 4429 3588 4488 alia,
3609 4440 3737 4483 sunt
3771 4445 3901 4500 qua:

651 4517 929 4568 materiam
975 4517 1275 4584 signiﬁcat,
1327 4517 1471 4568 inter
1506 4514 1766 4582 principia
1821 4528 2060 4572 statuere
2115 4535 2218 4573 non
2257 4526 2296 4577 D
2328 4515 2576 4568 accidere
2615 4527 2835 4566 necesse
2864 4523 2946 4565 est
2976 4514 3302 4568 hominibus.
3334 4518 3388 4568 Si
3430 4533 3560 4585 ergo
3592 4521 3715 4586 quis
3753 4519 3901 4575 Pau-

650 4615 958 4670 potuerunt.
1007 4610 1190 4675 Neque
1225 4609 1366 4660 enim
1415 4622 1541 4675 cum
1589 4607 1876 4660 materiam
1927 4610 2224 4675 subjiciunt

650 4697 1040 4765 omni’corpori
1079 4715 1171 4766 per
1195 4702 1376 4753 omnia
1406 4698 1819 4752 convertibilem
1861 4701 2218 4754 substantiam

653 4785 736 4835 vel
768 4789 1076 4842 mutabilem
1106 4790 1186 4841 vel
1219 4790 1570 4851 divisibilem.
1596 4798 1752 4842 extra
1781 4789 2068 4855 qualitates
2098 4806 2218 4842 eam

651 4877 944 4929 secundum
1004 4881 1388 4947 proprietatem
1432 4883 1749 4951 su‘bjicieut.
1793 4879 1998 4944 Quibus
2057 4882 2217 4933 etiam

653 4980 748 5018 nos
783 4971 1194 5034 acquiescimus,
1229 4973 1322 5038 qui
1367 4975 1513 5026 onmi
1568 4987 1766 5040 genere
1801 4971 2087 5023 abnuimus
2133 4971 2214 5022 in-

723 5123 896 5175 1"lsa.
924 5143 980 5188 at,
1017 5127 1101 5177 Π.
1143 5190 1159 5199 ἢ
1193 5129 1238 5157 ⁷⁸
1262 5131 1388 5197 Sap.
1419 5145 1492 5190 xl,
1523 5131 1607 5183 18.
1686 5131 1729 5160 ⁷⁸
1763 5130 1901 5183 Gen.
1932 5146 1970 5192 ι,
2004 5131 2056 5198 1.

721 5259 833 5330 (55)
876 5262 966 5315 Sic
1001 5277 1129 5316 mss.
1164 5265 1324 5328 Editi,
1357 5285 1375 5316 ς
1408 5269 1802 5330 corporalibus.
1829 5289 1846 5320 ι
1877 5267 2026 5324 inti-dt
2059 5284 2210 5328 mss.,

656 5331 1008 5413 «signiﬁcare
1072 5335 1394 5388 invenietur.
1432 5358 1449 5388 ι
1488 5331 1664 5400 Editi,
1739 5360 1760 5390 ι
1790 5341 2004 5410 signare
2068 5341 2215 5392 inve-

651 5412 880 5456 metunt

713 5472 833 5541 ,(56)
872 5469 1068 5523 Inuuit.
1106 5472 1261 5523 Deest
1291 5474 1342 5524 in
1369 5487 1521 5529 antea
1547 5479 1730 5530 editis.
1761 5479 1877 5532 Mox
1905 5497 2032 5533 mss.
2056 5489 2219 5539 recte.

641 5547 673 5590 ἰ
705 5545 1104 5594 multitauinem
1165 5559 1432 5595 urso-tun.
1465 5566 1482 5595 ι
1536 5549 1713 5614 Editi,
1768 5550 2218 5603 «similitudinem

655 5628 927 5664 Ill’Sni'iHl'.
961 5632 978 5664 1
1222 5646 1229 5652 ’

720 5683 831 5750 (Si?)
874 5685 962 5755 sic
1000 5698 1127 5735 mss.
1180 5683 1348 5755 Editi,
1386 5701 1403 5730 ί
1434 5700 1575 5738 esse.
1606 5707 1622 5735 ι
1666 5685 1830 5741 Paulo
1879 5697 2002 5755 post
2051 5705 2213 5754 mss.,

651 5767 677 5803 ι
703 5768 864 5804 unum
899 5753 1110 5820 aliquod
1148 5754 1528 5808 elementum.»
1572 5757 1734 5822 liditi,
1765 5776 1784 5808 ι
1815 5753 1978 5810 υιίτωι
2011 5763 2072 5809 μ’
2108 5761 2216 5812 ele-

654 5830 911 5876 mentum.
941 5843 979 5880 ι
1013 5822 1178 5879 Paule
1230 5835 1348 5893 post
1399 5839 1552 5889 mss.,
1597 5845 1613 5876 ‹
1643 5829 2051 5882 convertibilem
2091 5831 2214 5884 sub-

2329 4610 2435 4661 lum
2466 4609 2584 4661 sine
2620 4608 2706 4660 his
2749 4605 3000 4658 omnibus
3027 4620 3149 4659 esse
3178 4610 3482 4662 consideret
3514 4627 3633 4678 qua!
3667 4620 3901 4679 possunt

2326 4699 2606 4760 accidere,
2653 4698 2722 4748 ita
2757 4707 2814 4749 et
2848 4696 2898 4748 id
2949 4695 3090 4764 quod
3136 4695 3378 4762 subiacet
3419 4701 3538 4764 quis
3585 4703 3899 4771 intelligere

2325 4791 2442 4842 sine
2481 4788 2834 4855 qualitatibus
2867 4787 3081 4855 poterit.
3129 4785 3259 4838 Cum
3301 4800 3428 4855 ergo
3465 4804 3661 4844 sensus
3697 4802 3888 4845 noster

2327 4881 2472 4933 onmi
2522 4881 2780 4950 qualitate
2837 4881 2902 4932 ab
2955 4879 3226 4932 intellectu
3279 4894 3373 4930 suo
3440 4890 3642 4931 remota
3715 4883 3896 4950 ipsum

2327 4973 2670 5039 subjaceutia:
2719 4976 2908 5037 solius,
2938 4984 2994 5028 ut
3038 4977 3111 5027 ita
3143 4975 3402 5034 dixerim,
3448 4984 3705 5040 punctmn
3753 4992 3892 5031 con-

2326 5268 2581 5319 stantiam
2623 5261 2702 5320 vel
2737 5267 3044 5321 mutabilem
3075 5266 3156 5319 vel
3202 5265 3540 5320 divisibilem.
3570 5287 3587 5318 i
3627 5266 3682 5319 In
3731 5267 3896 5320 editis

2326 5341 2508 5396 deest,
2548 5355 2564 5384 ι
2600 5338 2990 5401 substantiam,
3013 5357 3031 5388 ι
3073 5347 3127 5390 et
3171 5359 3187 5386 ι
3224 5337 3304 5389 vel
3337 5337 3685 5390 divisibilem.
3712 5356 3730 5386 ι
3767 5337 3897 5392 Post

2326 5407 2598 5473 paululum
2631 5421 2782 5467 mss.,
2815 5424 2831 5454 ι
2859 5409 3150 5468 secundum
3184 5407 3295 5459 b:ec
3325 5422 3442 5474 qua:
3477 5407 3527 5458 in
3558 5408 3889 5476 prioribus.)

2335 5477 2468 5528 liditi
2492 5516 2507 5537 ,
2547 5493 2572 5544 li
2598 5476 2893 5527 secundum
2927 5477 3037 5529 huic
3067 5478 3208 5530 enim
3237 5479 3286 5528 in
3315 5476 3606 5544 prioribus.
3633 5497 3654 5528 ι

2400 5547 2513 5615 (δε)
2555 5543 2717 5597 Recte
2756 5560 2906 5615 mss.,
2945 5565 2959 5615 ς
2985 5561 3122 5598 esse.
3151 5567 3168 5597 ι
3196 5543 3330 5600 Male
3362 5561 3486 5600 vero
3515 5549 3670 5612 editi,
3707 5565 3727 5596 ι
3749 5559 3888 5602 εει.»

2332 5613 2454 5670 Mox
2492 5632 2643 5676 mss.,
2679 5633 2695 5662 ι
2728 5613 2858 5685 nihil
2892 5613 3031 5665 aliud
3062 5631 3181 5670 esse
3206 5629 3453 5684 naturam
3489 5631 3835 5685 corpoream.
3867 5639 3884 5670 ι

2324 5686 2488 5748 Editi,
2523 5703 2541 5734 ι
2573 5685 2703 5736 nihil
2734 5683 2876 5743 aliud
2909 5698 3029 5735 esse
3059 5683 3336 5738 materiam
3366 5683 3702 5753 corpoream.
3727 5706 3744 5738 ι

2396 5755 2507 5826 (59)
2549 5756 2639 5808 Sic
2667 5768 2854 5826 omnes
2879 5753 3202 5826 mss.7Editi,
3235 5773 3252 5804 ε
3283 5757 3424 5826 ineo
3453 5758 3544 5822 qui
3582 5757 3778 5824 vigilat
3810 5759 3890 5812 vel

2323 5829 2374 5881 in
2407 5824 2466 5881 eo
2500 5827 2591 5896 qui
2631 5824 2863 5889 dormit,
2899 5833 2990 5876 aut
3023 5825 3074 5877 in
3108 5838 3171 5877 eo
3195 5826 3287 5892 qui
3318 5825 3574 5892 loquitur.
3602 5844 3619 5874 ι
