4116 6312
233 447 338 506 ‘99

1495 457 1693 512 LIBER
1727 459 2071 526 QUARTUS.

3348 487 3449 545 410

236 567 443 621 tuetur,
489 566 544 613 et
589 559 689 629 ipsi
729 563 971 629 inhmret,
1007 581 1342 635 nequaquam
1395 575 1693 639 respiciens
1723 579 1789 630 ad
1819 582 1865 637 Α
1895 585 1995 629 tem
2065 583 2565 646 comprehensionem
2599 604 2707 640 eam
2759 591 2981 645 dicimus
3004 638 3018 661 ,
3062 606 3113 650 ut
3148 615 3250 654 non
3277 599 3446 658 solum

1903 685 2054 721 sensu
2083 672 2196 738 quis
2220 684 2264 722 ct
2293 673 2546 739 sapientia
2587 683 3013 748 comprehendat,
3051 689 3139 739 sed
3178 701 3224 742 et
3264 695 3450 750 uirtute

1896 769 1941 809 et
1969 762 2197 824 potentia
2229 774 2416 815 cuncta
2447 773 2616 819 teneat
2643 771 2732 836 qui
2759 774 3016 839 cognouit,
3047 793 3149 831 non
3170 795 3446 848 possumus

1894 851 2086 915 dicere,
2111 852 2246 915 quod
2273 856 2667 916 comprehendat
2692 859 2865 916 Filius
2896 865 3129 923 Patrem.

234 649 552 714 mollitiem,
598 653 681 705 vel
715 653 1000 718 duritiem,
1049 657 1130 710 vel
1188 659 1455 726 calidum,
1499 665 1582 717 vel
1637 665 1790 734 frigi-

230 735 396 798 dum,
432 738 514 793 vel
557 740 832 796 humidum
858 782 873 808 ,
908 746 990 798 vel
1032 747 1241 800 aridum
1275 751 1611 815 substantiae.
1663 765 1792 808 tunc

230 817 486 881 siumlata
535 828 932 898 quodammodo
971 836 1332 904 cogitatione,
1392 841 1475 895 his
1542 847 1791 898 omnibus

227 918 579 982 qualitatibus
649 921 844 974 nudam
897 924 1169 978 videbitur
1223 928 1412 984 intum‘i
1489 935 1786 990 materiam.

300 1009 394 1060 55.
455 1011 559 1062 Sed
604 1010 831 1066 fortasse
859 1015 1101 1083 requiret
1135 1017 1369 1085 aliquis,
1420 1022 1461 1075 si
1508 1040 1790 1090 possumus

223 1098 394 1149 etiam
427 1101 492 1152 de
522 1101 816 1169 Scripturis
839 1106 1179 1160 occasionem
1227 1109 1456 1178 aliquam
1490 1115 1789 1185 intelligen-

230 1185 322 1238 tia:
356 1187 513 1255 hujus
549 1190 813 1258 accipere.
850 1190 1074 1245 Videtur
1101 1193 1229 1247 mihi
1264 1198 1368 1252 tale
1391 1199 1591 1268 aliquid
1620 1203 1787 1271 signi-

228 1275 383 1332 ﬁcari
411 1280 464 1332 in
492 1278 733 1343 Psalmis,
767 1298 885 1336 cum
915 1286 1112 1339 dicitur
1138 1304 1165 1340 a
1193 1287 1458 1356 Propheta
1486 1311 1498 1345 :
1531 1313 1549 1344 ι
1577 1295 1780 1362 Imper-

227 1371 551 1442 fectum(60)
575 1385 718 1428 tuum
738 1378 979 1431 viderunt
996 1380 1134 1432 oculi
1157 1384 1259 1435 mei
1275 1385 1372 1437 ⁷⁷.»
1395 1385 1447 1437 In
1463 1402 1566 1452 quo
1580 1387 1788 1441 videtur

227 1474 389 1515 mens
422 1462 709 1531 Propheta:
740 1483 918 1523 rerum
954 1467 1103 1526 initia
1157 1476 1348 1531 intuitu
1391 1479 1784 1546 pcrspicnciore

226 1549 530 1620 discutiens
556 1595 570 1618 ,
629 1565 683 1609 et
734 1563 1017 1616 materiam
1053 1580 1211 1619 sensu
1249 1567 1363 1620 solo
1408 1583 1470 1620 ac
1517 1570 1724 1623 ratione
1757 1586 1784 1622 a

223 1641 587 1706 qualitatibus
641 1649 921 1714 dividens.
961 1655 1333 1724 imperfectum
1373 1658 1464 1710 Dei
1524 1662 1782 1726 sensisSe,

223 1735 370 1801 quod
401 1738 590 1805 utique
625 1741 851 1809 adjectis
889 1746 1236 1812 qualitati-bus
1286 1750 1604 1819 intelligitur
1649 1768 1782 1806 con-

221 1837 577 1881 summatum.
630 1830 732 1886 Sed
787 1845 840 1887 et
894 1837 945 1890 in
982 1837 1120 1890 libro
1176 1854 1275 1892 suo
1321 1841 1501 1894 Enoch
1539 1843 1609 1895 ita
1651 1846 1726 1896 ait
1766 1864 1779 1899 :

1954 939 2078 990 Εἰδὲ
2095 942 2120 990 ό
2134 941 2313 1010 Πατὴρ
2327 945 2638 1017 ἐμπεριέχει

1891 1030 1954 1082 τὰ
1994 1032 2185 1096 πάντα,
2210 1035 2315 1086 τῶν
2348 1038 2399 1090 δὲ
2427 1041 2637 1095 πάντων

1890 1122 1950 1172 τέ
2010 1123 2155 1174 ἐστιν
2198 1127 2225 1176 ὁ
2265 1127 2426 1189 Υἱὸς,
2481 1117 2636 1198 δῆλον

1890 1210 1970 1262 ὅτι
2007 1212 2098 1264 καὶ
2129 1214 2217 1265 τὸν
2255 1216 2402 1268 Υἱόν.
2451 1218 2636 1281 Ἄλλος

1888 1301 1942 1353 δέ
1982 1321 2060 1365 τις
2101 1305 2318 1375 ζητήσει
2357 1310 2403 1358 εἰ
2443 1309 2636 1379 ἀληθὲς

1887 1394 1945 1444 τὸ
2000 1396 2197 1465 ὁμοίως
2241 1399 2330 1450 τὸν
2370 1399 2500 1452 Θεὸν
2545 1396 2672 1471 de)"

1888 1490 2080 1543 ἑαυτοῦ
2116 1493 2510 1561 γινώσκεσθαι,
2557 1500 2634 1568 τῷ

1887 1584 2245 1649 γινώσκεσθαι
2312 1589 2473 1641 αὑτὸν
2532 1593 2636 1645 ὑπὸ

1885 1678 1976 1730 τοῦ
2001 1681 2355 1749 Μονογενοῦς·
2393 1686 2485 1736 καὶ
2510 1686 2635 1738 ἀπο-

1888 1771 2131 1833 φανεῖται
2178 1770 2256 1822 ὅτι
2305 1772 2362 1823 τὸ
2408 1775 2631 1845 εἰρημέ-

1885 1873 1971 1907 νον
1991 1874 2002 1886 ”
2039 1857 2090 1908 Ὀ
2112 1859 2307 1926 Πατὴρ
2336 1864 2368 1912 ὀ
2395 1863 2633 1931 πέμψας

225 1931 244 1962 ς
261 1913 540 1969 Ambulavi
564 1934 731 1988 usque
751 1923 816 1976 ad
845 1924 1269 1993 imperfectum,»
1293 1931 1431 1998 quod
1457 1932 1628 2000 ipsam
1651 1945 1771 2000 puto

2257 1913 2284 1926 ..
2465 1913 2486 1930 ε
2518 1913 2543 1930 .r
2565 1913 2623 1931 "‘a

1872 1949 1948 2017 μὲ
1973 1950 2181 2018 μείζων
2209 1972 2322 2021 μου
2351 1955 2538 2017 ἐστὶν.
2575 1962 2630 2012 ἐν

219 2014 382 2066 posse
424 2007 681 2062 similiter
718 2013 977 2083 intelligi,
1015 2019 1151 2083 quod
1185 2020 1390 2075 scilicet
1426 2023 1781 2079 ambulaverit

221 2108 374 2148 mens
397 2100 672 2166 prophetat
697 2117 1041 2179 perscrutans
1060 2118 1110 2160 et
1131 2109 1399 2166 disserens
1418 2115 1623 2183 singula
1643 2133 1780 2184 (μιξε-

219 2199 326 2249 que
355 2199 538 2239 rerum
585 2191 873 2246 visibilium
911 2194 1018 2267 (61)
1053 2212 1330 2266 usquequo
1359 2202 1423 2252 ad
1459 2206 1777 2272 principium

220 2276 435 2329 venerit
463 2277 591 2333 illud
624 2281 676 2334 in
708 2299 816 2352 quo
849 2286 1214 2355 imperfectam
1257 2293 1536 2345 materiam
1577 2295 1779 2364 absque

217 2368 578 2433 qualitatibus
611 2376 911 2441 perviderit
960 2394 974 2432 :
1027 2383 1286 2451 scriptum
1322 2403 1552 2456 namque
1587 2400 1671 2443 eet
1723 2391 1776 2443 in

216 2458 410 2510 eodem
454 2458 670 2527 libello,
706 2465 918 2523 dicente
959 2469 1139 2526 Enoch
1177 2492 1190 2527 :
1233 2494 1252 2526 ι
1281 2476 1564 2533 Universas
1613 2490 1778 2534 mate-

216 2549 329 2600 rias
364 2554 688 2620 perspexi.»
738 2557 890 2623 Quod
948 2564 1133 2634 utique
1190 2569 1258 2621 ita
1315 2574 1563 2637 sentitur,
1600 2577 1775 2642 quasi,

213 2636 421 2695 Omnes
450 2647 692 2701 materiae
726 2650 1013 2712 divisiones
1044 2659 1246 2725 pervidi
1273 2703 1286 2726 ,
1321 2677 1436 2731 qua:
1472 2666 1539 2718 ab
1573 2682 1675 2720 una
1724 2670 1776 2721 in

211 2731 462 2798 singulas
495 2750 736 2806 quasque
782 2741 1007 2810 dirupta:
1044 2758 1164 2802 sunt
1211 2754 1440 2820 species,
1475 2756 1525 2808 id
1558 2768 1642 2811 est
1674 2762 1776 2812 ho-

207 2821 458 2886 minum,
511 2828 592 2880 vel
627 2832 969 2901 animalium,
1015 2840 1096 2893 vel
1144 2842 1301 2908 cmli,
1355 2846 1438 2898 vel
1487 2848 1650 2913 solis,
1695 2852 1774 2903 vel

207 2914 604 2984 omniumque
656 2921 708 2974 in
742 2924 843 2979 hoc
895 2935 1093 2984 mundo
1124 2942 1268 2987 sunt.
1331 2934 1455 2989 Post
1502 2939 1617 2994 haec
1661 2939 1772 3008 jam

206 3004 398 3056 omnia
417 3019 539 3073 quae
560 3019 688 3061 sunt
712 3026 739 3061 a
772 3013 879 3066 Deo
911 3015 1050 3069 faeta
1082 3034 1222 3083 esse,
1249 3031 1304 3073 et
1332 3025 1461 3075 nihil
1489 3041 1605 3078 esse
1633 3032 1772 3094 quod
1823 3075 1828 3078 .

206 3092 416 3148 factum
467 3114 571 3152 non
624 3102 693 3154 sit
741 3113 935 3178 prteter
983 3117 1227 3164 naturam
1261 3111 1443 3168 Patris
1487 3118 1540 3170 e't
1569 3118 1691 3170 Filii
1719 3130 1773 3172 et

208 3182 452 3254 Spiritus
503 3192 711 3258 sancti,
763 3203 921 3261 prout
976 3201 1248 3267 potuimus
1299 3205 1350 3257 in
1405 3209 1772 3275 superioribus

207 3274 715 3339 demonstravimus
744 3304 758 3339 :
801 3296 854 3339 et
882 3291 1023 3358 quod
1056 3292 1237 3347 volens
1284 3296 1419 3351 Deus
1447 3301 1537 3367 qui
1586 3310 1772 3355 natura

207 3365 386 3422 bonus
419 3369 529 3441 (62)
557 3383 638 3426 est
659 3415 673 3437 ,
707 3377 906 3432 habere
931 3383 1126 3449 quibus
1159 3385 1293 3439 bene
1324 3365 1561 3449 faceret,
1600 3401 1652 3444 ct
1682 3394 1770 3459 qui

207 3459 427 3528 adeptis
455 3463 730 3520 beneficiis
780 3471 894 3523 suis
943 3473 1291 3538 lattarentur,
1338 3477 1553 3532 fecisset
1586 3483 1773 3549 dignas

205 3560 526 3619 creaturas,
569 3556 620 3608 id
669 3567 750 3610 est
781 3573 898 3626 qna:
942 3577 1063 3615 eum
1112 3565 1273 3633 digne
1305 3584 1502 3636 capere
1530 3585 1769 3639 possent,

205 3656 344 3709 quos
378 3653 433 3695 et
459 3645 710 3712 genuisse
747 3663 806 3703 se
845 3651 981 3705 ﬁlios
1010 3655 1157 3707 dicit.
1201 3657 1351 3710 Fecit
1389 3673 1562 3715 autem
1589 3669 1770 3720 omnia

207 3733 260 3784 in
314 3748 551 3788 numero
603 3746 655 3789 et
703 3755 976 3796 mensura.
1018 3744 1159 3800 Nihil
1212 3751 1354 3804 enim
1392 3755 1498 3808 Deo
1535 3757 1615 3809 vel
1655 3762 1771 3813 sine

205 3821 334 3888 fine,
373 3825 457 3878 vel
493 3827 614 3882 sine
640 3845 888 3886 mensura
917 3845 1017 3889 est.
1066 3839 1276 3894 Virtute
1309 3845 1450 3896 enim
1477 3862 1568 3900 sua
1591 3853 1768 3904 oumia

201 3916 617 3982 comprehendit
640 3957 654 3980 ,
1311 3923 1317 3930 ’

198 4014 257 4058 et
305 4006 424 4075 ipse
469 4008 663 4063 nullius
696 4027 955 4070 creatura:
1134 4037 1321 4078 vensro
1354 4042 1658 4082 inenouvm.

197 4109 368 4150 sensu
403 4103 826 4164 comprehensus
852 4118 948 4160 est.
1097 4113 1158 4166 Si
1211 4119 1346 4168 enim
1419 4117 1626 4172 Patrem
1678 4139 1767 4174 co-

196 4185 297 4238 llla
322 4186 472 4256 enim
501 4199 694 4245 natura
722 4196 817 4249 soli
851 4198 952 4251 sibi
1025 4206 1224 4270 gnoscit
1255 4205 1424 4259 Filius
1443 4208 1550 4279 (63)
1577 4249 1592 4272 ,
1625 4213 1766 4265 vide-

196 4282 422 4347 cognita
459 4293 561 4336 est.
615 4285 772 4343 Solus
807 4291 950 4342 enim
1026 4306 1113 4346 tur
1137 4298 1190 4348 in
1219 4314 1276 4350 eo
1313 4302 1452 4368 quod
1485 4305 1620 4355 novit
1652 4302 1760 4358 Pa-

194 4370 368 4428 Pater
419 4377 569 4428 novit
619 4377 850 4443 Filium,
898 4391 951 4432 et
1022 4395 1171 4449 (rem,
1200 4405 1346 4454 posse
1373 4407 1486 4443 eum
1529 4412 1763 4462 compre~

192 4465 353 4520 solus
411 4465 580 4520 Filius
648 4472 795 4522 nevit
849 4469 950 4523 Pa-
1020 4474 1242 4529 [tendere
1283 4493 1302 4528 .'
1347 4490 1403 4532 ut
1449 4484 1494 4534 si
1542 4487 1761 4540 dicimus

196 4563 375 4624 trem,
420 4566 476 4609 et
521 4557 672 4610 solus
718 4557 950 4628 Spiritus

190 4657 421 4698 sanctus
487 4659 856 4715 perscrutatur
892 4668 953 4705 e-
1018 4657 1152 4710 scire
1179 4675 1491 4716 mensuram.
1528 4663 1637 4718 Nec
1659 4669 1759 4720 (lu-

194 4737 330 4787 tiain
358 4736 464 4790 alta
499 4740 610 4793 Dei.
1019 4747 1179 4814 binm,
1209 4751 1331 4819 quin
1354 4755 1399 4805 si
1428 4751 1582 4809 Pater
1611 4762 1674 4811 sit
1704 4763 1757 4814 in

187 4830 367 4891 Filio,
412 4841 459 4883 et
487 4833 937 4899 comprehendatur
975 4843 1037 4890 ab
1069 4857 1128 4891 eo
1159 4841 1213 4893 in
1260 4859 1358 4911 quo
1397 4857 1491 4897 est.
1533 4848 1632 4900 Sin
1658 4867 1754 4902 au-

263 4928 312 4958 "
342 4926 485 4980 Psal.
509 4943 767 4991 cxxxvnl,
813 4932 893 4983 l6.

265 5017 384 5087 (60)
423 5017 498 5088 lta
527 5020 728 5084 optime
777 5037 905 5072 mss.
949 5019 1083 5072 Male
1114 5019 1281 5086 editi,
1341 5039 1358 5070 ‹
1385 5021 1758 5088 imperfectmn

183 5104 378 5142 meum
411 5087 661 5141 viderunt
711 5090 850 5168 oeuli
898 5091 1012 5170 tui;
1039 5109 1057 5142 ι
1088 5105 1174 5170 ἐκ
1235 5087 1582 5170 sequentibus
1616 5094 1758 5170 enim

185 5159 370 5226 liquet
405 5155 693 5238 Origenem
723 5159 915 5238 vitiosa
977 5159 1209 5238 lectione
1238 5155 1516 5238 deceptum
1560 5161 1754 5238 existi-

186 5241 381 5280 masse
404 5241 520 5310 non
541 5227 714 5310 [tenui
739 5229 1034 5310 prophetas,
1063 5231 1154 5282 sed
1177 5230 1490 5296 praphctam
1518 5247 1535 5277 ‹
1560 5230 1756 5310 imper-

183 5298 401 5351 fectum
429 5294 574 5365 νοεῖ
609 5294 853 5349 vidisse.’
893 5298 1056 5350 Paulo
1087 5307 1208 5365 post
1241 5294 1404 5359 mss.;
1464 5315 1481 5344 ε
1510 5313 1536 5348 a
1577 5301 1756 5364 quali-

182 5366 402 5433 tatibus
423 5364 689 5418 dividens.
715 5385 731 5416 ι
767 5367 991 5430 Ειίίιί,‹τι
1021 5364 1406 5433 quantitatibus
1432 5367 1694 5421 dividens.
1723 5389 1743 5421 ι

263 5431 380 5502 (61)
417 5433 646 5501 Quinque
700 5451 873 5488 rerum
923 5431 1218 5488 visibilium.
1286 5433 1406 5486 Hzrc
1455 5437 1644 5491 desunt
1694 5440 1746 5494 in

180 5498 371 5557 antea
399 5498 595 5568 editis,
634 5506 725 5559 sed
776 5507 1042 5558 habentur
1069 5503 1157 5574 fin
1184 5518 1310 5574 mss.
1357 5503 1554 5558 Ibidem
1587 5524 1743 5574 mss.,

183 5593 206 5624 ι
246 5573 320 5647 ad
373 5574 700 5647 principium
749 5575 973 5626 venerit.
1000 5591 1025 5647 r
1065 5572 1241 5636 Editi,
1279 5589 1296 5622 ι
1324 5576 1390 5647 ad
1422 5572 1741 5647 principium

179 5643 423 5696 Veniret.
455 5661 475 5693 ι
554 5643 675 5697 Mox
725 5658 880 5714 mss.,
934 5661 952 5693 ι
980 5643 1184 5714 absque
1230 5643 1744 5714 qualitatibus—per—

182 5715 451 5784 viderit.)
516 5714 688 5775 Editi,
727 5731 744 5762 ι
768 5713 972 5784 absque
1002 5713 1399 5784 quantitatibns
1430 5713 1688 5784 pervidet.
1722 5736 1740 5767 ι

257 5779 374 5855 (6:1)
407 5782 609 5836 Bonus.
649 5784 801 5836 Deest
833 5779 1069 5839 inﬂantea
1100 5783 1290 5850 editis,
1324 5795 1377 5839 at
1403 5779 1666 5855 reperitur
1693 5788 1746 5840 in

170 5855 437 5911 omnii-2:;
476 5867 602 5905 mss.

1884 2045 2046 2094 πᾶσιν
2090 2044 2300 2111 ἀληθές.
2343 2047 2502 2099 Ὥστε
2534 2053 2626 2103 καὶ

1881 2137 1937 2186 ὲν
1965 2134 2041 2204 τῷ
2071 2139 2206 2188 νοεῖν
2241 2140 2268 2188 ὁ
2297 2138 2483 2209 Πατὴρ
2509 2158 2624 2210 μει-

1881 2223 2045 2287 ζόνως
2068 2227 2159 2277 καὶ
2182 2217 2512 2298 τρὰνοτέρως
2533 2233 2624 2284 καὶ

1877 2319 2219 2386 τελειοτέρως
2285 2326 2477 2376 νοεῖται
2536 2327 2622 2393 ὑφ’

2786 953 2945 1007 Pater
2967 974 3083 1010 vero
3106 962 3277 1014 omnia
3307 979 3449 1014 com-

2707 1043 3022 1111 prehendit;
3083 1051 3217 1102 inter
3277 1056 3449 1105 omnia

2708 1142 2877 1184 autem
2953 1146 2998 1187 et
3071 1138 3246 1193 Filius
3308 1154 3382 1195 est
3435 1162 3449 1196 :

2707 1236 2829 1288 ergo
2869 1233 2915 1274 et
2963 1223 3162 1280 Filium
3214 1248 3450 1300 compre-

2709 1314 2908 1365 hendit.
3031 1316 3286 1373 Curiosus
3376 1326 3450 1374 te-

2705 1416 2816 1456 ctor
2852 1404 2962 1477 (64)
2994 1407 3238 1476 inquirat,
3275 1421 3448 1464 utrum

2706 1496 2779 1547 ita
2810 1513 2840 1548 α
2867 1501 3138 1564 semetipso
3169 1517 3448 1570 cognosca-

2707 1599 2796 1640 tur
2833 1587 3012 1659 Pater,
3053 1595 3312 1665 quomodo
3359 1613 3449 1648 co-

2703 1688 2971 1749 gnoscitur
2997 1711 3031 1747 a
3073 1689 3231 1750 Filio;
3251 1691 3446 1744 sciens-

2699 1781 2786 1839 (μισ
2843 1760 2993 1825 illud
3022 1779 3159 1854 quod
3197 1783 3443 1851 scriptum

2702 1871 2760 1923 est
2791 1878 2804 1913 2
2837 1883 3002 1940 pater
3044 1880 3132 1952 qui
3167 1885 3246 1924 me
3275 1873 3439 1934 misit,

2705 1952 2869 2027 inajor
2897 1981 2975 2014 est
3007 1963 3254 2017 omnibus
3281 1964 3438 2034 (δάι’),

2699 2073 2871 2109 verum
2911 2068 3019 2110 esse
3061 2057 3351 2123 contendet,
3385 2067 3441 2108 ut

2695 2151 2854 2212 dicat,
2878 2161 2924 2202 et
2948 2152 3001 2201 in
3025 2153 3318 2218 cognitione
3341 2149 3441 2204 Fi-

2695 2237 2764 2289 lio
2793 2237 3003 2290 Patrem
3034 2258 3142 2293 esse
3164 2241 3436 2310 majorem,

2695 2330 2818 2382 dum
2861 2334 3135 2400 perjectius
3174 2344 3220 2384 et
3253 2335 3438 2402 purius

1020 4567 1236 4633 artificis
1318 4572 1551 4626 animum
1627 4583 1832 4652 artisD

1878 2409 2101 2473 ἑαυτοῦ,
2132 2412 2163 2480 ἢ
2193 2412 2294 2464 ὑπὸ
2342 2413 2432 2465 ’.τυῦ
2474 2414 2620 2468 Υἱοῦ.
2696 2436 2726 2470 a
2766 2422 3036 2484 semetipso
3080 2427 3432 2490 cognoscitur,

2610 2554 2617 2561 .
2700 2527 2853 2577 quant
2894 2529 2924 2562 a
2960 2509 3122 2564 Filio.

1877 2633 2064 2689 Omnis
2139 2639 2302 2705 igitur
2372 2653 2618 2694 creatura
2671 2645 2808 2694 intra
2862 2651 3072 2696 certum
3122 2643 3262 2719 apud
3311 2647 3433 2696 eum

1879 2740 2161 2779 numerum
2219 2746 2633 2800 mensuramque
2682 2733 3056 2802 distinguitur,
3111 2735 3161 2786 id
3213 2744 3296 2788 est
3349 2737 3433 2790 vel

1881 2816 2278 2871 rationabilimn
2318 2838 2572 2875 numerus
2593 2863 2607 2882 ,
2640 2825 2721 2876 vel
2760 2839 3013 2876 mensura
3041 2824 3278 2877 materiae
3305 2839 3429 2878 cor-

1878 2907 2127 2972 poralis:
2179 2918 2237 2961 ut
2285 2914 2540 2977 quoniam
2578 2929 2796 2967 necesse
2832 2925 2947 2967 erat
2992 2913 3064 2966 uti
3115 2915 3434 2981 corporibus
3517 2949 3531 2958 ο

1876 2994 2299 3055 intellectualem
2335 2994 2622 3063 naturain,
2661 3016 2780 3068 qua:
2825 3009 2879 3053 et
2927 3003 3326 3056 commutabilis
3375 3011 3432 3056 et

1876 3087 2243 3139 convertibilis
2283 3090 2699 3156 deprehenditur
2727 3106 2786 3142 ea
2835 3091 2948 3158 ipsa
2980 3092 3288 3145 conditione
3326 3107 3430 3159 qua

1877 3170 2012 3225 facta
2041 3184 2124 3226 est
2153 3179 2315 3242 (quod
2343 3178 2487 3230 enim
2518 3195 2620 3231 non
2653 3178 2750 3231 fuit
2771 3222 2786 3245 ,
2815 3191 3020 3236 etesse
3043 3184 3236 3252 cmpit,
3267 3186 3430 3236 etiam

1804 3276 1846 3330 ς
1886 3262 1985 3315 Ιιοε
2033 3265 2146 3332 ipso
2211 3278 2412 3322 natura:
2453 3273 2731 3326 mutabilis
2767 3276 3124 3344 designatur),
3161 3276 3283 3328 ideo
3335 3292 3434 3328 nec

1879 3355 2282 3418 substantialem
2339 3359 2531 3414 habeat
2581 3364 2661 3417 vel
2697 3348 2950 3418 virtutem
3006 3366 3089 3419 vel
3144 3365 3429 3428 malitiam,

1877 3447 1968 3498 sed
1999 3442 2354 3502 accidenlem.
2394 3453 2658 3515 Quoniam
2685 3472 2834 3522 ergo,
2868 3464 2924 3508 ut
2953 3457 3188 3532 diximus
3207 3494 3222 3519 ,
3251 3466 3432 3507 muta-

1878 3535 2000 3589 bilis
2031 3547 2082 3590 ει
2113 3541 2481 3594 convertibilis
2507 3553 2623 3594 erat
2653 3553 2845 3594 natura
2875 3545 3232 3607 rationabilis,
3264 3544 3337 3596 ita
3371 3554 3430 3596 ut

1875 3641 1970 3692 pro
2015 3629 2223 3681 meritis
2265 3633 2425 3682 etiam
2463 3633 2678 3684 diverso
2707 3632 2951 3699 corporis
2997 3643 3236 3684 uteretur
3270 3634 3426 3685 indu-

1875 3730 2054 3770 mento
2087 3720 2223 3772 illius
2260 3721 2341 3772 vel
2391 3720 2533 3772 illius
2563 3721 2870 3789 qualitatis,
2916 3723 3285 3775 necessarium
3329 3723 3428 3775 fuit

1874 3817 1932 3859 ut
1964 3811 2106 3861 sicut
2159 3810 2496 3861 diversitates
2529 3811 2896 3876 pI-azuoscebat
2933 3811 3070 3864 Deus
3105 3812 3312 3866 futuras
3345 3815 3426 3865 vel

1872 3900 2169 3949 animarum
2201 3898 2279 3949 vel
2313 3900 2570 3951 virtntmu
2625 3902 2984 3968 spiritalium,
3032 3903 3100 3954 ita
3136 3904 3296 3957 etiam
3332 3918 3426 3955 na—

1872 3997 2042 4038 turam
2069 4004 2384 4056 corpoream
2415 3988 2647 4058 faceret,
2679 4009 2797 4061 quae
2830 3996 3225 4061 permutatione
3254 3995 3426 4062 quali-

1868 4087 2032 4129 tatum
2064 4079 2112 4131 in
2143 4082 2322 4132 omnia
2344 4097 2461 4150 qua:
2491 4098 2573 4137 res
2604 4093 2850 4152 posceret
2872 4086 3171 4138 conditoris
3197 4086 3422 4138 arbitrio

1868 4180 2188 4225 mutaretur.
2235 4173 2403 4238 Quam
2452 4177 2633 4229 tandiu
2689 4191 2908 4229 necesse
2953 4185 3034 4229 est
3082 4190 3418 4244 permanere,

1866 4264 2101 4329 quandiu
2159 4276 2481 4332 permanent
2529 4282 2593 4320 ea
2647 4283 2764 4336 qua:
2819 4267 3058 4335 indigent
3100 4268 3215 4335 ejus
3267 4269 3420 4322 indu-

1867 4364 2045 4408 mento
2083 4372 2095 4407 :
2135 4355 2292 4426 194
2320 4371 2531 4426 semper
2554 4369 2731 4410 autem
2759 4358 3299 4430 eruntratiouabiles
3325 4378 3422 4414 na-

1867 4453 2000 4499 turae
2046 4461 2164 4515 quae
2214 4449 2452 4518 indigent
2501 4449 2813 4503 indumento
2844 4463 3105 4516 corporeo
3145 4469 3158 4504 :
3208 4465 3420 4520 semper

1862 4551 1991 4605 ergo
2026 4540 2131 4590 erit
2160 4546 2346 4593 natura
2373 4553 2628 4604 corporea
2665 4537 2818 4605 cujus
2855 4537 3182 4596 indumentis
3224 4543 3298 4596 uti
3327 4561 3419 4597 ne-

1862 4643 2015 4684 eosse
2041 4640 2124 4682 est
2156 4630 2503 4684 rationabiles
2532 4639 2808 4684 creaturas
2841 4648 2855 4683 :

1865 4760 1963 4810 nisi
2003 4760 2120 4827 quis
2169 4769 2314 4829 putet
2351 4779 2507 4831 posse
2540 4780 2598 4818 se

1863 4853 1981 4905 ullis
2009 4857 2393 4911 assertionibus
2420 4869 2600 4913 osten-

2784 4779 2970 4820 νειιειο
3002 4782 3305 4821 HIERONYMI.

2742 4862 2798 4914 Si
2831 4866 2944 4929 quis
2975 4876 3146 4917 autem
3187 4867 3410 4927 potuerit

1930 5030 2141 5107 (ϐξ).δί
2176 5037 2312 5088 enim
2352 5034 2556 5092 Patrem
2588 5043 2850 5107 cognoscit
2876 5037 3069 5100 Filius,
3107 5051 3214 5095 etc.
3275 5045 3411 5096 Sans

1857 5109 1975 5180 t-tus
2002 5101 2361 5180 llieronyu'ius
2385 5111 2544 5176 epist.
2582 5101 2740 5162 95'ad
2766 5111 2982 5180 Avitum
3039 5113 3151 5169 ltl‘t'.
3195 5128 3313 5180 qua:
3348 5117 3409 5164 ,ιιι

1859 5169 2497 5250 lium:locumiper’tinere
2523 5180 2789 5250 videntur,
2815 5177 2971 5250 affert
3001 5195 3030 5232 e
3063 5182 3155 5233 lib.
3195 5169 3243 5234 ἡ
3273 5185 3408 5250 Περὶ

1853 5238 2070 5305 ἀρχῶν,
2103 5245 2194 5295 sed
2223 5238 2445 5297 ltuiinus
2474 5247 2725 5312 quoniam
2764 5238 3043 5301 catholicae
3074 5252 3191 5304 lidei
3227 5268 3290 5304 ea
3325 5238 3408 5303 ri:—

1854 5322 2092 5378 pugnare
2148 5313 2406 5378 putabat,
2454 5315 2502 5364 in
2555 5317 2804 5368 versione
2841 5333 2934 5369 sua
2969 5322 3171 5372 omisit.
3238 5323 3404 5374 Verba

1854 5377 2039 5432 Gneca
2067 5377 2184 5447 qua:
2209 5393 2505 5457 postremae
2525 5386 2678 5448 hujus
2714 5385 2992 5454 fragtnenti
3022 5391 3160 5456 parti
3190 5406 3405 5457 respon-
3449 5397 3458 5402 “

1852 5449 2016 5525 dent,
2048 5451 2262 5525 exhibet
2302 5449 2650 5525 _._lustiuianus
2703 5458 2772 5508 ad
2797 5449 3292 5525 “calcem-epistola:-
3337 5462 3402 5513 ad

1850 5516 2077 5571 Menam.
2146 5519 2270 5572 Vide
2302 5519 2393 5574 lib.
2428 5536 2468 5574 tt
2504 5525 2968 5592 Origenianorum,
3038 5516 3317 5595 question.
3347 5529 3400 5582 2.

1926 5606 1978 5674 ((i
1991 5607 2034 5673 ί)
2076 5607 2237 5658 Caute
2277 5609 2409 5678 lege.

1924 5694 2056 5765 (64⁸)
2088 5696 2285 5751 Sensus
2334 5701 2504 5755 (ἶνιεεὶ
2554 5701 2844 5755 .lustinian.
2889 5714 3012 5756 est:
3055 5709 3262 5757 omnino
3316 5722 3401 5756 ve-

1857 5781 1971 5840 runt
1999 5781 2107 5818 esse
2145 5767 2428 5841 dcc/arabit
2459 5775 2597 5840 quod
2651 5776 2846 5823 dictant
2899 5783 3016 5824 est:
3053 5791 3071 5823 ι
3115 5773 3268 5827 Pater
3311 5777 3398 5841 qui

1856 5834 1990 5886 misit
2017 5851 2096 5889 me
2125 5837 2294 5906 major
2324 5857 2402 5894 me
2427 5834 2522 5894 est.
2555 5861 2574 5893 ι
2614 5841 2768 5897 Eorr.
2802 5842 3035 5897 ΡΔτιιοι..
