4074 6308
675 317 776 376 4η

679 434 814 490 dere
842 432 953 505 (65)
976 432 1119 502 quod
1140 433 1309 503 possit
1332 447 1430 488 na-

677 532 798 579 tura
841 525 1176 580 rationabilis
1219 525 1424 598 absque

680 613 791 668 ullo
837 629 1072 685 corpore
1109 614 1292 669 vitam
1332 615 1427 668 de-

629 738 636 743 -
678 724 826 777 gere.
872 710 976 764 Sed
1010 725 1172 778 quam
1206 708 1430 762 difficile

677 796 772 861 sit,
795 807 849 852 et
870 813 1034 867 quam
1065 799 1427 866 peneimpos-
1499 802 1810 868 inetipsam,
1869 809 1917 853 et
1970 801 2025 854 in
2078 799 2244 870 pejori

677 890 836 945 sibile
883 891 1176 945 intellectui
1215 901 1422 954 nostro,
1501 891 1800 946 conditione
1859 907 1970 944 esse
2034 891 2241 959 quando

677 983 732 1038 in
789 984 1160 1053 superioribus
1212 985 1426 1054 singula
1499 985 1798 1046 corporibus
1857 985 2114 1049 vestitur;
2185 983 2242 1037 in

675 1080 1008 1135 disserentes
1063 1080 1423 1144 ostendimus.
1498 1075 1739 1140 meliori,
1771 1075 1975 1143 quando
2009 1073 2100 1126 illa
2154 1074 2244 1127 de-

674 1177 822 1241 ponit
866 1183 886 1219 :
932 1169 1064 1221 nulli
1113 1169 1327 1220 dubium
1367 1175 1442 1220 est
1482 1182 1700 1235 corpora
1736 1181 1838 1218 non
1885 1164 2244 1233 principaliter

671 1260 972 1322 subsistere,
1013 1257 1104 1312 sed
1144 1274 1235 1324 per
1263 1253 1542 1310 intervalla
1574 1264 1623 1308 et
1665 1256 1728 1309 ob
1756 1254 1926 1309 varios
1952 1263 2122 1308 motus
2161 1271 2242 1308 ra-

671 1350 1002 1402 tionabilium
1029 1357 1394 1402 creaturarum
1423 1364 1560 1401 nunc
1600 1347 1740 1415 ﬁeri,
1777 1346 1949 1416 utqui
1981 1346 2063 1422 ltis
2101 1346 2243 1400 indi-

671 1452 814 1512 gent,
867 1443 1156 1496 vestiantur
1186 1457 1206 1496 :
1251 1451 1302 1496 et
1342 1457 1549 1493 rursum
1579 1456 1698 1492 cum
1733 1439 1824 1493 illa
1877 1439 2242 1507 depravatione

671 1535 915 1603 lapsuum
947 1553 1001 1590 se
1028 1536 1096 1589 ad
1140 1534 1356 1588 meliora
1379 1534 1734 1594 correxerint,
1767 1532 1982 1588 dissolvi
2010 1534 2065 1587 in
2111 1533 2241 1587 nihi-

671 1628 781 1680 lum
822 1644 839 1681 :
880 1636 926 1680 et
957 1628 1056 1680 hac
1077 1643 1279 1694 semper
1307 1626 1634 1678 successione
1663 1625 1886 1679 variari.

743 1645 781 1680 ἠ
822 1644 839 1681 .'
880 1643 926 1680 ει
957 1643 1056 1680 nae
1077 1643 1247 1694 sempe
1307 1643 1634 1678 surcesstone
1663 1643 1886 1679 vartart.

743 1719 834 1774 56.
871 1717 1011 1772 Puto
1039 1733 1180 1772 sane
1212 1643 1363 1785 οιᾋτῑ
1392 1717 1517 1771 huic
1561 1727 1746 1772 nostro
1775 1718 2105 1774 contrarium
2133 1734 2237 1774 non

667 1810 837 1864 videri
875 1810 918 1863 si
949 1810 1115 1863 etiam
1152 1810 1236 1862 de.
1264 1808 1670 1862 immortalitate
1704 1809 2105 1864 rationabilium
2153 1826 2242 1864 na-

673 1893 919 1956 turarum
941 1916 1099 1969 quam
1129 1916 1411 1970 possumus
1433 1900 1668 1956 breviter
1684 1913 2014 1971 repetamus.
2054 1899 2240 1955 Omnis

670 1991 763 2060 qui
821 1991 1111 2060 participat
1152 1991 1377 2059 alicujus
1430 2009 1550 2048 cum
1604 2007 1670 2048 eo
1716 1993 1806 2063 qui
1868 1992 2105 2061 ejusdem
2160 1991 2237 2044 rei

619 2117 622 2120 ~
671 2083 940 2151 particeps
986 2088 1106 2146 est,
1159 2080 1278 2136 sine
1323 2081 1487 2136 dubio
1547 2083 1706 2136 unius
1754 2081 2071 2137 substantia:
2119 2090 2234 2144 est,

669 2174 936 2239 uniusque
985 2181 1187 2226 natura:
1239 2169 1371 2240 (67).
1408 2173 1477 2228 Ut
1515 2181 1638 2242 puta
1692 2186 1882 2226 omnes
1948 2167 2088 2223 oculi
2155 2169 2237 2222 lu-

669 2266 748 2320 cis
783 2265 1142 2332 participant,
1189 2275 1243 2318 et
1299 2264 1417 2317 ideo
1465 2279 1655 2318 omnes
1684 2263 1857 2321 oculi,
1894 2261 1983 2330 qui
2019 2261 2084 2316 de
2118 2259 2236 2314 luce

667 2357 1029 2426 participant,
1071 2357 1227 2410 unius
1279 2365 1484 2408 natura:
1528 2364 1673 2408 sunt.
1743 2353 1848 2407 Sed
1893 2353 2015 2406 licet
2059 2351 2235 2406 omnis

668 2446 734 2500 de
765 2445 878 2499 luce
930 2445 1219 2514 participet
1277 2444 1499 2509 oculus,
1563 2455 1742 2499 tamen
1791 2441 2048 2512 quoniam
2096 2441 2232 2496 alius

667 2537 914 2599 acutius,
971 2534 1109 2590 alius
1141 2537 1388 2590 obtusius
1430 2535 1612 2600 videt,
1649 2549 1754 2589 non
1813 2535 1990 2589 omnis
2046 2533 2233 2588 oculus

664 2627 942 2696 aqualiter
977 2627 1045 2682 de
1088 2626 1206 2681 luce
1252 2629 1555 2696 participat.
1621 2625 1687 2679 Et
1727 2641 1943 2679 rursum
1983 2643 1996 2679 :
2039 2624 2231 2679 Omnis

666 2719 880 2773 auditus
911 2733 1096 2773 vocem
1126 2718 1210 2771 vel
1243 2733 1431 2773 sonum
1468 2718 1679 2786 recipit,
1705 2727 1760 2772 et
1789 2717 1907 2770 ideo
1928 2716 2107 2771 omnis
2137 2730 2234 2767 au-

665 2809 810 2864 ditus
849 2810 1010 2863 unius
1041 2818 1248 2862 naturre
1276 2817 1377 2862 est.
1431 2809 1625 2862 Verum
1675 2822 1773 2876 pro
1809 2805 2068 2874 qualitate
2111 2805 2227 2873 puri

664 2910 721 2955 et
764 2900 963 2955 sinceri
997 2901 1209 2953 auditus
1242 2899 1611 2968 unusquisque
1655 2898 1894 2953 velocius
1937 2897 2118 2964 audit,
2146 2896 2228 2950 vel

668 2992 894 3046 tardius.
935 2992 1301 3044 Transeamus
1326 3005 1456 3058 ergo
1485 2990 1550 3042 ab
1577 2989 1659 3042 his
1677 2986 2020 3043 sensibilibus
2042 3003 2221 3042 cxemo

665 3080 773 3150 plis
803 3082 869 3134 ad
904 3078 1343 3133 intellectualium
1378 3077 1908 3145 contemplationem.

735 3168 926 3225 Omnis
972 3182 1124 3220 mens
1172 3182 1290 3234 qum
1344 3167 1411 3220 de
1583 3183 1775 3222 vensno
1812 3179 2122 3221 ntEnONYII.

667 3255 1016 3315 intellectuali
1065 3256 1185 3311 luce
1237 3257 1410 3324 parti-
1555 3259 1972 3314 Intellectuislem
2069 3259 2229 3312 ratio-

664 3355 807 3423 cipat
832 3393 847 3418 ,
889 3367 1012 3408 cum
1046 3352 1192 3408 omni
1234 3361 1413 3406 mente
1485 3350 1808 3416 nobilemque
1842 3357 2086 3403 naturam
2119 3349 2228 3420 (68)

665 3463 787 3521 qum
817 3449 978 3505 simili
1012 3434 1173 3504 modo
1213 3447 1280 3503 de
1330 3449 1415 3502 in-
1484 3445 1639 3498 sentit
1667 3446 1805 3500 Deus
1845 3454 1891 3498 et
1937 3445 2227 3513 unigenitus

669 3542 964 3598 tellectuali
1024 3543 1143 3598 luce
1184 3541 1412 3610 partici-
1486 3533 1664 3587 Filius
1720 3534 1835 3602 ejus
1893 3541 1941 3587 et
1998 3532 2229 3601 Spiritus

665 3642 794 3700 pat,
848 3631 1006 3686 unius
1069 3632 1187 3685 sine
1249 3630 1412 3685 dubio
1483 3625 2002 3681 sanctus:sentiunt
2049 3624 2229 3691 Angeli

667 3728 827 3779 debet
859 3740 977 3780 csse
1008 3736 1234 3781 naturte.
1483 3731 1530 3776 et
1573 3721 1884 3781 Potestates,
1930 3727 2232 3782 (ceteraque

677 3813 947 3881 Virtutes;
995 3819 1148 3870 sentit
1197 3817 1416 3870 interior
1452 3817 1603 3868 homo
1643 3811 1731 3880 qui
1767 3811 1834 3864 ad
1869 3809 2148 3877 imaginem
2183 3815 2229 3858 et

663 3905 1069 3961 similitudinem
1109 3903 1203 3957 Dei
1227 3906 1467 3959 conditus
1506 3913 1602 3956 est.
1650 3901 1734 3955 Ea:
1771 3915 1871 3970 quo
1900 3900 2231 3956 concluditur

665 3997 836 4054 Deum
869 4005 914 4050 et
955 3996 1065 4048 haec
1115 3997 1498 4063 quodammodo
1548 3995 1706 4048 unius
1743 4008 1853 4046 esse
1898 3992 2227 4048 substantive.

738 4089 800 4144 Si
833 4103 963 4157 ergo
997 4086 1244 4142 cmlestes
1274 4088 1503 4147 virtutes
1548 4081 1933 4140 intellectualis
1960 4081 2097 4136 lucis
2118 4121 2134 4145 ,
2177 4084 2230 4138 id

666 4190 782 4246 est,
818 4181 1013 4236 divina:
1048 4187 1253 4234 naturae
1293 4192 1388 4245 per
1418 4182 1523 4232 hoc
1551 4177 1693 4246 quod
1723 4173 2002 4244 sapientia;
2030 4183 2083 4227 et
2107 4188 2231 4226 san-

666 4273 984 4330 ctiticationi
1044 4269 1414 4341 participant,
1470 4268 1813 4337 participium
1866 4272 2123 4326 sumunt,
2177 4271 2232 4317 et

670 4365 916 4418 humanm
944 4362 1138 4418 animae
1166 4359 1407 4426 ejusdem
1438 4357 1576 4411 lucis
1608 4367 1659 4411 et
1691 4355 1970 4426 sapientiae
1999 4353 2224 4424 partici-

1500 526 1599 580 lent
1641 528 2103 598 rationabilemque
2145 546 2241 582 na—

1501 628 1692 687 turam,
1735 637 1853 673 cum
1885 620 2241 688 exspoliaverit

1498 727 1551 763 se
1575 726 1808 777 corpore,
1835 710 2002 762 vivere
2034 727 2126 776 per
2164 727 2244 764 se-

2130 317 2446 375 ORIGENIS
2488 320 2492 321 ⁷

1501 436 1776 490 ostendere
1802 436 1913 508 (66)
1947 439 2245 506 incorpora-
2280 447 2316 498 Α
2345 436 2544 490 stantia
2574 435 2712 506 (70).
2766 434 2880 489 Non
2924 434 3100 498 solum
3124 445 3333 503 autem,
3369 438 3463 494 sed
3493 442 3742 510 quoniam
3783 445 3899 514 ipsa

3794 324 3904 385 ιη

2344 530 2522 584 Patris
2544 539 2597 583 et
2625 529 2740 584 Filii
2772 539 2825 585 et
2853 528 3090 600 Spiritus
3126 533 3298 585 sancti
3329 542 3536 597 natura,
3561 535 3713 604 cujus
3734 528 3901 593 solius

2346 621 2721 675 intellectualis
2771 621 2905 676 lucis
2965 620 3214 678 universa
3265 634 3513 680 creatura
3561 620 3900 697 participium

2347 713 2512 766 trahit
2535 752 2550 776 ,
2580 712 2893 782 incorrupta
2925 723 3008 768 est
3031 724 3088 770 et
3114 725 3344 781 aeterna,
3374 716 3531 771 valde
3559 733 3902 786 consequens

2346 813 2402 856 et
2438 805 2808 858 necessarium
2842 813 2920 859 est
2955 807 3114 860 etiam
3147 822 3362 862 omnem
3390 809 3746 865 substantiam
3785 827 3904 881 qua:

2342 905 2560 952 aeternae
2585 896 2724 951 illius
2762 907 2973 952 natura:
3001 899 3346 966 participium
3378 902 3578 965 trahit,
3609 905 3906 969 perdurare

2342 989 2503 1041 etiam
2540 973 2775 1057 semper,
2803 997 2858 1043 et
2889 989 3356 1060 iucorruptibilem
3387 1008 3507 1048 esse
3539 1003 3594 1047 et
3619 1006 3904 1059 mternam,

2342 1089 2403 1133 ut
2437 1080 2632 1134 divina:
2668 1080 2928 1136 bonitatis
2953 1082 3230 1139 aeternitas
3267 1086 3432 1140 etiam
3465 1086 3518 1140 iu
3545 1101 3608 1141 ea
3638 1086 3905 1155 itttelligan

2344 1179 2449 1233 tur,
2481 1171 2613 1248 dum.
2631 1181 2686 1226 et
2729 1174 2915 1228 aeterni
2960 1183 3086 1230 sunt
3128 1176 3184 1230 bi
3211 1177 3304 1246 qui
3335 1176 3452 1245 eius
3480 1177 3745 1235 beneﬁcia
3773 1192 3903 1232 con-

2341 1272 2666 1329 sequuntur.
2708 1263 2814 1320 Sed
2853 1266 2994 1322 sicut
3022 1269 3387 1337 percipienda
3432 1269 3565 1323 lucis
3610 1269 3904 1324 diversitas

2341 1362 2554 1408 servata
2589 1366 2673 1410 est
2706 1355 2760 1410 in
2787 1357 3084 1426 exemplis,
3109 1372 3232 1412 cum
3263 1358 3361 1429 vel
3378 1349 3621 1413 obtusior
3657 1356 3743 1413 vel
3776 1372 3905 1413 acu-

2341 1445 2446 1500 tior
2473 1447 2697 1502 obtutus
2730 1449 3045 1518 designatus
3085 1459 3169 1505 est
3192 1450 3456 1504 intuentis
3483 1463 3501 1504 :
3536 1449 3609 1504 ita
3634 1450 3801 1505 etiam
3839 1449 3906 1504 de

2339 1537 2517 1593 Patris
2544 1547 2603 1605 et,
2621 1537 2740 1592 Filii
2778 1548 2832 1594 et
2871 1539 3050 1594 sancti
3084 1539 3319 1610 Spiritus
3345 1540 3762 1611 participatione
3789 1555 3908 1595 ser-

2341 1629 2511 1682 vattda
2543 1639 2626 1685 est
2659 1643 2755 1696 pro
2786 1628 3092 1686 intentione
3119 1645 3312 1686 sensus
3348 1630 3430 1686 vel
3463 1631 3664 1687 mentis
3697 1631 3909 1700 capaci-

2340 1725 2449 1771 tate
2467 1717 2772 1786 diversitas.
2806 1717 3059 1786 Alioquin
3087 1717 3519 1784 consideremus,
3542 1719 3588 1774 si
3613 1734 3720 1773 non
3737 1718 3905 1773 etiam

2349 1807 2568 1874 impium
2609 1807 2824 1862 videtur
2853 1816 2913 1862 ut
2944 1821 3097 1862 meus
3130 1822 3250 1876 qua:
3289 1807 3584 1878 Deicapax
3617 1817 3737 1872 est,
3776 1807 3907 1862 sub-

2346 1897 2652 1952 stantialem
2684 1897 2908 1968 recipiat
2939 1898 3220 1953 interitum
3257 1915 3271 1952 :
3303 1906 3560 1966 tanquam
3593 1897 3696 1953 hoc
3731 1899 3906 1967 ipsum

2345 1987 2486 2055 quod
2537 1986 2835 2057 intelligere
2888 1987 3055 2042 Deum
3111 1995 3288 2057 potest
3330 1997 3385 2042 et
3417 1988 3648 2051 sentire,
3696 2003 3806 2042 non
3857 1987 3906 2041 ei

2345 2075 2592 2131 sufficere
2649 2078 2818 2146 possit
2868 2078 2934 2131 ad
2981 2079 3438 2146 perpetuitatem,
3493 2079 3733 2133 maxime
3778 2093 3904 2138 cum

2342 2168 2551 2222 etiamsi
2597 2182 2694 2237 per
2722 2169 3101 2246 negligentiam
3142 2169 3360 2223 decidat
3391 2185 3544 2224 mens
3574 2185 3640 2225 ne
3684 2184 3822 2241 pure
3852 2183 3909 2224 et

2342 2260 2549 2332 integre
2577 2262 2629 2315 in
2663 2277 2723 2318 se
2754 2264 2977 2332 recipiat
3005 2264 3205 2329 Deum,
3232 2278 3444 2333 semper
3479 2273 3656 2320 tamen
3706 2265 3909 2319 habeat

2342 2351 2395 2406 in
2426 2368 2484 2408 se
2512 2353 2658 2408 velut
2687 2354 2892 2408 semina
2919 2355 3166 2424 quaedam
3201 2355 3486 2424 reparaudi
3511 2371 3576 2410 ac
3601 2354 3903 2410 renovandi

2341 2444 2578 2498 melioris
2611 2445 2940 2512 intellectus,
2974 2459 3098 2500 cum
3129 2446 3195 2501 ad
3237 2447 3524 2519 imaginem
3555 2456 3609 2502 et
3636 2446 3905 2500 similitu-

2337 2534 2518 2589 dinem
2555 2535 2650 2590 Dei
2683 2537 2774 2605 qui
2811 2539 3017 2592 creavit
3044 2554 3165 2594 eum
3187 2581 3204 2608 ,
3255 2541 3484 2596 interior
3513 2537 3674 2592 homo
3699 2537 3794 2606 qui
3847 2547 3906 2592 et

2339 2625 2618 2681 rationalis
2651 2626 2867 2691 dicitur,
2899 2639 3210 2687 renovatur.
3251 2631 3480 2700 Propter
3506 2631 3648 2700 quod
3681 2637 3738 2683 et
3777 2644 3908 2699 pro-

2336 2712 2498 2782 pheta
2530 2713 2661 2768 dicit
2709 2731 2722 2767 :
2781 2733 2800 2767 t
2840 2714 3276 2773 Reminiscentur
3306 2727 3361 2774 et
3408 2724 3798 2772 convertentur
3833 2717 3904 2772 ad

2338 2802 2619 2857 Dominum
2643 2819 2834 2859 omnes
2864 2805 2998 2862 lines
3025 2815 3198 2874 terrm,
3243 2815 3299 2863 et
3327 2805 3633 2861 adorabunt
3663 2804 3720 2859 in
3765 2818 3904 2860 cou-

2335 2903 2521 2962 spectu
2549 2894 2664 2964 ejus
2693 2894 2909 2950 familiae
2931 2911 3123 2953 omnes
3145 2898 3385 2968 gentium
3405 2897 3476 2949 ".
3511 2914 3531 2948 ι

2403 2988 2494 3042 37.
2535 2987 2592 3042 Si
2624 2987 2746 3056 quis
2771 3003 2901 3042 vero
2935 2990 3097 3043 audet
3143 2987 3562 3044 substantialem
3590 2984 3905 3058 corruptio-

2255 3095 2457 3175 Cnem
2489 3080 2690 3175 dare_ei
2731 3081 2822 3150 qui
2857 3081 3151 3136 secundum
3181 3082 3484 3175 imaginem
3501 3088 3556 3134 et
3583 3078 3904 3175 similitudi-

2334 3184 2453 3227 nem
2486 3170 2579 3224 Dei
2617 3169 2791 3224 factus
2841 3179 2953 3233 est,
3007 3179 3065 3223 ut
3093 3185 3195 3240 ego
3228 3179 3381 3237 puto,
3413 3169 3576 3223 etiam
3627 3169 3680 3222 iu
3717 3169 3900 3239 ipsum

2329 3260 2527 3316 Filium
2595 3262 2688 3315 Dei
2745 3275 2964 3315 causam
3032 3261 3327 3330 impietatis
3380 3259 3648 3315 extendit.
3716 3259 3906 3331 Imago

2333 3368 2562 3423 namque
2583 3352 2673 3407 Dei
2695 3353 2806 3424 (7t)
2829 3353 2988 3406 etiam
3009 3351 3123 3421 ipse
3141 3351 3438 3422 appellatus
3467 3360 3550 3406 est
3577 3351 3630 3404 in
3651 3351 3905 3421 Scriptu-

2333 3446 2429 3501 ris.
2469 3446 2576 3498 Aut
2608 3454 2755 3513 certe
2798 3453 3019 3498 accuset
3043 3443 3133 3513 qui
3168 3443 3281 3498 hac
3309 3443 3378 3497 ita
3413 3441 3546 3507 vult,
3596 3440 3902 3511 Scriptura:

2332 3509 2864 3608 aucturitalcm’qum
2904 3539 3038 3592 dicit
3062 3509 3161 3593 'ad
3196 3537 3507 3607 ‘imaginem
3545 3537 3636 3591 Dei
3689 3509 3897 3591 factum
3928 3515 3938 3521 ’

2335 3643 2452 3681 esse
2474 3628 2743 3682 hominem
2781 3647 2794 3682 :
2824 3629 2875 3681 in
2898 3643 3005 3695 quo
3026 3636 3080 3681 et
3107 3627 3392 3682 manifeste
3415 3628 3612 3681 divinae
3639 3626 3899 3695 imaginis

2332 3726 2740 3786 cognoscuntur
2772 3717 3001 3782 indicia,
3067 3734 3180 3774 non
3237 3731 3337 3787 per
3377 3715 3612 3786 efﬁgiem
3647 3719 3904 3786 corporis

2332 3821 2451 3876 qua:
2495 3807 2885 3873 corrumpitur,
2933 3808 3026 3861 sed
3057 3821 3153 3876 per
3177 3807 3343 3860 animi
3386 3809 3728 3877 prudentiam
3751 3847 3768 3871 ,
3799 3823 3900 3878 per

2325 3897 2590 3966 justitiam
2618 3937 2634 3962 ,
2679 3913 2777 3967 per
2812 3897 3258 3960 moderationem,
3303 3913 3400 3971 per
3447 3899 3704 3952 virtutem
3735 3941 3751 3965 ,
3802 3914 3902 3969 per

2331 3985 2668 4054 sapientiam,
2689 4000 2783 4054 per
2800 3984 3154 4055 disciplinam,
3186 3999 3281 4054 per
3297 4000 3510 4041 onmem
3534 3988 3772 4056 denique
3787 3991 3899 4044 vir-

2333 4086 2503 4131 tutum
2522 4079 2770 4145 chorum,
2791 4093 2907 4146 qua:
2923 4092 3042 4131 cum
3066 4079 3176 4130 Deo
3203 4076 3365 4131 insint
3395 4094 3488 4148 per
3504 4079 3897 4146 substantiam,

2333 4169 2386 4223 in
2413 4171 2633 4225 homine
2662 4179 2888 4241 possunt
2916 4186 3036 4225 esse
3060 4185 3154 4239 per
3189 4169 3532 4233 industriam,
3559 4179 3612 4224 et
3645 4185 3743 4238 per
3769 4173 3898 4226 imi-

2327 4262 2591 4314 tationem
2626 4261 2752 4327 Dci,
2793 4262 2933 4315 sicut
2963 4272 3016 4313 et
3044 4260 3300 4314 Dominus
3331 4257 3578 4328 designat
3623 4257 3677 4311 in
3716 4257 3896 4322 Evan-

2332 4350 2493 4420 gelio,
2519 4352 2704 4407 dicens
2735 4372 2749 4407 :
2790 4371 2808 4403 ι
2843 4353 3022 4406 Estote
3050 4366 3180 4421 ergo
3219 4350 3605 4405 misericordes
3639 4348 3788 4403 sicut
3834 4359 3895 4403 et

597 4468 599 4471 '
667 4460 811 4526 pium
830 4451 1388 4526 sumpserunt(69),ct
1409 4451 1480 4504 ita
1503 4458 1623 4504 sunt
1643 4452 1800 4506 unius
1826 4461 2033 4506 naturae
2055 4448 2122 4503 ad
2143 4447 2226 4502 in-
2257 4437 2305 4496 D
2335 4440 2492 4494 Pater
2520 4451 2695 4495 vester
2722 4444 3026 4498 misericors
3047 4444 3209 4498 est".
3239 4461 3257 4494 ι
3291 4441 3377 4507 Ει,
3407 4459 3426 4493 ι
3455 4442 3637 4496 Estote
3664 4440 3894 4510 perfecti

668 4545 838 4601 viceni
871 4547 1138 4616 uniusque
1168 4541 1508 4599 substantiae.
1543 4531 1876 4608 lucorruptaé
1901 4548 2078 4595 autem
2101 4546 2232 4593 sunt

669 4645 723 4691 et
777 4637 1111 4692 immortales
1153 4635 1403 4691 cmlestes
1443 4631 1705 4693 virtutes,
1751 4631 2071 4688 immortalis
2113 4632 2232 4687 sine

669 4729 834 4804 dubio
862 4738 917 4784 et
945 4729 1258 4799 incorrupta
1283 4727 1389 4780 erit
1412 4723 1574 4779 etia’m
1605 4721 1799 4775 anima:
1823 4721 2073 4776 humana:
2101 4723 2230 4777 sub-

734 4839 780 4874 ’⁸
798 4838 890 4895 Ps.
925 4856 1064 4896 χιιι,
1092 4841 1184 4893 27.
1272 4841 1316 4870 7’
1338 4838 1470 4893 Luc.
1501 4853 1576 4901 vr,
1601 4835 1687 4889 56.
1780 4833 1823 4863 ⁸⁸
1857 4833 2044 4887 Matth.
2067 4850 2117 4900 v,
2150 4835 2236 4888 48.

761 4956 851 5022 65)
885 4958 1054 5024 caute
1085 4957 1221 5024 lege.

761 4973 851 5022 va)
885 4973 927 5010 υ
967 4973 1054 5010 ute
1087 4973 1221 5024 tege.

761 5026 852 5102 66)
888 4973 958 5102 Sil
988 5028 1102 5096 quis
1131 5026 1566 5102 autemApotuerit
1602 5022 1872 5102 ostendere
1893 5059 1910 5085 ,
1938 5029 2044 5074 etc.
2106 5019 2221 5102 ῌρο

664 5089 800 5151 item
827 5089 1185 5162 fragmentum
1208 5089 1428 5150 exhibet
1453 5096 1649 5149 ibidem
1683 5091 2042 5160 Hieronymus
2070 5103 2100 5143 e
2127 5089 2218 5143 lib.

663 5181 717 5218 tv
755 5163 896 5218 Περὶ
924 5163 1145 5218 ἀργῶν.
1195 5181 1226 5218 a
1259 5165 1457 5218 Rufino
1486 5176 1663 5218 autem
1705 5163 1909 5218 utnow'
1936 5173 2229 5213 erroneum

663 5181 717 5218 tv
755 5177 896 5230 Περι
924 5177 1145 5232 αρχων,
1195 5181 1226 5218 a
1259 5177 1457 5218 ﬁttlino
1486 5177 1663 5218 autem
1705 5177 1898 5231 utpote
1936 5177 2220 5213 erroneum

661 5233 1069 5355 :ius's‘imglatum
1103 5243 1206 5287 est.
1265 5233 1394 5290 Vide
1442 5235 1537 5289 lib.
1579 5249 1617 5287 ιι
1662 5229 1992 5302 0rigenian.,
2037 5243 2093 5298 q.
2134 5229 2220 5294 ll,

661 5317 817 5357 num.
850 5317 904 5355 3.

739 5369 852 5441 (67)
894 5368 985 5441 Sic
1007 5382 1199 5441 omnes
1215 5372 1374 5441 codd.
1400 5387 1530 5428 mss.
1568 5371 1733 5436 Editi,
1765 5389 1785 5424 α
1821 5377 2008 5441 utputa
2038 5380 2226 5441 omnes

670 5436 812 5496 nculi
828 5436 918 5507 qui
940 5439 1073 5493 lucis
1090 5440 1433 5508 participant,
1453 5443 1611 5497 unius
1633 5452 1842 5496 natura:
1869 5436 2048 5496 sunt.)
2077 5436 2224 5492 lnira

673 5524 830 5572 mss.,
869 5531 885 5557 ι
918 5509 1076 5561 unius
1096 5510 1213 5562 sine
1234 5509 1394 5563 dubio
1418 5511 1578 5566 debet
1604 5527 1726 5566 esse
1752 5520 1976 5566 naturae.
2003 5529 2022 5562 ι
2057 5508 2225 5573 Editi,

675 5600 692 5630 s
715 5578 952 5644 ejusdem
975 5579 1092 5632 sine
1109 5579 1272 5634 dubio
1288 5579 1445 5633 debet
1471 5594 1593 5634 esse
1616 5592 1740 5633 natu
1752 5598 1841 5636 ne.
1869 5600 1888 5633 ι
1921 5580 2040 5635 Mox
2067 5593 2221 5642 mss.,

673 5646 992 5720 «sapientia:
1023 5657 1076 5701 et
1116 5649 1544 5720 sanctificationi
1586 5650 1934 5718 participant.
1980 5669 2001 5704 ο
2049 5648 2223 5716 Editi,

671 5736 691 5770 ο
715 5722 778 5774 dc
808 5719 920 5788 ipsa
953 5718 1384 5775 sanctiﬁcatione
1419 5721 1764 5789 participant.
1793 5742 1811 5774 ι

2329 4535 2470 4588 sicut
2487 4543 2542 4588 et
2560 4531 2906 4589 Patervester
2927 4535 3194 4603 perfectus
3214 4535 3409 4606 est".i
3435 4534 3588 4590 Unde
3607 4533 3895 4618 evidenter

2331 4625 2644 4680 ostenditur
2666 4625 2808 4695 quod
2843 4626 2895 4678 in
2934 4627 3043 4680 Deo
3073 4627 3294 4695 quidem
3324 4627 3407 4683 lue
3431 4641 3621 4682 omnes
3659 4626 3892 4683 virtutes

2329 4730 2543 4786 semper
2573 4724 2739 4783 sunt,
2794 4729 2895 4771 nec
2929 4731 3161 4784 unquam
3209 4719 3466 4774 accedere
3517 4726 3745 4788 possunt
3794 4724 3893 4770 aut

2399 4948 2512 5020 (68)
2553 4902 2967 5022 Intellectualem
2997 4942 3460 5022 rationabilemque
3483 4950 3756 5022 nat-urens,
3777 4955 3888 5001 etc.

2323 5010 2448 5074 ﬂay‘c
2468 5010 2584 5085 qua:
2615 5033 2646 5071 e
2679 5017 2818 5070 libro
2847 5024 3039 5083 quarto
3063 5013 3201 5081 Περὶ
3235 5010 3435 5081 ἀρχῶν
3463 5010 3893 5085 profert_ﬂiero-

2321 5079 2600 5170 ulmusuin
2643 5086 2802 5170 epist,"
2833 5079 2900 5166 ad
2939 5079 3153 5170 Avitum
3174 5123 3189 5148 ,
3220 5079 3422 5170 omissa
3449 5079 3578 5170 SBH-1'
3603 5096 3634 5135 a
3657 5079 3880 5139 Ruﬁno.

2374 5151 2455 5211 ide
2491 5158 2584 5211 lib.
2613 5173 2651 5210 ιι
2679 5151 3009 5224 Origenian.,
3036 5168 3090 5222 q.
3123 5153 3177 5216 l,
3210 5168 3358 5206 num.
3380 5153 3434 5217 5,
3463 5152 3516 5219 6,
3545 5151 3602 5207 7.

2396 5226 2508 5295 (69)
2542 5227 2634 5281 Sic
2667 5241 2801 5281 mss.
2852 5226 2907 5278 ln
2947 5225 3108 5290 editis
3135 5223 3403 5295 omittitur
3443 5241 3459 5279 :
3492 5240 3519 5295 Δι
3542 5233 3609 5295 _et_
3633 5223 3894 5281 humanm

2325 5291 2517 5349 animae
2540 5297 2780 5364 ejusdem
2806 5295 2942 5372 lucis
2967 5302 3022 5348 et
3056 5292 3337 5362 sapientia:
3363 5291 3707 5362 participium
3739 5309 3894 5348 sum.

2324 5377 2566 5435 DSCTIIRL
2598 5386 2620 5417 ι
2817 5432 2846 5435 Α
2877 5434 2886 5435 7
2945 5418 2952 5435 Σ
3616 5430 3629 5435 Δ
3765 5433 3774 5435 _

2314 5418 2347 5505 ιξ
2374 5418 2634 5505 ’(‘lOlSie
2651 5450 2782 5490 mss.
2815 5418 3151 5505 Editivero:
3183 5446 3206 5480 ι
3240 5445 3346 5505 non
3375 5430 3729 5505 autem_sicnt
3763 5433 3884 5502 ipsa

2322 5501 2503 5558 Patris
2528 5514 2582 5557 et
2605 5503 2794 5560 Filii...
2833 5502 3172 5570 participium
3199 5501 3384 5566 trahit,
3419 5515 3538 5569 quae
3561 5501 3891 5570 incorrupta

2322 5582 2486 5656 estet
2529 5585 2749 5637 aeterna.
2805 5570 2955 5630 Unde
2987 5572 3142 5627 valde
3177 5570 3507 5628 conveniens
3538 5579 3589 5625 et
3632 5585 3892 5628 necessa-

2324 5654 2463 5700 rium
2493 5654 2595 5700 est.
2625 5661 2644 5695 s

2397 5714 2510 5785 (7|)
2549 5714 2659 5770 Dei.
2713 5712 2870 5769 Deest
2917 5717 2969 5768 in
3013 5712 3207 5781 editis,
3259 5711 3353 5769 sed
3381 5711 3615 5794 habetur
3645 5707 3700 5788 in
3753 5723 3887 5768 mss.
