4074 6308
693 517 805 581 ιὶθ

2167 499 2490 573 ORIGFﬁIS

3819 526 3920 582 £20

697 646 948 687 consensu
986 631 1058 684 ad
1099 638 1319 700 tempus,
1377 637 1434 683 ut
1474 631 1662 684 vacetis
1697 632 1949 699 orationi,
1987 642 2034 686 et
2062 633 2252 687 iterum

2360 633 2540 704 μεῖζον
2585 631 2999 703 ἀναπέμπεσθαι
3047 633 3268 689 δύναται
3309 634 3541 700 εὐώδους
3573 635 3730 707 λόγου
3766 641 3924 712 εὐχῆς

699 723 1022 780 revertimini
1044 723 1099 774 in
1121 722 1374 790 ldipsum,
1407 737 1469 774 ne
1489 730 1646 774 tentet
1676 713 1764 776 vos
1787 723 2018 777 Satanas
2049 734 2263 792 propter

698 813 1126 878 incontinentiam
1151 821 1370 865 uestram
1399 810 1572 865 ‘.'His
1604 812 1750 865 enim
1781 813 1966 866 modus
1995 814 2261 866 orationis

699 902 911 955 debitus
944 901 1255 970 impeditur,
1289 901 1388 954 nisi
1431 902 1596 954 etiam
1655 900 1745 956 ille
1795 911 1954 956 actus
2005 903 2260 969 nuptialis

696 994 889 1048 secreti
910 981 974 1046 de
1000 1007 1107 1061 quo
1140 992 1374 1046 maxime
1402 993 1564 1047 silere
1586 994 1760 1055 decet,
1785 1001 1838 1046 et
1883 993 2080 1055 rarius,
2106 995 2260 1047 seda-

699 1083 946 1152 tioreque
969 1083 1152 1136 animo
1178 1094 1240 1136 a‘c
1272 1083 1452 1135 minus
1479 1082 1756 1150 impotenti
1791 1081 1917 1134 (lat:
1950 1097 2070 1135 cum
2095 1083 2140 1135 is
2166 1083 2257 1149 qui

698 1176 787 1228 hic
819 1175 1018 1228 dicitur
1051 1188 1345 1228 consensus
1382 1172 1710 1226 discordiam
1757 1171 1923 1224 animi
1970 1171 2258 1225 affectuum
2281 1224 2294 1234 ,

695 1272 981 1323 evanidam
1024 1269 1232 1332 reddat,
1265 1275 1570 1320 consumat.
1608 1265 2077 1327 incontinentiam,
2130 1279 2260 1333 gau-

694 1360 1018 1427 dentemque
1048 1358 1202 1411 malis
1243 1359 1445 1410 nostris
1479 1356 1734 1409 Satanam
1764 1357 2066 1421 prohibeat.
2115 1356 2254 1407 Prae-

698 1460 844 1504 terea
877 1451 1147 1516 quomodo
1189 1450 1263 1504 sit
1300 1449 1587 1511 orandum,
1622 1458 1676 1499 et
1712 1445 1839 1498 illud
1895 1446 2088 1498 docet:
2128 1444 2259 1498 Cum

697 1539 900 1590 stabilis
939 1539 1007 1590 ad
1035 1538 1313 1602 orandum,
1353 1539 1603 1589 dimittite
1630 1539 1675 1588 si
1695 1537 1819 1604 quid
1857 1536 2054 1589 habetis
2077 1537 2262 1588 adver-

692 1644 780 1681 sus
808 1629 1031 1698 aliquem
1067 1629 1110 1680 ’.
1129 1627 1196 1681 Et
1219 1628 1359 1694 quod
1382 1628 1539 1680 habet
1561 1627 1788 1679 Paulus:
1818 1625 2258 1696 Omnisyirorans

693 1726 782 1770 aut
821 1716 1131 1782 prophetam
1159 1715 1324 1768 velato
1380 1719 1566 1781 capite,
1601 1718 1838 1783 deturpat
1886 1726 2040 1780 caput
2070 1733 2258 1781 suum;

692 1806 859 1855 omnis
888 1811 1064 1854 autem
1095 1803 1282 1854 mulier
1308 1817 1465 1854 orans
1488 1811 1576 1853 aut
1617 1803 1933 1868 prophetam
1962 1816 2067 1853 non
2093 1800 2258 1852 velato

691 1891 879 1956 capite,
929 1889 1168 1956 deturpat
1223 1899 1377 1957 caput
1431 1890 1670 1953 suum‘;
1719 1890 1770 1940 id
1820 1889 2038 1942 modum
2067 1891 2254 1943 orandi

691 1980 909 2045 praebet.
947 1979 1076 2044 Quae
1101 1994 1224 2031 eum
1243 1981 1422 2032 omnia
1444 1981 1610 2033 sciret
1646 1978 1844 2033 Paulus
1871 1981 2064 2046 hisque
2091 1980 2259 2033 multo
2293 1966 2330 2018 Β

689 2068 841 2135 plura
870 2079 918 2122 et
952 2084 982 2122 a
1009 2068 1124 2136 lege
1155 2077 1209 2121 et
1234 2085 1263 2120 a
1299 2069 1575 2136 prophetis
1603 2076 1655 2120 et
1681 2069 1748 2119 ab
1794 2067 2103 2135 evangelica
2143 2067 2257 2137 ple-

691 2158 934 2210 nitudine
988 2158 1312 2225 depromere
1361 2166 1566 2224 posset,
1611 2167 1666 2211 et
1739 2159 1888 2211 varie.
1931 2159 2141 2224 singula
2199 2174 2260 2214 ac

689 2250 906 2317 copiose
933 2261 1246 2317 exponere;
1281 2263 1388 2302 non
1430 2249 1672 2302 modesta
1718 2256 1925 2301 tantum
1968 2259 2142 2302 mente
2167 2252 2258 2303 sed

687 2341 886 2404 veraci,
913 2340 1101 2394 videns
1124 2349 1243 2408 post
1279 2340 1393 2392 haec
1427 2338 1588 2408 199
1618 2341 1795 2393 omnia
1827 2351 2084 2409 quantum
2118 2340 2259 2393 absit

689 2430 814 2494 quin
855 2428 990 2480 sciat
1015 2427 1143 2494 quid
1176 2427 1441 2482 orandum
1467 2430 1542 2482 sit
1563 2429 1703 2482 sicut
1734 2439 1964 2496 oportet,
1990 2431 2090 2483 ait:
2119 2429 2257 2494 Quid

686 2535 891 2572 oremus
915 2519 1051 2572 sicut
1086 2527 1287 2585 oportet
1316 2521 1571 2572 nescimus
1607 2519 1648 2573 ⁵.
1679 2518 1734 2572 ld
1759 2530 1938 2572 autem
1969 2522 2092 2574 huic
2139 2537 2254 2574 ser-

689 2608 831 2660 moni
861 2605 1155 2676 subjungit,
1181 2607 1320 2660 unde
1352 2606 1599 2660 delectus
1624 2606 1713 2659 ille
1745 2608 1982 2673 suppleri
2019 2611 2184 2675 possit
2210 2610 2254 2661 ei

685 2699 778 2767 qui
829 2701 1000 2752 nescit
1067 2697 1306 2766 quidem,
1366 2713 1426 2753 se
1482 2707 1662 2751 tamen
1726 2700 1982 2754 exhibere
2029 2712 2258 2753 conatur

688 2790 909 2855 dignum
942 2786 1094 2854 cuius
1126 2787 1368 2842 defectus
1419 2788 1753 2857 suppleatur.
1794 2789 1883 2842 Ait
1916 2790 2058 2842 enim
2087 2807 2100 2845 :
2140 2790 2256 2858 Ipse

689 2878 918 2946 Spiritus
955 2879 1178 2947 postulat
1213 2879 1353 2946 apud
1390 2878 1556 2932 Deum
1580 2881 1852 2948 gemitibus
1883 2882 2255 2934 inenarrabili-

688 2971 804 3024 bus.
859 2969 966 3034 Qui
986 2979 1161 3022 autem
1206 2981 1476 3023 scrutatur
1496 2972 1678 3033 corda,
1700 2973 1795 3022 scit
1821 2971 1951 3038 quid
2000 2971 2254 3023 desideret

688 3057 946 3123 Spiritus,
979 3059 1101 3127 quia
1129 3060 1410 3112 secundum
1436 3059 1601 3111 Deum
1629 3060 1977 3126 postulanpro
1995 3062 2186 3112 sanctis
2210 3062 2249 3115 '.

688 3154 790 3220 Qui
857 3164 1031 3208 autem
1081 3155 1133 3207 in
1203 3158 1485 3209 beatorum
1539 3157 1790 3208 cordibus
1842 3155 2059 3216 clantat,
2111 3153 2252 3205 Abba

685 3255 832 3312 pater
855 3246 897 3308 ⁸,
927 3246 1184 3313 Spiritus,
1217 3247 1396 3299 sciens
1429 3248 1670 3313 apprime
1702 3260 1795 3300 eos
1821 3247 1911 3314 qui
1941 3247 2255 3299 ceciderunt
2283 3282 2325 3338 ϐ

687 3347 780 3390 aut
807 3337 1129 3404 transgressi
1157 3346 1301 3399 sunt,
1355 3336 1517 3389 editis
1553 3338 1604 3387 in
1636 3338 1737 3389 hoc
1778 3336 2131 3390 tabernaculo
2165 3350 2257 3403 ge-

689 3427 908 3479 mitibus
951 3428 1226 3494 aggravari
1283 3426 1473 3493 magis,
1512 3441 1672 3493 quam
1723 3426 1912 3488 levari,
1966 3426 2257 3495 gemitibus

687 3514 1142 3568 ineuarrabilibus
1185 3516 1417 3582 postulat
1451 3515 1588 3580 apud
1645 3514 1834 3576 Deum,
1873 3525 2090 3567 nostros
2142 3513 2257 3581 ipse

684 3605 917 3673 gemitus
952 3618 1049 3672 pro
1088 3619 1183 3654 sua
1209 3605 1544 3655 humanitate
1577 3618 1640 3654 ac
1683 3602 2054 3656 misericordia
2086 3617 2144 3654 su
2182 3601 2258 3653 ci-

685 3693 857 3760 piens.
903 3691 1104 3744 Videus
1133 3701 1310 3744 autem
1350 3707 1447 3759 pro
1478 3707 1572 3744 sua
1616 3691 2255 3757 sapientia.humiliatam

687 3782 744 3833 in
783 3793 920 3832 terra
954 3781 1183 3832 animam
1234 3781 1498 3832 nostram’
1540 3790 1594 3834 et
1624 3795 1842 3846 corpore
1904 3780 2256 3833 humilitatis“

689 3871 1019 3933 conclusam,
1053 3871 1340 3936 gannitibus
1359 3871 1494 3936 apud
1523 3870 1688 3951 Deum
1725 3869 1960 3936 postulat
2003 3886 2108 3922 non
2139 3870 2257 3938 qui-

688 3963 946 4024 buslibet,
998 3963 1090 4014 sed
1124 3953 1576 4017 inenarrabilibus
1619 3953 1962 4030 quibusdam,
2013 3958 2258 4012 amnibus

687 4052 895 4106 scilicet
928 4068 1243 4104 arcanorum
1303 4053 1575 4103 verborum
1607 4066 1735 4117 qua:
1765 4065 1868 4101 non
1899 4050 2015 4100 licet
2059 4048 2256 4099 homini

685 4142 828 4208 loqui
861 4142 901 4194 '.
933 4141 1029 4194 llic
1051 4153 1233 4194 autem
1253 4141 1486 4208 Spiritus
1517 4154 1620 4190 non
1652 4147 1934 4192 contentus
1961 4139 2253 4205 postulare,

688 4230 982 4283 intensiore
1010 4231 1256 4284 oratione
1288 4232 1455 4281 utitur
1489 4239 1543 4280 et
1563 4225 1982 4294 superpostulat,
2027 4240 2124 4293 pro
2169 4226 2255 4285 iis,

689 4335 806 4372 mea
848 4320 1061 4386 quidem
1113 4321 1400 4380 sentenlia,
1462 4318 1550 4384 qui
1604 4326 1885 4383 superant,
1929 4316 2105 4382 qualis
2139 4325 2256 4366 erat

686 4410 886 4463 Paulus
915 4425 1034 4462 cum
1062 4412 1295 4463 diceret:
1319 4409 1422 4459 Sed
1445 4409 1497 4459 iu
1516 4409 1595 4457 his
1615 4406 1848 4458 omnibus
1866 4420 2170 4471 superamus
2191 4405 2252 4455 ‘°.

686 4499 972 4553 Probabile
1031 4509 1111 4551 est
1167 4509 1344 4551 autem
1398 4512 1494 4562 pro
1540 4499 1620 4549 his
1673 4505 1879 4546 tantum
1920 4509 2042 4546 eum
2098 4508 2257 4545 orare

2361 721 2811 793 προσφερομένης
2855 723 2964 775 ἀπὸ
2997 725 3297 788 συνειδότος
3335 727 3410 796 μὴ
3445 726 3660 797 εχοντος
3693 730 3924 794 δυσῶδες

2360 810 2466 863 ἀπὺ
2505 811 2603 879 τῆς
2634 810 2938 879 ἁμαρτίας
2976 813 3131 864 Ἔστι
3184 813 3240 866 δὲ
3263 814 3356 866 τοῦ
3385 814 3497 884 (90)
3528 818 3662 870 καθὸ
3697 819 3798 883 δεῖ,
3848 820 3920 872 τό·

2358 900 2454 966 Μὴ
2484 902 2866 968 ἀποστερεῖτε
2887 903 3220 970 ἀλλήλους,
3251 906 3362 958 ἐὰν
3385 907 3472 976 μή
3505 923 3560 960 τι
3584 909 3653 962 ἐκ
3683 927 3922 980 συμφω-

2359 988 2492 1053 νίας
2505 988 2653 1055 πρὸς
2667 989 2894 1055 καιρὸν,
2911 991 3011 1044 ἵνα
3025 993 3370 1061 σχολάσητε
3386 994 3586 1066 (91)τῇ
3596 999 3924 1069 προσευχῇ,

2359 1082 2456 1133 καὶ
2487 1079 2674 1134 πάλιν
2703 1081 2802 1134 ἐπὶ
2828 1081 2895 1134 τὸ
2922 1081 3068 1136 αὐτὸ
3108 1079 3235 1152 ἦτε,
3261 1086 3362 1138 ινα
3391 1086 3478 1155 μὴ
3509 1087 3767 1156 ἐπιχαρῇ
3791 1090 3928 1158 ὑμῖν
3978 1119 3981 1122 -

2360 1173 2392 1222 ὀ
2408 1169 2677 1236 Σατανᾶς
2692 1170 2791 1224 διὰ
2805 1172 2919 1238 τὴν
2937 1174 3236 1241 ἀκρασίαν
3254 1175 3420 1242 ὑμῶν
3433 1193 3447 1208 ο
3478 1177 3565 1229 διὰ
3583 1178 3788 1232 τούτων
3822 1180 3924 1249 (92)

2359 1255 2466 1332 γάρ
2497 1264 2844 1331 ἑμποδίζεται
2877 1265 2938 1317 τὸ
2977 1266 3108 1318 καθὸ
3139 1267 3240 1329 δεῖ,
3273 1267 3365 1320 ἐὰν
3399 1268 3472 1340 μὴ
3506 1270 3606 1333 καὶ,
3643 1270 3753 1321 τῶν
3792 1271 3929 1323 κατά

2370 1347 2451 1399 τὸν
2478 1352 2651 1429 γάμον
2683 1351 2987 1406 σιωπᾶσθαι
3026 1353 3191 1418 ἀξίων
3219 1353 3529 1424 μυστηρίων
3560 1356 3620 1412 τὺ
3645 1354 3809 1424 ἔργον
3837 1368 3922 1404 σι-

2365 1440 2621 1510 μνότερον
2651 1443 2745 1494 καὶ
2774 1441 3095 1512 βραδύτερον
3125 1444 3236 1512 (93)
3263 1446 3356 1496 καὶ
3378 1443 3746 1514 άπαθίστερον
3769 1444 3923 1515 γίνη-

2361 1547 2478 1583 ται’
2509 1533 2606 1601 τῆς
2639 1532 2943 1606 ⁸λεγομένης
2973 1534 3206 1587 ὲνθαῦθα
3236 1535 3550 1605 συμφωνίας
3575 1536 3636 1587 τὸ
3664 1534 3926 1605 ἀσύμφω-

2362 1636 2450 1672 νον
2479 1621 2572 1672 τοῦ
2605 1620 2808 1684 πάθους
2838 1621 3222 1693 ἀφανιζούσης,
3263 1623 3357 1676 ua).
3398 1625 3498 1694 τὴν
3529 1624 3802 1693 ἀκρασίαν
3839 1625 3927 1676 ἀν-

2362 1711 2584 1764 αλισκού
2591 1729 2708 1783 σης,
2722 1713 2813 1766 τοῦ
2823 1731 2882 1765 τε
2894 1715 3104 1767 Σατανᾶ
3121 1714 3180 1766 τὸ
3190 1715 3677 1784 ὲπιχαιρησίκακον
3700 1713 3930 1767 κωλυοῶ

2361 1817 2460 1872 σης
2484 1801 2614 1872 (94).
2637 1804 2779 1872 Πρὸς
2797 1803 3005 1865 τούτοις
3027 1801 3118 1854 τοῦ
3139 1801 3274 1854 καθὸ
3295 1802 3377 1854 δεῖ
3395 1805 3508 1876 ἐστι
3532 1802 3928 1866 διδασκαλικὸν,

2359 1893 2436 1942 τόδ
2474 1893 2614 1946 Ἐὰν
2634 1893 2898 1962 στήκητε
2922 1895 3422 1961 προσευχόμενοι,
3452 1893 3675 1961 ἀφίετε,
3699 1894 3759 1946 εί
3784 1911 3838 1946 τι
3859 1893 3932 1946 ἂν

2360 1979 2536 2047 ἔχητε
2557 1979 2705 2034 κατὰ
2733 1996 2918 2047 τινοςξ
2943 1981 3053 2034 Καὶ
3084 1982 3144 2033 τὸ
3173 1980 3326 2051 παρά
3354 1981 3431 2050 τῷ
3457 1980 3650 2050 Παύλῳ
3677 1982 3738 2033 δέ
3757 1998 3772 2010 ·
3807 1981 3929 2046 Πᾶς

2361 2069 2514 2136 ἀνὴρ
2563 2071 2888 2140 εὐχόμενος
2939 2070 2978 2138 ἦ
3032 2072 3422 2139 προφητεύων
3469 2070 3620 2124 κατὰ
3662 2071 3931 2139 κεφαλῆς

2360 2161 2534 2229 ἔχων,
2564 2163 2948 2229 καταισχύνει
2972 2162 3087 2228 τὴν
3110 2162 3386 2230 κεφαλὴν
3421 2162 3605 2215 αὑτοῦ
3628 2179 3642 2191 ·
3678 2161 3850 2216 πᾶσα
3867 2162 3932 2214 δὲ

2359 2252 2534 2320 γυνὴ,
2575 2250 3025 2318 προσευχομένη
3059 2251 3097 2317 ἢ
3135 2251 3595 2319 προφητεύουσα
3634 2251 3932 2304 ἀκατακα-

2358 2343 2561 2403 λύπτῳ
2585 2341 2694 2410 (95)
2719 2341 2794 2408 τῇ
2823 2339 3078 2407 κεφαλῇ,
3114 2340 3499 2406 καταισχύνει
3521 2338 3636 2406 τὴν
3657 2338 3935 2406 κεφαλὴν

2358 2431 2594 2497 ἑαυτῆς,
2621 2431 2713 2482 τοῦ
2732 2430 2864 2482 καθὸ
2880 2431 2962 2482 δεῖ
2982 2431 3099 2482 ἐστι
3121 2430 3543 2499 παραστατικόν.
3581 2428 3743 2481 ’Δλλά
3765 2429 3936 2483 ταῦτα

2361 2523 2534 2574 πάντα
2554 2521 2912 2589 ἐπιστάμενος
2935 2517 3164 2581 Παῦλος,
3180 2519 3274 2572 καὶ
3287 2517 3487 2570 τούτων
3503 2517 3933 2572 πολλαπλασίονα

2358 2613 2464 2664 ἀπὸ
2484 2612 2646 2681 νόμου
2664 2613 2754 2665 καὶ
2772 2611 3061 2682 προφητῶν
3079 2609 3172 2663 τοῦ
3184 2625 3242 2660 τε
3257 2608 3606 2677 εὐαγγελικοῦ
3628 2608 3933 2679 πληρώμα-

2357 2720 2446 2764 τος
2479 2702 2817 2772 παραθέσθαι
2849 2703 3139 2772 δυνάμενος
3175 2701 3309 2770 μετά
3330 2699 3696 2767 ποικιλότητος
3731 2699 3829 2765 τῆς
3860 2701 3936 2760 εἰς

2357 2794 2581 2846 ἕκαστον
2597 2793 2912 2862 διηγήσεως,
2929 2791 3036 2842 ἀπὸ
3053 2789 3342 2851 διαθέσεως
3359 2790 3419 2842 οὐ
3439 2787 3839 2859 μετριαζούσης
3852 2787 3938 2856 μό-

2357 2899 2465 2944 νον,
2500 2881 2632 2931 ἀλλά
2663 2881 2754 2933 καὶ
2788 2878 3152 2948 ἀληθευούσης
3186 2877 3378 2947 φησίν·
3409 2876 3548 2948 ὁρῶν
3578 2874 3633 2925 δὲ
3668 2875 3767 2926 καὶ
3803 2873 3936 2942 μετά

2356 2969 2528 3024 ταῦτα
2549 2969 2722 3021 πάντα
2754 2970 2874 3021 ὅσον
2909 2967 3261 3020 ἀπολείπεται
3298 2965 3388 3018 τοῦ
3416 2965 3610 3018 ειδέναι
3643 2961 3938 3035 προσεύξα-

2359 3061 2480 3112 σθαι
2501 3060 2554 3112 τί
2577 3059 2656 3112 δεῖ
2673 3050 2803 3111 καθὸ
2822 3059 2917 3109 δεῖ·
2939 3059 2998 3109 τὸ
3019 3059 3074 3109 δὲ
3099 3057 3186 3109 ὅτι
3211 3055 3648 3124 προσεύξασθαι
3674 3054 3775 3105 δεῖ
3790 3053 3933 3107 καθὸ

2357 3148 2452 3200 δεῖ
2477 3150 2588 3201 οὐκ
2612 3148 2875 3213 οῖδαμεν.
2914 3147 3020 3197 Καὶ
3047 3145 3202 3195 τοῦτο
3237 3143 3344 3211 (96)
3371 3143 3449 3210 τῷ
3478 3142 3620 3209 λόγῳ
3648 3138 3938 3208 προστίθη-

2361 3254 2464 3299 σιν,
2490 3236 2610 3289 ὅθεν
2634 3234 3039 3305 ἀναπληροῦται
3065 3235 3124 3284 τὸ
3148 3233 3390 3285 ἐλλεῖπον
3411 3231 3488 3299 τῷ
3517 3231 3590 3299 μὴ
3624 3229 3792 3280 εἰδότι
3819 3229 3933 3297 μὲν,

2358 3328 2547 3382 ἑαυτὸν
2580 3327 2637 3378 δὲ
2671 3326 2820 3388 ἄξιον
2859 3324 2954 3375 τοῦ
2990 3322 3447 3391 ἀναπληρωθῆναι
3482 3323 3539 3373 ὲν
3571 3317 3724 3386 αὺτῷ
3756 3318 3821 3368 τὸ
3853 3317 3936 3369 ἑλ-

2357 3419 2561 3478 λεῖπον,
2619 3414 3133 3485 παρασκευάσαντι”
3185 3411 3332 3478 λέγει
3374 3411 3500 3480 γάρ,
3546 3412 3626 3461 ὅτι
3657 3408 3815 3460 Αὐτὸ
3873 3407 3938 3459 τὸ

2356 3506 2597 3572 Πνεῦμα
2649 3503 3002 3570 στεναγμοῖς
3054 3500 3379 3564 ἀλαλήτοις
3426 3498 3934 3567 ὑπερεντυγχάνει

2358 3594 2437 3659 τῷ
2473 3594 2592 3658 Θεῷ
2614 3612 2626 3623 ⁸
2677 3597 2709 3645 ό
2755 3591 2822 3643 δὲ
2860 3591 3119 3657 ἐρευνῶν
3150 3590 3254 3654 τὰς
3303 3589 3548 3655 καρδίας
3593 3587 3720 3639 οἶδε
3763 3589 3823 3640 τί
3871 3588 3935 3639 τὸ

2357 3689 2630 3754 φρόνημα
2660 3685 2764 3736 τοῦ
2786 3684 3148 3751 Πνεύματος,
3173 3680 3262 3733 ὅτι
3288 3681 3435 3752 κατὰ
3466 3679 3612 3731 Θεὸν
3632 3677 3932 3747 ἐντυγχά-

2357 3795 2442 3830 νει
2464 3776 2616 3846 ὐπὲρ
2639 3776 2844 3842 ἁγίων.
2862 3774 2934 3826 Τὸ
2959 3773 3016 3824 δὲ
3036 3774 3092 3823 ὲν
3117 3774 3234 3833 ταῖς
3255 3771 3499 3840 καρδίαις
3519 3769 3623 3822 τῶν
3645 3770 3936 3838 μακαρίων

2358 3865 2579 3938 κρᾶζον,
2627 3864 2788 3917 Ἀϐϐᾶ
2821 3867 2852 3916 ὀ
2887 3861 3102 3928 πατὴρ,
3132 3859 3378 3929 Πνεῦμα,
3414 3860 3781 3927 ἐπιστάμενον
3819 3861 3939 3910 ἑπι-

2361 3957 2537 4026 μελῶς
2565 3957 2690 4018 τοὺς
2716 3957 2772 4008 ὲν
2802 3952 2878 4022 τῷ
2910 3955 3096 4022 σκήνει
3131 3952 3488 4018 στεναγμοὺς,
3517 3949 3700 4014 ἀξίους
3729 3951 3933 4019 τυγχά-

2359 4061 2545 4104 νοντας
2569 4046 2648 4104 είς
2672 4042 2730 4093 τὸ
2764 4041 2990 4110 βαρῦναι
3014 4039 3122 4107 (97)
3153 4039 3278 4100 τοὺς
3302 4038 3655 4099 πεπτωκότας
3686 4037 3719 4106 ἢ
3751 4055 3937 4108 παρα-

2357 4131 2678 4201 ϐεϐηκότας,
2711 4129 3031 4196 στεναγμοῖς
3054 4124 3338 4193 ἀλαλήτοις
3360 4125 3828 4192 ὑπερεντυγχάνει
3860 4123 3936 4195 τῷ

2538 4221 2664 4279 τοὺς
2705 4216 3005 4286 ἡμετέρους
3038 4214 3126 4266 διά
3158 4215 3254 4284 τὴν
3294 4215 3488 4282 πολλὴν
3524 4212 3936 4283 φιλανθρωπίαν

2361 4292 2830 4377 ῶκσυμπάθειαν
2863 4306 3254 4375 ἀναδεχόμενον
3291 4304 3644 4373 στεναγμούς.
3677 4305 3846 4358 Κατὰ
3879 4305 3934 4357 δὲ

2360 4400 2453 4468 τὴν
2501 4401 2558 4450 ὲν
2591 4397 2738 4464 αὐτῷ
2786 4395 2976 4474 σοφίαν
3009 4395 3149 4465 ὁρῶν
3181 4395 3296 4461 τὴν
3343 4392 3820 4446 ταπεινωθεῖσαν
3850 4399 3936 4459 εὶς

2361 4489 2510 4556 χοῦν
2535 4487 2746 4554 ψυχὴν
2777 4486 2962 4552 ἡμῶν,
3001 4487 3096 4538 καί
3127 4487 3198 4537 ἐν
3229 4483 3306 4547 τῷ
3336 4481 3558 4550 σώματι
3589 4480 3700 4547 τῆς
3736 4497 3936 4536 ταπει-

690 4589 780 4655 qui
819 4603 917 4640 nec
951 4588 1086 4640 tales
1113 4599 1236 4640 sunt
1265 4599 1318 4641 ut
1345 4595 1622 4655 superent,
1674 4601 1770 4637 nec
1807 4585 1938 4635 tales
1973 4584 2137 4634 etiam
2187 4591 2252 4632 ιιι

2361 4578 2595 4641 νώσεως
2628 4575 3072 4643 καθειργμένην,
3113 4575 3172 4626 οὐ
3214 4577 3323 4634 τοῖς
3350 4571 3568 4640 τυχοῦσι
3603 4576 3934 4642 στεναγμοῖς

2289 4628 2327 4678 D

689 4679 995 4739 vincantur,
1031 4679 1120 4729 sed
1170 4677 1258 4743 qui
1297 4677 1539 4727 vincunt.
1575 4674 1740 4728 Porro
1770 4674 1894 4725 huic
1928 4673 2082 4723 loco:
2113 4670 2250 4732 Quid

687 4783 889 4819 oremus
918 4769 1048 4819 sicut
1083 4775 1274 4834 oportet
1321 4768 1570 4818 nescimus
1597 4781 1614 4828 ,'
1645 4768 1730 4816 sed
1758 4765 1864 4830 ipse
1896 4762 2124 4832 Spiritus
2160 4779 2251 4826 po-

766 4916 780 4945 ¹
815 4917 833 4968 Ι
867 4916 988 4970 Cor.
1026 4933 1116 4972 vn,
1303 4917 1322 4944 ²
1351 4913 1508 4965 Maro.
1542 4928 1612 4975 ιι,
1641 4913 1731 4966 ‘25.

691 4999 840 5048 mu,
872 4987 958 5038 23.
1035 4986 1055 5013 ⁸
1081 4984 1312 5050 Philipp.
1342 4999 1420 5042 ιιι,
1451 4983 1538 5033 21.
1613 4983 1632 5012 ⁹
1667 4982 1713 5034 ll
1746 4979 1870 5034 Cor.
1903 4993 2000 5041 xu,
2035 4980 2086 5030 4.

769 5135 879 5201 (90)
920 5131 1086 5186 Ἔστι
1112 5133 1176 5186 δὲ
1211 5136 1332 5187 τοῦ.
1373 5135 1612 5187 Bentleio
1643 5135 1991 5187 scribendum
2027 5137 2253 5196 videtur,

691 5203 771 5254 ἔτι
809 5203 862 5253 δὲ
892 5203 1004 5254 τοῦ.

768 5272 879 5339 (91)
919 5272 1282 5338 Σχολάσητε.
1341 5271 1430 5324 Sic
1486 5282 1631 5325 recte
1688 5275 1848 5325 habet
1907 5272 2072 5324 codex
2121 5290 2253 5336 ms.;

699 5341 838 5392 male
874 5350 1049 5391 aittem
1087 5344 1248 5393 editio
1281 5340 1601 5394 Oxoiiicusis
1645 5341 1959 5410 σχολάζητε.
1996 5340 2113 5390 Mox
2167 5359 2253 5391 ca—

699 5409 818 5461 dem
852 5410 1015 5460 editio
1049 5410 1227 5469 habet,
1260 5414 1324 5476 τῇ
1360 5410 1580 5477 νηστεία
1607 5411 1701 5461 καὶ
1732 5412 1796 5478 τῇ
1831 5412 2121 5478 προσευχῇ,
2171 5425 2258 5461 ve-

703 5493 820 5528 rum
856 5492 883 5526 a
915 5491 1011 5528 ms.
1041 5478 1224 5547 codice
1257 5483 1407 5547 abest
1436 5482 1498 5546 τῇ
1531 5480 1749 5547 νηστείᾳ
1786 5480 1896 5529 καί.
1935 5477 2100 5528 Paulo
2137 5487 2255 5544 pust

701 5561 796 5609 pro
831 5548 1057 5613 ἐπιχαρῇ
1095 5546 1241 5613 ὑμῖν,
1292 5546 1483 5612 legitur
1532 5549 1582 5596 in
1623 5546 1768 5599 textu
1819 5547 2080 5611 vulgato!
2127 5549 2248 5599 (Lor.

700 5629 795 5668 VII.
825 5615 876 5672 5,
910 5615 1140 5682 πειράζῃ
1178 5616 1338 5680 ὑμᾶς.

770 5682 899 5749 (9:2)
940 5680 1042 5734 Διὰ
1096 5680 1336 5732 τούτων.
1384 5680 1477 5750 Ιιτιῌ
1507 5683 1672 5750 codex
1727 5698 1825 5733 ms.
1867 5684 1917 5734 in
1963 5699 2069 5750 quo
2117 5682 2254 5735 male

700 5746 851 5802 antea
884 5746 1088 5802 lectum
1118 5761 1228 5812 est,
1257 5750 1343 5800 διὰ
1387 5746 1560 5818 τοῦτο.
1602 5748 1766 5818 Paulo
1810 5762 1932 5818 post
1971 5746 2171 5817 optime
2204 5754 2254 5802 in

697 5820 881 5872 codice
918 5836 1014 5872 ius.
1065 5821 1278 5885 legitur,
1315 5818 1407 5868 ὲὰν
1445 5817 1518 5888 μὴ
1559 5817 1825 5888 καὶδτῶνζ
1861 5834 1955 5871 nec
1984 5822 2256 5873 omittitur

693 5888 796 5958 μήθ
827 5889 1360 5958 (ιυριιιυιιιιιυύιιιιιιὶιι
1393 5885 1627 5942 editione
1654 5885 1966 5942 Oxoniensi.

1826 4909 1845 4939 ⁸
1876 4909 1893 4961 l
1925 4909 2050 4961 Cor.
2086 4927 2158 4969 χι,
2191 4913 2241 4971 4,
2281 4912 2330 4963 5.

2337 5816 2817 5888 ⁴Ιιᾷίο-δειυίιξειιιιιιιιι
2850 5816 3080 5888 videtur,
3112 5823 3210 5874 οὐκ
3231 5816 3420 5885 ’ἀξίους
3445 5816 3678 5884 τυγχάνο

2360 4669 2635 4740 χρώμενον
2661 4669 3116 4736 ὑπερεντυννάνρι
3141 4666 3219 4717 τῶ
3241 4663 3378 4733 Θεῷ,
3397 4663 3532 4717 ἀλλά
3553 4680 3692 4715 τισιν
3723 4663 3932 4736 ἀλαλή-

2359 4777 2468 4821 τοις
2505 4760 2778 4828 ὲχομένοιη,
2817 4776 2930 4810 των
2956 4758 3226 4824 αρῤήτων
3256 4757 3471 4824 λόγων,
3501 4748 3588 4806 ὧν
3617 4755 3734 4806 οὐκ
3760 4755 3935 4806 ἔστιν

2407 4911 2427 4940 ⁸
2453 4912 2610 4965 Rom.
2642 4929 2756 4978 VIII,
2789 4914 2862 4969 26
2955 4912 3133 4968 'ibid.
3229 4914 3249 4944 ‘
3281 4913 3451 4968 Galat.
3488 4928 3562 4977 tv,
3599 4909 3651 4964 6.
3731 4912 3756 4944 '
3787 4911 3938 4969 Psal.

2168 4980 2209 5008 ¹⁰
2241 4981 2396 5032 Rom.
2428 4997 2543 5044 vui,
2578 4984 2666 5036 57.

2587 5137 2971 5209 Βμιδύξιιγχινν.
3013 5136 3168 5209 [tegit
3191 5133 3465 5209 Bentleius
3494 5133 3854 5209 βραχύτερον,

2434 5206 2967 5275 (94)-Κωλιινούσης.
3017 5204 3259 5258 Bentlcio
3290 5207 3505 5257 videtur
3543 5204 3935 5275 scribendum,

2363 5272 2704 5341 κολουούσης.
2947 5339 2953 5341 _
3154 5339 3172 5341 ᾉ
3361 5293 3363 5298 ί
3731 5330 3733 5333 ι

2434 5342 2545 5410 (95)
2601 5339 3105 5403 Ἁκατακαλύπτφ.
3152 5339 3228 5392 lta
3274 5348 3431 5410 recte
3485 5355 3552 5394 ex
3594 5357 3697 5396 ms.
3745 5347 3939 5402 codice

2361 5407 2681 5481 emendatur
2725 5410 2943 5481 σφάλμα
2982 5410 3236 5463 editionis
3261 5407 3583 5466 Oxoniensis
3610 5413 3664 5464 in
3700 5429 3816 5481 qua
3857 5419 3931 5468 le-

2361 5478 2522 5546 gitur,
2553 5478 2934 5546 άκαταλύπτῳ.
3348 5499 3351 5502 ’

2431 5546 2540 5614 (96)
2589 5547 2782 5598 Τοῦτο.
2831 5545 2921 5599 Sic
2951 5547 3115 5600 codex
3169 5561 3302 5608 ms.;
3350 5545 3493 5599 male
3539 5556 3726 5599 autem
3765 5551 3935 5603 editio

2362 5613 2705 5694 0.xouieusjs,
2745 5617 2936 5694 τούτῳ.
2985 5615 3135 5694 Infra.
3171 5617 3354 5694 eadem
3406 5615 3573 5668 editio
3621 5615 3799 5669 habet
3853 5619 3933 5672 ὅτι

2361 5683 2490 5732 αὐτὸ
2523 5682 2755 5746 πνεῦμα,
2799 5682 3001 5736 omisso
3037 5684 3266 5736 articulo
3293 5683 3373 5735 τό.
3937 5693 3944 5698 ”

2434 5749 2543 5817 (97)
2595 5746 2818 5815 Ἀξίους
2847 5751 3254 5820 τυγχάνοντας
3276 5755 3363 5816 εὶς
3379 5752 3441 5804 τὸ
3463 5746 3754 5814 βαρῦναι.
3781 5750 3937 5805 Bent-

2437 5819 2817 5874 oscribendum
2850 5824 3080 5881 videtur,
3112 5823 3210 5874 οὐκ
3237 5822 3420 5881 ἀξίους
3445 5816 3821 5881 τυγχάνοντας
3851 5821 3932 5881 είς

3679 5834 3821 5884 ντας

2367 5887 2423 5938 τὸ
2455 5883 2737 5956 θαρρῦναι.
