4116 6312
183 544 288 604 ιὲὶ

1363 539 1697 597 LIBELLUS
1733 537 1822 592 DE
1855 532 2230 592 ORATIONE.

3318 529 3424 588 Hi

183 668 475 739 ἀνθρώπῳ
503 665 739 721 λαλεῖν.
772 663 941 719 Τοῦτο
980 664 1038 718 δὲ
1065 662 1124 717 τὸ
1168 659 1396 733 Πνεῦμα
1434 660 1534 715 οὐκ
1563 660 1750 729 ἀρκού-

1862 655 2021 709 stulat
2048 649 2143 726 pro
2175 651 2321 706 nobis
2369 647 2643 721 gemitibus
2690 647 3124 704 inenarrabilibus
3153 647 3221 712 ¹¹,
3253 646 3427 704 amnis

186 780 349 834 μενον
370 760 449 831 τῷ
469 760 817 830 ἐντυγχάνειν
844 756 922 828 τῷ
945 756 1082 828 Θεῷ,
1105 757 1371 816 ἐπιτεῖνον
1399 755 1495 826 τὴν
1517 739 1751 820 ἔντευξιν

184 853 670 924 ὑπερεντυγχάνει·
707 849 817 919 ἐγὼ
846 845 999 921 οἶμαι
1021 852 1103 903 ὅτι
1132 850 1260 920 περὶ
1289 842 1750 917 τῶν¹ὑπερνικὼν-

181 961 324 998 των·
355 945 536 1005 ὁποῖος
579 940 794 1005 Παῦλος
829 935 898 1012 ἦν
943 940 1148 1008 λέγων’
1214 941 1376 994 Ἀλλ’
1420 940 1491 993 ἐν
1525 937 1753 1000 τούτοις

180 1036 380 1091 πᾶσιν
404 1033 834 1102 ὑπερνικῶμεν.
869 1032 1031 1094 Εἰκὸς
1055 1031 1100 1084 δ’
1129 1032 1211 1085 ὅτι
1243 1031 1558 1102 ἐντυγχάνει
1595 1028 1753 1100 μόνον
1778 1027 1781 1030 ’

183 1125 319 1200 περὶ
346 1126 456 1181 τῶν
481 1126 542 1178 οὐ
565 1121 895 1195 τηλικούτων
922 1123 1143 1194 iamsi):
1165 1125 1482 1196 ὑπερνικᾷν,
1503 1122 1564 1175 οὐ
1590 1120 1782 1179 τοιού-.

176 1236 289 1273 των
325 1216 384 1270 δέ
415 1217 576 1272 πάλιν
607 1216 750 1270 ὥστε
782 1215 1053 1280 νικᾶσθαι,
1090 1215 1224 1270 ἀλλὰ
1256 1213 1548 1270 νικώντων.
1605 1211 1754 1281 Ἐχό-

181 1325 351 1378 μενον
375 1308 433 1362 δὲ
454 1306 570 1361 τοῦ·
605 1309 665 1361 Τί
687 1306 756 1360 δὲ
778 1305 874 1360 δεῖ
889 1307 1335 1380 προσεύξασθαι
1363 1304 1509 1361 καθὸ
1533 1303 1626 1358 δεῖ
1644 1305 1755 1358 οὐκ

178 1395 436 1467 οἴδαμεν
453 1415 466 1427 ·
501 1397 662 1451 ἀλλά
685 1395 752 1450 τὸ
783 1398 1024 1467 Πνεῦμα
1053 1394 1406 1464 στεναγμοῖς
1433 1390 1755 1460 ἀλαλήτοις

179 1487 686 1558 ὑπερεντυγχάνει
707 1486 786 1552 τῷ
803 1485 943 1551 Θεῷ,
960 1486 1038 1538 τό·
1060 1484 1468 1556 Προσεύξομαι
1483 1483 1562 1547 τῷ
1579 1483 1756 1535 πνεύ-

177 1597 345 1650 ματι,
369 1577 770 1646 προσεύξομαι
803 1576 869 1629 δὲ
898 1577 994 1630 καὶ
1023 1575 1103 1642 τῷ
1129 1575 1242 1640 νοῒ,
1269 1573 1444 1644 ψαλῶ
1468 1569 1547 1639 τῷ
1573 1574 1753 1625 πνεύ-

178 1686 344 1738 ματι,
383 1667 560 1736 ψαλῶ
589 1666 685 1719 καὶ
707 1652 787 1730 τῷ
819 1668 946 1719 νοτ·
982 1665 1102 1718 οὐδὲ
1137 1664 1246 1736 γὰρ
1277 1663 1496 1718 δύναται
1531 1660 1686 1733 ἡμῶν
1728 1665 1754 1714 ὁ

183 1759 310 1824 νοῦς
351 1757 785 1831 προσεύξασθαι,
832 1757 928 1811 ἐὰν
973 1757 1046 1826 μὴ
1093 1755 1200 1827 πρὸ
1226 1752 1390 1808 αὐτοῦ
1430 1755 1489 1806 τὸ
1533 1752 1755 1824 Πνεῦμα

183 1845 550 1925 προσεύξηται
571 1849 700 1920 (98),
716 1849 874 1902 οἱονεὶ
895 1850 953 1901 ἐν
976 1847 1199 1917 ὑπηκόῳ
1217 1845 1323 1917 (99)
1345 1843 1507 1898 αὐτοῦ
1525 1861 1537 1874 ·
1569 1843 1716 1896 ὥσπε
1725 1862 1755 1914 ρ

181 1946 308 2001 οὐδὲ
331 1944 498 2013 ψᾶλαι
525 1941 621 1993 καὶ
643 1939 931 2012 εὐρύθμως
955 1939 1048 1992 καὶ
1073 1937 1322 2008 ἐμμελῶς
1347 1937 1442 1989 καὶ
1467 1936 1756 2007 ἐμμέτρως

1861 745 1948 799 ille
1963 752 2080 797 est:
2117 741 2294 797 Orabo
2315 741 2527 808 spiritu,
2568 739 2728 793 orabo
2751 749 2800 793 et
2832 751 3016 804 mente,
3061 738 3287 809 psallam
3318 741 3428 808 spi-

1860 837 1986 901 ritu,
2014 832 2238 904 psallam
2265 829 2315 885 et
2338 837 2506 883 mente
2540 831 2602 882 ι’.
2654 829 2836 899 Neque
2880 830 3024 883 enim
3053 844 3212 884 orare
3272 844 3427 885 mens

1860 933 2043 986 nostra
2072 930 2254 994 potest
2281 919 2384 974 nisi
2417 928 2543 973 ante
2567 920 2755 988 ipsam,
2782 934 2952 988 eaque
2974 919 3130 988 quasi
3151 920 3425 987 audiente,

1858 1024 1978 1071 oret
2016 1015 2254 1084 Spiritus
2291 1032 2303 1066 ε
2348 1020 2406 1066 ιιι
2460 1024 2632 1080 neque
2671 1010 2898 1078 psallere
2951 1018 3005 1064 et
3039 1009 3308 1065 modulato
3364 1026 3430 1067 ac

1859 1117 2147 1158 numeroso
2201 1101 2443 1156 carmine
2509 1099 2944 1166 consonantique
2989 1112 3136 1168 ,voce
3207 1098 3430 1153 laudare

1859 1192 2070 1248 Patrem
2104 1193 2156 1246 in
2183 1191 2424 1256 Christo,
2450 1190 2553 1243 nisi
2578 1188 2807 1257 Spiritus
2840 1187 2930 1256 qui
2959 1188 3132 1240 omnia
3162 1197 3430 1240 scrutatur

1861 1287 2016 1338 etiam
2041 1282 2305 1352 profunda
2339 1281 2435 1334 Dei
2470 1280 2513 1310 ¹³
2541 1282 2690 1348 prius
2741 1279 2922 1332 laudet
2946 1288 3000 1333 et
3031 1278 3266 1331 celebret
3300 1293 3426 1332 eum

1861 1374 2014 1443 cujus
2046 1371 2306 1442 profunda
2341 1377 2616 1425 scrutatus
2641 1377 2742 1433 est,
2771 1379 2846 1432 et,
2869 1377 2930 1420 ut
2960 1367 3146 1440 valuit,
3182 1381 3430 1436 compre-

1863 1466 2070 1521 hendit.
2109 1463 2372 1532 Equidem
2403 1460 2654 1516 existimo
2681 1459 2993 1529 quempiam
3029 1473 3060 1512 e
3082 1458 3208 1514 Jesu
3265 1458 3429 1514 disci-

1861 1556 2036 1627 pulis,
2079 1571 2198 1609 cum
2251 1553 2353 1617 sibi
2389 1551 2638 1608 conscius
2681 1560 2825 1607 esset
2858 1543 3133 1621 quantum
3189 1552 3429 1606 bumaua

1862 1646 2201 1702 imbecillitas
2245 1645 2457 1699 abesset
2506 1659 2535 1696 a
2582 1651 2730 1696 recto
2771 1642 2962 1696 orandi
3014 1643 3209 1708 modo;
3263 1644 3432 1712 idque

1861 1741 2094 1794 maxime
2117 1737 2454 1806 cognovisset
2483 1734 2684 1788 auditis
2709 1734 2885 1788 doctis
2918 1742 2972 1788 et
2997 1735 3206 1802 magnis
3227 1749 3431 1788 sermo-

1861 1830 2020 1883 nibus
2048 1842 2187 1898 quos
2217 1826 2465 1880 Salvator
2509 1825 2772 1879 habuerat
2819 1824 2875 1878 in
2938 1837 3032 1878 sua
3083 1827 3150 1877 ad
3209 1823 3427 1880 Patrem

1861 1920 2124 1983 oratione,
2189 1918 2415 1973 Domino
2452 1915 2699 1971 oratione
2737 1914 3000 1984 completa
3035 1915 3236 1969 dixisse
3271 1932 3286 1968 :
3323 1914 3431 1968 Do-

185 2037 280 2092 καὶ
311 2002 616 2104 συμφώνως
656 2002 894 2102 ὑμνῆσαι
923 2030 1013 2083 τὸν
1041 2002 1256 2099 Πατέρα
1290 2029 1346 2082 ἐν
1378 2002 1618 2109 Χριστῷ,
1651 2002 1747 2079 ἐὰν

1853 2013 2020 2077 mine,
2051 2009 2213 2080 200
2245 2008 2368 2062 doce
2403 2024 2496 2062 nos
2536 2022 2709 2072 orare,
2736 2007 2872 2059 sicut
2894 2014 2942 2060 et
2980 2002 3214 2060 Joannes
3248 2007 3428 2060 docuit

188 2129 264 2200 μὴ
300 2126 369 2180 τὸ
397 2125 637 2192 Πνεῦμα
662 2122 728 2174 τὸ
752 2120 948 2175 πάντα
966 2117 1224 2188 ἐρευνῶν
1246 2118 1342 2172 καὶ
1369 2116 1441 2170 τὰ
1461 2116 1621 2184 βάθη
1649 2117 1752 2188 τοῦ

188 2216 357 2280 Θεοῦ,
396 2215 658 2286 πρότερον
687 2212 886 2266 αἰνέσει
917 2211 1011 2264 καὶ
1035 2211 1262 2279 ὑμνήσει
1288 2206 1381 2261 τοῦ
1406 2207 1497 2260 νοῦ
1523 2207 1590 2260 τὰ
1618 2207 1752 2277 βάθη

182 2308 461 2380 ἡρεύνηκε
489 2306 587 2376 (1),
621 2304 714 2357 καὶ
745 2303 821 2366 ὼς
845 2301 1093 2371 ἐξίσχυσε
1127 2299 1468 2370 κατείληφεν.
1519 2297 1659 2365 Ἐγὼ
1699 2297 1754 2349 δὲ

184 2400 368 2468 οἴομαι
393 2396 466 2467 (2)
509 2393 929 2464 συναισθόμενόν
962 2407 1084 2444 τινα
1116 2388 1223 2444 τῶν
1249 2387 1342 2440 τοῦ
1381 2386 1551 2457 Ἰησοῦ
1585 2385 1756 2457 μαθη-

185 2488 295 2543 τῶν
319 2488 420 2557 τῆς
439 2484 783 2555 ἀνθρωπίνης
810 2480 1093 2543 ἀσθενείας
1115 2478 1554 2550 ἀπολειπομένης
1566 2477 1667 2541 ,τοῦ
1697 2476 1753 2528 ὃν

187 2580 386 2652 τρόπον
431 2577 681 2648 εὔχεσθαι
714 2575 814 2639 δεῖ,
862 2575 954 2627 καὶ
995 2563 1228 2642 μάλιστα
1269 2569 1411 2624 τοῦτ’
1458 2568 1751 2638 ἐγνωκότα,

157 2683 160 2685 ‘
185 2672 274 2724 ὅτε
304 2668 682 2738 ἐπιστημόνων
711 2667 803 2720 καὶ
833 2664 1080 2736 μεγάλων
1102 2663 1295 2731 λόγων,
1330 2660 1363 2730 ἦ
1398 2662 1492 2713 καὶ
1517 2660 1753 2734 εύεπαγ-

183 2753 524 2832 γελλομένων
571 2761 646 2831 ('5)
694 2758 798 2812 ὕπὸ
843 2757 938 2811 τοῦ
982 2741 1230 2825 Σωτῆρος
1272 2757 1328 2808 ἐν
1369 2755 1432 2823 τῇ
1484 2753 1619 2824 πρὸς
1664 2750 1753 2804 τὸν

184 2854 412 2924 Πατέρα
429 2853 582 2922 εὐχῇ,
603 2851 934 2920 παυσαμένῳ
952 2847 1045 2901 τοῦ
1064 2845 1458 2917 προσεύχεσθαι
1478 2843 1553 2913 τῷ
1568 2844 1754 2914 Κυρίῳ

185 2945 470 3016 εἰρηκέναι
495 2960 509 2974 ο
553 2944 725 3014 Κύριε
747 2981 762 3005 ,
799 2940 1048 3003 δίδαξον
1094 2938 1249 3006 ἡμᾶς
1280 2936 1751 3016 προσεύχεσθαι,

185 3033 382 3098 καθὼς
405 3033 504 3086 καὶ
547 3030 826 3096 Ἰωάννης
855 3028 1087 3091 ἐδίδαξε
1117 3025 1257 3090 τοὺς
1270 3024 1534 3093 μαθητὰς
1549 3023 1749 3077 αὑτοῦ.

187 3121 351 3184 ὐλος
383 3121 440 3173 δέ
475 3123 502 3172 ὁ
534 3119 722 3191 είρμὸς
765 3116 858 3170 τοῦ
895 3114 1058 3188 ῥητοῦ
1091 3113 1261 3176 οὕτως
1300 3114 1444 3183 ἔχει’
1483 3112 1596 3165 Καὶ
1634 3112 1755 3180 ἐγέ-

181 3232 320 3269 νετο
352 3214 424 3266 ἐν
447 3211 527 3276 τῷ
561 3207 710 3264 εἶναι
749 3207 933 3261 αὑτὸν
981 3205 1464 3273 προσευχόμενον
1502 3203 1570 3255 ἐν
1597 3204 1756 3267 τόπῳ

184 3307 305 3360 τινὶ
343 3306 424 3369 ὡς
452 3303 776 3362 ἐπαύσατο,
820 3295 948 3352 εἶπέ
992 3314 1081 3362 τις
1112 3295 1231 3347 τῶν
1261 3292 1540 3363 μαθητῶν
1568 3293 1750 3344 αὑτοῦ

183 3395 336 3463 πρὸς
362 3393 577 3445 αὐτόν·
614 3391 806 3457 Κύριε,
834 3387 1080 3450 δίδαξον
1110 3383 1264 3453 ἡμᾶς
1288 3385 1745 3452 προσεύχεσθαι,

183 3488 384 3551 καθὼς
417 3485 513 3539 καὶ
555 3482 833 3548 Ἰωάννης
859 3480 1092 3544 ἐδίδαξε
1124 3480 1564 3551 προσεύχεσθαι
1607 3480 1749 3545 τοὺς

177 3575 454 3649 μαθητὰς
470 3574 659 3639 Δαὐτοῦ
692 3573 834 3643 (4)...
872 3572 976 3641 ἄρα
1009 3570 1428 3654 γὰρ’ἄνθρωπος
1462 3573 1752 3644 ἐντεθραμ-

186 3669 351 3738 μένος
377 3669 443 3737 τῇ
467 3667 661 3734 νομικῇ
686 3663 983 3730 κατηχήσει
1009 3665 1103 3719 καὶ
1124 3667 1189 3735 τῇ
1214 3665 1473 3736 ἀκροάσει
1496 3662 1602 3715 ’τῶν
1627 3680 1750 3734 προ-

183 3754 430 3828 φητιιαῖιν
448 3755 641 3822 λόγων,
658 3751 762 3804 τῶν
778 3768 836 3806 τε
854 3754 1181 3823 συναγωγῶν
1205 3755 1278 3823 μὴ
1301 3753 1745 3820 ἀπολειπόμενος,

183 3849 285 3900 οὐκ
309 3846 580 3915 ἠπίστατο
597 3847 946 3918 ὁπωσδήποτε
972 3844 1242 3914 εῠχεσθαι,
1268 3843 1457 3915 μέχρις
1476 3835 1536 3895 οὗ
1563 3843 1645 3914 ἱδῃ
1660 3841 1748 3894 τὸν

183 3937 388 4009 Κύρων
421 3937 707 4009 εὐχόμενον
729 3938 788 3991 ἐν
826 3935 971 4005 τόπῳ
1004 3935 1142 4000 τινί;
1181 3932 1340 3986 Ἀλλὰ
1369 3932 1525 3984 τοῦτο
1551 3932 1746 3984 ἄτοπον

184 4030 450 4098 φάσκειν·
494 4027 689 4098 ηῠχετο
737 4026 834 4097 μὲν
878 4026 988 4095 γὰρ
1023 4023 1163 4076 κατὲι
1204 4021 1272 4075 τὰ
1317 4020 1580 4074 Ἰουδαίων
1626 4018 1744 4087 ἔθη,

182 4121 332 4192 ἐώρα
363 4119 421 4172 δέ
450 4117 689 4188 μείζονος
714 4115 1020 4184 ἐπιστήμης
1054 4111 1241 4165 ἐαυτὸν
1270 4109 1519 4180 δεόμενον
1546 4109 1624 4169 είς
1655 4108 1746 4160 τὸν

182 4212 316 4282 περὶ
340 4209 441 4279 τῆς
473 4208 636 4278 εὐχῆς
660 4206 844 4260 τόπον.
872 4204 936 4256 Τί
958 4204 1013 4256 δὲ
1044 4203 1138 4256 καὶ
1164 4203 1193 4253 ὁ
1227 4201 1476 4268 Ἰωάννης
1507 4197 1748 4250 ἐδίδασκε

178 4304 310 4365 τοὺς
336 4300 583 4372 μαθητὰς
608 4297 735 4367 περὶ
769 4297 869 4364 τῆς
894 4293 1074 4364 εὐχῆς,
1102 4291 1210 4344 ἀπὸ
1244 4288 1622 4359 Ἱεροσολύμων
1655 4287 1748 4337 καὶ

193 4392 379 4460 πάσης
409 4391 509 4459 τῆς
544 4387 801 4447 Ἰουδαίας
836 4385 928 4437 καὶ
956 4383 1054 4451 τῆς
1087 4378 1392 4451 περιχώρου
1426 4376 1748 4447 ἐρχομένους

185 4481 546 4553 βαπτίζεσθαι
573 4479 704 4548 πρὸς
727 4476 917 4539 αὐτόν;
941 4475 987 4526 εἰ
1014 4475 1085 4543 μή
1115 4489 1250 4534 τινα,
1269 4469 1406 4522 κατὰ
1429 4468 1488 4519 τὸ
1507 4466 1749 4538 περισσός

176 4590 344 4645 τερον
381 4567 518 4623 εἶναι
548 4569 845 4639 προφήτου,
881 4564 1073 4616 ἑϐλεπε
1105 4562 1230 4632 περὶ
1263 4562 1358 4631 τῆς
1387 4559 1573 4629 εὐχῆς,
1606 4559 1746 4628 ἅπερ

1857 2104 2139 2173 discipulos
2169 2117 2310 2155 suos.
2343 2099 2530 2154 Omnis
2564 2108 2742 2152 autem
2765 2097 2866 2153 loci
2893 2099 3059 2154 series
3089 2099 3168 2152 sic
3220 2099 3422 2154 habet:

1857 2193 1923 2246 Et
1956 2194 2154 2262 [actum
2193 2202 2290 2256 est,
2325 2206 2442 2244 cum
2486 2199 2618 2244 esset
2648 2190 2703 2241 in
2731 2191 2960 2258 quodam
2987 2190 3101 2243 loco
3143 2205 3323 2254 orans,
3368 2201 3425 2243 ut

1856 2286 2093 2350 cessavit,
2115 2284 2246 2337 dixit
2261 2298 2396 2336 unus
2417 2297 2481 2335 eo:
2506 2281 2619 2348 ejus
2635 2281 2911 2349 discipulis
2936 2281 3005 2332 ad
3027 2297 3144 2334 eum
3157 2280 3424 2346 :Domine,

1855 2377 1982 2430 doce
2009 2392 2100 2430 nos
2148 2391 2299 2429 orare
2357 2380 2491 2428 sicut
2538 2375 2717 2427 docuit
2765 2382 2816 2427 et
2857 2373 3088 2429 Joannes
3139 2374 3423 2440 discipulos
3488 2362 3493 2367 ’

1855 2481 1977 2520 suos
2015 2465 2147 2519 ¹⁶....
2179 2465 2333 2518 Anne
2383 2463 2546 2533 igitur
2599 2462 2759 2517 homo
2799 2462 2955 2533 legali
3003 2464 3300 2518 innutritus
3339 2464 3422 2518 di-

1856 2557 2118 2627 sciplinae,
2138 2556 2578 2627 propheticorum
2604 2555 2861 2626 frequens
2881 2556 3096 2610 auditor
3113 2563 3422 2612 Semnonum

1857 2657 1912 2704 et
1941 2650 1994 2703 in
2023 2650 2312 2721 synagogis
2341 2649 2613 2716 assiduus,
2637 2660 2908 2718 utcunque
2930 2663 3090 2704 orare
3124 2651 3421 2712 nesciebat,

1855 2739 2030 2795 donec
2063 2748 2320 2795 orantem
2347 2741 2580 2809 quodam
2613 2739 2664 2794 in
2697 2739 2817 2793 loco
2852 2739 3138 2793 Dominum
3171 2741 3424 2795 vidisset?

1855 2833 1934 2886 At-
1952 2832 2054 2886 hoc
2085 2820 2375 2886 absurduin
2407 2831 2554 2884 dictu
2592 2839 2674 2885 cst
2711 2849 2725 2884 :
2766 2831 2954 2885 orabat
2986 2831 3129 2884 enim
3195 2830 3424 2887 Judaico

1857 2936 2036 2985 more;
2068 2919 2271 2987 majore
2298 2905 2427 2977 vero
2466 2921 2692 2974 scientia
2731 2919 2974 2987 indigere
2995 2935 3053 2974 se
3093 2921 3145 2973 in
3178 2920 3328 2974 illum
3360 2922 3426 2975 de

1855 3013 2101 3066 oratione
2130 3010 2307 3065 locum
2361 3010 2598 3078 uidebat.
2648 3010 2788 3076 Quid
2819 3020 3000 3063 autem
3049 3011 3164 3078 ipse
3189 3010 3424 3066 Joannes

1856 3099 2143 3169 discipulos
2172 3113 2299 3154 suos
2337 3099 2406 3161 de
2428 3100 2676 3171 oratione
2711 3100 2939 3154 docebat
2959 3115 3078 3154 cum
3106 3100 3173 3153 ab
3204 3099 3421 3155 εἰει-οεο-

1856 3192 2012 3262 lymis
2032 3201 2087 3246 et
2114 3189 2458 3246 omniJudaza
2479 3199 2532 3245 et
2561 3192 2706 3245 omni
2727 3193 2941 3258 regione
2967 3192 3110 3245 circa
3124 3189 3418 3246 Iordanem

1856 3285 2120 3350 venirent,
2172 3292 2228 3338 ut
2273 3283 2680 3351 baptizarentur
2726 3284 2794 3336 ab
2831 3282 2931 3336 eo?
2987 3281 3099 3335 Nisi
3134 3283 3424 3338 credamus

1855 3377 2176 3446 eu'm,\quod
2209 3377 2329 3445 plus
2355 3385 2500 3431 esset
2530 3389 2691 3443 quam
2724 3376 3005 3442 propheta,
3040 3375 3235 3430 vidisse
3281 3376 3423 3430 circa

1851 3468 2155 3524 orationem
2188 3467 2490 3542 \nonnulla,
2528 3481 2647 3535 qua:
2673 3464 2949 3535 probabile
2985 3466 3056 3520 sit
3097 3482 3206 3521 non
3237 3467 3306 3521 iis
3331 3468 3422 3534 qui

1852 3561 2267 3630 baptizabantur
2320 3559 2602 3621 omnibus,
2661 3558 2755 3610 sed
2815 3556 2905 3624 qui
2959 3571 3021 3610 se
3074 3566 3200 3618 ante
3248 3558 3425 3626 bapti-

1852 3666 2029 3705 smum
2076 3649 2399 3704 erudiendos
2450 3648 2828 3716 przrbuissent,
2869 3659 3079 3701 secreto
3114 3649 3420 3704 tradidisse.

1853 3742 2166 3811 llujusmodi
2232 3743 2505 3795 orationes
2545 3756 2669 3795 vere
2719 3740 3048 3808 spirituales,
3115 3735 3306 3797 erante
3366 3745 3418 3796 in

1853 3836 2103 3891 cordibus
2133 3842 2442 3887 sanctorum
2477 3833 2702 3899 Spiritu,
2725 3833 2893 3897 plenae
2930 3831 3205 3884 recondita
3243 3834 3410 3886 mira-

1853 3925 2060 3994 bilique
2115 3924 2358 3978 doctrina
2402 3922 2685 3989 descriptae
2727 3927 2872 3972 sunt.
2910 3919 2963 3971 ln
2995 3920 3170 3987 primo
3211 3920 3415 3990 Regum

1848 4015 2023 4068 oratio
2045 4013 2212 4067 Annae
2233 4027 2299 4066 ex
2325 4005 2494 4080 parte.
2523 4009 2659 4064 Huic
2694 4008 2858 4071 enim,
2886 4023 3001 4060 cum
3037 4008 3418 4076 multiplicaret

1849 4119 2020 4171 preces
2062 4118 2235 4155 coram
2285 4100 2508 4153 Domino
2554 4108 2602 4152 et
2632 4098 2930 4162 loqueretur
2953 4097 3008 4149 in
3040 4099 3196 4152 corde
3219 4116 3315 4154 suo
3349 4100 3412 4166 ",

1849 4207 1957 4246 non
1992 4206 2129 4260 opus
2155 4189 2254 4243 luit
2283 4189 2570 4257 scriptura.
2611 4186 2666 4239 In
2699 4184 2930 4241 Psalmis
2961 4199 3144 4241 autem
3175 4189 3416 4256 psalmus

1847 4281 2088 4334 decimus
2119 4287 2305 4333 sextus
2335 4275 2518 4330 Oratio
2576 4275 2744 4329 David
2775 4276 3065 4343 inscriptus
3117 4285 3231 4341 est;
3262 4289 3417 4333 octo-

1849 4370 2080 4440 gesimus
2109 4385 2279 4425 nonus
2315 4368 2498 4422 Oratio
2527 4367 2697 4436 Moysi
2731 4367 2931 4420 homini
2962 4367 3103 4430 Dei;
3141 4377 3194 4422 et
3233 4381 3417 4423 cente-

1848 4465 2017 4518 simus
2047 4463 2271 4532 primus,
2309 4460 2492 4513 Oratio
2533 4460 2773 4526 pauperi,
2805 4474 2922 4511 cum
2953 4460 3144 4512 anxius
3175 4459 3333 4524 fuerit
3365 4472 3416 4513 et

1811 4556 1900 4609 'iu
1950 4563 2219 4620 conspectu
2264 4553 2469 4604 Domini
2497 4551 2758 4618 ‘e/fuderit
2811 4566 3010 4618 precem
3053 4566 3219 4602 suam.
3287 4551 3417 4618 Quae

178 4642 330 4727 είκὸς
353 4664 434 4718 ὅτι
467 4662 527 4714 οὐ
551 4661 681 4712 πᾶσι
723 4660 835 4719 τοῖς
864 4653 1291 4726 βαπτιζομένοις,
1321 4650 1454 4704 ἀλλὰ
1479 4653 1587 4712 τοῖς
1614 4648 1747 4718 πρὸς

1853 4646 2123 4700 orationes
2139 4659 2260 4697 cum
2282 4658 2403 4695 vere
2423 4642 2621 4708 Spiritu
2642 4642 2796 4694 facta:
2816 4654 2867 4693 et
2887 4642 3121 4694 recitatae
3143 4644 3415 4697 orationes

176 4756 244 4809 τὸ
270 4751 624 4824 βαπτίζεσθαι
651 4749 726 4818 (5)
754 4743 1207 4819 μαθητευομένοις
1224 4745 1279 4796 ἐν
1296 4741 1588 4811 ἀπορρήτῳ
1614 4756 1752 4809 παρ-

178 4848 378 4902 εδίδου.
425 4846 490 4898 Δί
516 4842 759 4896 τοιαῦται
803 4840 860 4892 δέ
893 4839 1047 4908 εὐχαὶ
1079 4836 1133 4888 αἱ
1166 4836 1335 4897 ὅντως
1368 4831 1750 4900 πνευματικαὶ,

177 4935 617 5009 προσευχομένου
639 4936 696 4985 ἐν
709 4935 773 5002 τῇ
792 4929 985 5002 καρδία
1001 4927 1108 4980 τῶν
1130 4921 1294 4994 ἁγίων
1315 4924 1404 4976 τοῦ
1419 4923 1555 4975 Πνεύ
1564 4937 1725 4990 ματος
1738 4954 1751 4978 ,

1863 4737 2080 4798 iuerint,
2115 4735 2275 4788 etiam
2331 4733 2525 4784 divinae
2575 4733 2862 4801 Sapientiae
2916 4737 3197 4802 praeceptis
3244 4735 3414 4803 plena:

1860 4834 2007 4889 sunt,
2067 4832 2124 4877 ut
2175 4825 2241 4878 de
2296 4823 2359 4877 iis
2388 4837 2506 4890 quae
2541 4821 2594 4874 in
2651 4823 2779 4890 ipsis
2830 4823 3231 4891 promittuntur,
3306 4824 3410 4875 dici
3441 4863 3456 4865 -

1861 4917 2056 4983 possit:
2085 4915 2213 4978 Quis
2242 4915 2446 4981 sapiens
2492 4923 2538 4966 et
2581 4915 2832 4981 intelliget
2879 4916 2978 4967 ista
2997 4915 3023 4966 ?
3046 4915 3330 4982 intelligens
3359 4923 3408 4966 et

251 5075 296 5104 “
324 5073 476 5125 Rom.
509 5085 621 5134 vnt,
650 5069 737 5121 26.
813 5067 856 5097 ¹¹
884 5068 904 5117 l
933 5064 1056 5120 Cor.
1080 5061 1297 5127 xrv,15.
1374 5061 1416 5091 ¹³
1441 5060 1456 5111 I
1483 5061 1604 5112 Cor.
1635 5075 1717 5119 ιιι,

1923 5055 1967 5084 ’⁵
1993 5053 2121 5107 Luc.
2159 5068 2234 5117 ιι,
2267 5053 2315 5105 1.
2393 5052 2434 5082 ¹⁸
2463 5053 2482 5103 1
2511 5051 2648 5120 Reg.
2677 5067 2724 5113 I,
2759 5051 2844 5104 12.

249 5207 366 5276 (98)
409 5207 558 5260 οὐδὲ
613 5205 721 5276 γὰρ
769 5205 1021 5276 δύναται
1263 5202 1295 5252 ό
1345 5199 1490 5276 νοῦς
1549 5212 1735 5276 προσ-

173 5268 488 5342 εύξασθαι,
519 5268 633 5328 ἐὰν
651 5268 736 5342 μὴ
763 5274 876 5341 πρὸ
907 5268 1185 5327 αὐτοῦτὸ
1223 5268 1452 5342 πνεῦμα
1483 5269 1734 5333 προσεύ-

177 5339 376 5415 ξηται.
417 5339 706 5412 Diligenter
725 5339 1101 5415 observantius
1125 5349 1207 5393 est
1237 5340 1322 5415 hic
1352 5339 1496 5388 locus
1531 5354 1579 5387 ill
1625 5352 1732 5415 quo

176 5407 564 5486 prasvenieutis
602 5415 788 5486 gratia:
836 5413 1208 5486 n‘ecessitat_etii
1237 5410 1301 5459 ad
1328 5415 1615 5467 οιςιιιιιιιιιι,
1643 5407 1705 5486 _di

176 5477 346 5540 sertis
387 5481 566 5535 verbis
607 5477 773 5533 lradit
801 5483 1080 5549 Origenes.
1115 5477 1313 5549 Utrum
1337 5485 1510 5526 autem
1548 5479 1735 5549 catho-

177 5559 289 5610 lice
320 5566 532 5618 semper
561 5550 628 5601 de
659 5553 830 5616 gratia
872 5543 1088 5610 scutiat,
1117 5549 1230 5618 fuse
1264 5547 1570 5612 disputatur
1612 5543 1735 5593 Ori-

172 5616 524 5696 genianarum
553 5619 643 5696 liii.
674 5616 1336 5696 tIthnestione.septima.

248 5692 367 5764 (99)
412 5687 688 5757 Ὑπηκόᾳλ
715 5681 954 5742 Betilieio
969 5681 1311 5741 scribendum
1344 5681 1572 5742 videtur,
1599 5681 1732 5747 ἐπη-

271 5782 294 5814 Φ

251 5801 329 5902 ᾗ.)
367 5829 661 5902 Πρότερον
696 5823 919 5902 αἰνέσει
959 5822 1056 5902 καὶ
1086 5821 1342 5889 ὑμνήσει
1389 5817 1648 5902 τοῦ-νοῦ.
1672 5816 1738 5897 τὰ

170 5887 338 5966 ,βᾶθῆ
394 5887 708 5966 ἧρεύνηκε.
736 5895 918 5966 γγςιιιιιε
945 5887 1158 5966 ἰιὶζιιὶεὶ⁸
1186 5893 1464 5966 correctio
1503 5887 1735 5966 lientlei,

178 5955 647 6042 ίαρότὲροῖαίνέσῃ
665 5965 756 6018 καὶ
773 5955 1089 6033 ύμνὴσῂτδν
1111 5956 1171 6009 οὒ
1196 5961 1258 6012 τὰ
1286 5959 1418 6029 βάθη
1445 5955 1735 6027 ἡρεύνηκε.

1911 5195 1986 5262 (2)
2029 5190 2778 5260 Οἵομαι.Βειιιιεὶυε,εςι·ἰί›ἱι,
2811 5186 2985 5258 οἶμαι.

1907 5288 1982 5356 (3)
2021 5286 2241 5356 Λόγων,
2269 5284 2329 5356 ’ἢ
2365 5281 2460 5333 καί
2504 5280 3094 5356 εὐπαγγελλομένων.
3131 5279 3404 5356 Deprava-

1840 5347 2122 5409 tain'hanc
2157 5347 2438 5406 lectionem
2476 5347 2711 5400 sanitati
2738 5353 2976 5403 reSliltlil
3004 5347 3297 5411 Bentleius,
3323 5353 3400 5399 iu-

1835 5428 2053 5492 geniosa
2101 5427 2237 5478 istac
2269 5420 2623 5483 correctione,
2668 5418 2838 5487 λόγων
2883 5420 3078 5490 ἤκουεν
3128 5421 3396 5487 ἐπαγγελς

1835 5495 2094 5564 λομένων.

1912 5584 1984 5656 (4)
2022 5585 2076 5636 In
2115 5581 2432 5656 codice-ms.
2457 5575 2558 5628 hoc
2589 5574 2709 5656 loco
2742 5576 3028 5656 esthiatus
3060 5573 3125 5624 ad
3158 5574 3391 5656 Spatium

1843 5645 2001 5707 trium
2043 5655 2257 5705 circiter
2296 5649 2576 5704 linearum,
2614 5649 2737 5700 licet
2780 5645 2911 5697 nihil
2956 5645 3021 5696 ad
3052 5658 3266 5696 sensum
3301 5647 3393 5693 de-

1840 5726 2065 5777 siderari
2102 5721 2361 5774 videntur.

1912 5816 1987 5882 (5)
2027 5811 2179 5879 Πρὸς
2207 5809 2270 5882 τὸ
2311 5808 2716 5882 βαπτίζεσθαι.
2766 5799 3387 5882 μοεῑιρειιιίρίυεφρὸς

1840 5873 2316 6024 Ξῷβαπτίὲεσθαι.
2358 5879 2614 5934 Dominus
2641 5877 2894 5932 Cluttdius
2925 5873 3125 5938 Fleuri,
3162 5873 3263 5941 πρὸ
3292 5873 3385 5920 του

1878 5955 2101 6017 απτ.ζεσ
2123 5959 2212 6004 “at.

1878 5970 2212 6008 aﬁTZLEGUlL.
