4116 6312
165 460 269 515 457

1290 442 1296 447 “
1364 454 1694 513 LIBELLUS
1726 454 1814 510 DE
1852 448 2223 510 ORATIOSE.

3313 444 3419 503 ιδε

160 582 479 653 ἐνεργήσειν
510 584 607 638 καὶ
626 584 748 638 τάδε
774 582 1049 654 θελήσειψ
1087 579 1245 632 πλέον
1268 578 1325 631 δὲ
1354 579 1461 633 ἀπὸ
1483 576 1586 649 ’τῆς
1620 595 1736 649 προ

1848 585 1995 628 motu
2020 571 2358 640 arbitrioque
2391 576 2578 624 nostro
2610 567 2858 633 ell‘ecturi
2885 582 3097 623 sumus.
3119 566 3239 623 Etsi
3273 570 3416 624 enim

161 674 421 739 ἶνὼσεως
451 677 662 745 γίνεται
687 677 747 730 τὸ
777 675 1066 741 κατάταξιν
1088 672 1384 743 λαμῆάνειν
1418 672 1496 735 εἰς
1524 670 1621 741 τὴν
1651 669 1744 722 τοῦ

161 766 368 829 παντὸς
396 768 661 839 διρίκησιν
688 766 919 838 χρειώδη
954 769 1021 837 τῇ
1052 765 1143 819 τοῦ
1176 764 1385 833 κόσμου
1416 758 1744 839 καταστάσει

160 855 224 908 τὺ
254 858 488 911 ἑκάστου
531 860 782 930 ἐφ’ήμῖν.
817 860 879 912 Εἰ
911 859 1092 912 τοίνυν
1125 857 1184 911 τὸ
1214 849 1443 909 ἑκάστου
1499 854 1583 924 ἐφ’
1614 854 1744 923 ἡμῖν

162 947 316 1018 αὑτῷ
361 948 646 1019 ἔγνωσται,
680 952 774 1005 καὶ
818 949 905 1003 διὰ
934 946 1089 1001 τοῦτο
1111 943 1527 1019 προεωραμένον
1555 941 1700 1011 0ιὺτῷ
1727 982 1742 1005 9

160 1037 506 1093 διατάττεται
536 1040 646 1112 (52)
668 1041 776 1094 ἀπὸ
793 1041 890 1111 τῆς
913 1039 1165 1110 προνοίας
1182 1038 1243 1090 τὸ
1262 1037 1381 1091 κατ’
1398 1036 1552 1102 ἀξίαν
1584 1034 1749 1110 παντὶ-

159 1129 227 1209 ςτὺ
249 1112 507 1199 εὕλογονέ
540 1132 633 1185 καὶ
660 1132 720 1184 τὸ
751 1132 802 1184 τί
833 1130 1052 1201 εὔξηται
1072 1147 1085 1159 ο
1128 1129 1288 1182 ποίαν
1316 1126 1552 1180 διάθεσιν
1603 1124 1741 1194 ἔχων

159 1220 193 1274 ὁ
217 1220 368 1274 δεῖνα
393 1222 567 1286 οὕτως
588 1223 856 1277 πιστεύων
874 1241 887 1253 ο
911 1224 1008 1282 ,καὶ
1036 1222 1087 1273 τί
1119 1219 1440 1289 βουλόμενος
1467 1216 1616 1287 αὐτῷ
1645 1233 1739 1283 γε·-

160 1310 357 1366 νέσθαι
378 1352 394 1379 ,
429 1315 920 1385 προκατείληπταιν·
956 1307 1016 1367 οὗ
1040 1308 1579 1383 πῳκαταληφθέντος
1600 1348 1612 1371 ,
1646 1307 1740 1359 καὶ

158 1404 406 1461 τοιοῦτόν
436 1423 488 1458 τι
520 1405 825 1469 ἀκολούθως
862 1407 920 1459 ἐν
950 1407 1015 1476 τῇ
1062 1402 1301 1469 διατάξει
1327 1401 1627 1467 τετάξεται,
1659 1402 1738 1455 ὅτι

159 1497 323 1569 τοῦδε
377 1498 475 1567 μὲν
502 1498 877 1569 ἐττακούσομαι
909 1497 1139 1560 συνετῶς
1171 1494 1280 1568 (55)
1310 1495 1600 1566 εὑξομένου
1624 1533 1640 1557 ,
1670 1494 1751 1553 δι’,

158 1588 340 1659 αὐτὴν
368 1588 464 1657 τὴν
499 1590 665 1661 εὐχὴν
700 1590 768 1660 ἣν
826 1589 1040 1656 εὔξεται
1060 1606 1071 1619 ·
1108 1588 1263 1641 τοῦδε
1295 1586 1351 1641 δέ
1379 1589 1478 1640 οὑκ
1504 1570 1737 1639 ἐπακού-

162 1695 356 1748 σομαι,
412 1680 531 1749 ἦτοι
553 1679 642 1732 διά
667 1680 727 1733 τὸ
762 1679 979 1746 ἀνάξιον
1016 1680 1233 1733 ἔσεσθαι
1262 1678 1356 1731 τοῦ
1398 1678 1739 1746 ἐπακουσοή-

159 1770 389 1833 σεσθαι,
443 1770 477 1840 ἢ
505 1769 592 1822 διὰ
620 1770 682 1822 τὸ
712 1770 883 1824 ταῦτα
909 1772 1073 1825 αὑτὸν
1101 1769 1358 1834 εὔξασθαι
1384 1768 1515 1840 (54),
1541 1768 1577 1822 ἃ
1597 1765 1746 1840 μήτε
1789 1786 1797 1795 ⁸

148 1860 244 1932 τῷ
293 1860 565 1930 εὐχομένῳ
596 1862 860 1914 λυσιτελεῖ
900 1860 1120 1925 λαϐεῖν,
1181 1863 1318 1932 μήτε
1359 1862 1481 1930 ἐμοὶ
1528 1860 1735 1931 πρέπον

157 1956 485 2024 παρασχεῖν·
501 1953 594 2005 καὶ
614 1954 751 2007 κατά
770 1954 923 2025 τήνδε
945 1954 1041 2023 μὲν
1061 1953 1158 2024 τὴν
1178 1952 1360 2023 εὐχὴν,
1386 1952 1519 2023 φέρε
1539 1953 1733 2016 εἰπεῖν,

152 2042 257 2093 τοῦ
288 2042 477 2105 δεῖνος,
504 2044 604 2094 οὐκ
639 2041 1013 2113 ἐπακούσομαι
1051 2041 1214 2095 αὑτοῦ
1234 2059 1246 2072 ο
1270 2042 1410 2096 κατά
1458 2040 1612 2094 τοῦδε
1656 2041 1732 2105 δέ,
1762 2040 1767 2047 ’

154 2132 540 2203 ἐπακούσομαι
587 2132 721 2201 (55).
761 2134 886 2187 Ἐὰν
930 2133 987 2185 δέ
1045 2151 1128 2196 τις
1169 2135 1505 2204 ταράττηται
1549 2132 1637 2184 διὰ
1676 2132 1735 2184 τὸ

156 2224 241 2293 μὴ
267 2224 331 2275 οὐ
358 2223 662 2293 ψεύσασθαι
685 2224 776 2278 τὸν
800 2224 933 2278 Θεὸν
954 2224 1021 2277 τὰ
1046 2224 1304 2295 μέλλοντα
1324 2224 1731 2295 προεγνωκότα,

148 2314 234 2377 ὡς
258 2313 370 2367 τῶν
399 2314 736 2386 πραγμάτων
760 2316 1301 2387 κατηναγκασμένων
1319 2333 1332 2347 ·
1362 2315 1578 2371 λεκτέον
1600 2316 1733 2385 πρὸς

148 2410 247 2463 τὸν
277 2408 537 2473 τοιοῦτον,
570 2409 654 2463 ὄτι
692 2409 827 2463 αὐτὸ
856 2409 1016 2463 τοῦτο
1044 2409 1121 2481 τῷ
1148 2409 1267 2479 Θεῷ
1298 2409 1563 2476 ἔγνωσται
1593 2409 1732 2479 ἀρα-

151 2502 335 2572 ρότως
363 2500 423 2552 τὸ
460 2500 533 2573 μὴ
567 2501 851 2571 ἀραρότως
876 2501 1025 2556 τόνδε
1054 2502 1174 2563 τινὰ
1333 2500 1423 2555 τὸν
1450 2500 1732 2571 ἄνθρωπον

148 2593 249 2647 καὶ
278 2590 510 2661 βεϐαίως
534 2593 901 2663 βούλεσθαιτά
928 2594 1233 2666 κρείττονα,
1259 2594 1293 2663 ἢ
1315 2592 1457 2646 οὕτω
1486 2593 1731 2665 θελήσειν

148 2685 221 2737 τὰ
253 2684 497 2755 χείρονα,
528 2683 671 2737 ὥστε
701 2685 1049 2739 ἀνεπίδεκτον
1069 2684 1231 2739 αὑτὸν
1257 2684 1473 2737 ἔσεσθαι
1502 2684 1731 2754 μεταϐο-

145 2772 252 2842 λῆς
272 2773 374 2843 τῆς
392 2774 485 2826 ἐπὶ
510 2774 577 2827 τὰ
603 2774 967 2846 συμφέροντα.
997 2775 1108 2828 Καὶ
1138 2775 1299 2831 πάλιν
1324 2776 1448 2829 τάδε
1481 2775 1579 2844 μέν
1610 2792 1730 2829 τινα

146 2863 369 2933 ποιήσω
404 2862 539 2933 τῷδε
566 2864 837 2935 εὑξομένῳ
870 2862 1004 2935 (57),
1035 2866 1157 2934 ἐμοὶ¹
1194 2865 1301 2935 γὰρ
1332 2864 1490 2917 τοῦτο
1520 2864 1730 2934 πρέπον

148 2954 333 3017 ἐστὶν,
360 2954 423 3006 οὐ
454 2954 670 3023 ψεκτῶς
723 2973 812 3027 μοι
843 2955 1150 3027 εὺξομένῳ,
1190 2957 1312 3009 οὐδὲ
1355 2956 1572 3027 ἀμελῶς
1603 2958 1731 3027 περὶ

147 3044 254 3112 τὴν
287 3044 452 3116 εὐχὴν
480 3046 1018 3119 ἀναστραφησομένςο
1042 3064 1056 3078 ·
1104 3046 1183 3117 τῷ
1212 3048 1271 3100 δέ
1301 3050 1394 3100 ἐπὶ⁵
1422 3048 1583 3101 ποσὸν
1618 3048 1740 3119 (58)Δ

146 3132 441 3205 εὐξαμένῳ
464 3178 480 3202 ,
531 3139 1051 3206 ὑπερεκπερισσοῦ
1091 3133 1180 3192 ὦν
1223 3138 1466 3192 αἰτεῖται
1522 3138 1560 3206 ἢ
1607 3139 1739 3192 νοεῖ

1849 665 1868 737 (
1900 667 1951 721 id
1986 664 2145 723 modo
2174 673 2479 732 supponere
2515 658 2718 730 liceat)
2752 658 2931 713 futura
2980 659 3121 714 Deus
3168 674 3271 713 non
3326 674 3414 714 co-

1847 763 2154 826 gnosceret,
2198 768 2304 808 non
2336 766 2401 806 eo
2438 751 2618 807 minus
2646 750 2761 806 haec
2787 764 2975 806 sumus
3004 748 3275 813 eli‘ecturi,
3301 749 3420 805 haec

1847 845 2108 912 volituri;
2142 843 2305 900 rebus
2337 853 2517 899 tamen
2551 842 2604 897 id
2632 841 2835 896 accidit
2864 855 2931 895 ex
2960 840 3298 910 praescientia
3332 841 3420 894 di-

1846 937 1995 1001 vina,
2027 945 2085 991 ut
2108 934 2306 991 ordine
2329 926 2393 990 ad
2416 932 2657 1006 universi
2686 932 3136 1002 gubernationem
3162 934 3421 1003 orbisque

1845 1035 2048 1083 statum
2071 1025 2364 1081 utilissimo
2388 1024 2750 1105 disponantur
2771 1020 2983 1092 singula
3006 1036 3128 1091 qua
3148 1022 3201 1077 in
3231 1034 3419 1077 nostra

1845 1124 1976 1172 sunt
2002 1122 2295 1185 potestate.
2345 1113 2406 1169 Si
2441 1124 2573 1184 ergo
2599 1112 2831 1181 quodvis
2862 1126 3051 1168 eorum
3077 1126 3199 1181 quae
3248 1113 3419 1167 nostri

1844 1218 1973 1263 sunt
2023 1205 2241 1263 arbitrii
2278 1204 2557 1278 cognitum
2613 1210 2699 1258 est
2747 1202 2874 1271 ipsi,
2903 1202 3203 1257 ordinaria
3236 1202 3420 1271 provi-

1844 1300 2027 1354 dentia
2058 1299 2187 1370 quid
2213 1296 2414 1368 cuique
2443 1310 2542 1366 pro
2571 1296 2839 1365 dignitate
2871 1294 3179 1361 conveniat,
3217 1295 3418 1349 rationi

1842 1392 2112 1463 congruit,
2158 1398 2215 1446 et
2248 1389 2379 1459 quid
2416 1386 2506 1443 ille
2538 1387 2735 1456 aliquis
2781 1397 2919 1452 oret,
2969 1388 3241 1456 quomodo
3284 1385 3419 1443 affe-

1841 1494 1962 1538 ctas
2004 1484 2093 1545 sit.
2154 1482 2283 1551 quid
2328 1481 2531 1543 credat,
2572 1478 2701 1549 quid
2748 1477 2852 1532 sibi
2919 1477 3035 1533 ﬁeri
3095 1478 3244 1543 velit,
3270 1493 3416 1548 prae-

1814 1574 2144 1644 'cognosci;
2206 1588 2311 1642 quo
2380 1571 2754 1641 prmeognito,
2818 1568 2921 1623 tale
2978 1569 3180 1636 aliquid
3227 1585 3421 1627 conse-

1842 1677 2072 1734 quenter
2125 1663 2479 1734 providentite
2524 1662 2717 1717 ordine
2767 1661 3149 1730 comprehendi
3190 1680 3203 1715 :
3262 1662 3419 1717 llunc

1840 1768 2089 1812 orantem
2123 1755 2364 1823 assidue,
2393 1763 2612 1824 propter
2656 1751 2803 1805 illam
2833 1752 3005 1821 ipsam
3029 1766 3194 1820 quam
3227 1754 3417 1809 fundet

1841 1848 2167 1911 orationem,
2195 1846 2489 1901 exaudiam
2518 1862 2533 1911 ;
2567 1845 2716 1898 hunc
2766 1857 2897 1897 vero
2942 1858 3047 1897 non
3082 1844 3413 1910 exaudiam,

1839 1950 1934 1993 aut
1970 1939 2115 2008 quod
2146 1937 2402 2007 indiguus
2433 1937 2506 1990 sit
2534 1934 2629 2006 qui
2662 1936 3013 2003 exaudiatur,
3046 1946 3135 1991 aut
3166 1938 3314 2007 quod
3345 1953 3413 1993 ea

1838 2029 2113 2099 petiturus
2134 2029 2209 2083 sit
2238 2043 2360 2096 quae
2399 2041 2501 2084 nec
2534 2028 2633 2097 ipsi
2670 2043 2867 2097 capere
2913 2029 3156 2098 expedit,
3188 2045 3286 2084 nec
3326 2044 3414 2084 me

1837 2124 1970 2176 dare
2000 2123 2177 2177 decet.
2210 2120 2342 2175 Item
2374 2107 2597 2188 prapter
2627 2120 2767 2174 hanc
2800 2120 2975 2184 istius,
3032 2120 3187 2174 verbi
3215 2120 3428 2189 gratia,

1834 2216 2137 2269 orationem
2168 2215 2341 2284 ipsum
2368 2228 2473 2268 non
2502 2211 2668 2281 208
2686 2212 2993 2274 exaudiam,
3022 2219 3245 2279 prepter
3268 2210 3411 2271 illam

1835 2305 2144 2361 exaudiam.
2185 2306 2339 2372 Quod
2380 2305 2426 2358 si
2457 2305 2580 2373 quis
2607 2318 2672 2359 eo
2707 2301 2956 2357 turbetur
2988 2303 3133 2371 quod
3160 2316 3284 2357 cum
3318 2303 3411 2355 Dei

1835 2396 1903 2448 de
1934 2394 2099 2449 rebus
2124 2393 2323 2449 futuris
2357 2394 2699 2464 praescientia
2738 2392 2851 2446 falli
2883 2406 2989 2447 non
3026 2392 3220 2460 possit,
3252 2393 3413 2463 quasi

1835 2486 2135 2541 necessitas
2162 2485 2324 2540 rebus
2355 2484 2638 2548 aﬂ‘eratur,
2669 2484 2795 2538 huic
2826 2483 3263 2554 respondendum
3310 2485 3414 2540 hoc

1836 2577 2013 2645 ipsum
2048 2594 2079 2632 a
2114 2578 2227 2634 Deo
2252 2578 2564 2633 necessario
2596 2575 2877 2643 cognosci,
2905 2590 3097 2645 nempe
3128 2575 3282 2630 illum
3308 2575 3409 2635 ho-

1837 2669 2037 2724 minem
2064 2686 2172 2724 non
2223 2669 2537 2725 necessario
2566 2683 2666 2723 uec
2712 2668 2944 2722 ﬁrmiter
2980 2666 3123 2723 velle
3161 2666 3409 2729 meliora,

1834 2769 1925 2812 aut
1954 2762 2034 2815 sic
2079 2764 2264 2830 pejora
2298 2760 2614 2826 voliturum,
2663 2770 2723 2815 ut
2755 2759 3074 2813 mutationis
3107 2759 3162 2813 in
3216 2757 3413 2812 melius

1834 2850 2067 2920 incapax
2116 2853 2334 2907 iuturus
2372 2853 2463 2907 sit.
2503 2850 2715 2906 Rursus
2764 2852 2881 2905 haec
2938 2850 3052 2921 (ait
3110 2848 3291 2918 Deus)
3322 2849 3412 2903 illo

1834 2953 2029 3000 orante
2064 2943 2290 3007 faciam,
2323 2943 2485 2998 decet
2516 2943 2661 2996 enim
2701 2957 2809 3006 me,
2852 2957 2972 2996 cum
3009 2956 3109 2995 nec
3158 2950 3413 2996 oraturus

1833 3037 1906 3091 sit
1930 3035 2172 3105 indigne,
2202 3049 2380 3104 neque
2404 3033 2745 3104 negligenter
2773 3036 2919 3089 circa
2948 3038 3252 3091 orationem
3281 3051 3403 3089 ver-

1832 3138 2071 3183 saturus.
2136 3125 2292 3191 lluic,
2342 3140 2463 3179 cum
2510 3124 2903 3194 aliquantulum
2964 3125 3411 3194 oraverit,supcr-

146 3226 470 3297 δωρήσομαι
498 3228 622 3285 τάδε
671 3229 822 3283 τινά·
855 3230 979 3300 ἐμοὶ
1009 3229 1117 3301 γάρ
1158 3231 1308 3309 τόνδε
1342 3231 1541 3301 πρέπει
1573 3232 1728 3301 νικᾷν

1835 3217 2167 3272 abundanter
2224 3233 2384 3287 quam
2444 3217 2575 3285 petit
2632 3226 2723 3269 aut
2768 3216 3017 3285 intelligit
3064 3216 3130 3280 “,
3160 3215 3249 3268 illa
3297 3216 3409 3267 lar-

146 3320 207 3374 ὲν
241 3322 366 3383 ταῖς
397 3321 664 3383 εὐποιίαις
695 3320 789 3374 καὶ
828 3322 1085 3392 χορηγεῖν
1139 3322 1362 3376 πλείονα
1391 3316 1466 3377 ὧν
1507 3323 1731 3393 αἰτῆσαι

146 3410 440 3482 κεχώρηκε
464 3429 478 3442 ·
510 3412 605 3467 καὶ
635 3411 773 3484 τῷδε
823 3405 923 3484 μέν
960 3430 1065 3467 τινι
1097 3414 1285 3485 τοιῷδε
1312 3412 1554 3486 ἐσομένῳ
1584 3416 1731 3470 τόνδε

146 3507 242 3559 τὸν
272 3504 506 3573 ἄγγελον
534 3504 849 3578 λειτουργὸν
880 3506 1209 3577 ἐπιπέμψω,
1240 3507 1350 3560 ἀπὸ
1388 3506 1543 3569 τοῦδε
1574 3507 1733 3580 ἀρξό-

152 3609 317 3663 μενον
374 3591 467 3644 τοῦ
499 3594 691 3664 χρόνου
728 3596 1009 3665 συνεργεῖν
1061 3594 1227 3647 αὐτοῦ
1260 3598 1326 3666 τῇ
1367 3598 1611 3669 σωτηρίᾳ
1642 3598 1733 3650 καὶ

152 3682 317 3755 μέχρι
342 3682 499 3736 τοῦδε
520 3684 874 3754 συνεσόμενον
890 3702 904 3716 ·
940 3684 1076 3755 τῷδε
1100 3686 1157 3738 δὲ
1177 3686 1348 3753 τόνδε,
1376 3688 1510 3759 φέρε
1536 3691 1729 3754 εἰπεῖν,

146 3774 243 3828 τὸν
288 3772 444 3827 τοῦδε
494 3774 815 3845 τιμιώτερον
862 3775 940 3846 τῷ
967 3775 1121 3829 τοῦδε
1162 3778 1405 3850 ἐσομένῳ
1431 3780 1727 3851 κρείττονι·

148 3861 309 3933 τοῦδε
360 3862 418 3916 δέ
450 3880 595 3926 τινος
628 3865 767 3933 μετὰ
798 3864 861 3918 τὸ
909 3864 1291 3933 ἐπιδεδωκέναι
1316 3868 1506 3923 ἑαυτὸν
1553 3862 1759 3937 λόγοις

148 3958 266 4020 τοῖς
305 3955 655 4027 διαφέρουσιν
686 3956 1197 4028 ὑπεκλυθησομένου
1224 3946 1317 4013 καὶ
1363 3961 1729 4035 παλινδρομή-

152 4062 342 4109 ωντος
376 4045 489 4115 (59)
517 4046 610 4099 ἐπὶ
636 4046 703 4097 τὰ
732 4045 1036 4118 ὑλικώτερα
1054 4090 1069 4114 ,
1120 4048 1417 4119 ἀποστήσω
1447 4048 1599 4105 τόνδε
1639 4052 1730 4106 τὸν

149 4138 439 4209 κρείττονα
475 4137 733 4207 συνεργόν
756 4154 771 4167 ο
806 4130 867 4192 οὗ
912 4139 1247 4204 ἀποστάντος
1287 4142 1408 4195 κατ’
1435 4142 1590 4208 ἀξίαν
1635 4145 1731 4196 αὑ-

148 4228 337 4300 τόχειρ
371 4229 450 4283 ὢν
496 4245 580 4292 τις
614 4227 725 4299 (60)
754 4229 851 4300 ἥδε
882 4231 915 4301 ἡ
947 4229 1175 4301 δύναμις
1226 4232 1417 4303 καιρὸν
1464 4233 1729 4305 εὑρηκυῖα

150 4319 247 4373 τοῦ
275 4320 583 4375 ὲπιὸαίνειν
607 4324 673 4392 τῇ
711 4321 953 4393 ῥαθυμίᾳ
972 4363 987 4388 ,
1020 4324 1289 4375 ἐπιστᾶσα
1334 4324 1424 4377 ἐπὶ
1456 4324 1731 4392 τάδε’τινά

150 4409 221 4461 τὰ
251 4411 628 4481 ἁμαρτήματα
656 4412 839 4476 αὑτὸν,
859 4413 1074 4481 ἕτοιμον
1090 4413 1283 4467 ἐαυτὸν
1314 4414 1447 4485 πρὸς,
1473 4414 1534 4469 τὸ
1551 4417 1731 4489 ἀμαρ-

148 4502 335 4577 τάνειν
363 4502 657 4569 δεδωκότα,
672 4503 1083 4574 προκαλέσεται.
1110 4502 1297 4569 Οὕτως
1322 4502 1413 4562 οὖν
1438 4508 1537 4581 ἠδη
1570 4512 1729 4563 οἱονεὶ

1834 3310 1991 3380 giar:
2023 3310 2185 3367 decet
2233 3309 2381 3366 enim
2422 3320 2511 3363 me
2564 3306 2851 3380 beneﬁciis
2898 3307 3045 3362 illum
3086 3298 3307 3363 vincere
3356 3319 3411 3361 et

1833 3401 1988 3470 plura
2020 3395 2262 3460 tribuere
2292 3414 2454 3471 quam
2502 3406 2691 3470 petere
2733 3398 2805 3452 sit
2852 3414 3048 3469 capax.
3098 3398 3238 3455 iluic
3285 3414 3408 3453 cum

1835 3493 1959 3548 talis
1988 3492 2209 3549 futurus
2238 3493 2330 3557 sit,
2361 3492 2621 3565 angelum
2652 3493 2801 3547 illum
2841 3492 3054 3547 mittam
3098 3492 3407 3547 ministrum

1832 3584 1927 3653 qui
1957 3585 2026 3640 ab
2051 3584 2156 3641 hoc
2183 3593 2430 3654 tempore
2460 3584 2625 3640 saluti
2650 3584 2771 3653 ejus
2798 3584 3137 3639 collaborare
3163 3584 3405 3652 incipiat,

1830 3689 1887 3733 et
1917 3679 2024 3734 huc
2050 3693 2227 3750 usque
2256 3679 2433 3742 adsit;
2465 3680 2540 3735 illi
2572 3680 2757 3745 istum,
2783 3681 2933 3734 verbi
2964 3679 3160 3750 gratia,
3190 3677 3285 3733 illo
3319 3679 3407 3731 di-

1832 3771 2101 3843 gniorem,
2134 3787 2259 3828 cum
2296 3771 2385 3827 ille
2417 3774 2520 3828 hoc
2564 3772 2762 3829 melior
2797 3772 3018 3827 futurus
3052 3772 3141 3828 sit.
3192 3772 3274 3825 Ah
3303 3770 3412 3825 hoc

1831 3863 1941 3917 alio
1990 3863 2082 3933 qui
2109 3903 2127 3929 ,
2160 3872 2450 3934 postquam
2483 3876 2543 3918 se
2577 3863 2959 3918 excellentiori
2992 3861 3275 3918 tradiderit
3307 3863 3408 3916 do-

1831 3955 2047 4021 ctrinm,
2069 3954 2275 4012 fractus
2298 3955 2404 4011 erit
2429 3964 2485 4011 et
2512 3964 2759 4012 recurret
2781 3956 2845 4009 ad
2876 3964 3114 4018 terrena,
3141 3952 3404 4023 optimum

1833 4046 1982 4103 illum
2013 4046 2318 4116 adiutorem
2348 4057 2592 4103 avertam
2642 4099 2655 4113 ,
2689 4062 2797 4116 qn)
2849 4042 3158 4111 recedente,
3204 4051 3262 4097 ut
3287 4057 3409 4097 me-

1835 4142 2031 4207 ruerit,
2064 4142 2306 4211 pessima
2334 4142 2582 4213 quaedam
2618 4142 2800 4197 haecce
2821 4148 3087 4211 potestas,
3123 4146 3282 4193 nacta
3313 4151 3405 4191 oc-

1833 4233 2110 4287 casionem
2164 4242 2225 4287 ut
2263 4233 2435 4301 ipsius
2486 4230 2778 4286 insid'etur
2826 4230 3102 4301 ignaviae,
3154 4238 3407 4299 prompta

1833 4324 2009 4380 aderit
2032 4332 2087 4377 et
2113 4324 2179 4378 ad
2214 4324 2303 4378 illa
2331 4334 2558 4393 peccata
2614 4321 2939 4392 provocabit
2961 4359 2978 4386 ,
3021 4335 3145 4374 cum
3200 4333 3259 4373 se
3292 4320 3408 4389 ipse

1833 4427 2089 4486 paratum
2141 4417 2209 4471 ad
2268 4415 2605 4486 peccandum
2672 4414 2983 4483 praebuerit.
3051 4414 3149 4468 Sic
3220 4413 3407 4482 itaque

1836 4490 2083 4563 dicturus
2119 4506 2212 4561 ille
2264 4508 2543 4576 putandus
2574 4515 2657 4562 est
2689 4505 2781 4575 qui
2816 4504 3148 4573 przrordinat
3200 4504 3405 4558 omnia.

152 4596 269 4666 ἐρεῖ
293 4597 324 4647 ό
358 4593 884 4664 προδιατασσόμενος
906 4594 974 4647 τὰ
999 4594 1093 4648 ὅλα
1118 4613 1132 4625 υ
1157 4598 1240 4651 ὅτι
1270 4596 1450 4668 Ἀμὼς
1480 4602 1731 4672 γεννήσει

1833 4599 2001 4651 Amos
2052 4597 2239 4667 gignet
2269 4596 2477 4653 Josiam
2530 4596 2623 4666 qui
2667 4607 2785 4672 _non
2836 4592 3183 4647 aemulabitur
3234 4590 3407 4659 patris

148 4689 245 4743 τὸν
329 4686 540 4742 Ἰωσίαν
578 4726 595 4751 ,
654 4688 800 4751 ὅστις
847 4689 907 4741 οὐ
961 4688 1189 4759 ζηλώσει
1252 4690 1321 4743 τὰ.
1381 4691 1476 4744 τοῦ
1529 4690 1729 4765 πατρὸς

151 4782 498 4850 πταίσματα,
533 4780 667 4833 ἀλλὰ
692 4779 868 4851 τυχὼν
900 4781 1061 4851 τῆσδε
1103 4782 1203 4853 τῆς
1242 4783 1329 4836 ἐπ’
1355 4784 1556 4856 ἀρετὴν
1599 4804 1729 4857 προ-

150 4872 471 4947 τρεπούσης
499 4871 620 4926 ὁδοῦ
654 4872 742 4925 διὰ
782 4872 949 4928 τῶνδε
990 4873 1097 4927 τῶν
1131 4877 1533 4946 συνεσομὲνων,
1568 4876 1731 4940 καλὸς

152 4966 309 5020 ἔσται
335 4966 433 5018 καὶ
462 4965 680 5033 ἀγαθὸς,
704 4965 853 5029 ὅστις
879 4965 1220 5035 κατασκάψει
1244 4965 1303 5018 τὸ
1328 4967 1420 5019 τοῦ
1449 4967 1729 5037 Ἰεροὸοὰμ

153 5062 347 5124 κακῶς
377 5060 728 5132 οἰκοδομηθὲν
770 5060 1167 5131 θυσιαστήριον.
1198 5056 1331 5113 Οἶδα
1363 5061 1417 5115 δὲ
1472 5062 1563 5115 καὶ
1600 5062 1729 5116 Ἰού-

227 5181 277 5215 ⁸⁸
310 5181 510 5249 Epltes.
550 5196 630 5244 ttt,
663 5180 757 5233 20.

228 5294 768 5366 (52)-Διατάττεται,
800 5303 904 5366 etc.
935 5290 1139 5366 Lucum
1174 5294 1445 5366 integrum
1486 5294 1565 5366 sic
1596 5292 1727 5366 legit

154 5362 465 5421 Bentleius:
506 5362 896 5434 Διατάττεσθαι
942 5364 1050 5416 ἀπὸ
1090 5365 1189 5434 τῆς
1222 5362 1478 5434 προνοίας
1513 5364 1574 5417 τὸ
1608 5362 1725 5417 κάτ’

156 5438 315 5504 ἀξίαν
359 5433 521 5507 παντί
548 5452 626 5502 τῳ
658 5432 875 5507 εὔλογον
896 5452 907 5463 ·
938 5434 1039 5507 καὶ
1066 5434 1125 5486 τὸ
1148 5432 1518 5507 τρῖ-εὔξηταί·
1542 5434 1753 5507 ,ποίαν

153 5508 400 5562 διάθεσιν
432 5504 571 5575 ἔχων
602 5507 630 5557 ό
660 5504 837 5558 δεῖνα·
885 5504 1002 5568 πῶς
1063 5505 1332 5558 πιστεύων
1351 5524 1363 5534 ·
1382 5504 1493 5559 ’καὶ
1524 5505 1574 5559 τί
1606 5505 1727 5575 βου-

153 5578 382 5650 λόμενος
411 5574 557 5645 αὐτῷ
576 5575 835 5650 γενέσθαι
855 5616 869 5639 ,
895 5575 1383 5650 προκατειλῆφθαι.

228 5645 347 5719 (53)
375 5645 661 5719 Συνετῶς.
700 5646 861 5719 l"_orte
894 5645 1197 5719 legendum,
1221 5645 1482 5719 συνεχῶς.

229 5667 325 5719 (ὃ.)
375 5667 661 5712 Δυνετως.
700 5667 861 5699 νοτιθ
894 5667 1197 5715 ιεεθιιιιιιηι,
1230 5667 1350 5702 συνε
1387 5667 1482 5710 ως.

229 5667 351 5786 (5ιῆ
374 5717 695 5782 Εὕξασθαι.
730 5715 871 5786 Lege
898 5732 1019 5769 cum
1050 5667 1591 5781 Βοηιιοίοβέξεσθαι.

228 5785 348 5855 (55)
382 5790 541 5843 Κατὰ
582 5786 757 5841 τοῦδε
782 5785 850 5839 δὲ
878 5788 1305 5858 ἐπακούσομαι.
1347 5789 1546 5842 Scribit
1577 5786 1713 5841 Bett-

158 5859 346 5930 tleitts,
365 5857 673 5930 κατὰᾼτήνδε
707 5858 763 5930 δέ
787 5858 1175 5930 ἐπακούσομαι.

229 5928 347 5998 (56)
384 5927 745 5985 Tc'we‘ttrd.
780 5929 871 5985 Sic
908 5927 1437 5989 rcctelrabctcorlcx
1498 5945 1599 5983 ma.
1659 5930 1719 5983 lu

1833 4700 2059 4761 peccata
2084 4729 2101 4756 ,
2151 4690 2245 4746 sed
2287 4692 2491 4746 hancce
2538 4668 2681 4742 viani
2710 4687 2777 4742 ad
2804 4687 3061 4741 virtutem
3093 4684 3405 4748 ducentem,

1835 4785 2051 4839 illorum
2078 4800 2182 4854 ope
2210 4784 2301 4855 qui
2335 4782 2705 4855 ipsiaderunt,
2736 4778 3047 4843 nactus,vir
3077 4777 3250 4830 bonus
3279 4774 3405 4840 erit;

1834 4877 1924 4945 qui
1976 4885 2031 4930 et
2066 4876 2236 4931 altare
2284 4876 2567 4930 subvertet
2603 4890 2632 4928 a
2667 4873 2958 4949 Jeroboam
2998 4868 3137 4923 male
3164 4866 3404 4920 aadilica-

1837 4978 1971 5023 tum.
2009 4967 2202 5023 Judam
2257 4970 2381 5023 novi
2418 4983 2540 5023 cum
2592 4970 2736 5023 inter
2769 4967 3015 5023 homines
3046 4961 3220 5017 Filius
3252 4975 3405 5041 meus

1837 5060 2164 5127 versabitur,
2193 5061 2393 5116 bonum
2419 5064 2573 5119 initio
2600 5064 2839 5119 futurum
2864 5077 2879 5128 ;
2904 5067 2958 5113 at
2988 5071 3307 5128 perversum
3342 5054 3402 5107 iri

1836 5309 1945 5365 quo
1974 5294 2113 5347 male
2137 5292 2270 5365 legit;
2293 5292 2471 5365 editor
2497 5291 2839 5365 Oxoniensis,
2877 5292 2967 5347 τὸν
2993 5293 3055 5365 δή
3086 5310 3225 5365 τινα.

1906 5366 2019 5435 (57)
2040 5362 2375 5435 E136qu).
2407 5362 2495 5435 lta
2519 5364 2621 5417 hoc
2669 5365 2789 5419 loco
2842 5374 2898 5420 et
2932 5362 3071 5418 infra
3129 5364 3211 5416 bis
3264 5363 3419 5435 scri-‘

1824 5433 2278 5505 iptuutreperitur
2307 5434 2358 5485 in
2398 5434 3011 5505 codicemauuscripto,
3042 5435 3094 5487 in
3121 5448 3231 5502 quo
3267 5433 3407 5489 male

1837 5502 1995 5566 antea
2025 5504 2222 5557 lectum
2257 5516 2359 5566 εει,
2394 5502 2699 5573 εὐξαμένῳ.

1906 5574 2021 5641 (58)
2059 5574 2189 5627 Ἐπὶ
2220 5575 2433 5626 ποσόν.
2464 5571 2955 5629 lllalletBentleius.
2981 5574 3073 5624 ἐπὶ
3100 5571 3276 5627 τόσον.
3317 5614 3323 5622 .

1909 5645 2021 5713 (59)
2050 5642 2671 5712 Παιινόρομήσυντος.
2700 5643 2839 5697 Male
2864 5643 3029 5697 editio
3055 5642 3402 5711 Oxoniettsis,

1716 5760 1719 5761 ν
1824 5715 2015 5769 παλινδ
2020 5734 2081 5787 ρο
2089 5718 2159 5787 μή
2167 5732 2375 5787 σαντος.

1898 5781 2031 5858 (60)’
2053 5781 2453 5858 ’Ᾰτὲοστάιξτος
2486 5785 2609 5858 κατ’
2636 5781 2814 5858 ἀξίαι·
2833 5784 3118 5858 αὐτόχειρ
3146 5782 3247 5858 -ὠν
3291 5799 3398 5849 τις.

1712 5896 1717 5899 Α
1830 5852 2305 5928 [θῖἱίῧευιιρίιω.
2327 5854 2656 5915 ἀποστάντος
2682 5854 2801 5907 κατ’
2822 5855 2978 5920 ἀξίαν
2996 5852 3173 5907 αὑτοῦ
3202 5858 3397 5929 χείρων

1828 5945 1930 5991 τις.
