4074 6308
668 442 783 521 ’439

2143 454 2467 511 ORlGENlS

3816 451 3982 525 uo)

677 578 877 633 deinde
907 586 960 631 et
984 577 1035 629 in
1064 575 1299 630 humana
1327 574 1636 629 decisurum
1667 583 1909 645 peccata,
1937 587 2095 642 quem
2124 587 2239 642 pro~

2359 574 2459 636 iav,
2494 570 2933 642 ἐπιδημήσαντός
2964 586 3064 640 μου
3098 567 3191 620 τοῦ
3221 567 3351 621 Υἱοῦ
3379 566 3457 638 τῷ
3486 585 3591 622 των
3615 552 3918 636 ἀνθρώπων

679 679 865 736 ptcrea
906 681 1115 734 atquum
1147 664 1415 741 erit'rtalia
1469 666 1713 733 quaedam
1742 666 1877 734 pati.
1911 663 2061 717 lianc
2108 679 2247 733 prm-

682 758 964 813 scientiam
998 755 1140 809 forte
1178 754 1242 809 de
1274 754 1552 820 omnibus,
1588 767 1738 811 certe
1766 756 1835 811 de
1875 753 2009 809 Juda
2046 764 2099 809 et
2128 768 2247 825 my-

680 847 863 901 steriis
891 844 1016 899 aliis
1046 846 1209 899 etiam
1245 844 1339 897 Dei
1370 843 1540 898 Filius
1574 845 1760 910 habet,
1791 838 1885 913 qui
1918 860 2098 897 rerum
2160 843 2245 898 lu-

682 948 929 1002 taurum
961 936 1325 988 ovolutionem
1372 936 1727 1004 perspiciens,
1771 934 1916 988 videt
1948 934 2165 999 ludam,
2194 944 2250 989 et

680 1008 800 1094 qua:
836 1024 1176 1079 admissurus
1228 1033 1314 1079 est
1365 1034 1624 1094 peccata;
1679 1024 1750 1077 ita
1800 1033 1858 1077 ιιι
1897 1023 2018 1078 ιιωο
2066 1024 2251 1078 animo

681 1112 1164 1181 comprehendens,
1193 1114 1358 1166 etiam
1384 1121 1510 1166 ante
1541 1121 1724 1165 natum
1758 1111 1951 1167 Judam
1979 1127 2074 1182 per
2101 1112 2251 1168 Davi-

682 1205 805 1259 detn
833 1202 1072 1256 dixerit:
1104 1201 1245 1256 Dem
1272 1202 1485 1255 laudem
1515 1217 1685 1253 meum
1718 1218 1780 1254 ne
1815 1203 2045 1257 tacueris
2098 1204 2165 1269 δ’,
2197 1212 2251 1255 et

683 1292 915 1359 reliqua.
945 1292 1137 1345 Sciens
1173 1292 1358 1360 itaque
1388 1291 1570 1343 futura
1603 1292 1747 1346 Deus
1785 1306 1841 1347 et
1870 1294 2088 1362 qualem
2123 1308 2253 1347 con-

684 1383 981 1437 tentionem
1030 1381 1315 1435 habiturus
1342 1379 1414 1432 sit
1444 1380 1511 1434 ad
1562 1382 1817 1448 pietatem
1853 1381 2084 1437 Paulus:
2114 1383 2252 1450 apud

681 1474 942 1540 meipsum
973 1472 991 1543 (
1018 1470 1239 1541 inquit)
1271 1484 1399 1527 ante
1430 1474 1644 1526 initium
1696 1487 1874 1525 rerum
1917 1487 2039 1526 cum
2070 1474 2252 1527 mundi

678 1563 953 1634 Opiﬁcium
989 1565 1293 1634 aggrediar,
1351 1564 1522 1633 ipsum
1569 1562 1735 1633 209
1761 1558 2011 1634 seligam,
2044 1574 2098 1619 et
2134 1565 2256 1620 istis

680 1654 957 1708 hominum
987 1646 1177 1709 salutis
1211 1653 1587 1724 adjutricibus,
1645 1655 1804 1708 simul
1836 1670 1901 1708 ac
1930 1663 2089 1709 natus
2116 1658 2251 1720 erit,

678 1745 1043 1814 potestatibus
1068 1744 1477 1811 commendabo,
1512 1758 1807 1814 segregans
1832 1746 1979 1799 illum
2004 1761 2069 1800 ex
2103 1756 2258 1802 utero

680 1836 907 1889 matris:
941 1838 1360 1905 permittamque
1382 1838 1539 1892 initio
1570 1838 1621 1890 in
1647 1836 1936 1904 iuventute
1987 1837 2106 1891 zelo
2134 1853 2255 1891 cum

2347 663 2527 732 γένει,
2558 662 2698 715 κατά
2734 662 2833 731 μὲν
2866 660 2964 723 τὰς
2993 660 3166 729 ἀρχὰς
3187 659 3443 729 ἐσόμενον
3475 660 3639 715 καλὸν
3668 660 3769 713 καὶ
3788 661 3917 729 ἀγα-

2350 754 2440 807 Οὸν
2464 792 2479 815 ,
2528 751 2751 823 ὕστερον
2784 751 2842 804 δὲ
2882 754 3361 824 ὲκτραπησόμενον
3383 754 3477 806 καὶ⁵
3506 755 3587 816 είς
3612 752 3680 806 τὰ
3705 753 3917 825 ἀνθρώ-

2349 862 2479 897 πινα
2508 844 2879 914 ἁμαρτήματα
2904 840 3302 913 ὲκπεσούμενον
3320 860 3333 875 ·
3368 844 3550 897 ὅντινα
3572 844 3665 895 ἐπὶ
3709 843 3918 907 τούτοις

2350 934 2569 1000 εὔλογον
2625 933 2776 986 ἔσται
2832 934 3023 987 παθεῖν
3051 934 3176 988 τάδε
3220 933 3361 987 τινά.
3400 934 3461 985 Ἦ
3517 932 3573 984 δὲ
3606 933 3917 1003 πρόγνωσις

2351 1025 2489 1095 αὕτη
2513 1026 2651 1094 τάχα
2683 1024 2780 1094 μὲν
2816 1026 2908 1077 ἐπὶ
2955 1026 3207 1088 πάντων,
3251 1022 3467 1087 πάντως
3512 1021 3569 1074 δὲ
3616 1023 3711 1075 ἐπὶ
3751 1022 3919 1075 Ἰούδα

2351 1116 2446 1169 καὶ
2471 1114 2671 1185 ἐτέρων
2705 1114 3033 1185 μυστηρίων,
3060 1113 3151 1166 καὶ⁵
3174 1116 3231 1166 ἐν
3254 1111 3331 1182 τῷ
3347 1110 3462 1182 Υίῷ
3493 1111 3585 1164 τοῦ
3608 1110 3745 1165 Θεοῦ
3760 1114 3921 1180 πγίνε-

2351 1226 2439 1261 ται
2457 1248 2471 1270 ,
2501 1196 2766 1277 ἑωρακότι
2793 1209 2858 1276 τῇ
2887 1206 3205 1275 κατανοήσει
3233 1204 3325 1258 τοῦ
3352 1202 3643 1272 ὲξελεγμοῦ
3666 1202 3780 1275 (61)
3814 1203 3919 1258 τῶν

2339 1293 2625 1367 ’ἐσομένων
2653 1296 2744 1348 τὸν
2784 1292 2983 1347 Ἰούδαν
3015 1295 3108 1347 καὶ
3136 1293 3204 1346 τά
3231 1294 3607 1363 ἁμαρτήματα
3640 1292 3709 1346 τά
3738 1293 3917 1363 ἀμαρ-

2352 1389 2695 1460 τηθησόμενα
2724 1385 2869 1455 αὐτῷ
2912 1384 3050 1437 ὥστε
3094 1384 3231 1455 μετὰ
3256 1384 3609 1454 καταλήψεως
3643 1384 3809 1437 αὐτὸν
3831 1386 3922 1436 καὶ

2356 1481 2485 1549 πρὶν
2508 1478 2757 1546 γενέσθαι
2780 1478 2872 1530 τὸν
2900 1476 3095 1529 Ἰούδαν
3113 1475 3202 1527 διὰ
3220 1474 3312 1528 τοῦ
3334 1473 3495 1526 Δαυὶδ
3517 1472 3797 1544 εἰρηκέναι
3816 1490 3829 1503 ·
3860 1473 3922 1526 '0

2358 1569 2502 1645 Θεὸς
2529 1571 2643 1636 τὴν
2669 1569 2907 1622 αἷνεσίν
2929 1585 3047 1638 μου
3073 1565 3159 1635 μὴ
3192 1562 3669 1632 παρασιωπήσῃς
3686 1605 3702 1629 ,
3736 1565 3831 1617 καὶ
3854 1564 3923 1618 τὰ

2356 1656 2505 1726 ἑξῆς.
2529 1657 2696 1720 Εἰδὼς
2713 1657 2769 1710 δὲ
2790 1657 2857 1710 τά
2881 1655 3157 1727 μέλλοντα,
3178 1655 3271 1707 κα)⁸
3288 1654 3471 1706 ὁποῖον
3490 1652 3641 1706 τόνον
3661 1652 3773 1718 ἕξει
3788 1653 3924 1724 πρὸς

2356 1748 2455 1818 τὴν
2486 1748 2791 1802 Θεοσέϐειαν
2836 1749 2865 1799 ὁ
2894 1745 3101 1808 Παῦλος
3124 1762 3138 1775 ·
3179 1747 3237 1799 ὲν
3281 1740 3498 1814 ἐμαυτῷ
3539 1743 3638 1813 μὲν
3656 1745 3784 1814 πρὶν
3808 1744 3950 1800 κτί-.

2362 1857 2449 1892 σαι
2478 1839 2569 1893 τὸν
2625 1841 2827 1910 κόσμον
2876 1836 3293 1905 ἐπιϐαλλόμενος
3336 1834 3402 1901 τῇ
3432 1831 3570 1902 ἀρχῇ
3600 1833 3697 1902 τῆς
3726 1849 3924 1902 κοσμο-

679 1922 986 1991 ignorantia
1017 1925 1304 1991 coniuncto
1328 1927 1613 1995 agitatum,
1636 1927 1856 1995 pietatis
1875 1933 2140 1994 praetextu
2164 1942 2259 1980 eos

2363 1930 2546 1992 ποιίας
2579 1929 2744 1983 αὑτὸν
2781 1926 3131 1997 ὲπιλέξομαιο
3181 1925 3273 1977 καὶ
3322 1920 3505 1975 ταῖσδε
3544 1921 3926 1994 συνεργούσαις

681 2016 937 2085 persequi
967 2016 1057 2083 qui
1086 2017 1137 2070 in
1172 2017 1452 2072 Christum
1483 2034 1661 2072 meum
1688 2019 2047 2083 crediderint,
2081 2029 2133 2074 et
2160 2037 2253 2075 cu-

685 2105 893 2159 stodire
937 2105 1266 2160 vestimenta
1308 2107 1665 2176 lapidantium
1704 2123 1921 2162 servum
1964 2123 2143 2163 meum
2199 2121 2255 2165 et

683 2197 877 2242 testem
898 2189 1237 2257 Stephanum
1260 2192 1328 2260 5°;
1349 2195 1847 2264 utpostjuvenilem
1874 2195 2253 2266 petulantiam,

679 2275 941 2346 deinceps
981 2280 1275 2337 occasione
1319 2294 1477 2351 capta
1524 2287 1580 2339 in
1628 2286 1851 2340 meliora
1883 2296 2121 2343 mutatus
2152 2305 2257 2343 non

682 2368 945 2439 glorietur
960 2385 1141 2425 coram
1162 2387 1267 2439 me,
1291 2376 1583 2439 seddicat:
1610 2377 1733 2431 Non
1747 2394 1860 2431 sum
1882 2378 2069 2448 dignus
2086 2383 2260 2436 vocari

665 2457 946 2525 apostolus
964 2501 978 2526 ,
1001 2462 1249 2530 quoniam
1275 2474 1575 2533 persecutus
1592 2481 1707 2519 sum
1729 2464 2022 2521 Ecclesium
2051 2468 2147 2522 Dei
2181 2470 2259 2531 “;

681 2551 1037 2619 sentiensque
1069 2551 1248 2605 futura
1296 2554 1347 2607 in
1379 2568 1502 2607 eum
1549 2554 1811 2612 beneﬁcia
1841 2574 1957 2613 mea
1987 2572 2109 2628 post
2135 2575 2262 2614 suos

683 2639 738 2693 in
758 2640 1045 2705 juventute
1068 2642 1288 2711 pietatis
1305 2645 1487 2712 specie
1511 2645 1715 2714 lapsus,
1742 2648 1943 2702 addat:
1966 2651 2141 2719 gratia
2164 2666 2259 2702 auo

686 2739 787 2782 rem
811 2728 906 2782 Dei
930 2746 1045 2782 sum
1070 2731 1124 2783 id
1148 2734 1285 2800 quod
1307 2750 1421 2787 sum
1444 2734 1523 2802 ⁵¹;
1552 2736 1958 2807 prohibitusque
1982 2738 2261 2793 conscien-

686 2816 760 2869 tia
787 2831 974 2871 eorum
1000 2834 1119 2887 qua:
1148 2836 1269 2873 cum
1314 2822 1494 2877 adhuc
1530 2824 1743 2892 juvenis
1774 2835 1951 2893 esset,
1999 2827 2273 2883 adversus

685 2906 960 2961 Christum
991 2914 1248 2979 patravit,
1276 2929 1380 2967 non
1406 2915 1695 2969 extollatur
1719 2918 2090 2988 magnitudine
2115 2933 2265 2972 reve-

685 3000 946 3056 lationutn
990 3017 1126 3069 quas
1157 3020 1275 3057 meo
1322 3004 1585 3060 beneﬁcio
1618 3018 1942 3075 accepturus
1966 3018 2049 3061 est
2079 3007 2146 3061 ⁸³.

2361 2018 2661 2089 ἀνθρώπων
2679 2034 2821 2086 σωτη
2831 2016 2919 2087 pi;
2934 2015 3222 2085 δυνάμεσιν
3247 2014 3361 2082 ἃμα
3382 2013 3461 2083 τῷ
3484 2012 3805 2083 γεννηθῆναι
3826 2029 3925 2064 πα-

2365 2110 2670 2182 ραθήσομαι
2695 2147 2709 2172 ,
2741 2098 3013 2178 ἀφορίζων
3056 2105 3218 2159 αὐτὸν
3246 2106 3311 2156 ὲκ
3342 2105 3549 2167 κοιλίας
3580 2103 3805 2173 μητρὸς,
3833 2103 3925 2156 καὶ

2312 2220 2315 2221 ⁷
2364 2199 2671 2270 ἐπιτρέπων
2700 2197 2837 2250 κατά
2886 2184 2984 2259 αἶάς
3012 2193 3204 2265 ἀρχὰς,
3240 2194 3296 2245 ὲν
3316 2192 3527 2265 νεότητι
3550 2231 3564 2256 ,
3608 2190 3755 2267 ζήλῳ
3792 2189 3927 2259 μετά

2366 2293 2586 2360 ἀγνοίας
2639 2289 3002 2359 ὲγγινομένῳ,
3052 2286 3319 2359 προφάσει
3372 2284 3926 2347 θεοσεϐείαςδιώκειν

2366 2385 2492 2446 τοὺς
2518 2384 2597 2446 είς
2622 2381 2713 2435 τὸν
2743 2380 2977 2450 Χριστόν
3004 2395 3104 2455 μου
3132 2376 3560 2438 πεπιστευκότας
3577 2413 3592 2439 ,
3612 2375 3717 2427 ’καὶ
3744 2375 3925 2445 τηρεῖν

2332 2476 2335 2477 ⁷
2366 2472 2434 2526 τὰ
2457 2472 2647 2543 ἱμάτια
2673 2471 2779 2525 τῶν
2798 2468 3211 2523 λιθοϐολούντων
3234 2467 3323 2522 τὸν
3344 2467 3682 2550 δεραπευτήν
3705 2483 3805 2537 μου
3836 2465 3926 2519 καὶ

2371 2565 2622 2634 μάρτυρα
2644 2562 2926 2630 Στέφανον
2946 2560 3033 2612 ἴνα
3051 2558 3515 2628 νεανιευσάμενος,
3537 2556 3757 2626 ὕστερον
3771 2558 3928 2625 ἀφορ-

2369 2652 2475 2724 μῆς
2510 2652 2804 2722 λαϐόμενος
2832 2651 2925 2702 καὶ
2956 2647 3417 2719 μεταϐαλλόμενος
3447 2646 3539 2699 ἐπὶ
3568 2646 3634 2699 τὰ
3661 2646 3924 2716 βέλτιστα,

2369 2744 2443 2814 μὴ
2466 2746 2803 2813 καυχήσηται
2833 2739 3056 2793 ἐνώπιον
3080 2737 3211 2808 ἐμοῦ
3233 2777 3248 2801 ,
3296 2736 3431 2791 ἀλλά
3455 2735 3599 2805 λέγει
3629 2736 3738 2807 (62)
3758 2753 3770 2765 '
3810 2737 3927 2789 Οὐκ

2365 2836 2480 2904 εὶμί
2513 2832 2717 2897 ἱκανὸς
2765 2830 3073 2884 καλεῖσθαι
3116 2829 3480 2892 ἀπόστολος,
3530 2826 3680 2881 διότι
3718 2824 3927 2890 ἐδίωξα

2366 2925 2482 2993 τὴν
2515 2922 2884 2988 Ἐκκλησίαν
2910 2918 3016 2974 τοῦ
3040 2919 3184 2972 Θεοῦ
3203 2935 3216 2948 ·
3240 2920 3333 2971 καὶ
3359 2917 3677 2988 αἰσθόμενος
3698 2917 3795 2986 τῆς
3815 2917 3925 2968 ἔσο-

2373 3009 2542 3082 μὲνης
2576 3027 2675 3080 μου
2701 3011 2780 3073 είς
2811 3009 2972 3062 αὑτὸν
3006 3007 3323 3077 εὐεργεσίας
3367 2993 3501 3076 μετά
3538 3006 3604 3059 τὰ
3630 3009 3687 3061 ἐν
3720 3005 3924 3076 νεότητι

685 3095 955 3164 προφάσει
983 3096 1290 3160 Θεοσεϐείας
1323 3100 1635 3169 πταίσματα
1656 3141 1670 3164 ,
1699 3102 1831 3174 εἴπῃ
1860 3101 1989 3174 (65)·
2026 3102 2223 3171 Χάριτι
2252 3105 2321 3158 δὲ
2347 3104 2494 3159 Θεοῦ
2512 3108 2627 3174 ειμι
2660 3106 2693 3158 ὅ
2720 3107 2835 3173 ειμι
2854 3121 2867 3134 ⁸
2902 3103 2997 3157 καὶ
3022 3102 3363 3173 κωλυόμενος
3420 3101 3477 3153 δὲ
3524 3103 3630 3154 ὑπὸ
3672 3101 3763 3154 τοῦ
3807 3116 3930 3154 συν-

684 3192 886 3254 ειδότος
929 3191 1015 3245 διὰ
1043 3192 1110 3245 τὰ
1136 3194 1240 3245 ὑπὸ
1271 3196 1479 3248 νεανίου
1527 3195 1690 3248 αὐτοῦ
1742 3196 1821 3248 ἔτι
1869 3199 2226 3267 τυγχάνοντος
2282 3197 2645 3269 πεπραγμένα
2697 3196 2836 3249 κατά
2884 3193 3156 3281 Χριςτοῦ,
3211 3195 3311 3264 οὐχ
3343 3192 3929 3266 ὑπερεπαρθήσεταιτῇ

687 3283 955 3355 ὑπερϐολῇ
984 3283 1089 3336 τῶν
1112 3285 1499 3356 ὲπ“εὑεργεσίᾳ
1529 3286 2063 3359 φανερωθησομαένων
2088 3287 2235 3357 αύτῷ
2264 3288 2673 3358 ἀποκαλύψεων.
3572 3356 3575 3359 ἰ

758 3377 812 3431 7.
848 3377 929 3431 Ad
970 3391 1032 3432 ea
1067 3386 1244 3431 autem
1283 3393 1403 3447 quae
1427 3378 1635 3450 objecta
1665 3390 1791 3433 sunt
1822 3381 1889 3436 de
1922 3383 2171 3436 oratione
2201 3390 2258 3435 ut

2431 3381 2539 3435 Καὶ
2573 3383 2706 3453 πρὸς
2742 3381 2803 3434 τὸ
2837 3382 2963 3452 περὶ
2994 3381 3093 3451 τῆς
3125 3381 3217 3434 ἐπὶ
3259 3379 3337 3451 τῷ
3364 3381 3671 3449 ἀνατέλλειν
3704 3380 3813 3452 (64)
3840 3383 3924 3435 τὸν

687 3469 769 3523 sol
790 3469 1016 3532 oriatur,
1044 3470 1158 3522 haec
1182 3471 1430 3523 dicenda.
1458 3468 1554 3523 Est
1575 3486 1730 3525 suum
1754 3471 1922 3527 ctsoli
1948 3472 2263 3536 arbitrium,

688 3559 1129 3627 quandoquidem
1192 3560 1306 3628 ipse
1357 3560 1526 3614 Deum
1579 3578 1701 3614 cum
1746 3562 1870 3614 luna
1927 3563 2131 3615 laudat.
2174 3562 2265 3615 Ait

688 3648 833 3701 enim
867 3666 880 3700 :
914 3647 1149 3700 Laudare
1178 3664 1319 3716 eum,
1348 3650 1426 3704 sol
1457 3661 1504 3703 et
1533 3652 1659 3703 luna
1686 3651 1752 3703 ⁵³.
1788 3652 1878 3705 Sic
1900 3661 1954 3705 et
1979 3652 2261 3705 arbitrium

690 3739 873 3792 lunam
907 3747 961 3789 ct
988 3748 1387 3806 consequenter
1421 3739 1605 3795 stellas
1633 3756 1826 3796 omnes
1858 3742 2058 3795 habere
2090 3744 2266 3796 mani-

691 3827 889 3881 festum
919 3836 1003 3880 cst
1034 3842 1047 3878 :
1084 3824 1324 3881 Laudare
1354 3828 1497 3881 enim
1526 3846 1664 3893 cum,
1695 3832 1859 3884 stella:
1890 3845 1937 3886 ct
1967 3834 2165 3889 lumen.
2201 3838 2268 3892 Ut

691 3917 860 3987 igitur
891 3917 1129 3971 diximus
1154 3929 1340 3971 nostro
1367 3919 1707 3990 singulorum
1738 3924 1831 3989 qui
1873 3903 1927 3977 in
1964 3935 2109 3979 terra
2143 3943 2267 3982 ver-

691 4020 879 4059 samur
903 4006 1129 4059 arbitrio
1164 4006 1239 4061 uti
1270 4005 1457 4071 Deum,
1490 4017 1542 4060 et
1573 4005 1627 4060 in
1660 4008 1898 4078 aliquam
1926 4021 2265 4069 terrenarum

693 4111 875 4151 rerum
924 4099 1215 4154 utilitatem
1265 4101 1657 4155 convenienter
1702 4102 1791 4155 illa
1834 4106 2135 4171 ordinasse,
2186 4112 2269 4164 sic

688 4188 855 4243 etiam
880 4188 1295 4242 existimandum
1326 4201 1427 4253 est,
1459 4191 1689 4245 arbitrio
1714 4192 1844 4245 solis
1860 4206 1914 4247 et
1948 4195 2090 4250 lunae
2117 4200 2266 4252 etsi-

580 4286 587 4287 ⁷
689 4283 900 4343 derum,
931 4283 1236 4334 necessario
1268 4282 1357 4335 illo
1380 4294 1433 4337 et
1465 4282 1622 4337 tlrmo
1639 4290 1693 4336 et
1722 4284 1908 4337 stabili
1927 4294 1981 4338 et
2016 4292 2264 4359 sapiente

691 4384 875 4433 usum,
904 4368 1189 4421 ordinasse
1215 4380 1461 4424 ornatum
1484 4388 1698 4429 omnem
1724 4373 1847 4429 coeli
1881 4386 2272 4443 congruentes-

691 4472 801 4528 que
845 4460 1099 4512 universo
1132 4459 1370 4513 siderum
1406 4466 1811 4520 conversiones.
1848 4464 2000 4530 Quod
2029 4466 2075 4520 si
2110 4467 2175 4521 de
2205 4468 2272 4523 iis

692 4563 814 4619 qua:
859 4563 888 4601 a
932 4558 1118 4601 nostro
1170 4550 1397 4603 arbitrio
1440 4554 1699 4618 pendent,
1750 4569 1857 4615 non
1902 4554 2103 4611 frustra
2150 4572 2269 4623 oro,

2364 3474 2514 3544 ἥλιον
2549 3473 2713 3543 εὐχῆς
2740 3471 2910 3525 ταῦτα
2936 3470 3170 3525 λεκτέον⁹
3200 3471 3314 3523 ἔστι
3346 3488 3397 3525 τι
3430 3472 3522 3525 καὶ
3551 3471 3643 3524 τοῦ
3677 3471 3823 3542 ἡλίου
3845 3472 3921 3539 ἐφ’

2366 3567 2530 3635 ἡμῖν,
2584 3565 2678 3617 καὶ
2723 3562 2885 3616 αὐτοῦ
2928 3562 3202 3627 αίνοῦντος
3246 3564 3384 3634 μετὰ
3430 3566 3528 3636 τῆς
3578 3562 3802 3633 σελήνης
3842 3564 3924 3616 τὸν

2365 3655 2515 3708 Θεόν·
2541 3653 2766 3711 Αἰνεῖτε
2786 3653 2894 3724 γὰρ
2922 3653 3122 3717 αὐτὸν,
3150 3654 3331 3724 φησιν,
3358 3653 3531 3722 ἣλιος
3552 3653 3647 3706 καί
3679 3651 3919 3718 σελήνη.

2366 3748 2530 3819 Δῆλον
2574 3747 2619 3799 δ’
2647 3726 2747 3798 ὄτι1
2774 3747 2867 3798 καὶ
2903 3745 3005 3814 τῆς
3043 3745 3267 3815 σελήνης
3314 3746 3407 3800 καὶ
3451 3744 3754 3805 ἀκολούθως
3792 3743 3911 3795 πάν·

2364 3857 2472 3891 των
2516 3838 2620 3891 τῶν
2672 3831 2931 3906 ἀστέρωψ
2987 3836 3212 3891 Αἰνεῖτε
3251 3835 3357 3906 γὰρ
3403 3836 3592 3890 αὑτὸν
3635 3832 3826 3886 πάντα
3857 3830 3923 3886 τὰ

2367 3931 2553 3998 ἄστρα
2605 3911 2711 3982 καί
2752 3927 2815 3979 τὸ
2864 3927 3009 3996 φῶς.
3058 3929 3269 3999 Ὥσπερ
3305 3922 3398 3980 οὖν
3433 3928 3732 3999 εἰρήκαμεν
3756 3924 3813 3977 τὸ
3843 3925 3919 3993 ἐφ’

2367 4021 2496 4090 ἡμῖν
2523 4019 2632 4091 (65)
2659 4018 2887 4071 ἑκάστου
2932 4017 3038 4071 τῶν
3084 4019 3177 4072 ἐπὶ
3227 4018 3332 4086 γῆς
3384 4016 3797 4088 καταχρώμενον
3840 4015 3920 4067 τὸν

2366 4112 2518 4177 Θεὸν,
2553 4110 2631 4173 είς
2656 4126 2777 4162 τινα
2806 4109 2989 4179 χρείαν
3016 4108 3121 4161 τῶν
3152 4109 3242 4160 ἐπὶ
3270 4109 3373 4177 γῆς
3404 4106 3820 4175 κατατεταχέναι
3851 4107 3920 4158 εἰς

2367 4200 2485 4253 δέον
2506 4200 2661 4254 αὐτά·
2703 4198 2873 4261 οὕτως
2907 4198 3238 4271 ὑποληπτέον
3268 4198 3345 4268 τῷ
3376 4198 3459 4267 ἐφ’
3495 4200 3627 4269 ἡμῖν
3658 4196 3802 4266 ἡλίου
3833 4196 3919 4249 καὶ

2371 4292 2597 4367 σελήνης
2623 4293 2713 4345 καὶ
2732 4290 2965 4363 ἄστρων,
2980 4291 3309 4361 ἀραρότικαὶ
3328 4290 3527 4360 βεϐαίῳ
3549 4289 3663 4345 δντι
3686 4288 3779 4342 καὶ
3804 4304 3923 4341 στα-

2369 4383 2520 4454 θηρῷ
2552 4385 2644 4437 καὶ
2675 4383 2841 4453 σοφῷ,
2859 4381 3220 4451 διατεταχέναι
3267 4380 3439 4434 πάντα
3479 4381 3568 4433 τὸν
3605 4380 3804 4449 κόσμον
3833 4376 3919 4432 τοῦ

2368 4475 2596 4545 ούρανοῦ
2630 4475 2723 4528 καὶ
2752 4474 2848 4545 τὴν
2878 4473 2984 4527 τῶν
3016 4473 3227 4543 ἄστρων
3248 4470 3515 4544 ἁρμονίως
3539 4469 3648 4541 (66)
3675 4463 3750 4540 τῷ
3773 4467 3921 4522 παντὶ

2370 4566 2595 4636 πορείαν
2628 4568 2720 4619 καὶ
2760 4566 2990 4637 κίνησιν.
3038 4565 3144 4617 Καὶ
3182 4564 3229 4616 εί
3264 4562 3388 4632 περὶ
3420 4561 3511 4614 τοῦ
3547 4563 3631 4630 ἐφ’
3664 4563 3792 4632 ἡμῖν
3814 4559 3920 4613 ἑτέ-

694 4642 864 4696 multo
889 4642 1069 4695 minus
1103 4640 1167 4693 de
1193 4639 1258 4692 iis
1288 4655 1406 4709 qum
1441 4641 1492 4694 in
1528 4641 1753 4696 arbitrio
1792 4655 1919 4697 sunt
1962 4647 2259 4702 ccelestiun:

2376 4673 2467 4727 ρου
2496 4655 2603 4727 (67)
2638 4658 2710 4727 μή
2759 4658 2936 4727 μάτην
2978 4655 3224 4727 εὔχομαι,
3268 4653 3445 4725 πολλῷ
3479 4653 3638 4707 πλέον
3676 4654 3799 4724 περὶ
3833 4649 3918 4704 τοῦ

696 4734 905 4787 illorum
965 4732 1199 4785 siderum
1244 4746 1473 4799 quorum
1524 4733 1807 4787 ordinatus
1863 4750 2057 4795 cursus
2108 4744 2259 4796 rebus

2372 4749 2453 4814 ἐφ’
2482 4749 2611 4816 ἡμῖν
2644 4746 2749 4798 τῶν
2772 4750 2828 4798 ὲν
2862 4747 3073 4817 οὐρανῷ
3107 4746 3386 4817 σωτηρίως
3412 4744 3670 4815 τῷπαντὶ
3690 4744 3920 4814 χορευόν-

694 4826 841 4879 utilis
871 4834 953 4878 est
994 4823 1283 4876 universis.
1318 4822 1639 4892 Quanquam
1677 4825 1741 4879 de
1779 4832 2009 4884 terrenis
2046 4835 2259 4900 quidem

2370 4855 2475 4889 των
2509 4837 2768 4907 ἁστέρωνσ
2829 4837 3067 4903 καίτοιγε
3114 4836 3257 4889 ἐστιν
3298 4838 3469 4889 εἰπεῖν
3508 4836 3637 4904 περὶ
3699 4834 3805 4887 τῶν
3836 4830 3918 4884 ἐπὶ

695 4920 855 4970 rebus
886 4917 991 4987 dici
1012 4924 1205 4984 potest,
1236 4924 1412 4970 certas
1436 4918 1695 4985 quasdam
1729 4933 1756 4969 a
1784 4920 2259 4980 circumstantibus

2370 4928 2473 4997 γῆς
2504 4928 2581 4980 ὅτι
2616 4926 2814 4980 τοιαίδε
2861 4927 3002 4988 τινὲς
3040 4927 3429 4997 προγενόμεναι
3464 4925 3571 4995 (68)
3606 4927 3671 4977 ἐκ
3697 4924 3799 4976 τῶν
3829 4939 3916 4975 πε-

695 5006 904 5071 species
934 5004 1148 5057 immitti
1185 5020 1306 5074 quae
1332 5016 1628 5075 provocent
1658 5008 1706 5060 id
1738 5008 1883 5075 quod
1918 5008 1969 5060 in
1995 5013 2149 5065 nobis
2178 5016 2259 5066 itt-

2372 5016 2674 5088 ριεστώτων
2741 5014 3025 5083 φαντασίαι
3101 5012 3493 5083 προκαλοῦνται
3567 5010 3657 5085 τέρ4
3685 5008 3917 5062 ἀϐέϐαιον

696 5097 913 5147 lirmum
946 5103 1050 5159 est,
1082 5104 1174 5147 attt
1210 5110 1435 5163 pronum
1482 5098 1547 5151 ad
1597 5100 1898 5163 deteriora,
1948 5108 2007 5152 ut
2040 5101 2155 5153 haec
2182 5104 2259 5155 vel

2369 5106 2545 5177 ἡμῶν,
2577 5106 2607 5177 ἢ
2642 5106 2701 5158 τὸ
2721 5106 2809 5158 ἐπὶ
2840 5105 2899 5156 τὸ
2930 5106 3167 5175 κρεῖττον
3198 5102 3303 5173 (69)
3339 5102 3591 5174 ρεπτικὸν
3623 5101 3772 5172 ήμῶν
3796 5100 3918 5170 πρὸς

767 5205 1024 5260 “Psalm.
1051 5221 1197 5272 cvttt,
1224 5190 1300 5261 4..
1355 5208 1400 5239 ‘°
1436 5209 1559 5265 Act.
1592 5206 1836 5276 “"30.
1914 5212 1958 5242 ⁸¹
1986 5209 2004 5262 l
2030 5212 2152 5264 Cor.
2190 5229 2276 5277 xv,
2302 5216 2355 5268 9.
2434 5219 2477 5249 "
2505 5220 2661 5287 lhid.,
2685 5220 2770 5272 l0.
2843 5217 2888 5249 ⁵³
2919 5216 2958 5270 ll
2981 5194 3105 5270 Cor.
3141 5231 3237 5281 λιι,
3264 5217 3316 5268 7.
3392 5214 3437 5245 "'
3468 5212 3841 5275 Psa|.cxr.vttt,
3864 5209 3911 5263 3.

2372 5372 2510 5453 [⁸1ηξὲ
2536 5377 2811 5453 genisque
2846 5380 3094 5453 omnibus
3117 5382 3349 5436 animam
3375 5380 3691 5436 rationalem
3721 5379 3914 5434 tribuit.

2373 5441 2975 5520 Vide“Otjigeit'innorum
3014 5452 3105 5504 lib.
3142 5468 3201 5518 tt,
3232 5469 3285 5520 q.
3318 5454 3368 5507 8.

2694 5518 2784 5583 ἐφ’
2814 5519 2976 5594 τὶιιῖνε
3006 5520 3156 5594 Legit
3178 5513 3473 5594 Bentleius.
3494 5522 3570 5594 τῷ
3599 5522 3682 5591 ἐφ’
3705 5523 3852 5594 ἡμῖν.

2607 5583 2942 5662 Ἀρμονίως.
2962 5583 3111 5662 Ideni
3137 5594 3285 5659 legit,
3313 5583 3605 5662 ἁρμοδίως.

2597 5654 2855 5732 ξτέρουι.
2895 5659 3035 5711 Idem
3066 5653 3532 5732 -Ιεείᾗήμιετέροω

2589 5725 3028 5801 ῌρογειξόμενᾳι.
3066 5724 3206 5801 Iden:
3232 5724 3378 5800 legit,
3405 5724 3849 5801 παραγενόμεναι.

2441 5794 2549 5865 (69)
2603 5796 2722 5848 Ἐπὶ
2760 5795 2821 5849 τὸ
2856 5796 3134 5864 κρεῖττον.
3167 5794 3309 5855 Ideni
3341 5802 3466 5869 legit
3486 5794 3585 5853 ἒπὶ
3614 5794 3888 5873 τὸ’χεῐρον.

926 5368 1447 5440 Ἐξε.ίεγμοῦ.[ι1ριιι
1486 5374 1634 5437 legit,
1668 5369 1976 5440 ἐξελιγμοῦ.

768 5438 879 5513 (t_i~_2)
916 5438 1101 5513 ééq‘SL
1137 5437 1765 5513 begitBentleiusJém.

766 5494 879 5573 (63)
912 5494 1087 5574 Εἴεέῃ.
1145 5494 1449 5563 διόιιθυει
1502 5494 1832 5566 εοιίιέιιίίιιε.
1891 5509 2029 5563 Male
2082 5518 2261 5565 autem

697 5579 864 5631 editio
894 5576 1239 5641 Oxoniensis,
1277 5576 1413 5632 εἷπε.

771 5649 884 5715 (tit)
933 5648 1057 5699 Ἐπὶ
1110 5648 1187 5713 τῷ
1243 5649 1619 5703 ἀνατέλλειν.
1670 5646 1760 5699 Sic
1793 5646 1959 5702 codex
1995 5665 2096 5704 ms.
2128 5650 2262 5705 Male

701 5734 827 5771 vero
872 5720 1035 5771 editio
1088 5716 1283 5787 0mm,
1330 5722 1416 5771 ixi
1446 5722 1503 5771 τὸ
1537 5718 1863 5772 ἀνατέλλειν.
1901 5720 2051 5782 Quod
2084 5731 2261 5774 autem

702 5790 920 5856 Stlltjit'it
945 5788 1206 5856 Origenes
1236 5790 1299 5841 de
1325 5791 1453 5844 solis
1475 5799 1531 5843 et
1549 5791 1778 5842 aliarum
1803 5787 2264 5843 stellarutnlibero

700 5861 951 5928 arbitrio,
973 5858 1030 5915 id
1052 5873 1157 5915 non
1183 5859 1451 5929 discrepat
1484 5863 1547 5915 ιιι)
1570 5861 1685 5927 eius
1715 5859 1983 5914 sententia
2008 5874 2113 5926 qua
2144 5860 2262 5924 soli,
