4116 6312
214 477 314 540 αι

1418 475 1754 534 LIBELLUS
1780 474 1868 530 DE
1900 472 2267 531 omnem
3398 484 3454 540 ,ς

219 596 280 654 τὸ
307 614 532 668 ποιησαι
558 599 592 669 ἢ
623 599 795 653 εἰπεῖν
815 599 939 653 τάδε
967 598 1110 666 τινά,
1140 600 1173 670 ἢ
1212 598 1355 654 τάδε’
1385 598 1477 651 ἐπὶ
1507 599 1562 651 δὲ
1589 597 1697 650 τῶν
1731 600 1787 650 ἐν

1899 595 1976 650 illa
1996 596 2234 649 dicamus
2251 600 2338 646 aut
2354 593 2616 649 faciamus
2630 612 2646 662 ;
2662 593 2714 648 in
2734 595 3048 651 coelestibus
3063 611 3189 668 vero
3206 613 3452 668 quaenam

216 689 434 760 οὐρανῷ
466 691 596 742 ποία
617 689 836 744 δύναται
868 691 1196 762 ἐγγενομένη
1231 689 1494 760 φαντασία
1527 689 1786 758 ἐκστῆσαι

218 780 318 834 καὶ
368 781 724 850 μετακινῆσαι
771 781 877 834 ἀπὸ
907 782 1003 853 τῆς
1042 781 1313 852 ὠφελίμου
1345 781 1422 852 τῷ
1463 781 1650 849 κόσμῳ
1687 795 1786 832 πο-

224 872 415 942 ρείας;
448 874 677 925 ἕκαστον
713 872 823 925 τῶν
863 873 1117 944 τοιαύτην
1153 873 1262 943 (70)
1295 872 1469 944 ψυχὴν
1502 872 1605 926 ὑπὸ
1630 863 1786 940 λόγου

218 961 664 1032 κατηρτισμένην
700 962 946 1033 καὶπερὶ
978 962 1075 1033 τὴν
1117 961 1294 1015 αὐτῶν
1341 946 1516 1015 αἰτίαν
1536 960 1784 1030 ἐχόντων,

219 1052 321 1105 καὶ
353 1053 576 1124 τοιούτῳ
608 1052 818 1124 σώματι
851 1053 1074 1124 αἰθερίῳ
1114 1054 1207 1106 καὶ
1246 1051 1613 1123 καθαρωτάτῳ
1646 1067 1790 1119 χρω-

223 1144 428 1214 μένων.

301 1317 424 1370 Ἔτι
455 1313 516 1369 δέ
543 1317 641 1371 οὐκ
665 1317 856 1387 ἄλογον
887 1321 983 1374 καὶ
1012 1319 1234 1390 τοιούτῳ
1258 1320 1363 1372 τινὶ
1397 1318 1792 1389 παραδείγματι

220 1408 534 1478 χρήσασθαι
579 1410 716 1481 πρὸς
760 1411 820 1464 τὺ
859 1411 1264 1483 προτρέψασθαι
1311 1412 1402 1464 ἐπὶ
1444 1411 1503 1463 τὸ
1539 1409 1794 1475 εὔξασθαι

222 1499 327 1550 καὶ
381 1499 788 1570 ἀποτρέψασθαι
849 1502 944 1556 τοῦ
1013 1503 1235 1571 ἀμελεῖν
1283 1503 1380 1572 τὴν
1440 1502 1603 1573 εὐχήν
1661 1500 1791 1571 (Ἠ).

225 1588 443 1658 ’Ὠσπερ
461 1590 562 1642 οὐκ
585 1588 698 1641 ἐστι
725 1590 1211 1661 παιδοποιήσασθαι
1237 1591 1404 1661 χωρὶς
1427 1587 1680 1658 γυναικὸς
1703 1589 1797 1641 καὶ

220 1678 333 1749 τῆς
381 1682 459 1742 εἰς
519 1679 857 1734 παιδοποιίαν
910 1683 1178 1753 χρησίμου
1240 1680 1798 1752 παραλαμϐανομένης

222 1772 528 1842 ἐνεργείας·
577 1771 747 1836 οὕτως
794 1772 960 1825 τῶνδε
1014 1772 1171 1824 τινῶν
1204 1773 1303 1825 οὐκ
1339 1771 1402 1824 ἀν
1435 1789 1515 1834 τις
1547 1770 1694 1840 τύχοι
1725 1769 1798 1840 μὴ

221 1861 401 1925 οὕτως
432 1863 743 1934 εὐξάμενος,
781 1862 918 1934 μετὰ
952 1862 1240 1927 διαθέσεως
1269 1863 1500 1928 τοιᾶσδε,
1533 1861 1796 1914 πιστεύων

1888 697 2064 760 potest
2089 687 2325 742 immissa
2352 687 2562 754 species
2588 687 2656 744 ab
2682 703 2747 743 eo
2778 703 2940 742 cursu
2971 689 3062 757 qui
3090 691 3288 744 mundo
3307 692 3455 746 milis

1887 791 1970 836 est
1997 790 2239 834 avertere
2265 796 2329 834 ac
2359 778 2677 834 dimovere?
2719 795 2840 833 cum
2874 781 3096 850 singula
3121 784 3282 835 etiam
3319 783 3457 836 citra

1887 874 2143 927 harumce
2183 874 2482 941 specierum
2529 880 2748 927 causam
2795 871 3056 940 ejusmodi
3095 875 3327 927 animam
3361 875 3454 926 ha-

1892 963 2052 1017 beant
2097 953 2310 1016 ratione
2363 964 2740 1032 compositam,
2799 971 2854 1016 et
2906 962 3169 1031 ejusmodi
3231 956 3465 1032 corpore

1889 1053 2120 1110 eethereo
2143 1056 2541 1126 purissimoque
2578 1066 2824 1110 utantur.

1959 1143 2012 1199 8.
2065 1144 2333 1198 Prmterea
2378 1160 2484 1198 non
2540 1147 2835 1206 absurdum
2882 1145 2989 1200 erit
3039 1147 3116 1200 uti
3152 1144 3455 1216 hujusmodi

1893 1235 2121 1301 quodam
2153 1233 2400 1300 exemplo
2427 1243 2487 1288 ιιι
2520 1236 2766 1289 homines
2798 1236 2865 1287 ad
2911 1237 3176 1289 orandum
3217 1234 3459 1304 impella-

1895 1339 2032 1386 IllllS,
2062 1332 2116 1377 et
2143 1333 2450 1378 avertamus
2477 1325 2544 1377 ab
2565 1326 2815 1378 oratione
2839 1325 3182 1394 negligenda.
3207 1324 3277 1379 Ut
3300 1325 3456 1378 liberi

1893 1415 2167 1484 procreari
2197 1429 2299 1466 non
2332 1415 2494 1483 210
2533 1425 2758 1483 possunt
2812 1415 2914 1467 nisi
2955 1416 3199 1468 adhibita
3232 1415 3458 1467 muliere

1895 1521 2066 1574 eoque
2106 1516 2226 1560 actu
2275 1507 2364 1572 qui
2401 1506 2466 1558 ad
2502 1521 2621 1560 eam
2653 1521 2767 1560 rem
2800 1506 2952 1559 utilis
2979 1516 3096 1572 est;
3129 1505 3208 1560 sic
3239 1505 3328 1558 ille
3353 1505 3456 1558 ali-

1897 1598 2016 1667 quis
2047 1597 2158 1650 haec
2190 1595 2274 1651 vel
2311 1596 2397 1649 illa
2427 1613 2531 1650 non
2560 1598 2790 1666 accipiet
2834 1595 2934 1648 nisi
2983 1595 3062 1649 sic
3091 1595 3328 1649 oraverit
3354 1597 3458 1651 hoc

1899 1688 2119 1744 affectus
2147 1687 2327 1753 modo,
2355 1689 2457 1742 hac
2485 1688 2606 1754 Iide,
2635 1697 2684 1742 et
2715 1688 2815 1742 nisi
2842 1688 2982 1742 hanc
3008 1697 3133 1742 ante
3160 1688 3457 1742 orationem

1900 1781 2063 1834 vitam
2089 1778 2324 1832 duxerit.
2356 1778 2542 1848 Itaque
2573 1793 2677 1833 non
2720 1787 2802 1833 est
2850 1779 3077 1831 multum
3112 1777 3454 1847 loquendum,

1902 1886 2006 1925 non
2038 1869 2230 1936 exigua
2255 1871 2508 1937 petenda,
2539 1885 2636 1924 nec
2666 1871 2731 1924 de
2757 1869 2987 1924 terrenis
3015 1871 3332 1938 rogandum,
3361 1885 3459 1924 nec

221 1954 422 2017 οὕτως,
463 1955 524 2007 οὐ
557 1955 663 2026 πρὸ
695 1956 790 2025 τῆς
831 1956 993 2026 εὐχῆς
1033 1955 1179 2008 τόνδε
1217 1954 1416 2024 βιώσας
1448 1954 1537 2007 τὸν
1579 1954 1792 2024 τρόπον.

1899 1976 2018 2015 cum
2053 1961 2130 2014 ira
2166 1969 2258 2013 aut
2302 1961 2482 2013 animo
2531 1959 2849 2027 perturbato
2882 1959 2948 2011 ad
2981 1960 3277 2012 orationem
3306 1973 3459 2012 acce-

224 2046 308 2098 Οὐ
359 2046 774 2117 βαττολργητέον
820 2043 933 2111 οὖν,
987 2047 1105 2100 οὐδὲ
1151 2039 1327 2116 ’μικρὰ
1371 2047 1636 2116 αἱτητέον,
1682 2045 1800 2098 οὐδὲ

222 2138 369 2209 «apii
404 2139 675 2207 ἐπιγείων
721 2140 1103 2211 προσευκτέον,
1160 2138 1277 2191 οὐδὲ
1323 2137 1459 2209 μετά
1503 2138 1668 2209 ὀργῆς
1707 2137 1801 2189 καὶ

219 2230 646 2301 τεταραγμένων
673 2230 945 2302 λογισμῶν
967 2231 1059 2282 ἐπὶ
1087 2229 1185 2300 τὴν
1211 2228 1513 2299 προσευχὴν
1539 2227 1796 2280 ἐλθετέονο

217 2322 344 2376 ἀλλ’
359 2323 481 2374 οὐδὲ
504 2323 671 2391 χωρὶς
693 2321 1075 2394 καθαρεύσεως
1104 2321 1252 2374 ἐστιν
1284 2321 1567 2390 ἐπινοῆσαι
1595 2319 1802 2388 γινομέ-

221 2429 331 2484 νην
358 2416 425 2484 τῇ
465 2416 734 2484 προσευχῇ
772 2414 987 2486 σχολήνο
1031 2415 1143 2467 ἀλλ’
1189 2414 1310 2474 ούδέ
1348 2414 1594 2482 ἀφέσεως
1626 2412 1802 2480 ἀμαρ-

222 2505 488 2573 τημάτων
521 2498 635 2556 οἷόν
677 2521 735 2556 τε
782 2507 962 2578 τυχεῖν
1005 2505 1096 2556 τὸν
1127 2503 1436 2574 εὐχόμενον,
1474 2503 1546 2573 μὴ
1575 2504 1680 2556 ἀπὸ
1703 2501 1800 2571 τῆς

223 2595 457 2665 καρδίας
488 2595 713 2663 ἀφιέντα
742 2594 819 2666 τῷ
844 2576 1334 2666 ’πεπλημμεληκότι
1366 2596 1456 2648 καὶ
1478 2592 1800 2664 συγγνώμης

166 2743 176 2750 ,
220 2689 411 2756 τυχεῖν
438 2687 672 2750 ἀξιοῦντι
713 2685 943 2756 ἀδελφῷ.
997 2687 1276 2755 Ὠφέλειαν
1307 2686 1364 2740 δὲ
1398 2684 1802 2755 ἐγγίνεσθαιτῷ

223 2776 289 2830 ὃν
308 2778 389 2830 δεῖ
405 2779 602 2848 τρόπον
630 2778 926 2849 εὐχομένῳ,
954 2778 988 2850 ἢ
1018 2778 1110 2831 ἐπί⁵
1136 2777 1293 2830 τοῦτο
1320 2779 1462 2831 κατά
1491 2779 1551 2830 τὸ
1582 2776 1802 2830 δυνατὸν

223 2869 600 2940 ἐπειγομένῳ,
655 2865 936 2940 πολλαχῶς
995 2869 1233 2941 ἡγοῦμαι
1299 2868 1632 2938 συμϐαίνειν.
1695 2869 1803 2922 Καὶ

225 2960 446 3033 πρῶτόν
475 2978 539 3028 γε
573 2962 788 3025 πάντως
818 2961 992 3015 ὥνατό
1016 2979 1068 3014 τι
1100 2963 1129 3014 ὀ
1156 2961 1290 3031 πρὸς
1314 2960 1374 3014 τὸ
1413 2960 1667 3026 εὔξασθαι
1691 2959 1800 3030 (72)

222 3049 415 3112 ταθεὶς
445 3050 588 3104 κατά
616 3052 707 3103 τὸν
737 3049 883 3116 νοῦν,
909 3051 974 3103 δι’
1007 3052 1173 3122 αὐτῆς
1218 3053 1316 3121 τῆς
1355 3053 1412 3104 ἐν
1444 3050 1520 3121 τῷ
1552 3049 1802 3120 εῦχέσθαι

223 3143 615 3206 καταστάσεως
675 3140 793 3212 Θεῷ
841 3141 1179 3214 παρεστάναι
1226 3143 1416 3195 ἐαυτὸν
1469 3143 1563 3195 καὶ
1613 3142 1803 3213 ἐκείνῳ

223 3233 414 3302 λέγειν
437 3232 795 3303 σχηματίσας,
830 3234 905 3297 ὡς
928 3233 1189 3303 ἐφορῶντι
1223 3234 1316 3286 καὶ
1341 3234 1587 3303 παρόντι·
1614 3233 1800 3304 ὥσπερ

223 3322 339 3394 γὰρ
369 3325 428 3378 αἱ
453 3323 650 3377 τοιαίδε
683 3326 971 3392 φαντασίαι
1003 3325 1095 3377 καὶ
1127 3325 1476 3394 ὑπομνήσεις,
1516 3325 1680 3376 τῶνδέ
1715 3341 1798 3376 τι-

224 3431 338 3468 νων
371 3417 502 3486 περὶ
530 3414 601 3468 τὰ
626 3408 699 3468 ὧν
731 3416 1013 3483 γεγόνασιν
1047 3417 1103 3468 αἱ
1131 3418 1482 3487 ὑπομνήσεις,
1522 3416 1801 3487 μολύνουσι

221 3491 354 3570 τοὺς
376 3505 666 3578 λογισμοὺς
697 3509 822 3572 τοὺς
856 3509 912 3560 ἐν
938 3508 1116 3560 ταῖσδε
1148 3511 1267 3572 ταῖς
1300 3509 1617 3578 φαντασίαις
1643 3524 1801 3576 γεγε-

223 3602 515 3673 νημένους·
563 3602 660 3655 τὸν
710 3603 869 3655 αὐτὸν
925 3603 1122 3674 τρόπον
1166 3603 1432 3664 πειστέον,
1489 3602 1803 3673 ὀνησιφόρον

225 3692 370 3748 εἶναι
411 3695 630 3765 μνήμην
666 3693 1096 3763 πεπιστευμένου
1122 3691 1229 3763 (73)
1263 3691 1355 3744 τοῦ
1382 3692 1537 3757 Θεοῦ,
1573 3694 1666 3745 καὶ
1700 3708 1801 3746 κα-

224 3785 544 3848 τανοοῦντος
596 3782 665 3836 τά
697 3784 756 3835 ἐν
789 3783 867 3854 τῷ
909 3783 1088 3853 ἀδύτῳ
1139 3785 1237 3855 τῆς
1288 3783 1461 3854 ψυχῆς
1507 3770 1819 3854 κινήματα(

227 3873 600 3944 ῥυθμιζούσης
653 3872 850 3942 ἑαυτὴν
895 3873 1149 3942 ἀρέσκειν
1183 3873 1259 3936 ὼς
1295 3873 1520 3943 παρόντι
1555 3875 1648 3925 καὶ
1679 3876 1804 3926 ἐπο-

224 3963 484 4016 πτεύοντι
517 3964 613 4018 καὶ
653 3962 904 4031 φθάνοντι
929 3964 1020 4014 ἐπὶ
1060 3965 1237 4017 πάντα
1271 3963 1413 4041 νοῦν,
1448 3963 1526 4035 τῷ
1560 3963 1802 4027 ἐτάζον-ξι

223 4055 455 4127 καρδίας
490 4057 582 4109 καὶ
614 4053 897 4128 ἐρευνῶντι
931 4055 1178 4125 νεφρούς.
1234 4057 1350 4109 Ἵνα
1382 4056 1488 4128 γάρ
1527 4057 1648 4110 καθ’
1671 4059 1803 4110 ὑπό-

141 4186 144 4188 ν
223 4146 378 4199 θεσιν
415 4147 654 4216 μηδεμία
700 4146 779 4198 ἐτι
803 4144 950 4216 παρά
981 4147 1181 4216 ταύτην
1213 4147 1445 4215 ὠφέλεια
1477 4148 1695 4216 γένηται
1727 4146 1802 4216 τῷ

222 4237 630 4306 καταστήσαντι
657 4234 818 4289 αὐτοῦ
850 4236 939 4288 τὸν
971 4235 1228 4306 λογισμὸν
1261 4239 1338 4300 είς
1367 4237 1424 4295 τὸ
1451 4235 1719 4305 εὔχεσθαι,
1741 4239 1800 4290 οὐ

222 4325 289 4377 τὸ
319 4324 484 4393 τυχὸν
505 4323 780 4394 ἐννοητέον
800 4322 984 4374 λαϐεῖν
1033 4324 1121 4374 τὸν
1149 4315 1318 4384 οὕτως
1344 4321 1581 4385 εὐλαϐῶς
1616 4323 1802 4374 ἑαυτὸν

224 4416 573 4489 ῥυθμίσαντα
616 4419 673 4469 ἐν
705 4415 782 4486 τῷ
806 4416 906 4487 τῆς
952 4403 1115 4483 εὐχῆς
1141 4413 1335 4484 καιρῷ.
1373 4412 1540 4464 Τοῦτο
1562 4413 1619 4466 δὲ
1655 4414 1802 4481 γινό-

225 4524 396 4581 μενον
442 4507 696 4570 πολλάκις
741 4507 879 4559 ὅσων
926 4506 1211 4574 ἀφίστησιν
1245 4503 1677 4574 ἁμαρτημάτων,
1711 4506 1803 4557 καὶ

1900 2051 2154 2114 dendum.
2199 2049 2302 2103 Sed
2354 2066 2526 2119 neque
2573 2051 2690 2104 sine
2734 2046 2971 2118 puritate
3002 2049 3302 2118 intelligere
3333 2050 3460 2102 licet

1900 2141 2168 2209 quomodo
2196 2141 2318 2209 quis
2349 2140 2584 2195 orationi
2617 2155 2810 2196 vacare
2839 2140 3035 2209 possit,
3065 2155 3166 2194 nec
3187 2140 3459 2194 remissio-

1900 2246 2022 2285 nem
2050 2239 2395 2300 peccatorum
2418 2239 2594 2297 potest
2615 2245 2776 2285 orans
2801 2230 3057 2299 consequi
3083 2230 3184 2284 nisi
3208 2244 3269 2282 ex
3297 2233 3460 2284 corde

1901 2323 2172 2378 remiserit
2206 2324 2363 2376 fratri
2411 2324 2574 2378 illata:
2618 2323 2843 2377 veniam
2890 2323 3101 2392 injuria:
3144 2323 3456 2392 postulanti.

1900 2413 2013 2468 Jam
2051 2415 2192 2482 quod
2221 2422 2467 2468 orantem
2499 2429 2564 2468 eo
2597 2429 2704 2483 quo
2744 2421 2957 2483 oportet
2995 2415 3154 2466 modo
3195 2413 3274 2471 vel
3301 2414 3365 2466 ad
3408 2415 3460 2468 id

1899 2519 2000 2576 pro
2048 2505 2250 2559 viribus
2294 2514 2671 2574 properantem
2716 2505 2955 2573 adjuvet,
3002 2505 3185 2559 multis
3227 2505 3461 2559 arbitror

1901 2598 2076 2653 modis
2107 2597 2321 2652 evenire
2373 2611 2549 2666 posse.
2599 2598 2676 2652 Ac
2722 2599 2953 2666 primum
2999 2598 3212 2664 quidem
3241 2598 3462 2651 omuino

1899 2689 2032 2743 utile
2075 2690 2178 2743 erit
2216 2690 2260 2742 si
2299 2689 2422 2757 quis
2449 2689 2515 2742 ad
2548 2689 2809 2742 orandum
2839 2697 3016 2742 mente
3058 2691 3317 2752 intentus,
3367 2704 3462 2756 per

1902 2783 2073 2851 ipsum
2108 2798 2265 2850 quem
2310 2783 2451 2838 inter
2485 2783 2748 2837 orandum
2784 2783 3001 2836 habebit
3035 2784 3236 2837 statum
3281 2784 3351 2835 ita
3403 2799 3463 2837 se

1899 2874 2262 2942 composuerit
2289 2874 2446 2942 quasi
2466 2874 2558 2942 qui
2592 2874 2700 2928 Deo
2733 2883 2874 2928 astet
2905 2884 3099 2927 etcum
3133 2875 3249 2942 ipso
3278 2877 3464 2943 loqua-

1899 2971 1987 3017 tur
2013 2975 2264 3033 tanquam
2303 2964 2621 3033 inspiciente
2665 2980 2728 3019 ac
2775 2975 3063 3034 praesente.
3116 2964 3268 3019 Sicut
3315 2964 3458 3018 enim

1901 3063 2059 3109 εει-ιω
2095 3057 2334 3124 quaedam
2374 3056 2637 3124 imagines
2685 3070 2862 3108 rerum
2919 3058 3177 3110 memoria
3222 3057 3462 3125 repetita:

1900 3159 1993 3199 eas
2021 3145 2307 3213 inquinant
2330 3148 2690 3215 cogitationes
2718 3135 3179 3216 qure'oboriuutur
3207 3163 3325 3202 cum
3359 3149 3462 3200 illae

1901 3236 2108 3303 Species
2139 3237 2320 3290 animo
2364 3237 2744 3303 obversantur,
2787 3238 2972 3290 eodem
3018 3237 3177 3290 modo
3205 3237 3464 3307 credibile

1903 3337 1987 3382 est
2021 3329 2201 3383 utilem
2236 3345 2358 3384 esse
2401 3331 2825 3384 recordationem
2862 3330 2953 3383 Dei
2982 3331 3071 3398 qui
3097 3346 3332 3398 praesens
3358 3341 3461 3392 est,

1902 3417 2104 3486 quique
2139 3427 2315 3472 motus
2339 3419 2533 3473 anima:
2559 3433 2749 3479 omnes
2777 3419 2942 3473 etiam
2972 3420 3342 3488 penitissimos
3369 3421 3464 3473 de.

1900 3509 2184 3585 prehendit
2213 3509 2380 3563 :dum
2416 3523 2474 3562 se
2513 3509 2598 3562 illa
2632 3511 2926 3581 componit.
2961 3519 3018 3562 ut
3053 3520 3305 3578 tauquam
3334 3524 3465 3578 pra:-

1902 3599 2064 3663 seuti,
2087 3599 2414 3666 iuspieienti,
2441 3608 2494 3654 et
2518 3601 2583 3664 ad
2609 3616 2822 3654 omnem
2856 3611 3090 3654 mentem
3125 3600 3463 3665 pervenienti

1902 3688 2107 3756 placeat
2140 3689 2187 3742 ei
2221 3690 2314 3757 qui
2348 3691 2621 3742 exatniuat
2662 3691 2824 3743 corda
2868 3700 2924 3743 et
2965 3700 3240 3743 scrutatur
3280 3705 3460 3747 rencs.

1905 3776 1976 3831 Ut
1999 3778 2140 3830 enim
2165 3793 2530 3847 supponamus
2556 3781 2755 3834 nullam
2788 3780 2944 3832 aliam
2973 3781 3258 3837 utilitatem
3277 3796 3465 3836 acces-

1902 3881 2084 3920 suram
2114 3869 2160 3922 ei
2192 3868 2280 3937 qui
2308 3869 2386 3923 sic
2415 3879 2645 3924 mentem
2665 3869 2728 3923 ad
2754 3871 3054 3925 orationem
3077 3874 3460 3940 composuerit,

1901 3971 2008 4008 non
2043 3959 2308 4011 modicum
2349 3960 2590 4012 fructum
2624 3975 2824 4028 capere
2856 3960 3235 4028 intelligendus
3265 3965 3461 4028 estqui

1902 4044 2018 4113 ipso
2040 4048 2300 4101 orationis
2335 4056 2577 4117 tempore
2617 4050 2690 4103 ita
2724 4063 2783 4103 se
2815 4049 2902 4117 pie
2934 4053 3321 4118 composuerit.
3352 4054 3463 4109 IIoc

1901 4153 2032 4192 vero
2054 4141 2097 4191 si
2129 4138 2442 4207 frequenter
2471 4141 2587 4205 Iiat,
2613 4151 2743 4209 quot
2770 4157 2797 4194 a
2823 4143 3061 4210 peccatis
3084 4153 3312 4207 avertat,
3335 4154 3466 4212 quot

1904 4231 1969 4282 ad
2006 4229 2234 4283 virtutes
2264 4231 2523 4299 impellat,
2556 4233 2888 4300 experientia
2919 4243 3117 4286 norunt
3152 4234 3186 4285 ii
3221 4235 3309 4301 qui
3340 4249 3464 4287 ora-

1905 4321 2033 4374 tioni
2066 4336 2133 4376 se.
2154 4322 2366 4375 assidue
2393 4324 2734 4378 dediderunt.
2764 4323 2820 4377 Si
2851 4321 2996 4376 enim
3018 4325 3223 4379 cordati
3250 4325 3463 4391 sapieno

1905 4410 2080 4478 tisque
2116 4411 2212 4463 viri
2255 4414 2529 4466 recordari
2559 4412 2782 4482 ejusque
2816 4415 3050 4482 speciem
3079 4424 3257 4468 mente
3288 4417 3462 4467 revol-

1904 4516 2048 4565 vere,
2081 4502 2422 4555 aamulatione
2452 4518 2548 4555 nos
2573 4514 2850 4571 provocat,
2877 4514 3199 4572 nostrosque
3230 4506 3280 4566 in
3319 4507 3465 4559 dete-

222 4599 315 4667 ἐφ’
343 4598 446 4651 ὃσα
476 4597 628 4666 φέρει
660 4596 768 4648 τῶν
807 4595 1263 4666 κατορθωμάτων,
1301 4595 1447 4647 ἴσασι
1477 4596 1540 4664 τῇ
1564 4594 1727 4665 πείρᾳ
1753 4595 1799 4646 οἱ

1907 4589 2048 4642 riora
2092 4590 2325 4658 impetus
2352 4606 2516 4658 saepe
2563 4595 2804 4646 retardat
2841 4611 2854 4646 :
2886 4603 3089 4662 quanto
3145 4594 3313 4660 magis
3369 4593 3463 4646 Dei

224 4687 616 4758 συνεχέστερον
648 4683 725 4754 τῷ
758 4684 1006 4754 εὔχεσθαι
1047 4687 1271 4748 ἑαυτοὺς
1308 4684 1706 4746 ἐπιδεδωκότες.
1738 4684 1800 4735 El

219 4777 341 4850 γὰρ
392 4775 691 4846 ὑπόμνησις
741 4773 835 4826 καὶ
894 4774 1224 4843 ἀναπόλησις
1286 4772 1566 4843 ἐλλογίμου
1615 4771 1803 4841 ἀνδρὸς

218 4871 327 4925 καὶ
354 4866 698 4938 ὠφελημένου
734 4866 791 4916 ἐν
826 4864 1004 4934 σοφίᾳ,
1025 4864 1116 4915 ἐπὶ
1139 4863 1296 4932 ζῆλον
1322 4866 1466 4934 ἡμᾶς
1486 4862 1647 4916 αὐτοῦ
1672 4880 1805 4933 προ-

1907 4684 2144 4736 omnium
2182 4685 2423 4752 parentis
2445 4686 2680 4739 orationi
2715 4686 3000 4753 conjuncta
3033 4687 3337 4740 recordatio
3371 4700 3465 4738 eos

1909 4774 2121 4841 adjuvat
2175 4779 2264 4844 qui
2309 4778 2408 4831 sibi
2454 4789 2838 4847 persuaserunt
2867 4780 3121 4848 prmsenti
3159 4795 3218 4833 se
3262 4794 3322 4831 ac
3365 4793 3462 4829 au-

1912 4866 2074 4920 dienti
2108 4867 2214 4921 Deo
2245 4880 2297 4923 et
2325 4880 2502 4924 astare
2530 4880 2582 4924 et
2611 4871 2772 4937 loqui.

219 4963 498 5022 καλεῖται,
541 4959 635 5013 καὶ
681 4955 933 5018 πολλάκις
975 4953 1250 5024 ἐμποδίζει
1289 4955 1460 5023 ὁρμὰς
1487 4955 1585 5016 τὰς
1622 4956 1714 5005 ἐπὶ
1753 4955 1811 5006 τὸ
1848 4959 2047 5027 χεῖρον·
2084 4960 2233 5028 πόσῳ
2279 4961 2436 5013 πλέον
2486 4960 2617 5011 Θεοῦ
2650 4959 2740 5011 τοῦ
2773 4958 2879 5009 τῶν
2912 4958 3045 5009 ὅλων
3076 4957 3287 5029 Πατρὸς
3328 4953 3460 5008 ὑπό·

224 5071 434 5126 μνησις
470 5052 607 5123 μετὰ
635 5051 733 5121 τῆς
759 5050 908 5119 πρὸς
951 5047 1108 5101 αὐτὸν
1150 5047 1312 5117 εὐχῆς
1361 5047 1565 5117 ὀνίνησι
1602 5049 1727 5110 τοὺς
1779 5049 2064 5117 πείσαντας
2116 5056 2356 5120 ἑαυτοὺς,
2398 5056 2477 5108 ὅτι
2518 5053 2739 5125 παρόντι
2780 5054 2871 5105 καὶ
2904 5052 3151 5105 ἀκούοντι
3186 5052 3458 5122 παρεστή-

220 5163 367 5203 κασι
402 5145 494 5197 καὶ
523 5145 740 5212 λέγουσι
773 5142 920 5213 Θεῷ.

298 5242 784 5293 Κατασκευαστέον
816 5239 871 5291 δέ
903 5238 1008 5292 ἀπὸ
1040 5238 1146 5291 τῶν
1179 5237 1333 5291 θείων
1362 5237 1591 5305 Γραφῶν
1622 5236 1687 5289 τά
1720 5237 1798 5288 εἰ-

223 5326 467 5401 ρημένα,
511 5327 696 5380 τοῦτον
731 5329 820 5381 τὸν
865 5329 1092 5398 τρόπον’
1131 5329 1373 5398 ἐπαίρειν
1405 5328 1484 5379 δεῖ
1511 5327 1658 5390 ὁσίας
1690 5328 1799 5399 (74)

220 5421 421 5491 χεῖρας
466 5416 556 5469 τὸν
603 5419 911 5487 εὐχόμενον,
947 5419 1032 5472 διὰ
1063 5418 1156 5472 τοῦ
1193 5419 1408 5487 ἀφιέναι
1453 5419 1663 5490 ἐκάστῳ
1695 5418 1802 5472 τῶν

301 5597 755 5672 (Ἱθλᾜκαστογ
793 5597 1245 5672 τῶν-τοιαύτην.
1287 5600 1428 5656 Idem
1473 5603 1633 5672 legit,
1670 5605 1798 5658 ἐκά-

227 5666 370 5752 στου
386 5668 562 5752 αὐτῶν
585 5666 857 5737 τοιαύτην.
901 5669 1064 5726 Paulo
1093 5666 1212 5742 potat
1235 5671 1377 5742 lego,
1405 5674 1497 5725 καὶ
1523 5666 1670 5743 παρὰ
1703 5674 1798 5745 τὴν

226 5740 410 5794 αὐτῶν
437 5739 632 5792 αἰτίαν.
1094 5739 1109 5742 ’
1292 5739 1312 5742 “

302 5810 416 5949 (7i;
464 5809 583 5876 Τὴν
611 5806 822 5894 εὐχήιὲ
851 5807 992 5860 Idem
1022 5810 1166 5878 legit,
1185 5812 1281 5897 τῆς
1301 5813 1482 5894 εὐχῆς.

304 5881 395 5949 (72
455 5879 612 5947 Πρὸς
647 5880 712 5933 τὸ
746 5877 1050 5941 ειοξασθαι.
1075 5881 1482 5949 Legtllienlletu:

304 5877 414 5950 In)
455 5879 612 5947 Πρὸς
647 5880 712 5933 τι)
746 5877 1050 5941 εὔξασθαι.
1075 5877 1526 5958 Legillienlleius,
1557 5882 1688 5950 πρὸς
1723 5881 1794 5951 τῷ

1971 5239 2022 5293 9.
2053 5237 2246 5290 Verum
2281 5249 2342 5288 ea
2389 5249 2510 5303 qua:
2551 5236 2713 5289 dicta'
2739 5243 2881 5299 sunt,
2922 5234 3119 5288 divinis
3163 5236 3459 5305 Scripturis

1903 5329 2180 5397 probanda
2211 5335 2334 5380 sunt
2365 5327 2469 5380 hoc
2508 5329 2666 5381 modo
2699 5343 2711 5378 :
2738 5333 2950 5394 oportet
2991 5334 3245 5378 orantem’
3279 5327 3459 5381 levare

1903 5435 2062 5488 puras
2091 5433 2301 5484 manus,
2321 5428 2569 5487 acceptas
2591 5419 2841 5473 omnibus
2862 5415 3088 5484 injurias
3111 5416 3457 5482 remittendo,
3490 5454 3494 5456 -

1903 5597 2178 5667 εὔξασθαι.
2200 5595 2554 5651 Scribendum
2595 5598 2713 5652 aliis
2750 5598 2978 5660 videtur,
3031 5592 3139 5661 πρὸ
3171 5594 3263 5647 τοῦ
3298 5595 3456 5664 εὖξα-

1905 5671 2083 5808 σοῗὲὲ)
2121 5737 2616 5805 Πεπιστευμένου.
2652 5737 2953 5807 Legendum
2980 5737 3465 5809 videtutBentleio,

1904 5808 2259 5879 ἐφισταμένου
2287 5810 2364 5859 vel
2381 5809 2774 5879 ἐπισταμένου.

1974 5878 2087 5947 (Ἠ)
2141 5878 2348 5943 Ὀσίας.
2379 5876 2578 5932 'l'extus
2611 5879 2866 5943 vulgatus,
2893 5876 3092 5940 ὁσίους.
