4074 6308
687 364 780 422 155

2160 360 2480 417 ORIGENIS

3806 356 3928 414 456

677 479 734 531 ln
775 473 1106 544 Babylonico
1162 471 1280 525 laco
1342 471 1551 526 leonum
1584 488 1679 528 ora
1715 473 1950 528 Danielis
1981 473 2234 542 precibus

2350 471 2560 540 ἐποίησε
2609 469 2685 539 τῷ
2730 469 2861 539 οἴκῳ
2901 466 2993 523 τοῦ
3041 467 3532 538 Ναϐουχοδονόσορ·
3575 467 3828 530 Ἀνανίας
3854 485 3927 524 τε

677 564 1002 619 obturantur
1026 564 1067 616 ι.
1099 561 1268 617 Jonas
1302 603 1316 626 ,
1352 579 1473 615 cum
1508 578 1538 616 e
1575 556 1778 617 ventre~
1807 566 1907 618 ceti
1948 580 1975 617 a
2010 579 2116 632 quo
2145 563 2238 616 de-

680 654 902 723 glutilus
951 664 1068 707 erat
1115 653 1358 708 exaudiri
1408 669 1512 706 non
1567 656 1943 724 desperasset,
1993 667 2238 724 egressus

681 742 840 805 inde,
876 743 1241 809 propheticum
1289 743 1353 795 ad
1398 741 1668 796 Ninivitas
1719 744 2060 813 legationem'
2086 741 2236 811 prius

699 830 1009 880 inchoatam
1042 829 1273 883 feliciter
1303 831 1553 886 absolvit.
1576 831 1790 896 Quanta
1819 847 1947 885 vero
1974 841 2095 885 sunt
2121 845 2239 899 qua:

697 919 1065 986 unusquisque
1099 930 1362 985 nOstrum,
1386 923 1430 973 si
1460 923 1619 974 modo
1645 929 1797 990 grato
1827 923 2018 974 animo.
2037 936 2240 1000 memor

684 1023 1030 1080 acceptorum
1078 1014 1486 1078 beneﬁciorum,
1523 1014 1710 1067 laudes
1743 1015 1848 1066 Deo
1884 1029 1977 1081 pro
2023 1014 2106 1066 his
2151 1001 2236 1067 ie—

684 1103 827 1157 ferre
850 1103 1011 1167 velit,
1045 1105 1245 1172 poterit
1272 1105 1575 1158 enarrare?
1601 1105 1805 1157 Animae
1832 1106 1973 1158 enim
2002 1121 2119 1172 quae
2147 1105 2237 1158 diu

684 1194 806 1246 sine
838 1194 988 1261 prole
1023 1204 1378 1258 manserunt,
1415 1195 1754 1264 deprehensa
1785 1195 1907 1263 ejusr
1933 1198 2097 1264 partis
2129 1207 2239 1251 ste-

686 1285 884 1337 rilitate
913 1299 1032 1351 quae
1063 1286 1315 1352 princeps
1346 1285 1400 1338 in
1437 1285 1566 1351 ipsis
1615 1300 1733 1337 esse
1777 1286 1970 1351 debet,
2017 1287 2240 1340 mentis-

689 1391 792 1442 que
822 1375 1091 1434 orbitate,
1128 1390 1155 1426 a
1186 1374 1388 1441 Spiritu
1435 1383 1620 1426 sancto
1660 1388 1756 1440 per
1801 1375 2073 1428 assiduam
2118 1391 2240 1428 ora-

692 1468 891 1520 tionem
926 1465 1091 1518 veluti
1127 1465 1450 1532 gravidam,
1479 1465 1753 1518 salutares
1785 1476 2060 1520 sermones
2093 1467 2238 1518 veri-

690 1559 920 1624 talisque
948 1556 1252 1622 cognitione
1280 1557 1464 1622 plenos
1493 1567 1839 1623 generarunt.
1869 1558 2013 1623 Quot
2055 1558 2239 1620 etiam,

687 1647 1116 1715 oppugnantibus
1147 1661 1247 1698 nos
1275 1660 1419 1712 serpe
1450 1646 1633 1698 multis
1666 1648 1904 1699 adversa:
1949 1645 2239 1712 potestatis

697 1734 949 1794 millibus,
980 1734 1261 1799 divinaque
1294 1749 1390 1786 nos
1419 1733 1647 1798 dejicere
1680 1748 1775 1800 spe
1794 1733 2115 1798 volentibus,
2139 1735 2238 1785 ho-

2344 564 2439 615 καὶ
2479 560 2730 633 Ἀζαρίας
2768 562 2861 615 καὶ
2889 559 3104 631 Μισαὴλ
3141 561 3373 627 πνεῦμα
3399 559 3621 626 δρόσου
3647 558 3931 627 διασυρι-

2344 653 2440 712 ζον
2473 654 2572 705 οὐκ
2619 652 2721 704 έῶν
2757 654 2996 722 ὲνεργεϊν
3043 651 3139 720 τὴν
3184 651 3355 717 φλόγα
3400 649 3492 701 τοῦ
3553 649 3724 720 πυρὸς
3771 649 3928 714 ἄξιοι

2342 743 2624 810 γεγόνασιν
2651 741 3074 803 ὲπακουσθέντες
3101 740 3283 793 λαϐεῖν
3303 757 3316 769 ·
3359 741 3408 792 oi
3448 740 3504 791 δὲ
3531 741 3588 792 ὲν
3613 739 3692 809 τῷ
3727 739 3926 810 λάκκῳ

2345 833 2695 885 Βαϐυλωνίων
2737 833 2946 894 λέοντες
2981 830 3268 900 φιμοῦνται
3322 830 3409 882 διά
3444 830 3542 894 τὰς
3575 830 3669 882 τοῦ
3717 830 3926 900 Δανιὴλ

2346 927 2646 997 προσευχάς
2666 943 2679 954 ·
2711 926 2804 977 καὶ
2843 927 3020 988 Ἰωνᾶς
3049 925 3126 988 δὲ,
3159 925 3259 976 οὐκ
3289 923 3558 990 ἀπογνοὺς
3593 923 3653 974 τὸ
3678 923 3925 975 ἐπακου-

2347 1017 2637 1089 σθὴσεσθαι
2665 1017 2728 1068 ὲκ
2761 1015 2967 1080 κοιλίας
2999 1014 3094 1067 τοῦ
3126 1014 3478 1077 καταπιόντος
3507 1014 3666 1066 αὐτὸν
3693 1017 3924 1084 κήτους,

2344 1112 2402 1163 τὸ
2428 1095 2640 1170 ἐλλιπὲς
2669 1109 2768 1176 τῆς
2797 1107 2932 1178 πρὸς
2969 1108 3096 1169 τοὺς
3131 1106 3414 1168 Νινευῖτας
3441 1104 3799 1176 προφητείας,
3829 1103 3926 1168 ἑξ-

2347 1201 2513 1254 ελθὼν
2543 1201 2638 1270 τὴν
2664 1198 2758 1251 τοῦ
2787 1200 2984 1270 κήτους
3035 1197 3297 1266 γαστέρα,
3331 1196 3650 1267 ἀναπληροῖ.
3680 1197 3824 1248 Ὅσα
3856 1196 3923 1248 δὲ

2353 1289 2445 1340 καὶ
2472 1287 2700 1347 ἕκαστος
2733 1285 2908 1356 ἡμῶν,
2939 1285 3052 1351 ἐὰν,
3080 1285 3412 1354 εὐχαρίστως
3436 1286 3782 1354 μεμνημένος
3808 1285 3925 1336 τῶν

2345 1381 2424 1441 εἰς
2453 1378 2613 1430 αὑτὸν
2633 1377 2977 1447 εὐεργεσιῶν,
2998 1376 3343 1448 περὶτούτων
3363 1375 3542 1438 αῐνους
3565 1376 3925 1446 ἀναπέμπειν

2347 1467 2422 1537 τῷ
2451 1467 2567 1536 Θεῷ
2613 1466 2888 1538 βούλητω,
2935 1465 3045 1534 ἔχει
3085 1464 3542 1535 ὲκδιηγήσασθαις
3586 1465 3804 1532 Ἀγονοί
3852 1481 3922 1518 τε

2344 1558 2451 1627 γὰρ
2502 1557 2727 1608 ἐπιπολὺ
2781 1557 3142 1626 γεγενημέναι
3197 1555 3397 1624 ψυχαὶ,
3452 1555 3758 1626 ᾐσθημέναι
3809 1558 3923 1627 τῆς

2347 1648 2681 1716 στειρώσεως
2718 1646 2824 1700 τῶν
2866 1645 3009 1698 ἰδίων
3046 1647 3385 1715 ἡγεμονικῶν
3417 1650 3509 1699 καὶ
3553 1647 3651 1715 τῆς
3689 1645 3924 1712 ἀτονίας

2345 1737 2437 1790 τοῦ
2470 1736 2559 1789 νοῦ
2597 1735 2801 1789 ἑαυτῶν
2829 1734 2959 1804 (18),
2989 1736 3095 1786 ἀπὸ
3138 1735 3232 1787 τοῦ
3284 1736 3440 1804 ἁγίου
3483 1737 3802 1806 Πνεύματος
3826 1735 3924 1788 διὰ

698 1834 809 1876 stes
855 1824 1108 1890 prostrati
1163 1823 1331 1874 sunt?
1379 1820 1710 1876 Conlidimus
1745 1823 1886 1876 enim
1923 1823 2046 1890 quia
2093 1823 2144 1873 hi
2189 1823 2241 1875 in

2350 1826 2598 1894 ὲπιμόνου
2625 1824 2791 1894 εὐχῆς
2827 1825 3116 1893 κυήσασαι,
3154 1825 3450 1895 σωτηρίους
3482 1823 3669 1892 λόγους
3698 1825 3922 1894 θεωρη-

689 1915 930 1967 Curribus
966 1921 1012 1963 et
1047 1914 1101 1964 hi
1146 1913 1202 1964 in
1239 1915 1414 1982 equis,
1457 1930 1546 1965 nos
1579 1924 1752 1965 autent
1793 1914 1848 1966 in
1888 1913 2091 1968 nomine
2130 1912 2241 1966 Do-

691 2004 817 2056 mini
856 2003 949 2056 Dei
982 2005 1144 2055 nostri
1177 2005 1196 2035 ⁸
1232 2006 1544 2058 invocantes
1579 2006 1818 2058 videmus
1847 2005 1970 2058 illud
2014 2021 2192 2058 verum
2227 2023 2239 2060 :

693 2092 890 2146 Fallax
919 2110 1079 2161 equus
1114 2094 1181 2144 ad
1213 2095 1445 2146 salutem
1476 2096 1514 2146 ⁶.
1556 2095 1658 2146 Sed
1682 2105 1743 2156 et
1777 2096 2070 2164 principem
2102 2099 2243 2150 mili-

696 2185 783 2238 tia:
813 2185 1133 2248 adversarii,
1181 2186 1423 2238 fallacem
1463 2197 1515 2239 et
1546 2187 1876 2253 probabilem
1917 2205 2242 2253 sermonem,

693 2275 781 2344 qui
808 2275 984 2327 tnultis
1007 2277 1168 2327 etiam
1192 2290 1378 2328 eorum
1401 2277 1491 2348 qui
1524 2279 1814 2332 credidisse
1839 2290 2112 2348 putantur,
2138 2290 2245 2334 ter-

695 2378 871 2414 rorem
905 2363 1107 2430 injicit,
1146 2364 1238 2416 iUe
1276 2364 1488 2432 jugulat
1530 2381 1671 2432 smpe
1711 2369 1801 2434 qui
1853 2370 1946 2422 Dei
1999 2371 2247 2424 laudibus

692 2453 913 2506 Conlidit
940 2467 954 2504 :
985 2451 1172 2506 Judith
1202 2456 1343 2506 enim
1388 2455 1595 2508 laudent
1631 2459 2068 2526 interpretantur.
2107 2462 2248 2526 Quot

695 2551 821 2594 sunt
865 2543 978 2609 qui,
1022 2557 1142 2594 cum
1193 2542 1246 2594 in
1280 2543 1598 2594 tentationes
1645 2544 1959 2604 incidissent
1998 2554 2249 2612 supcratu

593 2619 628 2706 λ
694 2631 934 2685 difﬁciles
975 2640 1029 2684 et
1074 2631 1282 2684 ﬂanima
1329 2632 1564 2699 qualibet
1609 2633 1966 2696 ardentiores,
2009 2635 2140 2686 nihil
2183 2635 2250 2688 ab

695 2720 825 2788 ipsis
855 2721 995 2788 passi
1027 2730 1171 2784 sunt,
1199 2709 1290 2777 sed
1319 2723 1464 2795 illaesi
1487 2732 1771 2777 evaserunt
1796 2726 2032 2789 omnino,
2060 2741 2128 2778 ne
2157 2727 2249 2779 mi-

691 2815 841 2867 nimo
872 2816 1088 2883 quidem
1125 2819 1193 2869 ab
1222 2818 1387 2870 odore
1421 2817 1624 2871 inimici
1657 2819 1796 2887 ignis
1837 2831 2056 2887 accepto
2097 2821 2248 2872 dam-

694 2921 764 2960 no
790 2906 812 2958 ί
837 2907 974 2972 Quid
1008 2922 1224 2960 necesse
1251 2916 1401 2960 estet
1419 2908 1521 2960 alia
1549 2923 1992 2971 commemorare,
2011 2919 2248 2978 quotque

696 2997 887 3050 lielluis
927 2998 977 3049 in
1025 2983 1441 3062 nos'e'ﬂ'rratis,
1489 2999 1736 3067 malignis
1785 3001 2001 3067 inquam
2046 3000 2247 3068 s'piriti-

691 3089 792 3142 bus
810 3130 824 3152 ,
859 3087 1272 3155 hominibusque
1302 3087 1458 3141 saevis
1483 3099 1830 3142 occurrentes
1851 3131 1864 3153 ,
1891 3105 2076 3143 eorum
2109 3106 2248 3160 stupe

690 3177 939 3244 precibus
976 3177 1090 3229 suis
1119 3190 1214 3228 ora
1245 3177 1668 3239 obstruxerunt,
1704 3193 1824 3229 cum
1861 3195 1926 3231 ne
1959 3180 2246 3232 admovere

691 3268 908 3334 quidem
957 3267 1144 3319 dentes
1197 3265 1474 3334 potuerint
1524 3265 1610 3318 his
1658 3267 1998 3338 (membris)
2050 3270 2247 3321 nostris

691 3357 894 3408 Christi
931 3357 1191 3408 membris
1223 3355 1448 3408 effectis.
1485 3354 1640 3422 Saepe
1684 3357 1825 3408 enim
1871 3372 1968 3424 pro
2009 3357 2248 3425 quolibet

595 3452 599 3457 ’
691 3459 1002 3500 sanctorum
1040 3447 1206 3498 molns
1243 3446 1448 3496 leonum
1491 3445 1746 3513 confregit
1780 3446 2068 3513 Dominus,
2103 3458 2148 3501 et
2179 3451 2246 3500 ad

693 3538 914 3592 nihilum
945 3538 1252 3590 devenerunt
1285 3550 1529 3608 tanquam
1557 3555 1687 3606 aqua
1721 3540 1998 3592 decurrens
2023 3542 2064 3592 ".
2096 3539 2248 3607 Step0

608 3700 610 3702 _
690 3631 855 3684 etiam
903 3631 1149 3683 novimus
1189 3633 1495 3684 divinorum
1541 3633 1914 3684 mandatorum
1957 3632 2244 3701 fugitivos,

695 3736 725 3771 a
767 3728 941 3770 morte
976 3718 1244 3784 principio
1274 3719 1519 3771 devictos
1553 3728 1608 3770 et
1641 3718 1957 3786 deglutitos,
2007 3734 2098 3787 per
2131 3735 2246 3788 pm-

697 3809 978 3863 nitentiam
1012 3808 1178 3878 218
1210 3824 1238 3860 a
1284 3818 1429 3862 tanto
1467 3804 1743 3863 servatos"
1759 3825 1877 3863 esse
1912 3811 2084 3875 malo,
2125 3805 2245 3864 cum

697 3902 800 3954 etsi
837 3900 948 3968 jam
990 3915 1084 3953 eos
1123 3912 1308 3952 ventre
1347 3915 1493 3953 mors
1544 3902 1887 3966 contineret,
1930 3902 2124 3954 salvari
2169 3913 2248 3954 ta-

696 4008 816 4046 men
849 4007 1005 4059 posse
1034 4009 1137 4044 non
1172 3993 1574 4060 desperaverint
1601 4009 1613 4042 :
1647 3991 1915 4044 Devorarit
1948 3994 2078 4044 enim
2108 4009 2246 4045 mors

695 4083 1021 4151 protralens;
1062 4092 1110 4132 et
1153 4098 1363 4133 rursum
1403 4079 1618 4131 abstulit
1661 4081 1800 4133 Deus
1837 4097 2036 4133 omnem
2078 4083 2250 4150 (αργυ-

695 4188 834 4227 mam
869 4175 931 4223 ab
964 4174 1102 4222 omni
1141 4172 1274 4238 {acie
1307 4173 1348 4223 ⁸.
1380 4171 1502 4224 llaec
1536 4183 1860 4238 postcorum
1889 4173 2250 4224 enumeratio-

698 4280 819 4318 nem
855 4263 1050 4330 quibus
1086 4263 1321 4330 profecit
1363 4264 1571 4326 oratio,
1618 4263 1747 4314 milii
1795 4263 2016 4316 dicenda
2059 4278 2247 4315 neces-

697 4355 846 4409 sario
887 4355 998 4406 visa
1046 4367 1205 4420 sunt,
1255 4357 1513 4408 avertenti
1569 4369 1661 4407 eos
1697 4350 1798 4423 \lui
1833 4355 2160 4420 spiritualem
2195 4355 2246 4407 iu

2347 1919 2530 1990 μάτων
2556 1917 2808 1987 ἀληθείας
2837 1917 3296 1987 πεπληρωμένους
3325 1919 3734 1987 γεγεννήκασιν.
3756 1919 3923 1970 Ὅσοι

2341 2010 2417 2075 δὲ,
2447 2008 2602 2079 ήμῶν
2629 1999 2886 2070 πολλάκις
2921 2007 3188 2078 μυριάδων
3215 2009 3595 2078 ἀντικειμένης
3631 2008 3923 2078 δυνάμεως

2350 2098 2934 2168 καταστρατευομένων
2984 2097 3078 2150 καὶ
3122 2096 3434 2163 ἐξαφανίσαι
3473 2097 3580 2149 ἀπὸ
3624 2099 3721 2167 τῆς
3757 2098 3922 2162 θείας

2344 2190 2488 2258 ἡμᾶς
2510 2189 2741 2250 πίστεως
2768 2187 3104 2257 βουλομένων
3126 2187 3374 2256 πολέμιοι
3398 2187 3743 2256 διελύθησανς
3767 2190 3926 2260 Θαῤ-

2349 2279 2624 2348 ρησάντων
2667 2277 2842 2347 ἡμῶν,
2879 2277 2958 2328 ὅτι
2993 2272 3157 2331 οὗτοι
3196 2277 3266 2328 ἐν
3311 2276 3601 2345 ἅρμασιν,
3646 2274 3811 2332 οὗτοι
3847 2278 3926 2331 δὲ

2344 2368 2413 2418 ἐν
2445 2369 2665 2432 ἵπποις,
2707 2366 2866 2420 ἀλλὰ
2905 2365 3073 2435 ἡμεῖς
3117 2366 3186 2417 ἐν
3235 2366 3475 2434 ὀνόματι
3529 2367 3748 2433 Κυρίου
3792 2370 3925 2420 ἐπι-

2346 2455 2665 2527 καλούμενοι
2701 2457 2916 2528 ὁρῶμεν
2963 2457 3044 2510 ὃτι
3077 2457 3310 2524 ἀληθῶς
3345 2457 3578 2524 ψευδὴς
3609 2458 3791 2522 ἵππος
3828 2461 3923 2522 εις

2345 2546 2662 2612 σωτηρίαν.
2712 2544 2870 2596 Ἀλλά
2914 2545 3122 2597 καὶτὸν
3153 2545 3582 2614 ἀρχιστράτηγον
3627 2543 3721 2595 τοῦ
3767 2545 3924 2595 ἀντι-

2347 2636 2620 2705 κειμένου,
2648 2634 2924 2704 άπατηλὸν
2949 2636 3041 2688 καὶ
3072 2634 3293 2686 πιθανὸν
3324 2634 3480 2702 λόγον
3509 2635 3923 2703 καταπτήσσειν

2347 2723 2601 2778 ποιοῦντα
2634 2724 2859 2786 πολλοὺς
2893 2725 2982 2777 καὶ
3011 2724 3118 2776 τῶν
3165 2726 3581 2776 πεπιστευκέναι
3619 2721 3924 2792 νομιζομέ-

2346 2833 2471 2877 νων,
2497 2819 2525 2867 ό
2551 2813 2627 2882 τῷ
2653 2814 2788 2884 πρὸς
2809 2813 2938 2866 Θεὸν
2961 2816 3092 2884 αἴνῳ
3119 2813 3393 2876 πεποιθὼς
3418 2814 3695 2867 διακόπτει
3721 2812 3928 2867 πολλά-

2347 2922 2452 2968 κις’
2483 2904 2680 2974 Ἰουδὴθ
2703 2904 2812 2974 γὰρ
2833 2905 3190 2974 ἑρμηνεύεται
3211 2906 3461 2969 αἷνεσις.
3486 2907 3639 2956 Ὅσοι
3658 2920 3720 2954 τε
3739 2905 3924 2973 πάσης

2347 2995 2540 3063 φλογὸς
2588 2994 3042 3062 καυστικωτέροις
3077 2993 3185 3062 (19)
3217 2982 3603 3062 περιπεσόντες
3656 2993 3923 3062 δυσπερι-

2346 3086 2592 3154 γενήτοις
2650 3083 2906 3148 πολλάκις
2969 3087 3319 3154 πειρασμοῖς,
3371 3084 3520 3137 οὐδὲν
3583 3085 3676 3135 ὑπ’
3738 3074 3924 3136 αὸτῶν

2354 3174 2699 3239 πεπόνθασιν,
2747 3173 2883 3227 ἀλλὰ
2925 3174 3100 3243 πάντη
3145 3173 3395 3238 άὸλασείς
3423 3173 3644 3236 τούτους
3676 3173 3926 3243 διεξελη-

2352 3266 2591 3327 λύθασιν,
2627 3265 2744 3316 οὐδὲ
2784 3265 2844 3317 τὸ
2885 3265 3045 3334 τυχὸν
3089 3265 3262 3334 ὀσμῆς
3313 3265 3406 3318 τοῦ
3457 3264 3927 3335 πολεμίου

2357 3352 2556 3421 βλάϐην
2589 3352 2894 3421 ἐσχηκότες.
2945 3353 3008 3402 Τί
3055 3352 3133 3402 δεῖ
3171 3353 3264 3404 καὶ
3311 3353 3490 3421 λέγειν
3525 3353 3679 3417 ἀλλα,
3721 3355 3815 3405 καὶ
3865 3356 3929 3406 ἐν

2353 3444 2496 3505 ὅσοις
2524 3443 2633 3512 (20)
2689 3441 2894 3511 Θηρίοις
2935 3442 3236 3514 καθ’,ήμῶν
3279 3442 3721 3514 ὲξηγριωμένοις,
3757 3461 3926 3516 πονη-

2357 3539 2470 3606 ροῖς
2504 3533 2770 3604 πνεύμασι
2805 3536 2897 3587 κα)⁹
2933 3534 3235 3605 ἀνθρώποις
3273 3534 3443 3604 ὠμοῖς
3494 3538 3923 3606 παρατυχόντες,

2353 3630 2471 3688 ταῖς
2498 3625 2684 3693 εὐχαῖς
2729 3625 3222 3689 αὑτοὺς-πολλάκις
3267 3625 3568 3694 ὲφίμωσαν,
3601 3628 3662 3678 οὐ
3696 3627 3924 3699 δεδυνη-

2359 3719 2532 3787 μένων
2575 3717 2824 3786 ὲγχρίψαι
2858 3715 2968 3786 (21)
3001 3717 3127 3777 τοὺς
3163 3715 3378 3776 ὀδόντας
3411 3716 3587 3768 αὐτῶν
3618 3721 3731 3780 τοῖς
3767 3735 3925 3787 γεγε-

2353 3808 2603 3877 νημένοις
2635 3807 2786 3877 ημῶν
2820 3807 3003 3875 μέλεσι
3057 3805 3148 3857 τοῦ
3192 3805 3470 3874 Χριπσῦς
3513 3807 3782 3870 Πολλάκις
3814 3809 3926 3880 γὰρ

2354 3896 2471 3948 καθ’
2517 3896 2743 3948 ἕκαστον
2793 3896 2898 3947 τῶν
2946 3894 3114 3960 ἁγίων
3154 3892 3259 3956 τὰς
3283 3894 3483 3960 μύλας
3513 3893 3629 3947 τῶν
3660 3897 3924 3948 λεόντων

2355 3989 2690 4040 συνέθλασε
2729 3990 2958 4053 Κύριος,
3003 3987 3099 4038 καὶ
3131 3986 3616 4054 ὲξουδενώθησαν
3645 3989 3724 4052 ὠς
3766 3989 3923 4054 ῦὸωρ

2355 4078 2926 4145 παραπορευόμενον.
2987 4079 3170 4146 Ἴσμεν
3233 4079 3289 4130 δὲ
3360 4079 3614 4139 πολλάκις
3677 4079 3920 4145 φυγάδας

2356 4169 2784 4239 προσταγμάτων
2828 4168 2982 4231 Θεοῦ,
3029 4169 3430 4230 καταποθέντας
3478 4169 3580 4220 ὑπὸ
3607 4167 3699 4219 τοῦ
3757 4169 3922 4221 θανά-

2353 4256 2582 4325 τουθῖ)
2629 4259 2886 4327 πρότερον
2936 4261 3054 4310 κατ’
3089 4258 3264 4311 αὐτῶν
3317 4259 3648 4326 ίσχύσαντος,
3693 4258 3782 4310 διὰ
3822 4260 3920 4331 τὴν

2358 4347 2643 4418 μετάνοιαν
2672 4347 2939 4410 σωθέντας
2976 4349 3083 4401 ἀπὸ
3115 4347 3208 4401 τοῦ
3235 4347 3545 4416 τηλικούτου
3569 4349 3784 4414 κακοῦ,
3817 4352 3919 4404 οὐκ

699 4448 918 4500 Christo
977 4446 1139 4498 vitam
1194 4446 1500 4498 desiderant
1546 4447 1612 4497 ab
1656 4446 1863 4514 exiguis
1909 4457 1960 4498 et
2018 4447 2244 4498 terrenis

2354 4439 2733 4506 ἀπεγνωκότας
2777 4439 2882 4507 (‘23)
2921 4439 2980 4490 τὸ
3027 4438 3290 4501 σώζεσθαι
3319 4438 3582 4492 δύνασθαι
3614 4441 3713 4511 ἤδη
3758 4445 3815 4494 ὲν
3846 4445 3916 4513 τῇ

702 4537 861 4590 rebus
907 4537 1149 4588 oratione
1203 4536 1483 4604 petendis,
1539 4547 1587 4588 et
1640 4536 1704 4588 ad
1753 4538 1974 4605 mystica
2019 4551 2246 4602 quorum

703 4627 815 4679 lucc
845 4640 965 4694 quae
994 4626 1217 4690 przedixi
1250 4629 1514 4692 imagines
1544 4637 1729 4688 erant,
1759 4628 2066 4693 scriptionis
2098 4627 2252 4680 istius

705 4719 939 4772 lectores
973 4717 1308 4770 adhortanti.
1345 4717 1533 4771 Omnis
1563 4719 1706 4770 enim
1745 4718 1810 4770 de
1845 4719 2113 4785 praedictis
2143 4719 2251 4785 spi-

704 4809 986 4862 ritualibus
1019 4808 1365 4876 mysticisque
1399 4809 1555 4860 rebus
1603 4810 1775 4861 Oratio
1821 4823 2033 4874 semper
2074 4809 2141 4861 ab
2188 4823 2251 4860 eo

704 4899 980 4965 perﬁcitur
1013 4901 1100 4965 qui
1132 4916 1232 4952 non
1260 4904 1541 4954 secundum
1589 4916 1796 4951 carnem
1827 4901 1847 4931 ⁹
1894 4899 2084 4950 militat
2109 4937 2122 4958 ,
2158 4899 2250 4950 sed

700 4986 890 5051 spiritu
925 4987 1063 5052 facta
1099 4989 1274 5041 carnis
1309 4990 1349 5020 ’°
1389 4990 1696 5048 mortificat,
1730 4987 2000 5056 plurisque
2032 4987 2158 5040 facit
2187 5002 2248 5040 ea

777 5096 806 5165 ‘7
829 5096 960 5148 Dan.
991 5113 1075 5162 vr,
1121 5101 1207 5156 22.
1314 5103 1336 5134 '
1369 5103 1507 5165 Psal.

709 5165 752 5195 “
780 5164 937 5217 lion).
970 5183 1082 5230 vm,
1112 5171 1196 5223 15.

776 5256 883 5394 218)
913 5258 1086 5311 Codex
1118 5279 1240 5326 ms.,
1275 5265 1510 5328 έαυτῶν;
1555 5266 1717 5318 editio
1743 5265 1936 5327 Oxon.,
1978 5264 2173 5317 αὐτῶν.

803 5327 882 5394 19)
925 5329 1098 5380 Codex
1153 5349 1274 5394 ms.,
1340 5335 1803 5394 καυστικωτέροις.
1860 5335 2000 5389 Edil.
2054 5337 2173 5388 Umi

803 5327 882 5394 19)
925 5329 1098 5404 Codex
1153 5349 1274 5396 ms.,
1340 5327 1803 5404 καυστικωτέροις.
1860 5335 2000 5389 Edil.
2054 5337 2247 5398 Oxon,

707 5398 1040 5468 neutrumne
1050 5415 1162 5468 ρας.

777 5465 884 5535 (20)
910 5465 1114 5534 Λέγείν
1138 5471 1313 5533 ἄλλα,
1345 5473 1440 5526 καὶ
1464 5473 1531 5524 ἐν
1559 5472 1740 5537 ὅσοις.
1785 5473 1873 5526 Sic
1904 5475 2058 5526 habet
2085 5476 2246 5526 codex

709 5538 1101 5603 manuscriptus
1160 5551 1213 5592 et.
1270 5551 1446 5603 recte,
1507 5545 1659 5594 tnodo
1715 5543 1892 5598 deleas
1943 5545 2016 5594 ὲν.
2077 5544 2248 5596 Editio

708 5600 906 5675 0191],,
936 5600 1131 5675 λέγειν,
1159 5610 1291 5662 ἁλλά
1330 5600 1504 5660 καὶέν
1537 5611 1694 5671 ὅσοις.

778 5670 886 5749 (21)
907 5670 1130 5749 Αὐτοὺς
1163 5677 1457 5741 πολλάκις
1488 5670 1808 5747 ἐφίμωσαν,
1838 5684 1906 5735 οὐ
1934 5682 2248 5749 δεδυνημέο

706 5750 830 5791 νων
849 5741 1144 5814 ἐγχρίψαὶ.
1179 5751 1252 5803 ιω
1293 5753 1460 5803 codex
1501 5741 1599 5801 ius:
1633 5741 1805 5805 Editiu
1847 5764 2023 5804 autem
2053 5741 2248 5816 Oxum,

1621 5119 1734 5166 nx,
1765 5104 1817 5157 8.

1923 5102 1944 5133 ⁸
1970 5101 2110 5155 Psal.
2164 5117 2333 5165 xxxn,

2356 4530 2531 4599 κοιλίᾳ
2557 4529 2649 4581 τοῦ
2689 4528 2916 4580 θανάτου
2951 4529 3387 4597 κεκρατημένους
3407 4546 3420 4558 ·
3460 4529 3710 4583 Κατέπιε
3742 4531 3851 4598 γὰρ
3884 4533 3918 4584 ό

2351 4617 2607 4684 θάνατος
2639 4620 2919 4686 ἰσχύσας·
2957 4618 3052 4669 καὶ
3086 4618 3270 4671 πάλιν
3293 4620 3539 4686 ἀφεῖλεν
3563 4623 3594 4671 ό
3627 4619 3769 4683 Θεὸς
3793 4619 3918 4673 πᾶν

2355 4713 2613 4778 δάκρυον
2659 4709 2775 4761 ἀπὸ
2818 4708 3038 4774 παντὸς
3085 4711 3425 4776 προσώπου.
3484 4709 3666 4760 Ταῦτα
3714 4709 3770 4760 δέ
3821 4727 3915 4777 μοι

2355 4802 2771 4869 ἀναγκαιότατον
2814 4801 2949 4870 μετά
2992 4802 3082 4853 τὸν
3128 4802 3422 4868 κατάλογον
3460 4800 3568 4850 τῶν
3603 4800 3913 4869 ὠφεληθέν-

2354 4915 2459 4950 των
2480 4897 2565 4949 διά
2586 4897 2884 4966 προσευχῆς
2907 4896 3151 4966 είρῆσθαι
3174 4896 3394 4966 νομίζω,
3419 4897 3773 4964 ἀποτρέποντι
3797 4892 3912 4965 (24)

2353 4988 2449 5057 τὴν
2481 4987 2847 5056 πνευματικὴν
2886 4987 2976 5038 καὶ
3021 4987 3120 5057 τὴν
3152 4990 3208 5040 ἐν
3238 4987 3455 5056 Χριστῷ
3498 4986 3642 5055 ζωὴν
3687 4987 3912 5041 ποθοῦν-

2369 5102 2452 5154 17.
2528 5109 2548 5138 ν
2573 5100 2709 5152 Psal.
2740 5116 2868 5163 LVII,
2901 5103 2953 5154 7.
3030 5102 3051 5130 ⁸
3081 5100 3179 5152 lsa.
3205 5115 3328 5165 xxv,
3358 5100 3409 5153 8.
3484 5100 3505 5129 ’
3539 5098 3580 5151 ll
3606 5100 3728 5154 Cor.
3758 5118 3812 5166 ι,
3849 5105 3910 5155 3.

2352 5265 2582 5352 av'robc
2628 5263 2879 5323 πολλάκις
2922 5262 3218 5330 ὲφίμωσαν,
3277 5263 3335 5313 οὐ
3395 5260 3764 5334 δεδυνημένοις
3817 5268 3912 5334 ὲγ.

2351 5336 2718 5474 192:3)“me
2760 5400 2879 5474 tofi
2908 5400 3180 5474 θαζάξου.
3228 5403 3298 5454 lta
3357 5368 3521 5457 codex
3572 5419 3671 5457 ms.
3729 5404 3912 5457 Editio

2352 5470 2531 5524 auieln
2563 5472 2758 5534 Oxon.,
2789 5471 2895 5522 ἀπὺ
2921 5470 3014 5522 τοῦ
3049 5471 3294 5523 θανάτου.

2424 5541 2531 5611 (25)
2566 5542 3008 5607 Ἀπεγνωχότας.
3056 5540 3187 5593 Male
3227 5541 3402 5612 editio,
3433 5543 3604 5596 Ολοιι.
3661 5542 3913 5609 ἀπεγνω-

2355 5614 2538 5748 Mi?!)
2579 5658 3000 5743 Ἀποτρέποντι.
3043 5679 3114 5731 Ila
3151 5679 3314 5733 codex
3366 5696 3463 5736 ms.
3512 5679 3685 5734 Editio
3729 5693 3908 5736 autem

2358 5748 2529 5804 om...
2568 5762 2871 5817 perperam,
2908 5749 3318 5819 ἀποτρέπονται.
