4116 6312
1333 416 1367 424 ..-

225 420 335 477 tss
892 495 897 499 ,
1465 435 1806 495 LIBELLUS
1844 440 1934 496 DE
1968 442 2340 500 omnem.
3375 464 3483 524 tso
3536 538 3543 547 _

213 553 287 590 τα
318 545 707 613 περισπασμδν
744 547 966 616 ἀφελεῖν
1011 550 1121 605 ἀπὸ
1157 552 1264 606 τῶν
1311 553 1401 608 διὰ
1461 560 1552 614 τὸν
1613 562 1759 614 ίδιωτ

1857 565 2031 626 [dem
2095 567 2148 620 in
2210 565 2405 622 Genesi
2469 569 2668 624 dicitur
2722 590 2735 626 :
2790 574 2960 630 Adam
3015 586 3063 631 et
3124 577 3239 635 Eva
3296 584 3483 640 audie-

216 631 463 696 σμδν,τδ
507 633 629 688 ὅσον
676 638 766 689 ἐπ’
793 640 1000 704 αὐτοῖς,
1050 644 1232 715 μικρῷ
1284 647 1379 698 καὶ
1410 646 1605 718 βραχεί
1651 652 1760 703 τότε

1906 665 2027 708 runt
2081 672 2255 710 vocem
2293 657 2509 713 Domini
2548 661 2644 713 Dei
2701 663 3084 719 deambulantis
3136 670 3189 721 in
3229 674 3483 733 paradiso

211 718 806 817 ἐμπεριλαμϐανόντων
833 730 925 782 τὸν
947 732 1043 785 ἐπὶ
1074 734 1292 787 πάντων
1324 737 1476 791 Θεόν.
1507 742 1621 795 Καὶ
1650 745 1760 815 πρᾶ

1903 745 1973 796 ad
2007 761 2312 811 vesperam;
2356 754 2413 800 'et
2462 751 2844 805 absconderant
2892 770 2949 807 se
2993 738 3164 808 Adam
3209 768 3257 827 et
3292 760 3483 814 mulier

206 807 307 859 τὸν
340 826 407 876 γε
432 812 492 911 ἐν
516 818 582 885 τῇ
606 819 871 885 Γενέσει,
904 822 1075 893 Ἀδὰμ
1102 827 1201 881 καί
1218 830 1369 893 Εὔα,
1401 832 1585 902 φησὶν,
1616 807 1760 902 ἤχου

1900 833 2061 903 235
2092 807 2207 903 ejus
2232 853 2263 889 α
2291 807 2680 905 ’[αεῑεποοιηδηε
2714 841 2807 893 Dei
2843 844 2895 895 in
2938 846 3111 898 medio
3148 807 3478 915 uitis};

198 911 340 950 σαν
385 899 501 970 τῆς
783 912 1007 977 Κυρίου
1051 915 1160 970 τοῦ
1210 918 1359 971 Θεοῦ
1407 899 1760 989 περιπατοῦφ

1898 926 2002 977 disi
2026 926 2091 978 ³⁸.
2126 926 2585 996 lnterrogabimus
2617 943 2748 1000 ergo
2774 946 2868 985 eos
2896 934 2988 1000 qui
3028 934 3325 1002 Scriptura:
3360 937 3473 993 the-

207 1001 319 1095 :oc
370 990 440 1042 τὸ
487 992 753 1095 δειλινὸν
795 998 868 1053 ἑν
903 1000 1003 1067 τῷ
1046 1005 1391 1075 παραδείσῳ
1412 1026 1426 1039 ·
1482 1013 1582 1094 καὶ
1627 1014 1760 1082 expc

1898 1017 2333 1086 sauros‘ingredi
2380 1018 2597 1081 nolunt,
2637 1029 2692 1072 et
2730 1020 2955 1087 januam
3002 1036 3069 1076 ne
3114 1025 3326 1092 pulsant
3354 1027 3471 1095 qui-

206 1074 452 1181 ϐησανζ
478 1078 515 1132 δ
539 1099 604 1181 τε
644 1083 824 1154 Ἀδὰμ
849 1088 946 1141 καὶ
978 1090 1016 1158 ἡ
1052 1092 1209 1160 γυνὴ
1240 1074 1427 1148 αὑτοῦ
1455 1081 1574 1150 eis
1604 1074 1760 1166 προσ

2183 1074 2212 1086 υ
2584 1074 2596 1081 .
2730 1074 2749 1087 .
2946 1074 2953 1075 κ
3024 1074 3063 1076 η
3114 1074 3323 1092 rw“---
3357 1074 3447 1095 τ--

1896 1102 2040 1167 dem,
2073 1104 2356 1172 possintne
2384 1106 2613 1171 probare
2642 1107 2928 1163 Dominum
2958 1110 3127 1166 Deum
3154 1116 3244 1181 qui
3276 1117 3472 1171 ctelnm

202 1160 376 1216 ὡπου
420 1169 644 1237 Κυρίου
680 1173 785 1226 τοῦ
818 1176 967 1230 Θεοῦ
998 1178 1068 1230 ἐν
1092 1178 1261 1249 μέσῳ
1298 1184 1405 1238 τοῦ
1436 1160 1660 1249 ξύλου⁷
1684 1188 1791 1241 τοῦ

203 1255 602 1322 παραδείσου.
644 1263 906 1335 Ἐροῦμεν
938 1269 1074 1340 πρὸς
1122 1264 1251 1334 τοὺς
1289 1274 1370 1336 εἰς
1414 1275 1541 1337 τοὺς
1585 1270 1815 1347 θησαυ-’

204 1348 339 1416 ρούς
359 1349 465 1420 τῆς
496 1351 694 1419 λέξεως
735 1356 909 1410 ἐλθεῖν
944 1360 1018 1431 μὴ
1053 1358 1432 1433 βουλομένους,
1469 1366 1608 1419 ἀλλὰ
1655 1369 1790 1440 μηδὲ
1846 1380 1848 1382 ⁷

198 1440 305 1510 τὴν
335 1443 514 1514 ἀρχὴν
547 1439 840 1515 κρούοντας
869 1451 969 1520 τὴν
996 1444 1167 1523 θύραν
1203 1456 1403 1527 αὐτῆς,
1437 1460 1488 1510 εί
1534 1439 1789 1514 δύνανται

201 1534 559 1604 παραστῆσαι
590 1536 912 1608 Κύριοντὸν
938 1541 1070 1595 Θεὸν
1105 1545 1415 1615 πληροῦντα
1442 1548 1534 1601 τὸν
1562 1551 1788 1621 οὐρανὸν

198 1623 296 1675 καὶ
315 1623 417 1694 τὴν
438 1627 563 1695 γῆν,
584 1629 697 1693 τὸν,
721 1630 797 1694 ὡς
818 1633 969 1694 αὐτοὶ
997 1634 1453 1705 ὑπολαμϐάνουσι,
1474 1640 1789 1709 σωματικῶ-

196 1728 360 1782 τερον
392 1716 607 1787 οὐρανῷ
645 1720 819 1793 θρόνῳ
852 1724 1150 1795 χρώμενον,
1182 1726 1276 1780 καὶ
1304 1730 1372 1798 τῇ
1404 1732 1473 1799 γῇ
1507 1731 1785 1801 ὑποποδίῳ

192 1803 307 1855 τῶν
336 1808 516 1861 ποδῶν
544 1811 729 1877 αὐτοῦ,
769 1815 873 1867 ὐπὸ
902 1817 1043 1869 οὐτω
1076 1816 1304 1887 βραχείᾳ
1336 1818 1447 1888 (45)
1490 1822 1782 1892 συγκρίσει

1893 1200 1947 1247 et
1981 1201 2180 1247 terram
2226 1196 2454 1264 implet,
2486 1199 2605 1261 cui,
2649 1208 2708 1251 ut
2748 1200 2846 1268 ipsi
2883 1203 3227 1268 existimant,
3266 1208 3470 1261 ctelum

1892 1284 2211 1351 corporalis
2245 1286 2472 1341 thronus
2519 1297 2603 1342 est
2640 1298 2694 1343 et
2744 1297 2886 1344 terra
2937 1293 3234 1347 scabellum
3271 1275 3470 1365 pedum

1890 1373 2038 1442 eius,
2084 1384 2193 1429 tam
2243 1378 2428 1443 brevi,
2478 1380 2523 1434 si
2567 1396 2689 1434 cum
2740 1382 2998 1438 universo
3043 1386 3183 1439 ccelo
3228 1397 3283 1441 et
3324 1397 3471 1443 terra

1889 1466 2222 1532 conferatur,
2256 1467 2376 1522 loco
2408 1470 2699 1531 contineri,
2730 1471 2804 1523 ita
2837 1482 2898 1525 ut
2922 1488 3086 1541 quem
3120 1476 3223 1530 sibi
3257 1473 3471 1547 lingunt

1888 1569 2206 1624 corporeum
2254 1560 2604 1626 paradisum,
2653 1561 2793 1615 Deus
2842 1577 2949 1616 non
2992 1564 3251 1632 impleat.
3294 1570 3387 1620 sed
3422 1567 3470 1623 is

1891 1652 2099 1698 tantum
2150 1647 2523 1715 magnitudine
2569 1651 2849 1714 excedat,‘
2879 1661 2939 1704 ut
2980 1654 3146 1707 etiam
3201 1655 3465 1709 deambu-

1887 1736 2088 1791 lantem
2119 1737 2417 1801 contineat,
2449 1740 2727 1808 sonusque
2761 1740 2957 1810 planta:
2989 1746 3187 1810 pedum
3213 1744 3332 1812 ejus
3367 1761 3465 1799 au-

1884 1828 2086 1883 diatur.
2119 1828 2258 1883 illud
2293 1814 2517 1898 insuper
2558 1831 2613 1884 in
2642 1845 2831 1886 eorum
2854 1834 3135 1903 sententia
3167 1837 3463 1890 absurdius

192 1893 291 1945 τοῦ
322 1897 528 1961 παντὸς
555 1902 786 1971 οὐρανοῦ
818 1906 915 1957 καὶ
942 1906 1044 1976 τῆς
1071 1909 1175 1978 γῆς
1206 1908 1552 1979 περιέχεσθαι
1590 1912 1755 1964 τόπου

1882 1926 1966 1972 est
2015 1918 2280 1971 Adamum
2329 1927 2384 1973 et
2418 1893 2601 1973 'Evam
2664 1897 2861 1976 Deum.
2901 1900 3124 1992 propter
3178 1935 3458 1993 peccatum

190 1984 338 2036 ὥστε
383 1987 443 2039 ὃν
482 1988 921 2061 ὑπολαμϐάνουσι
976 1998 1285 2067 σωματικὸν
1327 2000 1653 2069 παράδεισον
1702 2003 1777 2072 μὴ

188 2076 603 2148 ὲκπληροῦσθαι
648 2084 754 2136 ὐπὸ
794 2087 905 2138 τοῦ
936 2088 1092 2152 Θεοῦ,
1137 2090 1273 2142 ἀλλὰ
1316 2090 1552 2161 τοσούτῳ
1607 2094 1775 2146 αὐτοῦ

186 2163 330 2220 εἶναι
367 2168 448 2238 τῷ
480 2172 699 2240 μεγέθει
730 2175 972 2245 μείζονα,
1000 2179 1075 2241 ὡς
1109 2180 1203 2232 καὶ
1232 2182 1637 2251 περιπατοῦντα
1678 2202 1777 2252 χω-

187 2262 309 2327 ρεῖν
354 2262 540 2326 αὐτὸν,
578 2265 915 2338 ἀκουομένης
944 2272 1126 2341 φωνῆς
1154 2272 1264 2323 ἀπὸ
1293 2273 1394 2342 τῆς
1427 2274 1639 2343 βάσεως
1666 2275 1774 2329 τῶν

185 2352 369 2407 ποδῶν
396 2356 583 2409 αὐτοῦ.
614 2355 736 2412 Ἔτι
769 2360 828 2413 δὲ
868 2363 989 2413 κατ’
1025 2362 1264 2424 ἐκείνους
1300 2364 1645 2441 ἀτοπώτερον
1689 2367 1768 2427 τὸ,

184 2442 548 2521 αἰδουμένους
571 2449 662 2501 τὸν
688 2450 823 2503 Θεὸν
855 2450 944 2503 διὰ
971 2452 1069 2522 τὴν
1100 2452 1431 2522 παράϐασιν,
1465 2454 1558 2507 τὸν
1603 2456 1772 2527 Ἀδὰμ

154 2520 283 2585 -καὶ
321 2536 424 2606 τὴν
467 2536 609 2590 Εὕαν
650 2539 982 2611 κρύπτεσθαι
1026 2520 1139 2596 an?)
1169 2520 1461 2614 προσώπου
1498 2545 1592 2597 τοῦ
1633 2520 1768 2600 Θεού

179 2625 243 2675 ὲν
268 2625 424 2697 μέσῳ
448 2628 545 2680 τοῦ
570 2628 726 2703 ξύλου
763 2631 857 2684 τοῦ
885 2633 1232 2703 παραδείσου·
1270 2637 1389 2688 οὐδὲ
1412 2638 1519 2708 γὰρ
1547 2630 1767 2707 λέγεται

170 2701 265 2766 ’ὅτι
311 2717 432 2783 (44)
477 2718 652 2782 οὕτως
699 2701 978 2792 ἠθέλησαν
1023 2724 1389 2794 κρύπτεσθαι,
1426 2701 1548 2780 ’ἀλλ’
1598 2701 1767 2793 ϐντως

177 2804 517 2877 ὲκρύϐησαν.
568 2809 693 2872 Πῶς
741 2812 800 2863 δὲ
852 2815 972 2864 κατ’
1018 2815 1216 2878 αὐτοὺς
1258 2802 1610 2873 ’πυνθάνεται
1669 2822 1762 2874 τοῦ

190 2894 367 2963 ’Δδὰμ
392 2896 422 2947 ό
454 2896 605 2960 Θεὸς,
635 2898 829 2967 λέγων,
860 2901 982 2955 Ποῦ
1021 2899 1108 2964 ei;
1140 2904 1273 2974 Περὶ
1313 2906 1520 2960 τούτων
1558 2909 1614 2961 δὲ
1644 2911 1765 2962 ὲπι-

175 2985 364 3039 πλεῖον
395 2987 766 3058 διειλήφαμεν,
790 2990 1128 3055 ἐξετάζοντες
1151 2994 1220 3046 τὰ
1246 2997 1327 3057 είς
1348 2998 1449 3065 τὴν
1472 2998 1758 3051 Γένεσιν”

173 3075 321 3147 πλὴν
364 3079 462 3129 καὶ
506 3078 623 3142 νῦν,
669 3080 755 3132 ἵνα
789 3068 867 3151 μὴἱ
911 3082 1094 3135 τέλεον
1138 3088 1653 3157 παρασιωπήσωμεν
1700 3087 1762 3141 τὸ

172 3166 497 3235 τηλικοῦτον
548 3167 857 3239 πρόϐλημα,
894 3171 1186 3241 αὐτάρκως
1229 3174 1758 3246 ἁναμνησθησόμεθα
1786 3212 1828 3269 C

170 3256 292 3319 τοῦ,
337 3259 657 3324 Ἐνοικήσω
704 3260 774 3313 ἐν
803 3261 1009 3328 αὐτοῖς
1040 3263 1136 3315 καὶ
1184 3263 1643 3331 ἐμπεριπατήσω
1687 3267 1757 3319 ἐν

171 3347 405 3413 αὐτοῖς,
430 3347 724 3418 λεγομένου
756 3353 814 3403 ὲν
854 3352 1286 3420 Δευτερονομίῳ
1311 3355 1416 3408 ὑπὸ
1456 3356 1553 3409 τοῦ
1593 3358 1749 3411 Θεοῦ.

182 3439 404 3500 ὐποίος
447 3438 555 3509 γὰρ
584 3437 749 3491 αὐτοῦ
781 3441 811 3491 ὁ
840 3441 1139 3511 περίπατος
1176 3444 1234 3495 ὲν
1260 3446 1373 3505 τοῖς
1412 3445 1607 3513 ἁγίοις,
1639 3464 1752 3499 τοι-

170 3528 329 3590 οῦτός
352 3545 441 3590 τις
480 3529 573 3581 καὶ
601 3532 657 3582 ἐν
694 3528 771 3599 τῷ
823 3531 1158 3601 παραδείσῳ,
1190 3534 1567 3602 κρυπτομένου
1619 3537 1753 3589 Θεὸν

170 3617 267 3669 καὶ
315 3617 610 3685 φεύγοντος
649 3618 747 3689 τὴν
804 3620 1108 3689 ἐπισκοπὴν
1141 3622 1326 3685 αὐτοῦ,
1374 3624 1469 3675 καὶ
1516 3625 1750 3692 ἀφιστα-

172 3708 340 3777 μένου
378 3708 480 3777 τῆς
515 3709 827 3780 παρρησίας
872 3709 986 3781 (45)
1030 3710 1228 3773 παντὸς
1276 3712 1381 3763 τοῦ·
1411 3714 1750 3782 ἁμαρτάνον-

166 3815 259 3861 τος
278 3815 293 3828 ·
322 3797 471 3851 οὕτω
498 3798 606 3869 γὰρ
654 3802 747 3852 καὶ
779 3799 930 3854 Κάῑν
957 3800 1216 3870 ἐξῆλθεν
1254 3801 1372 3854 ἀπὸ
1423 3802 1749 3869 προσώπου

166 3889 275 3942 τοῦ
337 3888 509 3951 Θεοῦ,
565 3890 661 3959 καὶ
697 3888 939 3958 ᾠκησεν
978 3891 1051 3944 ἐν
1105 3889 1182 3961 τῇ
1232 3890 1381 3944 Nam
1433 3894 1748 3946 κατέναντι

177 3979 496 4050 Ὲδέμ.,Ὢς
523 3975 615 4034 οὖν
637 3982 696 4033 ὲν
720 3985 833 4045 τοῖς
882 3983 1057 4050 ἁγίοις
1084 3985 1304 4046 ἐνοικεῖ,
1332 3983 1505 4047 οὕτως
1548 3987 1642 4037 καὶ
1688 3987 1747 4039 ὲν

162 4074 407 4144 οὐρανῷ,
451 4074 568 4144 ἦτοι
602 4074 764 4126 παντὶ
798 4075 941 4145 ἁγίῳ
980 4076 1075 4128 καὶ
1122 4074 1375 4146 φοροῦντι
1416 4075 1513 4146 τὴν
1543 4078 1747 4129 εἰκόνα

162 4164 271 4217 τοῦ
301 4163 687 4232 ἐπουρανίου,
716 4163 749 4233 ἦ
789 4164 868 4235 τῷ
891 4165 1111 4237 Χριστῷ
1149 4169 1207 4220 ὲν
1237 4161 1282 4233 ᾧ
1318 4168 1422 4219 είσι
1466 4166 1664 4229 πάντες
1694 4168 1743 4219 οἱ

162 4253 466 4324 σωζόμενοι
522 4253 806 4324 φωστῆρες
843 4257 937 4308 καὶ
987 4258 1215 4329 ἀστέρες
1250 4258 1351 4311 τοῦ
1390 4258 1621 4329 οὐρανοῦ
1644 4275 1656 4287 ⁸
1708 4258 1742 4329 ἢ

162 4345 255 4397 καὶ
279 4343 371 4397 διὰ
422 4344 546 4407 τούς
582 4342 692 4415 (46)
720 4346 778 4395 ὲν
803 4345 1015 4415 οὐρανῷ
1040 4347 1229 4413 ἁγίους
1269 4351 1531 4403 κατοικεῖ.
1564 4348 1637 4400 Τὸ
1668 4352 1746 4401 εί-

164 4435 431 4506 ρημένονο
482 4434 639 4504 Πρὸς
684 4434 760 4487 σὲ
790 4428 906 4504 ἦρα
942 4436 1084 4501 τοὺς
1114 4438 1457 4506 ὀφθαλμούς
1489 4456 1604 4499 μου
1638 4439 1744 4492 τόν

158 4525 555 4579 κατοικοῦντα
575 4526 645 4578 ἐν
670 4524 750 4589 τῷ
772 4524 1037 4591 οὐρανῷ·
1073 4527 1167 4579 καὶ
1197 4528 1257 4580 τὸ
1291 4530 1347 4581 ὲν
1377 4529 1453 4599 τῷ
1496 4530 1741 4597 Ἐκκλη-

159 4616 392 4685 σιαστῇ
420 4618 478 4671 δέ
494 4635 510 4648 ·
545 4617 642 4685 Μὴ
697 4619 975 4685 σπεύσῃς
1002 4617 1339 4687 ἐξενεγκεῖν
1384 4623 1571 4691 λόγον
1617 4624 1731 4689 πρὸ

158 4708 490 4781 προσώπου
510 4710 614 4763 τοῦ
641 4708 788 4761 Θεοῦ
807 4723 820 4736 ο
836 4707 926 4758 ὅτι
944 4711 978 4760 ό
1000 4706 1143 4771 Θεὸς
1161 4709 1230 4760 ἐν
1243 4708 1323 4773 τῷ
1334 4710 1566 4777 οὐρανῷ
1587 4711 1730 4774 ἅνω,

157 4804 252 4854 καί
288 4802 375 4855 σὺ
404 4802 501 4854 ἐπὶ
544 4802 656 4870 γῆς
686 4794 872 4853 κάτω·
907 4797 1181 4868 διάστημα
1210 4798 1451 4868 βούλεται
1492 4802 1732 4873 δηλῶσαι

158 4892 264 4943 ἀπὸ
293 4891 410 4944 τῶν
439 4893 604 4944 ὄντων
645 4893 703 4943 ὲν
731 4890 809 4960 τῷ
847 4888 1055 4960 σώματι
1083 4890 1181 4959 τῆς
1213 4890 1587 4954 ταπεινώσεως
1626 4894 1732 4957 ἕως

154 4982 248 5034 τοῦ
463 4985 575 5046 τοῖς
603 4980 922 5051 ὐψουμένοις
946 4980 1049 5033 ὐπὸ
1076 4981 1174 5050 τῆς
1208 4980 1470 5049 ὠφελείας
1508 4985 1600 5034 καὶ
1636 4985 1729 5035 τοῦ

154 5072 338 5139 Λόγου
361 5072 613 5137 ἀγγέλοις
643 5071 738 5123 καὶ
760 5070 1047 5140 δυνάμεσιν
1068 5070 1249 5139 ἁγίαις
1276 5072 1310 5142 ἦ
1340 5071 1483 5141 αὐτῷ
1510 5074 1623 5141 (47)
1655 5074 1730 5142 τῷ

155 5150 381 5233 Χριστῷ
401 5177 415 5189 ·
453 5161 515 5214 οὐ
542 5161 650 5231 γὰρ
676 5162 872 5214 ἄτοπον
902 5162 1063 5215 αὐτὸν
1091 5165 1187 5231 μὲν
1216 5158 1354 5216 εἶναι
1383 5163 1584 5233 κυρίως
1617 5164 1732 5234 Θρό-

156 5275 243 5312 νον
270 5255 373 5309 τοῦ
423 5253 654 5324 Πατρὸς,
699 5254 1200 5327 ἁλληγορικώτερον
1249 5256 1475 5326 οὐρανὸν
1530 5255 1725 5307 καλού-

222 5350 267 5382 ﬂ
297 5348 441 5403 ῦο-ιι.
483 5352 577 5406 ut,
621 5343 674 5397 8.
752 5345 798 5375 ν’
830 5346 983 5400 Deut.
1034 5361 1211 5412 mu,
1253 5347 1358 5413 il;

182 5436 234 5486 v,
282 5422 335 5472 Ι.
417 5416 464 5447 ⁸⁸
489 5413 697 5488 ‘Philip.
729 5427 820 5475 tu.
849 5415 939 5468 21.

221 5512 340 5587 μᾷ)
384 5508 663 5587 βραχείᾳ.
692 5504 837 5587 Lego
861 5520 982 5587 enin
1004 5507 1263 5587 Bentlcio,
1280 5503 1527 5587 βραχέος.

382 5574 561 5651 ante;
594 5588 719 5651 tn‘s.,
746 5575 848 5651 ὅτι.
883 5574 1023 5627 Edit.
1052 5578 1251 5651 Uxori?
1276 5574 1405 5651 ὅτε..

223 5642 339 5718 (45)
378 5644 744 5714 Παρρησίας.
816 5642 957 5711 Lego
1008 5658 1128 5695 cum
1200 5642 1466 5705 Bentleiu,
1509 5658 1713 5710 παρου-

125 5718 341 5859 ἰἳίῖῖίὶ)
384 5785 490 5839 Διὰ
531 5785 692 5849 τούς,
722 5792 830 5836 etc.
864 5777 1423 5849 Bentleiusiegendum
1472 5777 1716 5845 coniicit,

453 5880 734 5939 ΡΑτιιοι..
763 5874 881 5936 Gn.
912 5871 1021 5932 XI.

1429 5340 1475 5397 li
1503 5345 1628 5399 Cor.
1660 5361 1710 5397 vr
1736 5387 1749 5410 ,
1794 5346 1878 5401 i6.

1882 2021 2038 2059 suum
2094 2008 2456 2065 formidantes
2510 2011 2849 2067 abscondere
2895 2028 2955 2069 se
2987 2029 3017 2067 a
3067 2014 3208 2069 facie
3255 2016 3348 2070 Dei
3405 2018 3459 2070 in

1880 2097 2056 2151 medio
2096 2097 2228 2167 ligni
2263 2100 2541 2167 paradisi:
2576 2115 2680 2154 non
2718 2104 2865 2156 enim
2914 2105 3175 2159 dicuntur
3216 2108 3461 2163 voluisse

1876 2199 1938 2240 se
1966 2189 2046 2240 sic
2080 2182 2564 2253 absconder'e,'sed
2599 2206 2788 2245 revera
2830 2193 3183 2248 abscondisse
3216 2209 3292 2249 se.
3320 2195 3453 2249 item

1876 2277 2146 2355 quomodo
2187 2277 2344 2345 juxta
2388 2281 2506 2335 illos
2544 2281 2848 2351 interrogat
2879 2283 3144 2337 Adamum
3184 2285 3322 2338 Deus
3366 2286 3452 2339 di-

1874 2380 2005 2419 cens
2046 2383 2059 2418 :
2106 2365 2207 2419 Ubi
2254 2371 2351 2423 es?
2408 2370 2534 2424 Haec
2591 2372 2953 2427 tractavimus
3002 2375 3279 2444 c0piusius
3329 2391 3452 2430 cum

1872 2469 2258 2510 enarmremus
2309 2460 2605 2525 Geuesim;
2658 2477 2803 2516 nunc
2852 2479 2918 2517 ne
2973 2473 3177 2517 tantam
3231 2467 3451 2523 silentio
3526 2470 3531 2476 ’

1872 2545 2231 2612 ηυωειίοηεηι
2278 2549 2504 2625 omnino
2545 2560 2961 2617 praetereamus,
2988 2553 3219 2608 Sttﬂicicl
3260 2557 3302 2609 si
3338 2571 3453 2610 tue-

1872 2637 2192 2692 miuerimus
2227 2638 2390 2706 huius
2440 2642 2728 2694 sententia:
2769 2658 2783 2695 :
2822 2641 3087 2698 flabitabo
3126 2647 3177 2697 in
3224 2648 3353 2714 ipsis
3398 2658 3450 2701 et

1869 2727 2206 2783 iuambulabo
2251 2732 2304 2783 in
2348 2726 2477 2799 ipsis
2496 2732 2566 2797 ",
2592 2746 2717 2800 qua
2747 2748 2776 2787 a
2810 2733 2918 2789 Deo
2952 2737 3006 2789 in
3045 2738 3448 2795 Deuteronomio

1868 2820 2161 2887 profertur.
2190 2814 2555 2887 Qualis\enim
2596 2824 2711 2890 ejus
2745 2825 3119 2880 deambulatio
3154 2829 3207 2882 in
3237 2834 3449 2886 sanctis

1865 2919 1970 2975 est,
2017 2912 2140 2966 talis
2184 2921 2239 2966 et
2274 2913 2324 2965 in
2358 2912 2648 2981 paradiso;
2683 2928 2804 2967 cum
2850 2929 2880 2967 a
2916 2916 3024 2970 Deo
3056 2920 3352 2973 abscondat
3388 2936 3448 2975 se

1862 2999 2091 3069 eiusque
2141 2999 2539 3071 inspectiqhem
2576 3004 2751 3072 fugiat
2792 3007 2962 3060 etab
2991 3009 3108 3076 ejus
3148 3011 3439 3077 praesentia

1865 3094 2081 3167 recedat
2100 3093 2412 3161 quicunque
2436 3106 2645 3164 peccat.
2673 3096 2767 3151 Sic
2792 3098 2936 3151 enim
2961 3107 3015 3151 et
3038 3098 3173 3151 Cain
3201 3116 3439 3166 egressus

1864 3191 1936 3233 est
1968 3164 2181 3245 'a/facie
2228 3179 2323 3233 Dei
2366 3192 2413 3233 et
2466 3184 2722 3236 habitavit
2774 3187 2829 3237 in
2872 3196 3012 3238 terra
3062 3184 3201 3239 Na'd
3251 3199 3435 3239 contra

1863 3270 2113 3324 Edent”.
2153 3271 2219 3326 Ut
2250 3272 2413 3341 igitur
2438 3274 2489 3326 in
2519 3278 2724 3329 sanctis
2752 3276 2980 3341 habitat,
3012 3278 3090 3332 sic
3114 3287 3167 3331 et
3197 3278 3247 3332 in
3278 3279 3437 3345 ςωῖο,

1858 3361 1975 3414 sive
2018 3362 2145 3414 illud
2180 3362 2252 3415 sit
2280 3364 2509 3430 quilibet
2546 3374 2769 3420 sanctus
2800 3375 2856 3420 et
2886 3378 3114 3435 portans
3154 3370 3436 3440 imaginem

1857 3448 2097 3513 etzlestis,
2142 3450 2257 3503 sive
2303 3452 2556 3506 Christus
2591 3453 2645 3506 in
2689 3468 2796 3523 quo
2842 3455 3133 3510 luminaria
3182 3468 3235 3511 et
3286 3469 3436 3514 astra

1856 3539 1977 3592 ειείί
2014 3550 2143 3592 sunt
2175 3556 2369 3595 omnes
2391 3546 2480 3609 qui
2516 3543 2835 3598 salvantur:
2870 3561 2961 3600 seu
2997 3549 3142 3611 quod
3177 3551 3347 3604 sancti
3379 3551 3434 3604 iu

1855 3630 1995 3683 coelo
2029 3630 2299 3683 habitent.
2343 3631 2496 3695 Quod
2544 3642 2723 3686 autem
2776 3635 2977 3689 dicitur
3011 3651 3025 3688 :
3065 3638 3147 3688 Ad
3184 3648 3231 3691 te
3272 3639 3435 3707 levavi

1804 3736 1807 3739 ·
1854 3718 2033 3769 oculos
2064 3734 2204 3770 meos
2247 3721 2337 3787 qui
2368 3721 2579 3774 habitas
2607 3722 2662 3772 in
2694 3722 2821 3775 uelo
2845 3724 2922 3787 9";
2963 3734 3015 3777 et
3044 3728 3185 3792 quod
3233 3729 3282 3779 in
3331 3728 3435 3782 Ec-

1852 3809 2102 3863 clesiaste
2152 3811 2382 3864 habetur
2418 3830 2429 3862 :
2475 3811 2608 3864 Νοίί
2656 3812 2911 3879 festinare
2949 3817 3020 3867 ad
3059 3817 3430 3885 proferendum

1849 3900 2055 3951 verbum
2087 3900 2143 3953 in
2170 3910 2447 3969 conspectu
2471 3901 2601 3965 Dei;
2635 3904 2758 3971 quia
2787 3904 2925 3957 Deus
2950 3908 3003 3957 in
3040 3906 3165 3958 cazlo
3192 3923 3426 3970 sursum,

1847 3998 1895 4040 et
1929 3998 1987 4041 tu
2022 4005 2180 4057 super
2220 4000 2415 4044 terram
2446 3992 2691 4045 deorsum
2711 3992 2779 4058 ⁸⁸,
2811 3994 3056 4049 indicare
3092 3997 3201 4049 vult
3227 4011 3429 4065 quanta

1847 4080 1919 4133 sit
1960 4082 2028 4134 ab
2074 4081 2140 4135 iis
2188 4082 2281 4150 qui
2335 4092 2473 4148 sunt,
2516 4084 2573 4137 in
2614 4100 2830 4151 corpore
2893 4086 3217 4139 humilitatis
3250 4088 3297 4119 ⁸⁸
3343 4091 3428 4142 αἰ·-

1846 4171 2047 4223 stantia
2080 4173 2145 4225 ad
2179 4173 2331 4225 illum
2381 4173 2477 4241 qui
2520 4185 2606 4228 est
2639 4178 2779 4242 apud
2824 4175 3048 4243 angelos
3089 4177 3181 4244 qui
3228 4186 3282 4231 et
3326 4179 3425 4247 ipsi

1848 4261 2007 4315 Verbi
2031 4262 2231 4316 auxilio
2254 4263 2587 4325 exaltantur.
2611 4274 2663 4319 et
2690 4266 2829 4332 apud
2857 4278 3074 4319 sanetas
3106 4277 3423 4337 potestates,

1846 4352 1926 4406 vel
1963 4339 2103 4421 apud
2145 4352 2316 4421 ipsum
2358 4353 2661 4408 Christum.
2705 4353 2889 4423 Neque
2937 4356 3084 4409 enim
3127 4359 3423 4411 absurdum

1842 4455 1927 4502 est
1961 4446 2111 4499 illum
2144 4460 2263 4499 esse
2314 4447 2535 4515 proprie
2584 4448 2843 4499 thronum
2892 4444 3093 4508 Patris,
3132 4447 3419 4515 allegoria-

1776 4544 1818 4598 D
1848 4554 1957 4607 que
2005 4537 2197 4604 majori
2244 4537 2441 4591 cmlum
2490 4537 2638 4600 dici;
2695 4535 2996 4589 Ecclesium
3044 4552 3172 4591 vero
3214 4548 3417 4592 terram

1843 4628 2026 4681 vocari
2072 4637 2125 4680 et
2168 4626 2458 4680 scabellum
2490 4642 2611 4681 esse
2641 4627 2833 4694 pedum
2866 4626 3057 4695 ipsius.
3094 4628 3216 4686 llaec
3247 4643 3420 4695 pauca

1838 4732 1906 4772 ex
1954 4719 2135 4775 Veteri
2186 4719 2540 4773 Testamento
2594 4717 2893 4787 adiecimus
2945 4718 3093 4780 loca,
3142 4733 3261 4785 quae
3313 4734 3415 4786 pu-

1841 4816 2024 4861 tantur
2060 4810 2226 4864 Deum
2261 4808 2312 4861 in
2345 4808 2465 4861 loco
2502 4806 2869 4868 constituere,
2906 4815 2966 4858 ut
3012 4807 3176 4875 236
3219 4806 3410 4859 lectori

1839 4899 2154 4952 omnimodo
2201 4913 2300 4965 pro
2348 4911 2608 4952 concessa
2663 4895 2822 4947 nobis
2875 4884 3136 4947 facultate
3188 4908 3414 4961 persua-

1838 4988 2064 5042 deamus
2108 4988 2284 5042 altiori
2316 4996 2375 5041 et
2422 4985 2692 5055 spirituali
2750 4984 2923 5051 magis
2972 4998 3130 5036 sensu
3197 4997 3409 5035 sacram

1836 5081 2085 5147 accipere
2115 5078 2480 5147 Scripturam,
2524 5091 2646 5129 cum
2686 5072 2955 5125 videbitur
2986 5073 3037 5123 in
3078 5072 3196 5123 locu
3239 5070 3407 5124 Deum

1835 5182 1957 5223 esse
2014 5170 2232 5223 docere.
2290 5167 2418 5221 Hmc
2466 5180 2551 5220 me
2611 5165 2793 5218 decuit
2862 5162 3141 5230 disputare
3188 5162 3255 5213 ad
3318 5161 3407 5214 illa

1835 5260 2043 5311 verba:
2079 5256 2243 5312 Pater
2294 5268 2492 5321 noster,
2526 5256 2619 5325 qui
2669 5270 2723 5307 es
2758 5254 2814 5305 in
2859 5251 3021 5314 cadis,
3068 5260 3127 5303 ut
3175 5251 3265 5304 Dei
3321 5268 3407 5305 es-

1979 5348 2025 5381 ”
2061 5348 2201 5403 Gen.
2234 5365 2307 5414 tv,
2360 5349 2447 5403 i6.
2554 5346 2600 5378 “
2632 5343 2777 5400 Psal.
2808 5356 2988 5406 cxxn,
3027 5343 3080 5395 1.
3159 5342 3203 5372 ’⁸
3224 5339 3393 5394 Eccle.

1825 5504 1913 5580 διὰ
1966 5506 2024 5558 τὸ
2072 5510 2129 5561 ὲν
2179 5508 2393 5580 οὐρανῷ
2443 5506 2632 5575 ἁγίους
2688 5507 2980 5559 κατοικεῖν.
3034 5503 3107 5557 Τὸ
3154 5502 3198 5553 δ’
3244 5501 3392 5571 εἰρη-

1873 5575 1893 5611 ὅ

1829 5591 2008 5725 μῦἴέὲἕί
2055 5646 2123 5784 ’ξ
2146 5647 2321 5712 αὐτῷ.
2355 5646 2447 5701 Sic
2474 5646 2644 5701 codex
2672 5659 2771 5700 ms.
2799 5644 2975 5700 Editio
3009 5651 3187 5695 autem
3219 5636 3391 5690 Oxon.

1829 5725 2028 5779 ounsu,
2098 5754 2112 5767 .

1825 5725 2028 5779 ounsu,
2056 5725 2112 5779 ἡ.

3002 5860 3077 5920 16
