4080 6306
678 416 777 474 ιθι
2139 400 2225 456 011

2327 401 2464 458 εἶΝΙθ
3819 407 3928 465 ιω

679 530 910 590 sentiam
969 536 998 578 θ
1056 521 1223 575 rebus
1288 517 1537 572 omnibus
1607 515 1802 583 genitis
1876 527 2225 568 secernerem.

2347 532 2525 585 μενον,
2568 517 2663 586 τὴν
2696 517 2750 571 δὲ
2797 519 3118 590 Ἐκκλησίαν
3160 520 3326 573 αὐτοῦ
3371 521 3474 590 γῆν
3516 519 3926 592 ὀνομαζομένην

673 620 884 689 Quibus
915 616 1058 672 enim
1103 630 1209 670 non
1246 609 1632 674 communicat,
1673 609 1724 661 in
1756 621 1852 661 eos
1897 606 2064 674 gloria
2101 621 2225 673 qua:

2347 606 2637 659 ὑποπόδιον
2676 611 2967 678 τυγχάνειν
3012 611 3118 663 τῶν
3159 611 3333 664 ποδῶν
3370 611 3552 666 αὐτοῦ.
3597 610 3925 681 Προπεθεί-

671 713 798 768 δοιῇ
837 709 931 765 Dei
970 717 1025 764 et
1065 709 1240 762 victus
1275 705 1391 773 ejus
1419 711 1504 766 et,
1554 707 1612 754 ut
1654 701 1724 752 ita
1761 697 1962 758 dicam,
2012 692 2225 749 eﬂluxué

2347 713 2519 765 καμεν
2547 698 2611 768 δὴ
2659 699 2815 766 όλίγα
2857 701 3079 770 καὶτῆς
3126 701 3363 764 παλαιᾶς
3421 699 3696 772 Διαθήκης
3748 701 3920 770 ῥητὰ,

675 799 975 856 divinitatis
1003 798 1298 852 derivatur.
2343 785 2672 855 νομιζόμενα
2702 791 2759 841 ὲν
2786 790 2936 858 τόπῳ
2965 791 3317 860 παριστάνειν
3344 791 3454 861 (48)
3479 793 3572 843 τὸν
3596 791 3750 852 Θεὸν,
3782 792 3924 861 ὑπὲρ

667 892 764 945 τοῦ
807 888 1068 942 πάντοθεν
1120 885 1260 939 κατὰ
1318 883 1430 953 τὴν.
1461 879 1739 950 διδομένην
1796 877 1927 946 ἡμῖν
1970 874 2196 944 δύναμιν
2251 877 2435 928 πεῖσαι
2482 877 2573 928 τὸν
2618 878 3028 946 ἐντυγχάνοντα,
3075 880 3403 951 ὑψηλότερον
3423 881 3514 932 καὶ
3537 878 3924 948 πνευματικώ-

668 1001 826 1054 τερον
858 980 1076 1035 ἀκούειν
1104 981 1200 1048 τῆς
1245 977 1394 1038 Θείας
1422 974 1671 1045 Γραφῆς,
1709 971 1835 1023 ὅταν
1865 968 1993 1038 δοκῇ
2023 971 2079 1021 ὲν
2125 967 2275 1036 τόπῳ
2307 966 2572 1022 διδάσκειν
2608 968 2746 1022 εἶναι
2772 972 2862 1024 τὸν
2919 971 3070 1024 Θεόν.
3104 973 3350 1048 Ἔπρεπε
3367 970 3424 1021 δὲ
3442 972 3612 1023 ταῦτα
3637 972 3921 1036 συνεξετα-

673 1073 861 1145 σοῆναι
913 1069 1010 1139 τῷ,
1053 1066 1242 1133 Πάτερ
1283 1064 1468 1134 mitior,
1510 1066 1542 1116 ό
1587 1063 1656 1114 ἐν
1708 1059 1832 1122 τοῖς
1864 1056 2169 1123 οὐρανοῖς·
2223 1058 2386 1108 οἱονεὶ
2437 1059 2668 1126 ἀφιστὰς
2720 1060 2820 1128 τὴν
2873 1061 3058 1112 οὐσίαν
3097 1058 3191 1112 τοῦ
3243 1060 3377 1112 θεοῦ
3412 1059 3518 1112 ἀπὸ
3565 1061 3783 1112 πάντων
3813 1057 3925 1110 τῶν

668 1159 938 1231 γεννητῶν
958 1177 971 1189 ο
1001 1154 1078 1219 οἷς,
1111 1160 1218 1226 γάρ
1244 1158 1306 1208 οὐ
1333 1155 1603 1215 κοινωνεῖ,
1631 1151 1812 1212 αὐτοῖς
1853 1149 1976 1212 δόξα
2007 1165 2088 1211 τις
2135 1147 2268 1200 Θεοῦ
2297 1149 2389 1201 καὶ
2417 1149 2642 1219 δύναμις
2680 1151 2864 1215 αὐτοῦ,
2895 1153 3019 1215 καὶ,
3058 1152 3121 1204 ἵν’
3154 1153 3327 1216 οὓτως
3359 1153 3519 1215 εἴπω,
3549 1151 3800 1222 tit-mpm
3825 1151 3925 1220 τῆς

663 1249 912 1320 θεότητος
950 1249 1219 1315 ἐγγίνεται
1257 1248 1453 1308 αὐτοῖς.

735 1342 828 1398 24.
864 1339 1232 1406 Suncli/icetur
1263 1354 1448 1391 nomen
1480 1346 1646 1409 tuum.
1679 1335 1802 1389 Sive
1833 1334 2071 1389 declaret
2099 1347 2225 1385 non-

2420 1334 2776 1403 Ἁγιασθήτω
2806 1335 2872 1389 τὸ
2919 1336 3106 1403 ὄνομά
3156 1322 3291 1389 σουλ
3325 1337 3452 1386 Ὅτε
3490 1334 3586 1404 μὲν
3617 1332 3728 1402 (49)
3762 1333 3922 1403 περί-

662 1430 795 1500 dum
822 1431 1085 1498 obtigisse
1113 1430 1216 1482 sibi
1262 1428 1314 1481 id
1346 1442 1443 1495 pro
1474 1443 1581 1496 quo
1610 1437 1752 1489 orat,
1782 1427 1897 1480 sive
1928 1425 2036 1477 voti
2082 1438 2232 1478 com-

664 1530 788 1584 pos,
819 1516 870 1566 id
901 1517 1041 1581 quod
1072 1530 1174 1568 non
1209 1524 1510 1582 permanet,
1561 1524 1706 1581 petat
1741 1514 2080 1575 conservari,
2117 1527 2234 1565 ma-

666 1604 924 1658 nifestum
951 1614 1034 1657 est
1077 1615 1337 1671 quantum
1371 1605 1436 1657 ad
1472 1618 1630 1656 voces
1669 1596 1904 1666 attinet,
1929 1617 2040 1661 .nos
2078 1600 2230 1670 quasi

665 1696 900 1747 nondum
930 1693 1322 1747 sanctiﬁcatum
1355 1695 1422 1746 sil
1457 1707 1647 1746 nomen
1697 1693 1892 1754 Patris,
1933 1691 2108 1758 julieri
2151 1706 2235 1745 sc-

662 1787 900 1836 cundum
939 1783 1243 1836 Dlattlttcum
1272 1793 1325 1836 et
1353 1784 1555 1836 Lucam
1596 1784 1776 1837 dicere
1809 1801 1824 1837 :
1857 1782 2234 1850 Sanctiﬁcatur

663 1888 849 1926 nomn:
878 1882 1045 1925 tuum.
1077 1877 1166 1936 At,
1200 1874 1432 1941 inquies,
1463 1874 1731 1941 quomodo
1759 1875 1892 1942 petit
1921 1875 2082 1926 homo
2112 1887 2232 1926 san-

642 1963 887 2016 ctiﬁcari
923 1979 1116 2018 nomen
1155 1963 1278 2028 Dei,
1323 1963 1480 2030 quasi
1527 1962 1925 2015 sanctiﬁcatum
1963 1979 2069 2015 non
2123 1961 2232 2014 sit?

664 2051 801 2116 Quid
832 2053 902 2104 sit
943 2068 1138 2106 nomen
1184 2052 1382 2116 Patris,
1428 2063 1476 2106 et
1513 2052 1640 2120 quid
1674 2053 1745 2106 sit
1789 2054 1960 2119 ipsum
1994 2051 2232 2105 sanctifi—

661 2144 798 2206 cari,
829 2145 1238 2212 perspiciamus.
1285 2143 1493 2197 Nomen
1525 2144 1691 2212 igitur
1717 2152 1798 2196 est
1845 2141 2228 2210 compendiosa

663 2236 1048 2300 denominatio,
1093 2247 1214 2300 qua:
1259 2235 1533 2302 pr0priam
1568 2233 1644 2286 rei
1679 2233 1969 2287 nominata:
2001 2232 2229 2300 qualita-

631 2309 1080 2377 ‘tcmvexliibeat.
1117 2324 1276 2378 Verbi
1331 2325 1538 2389 gratia,
1582 2333 1665 2374 est
1716 2323 1958 2389 quredam
2010 2322 2228 2390 prop-ria

659 2413 892 2482 qualitas
948 2411 1096 2466 Pauli
1157 2414 1430 2479 apostoli;
1489 2411 1592 2464 alia
1660 2413 1858 2464 animae
1928 2414 2226 2466 secundum

662 2520 824 2574 quam
855 2505 978 2558 talis
1025 2513 1140 2568 est;
1179 2505 1282 2556 alia
1333 2504 1550 2566 mentis,
1595 2516 1697 2568 qua
1754 2501 1877 2554 talia
1922 2502 2067 2553 valet
2099 2517 2231 2554 con-

661 2597 945 2663 templari;
978 2595 1084 2647 alia
1134 2596 1378 2662 corporis
1408 2596 1576 2663 ipsius
1620 2608 1723 2661 qua
1755 2592 1861 2646 tale
1914 2603 2019 2648 est.
2067 2592 2226 2658 Quod

661 2687 824 2754 igitur
851 2687 1040 2738 harum
1072 2685 1395 2753 qualitatum
1431 2684 1705 2753 proprium
1741 2694 1846 2749 est,
1877 2697 1976 2737 nec
2010 2683 2101 2736 ulli
2134 2684 2226 2737 alii

660 2778 950 2832 convenire
988 2784 1163 2844 potest
1206 2775 1367 2846 (alius
1395 2777 1540 2829 enim
1581 2777 1740 2831 homo
1769 2791 1874 2830 non
1922 2785 2008 2831 est
2054 2776 2106 2828 in
2146 2789 2228 2830 rc-

659 2883 780 2921 rum
827 2877 1017 2919 natura
1052 2866 1143 2933 qui
1181 2882 1207 2916 a
1258 2866 1424 2918 Paulo
1468 2867 1775 2920 nullatenus
1826 2863 2093 2934 diﬂerat),
2125 2865 2226 2918 hoc

661 2960 901 3020 nomine,
934 2956 1160 3022 Paulus,
1202 2955 1546 3023 exprimitur.
1577 2955 1710 3009 Cum
1753 2964 1930 3007 autem
1963 2955 2014 3006 in
2051 2953 2225 3007 Inomi-

660 3053 822 3105 nibns
843 3051 1131 3118 qualitates
1159 3051 1260 3102 illa:
1291 3049 1524 3117 preprize
1570 3049 1970 3117 quodammodo
2015 3057 2220 3128 tnuteu-

2338 1442 2494 1494 στησι
2521 1425 2584 1478 τὸ
2629 1427 2701 1497 μὴ
2741 1427 3019 1494 γεγονέναι
3068 1444 3153 1480 πω
3193 1424 3322 1496 περὶ
3351 1417 3413 1477 οὗ
3453 1423 3702 1492 εῦχεται,
3731 1423 3825 1475 ὅτε
3862 1422 3920 1472 δὲ

2335 1515 2524 1567 τούτου
2562 1516 2720 1584 τυχὸν
2757 1517 2816 1567 τὸ
2852 1515 2924 1585 μὴ
2966 1516 3280 1586 παραμένον
3320 1515 3452 1567 αὐτὸ
3495 1513 3587 1564 καὶ
3635 1511 3924 1580 τηρεῖσθαι

2342 1603 2510 1670 ἀξιοῖ,
2556 1606 2787 1676 φανερὸν
2829 1607 2950 1659 ὅσον
2992 1608 3086 1657 ἐπὶ
3128 1608 3195 1674 τῇ
3234 1603 3376 1665 λέξει
3417 1601 3650 1663 ἐνταῦθ’,
3695 1600 3770 1662 t'u;
3815 1616 3922 1668 μη-

2341 1695 2489 1748 δέπω
2518 1697 2865 1763 άγιασθέντος
2905 1696 2998 1748 τοῦ
3031 1695 3289 1763 ὀνόματος
3312 1692 3404 1744 τοῦ
3440 1691 3672 1761 Πατρὸς,
3705 1690 3928 1742 κελεύε-

2344 1787 2465 1839 σθαι
2514 1787 2690 1853 λέγειν
2737 1788 2884 1856 ἡμεῖς
2945 1773 3088 1838 κατά
3128 1801 3192 1852 γε
3235 1785 3324 1836 τὸν
3370 1782 3786 1835 Ματθαῖον-καὶ
3832 1781 3924 1833 τὸν

2334 1878 2548 1929 Λουκᾶν
2586 1878 2675 1928 τό·
2703 1876 3085 1944 ’Ἁγιασθήτω
3130 1875 3197 1928 τὸ
3229 1873 3415 1942 ὄνομά
3449 1890 3583 1926 σου.
3621 1875 3731 1926 Καὶ

2335 1970 2476 2020 εἴποι
2498 1986 2581 2031 τις
2609 1969 2695 2032 ἂν,
2720 1968 2812 2021 ἄνθ
2822 1985 3002 2038 ρωπος
3034 1965 3177 2030 ἀξιοί
3207 1965 3523 2033 ἁγιάζεσθαι
3549 1967 3609 2017 τὸ
3631 1966 3804 2036 δνομα
3827 1965 3924 2017 τοῦ

2333 2056 2488 2120 Θεοῦ,
2516 2057 2590 2118 ὡς
2636 2055 2708 2124 μὴ
2748 2055 3104 2124 ἠγιασμένονς
3143 2054 3206 2105 Τί
3237 2055 3296 2105 τὸ
3339 2053 3511 2122 ὄνομα
3539 2053 3631 2105 τοῦ
3677 2053 3923 2123 Πατρὸς,

2333 2147 2425 2199 καὶ
2461 2147 2512 2198 τί
2557 2144 2618 2198 τὸ
2665 2143 2985 2212 ἀγιάζεσθαι
3028 2144 3160 2196 αὐτὸ
3218 2145 3664 2213 κατανοήσωμεν.
3703 2146 3924 2213 Ὀ-νομα

2331 2238 2510 2288 τοίνυν
2541 2235 2655 2287 ἐστὶ
2682 2234 3055 2302 κεφαλαιώδης
3101 2233 3435 2304 προσηγορία
3477 2235 3571 2302 τῆς
3607 2234 3743 2297 ἰδίας
3792 2252 3920 2287 ποι-

2329 2329 2519 2398 ότητος
2563 2327 2655 2378 τοῦ
2696 2327 3096 2396 ὀνομαζομένου
3165 2326 3576 2394 παραστατική·
3627 2320 3738 2377 οἷόν
3799 2327 3921 2380 έστί

2330 2436 2413 2480 τις
2449 2419 2552 2471 ίδία
2588 2418 2805 2487 ποιότης
2843 2417 3051 2470 Παύλου
3091 2418 3184 2471 τοῦ
3228 2416 3558 2468 ἀποστόλου·
3599 2417 3632 2486 ἡ
3682 2416 3786 2486 μέν
3833 2434 3922 2479 τις

2328 2509 2427 2578 τῆς
2471 2509 2644 2578 ψυχῆς
2673 2509 2792 2562 καθ’
2839 2509 2905 2577 ἣν
2933 2507 3109 2560 τοιάδε
3149 2508 3388 2577 ἐστίνυή
3433 2507 3489 2559 δέ
3534 2524 3618 2570 τις
3650 2507 3745 2560 τοῦ
3793 2507 3915 2573 νοῦ,

2330 2598 2450 2652 καθ’
2476 2602 2540 2669 ἢν
2577 2599 2794 2652 τοιῶνδέ
2844 2601 2957 2650 ἐστι
3015 2599 3319 2669 Θεωρητική
3353 2598 3486 2668 (50)’
3523 2597 3641 2668 ἡδέ
3683 2616 3769 2661 τις
3813 2599 3912 2652 τοῦ

2330 2687 2576 2757 σώματος
2611 2688 2797 2753 αὑτοῦ,
2827 2687 2946 2741 καθ’
2971 2688 3036 2758 ἢν
3063 2689 3263 2741 τοιόνδε
3291 2690 3427 2742 ἐστί.
3457 2690 3528 2741 Τὸ
3562 2690 3743 2742 τοίνυν
3783 2691 3945 2744 τού-’

2327 2797 2433 2831 των
2477 2779 2583 2832 τῶν
2630 2781 2930 2850 ποιοτήτων
2965 2779 3094 2832 ίδιον
3142 2780 3236 2832 καὶ
3287 2780 3722 2850 ἀσυντρόχαστον
3776 2782 3920 2852 πρὸς

2327 2872 2512 2942 ἕτερον
2552 2869 2728 2940 (ἄλλος
2763 2871 2871 2940 γάρ
2917 2886 3000 2932 τις
3023 2868 3437 2940 ἀπαράλλακτος
3476 2870 3688 2922 Παύλου
3717 2873 3775 2922 ὲν
3803 2873 3915 2931 τοῖς

2325 2958 2476 3014 οὖσιν
2509 2963 2609 3013 οὐκ
2641 2961 2774 3028 ἔστι)
2804 2958 3053 3028 δηλοῦται
3078 2958 3165 3010 διὰ
3192 2959 3290 3029 τῆς
3317 2959 3557 3025 Παῦλος
3584 2959 3910 3030 ὀνομασίας.

2339 3051 2474 3103 Ἀλλ’
2498 3052 2588 3102 ἐπὶ
2622 3050 2943 3120 ἀνθρώπων,
2971 3051 3131 3100 οἱονεὶ
3161 3047 3573 3118 ἀλλασσομένων
3613 3048 3726 3100 τῶν
3765 3048 3914 3100 ἰδίων

659 3154 771 3208 tur,
821 3153 966 3196 recte
996 3143 1150 3209 juxta
1209 3141 1545 3204 Scripturam
1598 3137 1876 3192 mutantur
1908 3139 2071 3192 etiam
2124 3152 2222 3188 no-

2333 3142 2651 3211 ποιοτήτων,
2685 3140 2851 3208 ὑγιῶς
2886 3138 3026 3192 κατὰ
3061 3139 3157 3209 τὴν
3201 3139 3419 3209 Γραφὴν
3449 3138 3783 3190 ἀλλάσσεται
3818 3140 3915 3191 καὶ

659 3234 824 3288 mina.
853 3233 1072 3285 Abrami
1105 3232 1247 3283 enim
1282 3232 1562 3284 immutata
1587 3230 1866 3299 qualitate,
1889 3220 2116 3282 Vocatus
2143 3241 2225 3279 est

655 3325 963 3386 Abraham;
1016 3332 1071 3374 et
1120 3321 1355 3374 Simonis
1401 3335 1663 3374 conversa
1698 3320 1984 3387 qualitate,
2028 3316 2224 3370 Petrus

658 3404 966 3468 nominatus
1001 3420 1112 3472 est;
1151 3412 1276 3463 item
1311 3411 1686 3478 persequentis
1718 3411 1993 3462 Christum
2043 3406 2225 3460 Saulis

657 3504 943 3557 immutata
981 3502 1260 3570 qualitate,
1311 3501 1611 3569 appellatus
1646 3509 1727 3552 est
1776 3499 1992 3552 Paulus.
2025 3497 2079 3551 In
2115 3498 2224 3552 Deo

657 3607 785 3648 vero
823 3593 914 3660 qui
967 3591 1303 3644 invariabiiis
1355 3591 1810 3657 itumutabilisque
1852 3604 2066 3657 semper
2104 3598 2221 3652 est,

655 3697 820 3734 unum
855 3683 1102 3747 idemque
1134 3693 1346 3746 semper
1394 3687 1471 3731 est
1509 3678 1669 3730 veluti
1714 3694 1928 3740 nmnen,
1978 3678 2081 3742 Qui
2123 3687 2221 3739 est,

655 3774 797 3842 quod
831 3773 880 3825 in
916 3771 1100 3824 Exodo
1131 3771 1350 3832 dicitur,
1381 3779 1473 3842 aut
1506 3769 1549 3821 si
1583 3768 1712 3834 quid
1742 3769 1921 3820 simile
1957 3768 2064 3819 dici
2095 3782 2223 3835 pos-

655 3867 748 3918 sit.
793 3862 1244 3929 Quandoquidem
1287 3860 1450 3926 igitur
1497 3859 1708 3927 quoties
1759 3859 1824 3911 de
1873 3858 1982 3910 Deo
2019 3858 2221 3926 aliquid

655 3956 978 4023 cogitamus,
1005 3953 1239 4019 aliquam
1267 3950 1331 4001 de
1357 3963 1420 4001 eo
1452 3949 1724 4002 notionem
1756 3946 1912 4000 nobis
1943 3946 2219 4014 ﬁngimus,

652 4045 748 4100 sed
782 4060 890 4098 non
922 4059 1112 4098 omnes
1146 4042 1274 4110 quid
1321 4042 1409 4094 ille
1443 4054 1627 4093 revera
1661 4038 1750 4099 sit,
1797 4038 2001 4091 scimus
2042 4036 2217 4104 (pauci

651 4134 820 4197 enim,
853 4145 926 4195 et,
963 4143 1022 4186 ut
1059 4134 1131 4185 ita
1178 4131 1376 4194 dicam,
1424 4128 1711 4197 pauciores
1744 4123 1930 4192 paucis
1959 4133 2083 4175 sunt
2128 4125 2217 4190 qui

655 4227 861 4296 possint
892 4223 1008 4290 ejus
1052 4223 1104 4274 in
1150 4221 1406 4274 omnibus
1448 4218 1830 4285 proprietatem
1866 4215 2220 4283 comprehen-

656 4315 827 4385 dere),
871 4315 1062 4366 merito
1095 4312 1353 4364 docemur
1387 4307 1478 4360 Dei
1530 4305 1890 4385 notionemin
1929 4305 2086 4357 nobis
2132 4317 2217 4356 sa-

655 4421 780 4461 nam
813 4421 933 4460 esse
960 4406 1003 4457 si
1037 4403 1332 4456 viderimus
1366 4399 1754 4470 proprietatem
1787 4396 1931 4448 illitis
1957 4395 2214 4453 creantis.

654 4497 1008 4566 providentis,
1059 4493 1370 4560 jndicautis.
1421 4488 1697 4557 eligentis,
1765 4484 2216 4550 derelinquentis,
2255 4467 2294 4520 υ

657 4587 1054 4655 amplecteutis,
1090 4583 1412 4649 rejicientis,
1459 4577 1676 4647 pnemia
1735 4576 2084 4641 retribuenlis
2125 4586 2218 4626 aut

657 4691 847 4746 poenas
893 4675 1181 4740 unicuique
1210 4687 1304 4740 pro
1337 4669 1567 4723 meritis.
1595 4666 1648 4718 In
1687 4665 1768 4718 his
1799 4661 1942 4717 cui‘m
1972 4674 2024 4716 et
2065 4657 2217 4718 simi-

661 4767 797 4819 libus
825 4765 1164 4833 exprimitur,
1201 4771 1258 4812 ut
1288 4761 1356 4810 ita
1389 4759 1583 4818 dicam,
1617 4753 1830 4822 propria
1860 4752 1950 4805 Dei
1980 4752 2216 4819 qualitas

660 4872 819 4921 quam
859 4855 950 4908 Dei
997 4865 1190 4906 nomen
1236 4849 1387 4915 juxta
1434 4848 1745 4913 Scripturas
1795 4844 1899 4896 dici
1945 4855 2108 4915 puto;
2162 4843 2213 4893 in

659 4938 846 4993 Exodo
873 4938 1088 5008 quidem
1115 4954 1127 4986 :
1156 4936 1277 4988 Non
1308 4950 1537 4986 assumes
1566 4946 1748 4982 nomen
1775 4929 1988 4980 Domini
2023 4928 2114 4980 Dei
2141 4929 2216 4978 tui

661 5033 715 5083 in
748 5046 936 5082 vanum
958 5018 1032 5086 9":
1068 5027 1123 5080 in
1152 5024 1551 5078 Deuterouomio
1586 5031 1765 5075 autem
1795 5037 1809 5074 :
1847 5017 2212 5086 Exspectelvr,

729 5199 775 5231 ί¹⁷
809 5197 977 5278 Exod.
1013 5216 1102 5265 xx,
1146 5202 1196 5257 7.

663 5400 1060 5526 ﬂgﬁjv‘Codex
1091 5415 1215 5466 ms.,
1258 5398 1622 5468 παριστάνειν,
1661 5399 1790 5452 edit.
1837 5394 2036 5460 0mm,
2065 5411 2219 5465 περι-

730 5542 839 5612 (49)
880 5543 1030 5612 Ῐοτε-
1053 5537 1186 5612 μέν,
1245 5547 1356 5590 etc.
1404 5535 1549 5612 Lego
1621 5549 1745 5589 cum
1798 5529 2065 5600 Bentleio,
2102 5529 2216 5582 είτε

660 5603 832 5680 μένης
849 5609 956 5661 εἴτε
989 5603 1257 5680 δὲτούτου
1284 5603 1480 5680 τυχών.

732 5678 862 5760 (βο)
917 5672 1262 5744 Θεωρητική.
1326 5667 1468 5744 Lego
1531 5686 1652 5726 cum
1724 5669 1950 5735 eodem,
2002 5667 2213 5760 θεωρη·

659 5746 825 5811 unde.

2326 3226 2393 3279 τὰ
2415 3226 2654 3295 ὀνόματα
2672 3242 2684 3253 ·
2722 3225 3124 3294 μεταϐαλούσης
3147 3224 3254 3298 γάρ
3278 3225 3374 3295 τῆς
3405 3225 3496 3277 τοῦ
3526 3226 3744 3295 Ἀϐράμ
3772 3227 3916 3277 ποιό-

2325 3334 2486 3386 τητος
2524 3317 2724 3386 ἐκλήθη
2759 3316 3029 3386 Ἀϐραὰμ,
3060 3317 3155 3368 καὶ
3183 3317 3281 3385 τῆς
3313 3317 3405 3369 τοῦ
3439 3317 3705 3386 Σίμωνος,
3735 3321 3763 3369 ὁ
3805 3317 3912 3369 Πέ-

2324 3425 2454 3477 τρος
2497 3408 2816 3478 ὠνομάσθη,
2854 3410 2946 3479 καὶ
2987 3409 3084 3479 τῆς
3123 3407 3216 3459 τοῦ
3249 3407 3532 3470 διώκοντος
3563 3409 3654 3460 τὸν
3700 3409 3917 3478 Ἰησοῦν

2327 3499 2520 3560 Σαοὺλ,
2555 3477 2969 3568 προσηγορεύθη
2998 3498 3026 3548 ό
3057 3477 3290 3560 Παῦλος.
3330 3499 3452 3551 Ἐπὶ
3478 3498 3536 3550 δὲ
3563 3497 3725 3563 Θεοῦ,
3759 3477 3914 3564 ὅστις

2325 3587 2486 3649 αὑτός
2528 3589 2673 3640 ἐστιν
2711 3587 3006 3657 ἄτρεπτος,
3040 3588 3136 3640 καὶ
3185 3588 3537 3651 ἀναλλοίωτος
3567 3590 3652 3641 ἀεὶ
3696 3593 3912 3661 τυγχά-

2325 3695 2450 3740 νων,
2482 3677 2540 3729 ἓν
2567 3679 2720 3728 ἐστιν
2751 3677 2862 3746 (Si)
2893 3676 2980 3729 ἀεὶ
3004 3678 3063 3730 τὸ
3083 3679 3244 3730 οἱονεὶ
3269 3680 3363 3731 καὶ
3397 3681 3496 3730 ὲπ*
3514 3681 3682 3733 αὐτοῦ
3709 3683 3911 3754 ὗνομα,

2324 3765 2414 3829 τὸ,
2459 3765 2562 3827 ὢν,
2599 3767 2655 3816 έν
2701 3766 2762 3834 τῇ
2812 3765 3024 3828 Ἐξόδῳ
3076 3769 3380 3836 εἰρημένον,
3427 3769 3459 3838 ἧ
3505 3784 3556 3820 τι
3606 3770 3783 3832 οὕτως
3834 3771 3914 3844 ᾷν

2324 3849 2734 3919 λεχθησόμενον.
2773 3850 3044 3908 Ἐπεὶοῦν
3080 3854 3207 3922 περὶ
3238 3852 3372 3906 Θεοῦ
3405 3857 3603 3918 πάντες
3634 3857 3734 3926 μὲν
3766 3859 3910 3910 ὑπο-

2324 3938 2669 4010 λαμϐάνομεν
2709 3957 2760 3993 τι
2790 3941 3093 4003 ἐννοοῦντες
3129 3943 3285 3995 ἅτινα
3308 3944 3505 4013 δήποτε
3550 3947 3680 4014 περὶ
3709 3945 3908 4008 αὑτοῦ,

2322 4030 2382 4082 οὐ
2425 4030 2623 4091 πάντες
2659 4030 2715 4082 δὲ
2769 4033 2797 4082 ὃ
2849 4033 2963 4082 ἐστι
3008 4031 3244 4100 (σπάνιοι
3268 4033 3397 4103 γὰρ,
3439 4036 3532 4088 καὶ
3569 4036 3620 4086 εί
3661 4034 3769 4106 χρὴ
3817 4037 3911 4089 λέο

2321 4137 2465 4188 γειν,
2513 4121 2623 4172 τῶν
2675 4121 2911 4173 σπανίων
2960 4122 3318 4192 σπανιιὶθτεροι
3367 4125 3415 4175 οί
3466 4125 3561 4194 τὴν
3604 4126 3674 4175 ’ἐν
3732 4129 3908 4180 πᾶσιν

2321 4210 2581 4279 ἁγιότητα
2611 4211 2722 4280 (5‘2)
2756 4210 3260 4280 καταλαμϐάνοντες
3298 4214 3484 4284 αὐτοῦ)
3508 4229 3522 4238 ·
3562 4213 3806 4283 εὐλόγως
3832 4218 3911 4270 δι-

2320 4299 2629 4368 δασκόμεθα
2655 4300 2752 4368 τὴν
2783 4303 2838 4352 έν
2867 4302 2994 4370 ἡμῖν
3023 4294 3228 4353 ἔννοιαν
3262 4304 3387 4373 περὶ
3417 4303 3550 4356 Θεοῦ
3589 4304 3750 4371 ἁγίαν
3786 4308 3905 4378 (53)

2320 4389 2592 4456 γενέσθαι,
2634 4390 2698 4440 ἵν’
2733 4391 2932 4459 ἴδωμεν
2972 4393 3138 4443 αὑτοῦ
3165 4392 3259 4463 τὴν
3295 4395 3572 4465 ἀγνότητα
3598 4395 3906 4463 κτίζοντος,

2324 4480 2417 4530 καὶ
2466 4479 2836 4549 προνοοῦντος,
2872 4482 2964 4533 καὶ
3001 4483 3309 4551 κρίνοντος,
3371 4481 3463 4537 καὶ
3509 4486 3904 4556 ἐκλεγομένου,

2322 4569 2416 4620 καὶ
2446 4570 2944 4637 ὲγκαταλείποντος,
2980 4574 3372 4644 ἀποδεχομένου
3403 4593 3460 4628 τε
3496 4579 3590 4628 καὶ
3625 4578 3909 4650 ἀποστρε-

2323 4660 2577 4727 φομένου,
2609 4662 2704 4712 καὶ
2743 4662 2916 4732 γέρως
2960 4663 3234 4728 ἀξιοῦντος
3254 4705 3268 4728 ,
3295 4668 3389 4718 καὶ
3419 4665 3736 4730 κολάζοντος
3763 4670 3907 4722 ’ἑκα-

2324 4765 2447 4800 στον
2499 4751 2638 4802 κατὰ
2701 4751 2798 4822 τὴν
2845 4754 3022 4817 ἀξίαν.
3087 4756 3176 4807 Ἐν
3223 4756 3430 4817 τούτοις
3478 4755 3586 4827 γάρ
3636 4760 3732 4811 καὶ
3780 4766 3906 4825 τοῖς

2321 4840 2749 4910 παραπλησίοις,
2789 4844 2856 4897 ἵν’
2884 4845 3054 4908 οὕτως
3083 4846 3238 4909 εῐπω,
3284 4851 3742 4919 χαρακτηρίζεται
3790 4854 3906 4906 Eclio.

2323 4930 2542 5001 ποιότης
2582 4933 2672 4985 τοῦ
2719 4933 2875 4997 Θεοῦ,
2920 4937 3108 5004 ἥντινα
3151 4938 3354 5006 νομίζω
3410 4941 3581 5009 ὄνομα
3627 4943 3760 4995 Θεοῦ
3801 4945 3901 4997 λέ-

2315 5020 2511 5084 γεσθαι
2560 5022 2698 5076 κατά
2742 5023 2840 5086 τὰς
2883 5025 3134 5094 Γραφάς·
3174 5029 3230 5080 ἐν
3275 5028 3376 5094 μὲν
3419 5034 3485 5101 τῇ
3535 5031 3777 5096 Ἐεόδῳ·
3813 5038 3904 5088 Οὐ

2388 5396 2482 5466 (51
2503 5396 2528 5465 )-
2561 5395 2740 5450 Codex
2801 5411 2929 5460 ms.,
2969 5392 3028 5448 ιν
3075 5380 3241 5451 ἐστιν.
3294 5397 3474 5454 Editio
3517 5396 3724 5464 σπου..
3770 5397 3900 5454 ινι-

2317 5481 2497 5606 "is-'2)
2545 5532 2865 5606 ξΑγιότητα.
2908 5533 3050 5606 l_.ego
3076 5549 3198 5589 cum
3234 5505 3499 5597 Bentleio,
3516 5533 3783 5606 ἰδιότητα.
3813 5552 3855 5606 ν·

2383 5602 2494 5674 (ξ’ᾑ)
2545 5602 2757 5674 Ἀγίᾳν,
2772 5612 2886 5674 etc.
2918 5602 3062 5674 Lego
3088 5620 3210 5657 eum
3242 5609 3453 5674 eodem.
3475 5603 3602 5674 ὑγιῆ
3631 5602 3897 5673 γενέσθαι

2311 5669 2378 5726 ἂν
2407 5669 2604 5742 ἴδωμεν
2637 5670 2800 5725 αὑτοῦ
2833 5670 2930 5744 τὴν
2959 5669 3193 5746 ίδῐότητα
3229 5673 3527 5738 κτίζοντος.
