4080 6306
166 439 264 495 531

1393 438 1731 496 ιιΒΕιιιτε
1765 438 1850 493 DE
1871 435 2249 491 ‘(lRATlONE.

3310 426 3415 482 502

160 551 220 602 ἐν
252 547 492 619 οὐρανῷ,
520 549 651 602 ὅπου
680 549 796 602 ἐστ)⁵
817 549 889 600 τὰ
915 549 1281 617 πνευματικὰ
1305 549 1414 617 τῆς
1436 553 1723 618 πονηρίας

1855 550 1997 602 ctelo
2031 549 2110 610 ﬁt,
2144 546 2344 600 nihilne
2376 541 2566 611 pericli
2591 549 2672 595 est
2702 552 2767 592 ne
2802 539 3167 608 imprudentes
3196 553 3412 592 ore-mus

162 636 232 687 δι’
265 637 302 689 ἃ
330 637 445 708 (82)
488 636 936 706 μεθυσθήσεται
974 640 1009 704 ἡ
1031 638 1294 706 μάχαιρα
1317 638 1422 691 τοῦ
1464 639 1609 694 Θεοῦ
1648 640 1742 693 καὶ

157 725 229 791 Δγ
254 727 336 790 τῷ
370 725 602 794 οἰερανῷ
625 743 644 789 ;
673 730 720 779 εί
752 727 808 780 δὲ
835 725 1008 788 οὕτως
1036 727 1307 798 εὐχόμεθα
1337 729 1625 799 γενηθῆναι
1652 730 1746 782 ἐπὶ

158 816 262 889 τῆς
288 818 394 887 γῆς
419 817 479 868 τὸ
500 816 709 886 θέλημα
726 815 817 868 τοῦ
839 816 972 869 Θεοῦ
996 815 1184 888 ὥσπερ
1205 818 1411 885 γίνεται
1429 821 1484 870 ἐν
1510 819 1740 889 οὐρανῷ,

403 908 703 978 λεληθότως
733 910 842 979 (85)
877 886 1162 980 εὐξιῦμεθα
1190 911 1370 979 μένειν
1402 886 1623 996 ἐπὶῴγῆς
1651 886 1744 964 καὶ

156 998 223 1049 τὰ
245 999 487 1062 ἐναντία,
518 1001 650 1052 ὅπου
669 1003 763 1055 ἀπ’
788 1004 1016 1075 οὐρανοῦ
1037 1006 1131 1058 καὶ
1156 1004 1328 1057 ταῦτα
1357 997 1595 1076 ἔρχεται,
1625 1007 1743 1058 πολ-

156 1088 264 1140 λῶν
286 1089 510 1156 φαύλων
543 1080 838 1164 γινομένων
870 1098 1091 1170 ἐπὶλῆς
1128 1099 1217 1153 διὰ
1245 1100 1312 1154 τὰ
1346 1098 1592 1170 ἡττῶντα
1631 1098 1740 1169 (84)

157 1116 263 1140 νων
286 1116 509 1156 ψαυι.ων
543 1116 838 1164 γινομένων
870 1116 981 1158 sm,
1025 1117 1091 1168 ης
1128 1116 1217 1153 οια
1245 1116 1312 1154 τα
1346 1116 1592 1170 ηττωντα
1631 1116 1738 1169 (δε)

156 1179 507 1246 πνευματικὰ
534 1181 632 1251 τῆς
665 1183 926 1255 πονηρίας
958 1116 1095 1240 ἄτα
1127 1189 1185 1240 ἐν
1232 1192 1341 1251 τοῖς
1380 1189 1738 1260 ἐπουρανίοιςς

138 1265 226 1340 βο
260 1267 362 1335 μὲν
396 1264 491 1321 οὖν
524 1287 606 1332 τις
627 1271 940 1345 ἀλληγορῶν
972 1275 1064 1328 τὸν
1093 1278 1341 1346 οὐρανὸν,
1392 1279 1488 1330 καὶ
1518 1279 1740 1346 φάσκων

153 1354 317 1407 αὐτὸν
357 1353 494 1409 εἶναι
527 1359 616 1411 τὸν
647 1362 899 1430 Χριστὸν,
927 1366 1027 1435 γῆν
1057 1367 1229 1436 δὲτὴν
1267 1369 1588 1438 Ἐκκλησίαν
1633 1367 1740 1438 [τίς

152 1443 260 1520 γὰρ
289 1444 638 1512 σ’ῗδτωςᾶξιος
670 1449 856 1520 Θρόνος
893 1452 1003 1523 (83)
1045 1455 1138 1507 τοῦ
1177 1457 1390 1528 Πατρὸς
1434 1459 1508 1520 ὡς
1540 1461 1569 1510 ὁ
1604 1460 1739 1528 Χρι-

154 1540 312 1598 στόςς
351 1541 502 1590 ποῖον
532 1539 589 1594 δὲ
626 1541 910 1596 ὑποπόδιον
941 1545 1048 1597 τῶν
1076 1547 1250 1601 ποδῶν
1281 1549 1373 1600 τοῦ
1419 1549 1553 1602 Θεοῦ
1596 1549 1670 1611 ὼς
1703 1551 1737 1619 ὴ

162 1623 457 1712 Ἐκκλησία
479 1628 521 1699 ;]
554 1631 964 1700 εὐχερῶςλύσει
1001 1636 1068 1689 τὰ
1101 1636 1422 1707 ζητούμενα,
1458 1638 1628 1705 λέγων
1651 1638 1739 1691 εὐ-

149 1715 338 1782 χεσθαι
365 1717 474 1770 δεῖν
519 1721 749 1774 ἕκαστον
791 1725 900 1777 τῶν
931 1727 1039 1781 ἀπὸ
1082 1730 1180 1799 τῆς
1228 1729 1550 1798 Ἐκκλησίας
1594 1728 1736 1783 οὕτω

149 1805 397 1876 χωρῆσαι
426 1808 488 1860 τὸ
515 1813 778 1882 πατρικὸν
806 1814 1039 1886 θέλημα,
1071 1817 1131 1870 ὃν
1163 1819 1361 1888 τρόπον
1387 1820 1620 1888 Χριστὸς
1643 1836 1734 1872 κε-

1853 641 1906 692 in
1937 648 2080 692 terra
2119 650 2336 688 manere
2361 635 2524 688 etiam
2552 646 2612 684 ea
2645 647 2766 700 quae
2790 631 2942 684 nobis
2967 631 3238 683 contraria
3263 636 3412 693 sunt,

1846 744 1968 780 cum
1999 727 2083 780 illa
2117 741 2331 794 quoque
2361 738 2391 777 e
2442 723 2578 777 coelo
2622 723 2860 786 veniant,
2891 720 3134 786 plurimis
3168 720 3218 770 in
3268 729 3411 773 terra

1848 819 1899 871 in
1940 819 2068 871 vitia
2100 817 2363 885 prolapsis
2387 817 2440 868 vi
2471 814 2830 882 spiritualium
2866 811 3119 877 nequitia:
3148 823 3265 877 quae
3290 814 3414 864 sunt

1846 910 1898 961 in
1931 907 2286 960 caelestibus?
2321 905 2426 959 Sed
2458 905 2548 974 qui
2595 903 2883 970 allegorice
2915 901 3109 955 coelum
3142 900 3413 966 accipiens

1845 998 2043 1049 dixerit
2071 997 2246 1064 ipsum
2274 1010 2394 1048 esse
2414 993 2711 1056 Christum,
2737 999 2934 1042 terram
2965 1002 3092 1040 vero
3115 985 3408 1040 Ecclesiam

1846 1087 1992 1155 (quis
2043 1088 2186 1141 enim
2227 1087 2300 1138 ita
2337 1085 2535 1154 dignus
2567 1082 2724 1155 Patre
2761 1084 2987 1135 thronus
3019 1065 3077 1132 ut
3123 1075 3414 1132 Christus?

1845 1178 1987 1246 quod
2026 1177 2324 1232 seahellum
2383 1176 2575 1241 pedum
2626 1157 2760 1236 ltci,
2802 1171 2960 1240 quale
3007 1167 3322 1236 Ecclesia?)
3365 1167 3414 1220 is

1842 1269 2200 1336 quaestionem
2238 1266 2396 1321 facile
2422 1266 2614 1327 solvet,
2644 1265 2826 1317 dicens
2851 1262 3114 1316 orandum
3145 1274 3264 1313 esse
3292 1258 3416 1310 uni-

1845 1359 2039 1424 cuique
2069 1372 2261 1412 corum
2288 1357 2380 1425 qui
2413 1371 2489 1424 ex‘
2506 1354 2741 1408 Ecclesia
2772 1360 2917 1413 sunt,
2944 1358 2998 1403 ut
3024 1351 3098 1402 sic
3132 1358 3416 1417 paternam

1841 1449 2021 1513 capiat
2042 1448 2373 1499 voluntatem
2403 1443 2852 1513 quemadmodum
2877 1440 3126 1493 Christus
3161 1438 3416 1506 capiebat

1843 1539 2172 1590 voluntatem
2197 1536 2373 1589 Patris
2395 1536 2501 1599 sui,
2531 1543 2586 1588 et
2614 1549 2828 1587 omnem
2853 1530 3095 1598 perfecit.
3119 1529 3413 1582 Possumus

1842 1627 1987 1678 enim
2023 1627 2071 1680 ei
2100 1625 2423 1679 adhaerendo
2452 1639 2593 1679 unus
2621 1638 2750 1692 cum
2775 1624 2890 1692 ipso
2919 1624 3140 1691 spiritus
3167 1621 3280 1674 ﬁeri
3302 1660 3317 1683 ,
3355 1629 3413 1674 et.

1843 1718 1913 1769 ita
1937 1719 2053 1785 ejus
2079 1731 2277 1785 capere
2298 1716 2630 1771 voluntatem
2657 1726 2738 1780 ut,
2763 1717 3032 1784 quomodo
3059 1712 3292 1782 perfeeta
3325 1720 3412 1764 est

1843 1807 1894 1858 in
1921 1809 2086 1872 etelo,
2109 1808 2185 1861 sic
2210 1807 2520 1876 perﬁciatur
2541 1817 2595 1860 et
2617 1809 2668 1861 in
2704 1817 2880 1862 terra:
2902 1822 3025 1858 nam
3054 1805 3143 1872 qui
3177 1805 3411 1857 adha'ret

147 1875 419 1965 χώρηκεν,
455 1901 482 1951 ό
509 1875 677 1954 ἐλθῶν
702 1875 1249 1978 ποιῆσαιητδθέλημία
1280 1875 1452 1962 αὐτοῦ.
1481 1909 1575 1961 τοῦ
1601 1875 1723 1961 -Πα-

1837 1896 2084 1961 Domino,
2131 1897 2424 1951 secundum
2465 1897 2734 1963 Paulum,
2773 1913 2907 1950 unus
2954 1897 3170 1964 spiritus
3215 1903 3289 1946 est
3337 1895 3406 1947 ".

144 1982 290 2051 τρδς,
327 1987 422 2037 καὶ
461 1988 570 2039 πᾶν
595 1990 728 2042 αὐτὸ
765 1993 1074 2058 τελειώσας.
1114 1997 1346 2048 Δυνατὸν
1378 1996 1486 2066 γὰρ
1530 1996 1733 2049 κωλύε-

147 2073 267 2166 σθαι
305 2075 415 2144 (86)
451 2078 621 2148 αὐτῷ,
652 2079 709 2132 ἐν
733 2083 985 2148 γενέσθαι
1018 2085 1238 2156 πνεῦμα
1272 2088 1368 2138 σὺν
1408 2086 1586 2156 αὐτῷ,
1642 2087 1729 2140 διὰ

143 2162 302 2210 τοῦτο
335 2162 614 2231 χωροῦντα
647 2165 707 2218 τὸ
741 2167 974 2237 θέλημα,
1003 2171 1068 2223 ἶν’
1097 2173 1172 2235 ὼς
1197 2173 1506 2227 τετέλεσται
1538 2174 1645 2244 (87)
1672 2178 1730 2228 ἐν

141 2247 376 2342 οὐρανῷ,
411 2251 554 2342 οὕτω
579 2253 803 2327 τελεσθῇ
841 2262 935 2312 καὶ
983 2261 1244 2342 ἐπὶᾴγῆς·
1291 2265 1325 2314 ὀ
1357 2263 1730 2331 κολλώμενος

141 2334 249 2404 γὰρ
282 2337 363 2401 τῷ
388 2340 603 2410 Κυρίῳ,
630 2342 771 2395 κατὰ
799 2345 889 2398 τὸν
934 2334 1163 2409 Παῦλον,
1203 2347 1273 2400 ἐν
1300 2348 1534 2416 πνεῦμά
1574 2350 1724 2404 ἐστι.

141 2426 250 2478 Καὶ
280 2424 457 2498 οἶμαι,
486 2432 567 2484 ὅτι
597 2434 1202 2507 οὐκ-εὐκαταφρόνητος
1234 2436 1384 2490 ἔσται
1411 2439 1546 2508 αὕτη
1582 2441 1614 2508 ἡ
1640 2442 1729 2510 ἐρ-

141 2518 339 2584 μηνεία
363 2520 442 2589 τῷ
463 2523 882 2594 ἐπιμελέστερον
908 2527 1254 2580 κατανοοῦντι
1287 2529 1473 2598 αὐτήν.
1494 2529 1727 2582 Ἀντιλέ-

137 2621 249 2672 γων
280 2608 338 2659 δέ
363 2626 448 2672 τις
473 2613 632 2682 αὐτῇ,
669 2615 1039 2685 παραϐήσεται
1071 2617 1178 2687 (88)
1204 2619 1266 2671 τὸ
1298 2621 1389 2672 ἐπὶ
1414 2619 1554 2672 τέλει
1600 2620 1725 2671 τού-

134 2711 232 2746 του
271 2698 366 2751 τοῦ
419 2701 748 2768 Εὐαγγελίου
805 2707 940 2773 μετὰ
980 2707 1078 2776 τὴν
1126 2708 1422 2761 ἀνάστασιν
1474 2710 1576 2761 ὑπὸ
1630 2709 1723 2761 τοῦ

136 2787 344 2855 Κυρίου
369 2790 657 2860 εἰρημένον
684 2794 818 2863 πρὸς
843 2797 965 2858 τοὺς
993 2798 1184 2852 ἕνδεκα
1215 2800 1478 2869 μαθητάς·
1519 2800 1722 2869 Ἐδόοη

131 2896 229 2946 μοι
258 2879 434 2933 πᾶσα
465 2881 738 2944 ἐξουσία,
768 2885 847 2949 ὡς
888 2885 957 2937 ἐν
989 2886 1220 2952 οἰιοανῷ
1239 2926 1252 2950 ,
1301 2890 1403 2942 καὶ
1431 2890 1530 2941 ἐπὶ
1559 2889 1719 2963 τῆς·

134 2969 274 3038 ἔχων
311 2971 422 3041 (89)
454 2973 564 3043 γὰρ
596 2973 842 3037 ἐξουσίαν
869 2977 973 3029 τῶν
1001 2979 1058 3030 ἐν
1080 2979 1310 3049 οὐρανῷ,
1341 2982 1472 3048 φησὶ
1501 2999 1707 3051 προσει-

133 3060 366 3131 ληφέναι
398 3063 497 3133 τὴν
530 3065 622 3120 ἐπὶ
648 3065 771 3135 γῆς,
793 3068 900 3120 τῶν
936 3070 1034 3138 μὲν
1061 3071 1120 3122 ἐν
1145 3070 1357 3140 οὐρανῷ
1387 3073 1481 3125 καὶ
1524 3072 1720 3141 πρότε-

1834 1987 1944 2039 Nec
1974 1999 2102 2054 puto
2126 1988 2576 2041 contemnendam
2600 1989 2738 2041 hanc
2763 1987 3263 2052 interpretationem
3291 1983 3408 2037 fore

1833 2078 1880 2131 ei
1911 2080 2000 2146 qui
2034 2088 2214 2151 mente
2250 2078 2395 2130 illam
2424 2078 2716 2131 studiosius
2745 2077 3048 2130 revolverit.
3091 2075 3149 2128 Si
3179 2075 3300 2143 quis
3329 2083 3414 2126 Ia-

1835 2183 1954 2220 men
2009 2170 2057 2220 ei
2103 2167 2530 2230 contradixerit,
2585 2165 2773 2221 aﬂeret
2811 2166 2951 2233 quod
2989 2167 3041 2217 in
3083 2164 3200 2217 fine.
3245 2165 3408 2232 hujus

1830 2258 2107 2327 Evangelii
2132 2269 2251 2325 post
2284 2258 2736 2312 resurrectione‘iu
2766 2272 2794 2308 a
2828 2238 3053 2310 Domitio
3083 2256 3285 2309 dicitur
3312 2269 3410 2307 un-

1830 2351 2001 2405 deCint
2032 2351 2316 2418 discipulis
2345 2370 2358 2403 :
2392 2350 2534 2404 Data
2566 2363 2639 2404 est
2673 2352 2798 2404 mihi
2823 2352 2991 2403 ontnis
3012 2357 3243 2415 potestas
3267 2347 3406 2400 sicut

1827 2439 1883 2491 in
1905 2440 2032 2492 caelo
2060 2449 2106 2492 et
2132 2443 2184 2492 iu
2210 2450 2351 2492 terra
2379 2441 2442 2492 ’⁷.
2476 2439 2608 2494 Cum
2645 2443 2787 2495 enim
2813 2441 3050 2506 haberet
3079 2421 3417 2506 potestatem-

1827 2542 2016 2583 eorum
2046 2545 2167 2598 quae
2198 2539 2322 2584 sunt
2356 2531 2406 2582 in
2445 2520 2602 2592 coelo,
2642 2532 2918 2597 accepisse
2944 2545 3003 2583 se
3029 2537 3294 2596 praeterea
3326 2526 3403 2579 ait

1827 2629 2150 2690 potestatem
2178 2635 2363 2674 eorum
2395 2635 2514 2688 quae
2548 2631 2672 2673 sunt
2704 2622 2757 2673 iu
2797 2632 2938 2674 terra
2976 2637 2989 2672 :
3026 2635 3148 2673 cum
3184 2634 3247 2673 ea
3279 2635 3401 2688 qua:

1826 2721 1952 2764 sunt
1981 2711 2032 2763 in
2062 2711 2364 2779 ctelis,jam
2391 2722 2548 2765 antea
2576 2713 2687 2764 sint
2717 2727 2746 2764 a
2779 2712 2954 2767 Verbo
2986 2713 3287 2765 illuminala
3307 2728 3324 2775 ;
3345 2712 3400 2766 in

1824 2803 2292 2856 consummatione
2323 2811 2501 2856 autem
2543 2803 2724 2856 szeculi
2766 2802 2931 2856 etiam
2980 2818 3101 2870 qute
3144 2804 3200 2856 in
3253 2813 3398 2857 terra

1822 2897 1951 2945 sunt
1992 2906 2090 2956 per
2130 2892 2312 2946 datam
2342 2892 2478 2945 Filio
2506 2900 2821 2959 potestatem
2873 2891 3152 2944 imitentur
3181 2907 3300 2958 qute
3345 2890 3398 2946 In

1823 2981 1963 3036 cmlo
1987 2980 2222 3050 perfecta
2252 2992 2411 3045 sunt,
2445 2991 2499 3035 et
2537 2996 2765 3050 quorum
2811 2991 3134 3050 potestatem
3183 2983 3396 3051 accepit

1826 3068 2098 3145 Salvator.
2127 3068 2251 3123 Vult
2278 3085 2407 3139 ergo
2438 3086 2536 3137 per
2561 3071 2865 3124 orationem
2910 3086 3008 3124 ceu
3045 3073 3396 3141 coatljutorcs

137 3169 227 3222 ρον
257 3155 365 3206 ὑπὸ
396 3154 491 3208 τοῦ
524 3155 696 3222 Λόγου
735 3161 1183 3228 πεφωτισμένων·
1219 3163 1311 3215 ἐπὶ
1341 3163 1397 3214 δὲ
1433 3165 1498 3232 τῇ
1528 3179 1714 3215 συντε-

1826 3163 1924 3216 sibi
1960 3177 2174 3215 sumere
2209 3162 2273 3215 ad
2304 3161 2518 3215 Patrem
2549 3161 2865 3229 discipulos,
2904 3172 2957 3213 ut
2991 3178 3113 3214 cmn
3168 3180 3228 3217 ea
3275 3179 3398 3230 quin

133 3239 250 3311 λείᾳ
278 3243 374 3294 τοῦ
408 3244 602 3308 αἰῶνος
635 3247 726 3298 καὶ
770 3247 873 3299 τῶν
905 3249 1142 3319 sum;
1172 3251 1259 3304 διὰ
1297 3252 1396 3322 τὴν
1427 3252 1715 3323 δεδομένην

133 3325 382 3388 ἐξουσίαν
408 3330 486 3400 τῷ
527 3331 634 3400 Υἱῷ
655 3331 749 3384 τοῦ
777 3331 934 3395 Θεοῦ,
970 3337 1321 3404 μιμουμένων
1358 3338 1424 3389 τὰ
1459 3332 1531 3390 ὧν
1565 3338 1710 3402 ἐξου-

135 3417 254 3468 σίαν
276 3421 306 3470 ό
332 3421 524 3492 Σωτὴρ
551 3421 758 3487 ἐλαϐεν,
778 3426 836 3476 ἐν
864 3423 1076 3494 οὐρανῷ
1102 3429 1547 3499 κατορθουμένων
1579 3431 1710 3501 (90).

133 3507 310 3560 Οἱονεὶ
337 3505 431 3562 οὖν
452 3511 540 3565 διὰ
565 3515 672 3566 τῶν
699 3510 872 3583 εὐχῶν
901 3518 1189 3587 συνεργοὺς
1216 3520 1350 3588 πρὸς
1376 3521 1467 3573 τὸν
1495 3525 1716 3595 Πατέρα

134 3596 383 3666 βούλεται
408 3600 590 3656 λαϐεῖν
611 3605 734 3667 τοὺς
755 3606 1227 3677 μαθητευομένους
1244 3609 1410 3678 αὐτῷ,
1434 3611 1498 3662 ἶν’
1515 3615 1715 3682 ὁμοίως

130 3689 240 3747 τοῖς
270 3688 329 3739 ἐν
352 3690 569 3758 οὐρανῷ
596 3693 1054 3763 ὑποτεταγμένοις
1083 3694 1306 3766 ἀληθείᾳ
1332 3697 1424 3749 καὶ
1460 3700 1616 3770 Λόγῳ
1646 3704 1733 3756 τὰη

129 3775 220 3830 ἐπὶ
253 3779 358 3848 γῆς
391 3779 768 3849 διορθωθὲντα,
796 3783 892 3852 τὴν
919 3783 1162 3848 ἐξουσίαν
1190 3786 1297 3855 (9i)
1333 3789 1396 3856 ἣν
1422 3787 1610 3842 ἐλαϐεν
1637 3793 1713 3856 ὼς

130 3866 186 3922 ἐν
209 3867 428 3941 οὐρανῷ
456 3870 547 3921 καὶ
570 3871 803 3941 ἐπἰχῆς,
835 3875 912 3936 είς
941 3875 1093 3938 τέλος
1122 3877 1304 3949 ἀγάγῃ
1335 3879 1442 3931 τῶν
1467 3879 1711 3944 ἐξουσια-

132 3959 375 4030 ζομὲνων
419 3961 703 4031 μακάριον.
755 3963 813 4015 '0
851 3963 908 4015 δὲ
955 3964 1122 4019 θέλων
1163 3968 1389 4037 οὐρανὸν
1439 3967 1574 4022 εἶναι
1619 3973 1710 4024 τὸν

130 4038 378 4120 ῗωτῆρα,
405 4051 502 4121 τὴν
532 4051 587 4105 δὲ
611 4053 711 4121 γῆν
747 4053 1092 4124 Ἐκκλησίαν,
1120 4057 1211 4109 τὸν
1237 4047 1575 4129 πρωτότοκον
1606 4063 1711 4115 πά-

133 4152 228 4206 σης
262 4139 517 4203 κτίσεως,
563 4136 608 4209 ᾧ
634 4145 660 4195 ό
696 4143 885 4216 Πατὴρ
918 4145 993 4206 ὡς
1043 4144 1218 4215 θρόνῳ
1261 4151 1705 4217 ἐπαναπαύεται,

131 4226 352 4291 φάσκων
386 4227 525 4283 εἶναι
551 4233 645 4284 τὸν
675 4235 920 4304 οὐρανὸν,
955 4235 1132 4306 εὑρεῖν
1166 4239 1273 4306 (92)
1307 4242 1397 4293 τὸν
1423 4242 1707 4314 ἄνθρωπον

127 4315 182 4367 ὃν
217 4319 507 4372 ἐνεδύσατο
538 4323 886 4377 οίκειωθέντα
920 4326 1098 4397 ἐκείνῃ
1123 4330 1186 4398 τῇ
1227 4328 1489 4400 δυνάμει,
1530 4335 1714 4400 διὰτὸ

126 4411 586 4463 τεταπεινωκέναι
611 4412 802 4467 ἐαυτὸν
829 4418 923 4469 κσι)⁹
948 4419 1234 4487 γενόμενον
1264 4421 1502 4491 ὑπήκοον
1544 4423 1705 4495 μέχρι

1824 3251 1877 3304 in
1912 3262 2051 3305 terra
2084 3260 2228 3311 sunt,
2251 3252 2314 3304 ad
2329 3250 2736 3305 similitudinem
2762 3251 2964 3302 directa
2993 3249 3392 3305 fuerinteorum

1823 3355 1943 3410 quae
1974 3343 2024 3394 in
2044 3340 2195 3393 caelis
2212 3343 2449 3406 subjecta
2468 3348 2591 3394 sunt
2610 3340 2819 3392 veritati
2839 3350 2892 3393 et
2912 3341 3105 3403 Verbo,
3130 3351 3400 3408 potestate

1823 3447 1983 3501 quam
2020 3433 2228 3501 accepit
2260 3433 2399 3486 sicut
2430 3431 2482 3484 in
2514 3432 2650 3485 cmlo
2678 3440 2731 3484 et
2766 3414 2816 3497 in
2853 3441 3019 3494 terra,
3049 3433 3136 3484 illa
3170 3431 3390 3488 ad-feli-

1821 3527 2099 3580 cissimum
2134 3526 2293 3578 tinem
2339 3524 2597 3592 perducat
2622 3539 2808 3577 eorum
2841 3525 2929 3591 qui
2969 3525 3019 3577 in
3058 3525 3176 3590 ejus
3230 3535 3387 3593 pote-

1821 3624 1961 3668 state
2011 3627 2152 3668 sunt.
2185 3617 2259 3668 «At
2310 3616 2398 3682 qui
2439 3613 2782 3668 Servatorem
2817 3615 2992 3682 ipsum
3037 3614 3230 3667 ccelum
3271 3629 3391 3671 esse

1821 3707 1957 3770 vult,
1990 3716 2188 3758 terram
2216 3716 2394 3759 autem
2421 3704 2739 3769 Ecclesiam,
2773 3705 3188 3773 primogenitutn
3213 3705 3393 3757 omnis

1819 3807 2081 3848 creatura:
2108 3796 2160 3849 in
2187 3811 2292 3863 quo
2317 3796 2482 3848 veluti
2513 3795 2652 3849 solio
2680 3795 2975 3862 requiescit
2995 3793 3174 3856 Pater,
3205 3793 3392 3846 dicens

1817 3884 1979 3954 242
2008 3900 2128 3938 esse
2154 3887 2373 3948 ctelum,
2407 3893 2620 3945 asset-et
2651 3884 2924 3936 hominem
2952 3899 3107 3950 quem
3139 3881 3390 3935 induerat

1817 3988 2066 4029 Ornatum
2093 3978 2209 4045 ejus
2242 3979 2510 4038 potentia,
2553 3960 2621 4028 eo.
2657 3976 2799 4043 quod
2842 3973 3145 4027 humiliarit
3190 3980 3391 4024 semct-

1817 4063 1991 4132 ipsum
2028 4075 2083 4116 et
2110 4066 2283 4118 factus
2311 4065 2381 4118 sit
2410 4063 2669 4118 obediens
2692 4077 2859 4128 usque
2893 4063 2958 4114 ad
2991 4072 3238 4122 mortem,
3267 4069 3390 4129 post.

1815 4154 2272 4206 resurrectionem
2314 4153 2496 4207 dicere
2532 4166 2545 4204 :
2589 4151 2722 4202 Data
2754 4160 2828 4202 est
2861 4152 2988 4202 mihi
3027 4150 3197 4201 cumis
3239 4157 3389 4214 pote-

1813 4254 1922 4299 stas
1958 4247 2090 4297 sicut
2118 4245 2171 4298 in
2211 4245 2336 4297 caelo
2360 4246 2487 4297 etin
2519 4255 2660 4297 terra
2686 4245 2765 4307 28;
2802 4257 2922 4295 cum
2973 4243 3241 4308 acceperit
3290 4241 3385 4308 qui

1817 4335 1869 4385 in
1913 4334 2195 4395 Salvatore
2235 4346 2318 4388 est
2362 4338 2520 4388 homo
2552 4345 2872 4401 potestatein
2917 4332 3217 4385 caelestium
3262 4346 3387 4398 quas

1817 4422 2136 4491 Unigenitus
2163 4425 2345 4486 habet,
2383 4435 2441 4484 ut
2471 4427 2518 4477 ei
2555 4428 2939 4488 communicet,
2970 4425 3084 4492 ejus
3107 4425 3381 4478 divinitati

109 4498 380 4561 θανάτου,
407 4498 587 4568 λέγειν
615 4504 753 4571 μετὰ
777 4507 876 4576 τὴν
907 4500 1198 4562 ἀνάστασιν
1226 4510 1306 4562 τό·
1350 4512 1559 4580 Ἐδόθη
1600 4533 1702 4582 μοι

1826 4514 2092 4578 tdmistus,
2122 4516 2278 4581 eique
2305 4516 2503 4569 unitus.
2535 4516 2704 4569 Porro
2745 4519 2800 4571 in
2840 4519 3082 4572 secunda
3130 4517 3383 4584 opinione

119 4589 589 4656 κᾶσαὲξουσία,
618 4595 694 4659 ὡς
726 4596 796 4648 ἐν
826 4600 1080 4664 οὐρανῷ,
1115 4601 1211 4653 καὶ
1236 4601 1334 4652 ἐπὶ
1361 4601 1490 4669 γῆς’
1519 4603 1707 4656 λαϐόν-

126 4696 211 4742 τος
227 4681 332 4733 τοῦ
354 4682 498 4735 κατὰ
525 4682 614 4735 τὸν
634 4685 859 4755 Σωτῆρα
883 4687 1170 4759 ἀνθρώπου
1202 4692 1297 4760 τὴν
1328 4686 1573 4755 ἐξουσίαν
1594 4695 1703 4746 τῶν

128 4770 180 4823 ἐν
211 4769 450 4842 οὐρανῷ,
479 4767 588 4825 οἷον
606 4773 712 4826 τῶν
738 4777 1152 4846 ἐνυπαρχόντων
1173 4781 1250 4850 τῷ
1275 4783 1586 4849 Μονογενεῖ,
1616 4784 1702 4838 ἵνα

191 4906 236 4936 ’⁸
275 4907 296 4960 1
335 4907 467 4962 Cor.
508 4924 594 4976 vn,
647 4885 734 4964 ΓΙ.
811 4913 855 4942 ’⁷
891 4891 1079 4966 Matth.
1131 4930 1339 4980 xxvm,
1398 4919 1481 4972 18.
1569 4925 1770 4980 "Ibid.

190 5061 304 5201 (82)
331 5064 522 5118 Codex
565 5083 691 5133 ms.,
721 5069 786 5120 δι’
814 5069 866 5122 ἆ.
896 5069 1071 5123 Editio
1100 5069 1326 5135 Oxon..,
1359 5071 1447 5124 διὰ
1467 5074 1520 5126 ἃ.

192 5131 283 5197 (85
338 5133 529 5188 Codex
557 5153 684 5201 ms.,
716 5138 1036 5201 λεληθότως.
1068 5140 1210 5195 Edit.
1249 5140 1450 5201 Oxon.,
1482 5140 1520 5192 λι

192 5141 226 5197 u

121 5215 226 5264 τις.

191 5269 318 5351 (ξι)
340 5269 450 5322 Διὰ
469 5271 550 5351 τὰ
579 5274 866 5340 ήττῶντα,
895 5286 1006 5351 etc.
1031 5275 1452 5351 [ientleiuslegit
1480 5298 1490 5330 :
1523 5278 1611 5330 διὰ
1640 5279 1700 5351 τὸ

124 5339 387 5409 ἡττῆσθαι
429 5340 536 5391 τῶν
568 5339 959 5412 πνευματικῶν
996 5347 1092 5416 τῆς
1129 5339 1399 5416 πονηρίας
1429 5347 1596 5401 ὄντων
1641 5350 1700 5400 ἐν

124 5411 229 5470 τοῖς
254 5409 621 5470 ἐπουρανίοις.

123 5421 229 5471 τοις
254 5421 621 5477 ἐπουρανίοις.

153 5476 302 5549 _(85)
341 5478 524 5549 Codex
555 5493 656 5549 ms.
685 5477 858 5543 οὕτως
883 5481 1033 5548 ἄξιος
1058 5481 1259 5549 θρόνος.
1287 5481 1462 5536 Editio
1490 5483 1692 5547 Oxon.,

123 5543 258 5617 οὕτω
285 5543 588 5617 (οὐράνιος)
615 5545 821 5617 θρόνος.

191 5614 306 5736 (ἐξ)
327 5614 701 5668 κωλύεσθαι.
747 5616 892 5688 Lego
914 5656 932 5684 ,
971 5614 1259 5675 κολλᾶσθαι
1291 5616 1471 5686 αὐτῷ,
1507 5619 1600 5672 καὶ
1638 5618 1695 5671 ἐν

191 5701 212 5733 ν
312 5702 391 5737 αι.

123 5697 517 5876 ἷῖἓὲἓὲιᾶει
542 5768 676 5818 ms.,
706 5752 782 5818 ὡς
808 5754 1141 5824 τετέλεσται,
1162 5757 1293 5812 edit.
1329 5755 1529 5823 Oxon.,
1553 5754 1694 5810 ὥστε

1809 4615 1934 4657 cum
1970 4607 2205 4657 nondum
2232 4610 2402 4660 soluta
2437 4608 2505 4659 sit
2530 4609 2778 4675 quaestio,
2825 4609 3092 4676 quomodo
3133 4602 3383 4662 voluntas

1813 4693 1908 4747 Dei
1937 4694 1994 4747 iit
2027 4695 2078 4746 in
2110 4697 2265 4760 caelo,
2302 4712 2421 4749 eum
2456 4700 2756 4766 spiritualia
2796 4701 3051 4768 nequitiae
3093 4715 3212 4766 qua:
3255 4707 3382 4751 sunt

1764 4813 1767 4818 ~
1809 4783 1862 4838 in
1892 4785 2226 4847 cmlestibus.
2256 4789 2322 4841 iis
2356 4790 2445 4855 qui
2489 4801 2613 4844 sunt
2655 4793 2708 4844 in
2761 4802 2927 4856 terra,
2956 4790 3318 4843 culluclentur
3358 4807 3376 4843 :

1874 5074 1982 5145 (88)
2012 5073 2188 5128 Codex
2218 5088 2340 5138 ms.,
2372 5075 2768 5145 παραθήσεται.
2795 5077 2939 5132 Edit.
2972 5077 3170 5145 Oxon.,
3199 5100 3381 5153 παρα·-

338 5133 529 5188 Codex
557 5153 684 5201 ms.,
716 5138 1036 5209 λεληθότως.
1068 5140 1210 5195 Edit.
1249 5133 1450 5206 0xon.,
1482 5140 1702 5211 λεληθό-
1800 5133 2050 5214 θήσηται.

1871 5209 2515 5297 (89)[(ξοξιὶιςιιηεὺἐχων.
2550 5213 2694 5297 Ειίὶὶι,
2724 5214 2928 5297 ριορη
2969 5217 3135 5297 ἔχειν.
3173 5218 3371 5297 ibidem

1799 5278 2074 5363 Bentleius
2105 5280 2264 5363 legit,
2300 5278 2546 5363 ἐξουσίαν
2584 5283 2680 5363 τὴν
2720 5285 2776 5363 ἐν
2809 5278 3088 5363 οὐρανῷ...
3128 5286 3230 5363 ’τὴν
3266 5290 3372 5363 ἐπὶ

1797 5351 1920 5424 γῆς,
1955 5351 2032 5424 vel
2061 5350 2386 5424 utrobique,
2433 5350 2681 5415 ἐξουσίαν
2710 5355 2807 5422 τὴν
2840 5350 2947 5405 τῶν
2988 5350 3046 5406 ἐν
3089 5350 3367 5424 οὐρανῷ...

1796 5415 1893 5489 τὴν
1920 5417 2024 5489 τῶν
2057 5415 2148 5468 ἐπὶ
2181 5415 2299 5489 γῇς.

1866 5486 1977 5563 (90)
2003 5485 2520 5552 Κατορθουμένων.
2555 5488 2698 5558 Lego
2736 5506 2856 5543 cum
2884 5491 3143 5557 Bentleio,
3164 5507 3369 5563 κατορ-

1794 5553 1886 5606 θού
1896 5553 2050 5624 μενα.

1867 5613 1948 5688 (91
2009 5625 2126 5690 Τὴν
2159 5613 2468 5684 ἐξουσίαν.
2511 5625 2672 5694 Lego,
2708 5627 2772 5695 τῇ
2808 5626 2988 5691 ἐξουσί
3035 5665 3046 5678 .

1869 5624 1980 5760 (92)
2020 5693 2248 5760 Εὑρεῖν,
2282 5701 2386 5752 etc.
2419 5690 2563 5760 Lego
2602 5711 2726 5748 cutn
2757 5698 2966 5755 eodem,
2993 5643 3046 5760 ἵε

1869 5690 1980 5760 (92)
2020 5693 2252 5766 (sepem,
2282 5701 2386 5752 etc.
2419 5690 2563 5766 Lego
2589 5690 2726 5766 'cum
2747 5690 2966 5766 'eotlem,
3000 5690 3233 5766 ἐρεῖτον(
3270 5696 3364 5751 ἄν·

1795 5758 2009 5830 θρωπον
2035 5758 2412 5825 ὃνένεδύσατο,
2433 5758 2776 5818 οἰκειωθέντα
2801 5763 3005 5817 ἐκείνου
3028 5758 3091 5834 τῇ
3113 5764 3357 5834 δυνάμει.
