4080 6306
626 423 739 479 81:5

2078 464 2079 467 η
2106 409 2431 466 ORIGENIS

3796 403 3902 458 504

624 536 753 591 hinc
782 532 870 585 illa
906 531 982 583 sic
1018 528 1215 598 poterit
1244 526 1444 581 resolvi
1480 544 1494 578 :
1524 527 1668 581 sicut
1714 524 1819 578 non
1862 536 2085 593 propter
2129 526 2207 579 lo-

2320 524 2467 601 αὐτῷ
2491 526 2743 594 κοινωνῇ,
2772 522 3203 595 ἀνακιρνάμενος
3228 522 3345 591 (95)
3376 521 3586 575 ἐκείνου
3610 522 3677 589 τῇ
3711 518 3908 589 Osan-

626 637 775 685 cum,
811 621 905 675 sed
940 630 1161 689 propter
1187 617 1441 673 allectum
1471 622 1515 672 ts
1538 618 1631 686 qui
1662 604 1837 671 adhuc
1879 626 1965 669 est
2002 618 2054 669 in
2097 626 2209 670 ter-

626 726 711 777 ra,
739 710 831 764 sed
859 709 1330 763 conversationem
1362 708 1523 763 habet
1550 706 1603 760 in
1652 706 1809 761 caelis
1844 716 1900 761 et
1936 708 2209 762 thesauri.

626 809 716 855 sat
744 800 798 853 in
833 799 968 851 cutio
996 813 1091 851 cor
1117 798 1324 852 habens
1354 799 1405 850 in
1439 798 1601 860 caelo,
1630 793 2036 866 im’aginemque
2084 813 2211 865 por-

628 900 704 944 tat
734 890 1028 952 leestis,
1071 905 1179 957 non
1221 888 1456 958 amplius
1490 889 1557 942 de
1616 897 1759 941 terra
1808 896 1891 940 est
1934 902 2111 957 neque
2145 890 2213 941 de

625 981 827 1032 mundo
854 979 1122 1044 inferiori,
1156 980 1249 1032 sed
1279 982 1349 1032 de
1376 980 1520 1031 ccelo
1548 986 1604 1031 et
1635 977 1861 1031 meliore
1896 992 2063 1046 quam
2108 977 2213 1031 iste

626 1081 731 1134 est,
756 1069 963 1124 caelesti
996 1068 1216 1133 mundo;
1248 1069 1326 1122 sic
1357 1068 1447 1121 illa
1480 1082 1601 1135 quae
1629 1066 1682 1118 in
1711 1068 1865 1122 ctelis
1888 1070 2066 1123 adhuc
2089 1084 2215 1123 ver-

629 1168 819 1212 Santur
846 1157 1148 1223 Spiritualia
1176 1157 1461 1223 nequitiae,
1494 1172 1615 1212 cum
1651 1160 1703 1210 in
1735 1168 1884 1212 terra
1916 1174 2214 1213 conversa-

629 1249 830 1301 tionem
857 1248 1116 1312 habeant,
1146 1247 1492 1307 eolluctando
1525 1246 1852 1303 insidientur
1876 1250 2211 1313 hominibus,

630 1338 1000 1394 thesaurizent
1037 1337 1090 1389 in
1124 1344 1267 1389 terra
1309 1348 1639 1404 portentqne
1672 1340 1968 1407 imaginem
2004 1341 2210 1395 terreni

629 1430 720 1496 qui
751 1438 825 1481 est
852 1428 1166 1505 principium
1200 1429 1538 1496 formationis
1570 1428 1804 1494 Domini,
1838 1430 2018 1496 facta,
2049 1441 2104 1484 ut
2142 1431 2212 1483 il-

631 1520 848 1572 ludatur
875 1519 943 1571 ab
972 1521 1173 1587 angelis
1223 1521 1306 1585 ’³,
1356 1536 1462 1573 non
1506 1529 1632 1574 sunt
1684 1522 1930 1576 cmlestia
1963 1561 1979 1585 ,
2038 1538 2215 1591 neque

630 1616 850 1677 propter
883 1602 1136 1663 allectum
1178 1623 1403 1674 pravum
1456 1608 1508 1661 in
1560 1610 1715 1663 caelis
1763 1610 2035 1664 habitant.
2075 1609 2211 1664 Cum

630 1714 759 1766 ergo
784 1698 985 1751 dicitur
1022 1715 1035 1748 :
1066 1695 1193 1748 Fiat
1228 1697 1470 1750 voluntas
1496 1708 1589 1750 tua
1623 1700 1759 1752 sicut
1797 1700 1852 1753 in
1888 1699 2018 1753 calo
2062 1708 2111 1751 et
2157 1699 2211 1751 in

632 1798 798 1849 terra,
833 1805 897 1842 ne
927 1804 1049 1843 esse
1077 1788 1295 1854 quidem
1326 1788 1401 1840 illi
1438 1790 1487 1842 in
1515 1790 1655 1844 coelo
1691 1790 1915 1859 putandi
1963 1798 2090 1844 sunt
2117 1791 2209 1857 qui

631 1881 796 1933 auitni
821 1862 1184 1947 propensione
1208 1894 1330 1932 cum
1360 1880 1448 1933 illo
1472 1882 1562 1949 qui
1592 1880 1794 1935 cecidit
1822 1880 1889 1935 de
1908 1880 2049 1935 coelo
2073 1882 2219 1935 sicut

630 1971 813 2039 fulgur
853 1970 1190 2024 ceciderunt.
1228 1969 1394 2023 Forte
1441 1973 1607 2024 etiam
1655 1986 1778 2023 cum
1821 1971 2092 2024 orandum
2141 1970 2218 2023 ait

633 2060 899 2116 Servatur
918 2072 1127 2126 noster,
1151 2071 1209 2114 ut
1233 2061 1414 2115 Patris
1438 2061 1687 2115 voluntas
1713 2060 1805 2115 liat
1828 2062 1969 2115 sicut
1993 2061 2045 2114 in
2078 2060 2216 2114 caelo

630 2153 710 2207 sic
731 2161 783 2205 et
814 2154 864 2204 in
889 2161 1056 2213 terra,
1084 2168 1187 2205 non
1214 2152 1437 2227 omnino
1460 2153 1525 2205 de
1550 2152 1632 2204 his
1655 2151 1746 2218 qui
1775 2152 1827 2204 in
1855 2158 2073 2204 terreno
2097 2151 2217 2207 loco

630 2252 777 2306 sunt,
816 2243 927 2296 lteri
953 2241 1108 2309 jubet
1143 2258 1352 2311 preces,
1387 2252 1446 2296 ut
1479 2244 1559 2297 eis
1603 2243 1813 2296 similes
1846 2240 1979 2293 [iant
2026 2241 2120 2309 qui
2158 2240 2214 2294 in

629 2334 837 2389 cwlesti
885 2324 1009 2387 sunt
1051 2334 1205 2400 loco;
1249 2334 1344 2389 sed
1377 2348 1439 2387 ea
1481 2343 1667 2388 mente
1709 2331 2017 2385 orationem
2069 2330 2214 2385 illam

629 2425 892 2493 prtecipit,
927 2434 985 2477 ut
1016 2426 1199 2477 omnia
1228 2439 1347 2493 qua:
1381 2424 1433 2475 in
1475 2434 1619 2475 terra
1652 2431 1803 2485 sunt,
1834 2422 1940 2475 hoc
1965 2428 2048 2473 est
2095 2436 2216 2488 qua:

628 2514 903 2567 deteriora
934 2524 988 2567 et
1020 2516 1193 2581 magis
1232 2513 1464 2567 terrenis
1491 2502 1694 2578 atiinia,
1730 2508 2052 2568 melioribus
2080 2516 2216 2567 assi-

630 2604 891 2657 lnilentur
920 2617 1040 2670 quae
1072 2604 1273 2656 habent
1320 2604 1795 2657 conversationem
1835 2604 1885 2657 in
1925 2590 2081 2659 caelis
2108 2644 2124 2668 ,
2160 2614 2216 2658 et

630 2694 815 2747 omnia
850 2693 1046 2746 crelnm
1081 2693 1236 2747 liant.
1274 2692 1535 2747 Peccator
1561 2698 1707 2747 enim
1739 2695 2048 2764 ubicunque
2091 2708 2215 2750 tan-

631 2780 754 2832 dem
794 2780 887 2844 sit,
924 2790 1064 2833 terra
1093 2790 1197 2843 est,
1229 2782 1279 2833 in
1305 2793 1593 2849 cognatam
1626 2792 1851 2849 terram,
1897 2787 2000 2841 nisi
2030 2787 2215 2855 pinni-

634 2870 1472 2949 teat,aiiquandudissolvendus;
1498 2876 1589 2943 qui
1612 2891 1737 2929 vero
1762 2864 1854 2929 Dei
1882 2879 2213 2933 voluntatem

631 2960 781 3024 facit,
821 2974 919 3014 nec
944 2960 1210 3016 salutares
1247 2964 1363 3031 ejus
1408 2965 1726 3031 spiritualcs
1772 2968 1918 3037 leges
1968 2971 2215 3040 ttegligit,

632 3048 830 3101 coelum
855 3058 957 3103 est.
981 3048 1108 3104 Sive
1134 3050 1298 3120 igitur
1320 3052 1494 3105 adhuc
1524 3062 1665 3105 terra
1688 3070 1783 3121 per
1808 3068 2092 3123 peccatum
2123 3075 2214 3112 su-

2310 632 2386 677 τι,
2416 616 2511 667 καὶ
2536 616 2822 685 ἑνούμενος
2848 614 3013 683 αὐτῷ.
3039 612 3386 685 Μὴ³λύοντος
3408 611 3464 665 δέ
3484 628 3573 663 πω
3597 610 3693 662 τοῦ
3712 610 3907 662 δευτέ-

2317 724 2410 777 ρου
2442 706 2511 758 τὰ
2533 706 2859 777 ὴπορημὲνα
2888 706 3017 775 περὶ
3043 704 3158 768 τοῦ,
3187 704 3305 767 πῶς
3323 704 3386 757 τὸ
3402 700 3734 779 θέλημαιτοῦ
3762 699 3907 760 Θεου

2313 800 2462 850 ἐστιν
2487 797 2546 848 ἐν
2578 794 2815 865 οὐρανῷ,
2839 794 2950 847 τῶν
2977 798 3035 847 ἐν
3055 796 3169 856 τοῖς
3211 793 3553 864 ἐπουρανίοις
3599 788 3906 862 πνευματιο

2313 886 2427 938 κῶν
2456 885 2555 955 τῆς
2587 885 2852 955 πονηρίας
2876 883 3330 945 ἀντιπαλαιόντων
3360 885 3473 946 τοῖς
3497 883 3591 934 ἐπει
3608 883 3736 952 γῆς,
3760 883 3909 934 ἐκεῖ-

2315 973 2406 1027 θεν
2435 974 2651 1026 ἐνέσται
2678 974 2823 1027 λύειν
2848 973 3024 1037 οὕτως
3043 973 3105 1026 τὸ
3134 972 3485 1043 ζητούμενονι
3518 971 3821 1042 δτιρῶσπερ
3840 971 3903 1024 οὐ

2312 1062 2402 1119 διὰ
2429 1064 2522 1119 τὸν
2552 1066 2739 1129 τόπον,
2768 1064 2903 1117 ἀλλὰ
2934 1064 3023 1118 διὰ
3040 1065 3139 1135 τὴν
3165 1065 3503 1135 προαίρεσιν,
3536 1065 3567 1115 ό
3602 1062 3683 1114 ἔτι
3708 1063 3789 1114 ὢν
3809 1064 3906 1115 ἐπὶ

2313 1155 2439 1224 γῆς,
2468 1155 2775 1224 πολίτευμα
2802 1155 2940 1225 ἔχων
2978 1157 3036 1209 ἐν
3063 1152 3332 1227 οὐρανοῖς,
3355 1155 3449 1207 καὶ
3475 1154 3824 1224 θησαυρίζων
3846 1155 3908 1205 ἐν

2312 1244 2550 1317 οὐρανῷ,
2582 1246 2681 1316 τὴν
2705 1234 2933 1318 καρδίαν
2964 1247 3103 1316 ἔχων
3126 1249 3184 1300 ἐν
3207 1244 3443 1316 οὐρανῷ,
3467 1244 3567 1316 τὴν
3598 1246 3786 1297 εἰκόνα
3809 1243 3907 1297 τοῦ

2328 1338 2685 1407 Ἐπουρανίου
2718 1337 2920 1408 φορῶν,
2952 1338 3137 1391 οὐκέτι
3170 1337 3317 1389 ἐστὶν
3359 1338 3425 1389 ἐκ
3461 1336 3562 1405 τῆς
3604 1335 3709 1405 γῆς
3730 1377 3747 1400 ,
3780 1334 3908 1387 οὐδὲ

2314 1428 2410 1481 τοῦ
2441 1429 2593 1482 κάτω
2615 1429 2841 1499 κόσμου,
2869 1428 2984 1483 ἀλλ’
3016 1431 3082 1482 ἐκ
3106 1427 3199 1481 τοῦ
3221 1426 3452 1498 οὐρανοῦ
3477 1428 3570 1480 καὶ
3592 1426 3689 1479 τοῦ
3717 1428 3911 1497 κρείττ-

2314 1538 2466 1583 τονος
2502 1520 2695 1575 τούτου
2734 1520 2985 1591 οὐρανίου
3029 1519 3252 1589 κόσμου’
3285 1517 3459 1581 οὕτως
3486 1518 3578 1570 καὶ
3610 1513 3693 1569 τὰ
3725 1517 3810 1596 ἔτι
3845 1519 3910 1568 ἐν

2315 1616 2429 1676 τοῖς
2466 1612 2740 1683 οὐρανίοις
2766 1610 2875 1683 (94)
2897 1610 3237 1682 δωτρίὸοντα
3276 1608 3621 1679 πνευματικά
3659 1609 3763 1677 τῆς
3800 1624 3910 1660 πο-

2316 1704 2529 1775 νηρίας,
2552 1704 2614 1757 τὸ
2634 1703 2932 1773 πολίτευμα
2963 1702 3154 1772 ἔχοντα
3178 1702 3272 1752 ἐπὶ
3296 1700 3421 1771 γῆς,
3457 1701 3551 1754 καὶ
3578 1700 3645 1752 δι’
3693 1694 3771 1752 ὧν
3803 1700 3911 1751 ἀν-

2316 1793 2594 1847 τιπαλαίει
2617 1792 3033 1847 ἐπιϐουλεύοντα
3055 1790 3363 1863 ἀνθρώποις
3388 1791 3785 1865 θησαυρίζοντα
3809 1789 3913 1842 ἐπὶ

2320 1886 2443 1955 γῆς,
2475 1886 2661 1938 εἰκόνα
2701 1885 2794 1938 τοῦ
2831 1881 3016 1955 χοϊκοῦ
3044 1882 3334 1953 φοροῦντα,
3371 1884 3519 1961 ὅστις
3542 1883 3715 1937 ἐστὶν
3738 1881 3910 1949 ἀρχή

2320 1974 2678 2044 πλάσματος
2720 1976 2942 2043 Κυρίου
2961 2014 2977 2039 ,
3040 1973 3444 2043 πεποιημένου
3486 1973 3911 2042 Maenala:-

2319 2069 2460 2119 σθαι
2488 2066 2594 2119 ὑπὸ
2617 2065 2727 2117 τῶν
2753 2064 3018 2132 ἀγγέλων,
3046 2063 3147 2115 οὐκ
3178 2062 3325 2117 ἐστιν
3354 2064 3669 2135 ἐπουράνια,
3696 2063 3819 2116 οὐδὲ
3845 2065 3913 2116 ὲν

2316 2159 2431 2220 τοῖς
2460 2158 2711 2228 οὐρανοῖς
2734 2155 2822 2208 διὰ
2842 2154 2939 2224 τὴν
2968 2155 3247 2226 μοχθηρὰν
3275 2154 3514 2208 διάθεσιν
3537 2156 3691 2217 οἰκεῖ.
3731 2151 3911 2207 Ἐπὰν

2316 2246 2410 2304 οὖν
2432 2248 2682 2319 λέγηται,
2716 2245 3032 2313 Γενηθήτω
3064 2246 3131 2298 τὸ
3159 2245 3391 2323 θέλημά
3422 2259 3561 2325 σου,
3586 2245 3665 2309 ὡς
3696 2244 3769 2296 ἐν
3799 2247 3913 2297 οὐ-

2309 2339 2499 2410 ρανῷ,
2540 2338 2639 2392 καὶ
2674 2338 2775 2395 ἐπὶ.
2792 2335 2933 2405 γῆς,
2979 2336 3220 2398 ἐκείνους
3255 2336 3380 2388 οὐδὲ
3404 2337 3462 2388 ἐν
3496 2332 3719 2405 οὐρανῷ
3762 2330 3912 2388 εἶναι

2316 2428 2616 2497 λογιστέον,
2651 2426 2728 2496 τῷ
2760 2427 3066 2497 φρονήματι
3098 2424 3237 2494 μετὰ
3279 2424 3373 2477 τοῦ
3417 2424 3674 2485 πεσόντος
3716 2423 3776 2488 ἐξ
3815 2425 3915 2476 οὐ-

2319 2520 2481 2591 ρανοῦ
2503 2520 2660 2589 δίκην
2688 2516 2977 2587 ἀστραπῆς
2998 2516 3377 2577 πεπτωκότας.
3408 2516 3517 2567 Καὶ
3543 2514 3682 2583 τάχα
3725 2515 3911 2582 λέγων

2316 2609 2428 2662 δεῖν
2458 2609 2569 2679 (95)
2602 2607 2855 2677 εὖχεσθαι
2879 2608 2907 2659 ὁ
2937 2607 3125 2677 Σωτὴρ
3149 2606 3327 2677 ημῷν,
3362 2606 3450 2657 ἴνα
3474 2605 3699 2674 γένηται
3727 2605 3790 2656 τὸ
3822 2606 3913 2657 θέ-

2315 2699 2467 2768 λημα
2492 2698 2585 2751 τοῦ
2613 2698 2845 2767 Πατρὸς,
2871 2698 2947 2760 ὡς
2976 2701 3036 2751 ἐν
3066 2698 3301 2769 οὐρανῷ,
3337 2695 3507 2758 οὕτως
3531 2696 3623 2747 καὶ
3653 2694 3910 2773 ἐπξγῆς,
3997 2769 4003 2773 ρ

2314 2789 2377 2842 οὐ
2400 2788 2623 2850 πάντως
2641 2788 2769 2856 περὶ
2789 2786 2898 2839 τῶν
2916 2788 2974 2861 ἐν
3002 2787 3152 2856 τόπῳ
3172 2788 3270 2856 τῆς
3294 2786 3409 2854 γῆς.
3426 2783 3636 2839 κελεύει
3661 2785 3912 2852 γίνεσθαι

2315 2878 2415 2940 τὰς
2429 2878 2616 2947 εὐχὰς,
2634 2878 2778 2939 ὅπως
2792 2879 2821 2929 ὁ
2830 2877 3101 2947 μοιωθῶσι
3116 2879 3225 2937 τοῖς
3244 2879 3301 2928 ἐν
3314 2877 3463 2943 τόπῳ
3480 2872 3631 2927 οὖσιν
3646 2877 3708 2927 οὐ
3716 2876 3907 2945 pavim-

2316 2962 2429 3016 ἀλλ’
2443 2962 2590 3015 ἔστιν
2608 2962 2753 3032 αὐτῷ
2769 2966 2802 3033 ἡ
2822 2964 3113 3034 πρόσταξις
3127 2962 3225 3032 τῆς
3240 2962 3423 3031 εὐχῆς,
3442 2962 3750 3033 βουλομένῳ
3766 2965 3915 3033 ὁμοι-

2316 3052 2525 3122 ωθῆναι
2567 3052 2743 3105 πάντα
2758 3054 2827 3104 τὰ
2843 3054 2936 3113 ἐπὶ
2953 3052 3078 3121 γῆς,
3099 3052 3342 3105 τουτέστι
3358 3052 3427 3103 τὰ
3446 3052 3663 3122 χείρονα
3690 3055 3786 3106 καὶ
3799 3057 3915 3115 τοῖς

634 3156 777 3205 mus,
808 3155 1029 3195 oremus
1052 3142 1106 3193 iu
1140 3158 1239 3196 nos
1261 3144 1425 3197 etiam
1455 3146 1532 3199 sic
1561 3146 1627 3199 ad
1650 3148 2091 3201 emendationem
2117 3163 2216 3202 no-

2320 3144 2528 3210 γηῖνοις
2538 3142 2865 3211 ῷκειωμένα
2873 3146 2984 3205 τοῖς
3000 3142 3271 3212 κρείττοσι
3295 3142 3390 3195 καὶ
3402 3144 3656 3211 ἐχουσικτδ
3669 3145 3915 3195 πολίτευο

633 3242 800 3286 stram
824 3234 1041 3286 extendi
1062 3234 1395 3287 voluntatem
1417 3236 1677 3301 divinam,
1704 3239 1848 3292 sicut
1871 3240 1935 3291 ad
1965 3240 2215 3307 illosjam

635 3322 852 3389 penigit
885 3323 976 3389 qui
1018 3332 1145 3374 ante
1175 3338 1275 3379 nos
1315 3325 1511 3383 emtum
1561 3325 1689 3380 facti
1735 3337 1899 3394 sunt,
1944 3341 2040 3385 aut
2092 3343 2219 3387 sunt.

634 3408 797 3478 243
831 3411 1027 3464 coelum
1065 3433 1075 3466 :
1109 3412 1225 3467 sive
1274 3428 1382 3466 non
1433 3423 1600 3478 terra,
1634 3419 1731 3468 scd
1781 3418 1979 3471 coelum
2027 3422 2140 3489 jam
2181 3410 2227 3476 τι

639 3498 748 3550 Deo
788 3499 1018 3567 reputati
1056 3514 1271 3563 sumus,
1301 3516 1587 3569 precemur
1620 3504 1761 3557 sicut
1802 3506 1853 3557 in
1881 3508 2021 3561 cmlo
2052 3509 2223 3565 sic‘et

639 3589 693 3640 in
732 3598 901 3651 terra,
934 3591 1037 3644 hoc
1062 3601 1146 3645 est
1179 3592 1231 3644 in
1261 3592 1622 3648 deterioribus
1651 3594 1968 3651 hominibus
2002 3598 2218 3667 impleri

638 3679 975 3733 voluntatem
1002 3682 1117 3744 Dei,
1157 3692 1382 3737 utterra
1422 3684 1513 3738 illa
1551 3685 1776 3748 cadum,
1807 3698 1865 3740 ut
1898 3688 1989 3741 ita
2016 3689 2215 3754 dicam,

638 3770 751 3834 tiat;
776 3772 845 3823 ita
885 3780 1065 3824 utnon
1087 3773 1408 3843 sitantplius
1437 3791 1668 3844 usquam
1706 3786 1872 3841 terra,
1904 3779 1999 3831 sed
2033 3780 2218 3835 omnia

637 3862 1238 3917 ctelutntiattt.Siertint
1265 3867 1404 3920 sicut
1427 3868 1479 3920 in
1513 3867 1845 3935 cmlo,juxta
1875 3873 2018 3924 hanc
2054 3872 2222 3923 inter-

640 3939 1030 4021 pretationem,
1057 3955 1136 4007 sic
1169 3966 1224 4011 et
1264 3959 1314 4010 in
1349 3966 1492 4012 terra
1524 3961 1616 4012 tiat
1641 3960 1893 4012 voluntas
1925 3959 2040 4022 Dei,
2075 3971 2221 4012 terra

643 4060 748 4097 non
771 4045 1010 4097 manebit
1033 4046 1216 4110 terra;
1248 4057 1308 4100 ut
1340 4049 1383 4101 si
1418 4050 1523 4103 alio
1549 4064 1680 4105 usus
1712 4050 1962 4117 exetnplo
1981 4052 2223 4117 apertius

641 4134 873 4189 dicerem
894 4153 906 4186 :
928 4135 971 4187 si
990 4146 1046 4187 ut
1066 4135 1315 4191 voluntas
1337 4138 1429 4191 Dei
1453 4139 1595 4192 facta
1624 4148 1709 4191 est
1727 4141 1777 4191 in
1806 4140 2118 4193 hominibus
2134 4156 2227 4207 pu-

642 4223 801 4285 dicis,
834 4225 911 4275 sic
953 4224 1045 4274 ﬁat
1076 4226 1202 4277 etiu
1237 4226 1549 4293 impudicis,
1572 4227 2000 4295 intemperantes
2040 4229 2221 4294 pudici

642 4321 838 4377 erunt;
863 4321 955 4363 aut
978 4313 1021 4364 si
1048 4313 1191 4365 sicut
1212 4315 1351 4367 facta
1374 4328 1457 4367 est
1477 4316 1727 4367 voluntas
1748 4316 1839 4369 Dei
1865 4315 2119 4384 tnjustis,
2147 4317 2226 4370 sic

645 4400 743 4453 ﬁat
780 4402 833 4453 in
868 4400 1106 4469 injustis,
1148 4402 1334 4470 injusti
1367 4404 1499 4470 justi
1532 4412 1713 4456 erunt.-
1763 4403 1883 4458 ldeo
1920 4404 1964 4457 si
1996 4405 2139 4457 sicut
2163 4405 2225 4480 in

2322 3250 2401 3303 μα
2423 3235 2487 3286 ἐν’
2501 3234 2770 3304 οὐρανοῖς,
2806 3233 2943 3284 πᾶσι
2973 3232 3280 3301 γενομένοις
3307 3233 3541 3303 οὐρανῷ.
3591 3235 3650 3288 Ὅ
3674 3236 3775 3305 μὲν
3803 3226 3914 3305 γὰρ

2320 3324 2670 3393 ἁμαρτάνων,
2685 3326 2818 3377 ὅπου
2836 3324 2954 3375 ποτ’
2975 3322 3039 3374 ἄν
3054 3324 3200 3375 ἐστιν
3216 3322 3325 3392 (96)
3341 3326 3373 3393 ἡ
3398 3324 3489 3393 γῆ,
3514 3326 3595 3387 εἰς
3607 3325 3707 3395 τὴν
3726 3341 3909 3397 συγγε-

2318 3415 2408 3484 νῆ,
2428 3416 2523 3467 ἐὰν
2544 3416 2619 3485 μὴ
2638 3398 2892 3485 μετανοῇ,
2911 3416 3164 3489 ἐσόμενός
3181 3431 3276 3482 πη·
3291 3416 3319 3465 ὁ
3337 3416 3392 3467 δὲ
3414 3416 3579 3469 ποιῶν
3608 3417 3668 3467 τὸ
3697 3416 3914 3485 θέλημα

2317 3509 2409 3561 τοῦ
2433 3508 2592 3570 Θεοῦ,
2615 3508 2710 3560 καὶ
2831 3506 3161 3577 παρακούων
3179 3506 3289 3560 τῷν
3306 3508 3589 3577 σωτηρίων
3614 3525 3914 3577 πνευματι-

2319 3598 2431 3651 κῶν
2446 3600 2648 3668 νόμων,
2662 3594 2887 3668 οὐρᾴνός
2906 3598 3070 3648 ἐστιν.
3086 3597 3209 3648 Εἴτε
3222 3592 3315 3650 οὖν
3330 3599 3403 3666 γῆ
3417 3598 3497 3649 ἐτι
3518 3598 3687 3666 ἐσμὲν
3705 3598 3795 3650 διὰ
3811 3597 3913 3667 τὴν

2321 3691 2619 3761 ἁμαρτίαν,
2645 3688 2915 3763 εὐχόμεθα
2940 3686 3048 3756 (97)
3066 3688 3159 3740 καὶ
3181 3690 3265 3757 ἐφ’
3296 3690 3443 3759 ἡμᾶς
3463 3688 3605 3740 οὕτω
3620 3688 3679 3740 τὸ
3698 3689 3914 3757 θέλημα

2319 3779 2580 3832 διατεῖναι
2607 3766 2995 3848 διορθωτικῶς,
3023 3776 3212 3848 ὥσπερ
3235 3778 3473 3846 ἔφθακεν
3512 3780 3608 3833 ἐπὶ
3634 3781 3761 3841 τοὺς
3802 3779 3912 3849 πρὸ

2322 3870 2479 3941 ἡμῶν
2511 3870 2834 3938 γενομένους
2862 3870 3111 3939 οὐρανὸν,
3141 3870 3175 3940 ἢ
3210 3870 3371 3933 δντας
3395 3871 3643 3941 οὐρανόν·
3684 3870 3796 3921 εἴτε
3834 3871 3912 3939 μὴ

2322 3963 2418 4031 γῆ,
2450 3961 2564 4013 ἀλλ’
2599 3960 2825 4030 οὐρανὸς
2848 3962 2947 4031 ἤδη
2974 3961 3331 4031 λελογίσμεϐα
3369 3960 3447 4029 τῷ
3476 3958 3615 4028 Θεῷ,

2327 4070 2425 4121 μεν
2451 4052 2541 4102 ἶνα
2568 4052 2662 4102 καὶ
2687 4052 2779 4103 ἐπὶ
2814 4052 2915 4121 τῆς
2942 4054 3044 4122 γῆς
3063 4043 3265 4122 ὁμοίως
3291 4050 3370 4119 τῷ
3392 4049 3624 4120 οὐρανῷ,
3667 4043 3829 4119 λέγω
3851 4051 3931 4115 δὲ,

2325 4145 2417 4195 ἐπὶ
2459 4142 2567 4193 τῶν
2617 4144 2895 4213 χειρόνων,
2954 4136 3214 4213 πληρωοῇ
3271 4145 3333 4193 τὸ
3389 4138 3605 4210 Θέλημαε
3639 4126 3910 4216 τοῧθεοῦ

2325 4234 2405 4293 είς
2434 4231 2553 4301 τὴν,
2595 4232 2660 4282 ἵν’
2685 4231 2855 4296 οὓτως
2896 4234 3053 4295 εἴπω,
3087 4230 3505 4299 οὐρανοποίησιν
3528 4230 3733 4301 ἀὐτῆς,
3764 4232 3909 4295 ὥστε

2330 4321 2527 4391 μηκέτι
2558 4324 2686 4375 ποτὲ
2734 4320 2872 4378 εἶναι
2902 4326 3027 4393 γῆν,
3060 4323 3196 4375 ἀλλὰ
3231 4323 3406 4375 πάντα
3454 4324 3709 4391 γενέσθαι
3742 4326 3909 4396 οὐρα-
3940 4316 3945 4320 ’

2328 4412 2416 4463 νόν
2435 4428 2448 4440 ’
2470 4412 2567 4463 ἐὰν
2600 4413 2705 4483 γὰρ
2728 4414 2801 4475 ὡς
2817 4416 2874 4464 ἐν
2898 4411 3129 4483 οὐρανῷ,
3154 4412 3296 4464 κατὰ
3324 4412 3391 4465 τὰ
3419 4416 3831 4483 ἡρμηνευμένα,
3848 4418 3911 4469 τὸ

644 4490 785 4546 εωιο
832 4491 976 4545 facta
1012 4502 1095 4545 est
1127 4493 1375 4547 voluntas
1423 4494 1537 4560 Dei,
1590 4494 1685 4547 liat
1720 4504 1777 4549 et
1808 4495 1861 4547 in
1902 4504 2069 4560 terra,
2102 4496 2217 4549 eri-

2327 4500 2456 4571 ϐέλη
2465 4518 2539 4570 μα
2568 4502 2663 4553 τοῦ
2686 4503 2817 4556 Θεοῦ
2840 4503 2981 4555 οὓτω
3010 4501 3235 4570 γένηται
3261 4500 3371 4571 (98)
3398 4503 3493 4555 καὶ
3504 4503 3601 4555 ἐπὶ·
3621 4506 3747 4575 γῆς,
3779 4509 3813 4575 η
3837 4507 3911 4575 γῆ

723 4632 767 4663 ²⁹
802 4632 901 4688 Job
934 4649 1021 4698 χι,
1056 4633 1143 4687 14.

716 4774 826 4843 (95)
854 4774 1035 4848 codex
1060 4791 1164 4848 tns_.
1182 4786 1345 4848 recte,
1376 4778 1831 4848 ἀνακιρνάμενος.
1856 4776 2000 4831 Edit.
2021 4782 2223 4846 Oxon.,

650 4844 1301 4916 ἀνακρινάμενοςηΡιιιιΙΟ
1343 4858 1461 4913 pust
1497 4844 1817 4900 recte—idem
1867 4848 2036 4902 codex
2090 4844 2218 4916 ms.,

654 4911 727 4979 μὴ
752 4911 998 4985 Δλύοντός.
1034 4914 1173 4985 Edit.
1208 4911 1408 4985 onn.,
1445 4918 1518 4985 μὴ
1551 4915 1787 4978 λύοντες.

724 4979 833 5058 illi)
874 4983 1375 5058 Οὐριινίοιςηιλθεϐ
1414 4979 1537 5037 cum
1569 4985 1827 5047 Bentleio,
1844 4985 1925 5038 vel
1953 4986 2225 5058 οὐρανοῖς,

652 5048 734 5099 \‘cl
766 5050 1121 5115 ἐπουρανίοις.

723 5116 835 5185 (95)
862 5116 1157 5191 [iteite/11a
1186 5120 1379 5187 λέγων
1406 5121 1552 5183 δεῖν,
1593 5131 1699 5176 etc.
1751 5120 1903 5173 lianc
1936 5122 2230 5191 Origenia-

654 5200 797 5258 naut
826 5187 1243 5258 explicandum"
1280 5192 1534 5258 imitatus
1581 5191 1794 5241 \‘itlelut'
1831 5187 2135 5258 Cyprianus
2170 5197 2221 5248 ill

653 5254 836 5307 libello
874 5242 943 5303 De
975 5242 1229 5308 Oratione
1266 5257 1561 5320 Dominicu,
1600 5260 1683 5310 his
1714 5242 2144 5315 verbis':‘l’otest
2175 5276 2221 5316 et

650 5325 727 5374 sic
760 5322 1005 5394 intelligi,
1034 5322 1225 5388 fratres
1249 5327 1594 5390 dilectissimi,
1633 5339 1684 5378 ut
1712 5331 1961 5394 quoniam
2002 5334 2218 5383 mandat

650 5404 697 5442 et
738 5400 912 5443 mouet
947 5392 1203 5465 Dominus
1232 5398 1388 5446 etiam
1423 5397 1658 5448 inimicos
1684 5392 1922 5463 diligere,
1954 5412 1996 5450 et
2028 5416 2120 5465 pro
2153 5402 2218 5452 iis

649 5461 1083 5536 quoque'quinos
1115 5472 1514 5529 persequuntur,
1548 5482 1733 5529 orare,
1768 5461 2003 5532 petamus
2028 5461 2091 5520 ἐι
2120 5484 2215 5536 pro

623 5531 757 5580 —illts
789 5531 872 5595 qui
898 5532 1069 5581 adhuc
1095 5541 1234 5581 terra
1261 5542 1381 5583 sunt
1409 5544 1454 5581 et
1481 5536 1697 5585 necdum
1724 5536 1949 5588 cwlestes
1981 5552 2092 5587 esse
2114 5531 2216 5588 ca:-

649 5609 862 5670 perunt,
894 5607 955 5663 ιιι
979 5611 1026 5651 et
1059 5602 1199 5651 circa
1223 5602 1341 5651 illos
1364 5602 1598 5653 voluntas
1634 5602 1726 5653 Dei
1757 5607 1870 5669 fiat,
1892 5621 2048 5670 quam
2074 5606 2228 5656 Chri-

652 5676 764 5740 s_t_us
800 5669 1060 5740 hominem
1088 5671 1445 5740 accuservando
1466 5680 1511 5720 et
1546 5669 1955 5739 redintegrando
1985 5675 2225 5740 perfecit.

658 5733 793 5789 Nam
818 5734 955 5797 cum.
978 5738 1226 5807 discipuli
1256 5740 1319 5792 ab
1354 5754 1412 5791 eo
1446 5755 1547 5792 non
1570 5740 1687 5807 jam
1715 5733 1854 5795 terra
1878 5733 2225 5810 appellentur,

2330 4784 2421 4835 sed
2458 4781 2539 4835 sal
2567 4790 2743 4839 terrm,
2772 4788 2819 4831 et
2841 4777 3120 4843 Apostolus
3141 4778 3368 4844 primum
3396 4778 3658 4830 hominem
3681 4790 3822 4832 vocet
3845 4783 3909 4833 de

2330 4862 2486 4903 terra:
2508 4850 2655 4910 limo,
2688 4850 2975 4900 secundum
3003 4862 3120 4897 vero
3144 4850 3208 4897 de
3230 4849 3379 4908 ccelo,
3405 4848 3588 4898 merito
3620 4856 3671 4900 et
3695 4865 3789 4901 nos
3817 4851 3910 4914 qui

2331 4937 2443 4971 esse
2467 4920 2710 4969 debemus
2742 4916 2886 4967 Patri
2911 4914 3021 4965 Deo
3056 4915 3276 4978 similes,
3294 4916 3384 4979 qui
3409 4914 3570 4967 solem
3597 4932 3753 4968 suum
3778 4920 3909 4970 oriri

2335 4988 2464 5055 facit
2490 5001 2651 5049 super
2680 4987 2838 5055 borios
2864 4994 2921 5055 et
2955 4982 3143 5051 malos,
3194 4993 3244 5035 et
3292 4984 3423 5050 pluit
3471 5000 3627 5049 super
3645 4985 3825 5051 justas
3860 5005 3908 5041 et

2336 5052 2584 5125 injustas,
2626 5055 2702 5106 sic
2747 5052 2955 5125 Christo
2988 5064 3474 5125 monenteqoramus
3505 5062 3552 5103 et
3588 5056 3814 5119 petimus
3853 5069 3908 5110 ut

2336 5118 2538 5192 precem
2563 5140 2658 5189 pro
2685 5118 3113 5192 omniumsalute
3140 5120 3421 5186 faciamus;
3461 5130 3519 5171 ut
3552 5118 3816 5189 quomodo
3853 5128 3908 5179 in

2335 5191 2483 5253 emta,
2515 5195 2568 5244 id
2593 5202 2691 5255 est,
2722 5192 2777 5243 in
2813 5191 2957 5243 nobis
2992 5192 3260 5257 per/idem
3285 5203 3518 5243 nostram
3547 5192 3790 5246 voluntas
3811 5195 3908 5248 Det

2332 5266 2477 5328 facta
2507 5273 2580 5313 est
2613 5274 2669 5312 ut
2695 5276 2921 5313 essemus
2946 5276 2972 5311 e
2994 5260 3142 5319 caelo,
3169 5260 3243 5311 ita
3265 5271 3311 5312 et
3340 5262 3394 5312 in
3433 5270 3597 5323 terra,
3625 5260 3721 5314 hoc
3745 5276 3822 5317 est
3851 5266 3904 5315 in

2331 5332 2435 5381 illis
2470 5346 2571 5379 non
2605 5331 2932 5382 credentibus
2964 5328 3058 5396 ﬁat
3090 5328 3328 5381 voluntas
3362 5329 3477 5387 Dei,
3506 5340 3559 5380 ut
3600 5333 3690 5399 qui
3731 5334 3903 5384 adhuc

2327 5407 2448 5449 sunt
2482 5399 2655 5463 prima
2693 5401 2961 5451 nativitate
3001 5400 3215 5459 terreni,
3244 5400 3499 5467 incipiant
3533 5416 3644 5453 esse
3678 5403 3904 5454 εωιεδιει

2323 5482 2389 5518 ea:
2423 5482 2559 5534 aqua
2588 5478 2634 5517 et
2658 5468 2862 5534 Spiritu
2897 5470 3027 5521 nati.
3629 5512 3646 5529 .
3808 5514 3811 5515 ν
3852 5498 3859 5501 ·

2398 5532 2519 5604 .(9b‘)
2558 5532 2759 5607 "Oxon
2787 5539 2915 5589 ποτ’
2948 5538 3025 5589 ἀν
3066 5538 3253 5590 ἐστιν.
3289 5536 3431 5607 Lege
3472 5553 3596 5592 cum
3642 5538 3908 5603 Bentleio,

2336 5602 2623 5675 ὅπου-ποτέ
2646 5606 2709 5656 ἂν
2734 5602 2788 5675 ᾗ,
2820 5609 2987 5661 ἐστίν.
3066 5656 3069 5657 ,

2554 5671 2881 5760 Εηύχόλιὲθα.
2913 5677 3075 5760 Lego,
3108 5675 3413 5760 sexto-pelia.

2434 5742 2523 5810 98)
2563 5741 2743 5798 Codex
2786 5760 2914 5812 ms.,
2945 5741 3203 5815 γένηταιῖ
3237 5741 3380 5801 Edit.
3426 5746 3623 5812 0:00.,
3666 5743 3899 5815 γίνηται.
