4080 6306
161 441 270 496 I05
1361 437 1701 494 LIBELLUS
1735 438 1826 492 DE
1864 430 2265 490 01tATlONE.’
3295 422 3402 477 50b

161 560 224 612 οῦ
246 563 400 629 μενεῖ
424 562 495 630 γῆ
522 578 537 592 ο
566 560 641 623 ὡς
673 561 722 612 εἰ
750 562 961 630 λέγοιμι
999 561 1089 614 ἐπὶ
1110 558 1269 612 ἄλλου
1300 557 1740 629 παραδείγματος

1848 568 1965 607 ntus
2011 564 2203 604 omnes
2251 546 2445 602 cmlum
2479 561 2494 593 :
2531 540 2666 598 Caro
2710 542 2853 594 enim
2885 556 3008 610 qua:
3053 557 3164 593 mm
3195 543 3404 606 prodeat

165 653 531 721 σαφέστερον·
577 652 672 703 ἐὰν
720 652 907 722 ὥσπερ
952 651 1239 720 γεγένηται
1277 651 1339 702 τὸ
1381 649 1593 718 θέλημα
1639 646 1733 699 τοῦ

1848 646 2145 715 quidquam,
2182 650 2552 707 cognatusque
2581 636 2629 686 ei
2657 637 2868 702 sanguis
2911 649 3128 700 regnum
3161 631 3254 684 Dei
3279 649 3406 700 pns-

162 741 298 794 Θεοῦ
353 743 447 794 ἐπὶ
485 744 613 804 τοὺς
663 742 944 813 σώφρονας
965 781 979 804 ,
1026 741 1168 794 οὕτω
1230 742 1450 810 γένηται
1500 739 1594 791 καὶ
1646 724 1738 790 ἐπὶ

1848 737 2012 789 sidere
2041 748 2142 784 non
2174 739 2386 800 possunt
2427 729 2493 792 ³ο,
2533 734 2788 796 poterunt
2819 737 2998 778 tamen
3029 724 3325 792 possidere,
3356 722 3402 775 si

159 834 291 894 τοὺς
323 832 671 894 ἀκολάστους,
720 812 795 884 oi,
818 832 1129 886 ἀκόλαστοι,
1159 829 1431 900 σώφρονες
1483 829 1726 880 ἐσονται’

1848 841 1868 878 a
1900 839 2062 877 carne
2082 832 2135 874 et
2165 831 2331 885 terra,
2363 820 2605 887 pulvere,
2643 827 2697 868 et
2726 814 3008 884 sanguine,
3044 815 3096 865 in
3127 812 3404 867 caelestem

160 922 219 992 ἢ.
259 922 339 985 ὡς
379 921 668 993 γεγένηται
714 923 774 974 τὸ
806 923 1018 992 θέλημα
1053 916 1160 974 τοῦ⁶
1183 920 1316 972 Θεοῦ
1346 921 1437 972 ἐπὶ
1481 920 1603 981 τοὺς
1653 907 1731 969 δι-

1848 913 2044 966 l'uerint
2073 917 2276 962 mutata
2306 906 2683 960 substantiam.

160 1014 495 1076 καίους,καὶ
519 992 609 1064 ἐπὶ
640 1015 764 1074 τοὺς
805 1013 1040 1074 ἀδίκους,
1104 1013 1152 1063 οἱ
1199 1011 1372 1063 ἄδικοι
1424 1010 1620 1060 δίκαιοι
1675 1007 1907 1058 ἔσονται.
1961 1001 2058 1054 Διὰ
2108 1000 2283 1061 τοῦτο,
2345 998 2461 1062 ἐὰν,
2522 998 2596 1058 ὡς
2650 999 2708 1048 ὲν
2753 992 3302 1065 οὐρανῷ-γεγένηται
3344 994 3407 1046 τὸ

160 1106 374 1178 θέλημα
407 1107 500 1160 τοῦ
543 1107 730 1167 -Θεοῦ,
760 1106 980 1176 γένηται
1031 1107 1124 1158 καὶ
1169 1106 1259 1157 ἐπὶ
1310 1104 1435 1171 γῆς,
1486 1102 1720 1172 ἐσόμεθα
1749 1100 1946 1160 πάντες
1991 1085 2250 1167 οὐρανόςο
2313 1093 2426 1159 Τῆς
2475 1092 2560 1158 μὴ
2611 1089 2966 1178 ὠφελούσης
3016 1086 3264 1178 σαρκὸς,
3307 1086 3408 1178 καὶ

161 1175 462 1262 συγγενοῦς
507 1196 644 1266 αὐτῇ
688 1175 933 1264 αἵματος
955 1233 970 1258 ,
1019 1193 1106 1261 μὴ
1167 1193 1516 1261 δυναμένων
1577 1189 1970 1257 κληρονομεῖν
2021 1184 2348 1250 ,ϐασιλείαν
2401 1180 2545 1233 Θεοῦ
2570 1197 2584 1208 ·
2623 1177 2973 1245 κληρονομεῖν
3009 1175 3053 1228 δ’
3108 1175 3174 1227 ἂν
3217 1175 3408 1245 λεχθη-

160 1287 410 1356 σομένων
459 1286 601 1356 (99),
641 1288 742 1351 ,ἐὰν
789 1286 1161 1358 μεταϐάλωσιν
1209 1287 1315 1339 ἀπὸ
1369 1287 1587 1356 σαρκὸς,
1642 1285 1734 1337 καὶ
1763 1284 1890 1353 γῆς,
1932 1283 2025 1334 καὶ
2057 1280 2175 1349 χοῦ,
2209 1279 2300 1330 καὶ
2332 1276 2580 1344 αἵματος,
2609 1272 2700 1323 ἐπὶ
2730 1270 2828 1340 τὴν
2861 1270 3106 1337 οὐράνιον
3129 1269 3333 1322 οὐσίαν.

222 1374 352 1430 ’Τὸν
386 1377 571 1443 ἄρτον
616 1379 786 1446 ἡμῶν
826 1379 934 1432 τὸν
978 1380 1289 1434 ἐπιούσιον
1334 1378 1404 1450 (1)
1453 1377 1556 1442 δὸς
1598 1376 1742 1445 ἡμῖν

157 1464 468 1534 σήμερον⁸
507 1466 540 1536 ἦ
589 1467 665 1529 ὡς
708 1470 737 1520 6
775 1469 1020 1531 Λουκᾶς*
1078 1470 1188 1521 Τὸν
1218 1469 1401 1537 ἄρτον
1435 1467 1601 1535 ἡμῶν
1633 1467 1741 1519 τὸν

156 1554 496 1607 ἐπιούσιον.
523 1555 692 1607 δίδου
753 1557 898 1625 ἡμῖν
947 1560 1071 1611 καθ’
1103 1557 1346 1627 ἡμέραν.
1400 1557 1554 1610 Ἐπεὶ
1597 1557 1740 1619 τινὲς

160 1644 608 1714 ὑπολαμϐάνουσι
651 1647 777 1717 περὶ
803 1647 898 1700 τοῦ
933 1649 1246 1718 σωματικοῦ
1288 1652 1452 1720 ἄρτου
1486 1647 1737 1715 λέγεσθαι

157 1727 420 1802 εὔχεσθαι
466 1736 646 1804 ἡμᾶς,
693 1734 861 1800 ἄξιον,
909 1738 1085 1790 αὐτῶν
1130 1738 1226 1809 τὴν
1272 1737 1614 1807 ψευδοδοξίαν
1651 1737 1738 1789 διὰ

1916 1375 2007 1427 27.
2040 1371 2236 1423 Panem
2262 1379 2494 1422 nostrum
2520 1362 2916 1417 substantialem
2942 1363 3010 1413 da
3039 1363 3186 1413 nobis
3215 1361 3407 1422 hodie;

1846 1476 2026 1527 autut
2078 1464 2253 1517 Lucas
2299 1478 2314 1514 :
2367 1460 2566 1511 Panem
2611 1467 2847 1508 nostrum
2898 1457 3294 1506 subsluntiulem
3329 1454 3408 1505 ~da

1845 1557 1991 1610 nobis
2017 1557 2071 1608 in
2098 1556 2254 1607 diem.
2288 1552 2552 1617 Quoniam
2578 1549 2891 1622 existimant
2924 1547 3091 1614 aliqui
3128 1548 3192 1599 de
3220 1562 3435 1613 τοι-νο-.

1849 1662 1941 1701 reo
1981 1660 2115 1714 pane
2141 1644 2317 1712 juberi
2351 1657 2447 1695 nos
2478 1654 2654 1701 orare,
2675 1625 2887 1706 {equum
2923 1650 3027 1701 est,
3058 1638 3186 1691 falsa
3220 1636 3408 1691 eorum

1843 1737 2100 1805 Opinione
2139 1735 2368 1794 sublata,
2403 1747 2584 1786 veram
2618 1732 2685 1783 de
2723 1731 3064 1807 substantiali
3119 1744 3255 1793 pane
3287 1743 3412 1780 seno

156 1800 370 1875 τούτων
417 1800 800 1893 πετριελόντας,
847 1800 1199 1897 παραστῆσαι
1253 1800 1314 1880 τδ
1363 1828 1558 1898 ἀληθὲς
1616 1828 1742 1896 περὶ

1850 1829 2072 1881 tentiam
2109 1840 2430 1895 preponere.
2467 1825 2636 1893 Igitur
2692 1803 2760 1875 ab
2809 1822 2889 1874 eis
2928 1820 3276 1886 quaerendum
3328 1823 3414 1869 est

156 1909 256 1960 τοῦ
297 1911 578 1963 ἐπιουσίω
613 1912 797 1982 ἄρτου.
831 1915 1068 1966 Λεκτέον
1115 1913 1208 1968 οῦν
1239 1917 1373 1987 πρὸς
1403 1917 1616 1979 αὐτοὺς,
1661 1918 1742 1969 ὅτι

158 1996 282 2058 πῶς
318 2000 348 2049 ό
373 1999 546 2067 λέγων
569 2001 677 2053 δεῖν
713 2004 880 2054 αἰτεῖν
906 2003 1202 2074 ἐπουράνια
1235 2007 1326 2057 καὶ
1367 2006 1594 2076 μεγάλα,
1620 2004 1741 2057 οἷστε

157 2090 494 2160 ἐπουρανίου
522 2093 675 2156 ὄντος
703 2093 798 2146 τοῦ
844 2097 925 2157 εἰς
973 2097 1071 2164 τὴν
1117 2097 1292 2166 σάρκα
1325 2099 1478 2167 ἡμῶν
1513 2097 1746 2150 ἀναδιδο-

160 2182 333 2250 μένου
390 2181 592 2252 ἄρτου,
643 2183 765 2236 οὗτε
841 2187 1073 2254 μεγάλου
1124 2189 1420 2256 αἱτήματος
1469 2187 1564 2239 τοῦ
1620 2190 1744 2258 περὶ

155 2271 356 2322 τούτου
404 2271 618 2336 ἀξιοῦν,
672 2275 910 2344 ὡσπερεὶ
956 2279 1073 2328 κατ’
1113 2277 1308 2339 αὐτοὺς
1357 2278 1744 2347 ἐπιλαθόμενος

155 2355 235 2414 ὧν
276 2363 511 2428 ἐδίδαξε,
562 2366 1052 2436 προστάττει’περὶ
1103 2369 1344 2435 ἐπιγείου
1402 2370 1497 2420 καὶ⁸
1544 2368 1741 2438 μικροῦ

156 2451 402 2516 ἔντευξιν
418 2455 708 2523 ἀναφέρειν
717 2455 794 2525 τῷ
810 2456 999 2526 Πατρί.
1025 2457 1213 2526 Ἡμεῖς
1229 2458 1304 2523 δὲ,
1325 2459 1576 2527 ἑπόμενοι
1594 2459 1741 2529 αὐτῷ

153 2542 473 2612 διδασκάλῳ
501 2543 803 2596 διδάσκοντι
829 2545 895 2596 τὰ
928 2547 1051 2614 περί
1078 2545 1170 2597 τοῦ
1220 2547 1405 2617 ἄρτου,
1453 2548 1540 2600 διὰ
1569 2549 1744 2600 πλειό-

155 2647 268 2682 νων
291 2632 469 2684 ταῦτα
503 2625 950 2704 παραθησόμεθα.
968 2637 1133 2703 Φησὶν
1157 2639 1213 2688 ἐν
1235 2637 1311 2705 τῷ
1332 2638 1470 2689 κατᾶ
1497 2640 1743 2707 Ἰωάννην

155 2721 300 2790 πρὸς
350 2723 675 2793 ἐληλυθότας
723 2729 802 2788 εἰς
835 2728 1204 2797 Καφαρναοὺμ
1231 2728 1305 2797 (2)
1337 2728 1518 2798 ζητεῖν
1552 2731 1739 2782 αὐτόν·

169 2813 386 2880 Ἀμὴν,
421 2814 586 2881 ἀμὴν
612 2815 767 2882 λέγω
798 2816 938 2882 ὑμῖν
957 2833 969 2844 ·
1025 2815 1260 2882 Ζητεῖτέ
1284 2834 1380 2885 με,
1410 2821 1519 2885 οὐχ
1550 2819 1637 2871 ὅτι
1667 2821 1746 2871 ει-

155 2903 294 2955 δετε
345 2904 586 2970 σημεῖα,
627 2906 762 2957 ἀλλ’
816 2906 903 2957 ὅτι
951 2907 1202 2974 ἐφάγετε
1245 2909 1314 2960 ἐκ
1348 2907 1464 2959 τῶν
1513 2897 1754 2976 ἄρτων,

158 2993 260 3045 καὶ
293 2993 703 3060 ἐχορτάσθητε
724 3012 736 3024 ⁸
773 2997 802 3046 6
836 2997 942 3064 γάρ
977 2996 1163 3063 φαγὼν
1204 2999 1268 3049 ἐκ
1296 2997 1402 3050 τῶν
1429 2999 1533 3050 ὑπὸ
1573 3000 1744 3067 Ἰησοῦ

1847 1932 1953 1986 quo
1985 1916 2142 1970 modo
2161 1917 2251 1983 qui
2285 1914 2414 1967 dicit
2444 1913 2670 1982 petenda
2707 1911 2828 1968 esse
2852 1909 3093 1964 easiestia
3114 1916 3168 1960 et
3195 1919 3412 1973 magna,

1849 2017 2028 2061 tamen
2062 2021 2184 2058 cum
2215 2019 2388 2072 neque
2420 2002 2664 2056 εωιεειῑε
2710 2002 2783 2053 sit
2816 2001 2860 2053 is
2902 2000 3059 2066 panis
3088 1998 3176 2066 qui
3210 1997 3261 2048 in
3296 2012 3416 2049 car-

1848 2113 1970 2152 nem
2007 2106 2245 2150 nostram
2278 2093 2604 2155 absumitur,
2654 2107 2827 2159 neque
2866 2105 3056 2159 magna
3105 2089 3293 2158 petitio
3341 2087 3416 2139 sit

1849 2190 1914 2242 de
1932 2189 2023 2240 illo
2038 2187 2272 2255 precari,
2295 2186 2341 2239 is
2358 2186 2512 2254 quasi
2533 2183 2739 2246 eorﬁm,
2754 2197 2873 2250 quae
2901 2182 3107 2242 docuit,
3120 2178 3412 2232 secundum

1850 2283 1998 2350 ipsos
2013 2280 2230 2341 oblitus,
2251 2281 2316 2331 de
2346 2289 2558 2331 terreno
2587 2286 2641 2329 et
2669 2290 2832 2343 parvo
2856 2274 3043 2344 preces
3061 2274 3204 2327 Patri
3233 2271 3414 2326 oﬂerri

1841 2373 2049 2437 iubeat.
2079 2369 2186 2423 Nos
2207 2384 2334 2422 vero
2366 2367 2684 2436 magistrum
2717 2367 2890 2434 ipsum
2923 2366 3091 2418 secuti
3127 2366 3413 2417 docentem

1849 2477 1967 2527 quas
1995 2463 2061 2514 ad
2098 2473 2289 2528 panem
2325 2459 2615 2524 pertinent,
2666 2472 2728 2510 ea
2777 2456 3019 2522 pluribus
3049 2467 3404 2520 exponemus.

1846 2549 1940 2601 Ait.
1977 2529 2034 2601 in
2072 2547 2361 2614 Evangelio
2413 2546 2708 2598 secundum
2761 2543 3024 2598 Joannem
3065 2543 3132 2596 ad
3185 2557 3279 2594 eos
3322 2541 3413 2606 qui

1848 2635 2228 2703 Capharnaum
2252 2643 2515 2686 venerant
2548 2635 2605 2710 ut
2638 2634 2808 2701 ipsum
2847 2640 3150 2700 quaererent
3179 2648 3192 2682 :
3225 2631 3415 2692 Amen,

1851 2741 2004 2778 anteit
2027 2727 2140 2777 dico
2165 2724 2329 2784 vobis,
2356 2726 2590 2788 quarrilis
2615 2731 2721 2786 me,
2741 2740 2841 2775 non
2865 2723 2984 2798 quia
3016 2721 3215 2774 vidistis
3241 2723 3416 2787 signa,
3458 2766 3460 2768 ,

1851 2817 1943 2868 sed
1971 2818 2094 2885 quia
2124 2816 2479 2868 ntanducaslis
2506 2833 2568 2868 ex
2596 2815 2816 2882 panibus
2849 2822 2896 2864 et
2933 2813 3158 2865 saturati
3189 2813 3312 2862 estis
3345 2811 3415 2863 ³³.

1851 2907 1953 2972 Qui
1987 2908 2132 2960 enim
2164 2924 2226 2960 ex
2265 2893 2347 2960 his
2390 2903 2994 2970 manducavitpanibus
3025 2903 3219 2967 quibus
3259 2900 3418 2953 Jesus

1852 2999 2154 3061 benedixit,
2181 2999 2352 3066 iisque
2385 2997 2637 3064 impletus
2659 3003 2763 3056 est,
2799 2993 2969 3059 magis
2995 2991 3193 3058 quaerit
3219 2989 3416 3042 Filium

1854 3089 1946 3146 Dei
1982 3088 2274 3154 perfectius
2302 3089 2781 3154 comprehendere.
2814 3092 2868 3137 et
2913 3084 2977 3136 ad
3006 3079 3180 3149 ipsum
3219 3097 3419 3148 prope-
3473 3095 3478 3100 '

1853 3186 1954 3230 rat.
2010 3177 2192 3240 Quare
2225 3188 2369 3229 recte
2415 3175 2712 3243 prarcepit:
2751 3172 3055 3239 Operamini
3101 3188 3203 3222 non
3247 3172 3420 3223 cibum

1846 3270 1934 3335 qui
1957 3268 2125 3333 ρει-ξι,
2141 3267 2231 3318 sed
2262 3266 2430 3319 cibum
2457 3265 2545 3333 qui
2571 3275 2836 3332 permanet
2869 3265 2921 3313 in
2952 3263 3109 3314 vitam
3141 3274 3418 3323 retentant,

1846 3376 1998 3428 quem
2042 3358 2216 3410 Filius
2258 3358 2484 3410 hominis
2515 3357 2658 3408 dabit
2709 3356 2852 3407 vobis
2895 3355 2960 3406 ³³.
3011 3356 3091 3407 Ad
3136 3355 3248 3406 inec
3293 3368 3416 3406 cum

1849 3452 2252 3517 interrogarent
2283 3449 2373 3516 qui
2399 3448 2708 3508 audierant,
2745 3455 2799 3497 et
2832 3447 3115 3498 dicerent:
3148 3444 3288 3507 Quid
3330 3443 3416 3510 fa-

1848 3541 2042 3592 ciemus
2098 3549 2151 3590 ut
2192 3555 2464 3605 operemur
2497 3555 2655 3604 opera
2688 3537 2826 3588 Dei?
2860 3538 3123 3601 respondit
3159 3534 3335 3595 Jesus,
3370 3545 3417 3586 et

1848 3629 1980 3679 dixit
2011 3629 2083 3680 eis
2113 3644 2131 3680 :
2164 3627 2276 3679 Hoc
2301 3637 2377 3679 est
2413 3643 2539 3693 opus
2575 3627 2671 3680 Dei
2702 3636 2757 3677 ut
2785 3625 3010 3677 credatis
3043 3626 3095 3675 in
3130 3641 3246 3677 eum
3267 3639 3419 3691 quem

1846 3721 1987 3772 misit
2019 3719 2104 3770 ille
2132 3719 2196 3770 ³³.
2232 3718 2379 3770 Misit
2411 3729 2590 3771 autem
2624 3718 2768 3770 Deus
2807 3715 3026 3768 Verbum
3057 3713 3220 3784 244
3242 3730 3418 3776 suum,

1845 3818 1897 3862 et
1931 3807 2133 3860 sanavit
2168 3823 2254 3859 eos
2299 3806 2368 3870 “,
2405 3817 2465 3858 ut
2506 3807 2557 3858 in
2609 3804 2836 3858 Psalmis
2881 3807 3141 3872 scriptum
3186 3813 3289 3864 est,
3322 3819 3418 3854 eos

1848 3896 2063 3950 scilicet
2104 3895 2194 3962 qui
2234 3895 2436 3947 inﬁrmi
2470 3894 2713 3946 fuerant.
2766 3893 2859 3946 Illo
2912 3893 3086 3948 Verbo
3117 3906 3413 3960 operantur

1849 3987 2133 4038 credentes
2161 4000 2324 4053 opera
2361 3985 2452 4038 Dei
2489 4001 2610 4052 qua:
2642 3995 2766 4037 sunt
2794 3985 2947 4037 cibus
2999 3985 3090 4051 qui
3137 3994 3418 4051 permanet
3445 4033 3460 4043 κ

1849 4076 2103 4129 invitam
2156 4087 2436 4130 aeternam.
2487 4075 2597 4129 Et:
2633 4074 2798 4129 Pater
2845 4093 3028 4142 meus,
3085 4077 3278 4145 inquit,
3327 4079 3416 4129 dat

157 3082 569 3151 εὐλογηθέντων
606 3085 806 3155 ἄρτων,
839 3090 931 3139 καὶ
973 3088 1275 3156 πληρωθεὶς
1311 3088 1506 3147 αὐτῶν,
1546 3090 1743 3156 μᾶλλον

157 3170 321 3239 ζητεῖ
351 3170 678 3222 καταλαϐεῖν
729 3175 1109 3245 ἀκριὸἐστερον
1153 3176 1246 3226 τὸν
1281 3177 1409 3229 Υἱὺν
1444 3177 1536 3227 τοῦ
1587 3178 1743 3238 Θεοῦ,

155 3263 255 3311 καὶ
296 3261 518 3313 σπεύδει
571 3264 707 3332 πρὸς
757 3267 934 3318 αὐτόν.
971 3269 1165 3339 Διόπερ
1202 3268 1383 3329 καλῶς
1427 3271 1754 3339 προστάττει

155 3349 336 3415 λέγων
360 3368 374 3379 ο
414 3350 778 3418 Ἑρτάζεσθαι
803 3355 878 3422 (5)
897 3353 983 3423 μὴ
1032 3357 1144 3423 τὴν
1163 3357 1395 3424 βρῶσιν
1427 3356 1540 3423 τὴν
1568 3359 1748 3409 ἀπολ-

154 3442 458 3508 λυμένην,
494 3444 657 3496 ἀλλὰ
703 3443 817 3509 τὴν
859 3446 1094 3512 ,βρῶσιν
1146 3447 1259 3515 τὴν
1301 3449 1614 3516 μένουσαν
1660 3451 1746 3513 εὶς

155 3529 318 3596 ζωὴν
375 3535 639 3595 αἰώνιον,
695 3533 776 3600 ἢν
826 3539 858 3588 d
908 3537 1039 3603 υἱὸς
1090 3539 1195 3592 τοῦ
1247 3539 1558 3607 ἀνθμῖκτου
1606 3540 1748 3607 ὑμῖν

153 3618 360 3672 δώσει.
400 3623 544 3693 Πρὸς
575 3624 744 3677 ταῦτα
773 3626 829 3677 δὲ
863 3627 1178 3696 πυθομένων
1226 3629 1333 3680 τῶν
1376 3630 1743 3692 ἀκουσάντων,

155 3711 260 3760 καὶ
303 3710 603 3776 λεγόντων,
670 3716 730 3767 Τί
777 3715 1071 3782 ποιῶμεν,
1125 3719 1226 3768 ἵνα
1275 3717 1635 3786 ἐργαζώμεθα
1677 3719 1748 3771 τὰ

153 3800 310 3866 ἔργα
343 3801 449 3853 τοῦ
478 3804 668 3867 Θεοῦ;
702 3805 972 3875 ἀπεκρίθη
1010 3807 1038 3857 6
1085 3806 1308 3874 Ἰησοῦς,
1349 3809 1438 3859 καὶ
1466 3805 1616 3860 εἶπεν
1646 3811 1744 3861 αὑ-

152 3893 276 3951 τοῖς
298 3909 310 3918 ·
347 3891 532 3944 Τοῦτό
575 3894 704 3945 ἐστι
735 3895 799 3946 τὸ
829 3895 1003 3963 ἔργον
1021 3895 1127 3948 τοῦ
1159 3897 1325 3959 Θεοῦ,
1345 3898 1443 3949 ἵνα
1463 3900 1748 3963 πιστεύη-

153 3995 256 4031 ται
295 3979 371 4048 (4)
399 3982 486 4043 εἰς
512 3981 585 4031 ὃν
613 3981 972 4036 ἀπέστειλεν
1018 3984 1265 4048 ἐκεῖνος.
1316 3985 1649 4038 Ἀπέστειλε
1690 3988 1747 4039 δὲ

152 4070 299 4129 Θεὸς
335 4070 442 4120 τὸν
469 4073 663 4138 Λόγον
699 4075 906 4134 αὑτοῦ,
932 4076 1027 4125 καὶ
1076 4073 1283 4127 ἰάσατο
1321 4075 1560 4139 αὐτοὺς,
1590 4077 1665 4138 ὠς
1688 4078 1745 4128 ὲν

159 4161 443 4226 Ψαλμοῖς
471 4161 801 4232 γέγραπται,
832 4163 1069 4233 δηλονότι
1111 4166 1238 4227 τοὺς
1274 4166 1629 4235 νενοσηκότας
1655 4182 1668 4194 ·
1702 4158 1744 4231 ᾧ

1849 4167 1988 4218 vobis
2023 4184 2212 4234 panem
2235 4169 2298 4221 de
2342 4167 2469 4219 c0310
2504 4182 2700 4220 verum.
2735 4163 2898 4219 Panis
2931 4168 3065 4219 enim
3098 4167 3190 4218 Dei
3226 4177 3299 4218 est
3327 4167 3418 4234 qui

150 4251 326 4319 Λόγῳ
355 4252 404 4301 οἱ
453 4251 802 4316 πιστεύοντες
843 4253 1162 4324 ἐργάζονται
1206 4256 1271 4307 τὰ
1300 4256 1433 4325 ἔργα
1460 4255 1553 4306 τοῦ
1588 4254 1744 4317 Θεοῦ,

1848 4256 1912 4310 de
1943 4259 2068 4310 casta
2095 4259 2357 4310 descendit
2403 4270 2449 4310 et
2483 4259 2572 4310 dat
2598 4259 2761 4311 vitam
2789 4263 2984 4310 mundo
3015 4259 3081 4308 ³⁵.
3118 4257 3287 4309 Verus
3321 4271 3418 4308 au-

148 4342 294 4393 ὗντα
327 4340 529 4409 βρῶσιν
567 4343 832 4410 μένουσαν
863 4348 942 4406 εἰς
971 4344 1112 4414 ζωὴν
1140 4345 1354 4398 αἰώνιον
1379 4363 1392 4375 ⁶
1432 4348 1527 4397 καὶ
1571 4349 1603 4397 ὁ
1629 4349 1744 4398 Πα-

1851 4356 1956 4401 ιεηι
1989 4349 2144 4416 panis
2173 4359 2256 4401 est
2290 4350 2380 4416 qui
2421 4353 2606 4402 verum
2635 4349 2802 4400 nutrit
2842 4349 3130 4414 hominem,
3161 4363 3281 4401 eum
3315 4349 3406 4416 qui

145 4430 269 4495 τὴρ
294 4428 368 4479 δε
402 4448 535 4492 μου,
568 4431 720 4498 φησὶ,
752 4431 999 4499 δίδωσιν
1022 4434 1161 4500 ὑμῖν
1188 4436 1295 4485 τὸν
1334 4433 1514 4500 ἄρτον
1541 4434 1608 4485 ἐκ
1640 4433 1744 4487 τοῦ

1851 4439 1916 4490 ad
1943 4438 2226 4507 imaginem
2253 4439 2341 4491 Dei
2360 4439 2532 4493 factus
2564 4450 2641 4492 est
2667 4457 2679 4490 :
2702 4455 2806 4504 quo
2824 4440 2914 4506 qui
2943 4441 3126 4498 alitur,
3157 4441 3316 4491 etiam
3348 4441 3415 4493 ad

144 4519 424 4585 οὐρανοῦ
458 4519 565 4570 τὸν
610 4520 936 4585 ἀληθινόν·
978 4526 1010 4574 ό
1055 4523 1164 4590 γὰρ
1208 4523 1385 4590 ἄρτος
1428 4522 1536 4575 τοῦ
1593 4525 1742 4578 Θεοῦ

1851 4527 2260 4579 similitudinem
2347 4528 2621 4581 Creatoris
2696 4527 2948 4603 cilicitur.
3024 4527 3160 4591 Quid
3233 4538 3413 4581 autem

141 4614 339 4665 ἐστιν
385 4615 418 4664 ὀ
446 4613 820 4664 καταϐαίνων
870 4614 938 4664 ἐκ
982 4614 1088 4665 τοῦ
1130 4616 1410 4681 οὐρανοῦ,
1455 4615 1550 4668 καὶ
1585 4615 1738 4682 ζωὴν

1850 4620 2058 4673 alenda:
2093 4621 2286 4673 animae
2315 4622 2493 4689 aptius
2519 4632 2790 4689 estquam
2835 4620 3114 4674 Verbum?
3156 4620 3294 4684 Quid
3329 4635 3416 4672 sa-

139 4700 372 4766 διδοὺς
399 4701 482 4766 τῷ
509 4703 734 4768 κόσμῳ.
773 4703 967 4770 Ἀρτος
1001 4701 1058 4752 δὲ
1099 4696 1364 4772 ἀληθινός
1393 4707 1539 4758 ἐστιν
1581 4709 1609 4758 6
1651 4706 1742 4758 τὸν

1850 4711 2054 4777 pienlia
2092 4711 2182 4763 Dei
2214 4713 2502 4778 pretiosius
2533 4712 2696 4765 menti
2731 4713 2847 4778 ejus
2874 4713 2963 4778 qui
2997 4712 3166 4779 ipsam
3198 4712 3417 4777 capiat?

141 4795 418 4864 ἀληθινόν
455 4794 672 4861 τρέφων
714 4792 994 4863 ἄνθρωπον
1023 4793 1114 4844 τὸν
1154 4798 1273 4845 κατ’
1316 4797 1497 4848 εἰκόνα
1545 4797 1617 4865 (ΐὶ)
1649 4798 1740 4849 τοῦ

1849 4802 1986 4864 Quid
2014 4803 2319 4855 rationabili
2367 4813 2567 4854 natura:
2594 4803 2824 4854 veritate
2861 4801 3308 4853 convenietttitts?
3333 4801 3414 4854 Ad

141 4887 292 4938 Θεοῦ
323 4887 712 4954 πεποιημένον,
743 4876 784 4947 ᾧ
801 4885 828 4935 6
849 4884 1073 4952 τραφεὶς
1104 4884 1197 4935 καὶ
1221 4885 1341 4936 καθ’
1369 4888 1626 4954 ὁμοίωσιν
1648 4888 1741 4939 τοῦ

1852 4891 1965 4942 haec
1993 4893 2037 4943 si
2070 4893 2190 4957 quis
2232 4892 2473 4959 objiciat,
2516 4892 2560 4943 si
2593 4893 2703 4945 lucc
2740 4893 2810 4943 ita
2849 4907 2908 4945 se
2952 4892 3240 4954 haberent,
3272 4890 3410 4942 futu-

143 4975 450 5036 κτίσαντος
474 4975 698 5041 γίνεται.
721 4971 851 5023 Τίδὲ
869 4971 1040 5038 Λόγου
1057 4973 1121 5040 τῇ
1138 4971 1280 5039 ψυχῇ
1303 4975 1742 5044 τροφιμώτερονς

1853 4993 1972 5029 rum
2029 4995 2130 5031 non
2181 4979 2376 5045 fuisse,
2436 4991 2493 5033 ut
2548 4981 2796 5033 Christus
2845 4983 3131 5048 petendum
3193 4982 3413 5035 doceret

143 5066 218 5115 Ἢ
255 5065 319 5115 τί
343 5065 444 5133 τῆς
471 5065 664 5133 σοφίας
689 5063 780 5115 τοῦ
816 5062 948 5114 Θεοῦ
974 5061 1050 5130 τῷ
1080 5063 1154 5129 νῷ
1187 5061 1279 5113 τοῦ
1307 5063 1606 5132 χωροῦντος
1647 5066 1744 5116 αύ-

1852 5069 2258 5121 substantialem
2294 5085 2486 5136 panem
2531 5073 2686 5140 quasi
2720 5073 2924 5139 aliquid
2953 5089 2981 5124 a
3012 5085 3070 5125 se
3097 5073 3407 5136 diversum;

1777 3135 1816 3189 C

219 5216 270 5295 ’I"
309 5215 326 5265 I
369 5216 495 5266 Cor.
526 5232 617 5295 τ-ν,
654 5218 758 5282 50;
820 5217 968 5271 loan.
1006 5233 1090 5283 Vl,
1127 5218 1214 5270 64.
1363 5213 1406 5245 ³¹
1445 5216 1578 5271 Ibid.
1621 5221 1713 5275 26.

1869 5223 1912 5250 δι
1963 5223 2118 5287 nim,
2166 5225 2258 5278 27.
2370 5227 2415 5257 ιε
2450 5189 2610 5292 tum,
2644 5230 2850 5294 28,29.
2927 5232 2972 5262 ιι
3003 5231 3407 5295 Psal.cvl,20.

140 5287 190 5316 ³⁵
220 5283 403 5337 Juau.
435 5300 517 5348 v1,
548 5286 640 5337 32.

1363 5213 1406 5245 ³¹
1445 5216 1578 5271 Ibid.
1621 5221 1713 5275 26.

215 5464 346 5531 (99)
395 5459 888 5528 Λεχοησομένων.
936 5462 1372 5534 Bentleiuslegit,
1405 5461 1740 5534 δεχθησομέ-

205 5554 275 5586 ’ν.

136 5553 300 5668 νωμ)
364 5599 723 5650 Ἐπιούσιον.
772 5596 1048 5668 Vertimus
1093 5601 1533 5659 substantialem.
1582 5601 1736 5665 juxta

137 5667 710 5739 Origenismentem
764 5667 1053 5739 quipaulo
1091 5670 1225 5739 intra
1261 5670 1426 5739 ἄρτον
1463 5671 1739 5722 ἐπιούσιον

139 5735 500 5810 deiiitit,_1:6v
525 5739 606 5799 εἱς
634 5735 735 5806 τὴν
765 5735 952 5810 οῦσίαμν
984 5735 1436 5810 συμβαλλόμενον,
1489 5808 1492 5810 γ
1658 5808 1665 5810 _
1767 5775 1770 5778 .

214 5810 299 5878 (2)
346 5806 536 5862 Codex
573 5803 699 5873 ius,
724 5804 858 5877 πρὸς
888 5803 1206 5875 ἐληλυθότας
1235 5803 1316 5870 εἰς
1346 5808 1734 5880 Καφαρναούμ.

1851 5467 2028 5548 Editio
2089 5465 2452 5535 Oxoniensis,
2512 5468 2977 5538 προσεληλυθότας
3037 5471 3118 5532 εἰς
3180 5470 3411 5543 Καπαρ-

1849 5552 2435 5676 ναῗὲ)μ.Ἐργάζεσοαι.
2446 5675 2459 5676 7
2475 5605 2631 5670 Lege,
2668 5605 2980 5676 ἐργάζεσθε.

1920 5673 1994 5743 (ᾧ)
2034 5675 2406 5743 ῌιστεύηται.
2444 5675 2601 5741 Lege,
2636 5673 2946 5743 πιστεύητε.

1881 5741 1995 5861 ’(ἕί)
2036 5740 2217 5797 Codex
2259 5759 2384 5809 tus.,
2454 5740 2573 5796 κατ’
2609 5746 2809 5798 εἰκόνα.
2853 5740 2996 5797 Ειιιι.
3029 5743 3228 5808 Οιοιι..
3266 5742 3412 5798 κατὰ

1847 5827 1931 5862 εικ
1964 5825 2047 5862 να.
