4116 6312
588 410 689 467 6H

2044 407 2372 467 ORIGENIS

3647 322 3663 356 ‘l

3745 411 3857 469 813

591 533 836 596 accedat,
877 531 1284 588 incrementum
1338 533 1440 599 ﬁt;
1494 532 1579 586 sin
1626 532 1833 595 minus,
1861 532 2148 587 diminutio

2275 531 2699 602 καταγινόμενον
2730 532 2860 586 λαὸν
2877 571 2892 595 ,
2924 532 3019 585 καὶ
3049 528 3411 585 κοινωνοῦντα
3439 530 3599 602 αὐτῇ,
3648 533 3853 603 σημαί-

591 622 754 678 Forte
777 625 943 679 etiam
978 625 1159 692 aliqua
1188 626 1497 679 immissum
1531 623 1668 677 nihil
1691 623 1988 692 accipiunt,
2026 633 2083 676 et
2113 623 2167 675 in

590 726 761 772 mero,
801 722 861 767 ut
895 715 967 766 ita
1000 715 1179 766 dicam
1209 753 1225 777 ,
1275 724 1404 767 sunt
1431 714 1804 769 decrementa.
1848 714 1994 776 Alii,
2044 728 2165 765 cum

590 817 772 855 rerum
825 803 1280 870 incorporearum
1328 803 1692 856 substantiam
1739 812 2165 869 consequenlem

593 901 804 945 tantum
832 908 954 946 esse
980 903 1191 960 putent,
1224 893 1551 961 przecipuam
1587 906 1718 944 vero
1753 906 1936 944 rerum
1965 907 2165 960 corpo-

590 985 843 1047 rearu'ttt;
878 983 960 1036 sic
988 983 1131 1036 illam
1160 983 1431 1037 deﬁniunt
1460 998 1474 1035 :
1509 981 1831 1035 Substantia
1865 990 1953 1035 est
1990 982 2162 1048 prima

591 1083 779 1123 rerum
800 1073 1026 1124 materia
1049 1080 1103 1124 et
1119 1086 1185 1123 ex
1202 1086 1307 1137 qua
1332 1087 1421 1124 res
1436 1079 1564 1123 sunt
1582 1087 1597 1134 ;
1624 1084 1915 1136 corporum
1938 1071 2164 1121 materia

589 1168 645 1213 et
666 1175 731 1212 ex
753 1177 858 1229 qua
886 1177 1116 1231 corpora
1142 1172 1299 1222 sunt;
1324 1177 1514 1215 eorum
1541 1161 1820 1229 (materia)
1845 1176 1964 1228 quae
1992 1161 2161 1214 nomi-

588 1259 793 1303 nantur
814 1262 869 1304 et
888 1264 959 1317 ex
985 1268 1089 1319 qua
1114 1261 1237 1306 sunt
1262 1268 1379 1318 qua:
1400 1254 1770 1316 nominantur;
1803 1261 1896 1303 aut
1919 1251 2156 1317 primum

586 1339 909 1404 subsistens,
939 1342 1203 1409 qualitate
1223 1356 1454 1407 carens;
1503 1352 1595 1397 aut
1642 1343 1788 1411 quod
1830 1329 2160 1409 prmexsistit

589 1429 794 1493 rebus;
831 1432 915 1483 vel
952 1433 1095 1497 quod
1129 1447 1319 1486 omnes
1342 1433 1537 1502 recipit
1568 1432 1898 1487 mutationes
1938 1440 1997 1484 et
2023 1432 2160 1485 alle-

586 1520 849 1585 rationes,
891 1536 1027 1597 cum“
1050 1525 1120 1576 sit
1144 1524 1317 1591 ipsum
1354 1524 1681 1577 invariabile
1704 1522 1860 1591 juxta
1888 1524 2161 1594 pr0priam

591 1608 898 1676 rationem;
951 1621 1049 1665 aut
1074 1614 1214 1679 quod
1251 1614 1397 1669 omni
1433 1612 1741 1667 alteratioui
1788 1623 1845 1667 et
1877 1614 2159 1667 mutationi

592 1695 863 1763 Subjacet.
898 1698 1211 1755 Secundum
1245 1702 1345 1755 hos
1378 1702 1683 1755 substantia
1710 1713 1795 1757 est
1826 1704 1945 1756 sine
1984 1703 2163 1771 quali-

586 1794 719 1852 tate,
752 1790 874 1843 sine
920 1792 1091 1859 ﬁgura
1135 1793 1289 1861 juxta
1321 1794 1601 1861 propriam
1648 1809 1802 1846 suam
1854 1794 2157 1857 rationem;

2275 639 2460 676 νουσα.
2505 624 2567 675 Ἥ
2605 623 2789 693 μέντοι
2819 623 3023 694 κυρίως
3046 622 3203 675 οὐσία
3227 624 3338 684 τοῖς
3382 621 3481 692 μὲν
3506 623 3856 693 προηγουμέ-

2273 731 2370 783 νην
2393 712 2504 783 (19)
2522 714 2621 784 τὴν
2643 714 2749 766 τῶν
2765 714 3072 783 ἀσωμάτων
3093 712 3387 765 ὑπόστασιν
3406 703 3544 765 εἶναι
3560 714 3854 781 φάσκουσι,

2271 802 2581 873 νενόμισται
2606 803 2749 855 κατὰ.
2771 803 2838 853 τὰ
2864 801 3127 870 ἀσώματα
3146 800 3205 852 τὸ
3219 796 3358 868 εἶναι
3382 800 3611 870 βεϐαίως
3636 802 3855 871 ἔχοντα,

2274 893 2368 945 καὶ
2403 891 2528 945 οὔτε
2567 893 2886 963 προσθήκην
2917 892 3195 962 χωροῦντα
3256 890 3379 945 οὔτε
3412 894 3697 965 ἀφαίρεσιν
3736 895 3857 947 πά-

2272 998 2469 1051 σχοντα
2496 1001 2508 1012 ·
2547 982 2705 1053 τοῦτο
2734 981 2844 1052 γὰρ
2873 981 3002 1034 ἴδιον
3036 981 3466 1052 σωμάτων,περὶ
3497 982 3534 1036 ἃ
3558 983 3767 1050 γίνεται
3806 986 3847 1053 ἡ

2270 1050 2407 1139 αὔξη
2441 1050 2683 1138 (ἓθγκαὶ
2709 1072 2743 1139 ἡ
2770 1050 2973 1138 φθίσις,
3012 1070 3160 1138 παρά
3188 1068 3249 1122 τὸ
3276 1050 3580 1124 εἶναιαῦτά
3623 1050 3850 1142 ῥευστὰ,

2270 1156 2499 1226 δεόμενα
2528 1157 2622 1209 τοῦ
2655 1158 3109 1227 ὑποστηρίζοντος
3141 1159 3473 1229 ἐπεισιόντος
3505 1161 3599 1213 καὶ
3618 1160 3851 1230 τρέφον-

2267 1262 2360 1307 τος
2385 1262 2397 1275 ·
2430 1246 2591 1316 ὅπερ,
2622 1248 2716 1298 ὲέιν
2743 1246 2924 1301 πλεῖον
2969 1249 3026 1301 ὲν
3073 1246 3247 1317 καιρῷ
3276 1248 3492 1323 ὲπεισίῃ
3536 1247 3629 1300 τοῦ
3672 1250 3855 1320 ἀπορ-

2270 1335 2504 1406 ρέοντος,
2539 1334 2767 1405 αὔξησις
2806 1337 3040 1402 γίνεται·
3072 1337 3170 1391 ὲάν
3216 1337 3275 1390 δὲ
3304 1336 3525 1391 ἔλαττον
3552 1379 3567 1401 ,
3603 1338 3851 1409 μείωσις.

2269 1427 2422 1494 Τάχα
2448 1426 2505 1478 δὲ
2539 1426 2661 1479 τινὰ
2685 1426 2797 1479 οὐδ’
2817 1426 2953 1490 ὅλως
2995 1427 3057 1479 τὸ
3084 1428 3326 1481 ὲπεισιὸν
3375 1428 3739 1497 λαμϐάνοντα,
3788 1433 3856 1486 ὲν
3918 1487 3925 1491 ,

2266 1512 2524 1586 ἀκράτῳ,
2551 1515 2617 1569 ἵν’
2649 1516 2823 1579 οὕτως
2849 1517 3019 1580 εἴπω,
3074 1504 3299 1587 μειώσει
3350 1517 3582 1585 γίνεται.
3619 1508 3746 1581 Τοῖς
3787 1518 3858 1571 δὲ

2269 1605 2777 1677 ὲπακολουθητικὴν
2806 1607 2975 1679 αὐτὴν
3006 1603 3142 1661 εἶναι
3165 1606 3468 1678 νομίζουσι,
3498 1608 3855 1681 προηγουμέ-

2268 1714 2367 1768 νην
2400 1697 2458 1748 δὲ
2484 1697 2581 1767 τὴν
2610 1697 2717 1751 τῶν
2767 1698 3035 1767 σωμάτων
3060 1738 3075 1762 ,
3126 1699 3242 1769 ὅροι
3276 1699 3450 1768 αὐτῆς
3482 1693 3627 1751 οὗτοί
3668 1702 3806 1753 εἰσιν
3830 1716 3851 1730 ⁸

2271 1785 2443 1838 Οὐσία
2470 1787 2613 1840 ἐστὶν
2643 1789 2675 1857 ἡ
2703 1787 2895 1857 πρώτη
2931 1787 3039 1840 τῶν
3086 1787 3253 1841 ὄντων
3294 1787 3391 1857 ὕλη
3420 1827 3434 1851 ,
3470 1790 3564 1843 κα).
3599 1788 3658 1854 ἐξ
3682 1784 3751 1859 ἦς
3776 1787 3856 1842 τὰ

583 1878 678 1931 sed
712 1893 885 1947 neque
906 1882 1319 1935 determinatam
1347 1883 1506 1937 habet
1530 1885 1988 1954 magnitudinem,
2009 1883 2154 1938 omni

2260 1876 2392 1928 ὄντα
2415 1893 2428 1905 ο
2457 1878 2490 1947 ἡ
2518 1877 2625 1929 τῶν
2649 1878 2921 1947 σωμάτων
2948 1877 3069 1949 ὕλη,
3101 1878 3197 1930 καὶ
3226 1876 3305 1951 ἐξ,
3327 1871 3403 1949 ἦς’
3420 1880 3490 1932 τὰ
3513 1879 3741 1950 σώματα
3762 1896 3777 1910 ·
3811 1882 3854 1951 ἡ

586 1976 769 2019 autem
805 1970 1059 2035 qualitati
1116 1972 1279 2024 veluti
1317 1972 1464 2027 locus
1506 1982 1839 2042 praeparatus
1886 1975 2155 2043 subjacet.

591 2053 801 2107 Vocant
835 2064 1014 2109 autem
1045 2059 1339 2125 qualitates
1365 2060 1664 2112 extensiori
1700 2074 1864 2112 sensu
1897 2068 2055 2115 actus
2106 2069 2161 2113 et

581 2141 828 2196 actiones
858 2144 911 2196 in
947 2146 1262 2199 universum
1294 2148 1496 2216 quibus
1544 2158 1599 2203 et
1633 2159 1813 2202 motus
1860 2158 1914 2201 et
1947 2147 2163 2202 habitus

498 2228 501 2231 ’
582 2233 853 2287 contineri
882 2236 1136 2306 contigit.
1169 2236 1381 2306 Negant
1428 2239 1573 2292 enim
1609 2239 1934 2306 cujusquam
1968 2238 2160 2291 borum

574 2324 730 2391 juxta
760 2326 1036 2393 propriam
1062 2343 1212 2380 suam
1240 2329 1505 2381 rationem
1534 2328 1860 2395 participem
1884 2342 2006 2381 esse
2032 2330 2159 2382 sub~

578 2417 875 2482 stantiam;
904 2432 1117 2485 semper
1142 2430 1323 2473 tamen
1349 2420 1554 2473 bancce
1586 2421 1657 2471 ita
1684 2418 1934 2472 all‘ectam
1959 2436 2080 2475 esse
2102 2431 2160 2474 ut
2188 2452 2191 2453 ν

585 2506 655 2559 ab
682 2506 877 2559 borum
909 2506 1093 2574 aliquo
1139 2509 1383 2575 separari
1412 2522 1519 2562 non
1547 2509 1718 2575 possit
1748 2525 1761 2573 ;
1789 2524 1854 2563 ac
1879 2510 2157 2564 nihilomi-

581 2611 689 2649 nus
719 2605 901 2662 aptam
942 2611 1063 2650 esse
1107 2612 1226 2665 quae
1250 2611 1442 2652 omnes
1466 2594 1753 2652 efﬁcientis
1777 2615 1951 2653 causa:
1996 2613 2151 2654 actus

510 2746 511 2749 η
574 2685 823 2751 recipiat.
852 2684 1019 2739 Adest
1057 2687 1201 2739 enim
1236 2688 1284 2739 ei
1348 2689 1431 2743 vis
1460 2691 1703 2757 quaedam
1735 2689 1988 2744 universa
2032 2704 2159 2758 per-

587 2777 816 2840 vadens,
874 2792 995 2843 qua:
1025 2787 1079 2831 et
1099 2778 1378 2846 qualitatis
1407 2782 1585 2835 omnis
1614 2790 1670 2835 et
1697 2781 1988 2850 cujuslibet
2011 2783 2161 2835 circa

578 2880 697 2920 eam
725 2868 1155 2934 dispensationis
1175 2884 1338 2923 causa
1364 2871 1457 2924 sit.
1490 2872 1623 2925 Esse
1648 2883 1828 2926 autem
1855 2887 1952 2940 per
1974 2873 2161 2927 omnia

574 2958 893 3009 mutabilem
910 2968 967 3011 et
981 2974 1078 3026 per
1094 2960 1275 3031 omnia
1297 2961 1571 3013 dividuam
1588 2962 1878 3025 allirmant,
1900 2972 1955 3015 et
1972 2976 2164 3030 quam-

570 3043 876 3115 libet257
905 3047 1259 3100 substantiam
1294 3062 1416 3101 cum
1439 3047 1679 3117 qualibet
1701 3064 1821 3103 esse
1846 3064 2024 3118 posse,
2055 3049 2169 3105 sci-

568 3135 694 3191 licet
734 3136 959 3191 unitam.
1003 3137 1268 3203 Quoniam
1325 3150 1505 3191 autem
1538 3141 1604 3193 de
1639 3139 1945 3194 substantia
1980 3137 2162 3205 inqui-

2260 1969 2369 2022 τῶν
2419 1971 2872 2041 ὀνομαζομένων,
2907 1974 3001 2026 καὶ
3040 1970 3096 2036 ἐξ
3140 1965 3206 2041 ἧς
3245 1971 3315 2023 τὰ
3364 1970 3767 2041 ὀνομαζόμενα·
3812 1971 3851 2041 ῆ

2260 2060 2323 2112 τὸ
2355 2060 2571 2131 πρῶτον
2604 2062 2924 2124 ὑπόστατον,
2949 2051 3138 2117 ἄποιον
3160 2079 3175 2093 ·
3225 2061 3258 2131 ἢ
3288 2061 3349 2114 τὸ
3370 2061 3852 2135 προϋφιστάμενον

2258 2153 2372 2213 τοῖς
2399 2147 2581 2205 οὗσιψ
2620 2152 2654 2223 ἢ
2691 2152 2751 2204 τὸ
2772 2136 2956 2215 πάσας
2988 2152 3277 2222 δεχόμενον
3306 2150 3407 2213 τὰς
3446 2149 3755 2220 μεταϐολάς
3781 2164 3851 2200 τε

2259 2242 2354 2294 καὶ
2384 2240 2717 2304 ἀλλοιώσεις,
2752 2242 2883 2294 αὐτὸ
2907 2241 2965 2292 δὲ
2996 2240 3354 2293 ἀναλλοίωτον
3392 2238 3544 2292 ’κατά
3589 2238 3684 2291 τὸν
3714 2237 3854 2289 ἴδιον

2260 2332 2421 2400 λόγον
2443 2351 2456 2362 ’
2486 2333 2602 2404 me.
2628 2335 2897 2403 ὑπομένον
2951 2334 3129 2387 πᾶσαν
3168 2331 3451 2385 ἀλλοίωσιν
3488 2332 3584 2383 καὶ
3614 2328 3853 2400 μεταϐο-

2261 2423 2378 2495 λήν.
2408 2424 2565 2477 Κατὰ
2597 2424 2822 2486 τούτους
2867 2424 2924 2476 δὲ
2971 2427 3003 2494 ἡ
3053 2423 3209 2485 οὐσία
3240 2419 3385 2475 ἐστὶν
3417 2420 3610 2485 ἂποιός
3660 2438 3720 2473 τε
3753 2412 3852 2473 καὶ

2260 2515 2661 2584 ἀσχημάτιστος
2686 2514 2825 2567 κατὰ
2851 2511 2941 2566 τὸν
2970 2514 3103 2567 ἴδιον
3129 2513 3308 2581 λόγον,
3325 2512 3438 2571 ἀλλ’
3465 2512 3592 2564 οὐδὲ
3620 2510 3856 2581 μέγεθος

2260 2602 2698 2671 ἀποτεταγμένον
2731 2602 2956 2670 ἔχουσα,
3004 2604 3153 2676 πάσῃ
3184 2602 3240 2654 δὲ
3292 2602 3532 2670 ἔγκειται
3577 2601 3852 2679 ποιότητι,

2261 2692 2514 2761 καθάπερ
2548 2691 2765 2759 ἕτοιμόν
2794 2708 2846 2743 τι
2887 2693 3102 2763 χωρίον.
3151 2691 3451 2761 Ποιότητας
3475 2690 3532 2743 δὲ
3570 2690 3855 2743 διατακτι-
3892 2690 3895 2691 ⁷

2262 2781 2373 2843 κῶς
2393 2781 2503 2851 (21)
2524 2781 2740 2849 λέγουσι
2762 2781 2864 2844 τὰς
2885 2783 3168 2852 ἐνεργείας
3190 2782 3285 2835 καὶ
3312 2782 3411 2844 τὰς
3449 2782 3697 2851 ποιήσεις
3735 2796 3856 2832 κοι-

2262 2869 2389 2933 νῶς,
2416 2873 2473 2922 ἐν
2505 2867 2593 2933 αἷς
2635 2866 2775 2924 εἶναι
2805 2870 2903 2935 τὰς
2934 2873 3180 2942 κινήσεις
3209 2870 3304 2924 καὶ
3331 2870 3543 2939 σχέσεις
3572 2868 3857 2939 συμϐέϐη-

2263 2977 2358 3012 κεν
2377 2976 2389 2989 '
2409 2960 2531 3034 οὐδε
2546 2978 2687 3024 τινος
2708 2961 2817 3032 γάρ
2848 2962 3051 3017 τούτων
3083 2964 3222 3016 κατὰ
3248 2962 3340 3015 τὸν
3372 2960 3502 3013 tam
3527 2959 3687 3027 λόγον
3720 2976 3855 3028 μετ-

2265 3048 2411 3118 έχειν
2457 3052 2587 3119 φασὶ
2607 3052 2706 3123 τὴν
2742 3053 2931 3106 οὐσίαν
2951 3093 2965 3115 ,
2994 3054 3082 3105 ἀεὶ
3102 3052 3159 3104 δέ
3181 3067 3323 3113 τινος
3342 3048 3522 3102 αὐτῶν
3536 3048 3855 3119 ,ἀχώριστον

2266 3135 2405 3193 εἶναι
2437 3140 2598 3194 πάθει
2621 3142 2803 3212 τήνδε,
2842 3142 2994 3194 οὐδὲν
3021 3139 3184 3213 ἦττον
3211 3141 3306 3194 καὶ
3331 3139 3621 3210 ὲπιδεκτὴν
3657 3139 3854 3195 πασῶν

571 3237 757 3281 rentes
782 3270 798 3294 ,
834 3238 1050 3295 propter
1098 3245 1292 3298 panem
1332 3229 1606 3307 ἐπιούσιον
1636 3229 2072 3293 substantialem,
2105 3237 2154 3282 et

2260 3231 2369 3285 τῶν
2396 3230 2499 3283 τοῦ
2523 3231 2807 3294 ποιοῦντος
2840 3231 3132 3301 ἐνεργειῶν
3175 3230 3251 3292 ὡς
3281 3228 3346 3283 ἂν
3374 3231 3553 3283 ἐκεῖνο
3585 3233 3717 3299 ποιῇ
3752 3232 3855 3283 καὶ

567 3316 820 3384 populum
836 3318 1141 3383 περιούσιον
1161 3318 1509 3385 peculiarem,
1528 3320 1592 3370 ad
1606 3318 2155 3385 distinguendassub-

569 3406 782 3459 Stantia;
834 3407 1017 3459 varias
1058 3408 1481 3476 signiﬁcationes
1531 3408 1644 3459 lnec
1682 3406 1954 3471 diximus,
2002 3411 2158 3479 panis

570 3510 698 3547 vero
728 3494 781 3547 in
817 3497 1190 3563 superioribus
1242 3495 1628 3553 intellectualis
1678 3508 1799 3554 erat
1855 3514 2019 3568 quem
2052 3514 2153 3555 nos

567 3596 751 3652 petere
782 3595 1060 3654 oporteret
1097 3603 1109 3638 :
1144 3584 1460 3640 necessario
1516 3589 1821 3642 substantia
1883 3591 2007 3659 pani
2062 3606 2157 3642 co-

566 3686 727 3745 gnata
763 3676 1106 3746 intelligenda
1133 3682 1235 3741 est,
1267 3686 1325 3727 ut
1359 3677 1499 3730 sicut
1535 3691 1836 3746 corporeus
1890 3681 2047 3746 panis
2099 3681 2151 3732 in

564 3766 682 3834 ejus
718 3766 808 3834 qui
843 3766 1083 3819 nutritur
1130 3781 1327 3833 corpus
1380 3766 1659 3820 immissus
1713 3767 1858 3820 cedit
1888 3768 1941 3821 in
1982 3770 2152 3837 ipsius

564 3856 924 3908 substantiam
964 3874 978 3909 :
1010 3856 1089 3909 sic
1118 3857 1273 3923 panis
1301 3856 1455 3909 vivus
1487 3858 1577 3924 qui
1608 3857 1675 3911 de
1704 3858 1843 3911 caelo
1874 3860 2152 3915 descemlit

565 3944 619 3997 in
652 3955 883 3997 mentem
911 3955 965 3999 et
993 3948 1229 4000 animam
1258 3948 1535 4013 immissus
1570 3964 1727 4003 suam
1761 3950 1811 4003 ei
1838 3952 2146 4005 communi-

566 4043 658 4086 cet
692 4034 947 4088 virtutem
982 4038 1071 4105 qui
1104 4054 1161 4091 se
1186 4028 1539 4096 nutriendum
1568 4044 1671 4111 ipsi
1707 4044 2021 4111 prmbuerit.
2052 4046 2147 4095 At-

566 4136 671 4187 que
702 4124 773 4175 ita
804 4127 908 4177 erit
936 4125 1025 4179 ille
1053 4142 1211 4194 quem
1248 4129 1513 4195 petimus,
1557 4133 1713 4199 panis
1742 4132 2144 4187 substantialis.

568 4213 773 4266 liursns
810 4231 823 4265 :
855 4218 1483 4285 quemadtuoiiumjuxta
1522 4222 1767 4275 alimenti
1803 4223 2141 4289 qualitatem,

563 4301 708 4372 quod
740 4312 832 4354 aut
863 4303 1091 4356 solidum
1136 4308 1205 4358 sit
1253 4304 1955 4378 athletisqueconveniens
1984 4351 2000 4373 ,
2052 4321 2145 4365 aut

566 4392 794 4445 lacteum
827 4392 1134 4448 oleribusve
1195 4397 1393 4459 simile,
1424 4401 1655 4453 diversa:
1690 4412 1821 4455 sunt
1843 4401 1961 4466 ejus
1995 4404 2139 4457 vires

2262 3321 2601 3392 μεταϐάλλῃ’
2634 3323 2663 3373 ὁ
2695 3314 2804 3390 γὰρ
2840 3318 3013 3373 συνὼν
3064 3320 3201 3389 αὐτῇ
3248 3320 3434 3383 τόνος,
3460 3320 3555 3371 καί
3582 3319 3653 3371 δι’
3706 3318 3853 3372 ὅλων

2257 3411 2591 3481 κεχωρηκὼς
2615 3450 2630 3474 ,
2663 3412 2847 3481 πάσης
2876 3428 2939 3463 τε
2966 3411 3252 3481 ποιότητος
3298 3412 3392 3464 καὶ
3420 3411 3529 3464 τῶν
3571 3411 3701 3482 περὶ
3747 3411 3854 3463 αὑ·-

2254 3502 2354 3571 τὴν
2382 3501 2556 3563 αἴτιος
2581 3494 3001 3574 ἂνξοίκονομιῶν
3034 3502 3167 3573 (22),
3204 3500 3282 3555 Δι’
3311 3501 3448 3556 ὅλων
3470 3519 3530 3554 τε
3559 3499 3845 3570 μεταῦλη-

2251 3594 2385 3663 τὴν,
2434 3594 2532 3648 καὶ
2578 3593 2643 3645 δι’
2694 3594 2830 3649 ὅλων
2891 3594 3165 3666 διαιρετὴν
3216 3593 3467 3661 λέγουσιν
3514 3588 3652 3645 εἶναι
3676 3631 3693 3654 ,
3747 3592 3851 3643 καὶ

2253 3686 2659 3739 πᾶσανηούσίαν
2692 3686 2860 3758 πάσῃ
2904 3686 3216 3757 συγχεῖσθαι
3261 3683 3561 3751 δύνασθαι,
3626 3685 3849 3753 ἡνωμέ-

2251 3792 2347 3847 νην
2371 3774 2483 3847 (25)
2514 3778 2717 3847 μέντοι.
2763 3779 2913 3831 Ἐπεὶ
2938 3762 2995 3832 δὲ
3018 3778 3147 3849 περὶ
3178 3777 3275 3846 τῆς
3305 3775 3497 3837 οὐσίας
3530 3774 3843 3843 ζητοῦντες,

2248 3867 2335 3921 διὰ
2368 3868 2460 3921 τὸν
2492 3870 2765 3923 ἐπιούσιον
2808 3862 2989 3939 ἄρτον,
3038 3868 3133 3920 καὶ
3186 3867 3277 3919 τὸν
3317 3864 3642 3935 ,περιούσιόν
3688 3866 3841 3932 λαὸν,

2247 3962 2328 4021 είς
2356 3959 2416 4011 τὸ
2441 3960 2508 4013 τὰ
2540 3960 2871 4028 σημαίνοντα
2915 3957 3271 4027 διακριθῆναι
3305 3955 3423 4027 τῆς¹
3451 3956 3641 4020 οὐσίας
3688 3945 3845 4025 ταῦτ’

2246 4049 2547 4119 εἰρήκαμεν
2571 4066 2585 4079 ·
2620 4049 2781 4117 ἄρτος
2810 4050 2866 4101 δὲ
2895 4051 2953 4101 ὲν
2995 4050 3108 4110 τοῖς
3137 4047 3243 4117 πρὸ
3273 4046 3489 4127 τούτηψθ⁸
3525 4040 3713 4127 νοητὸς
3749 4044 3842 4118 ἦν,

2245 4137 2304 4189 ὃν
2333 4140 2501 4189 αίτείν
2531 4139 2678 4206 ἡμεῖς
2734 4139 2907 4208 ἐχρῆν
2932 4179 2946 4204 ,
2988 4126 3279 4205 ἀναγκαῖον
3323 4124 3665 4209 συ-Πένῆτῷ
3690 4130 3843 4209 ἄρτῳ

2245 4226 2344 4295 τὴν
2372 4227 2559 4279 οὐσίαν
2593 4224 2732 4279 εἶναι
2758 4231 2922 4291 νοεῖν,
2958 4229 3026 4281 ἵν’
3051 4229 3199 4281 ὥσπε
3208 4247 3239 4299 ρ
3263 4230 3291 4282 ὁ
3321 4228 3633 4298 σωματικὸς
3675 4229 3842 4300 ἄρτος

2244 4315 2621 4385 ἀναδιδόμενος
2650 4320 2729 4380 εἰς
2761 4318 2821 4370 τὸ
2853 4319 2945 4372 τοῦ
2977 4322 3310 4392 τρεφομένου
3339 4302 3518 4392 σῶμα,
3542 4306 3712 4393 χωρεῖ
3735 4324 3841 4375 αὐ-

2242 4406 2337 4458 τοῦ
2367 4407 2447 4468 εἰς
2478 4407 2573 4477 τὴν
2605 4407 2812 4473 οὐσίαν,
2846 4410 3017 4473 οὕτως
3044 4414 3071 4464 ὁ
3104 4413 3232 4477 ζῶν,
3252 4414 3359 4466 νκαὶ
3386 4413 3445 4476 ἐξ
3477 4411 3707 4482 οὐρανοῦ
3734 4430 3839 4463 κα-

562 4481 653 4548 qui
712 4482 980 4545 nutritur;
1046 4483 1117 4534 ita
1176 4485 1336 4536 etiam
1406 4502 1743 4554 consequens
1815 4500 1935 4555 est,
2018 4507 2148 4555 cum.

2258 4497 2567 4568 ταϐεεηκὼς
2601 4500 2771 4569 ἄρτος
2793 4502 3168 4572 ἀναδιδόμενος
3198 4506 3279 4566 εἰς
3313 4502 3406 4555 τὸν
3438 4481 3562 4554 νοῦν
3606 4502 3698 4555 καὶ
3738 4501 3838 4575 τὴν

566 4571 785 4623 verbum
820 4572 913 4624 Dei
955 4573 1101 4626 velut
1130 4576 1209 4625 lac
1237 4577 1419 4641 pueris
1444 4581 1770 4644 praebeatur,
1825 4581 1909 4632 vel
1944 4591 2000 4635 ut
2026 4586 2145 4637 olus

563 4660 794 4714 inlirmis
850 4672 1084 4730 aptum,
1145 4665 1226 4716 vel
1295 4676 1354 4719 ut
1399 4682 1527 4722 caro
1582 4670 1921 4724 certantibus
1975 4674 2142 4738 u'ilis,

561 4760 1002 4821 unumquemque
1054 4769 1241 4808 eorum
1283 4759 1373 4821 qui
1430 4762 1747 4831 nutriuntur
1802 4764 2144 4830 pt‘0portione

563 4842 793 4906 quadam
826 4858 924 4911 pro
955 4858 1012 4897 ut
1038 4863 1095 4900 se
1130 4848 1295 4902 verbo
1326 4850 1593 4915 exhibuit,
1627 4854 1727 4906 hoc
1750 4852 1831 4906 vel
1869 4854 1995 4906 illud
2027 4856 2143 4908 eili-

560 4947 709 4996 ccre,
744 4936 1012 5004 talemque
1041 4940 1119 4992 vel
1158 4941 1315 4995 talem
1355 4943 1494 4996 ﬁeri.
1528 4944 1699 4999 Porro
1752 4948 2007 5001 alimenta
2036 4964 2133 5015 pu-

562 5030 745 5075 tantur
797 5022 916 5079 es~ic
971 5032 1218 5096 quaedam
1287 5036 1587 5098 mortifera,
1623 5040 1865 5105 quaedam
1916 5026 2135 5093 morbos

559 5125 848 5180 generant,
902 5119 1143 5185 quaedam
1193 5140 1257 5176 ne
1296 5126 1433 5178 sumi
1484 5126 1699 5193 quidem
1731 5136 1989 5195 possunt:
2018 5144 2137 5197 qua:

560 5364 753 5445 triens,
809 5366 1085 5445 (residuus,
1138 5375 1481 5437 quotidianus
1508 5414 1523 5438 ,
1567 5385 1626 5428 ut
1670 5364 1803 5445 bene
1838 5386 1895 5430 et
1946 5375 2139 5431 Latine

562 5434 735 5505 vertit
761 5434 1010 5505 vulgatus
1042 5434 1333 5505 interpres.
1508 5434 1518 5438 7
1769 5439 1775 5445 ’
1826 5463 1831 5467 “
1980 5482 1986 5489 ·

631 5502 746 5567 (l9)
790 5504 968 5582 Codex
1022 5524 1122 5582 nis.
1152 5502 1667 5582 ,__1:90r7700ttéqu,
1722 5514 1851 5566 ezlit.
1910 5514 2087 5567 Oxon.
2121 5553 2134 5574 ,

562 5572 1212 5650 προηγουμένοιςΡιιλιιΙο
1264 5572 1385 5650 poSt
1435 5572 1529 5647 pro
1558 5572 1865 5649 φάσκουσι,
1923 5572 2136 5650 νενόμιὲ

564 5640 1169 5720 atatzkllgntleiuslcsit,
1205 5640 1501 5713 φάσκουσιν
1534 5640 1868 5720 ιῐὶνόμασταιξ

632 5709 746 5777 (20)
775 5709 1128 5791 deeimsf,
1186 5709 1391 5782 γίνεται
1437 5722 1470 5788 ἡ
1521 5709 1676 5791 αὖξτξ.
1728 5723 1871 5776 Ειιιι.
1910 5720 2086 5775 Oxon.
2118 5758 2131 5783 ,

568 5778 777 5850 γίνηται
811 5781 841 5850 ή
879 5778 1123 5849 αῠξησις.
1198 5778 1211 5782 ⁷
1270 5806 1271 5809 η

2251 4586 2446 4658 ψυχὴν,
2494 4589 2705 4658 μεταδῷ
2754 4592 2853 4661 τῆς
2901 4592 3034 4656 ἰδίας
3079 4594 3359 4664 δυνάμεως
3393 4586 3838 4661 ὲμπαρεσχηκάτι

2251 4678 2441 4729 ἑαυτὸν
2470 4682 2534 4750 τῇ
2564 4682 2657 4733 ἀπ’
2691 4681 2853 4734 αὑτοῦ
2883 4687 3077 4753 τροφῇ.
3106 4684 3215 4735 Καὶ
3246 4682 3417 4743 οὕτως
3452 4681 3602 4733 ἔσται
3630 4683 3740 4751 (9.4)
3777 4684 3838 4736 δν

2253 4770 2508 4841 αἰτοῦμεν
2539 4772 2700 4843 ἄρτον
2731 4773 3021 4825 ἐπιούσιον.
3058 4773 3167 4824 Καὶ
3193 4771 3349 4822 πάλιν
3382 4771 3439 4823 ὃν
3464 4771 3663 4841 τρόπον
3692 4772 3835 4825 κατά

2250 4858 2347 4932 τὴν
2370 4862 2623 4933 ποιότητα
2646 4862 2745 4931 τῆς
2770 4864 2989 4933 τροφῆς,
3019 4864 3241 4930 στερεᾶς
3270 4859 3435 4931 οὔσης
3459 4864 3551 4914 καὶ
3572 4862 3834 4933 ἁΟληταῖς
3872 4875 3883 4884 °

2242 4953 2606 5026 ἁρμοζούσης,
2629 4956 2660 5024 ἢ
2684 4953 3061 5021 γαλακτώδους
3086 4953 3227 5015 τινὸς
3259 4954 3351 5005 καὶ
3375 4953 3733 5023 λαχανώδους,
3772 4958 3832 5009 ὲν

2244 5042 2482 5113 διαφόρῳ
2519 5044 2742 5112 δυνάμει
2772 5046 2799 5094 ὀ
2828 5044 3155 5113 τρεφόμενος
3190 5043 3435 5109 γίνεται·
3481 5045 3654 5109 οὕτως
3702 5047 3833 5100 ἀκό-

2243 5132 2430 5185 λουθόν
2457 5136 2567 5184 ἐστι
2614 5132 2901 5199 τοῦλόγου
2950 5133 3043 5185 τοῦ
3094 5133 3247 5197 θεοῦ,
3307 5135 3424 5203 ἦτοι
3450 5136 3524 5198 ὡς
3557 5136 3829 5203 γάλακτος

2321 5373 2441 5441 (El)
2484 5371 2896 5437 Διατακτικώς.
2932 5372 3165 5441 Legebat
3197 5373 3447 5427 dominus
3472 5367 3825 5439 Flcnry,6ta-

2244 5457 2503 5501 τατικως.

2317 5509 2428 5575 (:22)
2462 5508 2673 5581 ᾼΛῖζιος
2700 5509 2775 5561 ἂν
2807 5511 3171 5581 οἰκονομιῶν.
3216 5512 3358 5580 Lego
3393 5524 3515 5563 cum
3566 5510 3832 5581 Bentleio,

2253 5579 2425 5639 αἴτιος
2456 5575 2574 5649 δινῇ
2607 5580 2943 5649 οἰκονομιῶν.
3002 5575 3019 5581 ⁷
3295 5575 3317 5580 ⁷
3348 5648 3351 5649 ν
3454 5634 3459 5641 ,

2314 5650 2423 5721 (itii)
2457 5645 2765 5721 (gout-stus.
2786 5645 3086 5721 ἡνωμένην.
3117 5650 3296 5721 Editin
3323 5645 3819 5721 υκυιιηηικυμένη.

2312 5714 2425 5785 (2i)
2459 5716 2567 5768 Kal
2601 5714 2816 5785 οὕτως’
2838 5714 3157 5783 artaque.
3187 5718 3351 5785 Forte
3386 5714 3690 5783 legendum,
3720 5718 3817 5771 καὶ

2240 5780 2574 5848 οὗτοςὲσται
2612 5788 2669 5839 ὃν
2703 5780 3168 5861 αἰτοῦμεν,ἀρτος
3204 5780 3493 5845 ἐπιούσιος.
