4116 6312
669 396 777 453 M9

2131 389 2456 446 ORIGENIS

3802 423 3922 477 520

665 515 756 569 sit.
786 513 941 580 Saepe
979 509 1107 566 mihi
1153 511 1341 566 oborta
1376 498 1643 564 dubitatio
1693 517 1777 564 est
1819 511 1953 561 (lIIOS
1986 509 2221 574 Aposmli

2333 528 2422 563 τον
2453 510 2570 580 Θεῷ
2601 511 2772 579 φίλος,
2798 512 2871 574 ώς
2901 511 3161 564 πλειόνων
3198 509 3383 581 μηνῶν
3411 511 3502 564 τὸν
3527 512 3740 582 πρῶτον
3783 515 3921 567 ἰδεῖν

667 612 845 658 textus
876 602 1205 665 cool'ereuti,
1259 603 1530 669 quomodo
1556 599 1966 654 consummatio
2001 599 2230 652 stt‘cnlo-

665 711 782 748 rmn
815 695 886 748 sit
917 696 968 747 in
1009 711 1114 762 qua
1145 694 1313 747 semel
1346 695 1412 746 ad
1445 693 1857 745 destitutionem
1890 692 2094 757 peccati
2140 688 2231 743 .le-

663 799 759 838 sus
790 784 1057 852 apparuit,
1091 783 1135 833 si
1181 781 1358 834 futura
1394 789 1528 832 sunt
1575 779 1771 832 smcula
1815 790 1932 845 post
1962 779 2068 830 hoc
2097 792 2229 831 ven-

665 886 810 930 tura.
852 874 974 926 Ila-c
1015 887 1144 926 vero
1169 887 1296 925 sunt
1333 872 1503 939 ipsius
1539 868 1729 932 verba,
1755 869 1807 920 in
1843 868 2078 936 Epistula
2107 868 2231 935 qni-

663 968 784 1020 dcm
818 965 882 1016 ad
910 964 1163 1016 llehrzeos
1192 981 1206 1015 :
1245 961 1402 1013 Nunc
1429 973 1603 1012 autem
1633 960 1789 1013 semel
1812 960 1866 1010 in
1902 974 2230 1010 consumma-

663 1058 802 1107 tione
819 1054 1127 1108 swculorum
1150 1053 1218 1104 ad
1239 1053 1627 1104 destitutionem
1652 1052 1875 1118 peccati.
1900 1054 2226 1118 perltostiam

662 1162 810 1196 suam
846 1145 1088 1213 apparuit
1122 1144 1164 1173 ⁸⁷
1189 1160 1202 1205 ;
1227 1143 1277 1194 iu
1312 1141 1545 1209 Epistola
1588 1151 1765 1194 autem
1809 1145 1875 1194 ad
1920 1144 2178 1210 Ephesios
2213 1143 2229 1198 έ

665 1233 730 1288 Ut
763 1236 1047 1288 ostenderet
1071 1236 1126 1287 in
1162 1234 1368 1286 swculis
1391 1234 1866 1300 supervenientibus
1898 1236 2227 1288 abundantes

660 1328 870 1380 divitias
885 1326 1067 1392 gratia:
1093 1341 1200 1377 sua:
1227 1326 1280 1376 in
1313 1325 1542 1376 bonitate
1567 1341 1723 1388 super
1757 1341 1854 1376 nos
1875 1325 1946 1376 ⁸⁸.
1969 1327 2040 1379 De
2066 1328 2229 1379 tantis

659 1417 816 1485 251
851 1417 1030 1482 itaque
1050 1416 1208 1468 rebus
1224 1415 1304 1467 sic
1327 1413 1558 1482 conjicio
1577 1432 1589 1464 :
1611 1424 1669 1464 ut
1691 1417 1816 1477 anni
1836 1418 2228 1468 consummatio

662 1508 859 1558 mensis
889 1506 1108 1557 ultimus
1131 1515 1210 1558 est
1236 1514 1358 1572 post
1381 1519 1536 1572 quem
1566 1507 1731 1558 instat
1754 1507 1968 1558 initium
2003 1506 2228 1557 alterius

660 1597 883 1658 tltensis‘,
902 1597 979 1649 sic
995 1595 1227 1648 fortasse
1245 1611 1365 1647 cum
1386 1596 1612 1662 plurima
1631 1600 1824 1647 saecula
1844 1595 2006 1648 veluti
2029 1610 2226 1646 annum

659 1687 976 1741 smculorum
1019 1686 1375 1753 impleverint,
1426 1686 1818 1739 consummatio
1867 1695 1949 1738 est
1987 1699 2228 1754 prtescns

657 1777 933 1838 saeculum,
954 1788 1069 1842 post
1094 1778 1236 1843 quod
1255 1776 1431 1828 l'utnra
1452 1778 1689 1842 quardam
1709 1776 1987 1828 instabunt
2011 1775 2224 1838 saecula,

655 1882 885 1936 quorum
909 1867 1229 1934 principium
1245 1867 1566 1919 sitfuturum
1587 1868 1870 1926 saeculum;
1891 1877 1943 1918 et
1964 1868 2016 1918 in
2033 1868 2227 1936 futuris

659 1961 764 2012 illis
780 1961 1023 2012 ostendet
1049 1960 1185 2011 Deus
1205 1959 1418 2012 divitias
1439 1961 1620 2027 gratiae
1646 1975 1756 2011 suae
1775 1960 1828 2011 in
1851 1960 2123 2023 bonitate;
2150 1961 2223 2012 ita

656 2061 976 2102 utsummus
1002 2049 1093 2100 ille
1125 2059 1381 2114 peccator
1398 2062 1451 2101 et
1473 2050 1523 2099 in
1548 2049 1808 2114 Spiritum
1833 2059 2080 2102 sanctum
2109 2050 2226 2102 bla-

658 2140 910 2206 sphemus
927 2155 1020 2206 per
1036 2148 1203 2190 totum
1224 2140 1325 2190 hoc
1343 2154 1577 2204 prmsens
1596 2139 1846 2189 saeculum
1865 2154 1892 2189 τι
1907 2150 2126 2206 peccato
2139 2141 2227 2192 de—

659 2231 912 2294 tineatur,
927 2240 980 2283 et
997 2238 1116 2296 post
1137 2231 1247 2280 haec
1266 2230 1318 2280 in
1334 2230 1514 2280 tiituro
1532 2231 1598 2280 ab
1617 2230 1770 2279 initio
1786 2231 1848 2280 atl
1872 2229 2028 2282 tinem
2047 2233 2116 2281 sit
2135 2245 2225 2281 ne-

657 2319 771 2370 scio
786 2317 1054 2385 quomodo
1069 2315 1532 2369 tractamlus.ll:cc
1547 2319 1634 2381 qui
1653 2319 1926 2379 vitlerit,et
1943 2319 2226 2369 hebdoma-

659 2411 778 2459 dam
807 2406 1126 2457 saeculorum
1157 2413 1337 2456 mente
1363 2405 1691 2469 conceperit,
1712 2413 1767 2455 ut
1791 2412 2036 2455 sanctum
2063 2405 2226 2469 quod-

657 2495 779 2545 dam
826 2493 1121 2546 Sabbatum
1153 2494 1582 2558 contempletur;
1611 2502 1664 2544 et
1711 2492 2026 2544 sznculurum
2077 2506 2224 2544 men-

656 2598 793 2646 sem,
826 2593 880 2637 ut
907 2593 1152 2635 sanctum
1191 2583 1280 2634 Dei
1309 2583 1635 2635 novilunium
1663 2582 1874 2645 videat;
1904 2591 1955 2633 et
1996 2582 2220 2633 saaculo-

660 2688 779 2725 rum
807 2687 1033 2735 annum,
1058 2681 1118 2723 ut
1149 2673 1316 2724 etiam
1350 2672 1475 2723 anni
1507 2673 1638 2722 l'esta
1681 2671 1996 2737 perSpiciat,
2021 2672 2222 2737 quibus

654 2749 1040 2832 oportet'omne
1069 2761 1416 2812 masculinum
1448 2776 1706 2827 apparere
1737 2762 1788 2811 in
1815 2771 2088 2824 conspectu
2116 2759 2222 2810 Do-

655 2856 784 2909 mini
807 2853 897 2905 Dei
918 2854 999 2916 ‘9;
1031 2863 1084 2906 et
1126 2854 1323 2904 talibus
1352 2852 1560 2904 szcculis
1579 2852 2005 2919 proportionales
2027 2866 2220 2914 annos,

655 2957 713 2998 ut
747 2945 1036 3012 septimum
1090 2952 1338 2995 sanctum
1390 2957 1590 2994 annum
1647 2941 1935 3011 percipiat;
1991 2941 2222 3008 denique

653 3049 776 3088 cum
818 3031 1155 3099 septenarios
1195 3040 1401 3095 septem
1448 3043 1620 3080 annos
1659 3027 1978 3080 sa‘culorum
2030 3028 2221 3093 exqui-

654 3123 809 3177 sierit
841 3137 949 3188 quo
977 3120 1156 3189 magis
1195 3134 1317 3172 eum
1357 3119 1628 3173 collaudet
1660 3116 1751 3182 qui
1793 3125 1899 3166 tam
1945 3115 2220 3168 mirabiles

654 3215 836 3282 posuit
871 3213 1013 3279 leges
1056 3228 1070 3261 :
1113 3211 1385 3276 quomodo
1415 3217 1592 3276 potest
1625 3207 1854 3274 turpiter
1877 3207 2022 3259 circa
2063 3205 2222 3257 mini-

659 3320 802 3356 mam
847 3305 994 3356 hut-re
1031 3302 1350 3370 particulam
1386 3301 1546 3353 unius
1581 3295 1687 3350 diei
1738 3298 1999 3363 ejusmodi
2041 3298 2219 3350 saeculi

650 3393 931 3457 occupari,
962 3401 1018 3443 et
1048 3406 1154 3442 non
1199 3390 1412 3456 quidvis
1439 3387 1604 3439 faciet
1650 3395 1728 3448 ut,
1775 3400 1899 3436 cum
1947 3386 2036 3436 hic
2075 3397 2224 3437 reete

653 3492 985 3549 praeparatus
1023 3490 1078 3533 et
1106 3481 1298 3546 dignus
1372 3476 1544 3530 factus
1608 3474 1860 3551 eril,.qui
1893 3474 2223 3526 substantia-

655 3572 758 3624 lem
794 3586 980 3638 panem
1021 3569 1281 3621 hodierna
1323 3568 1410 3620 die
1457 3575 1850 3630 consequatur.
1892 3565 2128 3629 accipiat
2170 3574 2225 3615 et

653 3663 710 3712 in
735 3662 911 3713 diem?
936 3657 1058 3710 Jam
1099 3663 1248 3710 enim
1279 3673 1348 3710 ex
1379 3656 1652 3724 pra-dictis
1703 3665 1948 3718 apertum
1987 3664 2067 3706 est
2094 3654 2221 3720 quid

655 3751 729 3804 sit
758 3752 810 3801 in
829 3751 986 3800 client.
1007 3749 1108 3812 Qui
1142 3749 1283 3800 enim
1304 3748 1561 3808 hodierna
1593 3745 1676 3795 die
1697 3745 1860 3795 Deum
1890 3745 1978 3810 qui
2007 3759 2068 3795 ex
2106 3743 2224 3794 inli-

659 3841 785 3893 ttitis
813 3841 863 3892 in
894 3840 1162 3891 inﬁnitum
1217 3837 1453 3897 exsistit,
1482 3829 1596 3887 'iton
1629 3846 1832 3889 tantum
1879 3845 2132 3900 precatur
2166 3842 2223 3883 ut

659 3931 839 3990 hodie,
883 3929 975 3980 sed
1006 3937 1061 3978 et
1103 3928 1159 3977 in
1205 3927 1342 3978 diem
1372 3927 1623 4001 accipiat,
1655 3925 1699 3976 is
1731 3925 1798 3975 ab
1826 3937 1889 3976 eo
1917 3923 2005 3989 qui
2041 3933 2220 3987 potens

653 4035 733 4074 est
765 4023 892 4072 dare
917 4019 1410 4084 superabundanter
1448 4031 1602 4084 quam
1633 4016 1858 4078 petimus
1884 4023 1972 4063 aut
2019 4011 2218 4063 intelli-

654 4117 830 4185 gimus
859 4113 927 4176 ⁷⁸,
978 4111 1226 4176 accipere
1259 4110 1476 4176 poterit,
1528 4117 1584 4158 ut
1631 4108 1710 4158 sic
1759 4104 2108 4174 hyperbolice
2141 4105 2223 4153 di-

655 4221 802 4267 cam,
839 4205 1002 4255 etiam
1044 4204 1320 4267 superiora
1356 4199 1421 4251 iis
1457 4213 1578 4265 qua:
1619 4197 1803 4247 oculus
1841 4211 1943 4246 non
1985 4195 2134 4255 vidit,
2167 4205 2221 4246 et

653 4297 936 4364 superiora
993 4293 1057 4345 iis
1088 4308 1208 4359 qua:
1237 4291 1379 4342 auris
1415 4307 1518 4341 non
1559 4289 1798 4349 audivit,
1849 4296 1900 4340 et
1941 4286 2218 4352 superiora

659 4388 726 4440 iis
751 4402 868 4453 qum
893 4387 947 4435 in
975 4398 1065 4432 cor
1081 4379 1304 4431 hominis
1332 4395 1432 4429 non
1462 4379 1815 4428 ascenderunt
1836 4375 1900 4426 τι.
1935 4373 2060 4426 [Lee
2083 4372 2217 4426 mihi

2334 603 2426 654 καί
2456 601 2551 671 τὴν
2585 601 2816 672 δεκάτην
2863 602 3029 654 αὐτοῦ
3069 603 3298 672 ἡμέραν,
3335 604 3428 656 καὶ
3469 603 3536 654 τὰ
3570 602 3692 674 ἑξῆς
3717 623 3731 669 ;
3761 607 3830 656 Τί
3857 607 3916 658 δέ

2335 709 2402 759 με
2429 693 2511 745 δεῖ
2550 694 2727 760 λέγειν
2772 695 2899 762 περὶ
2940 695 3037 764 τῆς
3071 695 3262 763 ἑορτῆς
3296 695 3405 746 τῶν
3440 696 3577 749 ἑπτὰ
3602 696 3918 765 ἑϐδομάδων

2332 780 2575 849 ἡμερῶν,
2612 782 2706 832 καὶ
2757 782 2884 853 περὶ
2929 781 3021 834 τοῦ
3066 781 3292 851 ἑϐδόμου
3341 783 3529 852 μηνὸς,
3561 779 3621 836 οῦ
3654 786 3687 853 ή
3712 802 3897 855 νεομη-

2331 872 2417 923 νία
2455 870 2564 942 (45)
2593 868 2772 942 ἡμέρα
2799 871 3113 940 σαλπίγγων
3152 873 3290 935 ἐστὶ,
3326 876 3390 944 τῇ
3417 873 3472 926 δὲ
3502 874 3700 944 δεκάτῃ
3728 875 3918 946 ἡμέρα

2334 962 2583 1032 ἱλασμοῦ,
2631 962 2708 1030 τῷ
2750 962 2896 1032 μόνῳ
2942 963 3365 1032 νομοθετήσαντι
3410 964 3551 1016 αὐτὰ
3583 965 3702 1034 Θεῷ
3743 967 3918 1032 ἑγνωο

2332 1053 2581 1122 σμένων;
2622 1053 2718 1115 Τίς
2749 1054 2805 1105 δὲ
2836 1054 2927 1106 ἐπὶ
2946 1053 3194 1107 τοσοῦτον
3224 1055 3314 1108 τὸν
3331 1054 3567 1124 Χριστοῦ
3597 1056 3705 1126 (46)
3737 1057 3921 1125 κεχώ-

2333 1160 2466 1214 ρηκε
2506 1143 2651 1204 νοῦν,
2682 1144 2757 1204 ὡς
2783 1145 2908 1208 τοὺς
2941 1144 3197 1215 ἑϐδόμους
3235 1147 3514 1208 ἐνιαυτοὺς
3556 1147 3652 1214 τῆς
3687 1146 3914 1199 ἐλευθε-

2333 1232 2457 1300 ρίας
2500 1231 2608 1283 τῶν
2646 1232 2910 1302 Ἐϐραίων
2947 1231 3196 1295 οἰκετῶν,
3248 1235 3342 1286 καὶ
3377 1236 3476 1304 τῆς
3509 1235 3758 1302 ἀφέσεως
3797 1238 3917 1292 τῶν

2331 1321 2530 1392 χρεῶν,
2565 1320 2798 1383 ἀνέσεώς
2828 1339 2886 1373 τε
2906 1323 3015 1374 ἀπὸ
3036 1319 3308 1392 γεωργίας
3348 1325 3447 1393 τῆς
3478 1325 3642 1391 ἁγίας
3667 1326 3768 1394 γῆς
3817 1329 3919 1380 ὲκ-

2328 1413 2544 1479 λνιϐεῖν;
2582 1414 2738 1465 Ἐστι
2763 1413 2821 1465 δέ
2843 1430 2924 1475 τις
2959 1415 3051 1464 καὶ
3083 1413 3335 1484 ἀνωτέρω
3360 1415 3459 1484 τῆς
3477 1415 3565 1467 διὰ
3597 1417 3736 1468 ἑπτὰ
3767 1417 3916 1470 ἑτῶν

2331 1503 2524 1572 ἑορτῆς
2569 1502 2970 1571 ὁκαλούμενος
3026 1501 3370 1570 Ἰώϐηλαῖοςο
3427 1504 3612 1557 ὅντινα
3661 1490 3761 1556 κᾶν
3813 1507 3914 1559 ἐπὶ

2331 1592 2496 1645 ποσὸν
2528 1591 2893 1662 φαντασθῆναι
2928 1588 3066 1643 εἷναί
3099 1609 3150 1642 τι
3179 1591 3412 1662 τρανῶς,
3442 1593 3475 1662 ἢ
3509 1593 3634 1654 τοὺς
3671 1595 3730 1645 ἐν
3756 1595 3914 1664 αὑτῷ

2330 1681 2527 1750 νόμους
2546 1682 3070 1752 πληρωθησομένους
3092 1683 3377 1751 ἀληθινοὺς
3396 1683 3529 1752 (47),
3553 1684 3767 1746 οὐδενός
3788 1687 3913 1737 ἐστι

2329 1772 2421 1824 τοῦ
2469 1773 2566 1842 τὴν
2613 1774 2882 1842 πατρικὴν
2921 1773 3115 1843 βουλὴν
3164 1774 3289 1842 περὶ
3337 1774 3437 1843 τῆς
3469 1775 3526 1826 ὲν
3578 1774 3749 1826 ἅπασι
3793 1777 3914 1838 τοῖς

2329 1861 2487 1913 αἰῶσι
2516 1862 2810 1925 διατάξεως
2855 1862 2995 1914 κατά
3045 1862 3110 1914 τὰ
3151 1862 3548 1933 ἀνεξερεύνητα
3589 1864 3752 1914 αὑτοῦ
3783 1864 3915 1931 κρί-

2331 1970 2494 2022 ματα,
2533 1955 2626 2004 καὶ
2667 1952 2764 2015 τὰς
2789 1953 3228 2023 ἀνεξιχνιάστους
3258 1953 3423 2004 αὑτοῦ
3458 1954 3609 2016 ὁδοὺς
3633 1955 3916 2027 τεθεωρη-

2327 2044 2502 2105 κότος.
2549 2043 2816 2106 Πολλάκις
2860 2044 2918 2096 δέ
2959 2061 3048 2113 μοι
3097 2043 3328 2112 ἐπῆλθεν
3359 2043 3468 2113 (48)
3500 2046 3728 2113 ἀπορεῖν
3773 2062 3914 2114 συγ-

2325 2133 2574 2204 κρούοντι
2620 2134 2712 2186 δύο
2758 2133 2930 2197 λέξεις
2989 2134 3394 2196 ἀποστολικὰς,
3443 2134 3559 2196 πῶς
3626 2137 3915 2189 συντέλεια

2325 2224 2540 2278 αἰώνων
2570 2225 2741 2287 ἐστὶν,
2781 2227 2866 2294 ἐφ’
2905 2220 3113 2299 ᾗᾶπαξ
3163 2229 3242 2289 είς
3281 2228 3541 2295 ἀθέτησιν
3583 2229 3690 2278 τῶν
3725 2229 3914 2298 ἀμαρ-

2323 2316 2454 2368 τιῶν
2523 2314 2733 2383 Ἰησοῦς
2800 2315 3218 2385 πεφανέρωται,
3286 2317 3334 2368 εἰ
3413 2314 3698 2384 μέλλουσιν
3765 2309 3913 2366 εἶναι

2324 2405 2518 2465 αἰῶνες
2577 2405 2716 2472 μετὰ
2769 2403 2958 2456 τοῦτον
3027 2403 3403 2473 ἐπερχόμενοι.
3457 2405 3679 2471 Ἔχουσι
3735 2402 3791 2453 δὲ
3854 2403 3912 2455 αἱ

2322 2493 2497 2557 λέξεις
2560 2492 2725 2546 αὑτοῦ
2777 2494 2973 2556 οὕτως,
3022 2495 3082 2546 ἑν
3130 2493 3228 2562 μιν
3271 2496 3337 2563 τῇ
3389 2493 3523 2563 πρὸς
3578 2494 3909 2564 Ἑϐραίουςο

2323 2585 2473 2637 Νυνὶ
2526 2582 2594 2635 δὲ
2644 2583 2805 2645 ἅπαξ
2865 2581 2964 2635 ἐπὶ
3015 2584 3337 2648 συντελείᾳ
3372 2583 3489 2635 τῶν
3536 2583 3767 2635 αἰώνων
3820 2589 3912 2650 εις

2322 2675 2606 2737 ἀθέτησιν
2645 2673 2762 2724 τῶν
2803 2671 3102 2740 ἁμαρτιῶν
3129 2671 3247 2725 ’διὰ
3302 2672 3409 2738 τῆς
3457 2675 3672 2737 θυσίας
3717 2675 3912 2726 αὑτοῦ

2323 2765 2753 2833 πεφανέρωται·
2795 2765 2852 2815 ἑν
2905 2762 2960 2813 δὲ
3007 2764 3070 2831 τῇ
3108 2762 3244 2831 πρὸς
3289 2762 3590 2829 Ἐφεσίουςο
3629 2764 3765 2816 Ἵνα
3818 2765 3912 2815 ἐν·

2321 2853 2590 2919 δείξηται
2661 2853 2732 2903 ἐν
2777 2851 2902 2915 τοῖς
2953 2851 3122 2903 αἱῶσι
3177 2852 3300 2915 τοῖς
3353 2851 3782 2920 ἐπερχομένοις
3841 2853 3909 2905 τὸ

2321 2943 2702 3012 ὑπ’ρὸἁλλον
2759 2941 2990 3007 πλῆθος
3047 2941 3191 3010 (49)
3249 2940 3357 3008 τῆς
3413 2943 3651 3010 χάριτος
3716 2943 3909 2997 αὐτοῦ

2319 3035 2388 3086 ὲν
2414 3033 2768 3099 χρηστότητι
2805 3031 2897 3098 ἐφ’
2929 3029 3104 3098 ἡμᾶς.
3136 3031 3245 3082 Kui.
3277 3033 3401 3099 περὶ
3422 3031 3759 3101 τηλικούτων
3785 3049 3910 3092 στοτ-

2250 3149 2290 3203 C
2324 3124 2640 3194 χαζόμενος,
2665 3122 2873 3190 νομίζω
2893 3122 2975 3173 ὅτι
3005 3120 3194 3190 ὥσπερ
3219 3120 3497 3175 συντέλεια
3522 3121 3615 3173 τοῦ
3651 3121 3906 3173 ἐνιαυτοῦ

2323 3213 2351 3263 ὁ
2384 3212 2687 3271 τελευταῖός
2717 3214 2832 3261 ἑστι
2865 3210 2968 3278 μὴν
3006 3210 3116 3277 (50)
3157 3209 3272 3278 μεθ’
3298 3209 3356 3260 ὃν
3381 3211 3525 3278 ἀρχὴ
3567 3209 3738 3278 μηνὸς
3778 3209 3904 3260 ἐτέ-

2327 3321 2419 3374 ρου
2459 3302 2732 3354 ἐνίσταται
2755 3317 2768 3328 ·
2800 3299 2941 3350 οὓτω
2966 3301 3173 3367 μήποτε
3200 3297 3460 3350 πλειόνων
3496 3298 3707 3351 αἰώνων
3738 3300 3908 3353 οἱονεὶ

2323 3390 2566 3441 ἐνιαυτὸν
2613 3388 2824 3440 αἰώνων
2880 3386 3360 3457 συμπληρούντων,
3417 3388 3698 3441 συντέλειά
3754 3393 3909 3445 ἐστιν

2322 3481 2351 3529 ὁ
2385 3476 2615 3538 ἐνεστὼς
2639 3475 2790 3538 αἰὼν,
2819 3475 3004 3545 μεθ’ὂν
3029 3476 3312 3544 μέλλοντές
3327 3493 3470 3540 τινες
3492 3479 3685 3540 αἰῶνες
3706 3481 3908 3553 ἐνστή-

2325 3585 2530 3629 σονται,
2562 3560 2637 3619 ὧν
2661 3569 2800 3636 ἀρχή
2836 3569 2981 3618 ἐστιν
3004 3570 3030 3618 ὁ
3063 3567 3288 3636 μέλλων,
3321 3570 3416 3620 xui.
3444 3569 3501 3620 ἑν
3536 3570 3768 3632 ἐκείνοις
3789 3574 3909 3636 τοῖς

2327 3656 2611 3725 μέλλουσιν
2638 3656 2930 3721 ἐνδείξεται
2960 3658 3137 3718 ὁθεὸς
3171 3657 3262 3709 τὸν
3294 3658 3522 3710 πλοῦτον
3553 3661 3650 3729 τῆς
3679 3663 3907 3730 χάριτος

2323 3747 2485 3799 αὑτοῦ
2511 3750 2567 3798 ἑν
2597 3750 2924 3817 χρηστότητι
2945 3766 2967 3782 ο·
2999 3748 3094 3800 τοῦ
3135 3749 3590 3819 ἁμαρτωλοτάτου
3616 3754 3712 3803 καὶ
3739 3755 3819 3814 εἰς
3838 3753 3905 3805 τὸ

2324 3829 2475 3905 ἆγιον
2521 3838 2745 3906 Πνεῦμα
2801 3839 3273 3909 δυσφημήσαντος,
3332 3841 3708 3909 κρατουμένου
3749 3843 3904 3912 παρά

2321 3927 2419 3993 τῆς
2455 3923 2729 3996 ἁμαρτίας
2768 3930 2824 3978 ἑν
2850 3927 2956 3995 ὅλῳ
2990 3928 3067 3996 τῷ
3097 3927 3348 3980 ἐνεστῶτι
3383 3929 3568 3991 αἰῶνι,
3600 3933 3696 3982 καὶ
3724 3934 3900 4002 ἀρχῆ-

2321 4015 2412 4068 θεν
2449 4015 2610 4083 μέχρι
2647 4015 2831 4078 τέλους
2881 4016 2958 4084 τῷ
2996 4016 3240 4083 μέλλοντι
3283 4016 3418 4082 μετὰ
3460 4016 3633 4068 ταῦτα
3669 4019 3771 4069 οὐκ
3803 4015 3902 4070 οἷδ’

2320 4103 2468 4164 ὅπως
2499 4104 2988 4172 οἰκονομησομένου
3021 4104 3155 4170 (51).
3175 4104 3360 4154 Ταῦτα
3387 4104 3562 4155 τοίνυν
3591 4113 3618 4156 ὁ
3643 4105 3786 4168 ἰδὼν,
3805 4109 3902 4160 καὶ

2321 4196 2387 4262 τῇ
2422 4193 2629 4262 διανοίᾳ
2661 4193 2870 4244 αἰώνων
2903 4193 3190 4262 ἑϐδομάδα,
3235 4194 3320 4243 ἵνα
3361 4193 3730 4264 σαϐϐατισμόν
3775 4214 3902 4250 τινα

2321 4280 2475 4347 ἅγιον
2504 4280 2775 4352 θεωρήσῃ,
2810 4284 3088 4352 ἐννοήσας,
3118 4282 3212 4333 καὶ
3237 4282 3448 4334 αἰώνων
3474 4284 3644 4353 μῆνα,
3677 4285 3765 4336 ἴνα
3795 4285 3896 4354 τὴν

2319 4372 2481 4439 ἁγίαν
2509 4372 2603 4424 τοῦ
2637 4373 2770 4426 Θεοῦ
2798 4373 2885 4445 ἴδῃ
2913 4373 3227 4442 νουμηνίανο
3256 4374 3347 4425 xui.
3382 4374 3591 4426 αἰώνων
3625 4377 3895 4440 ἐνιαυτὸν,

659 4475 972 4531 necessario
1018 4472 1335 4523 excutienda
1371 4457 1480 4582 γῆξ)
1530 4481 1674 4529 ειιιιι,
1725 4476 1784 4520 ut
1824 4468 2215 4533 intelligeretur

2323 4464 2407 4515 ἵνα
2447 4464 2633 4534 συνίδῃ
2663 4463 2760 4526 τὰς
2796 4464 2889 4516 τοῦ
2925 4464 3171 4517 ἐνιαυτοῦ
3219 4482 3276 4517 τε
3306 4465 3518 4536 ἑορτὰς,
3543 4466 3631 4517 ὅτε
3665 4465 3748 4519 δεῖ
3773 4465 3903 4520 πᾶν

725 4662 770 4692 ⁸⁷
807 4660 971 4713 llebr.
1005 4672 1096 4719 Ix,
1132 4653 1224 4708 ‘26.
1299 4655 1345 4686 ⁸⁸
1377 4654 1510 4722 Eph.
1541 4668 1603 4715 ιι,
1635 4653 1695 4705 7.

655 4808 939 4862 decursum
975 4803 1182 4870 pariter
1209 4800 1474 4859 extendit,
1492 4795 1828 4870 suffragante
1852 4796 2041 4870 eodem
2076 4793 2216 4870 epo-

656 4878 821 4934 stolo.
855 4879 941 4941 qui
974 4864 1038 4925 ex
1073 4871 1311 4941 Sabban
1334 4871 1450 4933 lege
1492 4866 1997 4941 Mosaicajnstitutn
2024 4864 2212 4941 subin-

660 4949 763 4998 fert
792 4930 1017 5012 relinqui
1048 4930 1425 5012 sabbatisniunt
1478 4933 1668 5011 pop-nlo
1716 4935 1831 5012 Dei.
1864 4934 2126 5012 llebrz'tv.
2157 4930 2211 4983 9.

657 5000 989 5066 Crediderim
1025 5026 1187 5076 porro
1217 5007 1508 5075 Origeuem
1535 5004 1620 5070 pio
1646 5004 1892 5064 consilio,
1929 5015 1982 5053 ut
2017 5000 2210 5076 Val-eu-

662 5084 982 5134 Iiniauorum
1028 5067 1259 5145 'prol'ana
1314 5067 1558 5142 dogmata
1602 5082 1888 5145 everteret,
1924 5085 2042 5140 quae
2076 5067 2207 5120 [Eu-

662 5167 761 5204 nas
803 5143 1065 5201 creationi
1105 5146 1252 5197 orbis
1291 5145 1607 5212 pra-positos
1636 5143 2003 5199 venditabant,
2031 5148 2090 5212 _et
2128 5148 2209 5187 to-

661 5234 771 5272 tam
804 5217 1076 5270 ethnicaut
1108 5208 1446 5285 theogoniam
1485 5227 1583 5263 una
1630 5212 1973 5268 invexerant,
2011 5208 2212 5285 decan-

663 5298 800 5342 tatos
839 5288 971 5339 istos
1000 5285 1202 5338 Aionas
1238 5274 1306 5335 ad
1359 5283 1534 5335 futura
1572 5289 1870 5351 temporum
1914 5276 2085 5351 spatia
2113 5274 2206 5351 de-

663 5357 914 5419 ﬂexisse;
949 5358 1000 5407 in
1035 5357 1134 5405 hoc
1163 5353 1501 5421 culpandum.
1523 5351 1662 5421 quod
1690 5343 1973 5421 Evangelii
2005 5343 2211 5421 simpli-

662 5428 874 5478 citatem
904 5416 1275 5477 incrustaverit
1300 5419 1514 5488 gentilis
1543 5416 1890 5488 philosophiae
1922 5416 2204 5488 insomniis

663 5496 727 5547 de
755 5495 964 5545 mundis
997 5492 1225 5544 inlinilis
1272 5483 1371 5542 sibi
1415 5483 1641 5541 invicem
1679 5483 2115 5540 succedentibus.
2153 5489 2205 5532 et

662 5564 962 5615 Academia:
1003 5561 1210 5628 placitis
1257 5561 1321 5611 de
1353 5558 1606 5610 caelorum
1666 5555 1978 5628 atLeadem
2012 5557 2201 5617 puni-ta

667 5622 1110 5688 revolutionibus.
1141 5639 1194 5681 et
1229 5628 1281 5680 iu
1328 5640 1686 5693 magnoranno
1717 5622 1994 5674 Platonico
2027 5635 2203 5673 rerum

660 5701 898 5754 omnium
928 5702 1283 5752 restitutione.
1319 5692 1471 5748 Eutr.
1510 5692 1677 5746 Oxon.

735 5770 847 5840 (45)
885 5771 947 5822 Ἠ
977 5770 1278 5836 νεομηνία.
1304 5759 1734 5829 Βειιιιειυδιιιεὶι,
1759 5762 1822 5828 τῇ
1860 5758 2132 5828 νεομηνία,
2193 5769 2198 5773 ·

1773 4651 1816 4684 ⁸⁸
1843 4651 2064 4704 Deutcr.
2097 4664 2212 4711 xrt,
2252 4650 2338 4702 16.

2413 4649 2460 4679 "°
2488 4648 2628 4714 Eph.
2660 4663 2752 4710 ιιι,
2775 4647 2868 4699 20.
2945 4648 2988 4678 ⁷¹
3019 4648 3034 4701 l
3062 4647 3190 4702 Cor.
3222 4665 3258 4704 ιι
3279 4691 3294 4713 ,
3339 4649 3395 4704 9.

2399 4789 2509 4851 (46)
2549 4787 2820 4852 Χριστοῦ.
2853 4787 3013 4840 Forte
3042 4786 3345 4854 legendum,
3374 4783 3533 4854 Θεοῦ.

2396 4857 2506 4920 (Π)
2553 4851 2915 4922 Ἇληθινούς.
2948 4869 3052 4910 ctc.
3096 4851 3253 4918 Legit
3295 4851 3582 4914 Bentleius.
3600 4854 3894 4922 ἀληθινῶς,

2321 4927 2531 4986 οὐδενός
2571 4927 2686 4977 ἑστι
2725 4926 2864 4994 πλὴν
2898 4925 2990 4976 τοῦ
3027 4926 3124 4992 τὴν
3150 4922 3446 4994 Πατρικὴν,
3480 4925 3558 4975 vel
3599 4923 3894 4990 ἀληθινῶς,

2320 4996 2531 5053 οὐδενός
2557 4997 2702 5047 ἑστιν
2753 4993 2831 5045 οῦ
2857 4995 2956 5062 τὴν
3004 4994 3302 5063 Πατρικήν.
3348 4993 3609 5045 Dominus
3633 4994 3896 5047 Claudius

2329 5063 2711 5144 Fluitt‘rvgeipi]
2733 5063 2825 5114 τοῦ
2855 5063 2959 5144 τὴν
2985 5063 3287 5144 [Ιατρικήν.

2383 5133 2495 5198 (48)
2521 5127 2711 5184 Ουιιξθί
2750 5151 2876 5193 ms.,
2907 5127 2962 5181 δέ
3009 5127 3118 5200 μοι’
3145 5127 3398 5201 ἐπῆλθεν.
3455 5127 3633 5180 Editio
3681 5127 3892 5194 Oxum,

2312 5203 2375 5274 δή
2395 5220 2495 5274 μοι
2517 5202 2776 5274 ἀπῆλθεν.

2384 5265 2496 5340 (19)
2526 5265 2785 5336 Πλῆθος.
2833 5265 3271 5340 Bentleiuslcgit.
3303 5265 3562 5340 πλοῦτος,
3608 5267 3776 5340 et_ita
3815 5266 3892 5318 le-

2314 5335 2462 5402 gitur
2489 5340 2543 5391 itt
2577 5335 2740 5393 codd.
2773 5353 2904 5390 mss.
2950 5339 3131 5400 Alex.,
3183 5337 3353 5396 (Ἄιδι-η
3411 5335 3634 5388 Colbert
3661 5335 3715 5396 7,
3750 5344 3894 5390 teste

2314 5409 2502 5462 Millio.

2383 5477 2493 5548 (:30)
2535 5475 2714 5548 codex
2743 5489 2868 5538 ms.,
2911 5478 2980 5548 μή
2998 5493 3034 5536 ι,
3070 5473 3237 5548 editio
3261 5471 3460 5548 Oxon,
3487 5474 3588 5543 μή,
3617 5473 3778 5548 male.

2386 5540 2502 5614 (51)
2543 5540 3118 5612 Οὶκονομησομένου.
3163 5541 3340 5614 Lege.
3385 5540 3894 5614 οἰκονομηθῃσομέ-

2313 5610 2426 5674 νου,
2460 5623 2513 5665 et
2546 5615 2724 5666 obiter
2753 5610 2984 5667 observa
3011 5614 3300 5678 Origenem
3328 5612 3433 5664 hoc
3468 5612 3585 5663 loco
3608 5610 3892 5678 quidpiam

2313 5685 2540 5735 innucre
2580 5684 2724 5749 quod
2760 5684 2992 5749 pertinet
3017 5681 3080 5734 ad
3109 5677 3380 5745 objectum
3407 5689 3462 5749 et
3495 5680 3717 5749 jurean
3748 5677 3894 5749 inju-

2314 5752 2392 5806 ria
2414 5747 2796 5818 exprobraturi".
2822 5752 2870 5804 ei
2888 5751 3382 5818 dogma,diabolum
3404 5748 3573 5818 ipsum
3593 5747 3896 5818 aliquando
