4132 6314
747 402 851 457 5'27
2187 408 2347 471 ORlG
2357 416 2445 472 EN
2450 416 2511 472 ΣΞ
3546 470 3555 477 _
3889 421 4003 477 528

743 498 906 559 vobis,
947 500 997 550 si
1036 514 1136 551 non
1179 502 1482 557 remiseritis
1534 506 1891 575 unusquisque
1932 506 2092 576 fratri
2121 524 2214 562 suo
2249 512 2299 563 dt

2419 514 2883 585 συγχωρήσαντος,
2939 515 3118 569 ὅντινα
3151 516 3677 589 προσυγχωρηθέντα
3710 516 3850 571 κατὰ
3892 518 3999 588 τὴν

744 589 988 641 cordibus
1036 592 1297 644 vestris”.
1343 592 1553 647 Etenim
1603 597 1870 663 poenitere
1908 613 1965 652 se
2011 598 2299 653 dicentibus

2417 606 2674 677 κειμένην
2694 609 2751 659 ἐν
2772 608 2849 677 τῷ
2871 609 3186 679 Εὑαγγελίῳ
3214 627 3287 662 πα
3296 610 3548 681 ραὸολὴν,
3573 610 3855 681 ὲνειλήσας
3876 610 3998 680 (79)

744 676 810 731 iis
837 679 926 746 qui
962 679 1012 731 iu
1044 696 1141 734 nos
1174 692 1555 749 peccaverunt,
1594 686 2031 751 condonandum,
2075 691 2174 742 etsi
2207 705 2299 767 sse-

2414 676 2712 768 ὲκπράσσει
2745 703 2774 752 ό
2799 700 3060 772 δεσπότης
3082 676 3168 753 τὰ-
3184 676 3783 773 προσυγκεέωρημένα,
3810 676 3996 769 λέγων

744 772 863 837 pius
888 772 938 825 id
975 773 1135 827 faciat
1165 775 1374 829 debitor
1398 794 1413 829 :
1438 768 1504 830 Si
1532 779 1699 843 enim,
1726 780 1920 849 inquit,
1941 782 2128 848 septies
2151 783 2202 835 in
2224 782 2311 837 die

742 866 1023 929 peccaverit
1048 867 1101 918 in
1127 880 1175 919 te
1202 866 1369 922 frater
1402 878 1522 924 tuus
1546 871 1800 936 etseplies
1836 873 1889 923 in
1923 872 2008 923 die.
2031 889 2309 926 conversus

741 955 898 1024 fuerit
929 956 997 1009 ad
1028 966 1098 1021 te,
1121 959 1298 1012 dicens
1322 975 1339 1012 :
1364 957 1580 1013 Pwuitel
1607 977 1707 1023 nte,
1728 961 1958 1015 dimittes
1983 963 2060 1015 illi
2072 963 2136 1015 ⁸³.
2165 964 2310 1029 Quos

741 1058 919 1101 autem
956 1064 1058 1102 non
1093 1050 1337 1116 poenitet,
1378 1068 1427 1104 tn
1472 1066 1569 1117 eos
1619 1052 1739 1105 duri
1792 1069 1889 1107 nos
1937 1069 2046 1107 non
2093 1067 2321 1120 sumus,‘

741 1140 833 1193 sed
868 1141 970 1194 sibi
1005 1142 1134 1209 ipsis
1166 1142 1242 1194 illi
1278 1142 1404 1194 mali
1430 1150 1589 1205 sunt;
1619 1144 1709 1211 qui
1732 1143 1869 1199 enim
1903 1144 2114 1210 expellit
2144 1146 2311 1197 disci-

739 1232 958 1298 plinam,
991 1234 1100 1284 odit
1144 1248 1197 1285 se
1246 1232 1492 1299 ipsum”.
1526 1232 1666 1299 Quin
1718 1243 1773 1287 et
1814 1249 1935 1287 cum
1986 1234 2038 1287 id
2081 1236 2304 1300 accidit,

738 1322 898 1393 255
925 1322 1094 1375 danda
1120 1333 1201 1377 est
1229 1340 1391 1392 opera
1430 1332 1491 1375 ut
1520 1326 1666 1378 muni
1703 1330 1858 1378 modo
1894 1330 2106 1381 curat'o
2135 1329 2297 1382 arlhi-

737 1412 928 1465 heatur
961 1412 1006 1465 ei
1035 1412 1242 1480 quiita
1298 1414 1362 1465 ad
1410 1414 1592 1466 omnia
1654 1430 1942 1483 perversus
1990 1428 2093 1481 est,
2136 1428 2195 1469 ut
2239 1433 2306 1474 ne

738 1503 1174 1570 seutiatquidem
1226 1506 1440 1574 propria
1486 1506 1645 1566 mala,
1683 1508 1974 1575 ehriusque
2016 1508 2087 1563 sit
2150 1510 2304 1579 longe

738 1594 1097 1663 perniciosius
1121 1610 1282 1663 quam
1312 1612 1339 1648 a
1364 1596 1510 1658 vino.
1547 1597 1755 1654 scilicet
1799 1600 2022 1654 malitia:
2064 1602 2303 1655 tenebris

738 1684 1065 1739 obcmcatus.
1125 1685 1294 1740 Porro
1346 1689 1485 1755 quod
1518 1688 1693 1743 Lucas
1727 1690 1801 1741 ait
1831 1707 1846 1742 :
1879 1688 2098 1743 Dimitte
2153 1693 2302 1745 nobis

734 1786 943 1842 peccata
974 1784 1155 1829 nostra
1184 1775 1327 1846 (cum
1353 1789 1574 1844 peccata
1607 1780 1731 1834 inde
1749 1780 1998 1833 oriantur
2020 1782 2162 1849 quod
2192 1798 2297 1835 non

2412 787 2583 858 αὐτῷ·
2605 791 2838 857 Ποντιρέ
2863 791 3065 855 δοῦλε,
3084 793 3181 846 καὶ
3197 793 3435 860 ὀκνηρέ,
3457 795 3567 846 οὐκ
3589 793 3711 846 ἔδει
3732 791 4001 858 ἐλεῆσαι

2411 893 2484 931 σε
2507 880 2616 932 τὸν
2640 880 2991 934 σύνδουλόν
3015 898 3131 935 σου
3159 884 3238 948 ὡς
3260 881 3419 950 κάγώ
3456 899 3530 935 σε
3564 882 3836 949 ἠλέησα;
3875 880 3996 934 Βά-

2408 971 2544 1022 λετε
2565 969 2756 1023 αὐτὸν
2776 973 2865 1037 εις
2890 970 3002 1038 τὴν
3020 973 3327 1041 φυλακὴν,
3352 973 3461 1038 ἓως
3502 971 3704 1037 ἀποδῷ
3750 973 3878 1027 πᾶν
3918 973 3991 1026 τὸ

2409 1060 2819 1128 ὀφειλόμενον.
2856 1062 3133 1133 Ἐπιφέρει
3171 1062 3227 1115 δὲ
3258 1060 3510 1125 τούτοιςό
3536 1062 3758 1132 Κύριος·
3786 1061 3993 1125 Οὕτως

2408 1151 2507 1205 καὶ
2527 1152 2667 1220 ὑμῖν
2682 1155 2715 1205 ὀ
2734 1152 2936 1221 Πατὴρ
2964 1157 2997 1207 ό
3014 1156 3120 1220 οὺρ
3135 1153 3291 1219 ἤνιος
3312 1152 3570 1217 ποιήσει,
3583 1153 3690 1207 ἐὰν
3694 1150 3992 1221 μὴάφῆτε

2405 1244 2651 1309 ἕκαστος
2675 1243 2755 1309 τῷ
2773 1244 3011 1313 ἀδελφῷ
3034 1245 3218 1299 αὐτοῦ
3242 1244 3361 1297 ἀπὸ
3383 1243 3503 1296 τῶν
3517 1242 3776 1311 καρδιῶν
3794 1232 3987 1309 ὑμῶν.

2406 1335 2637 1403 Λέγουσι
2658 1336 2903 1406 μέντοιγε
2936 1337 3210 1406 μετανοεῖν
3241 1338 3351 1397 τοῖς
3376 1336 3455 1397 εἰς
3666 1332 3992 1403 ἡμαρτηκό-

2407 1441 2488 1493 σιν
2504 1426 2750 1494 ἀφετέον,
2765 1425 2867 1479 κᾶν
2884 1425 3141 1487 πολλάκις
3152 1424 3309 1476 τοῦτο
3322 1425 3350 1476 ό
3365 1423 3645 1493 ὀφειλέτης
3659 1425 3692 1492 ἡ
3701 1422 3816 1492 μῶν
3833 1424 3986 1493 ποιῇ·

2417 1514 2552 1566 Ἐὰν
2570 1515 2683 1587 γὰρ
2716 1513 2961 1580 ἑπτάκις
2986 1511 3096 1580 τῆς
3126 1511 3347 1580 ἡμέρας
3388 1511 3639 1580 ἁμάρτῃ,
3680 1512 3865 1580 φησιν,
3899 1512 3994 1576 εὶς

2403 1604 2478 1657 σὲ
2494 1606 2521 1656 ὁ
2538 1605 2761 1675 ἀδελφός
2790 1623 2906 1667 σου,
2923 1605 3018 1657 καὶ
3041 1603 3283 1669 ἑπτάκις
3302 1603 3621 1671 ἑπισρέψῃ,
3635 1602 3849 1671 λέγων’
3868 1605 3995 1655 Με-

2402 1694 2613 1757 τανοῶ,
2627 1696 2881 1761 ἀρήσεις
2896 1692 3073 1757 αὐτῷ.
3089 1694 3200 1762 Οὐχ
3214 1695 3373 1761 ἡμεῖς
3393 1692 3447 1745 δὲ
3465 1691 3688 1762 χαλεποὶ
3705 1691 3843 1761 πρὸς
3857 1692 3993 1753 τοὺς

2409 1780 2481 1851 μὴ
2507 1780 2914 1850 μετανοοῦντας,
2940 1781 3052 1835 ἀλλ’
3071 1783 3280 1843 ἑαυτοῖς
3300 1782 3347 1834 oi
3369 1780 3596 1833 τοιοῦτοί
3612 1782 3717 1831 είσι
3732 1779 3988 1848 πονηροίο

738 1864 1011 1919 reddimus
1044 1882 1164 1934 qua:
1192 1867 1495 1937 debemus),
1525 1870 1665 1923 idem
1709 1886 1774 1923 ac
1812 1868 2098 1924 Matthaeus
2145 1872 2292 1934 dicit,

2414 1872 2474 1925 Ὀ
2486 1872 2592 1941 γὰρ
2603 1874 3019 1941 ἀπωθούμενος
3030 1871 3713 1940 παιδείανμισεῖἐαυτόν.
3731 1870 3878 1937 Πλὴν
3890 1872 3993 1923 καὶ

738 1958 830 2025 qui
854 1973 959 2011 non
996 1958 1217 2011 videtur
1252 1958 1424 2013 locum
1453 1961 1502 2014 ei
1556 1962 1704 2024 dare,
1734 1962 1823 2031 qui
1863 1962 1997 2016 solis
2042 1963 2303 2032 pceuiten-

739 2048 881 2101 tibus
904 2048 1241 2103 debitoribus
1273 2050 1553 2104 remittere
1591 2051 1740 2115 velit,
1781 2067 1904 2105 eum
1937 2052 2129 2105 dicata
2169 2052 2300 2105 Ser-

736 2148 923 2192 vatore
952 2141 1329 2208 praescriptum
1358 2155 1481 2194 esse
1512 2150 1571 2193 ut
1619 2141 1850 2195 orationi
1898 2142 2159 2195 addamus
2190 2158 2205 2194 :
2240 2139 2301 2196 Si

736 2231 942 2298 quidem
972 2240 1018 2282 et
1050 2230 1149 2297 ipsi
1176 2230 1490 2283 dimittimus
1514 2234 1656 2284 omni
1678 2233 1880 2285 debeuti
1911 2233 2080 2285 nobis.
2122 2231 2301 2286 liabe-

739 2335 857 2373 mus
885 2320 1047 2389 igitur
1075 2335 1263 2375 omnes
1296 2330 1611 2387 potestatem
1640 2324 1946 2376 remittendi
1994 2333 2211 2389 peccata
2245 2322 2297 2375 in

735 2427 834 2466 nos
886 2413 1143 2477 adnuisse,
1186 2422 1246 2466 ut
1294 2411 1638 2465 manifestum
1680 2402 1766 2468 est
1810 2428 1875 2467 ex
1927 2413 2229 2467 his:Sicut
2250 2424 2298 2467 et

737 2518 830 2555 uos
864 2503 1172 2555 dimittimus
1203 2503 1520 2555 debitoribus
1562 2503 1787 2566 nostris,
1820 2511 1876 2557 et
1917 2519 1980 2557 ex
2035 2504 2155 2557 istis
2191 2522 2205 2556 :
2238 2504 2299 2559 Si

732 2591 938 2661 quidem
966 2602 1012 2643 et
1043 2592 1142 2659 ipsi
1170 2592 1483 2646 dimittimus
1509 2593 1651 2653 omni
1677 2592 1883 2645 debent:
1910 2594 2079 2647 nobis.
2105 2592 2211 2647 Sed
2249 2596 2296 2648 is

737 2682 790 2733 in
814 2696 974 2748 quem
996 2681 1154 2735 Jesus
1184 2682 1497 2743 insulil-avit,
1556 2684 2008 2749 quemadmodum
2067 2685 2118 2736 in
2167 2698 2298 2751 apo-

734 2775 928 2832 stolos.
978 2773 1177 2841 quique
1208 2788 1236 2824 a
1282 2773 1554 2826 fructibus
1602 2773 1859 2838 cognosci
1924 2783 2103 2841 potest
2141 2787 2299 2826 acce-

732 2862 876 2929 pisse
905 2861 1168 2930 Spiritum
1218 2870 1466 2915 sauctmn
1509 2870 1564 2913 et
1601 2859 1780 2929 laetus
1823 2877 1947 2917 esse
1974 2863 2295 2929 spiritualis,

735 2968 801 3007 eo
824 2955 967 3021 quod
995 2954 1197 3022 Spiritu
1233 2954 1351 3020 Dei,
1380 2968 1533 3007 more
1566 2952 1687 3006 Filii
1727 2954 1841 3019 Dei,
1886 2964 2083 3020 agatur
2122 2955 2188 3007 ad
2232 2969 2293 3007 ea

732 3043 915 3097 omnia
946 3058 1067 3111 qua:
1106 3044 1312 3097 ratione
1335 3044 1571 3111 gerenda
1614 3052 1774 3106 sunt;
1824 3043 1870 3097 is
1912 3045 2135 3097 dimittit
2178 3060 2297 3112 qure

732 3134 1033 3187 dimitteret
1066 3134 1206 3186 Deus
1237 3142 1299 3185 et
1320 3132 1640 3185 insanabilia
1676 3140 1897 3199 peccata
1940 3132 2157 3195 retinet.
2190 3134 2295 3186 mi-

734 3226 971 3278 nistrans
1006 3224 1085 3292 (ut
1112 3224 1386 3292 propheta:
1414 3222 1523 3275 Deo
1581 3206 1963 3275 ministrabant
2017 3222 2295 3291 loquentes

735 3330 838 3369 non
872 3330 990 3376 sua,
1021 3313 1115 3367 sed
1140 3328 1259 3380 qua:
1290 3312 1485 3363 divina:
1532 3321 1686 3365 erant
1728 3313 2067 3381 voluntatis),
2111 3315 2193 3367 sic
2244 3326 2299 3368 et

734 3407 848 3476 ipse
877 3404 976 3459 soli
1018 3404 1327 3457 dimittendi
1378 3412 1703 3468 potestatem
1747 3404 1969 3456 habenti
2028 3403 2153 3456 lico.
2208 3404 2299 3460 Sic

733 3506 913 3550 autem
975 3494 1176 3548 habent
1224 3494 1277 3547 in
1338 3491 1627 3560 Evangelio
1686 3496 1984 3547 secundum
2034 3493 2296 3549 Joannem

733 3601 852 3655 quae
880 3586 947 3639 de
980 3584 1299 3638 remissione
1328 3582 1396 3635 ab
1423 3581 1684 3649 apostolis
1713 3584 2062 3637 concedenda
2091 3585 2295 3651 scripta

732 3684 860 3729 sunt
892 3692 906 3728 :
934 3673 1165 3740 Accipite
1192 3671 1448 3737 Spiritum
1494 3680 1735 3722 sanctum
1761 3688 1779 3734 ;
1810 3688 2033 3740 quorum
2084 3676 2299 3725 remise-

732 3766 849 3817 ritis
878 3772 1109 3832 peccata,
1135 3762 1474 3815 remittuntur
1504 3740 1619 3824 eis;
1668 3771 1719 3812 et
1748 3778 1972 3829 quorum
2024 3763 2298 3816 retinueri-

731 3856 817 3916 tis,
844 3864 1043 3908 retenta
1074 3861 1195 3907 sunt
1224 3850 1299 3912 5',
1323 3851 1454 3916 Quae
1498 3852 1542 3904 si
1596 3852 1801 3919 absque
1852 3852 2106 3905 examine
2154 3855 2298 3907 acci-

732 3947 970 4013 piantur,
1002 3943 1290 3996 accusandi
1321 3941 1648 3993 videbuntur
1696 3941 1945 4008 apostoli,
2006 3943 2145 4007 quod
2190 3959 2295 3994 non

730 4035 980 4087 omnibus
1050 4034 1349 4095 remittant,
1409 4041 1466 4084 ut
1517 4030 1770 4084 omnibus
1818 4033 2152 4097 remittatur,
2202 4034 2296 4087 sed

732 4125 1085 4192 quorumdam
1121 4122 1395 4178 retineant
1428 4131 1647 4187 peccata
1675 4121 1747 4173 ita
1773 4129 1831 4173 ut
1868 4136 1968 4188 per
2001 4138 2097 4176 eos
2124 4125 2293 4175 etiam

731 4216 873 4283 apud
907 4215 1069 4268 Deum
1114 4214 1474 4266 retineantur.
1536 4210 1675 4264 Utile
1728 4220 1911 4264 autem
1961 4213 2069 4264 erit
2111 4228 2297 4266 exem-

732 4307 875 4374 plum
914 4304 1083 4372 elege
1114 4304 1405 4357 desumere.
1446 4308 1502 4351 ut
1540 4299 1878 4368 intelligatur
1921 4314 1982 4352 ea
2029 4315 2148 4367 quae
2199 4317 2295 4367 per

732 4396 977 4449 homines
1001 4410 1030 4446 a
1064 4393 1170 4446 Deo
1202 4395 1259 4445 lit
1289 4391 1597 4445 honinihus
1620 4402 1967 4458 peccatorum
2026 4392 2293 4443 remissio.

733 4484 1092 4538 Prohibentur
1126 4483 1258 4552 legis
1305 4482 1618 4537 sacerdotes
1680 4496 1777 4548 pro
1819 4480 2138 4547 quibusdam
2200 4482 2292 4534 de-
2326 4512 2370 4566 ι)

733 4575 875 4627 lictis
905 4572 1099 4626 offerre
1129 4574 1478 4637 sacriﬁcium,
1508 4582 1563 4623 ut
1590 4572 1772 4639 iispro
1800 4570 1997 4638 quibus
2020 4572 2288 4625 Sacrificia

729 4662 1029 4716 oﬂ'eruntur
1061 4661 1399 4715 remittantur
1423 4661 1641 4715 delicta.
1684 4660 1794 4713 Nec
1842 4676 2075 4729 unquam
2108 4677 2293 4714 sacer-

731 4757 829 4808 dos
859 4754 949 4821 qui
994 4753 1352 4805 iuvoluntaria
1401 4751 1645 4817 quaedam
1701 4752 2010 4803 remittendi
2054 4761 2292 4818 potesta-

730 4852 837 4896 tem
866 4844 1024 4895 habet
1050 4853 1141 4895 aut
1170 4857 1266 4909 pro
1295 4840 1506 4894 delictis
1530 4837 1815 4900 olTercuzli,
1858 4838 1971 4905 jam
2007 4842 2166 4891 etiam
2193 4854 2290 4907 pro

734 4934 996 4986 adulterio
1024 4942 1115 4985 aut
1142 4932 1447 4985 voluntaria
1488 4932 1659 4993 crede,
1689 4942 1778 4982 aut
1806 4932 2000 4997 quovis
2039 4930 2142 4981 alio
2166 4946 2291 4997 gra-

731 5023 869 5076 viori
910 5016 1114 5076 seelcie
1149 5024 1520 5078 holocaustum
1548 5020 1759 5083 offeret,
1794 5030 1891 5073 aut
1921 5030 2291 5088 proipeccato.

732 5113 826 5167 Sic
868 5114 1045 5179 itaque
1068 5114 1289 5181 apostoli
1312 5122 1362 5166 et
1396 5116 1487 5181 qui
1520 5113 1727 5166 similes
1766 5111 2028 5180 apostolis
2059 5118 2187 5163 sunt
2211 5126 2293 5161 sa-

733 5204 1002 5265 cerdotes,
1035 5204 1193 5271 juxta
1231 5219 1483 5271 maguum
1520 5202 1856 5271 pontiﬁcem,
1898 5201 2179 5269 disciplina
2212 5202 2295 5253 tli-

2401 1964 2494 2015 ἐπὶ
2525 1962 2629 2014 τῶν
2657 1961 2949 2013 ποιούντων
2980 1962 3107 2031 (80),
3127 1960 3225 2031 τὴν
3241 1960 3536 2031 θεραπείαν
3574 1961 3739 2012 παντὶ
3790 1960 3991 2031 τρόπῳ

2402 2051 2660 2123 ζητητέον
2694 2052 3011 2119 ἐγγενέσθαι
3041 2052 3116 2122 τῷ
3153 2050 3221 2103 τὰ
3262 2052 3437 2112 πάντα
3470 2047 3859 2120 διαστραφέντι
3904 2050 3992 2116 ὡς

2404 2142 2537 2212 μηδὲ
2564 2141 2943 2209 συναισθέσθαι
2966 2142 3074 2194 τῶν
3108 2142 3249 2194 ἰδίων
3289 2142 3496 2207 κακῶν,
3542 2142 3762 2211 μεθύειν
3791 2142 3849 2195 δὲ
3879 2143 3990 2213 μέ-

2400 2232 2499 2302 θην
2526 2230 2914 2303 ὀὴθριωτέραν
2955 2231 3055 2299 τῆς
3084 2231 3192 2283 ἀπὸ
3215 2232 3356 2283 οῐνου
3398 2231 3494 2301 τὴν
3525 2233 3633 2284 ἀπὸ
3669 2231 3764 2284 τοῦ
3793 2249 3989 2284 σκοτιο

2406 2324 2542 2394 σμοῦ
2579 2326 2677 2395 τῆς
2702 2324 2918 2386 κακίας.
2964 2324 3021 2375 Ὀ
3046 2322 3102 2375 δὲ
3136 2316 3349 2385 Λουκᾶς
3395 2322 3583 2375 εἰπών’
3622 2325 3799 2391 Ἄφες
3832 2322 3991 2391 ἡμῖν

2403 2414 2510 2479 τὰς
2552 2415 2840 2483 ἁμαρτίας
2881 2412 3047 2482 ἡμῶν
3100 2413 3254 2483 (ἐπεὶ
3307 2412 3379 2465 τά
3415 2414 3785 2484 ἁμαρτήματα
3828 2412 3989 2481 ὀφει-

2399 2502 2596 2556 λόντων
2628 2504 2802 2573 ἡμῶν,
2835 2504 2928 2555 καὶ
2964 2504 3037 2574 μὴ
3072 2501 3466 2566 ἀποδιδόντων,
3498 2501 3867 2571 συνίσταται),
3918 2501 3987 2555 τὸ

2398 2594 2530 2645 αὐτὸ
2557 2594 2703 2661 λέγει
2726 2593 2802 2663 τῷ
2831 2593 3090 2663 Ματθαίῳ
3127 2594 3274 2656 ὅστις
3304 2594 3403 2646 οὐκ
3441 2592 3584 2645 ἔοικε
3618 2592 3795 2663 χῶρον
3836 2592 3983 2646 διδό-

2398 2700 2485 2735 ναι
2506 2682 2581 2752 τῷ
2614 2682 2916 2753 βουλομένῳ
2946 2683 3294 2752 μετανοοῦσιν
3326 2683 3669 2749 ἀφιέναιτοίς
3694 2680 3984 2750 ὀφείλουσι

2404 2775 2579 2844 μόνον,
2621 2774 2791 2840 λέγων
2830 2774 2934 2825 ὑπὸ
2970 2773 3064 2825 τοῦ
3118 2774 3367 2842 Σωτῆρος
3416 2772 3873 2842 νενομοθετῆσθαι
3912 2772 3984 2827 τὸ

2402 2863 2476 2932 μὴ
2505 2863 2611 2915 δεῖν
2643 2863 2749 2931 (8i)
2780 2864 2838 2915 έν
2860 2863 2924 2933 τῇ
2955 2863 3087 2932 εὐχῇ
3123 2862 3487 2932 προστιθέναι·
3518 2862 3626 2915 Καὶ
3663 2861 3773 2930 ’πὰρ
3799 2862 3981 2916 αὐτοὶ

2397 2954 2646 3021 ἀφίεμεν
2674 2954 2852 3006 παντὶ
2893 2954 3194 3020 ὀφείλοντι
3246 2950 3409 3021 ἡμῖν.
3463 2951 3672 3013 Πάντες
3721 2952 3982 3020 μέντοιγε

2398 3042 2638 3107 ἐξουσίαν
2666 3043 2773 3113 (8‘2)
2805 3044 3020 3111 ἀφιέναι
3052 3042 3121 3095 τά
3146 3043 3225 3104 είς
3256 3038 3401 3111 ἡμᾶς
3427 3034 3807 3111 ἡμαρτημέναο
3832 3041 3982 3109 ὅπερ

2397 3135 2550 3206 δῆλόν
2581 3138 2724 3188 ἐστιν
2759 3135 2821 3187 Ex
2844 3152 2903 3186 τε
2934 3133 3048 3201 τοῦ,
3096 3134 3190 3198 Ὠς
3226 3134 3323 3186 καὶ
3370 3131 3539 3200 ἡμεῖς
3570 3132 3821 3199 ἀφίεμεν
3844 3128 3983 3194 τοῖς

2400 3210 2732 3293 ὀφειλέταις
2786 3224 2985 3292 ἡμῶν,
3034 3224 3127 3276 καὶ
3186 3226 3249 3276 ὲκ
3303 3223 3432 3285 τοῦ,
3492 3222 3599 3276 Καὶ
3641 3221 3749 3290 γὰρ
3798 3219 3984 3272 αὐτοὶ

2398 3318 2644 3384 ἀφίεμεν
2671 3316 2845 3367 παντὶ
2873 3314 3170 3381 ὀφείλοντι
3201 3312 3362 3381 ἡμῖν.
3419 3314 3475 3366 Ὀ
3515 3312 3571 3365 δὲ
3610 3310 3980 3380 ὲμπνευσθεὶς

2400 3406 2503 3458 ὑπὸ
2524 3405 2615 3456 τοῦ
2657 3403 2849 3474 Ἰησοῦ,
2890 3404 2965 3463 ὡς
2994 3403 3043 3477 οἱ
3068 3401 3375 3467 ἀπόστολοι,
3410 3400 3502 3454 καὶ
3530 3400 3637 3453 ἀπὸ
3681 3399 3789 3452 τῶν
3828 3417 3982 3470 καρ-

2399 3494 2514 3547 πῶν
2544 3492 2903 3561 γινώσκεσθαι
2934 3492 3126 3562 δυνάμε
3147 3509 3244 3554 λος,
3275 3492 3350 3554 ὡς
3378 3493 3633 3562 χωρήσας
3656 3490 3715 3543 τὸ
3745 3490 3986 3562 Πνεῦμα

2396 3584 2457 3636 τὸ
2498 3584 2672 3651 ἅγιον,
2717 3583 2811 3635 καὶ
2860 3583 3147 3651 γενόμενο;
3201 3581 3564 3651 πνευματικὸς
3612 3581 3690 3652 τῷ
3727 3581 3831 3634 ὑπὸ
3876 3581 3984 3635 τοῦ

2398 3674 2710 3743 Πνεύματος
2744 3672 2970 3740 ἄγεσθαι
3016 3673 3216 3742 τρόπον
3256 3670 3386 3722 Υίοῦ
3435 3670 3570 3723 Θεοῦ
3612 3674 3697 3739 ἐφ’
3734 3671 3985 3725 ἕκαστον

2396 3765 2502 3819 τῶν
2556 3766 2697 3818 κατά
2748 3765 2903 3831 λόγον
2957 3763 3265 3834 πρακτέων,
3317 3762 3538 3832 ἀφίησιν
3578 3763 3614 3815 ἃ
3658 3763 3750 3815 ὲάν
3795 3762 3919 3831 ἀφῇ
3950 3764 3981 3815 ό

2397 3856 2548 3918 Θεὸς,
2605 3855 2701 3907 καὶ
2751 3857 2942 3924 κρατεῖ
2984 3842 3053 3906 τὰ
3119 3853 3311 3906 ἀνίατα
3374 3854 3482 3906 τῶν
3528 3852 3979 3922 ἁμαρτημάτων

2399 3944 2703 4014 ὑπηρετῶν,
2757 3942 2943 4012 ὥσπερ
2981 3943 3029 3994 oi
3075 3943 3346 4013 προφῆται
3370 3944 3426 3994 ὲν
3453 3941 3531 4011 τῷ
3575 3941 3751 4007 λέγειν
3790 3939 3859 3991 οὐ
3906 3940 3985 3992 τὰ

2399 4034 2525 4095 ἴδια,
2558 4033 2693 4087 ἀλλά
2724 4032 2791 4085 τὰ
2828 4034 2921 4085 τοῦ
2968 4033 3114 4085 θείου
3149 4032 3485 4102 βουλήματος
3529 4030 3606 4099 τῷ
3640 4029 3773 4098 Θεῷ,
3817 4029 3984 4083 οὕτω

2396 4125 2488 4177 καὶ
2536 4126 2695 4188 αὐτὸς
2746 4124 2824 4193 τῷ
2876 4124 3019 4193 μόνῳ
3064 4124 3308 4189 ἐξουσίαν
3357 4124 3531 4191 ἔχοντι
3580 4122 3789 4190 ἀφιέναι
3818 4121 3981 4193 Θεῷ.

2399 4217 2618 4285 Ἔχουσι
2644 4216 2700 4267 δὲ
2726 4216 2782 4265 ἐν
2803 4214 2879 4283 τῷ
2911 4214 3051 4266 κατά
3088 4214 3339 4283 Ἰωάννην
3382 4212 3696 4280 Εὑαγγελίῳ
3746 4212 3799 4261 αἱ
3840 4214 3983 4283 περὶ

2394 4307 2492 4375 τῆς
2513 4305 2618 4356 τῶν
2651 4304 2958 4357 ἀποστόλων
2984 4322 3098 4371 γινο
3116 4304 3274 4371 ιένης
3299 4302 3545 4370 ἀφέσεως
3572 4302 3741 4369 φωναὶ
3763 4300 3976 4364 οὕτως·

2397 4395 2613 4449 Λάϐετε
2664 4395 2903 4462 Πνεῦμα
2944 4395 3130 4463 ἅγιον
3176 4393 3252 4445 ἄν
3292 4410 3467 4445 τινων
3493 4393 3695 4460 ἀφίετε
3719 4390 3830 4460 (83)
3864 4395 3982 4459 τὰς

2396 4485 2700 4553 ἁμαρτίας,
2752 4485 3019 4552 ἀφίενται
3074 4483 3295 4549 αὐτοῖς,
3336 4482 3413 4535 άν
3454 4499 3633 4537 τινων
3685 4482 3978 4550 κρατῆτε,

2397 4575 2804 4643 κεκράτηνται.
2853 4577 2915 4627 Εἰ
2968 4575 3025 4627 δέ
3077 4592 3160 4635 τις
3206 4574 3580 4636 ἀϐαπανίστως
3633 4572 3979 4641 ἐκλαμϐάνει

2394 4667 2586 4729 ταῦτα,
2620 4666 2913 4733 ἐγκαλέσαι
2944 4682 3027 4728 τις
3063 4665 3128 4717 ἂν
3173 4668 3281 4727 τοῖς
3317 4664 3631 4726 ἀποστόλοις
3682 4664 3752 4732 μὴ
3792 4666 3980 4717 πᾶσιν

2396 4757 2652 4821 ἀφιεῖσιν,
2682 4755 2771 4807 ἵνα
2798 4756 2962 4806 πᾶσιν
2994 4753 3187 4823 ἀφεθῇ,
3215 4753 3349 4805 ἀλλά
3373 4771 3536 4805 τινων
3558 4751 3657 4813 τὰς
3686 4751 3979 4819 ἁμαρτίας

2395 4844 2703 4915 κρατοῦσιν,
2728 4843 2801 4905 ὡς
2841 4843 2907 4895 δι’
2950 4844 3145 4905 αὐτοὺς
3179 4844 3271 4895 καὶ
3294 4840 3445 4911 παρά
3480 4839 3598 4909 Θεῷ
3644 4839 3977 4907 κρατεῖσθαι

2397 4936 2582 4998 αὐτάς.
2618 4937 2898 5005 Χρήσιμον
2929 4935 2985 4987 δὲ
3011 4952 3081 4986 πα
3100 4934 3351 5001 οάδειγμα
3389 4932 3495 4983 ἀπὸ
3523 4930 3616 4983 τοῦ
3658 4930 3823 4998 νόμον
3886 4931 3979 4985 λα-

2397 5022 2532 5086 ϐεῖν,
2556 5023 2692 5091 πρὸς
2712 5022 2774 5073 τὸ
2802 5021 3058 5089 νοηθῆναι
3083 5021 3178 5088 τὴν
3202 5019 3267 5070 δι’
3295 5016 3594 5087 ἀνθρώπων
3630 5018 3826 5085 ἄφεσιν
3862 5020 3977 5071 ὑπὸ

2396 5110 2529 5163 Θεοῦ
2585 5109 2872 5177 γινομένην
2912 5105 3213 5177 ἀνθρώποις
3250 5104 3680 5177 ἁμαρτημάτων.
3711 5106 3770 5157 Οί
3826 5107 3976 5160 κατά

2398 5201 2556 5270 νόμον
2590 5202 2754 5268 ἱερεῖς
2784 5198 3078 5251 κωλύονται
3105 5197 3231 5269 περί
3249 5213 3409 5250 τινων
3442 5197 3761 5270 προσφέρειν
3787 5198 3973 5268 ἀμαρ-

800 5344 845 5386 δὲ
874 5342 1065 5396 Matth.
1094 5356 1247 5405 xvm,
1278 5341 1369 5395 '55.
1445 5343 1489 5373 ⁸³
1513 5342 1644 5395 Luc.
1670 5357 1802 5403 xvu.
1834 5342 1891 5395 ι.
1967 5340 2014 5371 ⁸⁸
2049 5340 2206 5393 Prov.
2237 5355 2328 5405 xv,
2352 5338 2441 5393 32.
2515 5338 2559 5368 "
2585 5334 2743 5393 Joan.
2776 5352 2868 5401 xx,
2895 5336 2984 5390 23.

824 5457 911 5527 79)
956 5454 1327 5527 Ἐνειλγξσιις.
1357 5453 1509 5527 Legit
1536 5451 2100 5527 Βοιιιιείιιε,άνηλεῶς.

826 5522 914 5593 80)
966 5526 1096 5578 Ἐπὶ
1129 5524 1245 5577 τῶν
1289 5522 1638 5576 ποιούντων.
1677 5523 1827 5590 Legit
1876 5522 2051 5593 idem,
2078 5522 2168 5573 ἐπὶ
2216 5522 2294 5591 τῷ

730 5591 973 5664 τοιούτῳ.
1009 5596 1113 5649 Sed
1148 5594 1285 5649 forte
1318 5595 1418 5663 legi
1449 5593 1617 5645 etiam
1645 5600 1838 5659 potest,
1873 5591 2092 5643 ἐπὶτῶν
2117 5593 2291 5643 τοιού-

730 5679 915 5803 ςωῖέι)
965 5732 1035 5787 Τὸ
1072 5731 1159 5801 μὴ
1201 5731 1348 5786 δεῖν.
1399 5729 1543 5801 Lego
1605 5744 1729 5786 cum
1774 5729 1984 5796 eodem,
2036 5728 2096 5781 τὸ
2144 5688 2220 5800 ius.

2398 5451 2582 5586 a‘i‘g‘é.)
2613 5517 2744 5573 Post
2777 5518 3044 5585 ἐξουσίαν,
3080 5520 3214 5575 adde
3237 5535 3359 5575 cum
3381 5521 3622 5577 editione
3643 5517 3967 5586 Oxoniensi.

2397 5587 2613 5710 ἔχομεν,
2648 5593 2788 5655 quod
2818 5591 3154 5644 desideratur
3204 5591 3257 5643 in
3317 5593 3506 5670 codice
3565 5593 3964 5671 manuscripto.

2470 5664 2485 5716 ι
2529 5660 2583 5716 5)
2620 5657 2802 5711 Codex
2840 5676 2963 5716 ms.,
3013 5660 3223 5716 ἀφίετε.
3261 5661 3429 5716 editio
3478 5655 3680 5716 Oxum.
3734 5656 3965 5716 ἀφιπτε.
4040 5680 4043 5709 :

2396 5726 2439 5781 ι
2470 5664 2802 5781 (limacem:
2840 5676 2963 5726 ms.,
3013 5664 3223 5729 ἀφίετε,
3261 5664 3429 5716 editio
3478 5664 3680 5723 Oxum,
3734 5664 3965 5728 ἀφιῆτε.

2442 5742 2555 5797 ege,
2623 5743 2778 5795 φητε.
4040 5748 4041 5797 1
