4132 6314
665 400 763 456 831

2120 400 2448 460 ORIGENIS

3814 400 3928 459 53'!

661 527 788 566 cum
825 514 928 566 vita
953 514 1138 569 omnis
1171 514 1407 571 hominis
1441 526 1605 585 super
1634 503 1846 586 terram,
1881 518 2107 573 tentatio
2143 520 2228 574 sit.

2344 519 2700 591 κελευόμεθα,
2748 519 2949 583 παντὸς
3012 519 3106 572 τοῦ
3169 519 3261 572 ἐπὶ
3310 521 3413 590 γῆς
3464 518 3768 590 ἀνθρώπων
3801 520 3925 590 βίου

661 604 908 671 Quandiu
929 608 1074 661 enim
1097 622 1260 677 super
1291 616 1494 663 terrain
1526 623 1712 664 sumus
1737 625 1899 664 carne
1921 611 2238 665 circumdati

662 711 788 767 qua:
816 698 1290 754 militatadversus
1309 701 1583 767 spiritum,
1630 701 1783 770 cujus
1831 703 2094 769 sapientia
2141 705 2240 756 ini-

662 789 800 841 mica
819 799 898 841 est
923 786 1053 852 Deo,
1073 805 1188 858 qua:
1212 790 1313 858 legi
1337 789 1432 843 Dei
1450 790 1596 844 nullo
1626 793 1781 845 modo
1801 802 1968 858 potest
1987 810 2097 846 esse
2115 798 2238 848 sub-

652 864 797 948 ﬁcta
837 879 924 942 ⁸⁸,
1003 880 1057 933 in
1110 882 1403 934 tentatione
1465 896 1672 934 sumus.
1759 881 1930 937 Porro
1988 885 2239 939 tentatio-

660 983 785 1023 nem
821 984 943 1024 esse
978 970 1273 1024 humanam
1300 986 1514 1024 onmem
1544 973 1596 1025 in
1663 981 1805 1024 terra
1841 973 2008 1025 vitam
2053 975 2237 1030 docuit

658 1072 762 1114 nos
800 1049 905 1114 'Job
954 1061 1040 1114 his
1100 1060 1281 1114 verbis
1344 1078 1358 1116 :
1426 1059 1680 1130 Nunquid
1735 1079 1838 1115 non
1885 1063 2107 1115 tentatio
2158 1075 2234 1117 est

659 1136 766 1202 uita
804 1149 1030 1201 hominis
1073 1165 1227 1215 super
1284 1157 1478 1202 terram
1505 1150 1588 1203 ὀἳ
1627 1149 1771 1203 ldetn
1830 1161 1977 1217 patet
2003 1165 2066 1204 ex
2100 1152 2235 1220 psal-

660 1253 752 1293 mo
805 1241 1014 1294 decimo
1076 1241 1304 1308 septimo
1361 1254 1375 1292 :
1433 1239 1501 1292 In
1566 1250 1616 1292 te
1663 1241 1922 1306 eripiara
1983 1243 2232 1296 tentatio-

657 1348 724 1386 ne
763 1332 832 1387 ⁹¹.
901 1333 1004 1386 Sed
1033 1342 1087 1386 et
1124 1332 1326 1386 Paulus
1369 1332 1436 1385 ad
1484 1331 1796 1386 Corinthios
1824 1331 2088 1396 scribens,
2124 1348 2230 1386 non

658 1432 852 1486 utnon
887 1433 1180 1488 tentemur,
1229 1423 1324 1477 sed
1374 1431 1435 1476 ut
1487 1438 1593 1475 non
1647 1438 1809 1492 supra
1859 1424 2000 1476 vires
2053 1426 2231 1479 tente-

655 1529 782 1568 mur
827 1515 904 1567 ait
983 1514 1164 1582 largiri
1223 1515 1415 1577 Deum,
1473 1530 1597 1568 cum
1641 1515 1717 1566 ait
1768 1532 1781 1567 :
1843 1512 2087 1568 Tcntatio
2143 1532 2231 1570 vos

657 1617 762 1655 non
785 1601 1124 1669 apprehendit
1169 1603 1269 1655 nisi
1322 1603 1595 1666 humana;
1629 1603 1804 1669 ﬁdelis
1854 1615 2028 1658 autem
2089 1606 2230 1660 Deus

656 1693 818 1763 257
848 1704 924 1748 est
949 1696 1034 1763 qui
1065 1711 1168 1747 non
1195 1697 1427 1762 patietur
1453 1713 1541 1749 vos
1569 1698 1762 1750 tentari
1789 1713 1952 1765 supra
1999 1697 2051 1749 id
2090 1699 2230 1766 quod

654 1783 894 1849 potestis,
923 1784 1014 1836 sed
1047 1783 1206 1850 faciet
1237 1786 1394 1835 etiam
1444 1801 1561 1837 cum
1609 1788 1894 1839 tentatione
1919 1799 2228 1854 proventum

627 1865 717 1924 ἰιι
749 1875 960 1941 possitis
992 1873 1329 1927 sustinere".
1361 1873 1487 1927 Sive
1527 1875 1672 1928 enim
1718 1876 2030 1928 colluctatio
2075 1876 2231 1930 nobis

655 1968 744 2014 est
766 1977 888 2014 cum
921 1978 1107 2027 carne,
1132 1978 1252 2031 quae
1279 1965 1620 2031 concupiscit
1644 1973 1696 2017 et
1723 1965 1922 2018 militat
1971 1968 2231 2020 adversus

655 2052 933 2121 spiritum,
952 2054 1064 2106 sive
1091 2069 1212 2107 cum
1245 2056 1422 2107 anima
1446 2057 1623 2110 omnis
1645 2056 1848 2120 carnis,
1871 2071 1991 2124 qttae
2015 2058 2231 2112 nomine

654 2144 869 2211 corpori
917 2147 1060 2210 quod
1106 2145 1378 2199 inhabitat
1410 2157 1779 2200 consentaneo
1815 2156 2040 2200 vocatur
2076 2147 2229 2215 prin-

653 2236 868 2305 cipatus
908 2237 999 2305 qui
1042 2245 1095 2290 et
1122 2237 1324 2291 dicitur
1357 2253 1457 2292 cor
1483 2238 1678 2308 (qualis
1729 2247 1813 2292 est
1866 2254 2052 2292 eorum
2085 2240 2227 2294 lucta

651 2328 746 2396 qui
773 2329 1167 2382 tentationibus
1196 2338 1517 2383 exercentur
1551 2330 1983 2399 humanis),sive
2013 2339 2073 2384 ut
2102 2346 2230 2399 pro-

655 2418 988 2473 vectioribus
1033 2429 1085 2473 et
1133 2404 1545 2487 perfectiorihus
1577 2421 1826 2490 athletis,
1853 2422 1942 2488 qui
1977 2436 2081 2475 non
2112 2422 2225 2488 jam

652 2523 778 2563 cum
834 2527 1000 2566 carne
1056 2511 1332 2565 luctentur
1364 2522 1421 2566 et
1458 2514 1742 2581 sanguine,
1770 2515 1864 2568 sed
1912 2528 2087 2581 neque
2129 2514 2227 2565 lm-

652 2600 832 2654 manis
876 2603 1258 2655 examinentur
1307 2603 1699 2656 tentationibus
1753 2619 1890 2670 quas
1940 2597 2227 2657 eouculcau

653 2701 804 2755 runt,
825 2689 938 2758 jam
995 2693 1249 2745 adversus
1281 2693 1538 2760 principes
1561 2701 1607 2744 et
1633 2703 1934 2760 potestates,
1973 2694 2223 2747 adversus

652 2784 839 2834 mundi
871 2796 1092 2837 rectores
1121 2785 1458 2838 tenebrarum
1479 2786 1695 2851 harum,
1725 2793 1776 2838 et
1804 2784 2104 2850 spiritualia
2131 2801 2224 2843 ne-

649 2873 833 2943 quitia:
847 2874 893 2905 ”
923 2887 1108 2929 nostra
1141 2876 1253 2930 sint
1276 2877 1596 2942 certamina,
1634 2893 1738 2933 non
1771 2892 1958 2932 sumus
1987 2892 2014 2928 a
2045 2885 2224 2930 tenta-

655 2962 893 3018 tionibus
930 2966 1215 3022 immunes.
1268 2966 1554 3032 Quomodo
1599 2969 1766 3037 igitur
1814 2982 1915 3021 nos
1961 2966 2224 3022 Servatur

649 3065 815 3107 orare
839 3051 1018 3119 jubet,
1049 3070 1117 3108 ne
1149 3056 1414 3109 intremus
1440 3056 1492 3109 in
1528 3057 1907 3118 tentationem,
1932 3071 2052 3110 cum
2081 3053 2224 3108 Deus

651 3158 844 3198 omnes
877 3153 1046 3202 tentet
1074 3135 1513 3213 quodammodo?
1551 3145 1923 3199 Recordamini
1954 3146 2125 3208 enim,
2150 3147 2225 3206 ait

651 3234 838 3289 Judith
894 3251 1000 3289 non
1050 3237 1116 3288 ad
1172 3237 1254 3290 sui
1291 3237 1498 3290 tantum
1536 3236 1796 3311 temporis
1855 3238 2226 3306 presbyteros,

652 3327 748 3380 sed
793 3325 861 3379 ad
906 3340 1098 3378 omnes
1125 3327 1217 3394 qui
1250 3327 1444 3381 librum
1483 3325 1598 3392 ejus
1627 3326 1822 3380 lecturi
1851 3336 2056 3392 essent,
2083 3345 2229 3398 qna:-

653 3431 855 3487 cunque
898 3417 1022 3484 fecit
1069 3432 1188 3468 cum
1241 3415 1528 3481 Abraham,
1556 3425 1604 3468 et
1653 3431 1978 3484 quwcunque
2016 3419 2231 3484 tentavit

653 3506 835 3574 Isaac,
860 3518 908 3561 et
934 3522 1260 3577 qutecunque
1277 3516 1553 3562 evenerunt
1575 3504 1742 3559 Jacob
1767 3504 1823 3559 in
1850 3505 2231 3573 Mesopotamia

653 3595 828 3667 Syria:
867 3599 1104 3667 poscenti
1150 3614 1344 3667 pecora
1396 3596 1576 3650 Laban
1621 3597 1810 3664 fratris
1865 3597 2055 3662 matris
2087 3612 2230 3659 sum;

650 3689 900 3752 quoniam
926 3706 1029 3742 non
1055 3688 1188 3741 sicut
1211 3687 1330 3740 illos
1346 3686 1666 3741 examinavit
1688 3687 1742 3739 in
1769 3694 2032 3739 certamen
2056 3687 2230 3738 cordis

652 3793 857 3844 eorum,
886 3780 1047 3831 etiam
1096 3795 1190 3832 nos
1223 3779 1502 3831 ulciscitur
1558 3778 1649 3848 qui
1691 3777 1762 3830 ad
1811 3776 2228 3830 emendationem

651 3867 887 3938 ﬂagellat
941 3865 1198 3923 Dominus
1240 3869 1717 3937 appropinquantes
1755 3869 1858 3922 sibi
1875 3868 1944 3921 9‘.
1974 3867 2030 3920 ld
2065 3868 2228 3920 etiam

654 3960 712 4013 in
741 3959 1057 4013 universum
1081 3960 1145 4011 de
1165 3959 1330 4024 justis
1362 3942 1615 4012 onmibns
1646 3959 1880 4012 allirmat
1912 3959 2082 4012 David
2105 3974 2225 4012 cum

654 4049 738 4104 ait
779 4066 794 4100 :
841 4048 1028 4102 Multa:
1078 4049 1816 4116 tribulationesjustorum”.
1842 4050 1910 4103 Et
1937 4050 2229 4119 Apostolus

655 4141 712 4193 in
744 4139 971 4193 Actibus
1003 4157 1015 4192 :
1053 4139 1313 4203 Quoniam
1340 4156 1432 4207 per
1461 4139 1657 4193 multas
1689 4131 2053 4195 tribulationes
2076 4159 2230 4210 opor-

655 4239 729 4286 tet
787 4246 880 4283 nos
943 4231 1146 4283 intrare
1205 4231 1262 4283 in
1323 4246 1538 4298 regnum
1581 4230 1756 4283 Dei".
1788 4231 1939 4297 Quod
1988 4235 2034 4286 si
2093 4233 2227 4285 nihil

608 4329 612 4336 ‘
656 4336 821 4388 supra
867 4321 1086 4389 vulgum
1136 4320 1501 4390 intelligamus
1527 4320 1595 4372 de
1623 4323 1895 4384 oratione.
1933 4339 2002 4377 ne
2047 4324 2223 4377 intre.

653 4425 777 4466 mus
830 4412 882 4464 in
938 4411 1311 4477 tentationem,
1349 4411 1564 4464 dicendi
1623 4421 1783 4465 erunt
1833 4413 2221 4478 apostolicum

2344 611 2701 682 πειρατηρίου
2745 611 2917 675 ὄντος,
2978 611 3494 683 προσεύχεσθαι-μὴ
3533 610 3795 664 εἰσελθεῖν
3841 613 3927 674 είς

2343 700 2666 769 πειρασμόν.
2692 693 2768 769 *ῌ
2801 698 2910 769 γάρ
2940 702 3105 770 ἐσμεν
3142 699 3234 752 ἐπὶ
3265 700 3385 768 γῆςο
3411 700 3776 770 περικείμενοι
3817 699 3924 767 τὴν

2342 787 2774 857 στρατευομένην
2821 787 2999 856 σάρκα
3037 785 3179 840 κατὰ
3227 785 3324 838 τοῦ
3366 786 3694 854 πνεύματος,
3739 781 3817 854 ἧς
3852 784 3937 836 τὸ·

2338 880 2612 946 φρόνημα
2641 879 2826 946 ἔχθρα
2861 877 3032 931 ἐστὶν
3073 881 3159 944 εὶς
3207 876 3374 941 Θεὸν,
3416 876 3702 946 μηδαμῶς
3736 876 3924 930 δυνα-

2331 967 2528 1036 μένης
2552 969 3008 1024 ὑποτάσσεσθαι
3036 968 3119 1034 τῷ
3150 970 3311 1037 νόμῳ
3341 968 3448 1021 τοῦ
3492 967 3663 1031 Θεοῦ,
3703 969 3763 1019 ὲν
3798 968 3932 1020 -πειέ-

2340 1059 2535 1128 ρασμῷ
2577 1061 2764 1129 ἐσμεν.
2813 1060 2933 1112 Ὅτι
2981 1060 3039 1111 δὲ
3092 1061 3447 1130 πειρατήριον
3492 1062 3599 1121 πᾶς
3634 1063 3662 1113 ὁ
3689 1061 3782 1112 ἐπὶ
3814 1061 3923 1129 γῆς

2336 1147 2670 1217 ἀνθρώπινος
2726 1149 2869 1218 βίος,
2928 1149 3037 1201 ἀπὸ
3076 1148 3170 1201 τοῦ
3227 1147 3347 1200 Ἰὼϐ
3395 1147 3792 1220 μεμαθήκαμεν
3829 1148 3921 1201 διὰ

2332 1237 2557 1292 τούτων*
2593 1241 2855 1307 Πότερον
2890 1240 3026 1309 οὐχὶ
3077 1237 3462 1307 πειρατήριόν
3494 1239 3666 1291 ἐστιν
3713 1242 3746 1291 ό
3784 1239 3924 1305 βίος

2333 1328 2453 1380 τῶν
2493 1329 2816 1395 ἀνθρώπων
2853 1329 2950 1381 ἐπὶ
2999 1329 3150 1397 γῆς;
3200 1330 3311 1382 Καὶ
3355 1329 3462 1381 ἀπὸ
3518 1328 3611 1380 τοῦ
3657 1330 3926 1382 ἑπτακαι-

2332 1415 2557 1468 δεκάτου
2586 1416 2802 1486 ψαλμοῦ
2836 1417 2897 1469 τὸ
2940 1417 3070 1469 αὐτὸ
3112 1417 3366 1486 δηλοῦται
3417 1417 3475 1468 ὲν
3519 1416 3618 1485 τῷν
3679 1417 3776 1468 Ἐν
3817 1417 3924 1468 σοι

2326 1505 2710 1573 ῥυσθήσομαι
2751 1505 2870 1559 ἀπὸ
2924 1507 3326 1574 πειρατηριου.
3371 1505 3530 1557 Ἀλλὰ
3559 1506 3652 1558 κα)⁵
3687 1508 3719 1558 ὁ
3766 1505 3922 1557 Παῦ-

2332 1595 2458 1659 λος,
2498 1593 2806 1663 Κορινθίοις
2848 1594 3096 1664 γράφων,
3140 1595 3263 1664 οὐχὶ
3311 1594 3369 1647 τὺ
3418 1595 3492 1665 μὴ
3537 1592 3922 1666 πειράζεσθαι,

2334 1683 2470 1736 ἀλλὰ
2495 1683 2558 1736 τὸ
2594 1683 2853 1755 μὴςπαρὰ
2907 1684 3134 1754 δύναμιν
3175 1681 3551 1756 πειράζεσθαι,
3598 1686 3731 1756 φησι
3758 1687 3924 1756 χαρί-

2335 1774 2524 1839 ζεσθαι
2574 1776 2665 1828 τὸν
2721 1776 2877 1838 Θεὸν,
2932 1775 3138 1842 λέγων’
3206 1776 3545 1846 Πειρασμὸς
3599 1777 3758 1846 ὑμᾶς
3806 1780 3924 1833 οὐκ

2330 1867 2584 1934 εἴληφεν
2632 1868 2686 1918 εὶ
2733 1865 2820 1934 μὴ
2869 1864 3273 1932 ἀνθρώπινοςο
3325 1867 3541 1932 πιστὸς
3581 1867 3649 1920 δὲ
3690 1872 3724 1921 ό
3773 1869 3927 1935 Θεὸς

2332 1961 2443 2012 οὐκ
2493 1959 2661 2012 ἐάσει
2694 1960 2805 2030 (87)
2845 1958 3003 2028 ὑμᾶς
3056 1959 3446 2027 πειρασθῆναι
3484 1960 3636 2028 ὑπὲρ
3672 1959 3704 2012 δ
3737 1960 3928 2015 δύνα-

2332 2053 2463 2113 σθε,
2510 2050 2672 2103 ἀλλὰ
2722 2049 2965 2114 ποιήσει
3017 2049 3138 2103 σὺν
3163 2048 3245 2114 τῷ
3305 2049 3611 2120 πειρασμῷ
3659 2051 3758 2103 καὶ
3804 2051 3926 2118 τὴν

2329 2141 2600 2205 ἑκϐασιν,
2653 2141 2760 2194 τοῦ
2811 2133 3119 2213 δύνασθαι
3167 2141 3539 2210 ὑπενεγκεῖν.
3571 2141 3698 2194 Εἴτε
3730 2141 3841 2211 γὰρ
3884 2142 3924 2210 ἠ

2330 2231 2476 2300 πάλη
2524 2233 2641 2284 ἐστὶ
2680 2232 2818 2302 πρὸς
2861 2216 2959 2302 τὴν
2999 2233 3368 2303 ἐπιθυμοῦσαν
3411 2233 3444 2303 ἥ
3483 2236 3924 2304 στρατευομένην

2329 2319 2469 2371 κατὰ
2498 2320 2590 2372 τοῦ
2625 2321 2933 2391 πνεύματος
2963 2323 3162 2396 σάρκα,
3209 2324 3242 2392 ἤ
3286 2323 3422 2394 πρὸς
3451 2323 3549 2392 τὴν
3579 2305 3771 2392 ψυχὴν
3811 2323 3923 2375 πά-

2333 2429 2445 2482 σης
2493 2412 2714 2481 σαρκὸς,
2766 2414 2888 2482 ἥτις
2947 2413 3095 2466 ἐστὶν
3150 2414 3453 2484 ὁμωνύμως
3503 2408 3550 2482 ᾧ
3606 2415 3927 2481 ὲγκατοικεϊ

2330 2500 2576 2571 σώματι,
2628 2503 2690 2554 τὸ
2737 2505 3059 2574 ἡγεμονικὸν
3106 2504 3134 2556 ὃ
3186 2504 3429 2568 καλεῖται
3481 2505 3677 2575 καρδία
3733 2504 3925 2574 (ὁποία

2328 2593 2474 2645 ἐστὶν
2508 2595 2542 2664 ἡ
2576 2594 2718 2664 πάλη
2770 2595 2882 2658 τοῖς
2926 2596 3054 2660 τοὺς
3082 2595 3453 2666 ἀνθρωπίνους
3487 2597 3913 2670 πειραζομένοις

2327 2683 2712 2752 πειρασμοὺς),
2744 2681 2854 2734 εἴτε
2897 2682 2973 2746 ὡς
3025 2681 3372 2752 διαϐεϐηκόσι
3415 2682 3505 2734 καὶ
3551 2681 3921 2751 τελειοτέροις

2326 2771 2820 2842 άθληταῖς,οὺκέτι
2870 2775 3008 2850 πρὸς
3053 2771 3192 2845 αἷμα
3240 2776 3334 2827 καὶ
3365 2774 3541 2846 σάρκα
3569 2773 3920 2838 παλαίουσιν,

2325 2863 2446 2915 οὐδὲ
2478 2862 2537 2913 ἐν
2561 2865 2674 2924 τοῖς
2728 2864 3088 2934 ἀνθρωπίνοις
3121 2862 3456 2937 πειρασμοῖς
3484 2863 3920 2933 ἐξεταζομένοις,

2325 2951 2419 3014 οὺς
2448 2955 2994 3023 καταπεπατήκασιν,
3017 2955 3116 3025 ἢδη
3145 2954 3295 3021 πρὸς
3315 2953 3422 3019 τὰς
3448 2953 3655 3020 ἀρχὰς,
3679 2951 3779 3004 καί
3804 2949 3922 3016 τὰς

2325 3043 2632 3106 ἐξουσίας,
2668 3044 2766 3094 καὶ
2801 3044 2943 3109 τοὺς
2987 3044 3473 3113 κοσμοκράτορας
3502 3043 3609 3096 τοῦ
3652 3042 3924 3108 σκότους

2327 3135 2561 3196 τούτου,
2614 3133 2712 3184 καὶ
2748 3133 2820 3186 τὰ
2867 3135 3240 3203 πνευματικὰ
3293 3133 3401 3200 τῆς
3439 3134 3726 3200 πονηρίας
3763 3132 3921 3185 ἐστὶν

2335 3227 2466 3294 ἡμῖν
2503 3223 2574 3276 τὰ
2621 3223 2997 3294 ἀγωνίσματα,
3021 3224 3115 3276 τοῦ
3151 3222 3504 3296 πειράζεσθαι
3535 3225 3633 3276 οὐκ
3663 3223 3922 3294 ἀπηλλά-

2333 3317 2530 3386 γμεθα.
2565 3315 2689 3379 Πῶς
2723 3311 2814 3368 οὖν
2848 3317 3058 3368 κελεύει
3091 3318 3239 3387 ἡμᾶς
3281 3319 3309 3368 ὁ
3336 3315 3524 3390 Σωτὴρ
3549 3313 3797 3384 εὔχεσθαι
3822 3313 3924 3386 ,μὴ

2334 3409 2593 3460 εἰσελθεῖν
2641 3411 2720 3470 εἰς
2773 3408 3093 3478 πειρασμὸν,
3135 3407 3488 3479 πειράζοντός
3535 3424 3652 3470 πως
3699 3405 3925 3470 πάντας

2330 3499 2423 3550 τοῦ
2459 3499 2592 3552 Θεοῦ
2617 3518 2630 3565 ;
2662 3491 2984 3571 Μνήσθητε
3014 3500 3122 3571 γὰρ
3155 3500 3340 3571 (φησὶν
3369 3500 3404 3570 ἡ
3443 3497 3664 3551 Ἰουδαῖθ
3691 3497 3816 3568 (88),
3845 3495 3920 3550 οὔ

2334 3607 2469 3676 πρὸς
2514 3609 2638 3670 τοὺς
2677 3582 2796 3661 τότε
2821 3609 3223 3680 πρεσϐυτέρους
3267 3609 3443 3678 μόνον,
3473 3607 3608 3661 ἀλλὰ
3646 3607 3737 3660 καὶ
3768 3606 3930 3677 πρὸς

2332 3698 2539 3758 πάντας
2590 3698 2729 3759 τοὺς
2775 3700 3195 3768 ἐντυγχάνοντας
3223 3697 3393 3768 αὐτῆς
3424 3701 3490 3768 τῇ
3519 3697 3748 3768 γραφῇ),
3785 3697 3929 3752 ὅσα

2328 3787 2578 3854 ἐποίησε
2637 3786 2787 3856 μετὰ
2851 3788 3126 3857 Ἀϐραὰμ,
3169 3789 3267 3842 καὶ
3319 3789 3436 3842 ὅσα
3482 3789 3758 3857 ἐπείρασε
3792 3787 3928 3840 τὸν·

2343 3877 2560 3943 Ἰσαὰκ,
2599 3877 2698 3930 καὶ
2743 3878 2860 3931 ὅσα
2889 3878 3125 3947 ἐγένετο
3155 3878 3236 3943 τῷ
3276 3861 3487 3932 Ἰακὼϐ
3523 3878 3593 3934 ἐν
3636 3881 3930 3959 Μεσοπο-

2329 3969 2508 4038 ταμίᾳ
2540 3967 2648 4036 τῆς
2682 3970 2901 4036 Συρίας
2928 3971 3300 4041 ποιμαίνοντι
3327 3969 3530 4023 Λάόαν
3550 3970 3624 4024 τὰ
3648 3961 3932 4040 πρόόᾳτα

2329 4059 2434 4112 τοῦ
2488 4059 2755 4127 ἀδελφοῦ
2795 4059 2904 4128 τῆς
2934 4060 3161 4129 μητρὸς
3200 4059 3420 4114 αὐτοῦ·
3455 4062 3535 4113 οὐι
3570 4057 3942 4142 γὰρρκαθὼς.

2327 4151 2600 4217 ἐκείνους
2626 4151 2939 4218 ἐπύρωσεν
2979 4153 3067 4215 είς
3099 4150 3368 4219 ἐτασμὸνΔ
3414 4145 3926 4217 καρδίιιςμὺτῶν,

2328 4240 2424 4292 καὶ
2461 4237 2618 4308 ἡμᾶς
2639 4237 2752 4309 (89)
2787 4237 3016 4291 ἐκδικεῖ
3041 4241 3074 4291 ό
3095 4239 3181 4303 εις
3211 4234 3572 4303 νουθέτησιν
3602 4233 3929 4305 μαστιγῶν

2327 4327 2542 4390 Κύριος
2586 4325 2730 4390 τοὺς
2773 4324 3321 4394 ὲγτίζονταςσὺτῷ.
3366 4326 3477 4378 Καὶ
3506 4324 3582 4388 ὡς
3614 4320 3958 4390 ,καθολικδν

2327 4414 2383 4467 δὲ
2421 4415 2781 4482 ἀποφαίνεται
2837 4415 2966 4485 περὶ
3023 4416 3242 4468 πάντων
3291 4415 3515 4467 δικαίων
3554 4417 3582 4468 ὁ
3627 4415 3719 4486 μὲν
3740 4413 3945 4469 Andib-

654 4511 900 4566 orarent,
958 4502 1201 4555 exauditi
1274 4517 1382 4555 non
1437 4515 1582 4566 esse,
1633 4503 1727 4570 qui
1787 4504 2073 4556 innumera
2125 4520 2223 4574 per

2331 4501 2497 4571 λέγων
2515 4520 2528 4532 '
2548 4503 2789 4559 Πολλαὶ
2818 4507 2883 4574 αἱ¹
2907 4501 3281 4570 θλίψειςτῶν
3309 4503 3577 4557 δικαίων·
3604 4507 3632 4559 ὁ
3657 4506 3709 4558 δὲ
3743 4505 3930 4558 Ἀπό-

654 4609 872 4647 omnem
912 4593 1081 4646 vitam
1120 4592 1262 4645 mala
1294 4592 1535 4660 perpessi
1566 4599 1695 4645 sunt
1722 4592 1777 4644 in
1805 4591 2075 4646 laboribus
2100 4595 2222 4663 plu-

654 4686 829 4750 rimis,
886 4687 941 4738 in
983 4683 1281 4738 carceribus
1323 4683 1706 4745 abundantius,
1750 4683 1805 4734 in
1849 4683 2016 4750 plagis
2063 4701 2224 4752 supra

651 4777 891 4837 modum,
943 4777 994 4829 in
1033 4775 1286 4840 mortibus
1320 4773 1639 4842 frequenter.
1682 4772 1748 4826 Et
1793 4772 1992 4827 Paulus
2036 4775 2225 4844 singil-

655 4864 805 4917 latim
837 4882 868 4915 a
901 4865 1106 4917 Judwis
1155 4866 1428 4933 quinquies
1481 4864 1850 4934 quadragenas
1899 4882 2006 4917 una
2047 4867 2222 4920 minus

655 4953 872 5021 accepit.
921 4952 1021 5005 Ter
1069 4955 1235 5022 virgis
1279 4970 1446 5022 caesus
1501 4964 1600 5018 est,
1631 4956 1786 5008 semel
1829 4955 2094 5022 lapidatus
2123 4966 2222 5024 est,

656 5037 733 5096 ter
764 5041 1100 5142 naufragium
1131 5044 1269 5110 fecit,
1301 5055 1448 5098 nocte
1482 5033 1545 5100 et:
1564 5044 1649 5097 die
1679 5046 1730 5097 in
1766 5046 2030 5112 profundo
2063 5049 2225 5101 maris

657 5133 848 5200 fuit";
887 5133 1048 5215 homo
1073 5133 1126 5185 in
1166 5137 1402 5188 omnibus
1432 5134 1826 5187 tribulationem
1866 5152 2075 5201 passus,
2100 5154 2228 5204 apo-

657 5225 850 5286 riatus,
899 5222 1309 5290 persecutionem
1366 5241 1575 5293 passus,
1615 5225 1845 5291 dejectus
1863 5224 1932 5286 ”,
1969 5227 2057 5291 qui
2096 5225 2226 5278 illud

654 5314 859 5370 fatetur
893 5331 908 5366 :
940 5311 1111 5382 Usque
1139 5313 1195 5365 in
1231 5314 1363 5367 hanc
1392 5317 1658 5369 Iwramet
1689 5316 1974 5378 esurimus,
2020 5325 2068 5366 et
2108 5316 2231 5369 siti-

2335 4593 2516 4654 στολος
2542 4594 2598 4644 ὲν
2622 4596 2742 4656 ταῖς
2763 4592 3081 4659 Πράξεσιν”
3103 4594 3232 4646 ’Ὁτι
3263 4592 3359 4647 διὰ
3378 4592 3622 4647 πολλῶν
3643 4596 3931 4662 θλίψεων

2332 4682 2424 4735 δεῖ
2454 4680 2610 4750 ἡμᾶς
2659 4682 2955 4736 εἰσελθεῖν
2982 4685 3069 4748 είς
3099 4683 3214 4751 τὴν
3238 4683 3565 4747 ,ϐασιλείαν
3599 4683 3700 4735 τοῦ
3729 4685 3922 4739 Θεοῦ.

2331 4773 2441 4824 Καὶ
2473 4773 2568 4825 ἐὰν
2600 4773 2675 4842 μὴ
2718 4772 2964 4843 συνῶμεν
2995 4774 3058 4826 τὸ
3083 4775 3208 4836 τοὺς
3235 4772 3463 4835 πολλοὺς
3490 4772 3741 4826 λανθάνον
3768 4778 3928 4845 περὶ

2329 4861 2422 4914 τοῦ
2459 4863 2534 4932 μὴ
2564 4862 2824 4929 εἰσελθεῖν
2873 4867 2951 4926 εἰς
2997 4864 3299 4934 πειρασμὸν
3342 4862 3747 4933 προσεύχεσθαι,
3779 4862 3927 4936 ὥρα

2329 4953 2526 5022 λέγειν,
2555 4955 2636 5006 an
2689 4956 2740 5006 οἱ
2784 4955 3067 5006 ἀπόστολοι
3120 4954 3402 5024 εὐχόμενοι
3431 4956 3532 5006 οὐκ
3555 4954 3924 5025 ἐπηκούοντο,

2331 5045 2501 5115 μυρία
2551 5026 2655 5096 δσᾶ
2695 5046 2754 5094 ἐν
2792 5044 2953 5094 παντὶ
2991 5040 3075 5111 τῷ
3098 5044 3272 5113 χρόνῳ
3313 5045 3516 5097 ἑαυτῶν
3546 5044 3920 5113 πεπονθότες·

2326 5136 2397 5188 ἐν
2428 5135 2639 5199 κόποις
2681 5135 3138 5200 περισσοτέρως,
3167 5135 3236 5186 ἐν
3260 5136 3520 5205 πληγαῖς
3555 5141 3928 5205 περισσοτέ-

2319 5226 2464 5290 ρως,
2504 5223 2574 5274 ἐν
2617 5219 2914 5288 φυλακαῖς
2941 5214 3467 5292 ὑπερϐαλλόντως,
3511 5227 3581 5280 ὲν
3626 5225 3926 5295 θανάτοις

2329 5311 2657 5378 πολλάκις·
2690 5313 2718 5363 ὁ
2743 5311 2799 5363 δὲ
2831 5311 3041 5378 Παῦλος
3102 5313 3207 5386 ἰδίᾳ
3259 5318 3378 5372 ὑπὸ
3429 5319 3732 5372 ἰαυδαιων
3761 5333 3924 5371 κεν.

725 5455 775 5489 ⁸⁸
804 5455 959 5509 Rom.
987 5470 1104 5520 νιιι,
1133 5455 1186 5507 7.
1211 5522 1218 5523 ί
1263 5455 1306 5486 ⁹⁰
1335 5446 1433 5510 Job
1455 5471 1551 5520 vn,
1581 5456 1636 5509 1.
1711 5454 1753 5486 ⁹¹
1780 5451 1980 5523 Psalm.
2006 5468 2136 5516 XVII,
2162 5451 2228 5505 '50

2331 5453 2373 5523 ῆι
2403 5452 2423 5506 Ι
2451 5451 2665 5523 βοῇ),
2694 5451 2758 5523 l5
2796 5521 2829 5523 Α
2854 5452 2900 5523 ’γ’
2925 5453 3058 5523 Epit.
3090 5471 3164 5522 vr,
3189 5455 3276 5513 12.
3353 5459 3400 5492 ³⁸
3430 5459 3619 5515 Judith
3671 5471 3786 5520 νιιι.
3811 5459 3917 5514 29-

629 5517 702 5564 .”
731 5526 877 5583 Psal.
905 5517 1116 5591 xum,
1162 5522 1255 5577 ‘20.
1330 5517 1663 5593 “.Act.'xw,
1691 5524 1784 5577 9.1.
1837 5523 1904 5594 q"
1936 5521 1982 5575 ll
2018 5524 2141 5576 Cor.
2180 5537 2228 5574 χι

2331 5519 2496 5588 5,-24,
2534 5521 2628 5574 25.
2702 5521 2746 5552 "
2791 5521 2833 5575 ll
2862 5517 2988 5577 Cor'.
3021 5540 3095 5592 tv,
3121 5517 3175 5580 8'.

729 5643 846 5713 (87)
888 5639 943 5693 Ὁ
988 5641 1131 5707 Θεὸς
1180 5642 1292 5695 οὐκ
1337 5640 1522 5697 ἐάσει.
1572 5641 1844 5700 Bentleius
1863 5639 2012 5712 legit,
2043 5643 2071 5693 ὁ
2097 5639 2229 5704 Θεὸς

654 5711 718 5780 ὃς
735 5711 838 5768 οὐκ
870 5713 1044 5768 ἰάσει.
1721 5768 1729 5770 _

727 5784 856 5854 (88)
895 5784 1079 5845 Codex
1115 5780 1520 5865 ηιεηνίουδσῖο.
1554 5783 1741 5856 Editio
1775 5780 1974 5851 Oxon.,
2018 5779 2223 5838 ’touato.

2411 5639 2522 5710 (89)
2564 5637 2774 5710 ’ζιμᾶα
2826 5650 2934 5696 etc.
2972 5643 3062 5697 Sic
3119 5646 3280 5700 habet
3317 5606 3504 5702 codex
3561 5641 3918 5710 ms._l".glitio

2334 5708 2545 5786 aut‘em_
2573 5709 2913 5786 Oxouieusis,
2965 5715 3109 5786 ἡμᾶς
3159 5717 3261 5786 οὐκ
3294 5713 3624 5786 ἐξεδίκησεν.
3652 5708 3793 5765 ἀλλὰ
3825 5715 3916 5783 ει,

2330 5779 2614 5860 νουθεσίαν
2637 5784 2912 5856 μαστιγοῖ,
2943 5779 3017 5844 ut’
3029 5785 3088 5844 in
3118 5785 3339 5854 vulgato
3368 5779 3521 5838 textu
3548 5779 3754 5839 Graeco.
