4132 6314
3339 444 3440 500 ἓὶὖι

191 462 307 515 5'55
515 511 518 515 .
942 478 944 481 '
1407 458 1746 518 LIBELLUS
1773 459 1860 514 DE
1885 454 2251 513 OBATIONE.

191 575 370 640 τάκις
388 574 845 642 τεσσαράκοντα
866 577 1023 645 παρὰ
1032 579 1178 646 μίαν
1198 578 1410 645 εἴληφε
1428 593 1440 607 ·
1461 578 1590 645 τρὶς
1615 576 1747 642 ἐρῤο

1848 623 1852 636 ,
1887 588 2022 635 mus,
2048 581 2094 624 et
2125 547 2260 622 nudi}
2283 581 2482 626 sumus,
2526 573 2572 618 et
2619 563 2850 632 colaphis
2883 563 3157 625 ca’dimur,
3180 574 3226 616 et
3279 565 3441 616 insta-

187 663 435 732 ὄδίσθη,
463 665 626 731 ἅπαξ
657 665 966 734 ἐλιθάσθη,
1002 669 1130 734 τρίς
1155 667 1519 737 ἐναυάγησε,
1555 665 1747 735 νυχθή

1883 661 2006 714 biles
2035 675 2237 722 sumus,
2260 668 2307 709 et
2335 655 2637 708 laboramus
2661 663 2928 720 aperantcs
2954 653 3194 706 ntauibus
3217 654 3440 718 nostris;

180 772 382 822 μερον
399 756 471 808 ἐν
494 755 578 820 τῷ
596 755 768 822 ,βυθῷ
799 759 1147 825 πεποίηκεν,
1181 758 1463 829 ἄνθρωπος
1495 759 1565 811 ἐν
1596 773 1747 812 παντ

1880 749 2270 811 maledicimur,
2321 754 2368 798 et
2423 743 2802 805 benedicimus;
2855 743 3261 809 persecutionem
3299 744 3441 809 pati-

187 845 570 912 θλιϐόμενος,
624 846 724 898 καὶ
781 848 1211 916 ἀπορούμενος,
1246 828 1344 900 καί
1398 848 1747 917 διωκόμενος

1880 855 2016 901 mur,
2033 846 2079 890 et
2106 831 2916 897 sustinemus;'blospltemamur,
2948 839 2993 882 et
3025 831 3354 880 obsecramus
3372 828 3440 882 η.

1877 924 2012 982 Cum
2072 937 2256 980 autem
2299 939 2361 978 ea
2413 920 2690 976 consecuti
2755 935 2858 970 non
2918 920 3026 972 sint
3061 918 3284 986 apostoli
3343 932 3444 985 pro

1875 1017 2072 1087 quibus
2093 1017 2341 1078 orabant,
2359 1013 2480 1082 quis
2505 1026 2691 1066 eorum
2711 1010 2798 1078 qui
2831 1009 3113 1061 inferiores
3137 1008 3269 1077 ipsis
3293 1016 3442 1070 sunt,

1875 1119 2096 1171 sperare
2138 1111 2316 1171 potest
2359 1103 2637 1154 orationes
2675 1112 2800 1153 suas
2824 1098 3201 1150 exauditurum
3245 1096 3444 1149 Deum?

1875 1195 2004 1248 Illud
2055 1209 2186 1247 vero
2235 1194 2376 1259 quod
2418 1195 2469 1244 in
2521 1191 2730 1258 psalmo
2761 1190 3019 1256 scriptum
3053 1198 3132 1240 est
3178 1188 3440 1259 vigesimo

1875 1286 2101 1351 quinto;
2141 1282 2310 1352 258
2339 1281 2511 1335 Proba
2558 1298 2655 1344 me,
2693 1280 2936 1343 Domine,
2960 1289 3008 1330 et
3040 1291 3178 1332 tenta
3201 1283 3316 1342 me';
3351 1294 3440 1331 ure

185 935 296 985 καί
344 937 885 1004 καταϐαλλόμενος,
930 938 1208 1007 ὁμολογῶν
1245 956 1303 992 τε
1339 939 1425 991 τό·
1460 941 1622 1006 Ἄχρι
1666 937 1777 1004 τῆς

183 1023 327 1090 ἄρτι
358 1024 513 1093 ὥρας
539 1027 833 1095 πεινῶμεν
859 1028 960 1081 καί
992 1027 1278 1097 διψῶμεν,
1296 1029 1392 1080 καί
1418 1029 1779 1096 γυμνητεύο-

178 1127 328 1179 μεν,
389 1113 487 1166 καί
565 1116 1017 1185 κολαφιζόμεθα,
1060 1117 1165 1175 ,καί
1225 1117 1624 1187 ἀστατοῦμεν,
1675 1117 1777 1170 καὶ

179 1200 496 1269 κοπιῶμεν
521 1204 890 1273 ἐργαζόμενοι
911 1205 1039 1271 ταῖς
1059 1206 1236 1273 ἰδίαις
1258 1207 1448 1276 χερσί,
1475 1207 1776 1273 ¹λοιδορού-

173 1307 361 1357 μενοι
393 1292 783 1361 εὐλογοῦμεν,
842 1294 1187 1363 διωκόμενοι
1227 1298 1590 1365 ἀνεχόμεθα,
1619 1299 1774 1360 βλα-

179 1381 610 1449 σφημούμενοι
640 1385 1126 1453 παρακαλοῦμεν.
1148 1387 1266 1438 Τῶν
1287 1387 1343 1439 δέ
1375 1387 1685 1439 ἀποστόλων
1717 1390 1747 1440 ἐ

1876 1391 2024 1436 renes
2058 1389 2198 1426 meos
2227 1383 2274 1426 et
2323 1389 2414 1425 cor
2460 1372 2688 1437 meum';
2725 1371 2789 1424 iis
2816 1385 2935 1438 qua:
2965 1369 3227 1422 Dominus
3258 1378 3441 1421 noster

1875 1469 1941 1520 de
1971 1466 2220 1520 oratione
2251 1463 2438 1518 docu't
2463 1462 2796 1515 contrarium
2828 1475 2950 1513 esse
2994 1460 3154 1514 facile
3195 1460 3438 1526 suspica-

1875 1554 2023 1608 bitur
2057 1570 2246 1607 eorum
2279 1552 2474 1619 aliquis
2497 1551 2586 1619 qui
2631 1565 2734 1601 non
2770 1550 3085 1616 cxpenderit
3131 1552 3442 1602 accuratius
3473 1609 3476 1612 Α

1875 1646 2003 1713 quid
2041 1645 2141 1698 sibi
2197 1643 2329 1696 velit
2375 1640 2684 1694 Servatoris
2734 1647 3082 1708 praeceptum.
3142 1636 3439 1705 Ecquando

178 1469 264 1538 τῷ
296 1469 551 1540 εὔχεσθαι
584 1474 657 1543 μὴ
685 1476 1128 1546 ἐπιτετευχότων,
1153 1476 1235 1540 τίς
1269 1476 1424 1540 ἐλπὶς
1456 1477 1563 1530 τῶν
1595 1477 1777 1530 ὑποδε-

178 1561 429 1630 εστέρων
472 1564 578 1615 τινὶ
623 1565 753 1635 παρ’
795 1565 1038 1628 ἐκείνους
1066 1567 1344 1637 εὐχομένω
1372 1566 1606 1636 ἐπηκόου
1639 1565 1773 1618 Θεοῦ

186 1655 414 1720 τυχεῑν;
470 1655 543 1706 Τὸ
610 1656 665 1709 δὲ
730 1658 788 1710 ἐν
845 1658 924 1728 τῷ
980 1657 1208 1726 εἰκοστῷ
1252 1658 1489 1728 πέμπτῳ
1540 1659 1771 1730 ψαλμῷ⁶

176 1742 529 1809 Δοκίμασόν
552 1762 651 1812 με,
685 1747 881 1813 Κύριε,
937 1749 1034 1799 καί
1063 1749 1353 1814 πείρασόν
1369 1765 1466 1816 με,
1494 1750 1747 1816 πύρωσοι

1875 1738 2070 1807 aliquis
2099 1735 2309 1805 putavit
2338 1734 2584 1786 homines
2609 1741 2761 1784 extra
2791 1731 3121 1782 tcntationes
3157 1744 3274 1783 esse
3301 1742 3440 1796 quas

175 1829 330 1896 τοὺς
361 1835 622 1900 νεφρούς
644 1852 765 1903 μου
807 1835 904 1889 καί
937 1835 1054 1903 τὴν
1075 1835 1326 1903 καρδίαν
1347 1854 1494 1905 μουο
1527 1838 1747 1907 εὐλόγως

1876 1833 2025 1886 novit
2053 1831 2183 1884 inita
2216 1827 2462 1881 ratione?
2486 1825 2702 1893 Ecquod
2737 1831 2946 1890 tempus
2971 1831 3052 1906 est
3077 1823 3130 1874 in
3159 1836 3266 1889 quo
3289 1836 3437 1875 secu-

174 1935 264 1981 τις
291 1920 628 1990 ὑπολήψεται
660 1923 770 1976 τῶν
821 1924 895 1995 μὴ
943 1926 1314 1997 ἀκριϐούντων
1343 1927 1394 1977 τί
1430 1926 1500 1977 τὸν
1521 1905 1747 1996 βούλήμσ

1873 1939 1962 1975 rus
2005 1921 2167 1974 fuerit
2191 1918 2342 1986 quasi
2375 1917 2721 1984 pugnandum
2752 1929 2855 1967 non
2888 1921 3028 1965 esset
3053 1927 3118 1964 ne
3148 1913 3439 1979 peccaret?

174 2009 282 2077 τῆς
337 2010 688 2079 προστάξεως
733 2013 828 2065 τοῦ
876 2015 1146 2085 Σωτῆρος,
1181 2015 1437 2079 ἐναντίως
1485 2017 1742 2084 γεγονένα

1867 2014 2000 2081 Eget
2045 2010 2278 2078 aliquis?
2311 2009 2496 2061 timeat
2531 2021 2593 2079 ne
2637 2009 2848 2075 furatus
2877 2007 3020 2071 juret
3055 2019 3240 2056 nomen
3283 2003 3430 2057 Dei”.

171 2094 262 2160 οἷς
301 2099 330 2150 ὁ
367 2099 572 2171 Κύριος
605 2101 759 2171 ἡμῶν
804 2105 931 2175 περι
965 2106 1130 2175 εὐχῆς
1163 2105 1384 2171 ἐδίδαξε.
1418 2107 1555 2159 Πότε
1593 2088 1747 2166 δέ’τις

1867 2106 2028 2160 Dives
2078 2102 2199 2157 est?
2232 2117 2298 2156 ne
2345 2115 2571 2155 securus
2624 2100 2716 2161 sit,
2746 2107 2926 2166 potest
2975 2095 3119 2148 enim
3156 2095 3433 2146 abundans

175 2189 470 2258 νενόμικεν
507 2188 644 2243 εἶναι
688 2191 793 2255 ἔξω
837 2194 1155 2264 πειρασμῶν
1175 2195 1512 2266 ἀνθρώπους,
1543 2191 1617 2248 ὧν
1648 2197 1747 2267 ᾔδει

1864 2194 2090 2247 mendax
2131 2193 2267 2256 ﬁeri,
2302 2200 2356 2244 et
2386 2191 2556 2244 elatus
2585 2187 2797 2240 dicere:
2822 2184 2952 2247 Quis
3009 2200 3091 2236 me
3144 2183 3323 2236 ridet?
3370 2199 3433 2236 ac

169 2279 270 2331 τὸν
313 2277 472 2346 λόγον
506 2281 1027 2353 συμπεπληρωκώς;
1057 2286 1166 2337 Καὶ
1194 2288 1344 2348 ποῖος
1373 2288 1562 2356 καιρός
1591 2288 1747 2353 ἐστινΤ

1865 2295 1932 2334 ne
2011 2281 2211 2335 Paulus
2268 2282 2498 2350 quidem
2533 2279 2672 2329 dices
2715 2276 2769 2326 in
2813 2272 2954 2325 omni
2987 2271 3138 2324 verbo
3185 2282 3233 2323 et
3288 2272 3430 2322 omni

173 2369 239 2419 ἐν
270 2360 316 2434 ᾧ
341 2368 418 2432 ὡς
463 2369 538 2439 μὴ
557 2371 955 2442 ἀγωνιζόμενος
981 2376 1220 2465 περὶτοῦ
1250 2376 1324 2446 μὴ
1350 2377 1747 2447 ἁμαρτήσεσθαι

1861 2356 2115 2426 scientia'
2152 2387 2182 2424 a
2235 2370 2479 2441 periculo
2550 2368 2804 2422 immunis
2843 2377 2925 2420 est
2957 2364 3246 2418 extollendi
3276 2377 3334 2415 se
3365 2366 3430 2418 de

169 2461 665 2530 καταπεφρόντικα
712 2463 937 2516 Πένεταί
973 2457 1086 2530 τις’;
1120 2466 1475 2530 εύλαϐείσϐω,
1525 2468 1747 2536 μήποτε

1863 2464 1949 2517 bis
2004 2472 2058 2516 et
2115 2463 2408 2531 peccandi;
2485 2464 2579 2515 sed
2651 2461 2856 2528 indiget
2919 2459 3137 2513 stimulo
3191 2457 3424 2518 Satanm,

166 2547 416 2616 κλέψας
454 2551 648 2620 ὀμόσῃ
674 2552 742 2606 τὸ
768 2553 955 2623 ὄνομα
985 2557 1090 2610 τοῦ
1119 2558 1283 2610 Θεοῦ.
1321 2558 1479 2611 Ἀλλά
1511 2558 1747 2624 πλουτεῖς

1860 2557 1952 2622 qui
2015 2569 2076 2608 se
2121 2555 2424 2622 colapltizet
2493 2570 2558 2606 ne
2616 2552 2963 2607 extollatur‘.
3003 2549 3115 2604 Etsi
3148 2551 3266 2617 quis
3293 2549 3427 2602 bc::e

169 2636 250 2708 μὴ
306 2640 750 2709 καταφρονείτω·
799 2642 1017 2695 δύναται
1047 2642 1155 2712 γὰρ
1187 2645 1481 2710 πλησθεὶς
1523 2645 1747 2711 ψευδὴς

1860 2643 1962 2698 sibi
2004 2644 2253 2697 conscius
2302 2644 2393 2706 sit,
2442 2640 2796 2710 eﬂ‘ugcritque
2848 2641 3022 2707 mala;
3080 2641 3220 2706 legat
3283 2641 3426 2707 quod

162 2728 450 2794 γενέσθαι,
504 2731 597 2782 καὶ
629 2732 891 2802 ἐπαρθεὶς
935 2737 1137 2786 εἰπεῖν’
1187 2735 1283 2799 Τίς
1322 2752 1398 2802 με
1436 2733 1580 2803 όρᾷ;
1637 2735 1747 2787 οὐδὲ

1861 2731 1913 2784 in
1977 2733 2215 2786 secundo
2272 2720 2718 2803 Paralipomenon
2780 2731 2980 2782 dicitur
3044 2729 3109 2780 de
3169 2727 3423 2790 Ezecltia,

160 2818 387 2883 Παῦλος
429 2821 560 2888 γοῦν
612 2800 893 2875 πλουτῶν
929 2824 1000 2876 ἐν
1046 2823 1226 2877 παντὶ
1271 2800 1430 2891 λόγῳ
1463 2800 1560 2876 καί
1587 2823 1747 2891 πάσῃ

1859 2820 1951 2888 qui
2010 2819 2244 2874 elatione
2297 2800 2480 2872 corbis
2525 2819 2791 2872 cecidisse
2842 2817 3154 2872 narratur".
3185 2816 3240 2869 Si
3279 2816 3420 2883 quis,

159 2906 389 2975 γνώσει
421 2907 669 2962 κινδύνου
696 2910 1038 2980 ἀπήλλακται
1059 2911 1175 2976 τοῦ,
1206 2912 1280 2974 ὡς
1316 2914 1408 2967 ἐπὶ
1438 2931 1667 2978 τούτοις,
1695 2915 1747 2967 ἐν

159 2995 244 3028 ..τι
289 2997 681 3028 .x-..-r--..a-.
721 3001 1050 3028 .L..--_:...-...
1106 3002 1236 3028 an;
1277 3002 1440 3028 Ls--.
1497 3005 1747 3028 ..-μη-,λ

1857 2913 1999 2982 quod
2069 2912 2237 2965 multa
2295 2911 2362 2964 de
2412 2890 2648 3028 paupere
2701 2925 2808 2962 non
2869 2909 3187 2972 dixerimus,
3242 2897 3421 2974 parvi-

1854 3000 2032 3028 -ιηηιιὶι
2114 2999 2264 3028 ,νηηαί
2310 3012 2413 3028 nnn
2470 2999 2622 3028 ηαιιιιι
2661 2997 2714 3028 ἷη
2750 3006 3120 3028 nonan-uncum
3171 2997 3392 3028 InnI-xl:n

159 2995 245 3066 τῷ
289 2997 686 3069 ὑπεραίρεσθαι
717 3001 1071 3071 ἁμαρτάνειν,
1103 3002 1238 3055 ἀλλά
1276 3002 1444 3056 δεῖται
1494 3005 1747 3068 σκόλοπος

1854 3000 2058 3070 pendit,
2113 2999 2266 3067 quasi
2309 2995 2443 3056 non‘
2470 2999 2629 3051 cadat
2661 2997 2715 3049 in
2750 3006 3122 3066 paupertatem
3171 2997 3417 3061 tentatio,

157 3089 260 3142 τοῦ
291 3091 509 3145 Σατανᾶ
534 3093 916 3160 κολαφίζοντος
941 3095 1123 3159 αὐτὸν,
1157 3096 1246 3149 ἵνα
1270 3096 1343 3166 μὴ
1365 3097 1747 3167 ὑπεραίρηται.

1854 3091 1995 3145 sciat
2059 3089 2434 3142 insidiatorem
2496 3087 2741 3141 insidiari
2785 3100 2839 3141 ut
2882 3089 3096 3155 dejiciat
3144 3103 3418 3157 pauperem

158 3175 289 3228 Κᾶν
311 3179 530 3249 συνειδῇ
552 3196 635 3243 τις
655 3180 832 3251 ἐαυτῷ
848 3181 916 3234 τὰ
942 3183 1249 3252 κρείττονα,
1274 3185 1367 3237 καὶ
1389 3186 1745 3257 ἀναπτερωθῇ

1853 3178 2181 3246 ειίηορειηθ,
2232 3178 2467 3230 maxime
2514 3193 2635 3259 cum
2674 3178 2823 3246 juxta
2853 3179 3217 3244 Salomonem,
3267 3181 3416 3248 inops

157 3265 274 3318 ὑπὸ
290 3267 402 3320 τῶν
449 3229 655 3336 κακῶν,
702 3229 1122 3340 ἀναὲινωσξιέτω
1165 3229 1249 3327 τὸ²
1275 3275 1562 3345 εἰρημένον
1591 3229 1649 3327 ἕν
1681 3229 1747 3346 vi;

1854 3283 1960 3320 non
1998 3270 2256 3321 sustinent
2307 3253 2818 3324 contminntiouem'.
2852 3271 2989 3336 Quid
3047 3285 3172 3324 vero
3221 3271 3415 3322 attinet

96 3409 102 3415 _
153 3356 395 3428 δευτέρᾳ
426 3359 536 3412 τῶν
562 3364 1094 3432 Παραλειπομένων
1139 3366 1265 3435 περὶ
1307 3364 1568 3430 Ἐζεκίου,
1602 3367 1747 3429 ὅστις

1851 3358 2036 3412 dicere
2067 3367 2194 3426 quot
2241 3359 2350 3411 sint
2383 3354 2519 3426 quos
2552 3358 2655 3412 non
2692 3351 2845 3413 recte
2880 3361 3266 3415 administratae
3290 3377 3414 3416 cor-

157 3449 516 3502 πεπτωκέναι
563 3450 776 3517 λέγεται
813 3453 921 3505 ἀπὸ
949 3454 1044 3507 τοῦ
1085 3454 1255 3524 ὕψους
1276 3457 1375 3525 τῆς
1401 3457 1627 3526 καρδίας
1653 3457 1747 3512 αὑ-

1851 3462 2040 3517 ροτρεεν
2057 3449 2261 3503 divitia:
2293 3449 2345 3501 in
2375 3452 2620 3503 eumdem
2655 3459 3048 3505 tormentorum
3082 3452 3258 3504 locum
3289 3468 3411 3506 cum

152 3535 278 3589 τοῦ.
307 3537 375 3589 Εἰ
409 3537 487 3599 δέ,
517 3539 640 3591 ἐπεὶ
676 3541 749 3609 μὴ
780 3539 997 3594 πλείονα
1031 3544 1157 3613 περὶ
1186 3544 1280 3596 τοῦ
1313 3545 1548 3614 πένητος
1592 3547 1746 3616 εἰρή-

1848 3540 2162 3606 evangeliéo
2195 3539 2362 3592 divite
2388 3539 2762 3603 conjecerint?
2787 3550 2916 3608 quot
2941 3543 3050 3595 sint
3077 3543 3290 3596 aliunde
3319 3545 3408 3611 qui

155 3643 367 3695 καμεν,
409 3632 742 3698 καταφρονεῖ
771 3647 876 3694 τις,
911 3631 988 3693 ὡς
1033 3631 1106 3702 μὴ
1140 3633 1446 3702 πειρασμοῦ
1486 3633 1580 3686 τοῦ
1620 3635 1748 3704 περὶ

152 3716 260 3785 τῆς
284 3717 496 3781 πενίας,
515 3720 665 3780 ίστω,
693 3721 775 3772 ὅτι
798 3722 828 3772 ὁ
848 3720 1579 3776 ἐπιϐουλεύων“ἐπιϐουλεύει
1595 3722 1746 3791 ὑπὲρ

155 3806 270 3861 τοῦ
305 3809 670 3860 καταϐαλεῖν
697 3809 938 3877 πτωχὸν
968 3812 1069 3864 καὶ
1110 3812 1359 3880 πένητα,
1389 3814 1480 3865 καὶ
1515 3813 1745 3882 μάλιστα

154 3896 284 3949 ἐπεὶ
312 3896 458 3950 κατὰ
492 3898 582 3950 τὸν
619 3899 939 3968 Σολομῶντα
969 3904 1002 3954 ό
1024 3903 1259 3970 πτωχὸς
1284 3905 1397 3970 οὐχ
1423 3904 1744 3971 ὑφίσταται

151 3987 442 4054 ἀπειλήν.
480 3986 544 4039 Τί
594 3987 651 4040 δέ
705 3989 786 4042 δεῖ
831 3989 1008 4056 λέγειν
1050 3991 1164 4043 ὅσοι
1190 3989 1279 4042 διὰ
1309 3991 1398 4043 τὸν
1437 3990 1744 4060 σωματικὸν

155 4076 420 4140 πλοῦτον,
457 4077 530 4147 μὴ
558 4076 739 4140 καλῶς
767 4077 929 4131 αὑτὸν
956 4079 1439 4149 οίκονομήσαντες,
1473 4081 1571 4148 τὴν
1607 4079 1744 4148 μετά

150 4164 247 4217 τοῦ
278 4169 339 4218 ἐν
366 4165 446 4235 τῷ
478 4158 794 4237 Εὐάγγελίῳ
830 4165 1083 4219 πλουσίου
1113 4166 1296 4237 χώραν
1335 4169 1391 4219 ἐν
1431 4170 1496 4237 τῇ
1525 4167 1744 4221 κολάσει

148 4253 443 4322 είλὴφασι;
497 4255 589 4307 καὶ
647 4256 782 4319 ὅσοι,
821 4255 1061 4323 ἀγεννῶς
1105 4254 1202 4325 τὴν
1229 4253 1416 4306 πενίαν
1466 4255 1736 4322 φέροντες,

147 4342 683 4412 δουλοπρεπέστερον
721 4344 815 4395 καὶ
841 4330 1122 4397 ταπεινότε
1131 4344 1270 4414 ρονῆ
1297 4343 1436 4396 κατὰ
1465 4343 1531 4396 τά
1556 4346 1612 4396 ἐν
1631 4346 1743 4406 τοῖς

149 4432 338 4498 ἁγίοις
388 4432 667 4502 πρέποντα
736 4432 1222 4503 ἀναστρεφόμενοι,
1269 4435 1369 4504 τῆς
1420 4433 1740 4503 ἐπουρανίου

147 4521 372 4583 ἐλπίδος
410 4519 903 4585 άποπεπτῶκασιν;
957 4522 1091 4575 Οὐδὲ
1118 4523 1168 4573 oi
1204 4523 1404 4591 μεταξὺ
1437 4523 1494 4576 δέ
1533 4523 1735 4575 τούτων

149 4611 272 4664 καθ’
339 4611 619 4681 ἑκάτερον,
675 4609 902 4662 πλοῦτον
943 4610 1037 4663 καὶ
1093 4613 1302 4676 πενίαν,
1337 4612 1432 4664 τοῦ
1464 4611 1605 4666 κατά
1637 4612 1734 4682 τὴν

149 4695 472 4766 σύμμετρον
500 4696 692 4766 κτῆσιν
738 4696 1072 4766 ἁμαρτάνειν
1112 4699 1326 4762 πάντως
1375 4700 1510 4752 εἰσὶν
1553 4700 1732 4770 ἀπηλ-

147 4784 437 4856 λαγμένοι.
480 4785 631 4838 Ἆλλά
684 4786 938 4854 ὑγιαίνων
970 4785 1048 4856 τῷ
1079 4786 1289 4859 σώματι
1323 4788 1418 4842 καὶ
1473 4790 1729 4852 εύεκτῶν,

148 4874 254 4938 ἔξω
300 4875 505 4937 παντὸς
559 4876 866 4947 πειρασμοῦ
921 4877 1043 4930 κατ’
1083 4877 1214 4928 αὐτὸ
1253 4878 1314 4930 τὸ
1345 4879 1606 4946 ὑγιαίνειν
1637 4881 1728 4932 καὶ

148 4965 398 5018 εὐεκτεῖν
450 4965 822 5036 ὑπολαμϐάνει
874 4966 1191 5037 τυγχάνειν;
1225 4968 1336 5020 Καὶ
1370 4967 1530 5021 τίνων
1557 4969 1728 5023 ἄλλων

146 5055 182 5125 ἢ
205 5056 320 5110 τῶν
354 5057 715 5109 εὐεκτούντων
751 5057 846 5110 καὶ
885 5057 1232 5126 ὑγιαινόντων
1257 5059 1404 5111 ἐστὶν
1429 5059 1730 5130 ἁμάρτημα

146 5145 207 5198 τὸ
242 5146 514 5215 φθείρειν
551 5145 660 5198 τόν
699 5148 851 5200 ναὸν
885 5147 992 5202 τοῦ
1024 5146 1203 5209 Θεοῦ;
1236 5146 1310 5198 Ού
1337 5144 1593 5216 τολμήσει
1623 5163 1726 5208 τις,

144 5235 234 5288 διὰ
284 5238 351 5290 τὸ
403 5235 678 5288 ἐκκεῖσθαι
733 5239 888 5301 πᾶσι,
925 5238 1110 5306 σαφῶς
1163 5237 1232 5290 τὰ
1263 5236 1402 5291 κατὰ
1435 5236 1524 5288 τὸν
1565 5236 1727 5288 τόπον

1848 3629 2219 3697 paupertatem
2269 3629 2537 3697 ignaviter
2577 3627 2840 3694 ferentes,
2880 3631 3175 3698 servilique
3220 3643 3276 3684 et
3307 3634 3406 3686 ltu-

1812 3710 1817 3714 ’
1849 3717 1958 3770 ιιιίιὶ
1997 3731 2149 3770 more
2194 3717 2465 3781 viventes,
2510 3725 2696 3769 contra
2728 3733 2889 3785 quam
2923 3731 3137 3772 sanctos
3169 3720 3405 3780 deceret,

1846 3805 2154 3859 cmlestium
2212 3818 2306 3872 spe
2361 3805 2625 3857 bonorum
2676 3806 3012 3860 exciderint?
3073 3807 3260 3875 Neque
3314 3809 3406 3876 qui

1848 3894 2081 3947 medium
2133 3895 2277 3948 inter
2328 3901 2637 3960 utrumque,
2670 3894 2885 3948 divitias
2938 3896 3154 3963 inquam
3192 3908 3244 3950 et
3278 3911 3406 3963 pau-

1843 3991 2127 4050 pertatem,
2155 3992 2356 4045 tenent,
2387 3981 2654 4037 immunes
2685 3995 2808 4036 sunt
2838 4001 2865 4036 a
2904 3996 3124 4052 peccato
3159 3985 3210 4037 in
3250 3988 3404 4038 bouis

1845 4073 2208 4127 mediocribus
2262 4072 2612 4127 admittendo.
2671 4074 2739 4127 At
2787 4077 2929 4128 enim
2981 4090 3145 4130 sanus
3180 4087 3235 4129 et
3267 4076 3399 4128 bene

1842 4175 2076 4227 corpore
2114 4162 2300 4216 valens
2347 4175 2502 4230 extra
2545 4179 2758 4221 omnem
2792 4180 2852 4218 se
2898 4164 3248 4218 tentationem
3281 4179 3399 4232 pro-

1841 4257 1962 4317 pter
2009 4251 2176 4316 ipsam
2223 4253 2509 4307 sanitatem
2552 4257 2858 4322 bonamque
2887 4252 3246 4306 valetudinem
3282 4267 3402 4307 esse

1841 4339 2032 4407 putat?
2080 4339 2146 4392 Et
2188 4355 2415 4406 quorum
2450 4350 2533 4394 est
2565 4343 2796 4396 aliorum
2843 4357 3006 4410 quam
3043 4342 3182 4394 bene
3218 4339 3402 4395 valen-

1845 4431 1976 4482 tium
2021 4425 2387 4497 Saliorumque
2438 4441 2718 4498 peccatum
2754 4447 2864 4500 quo
2896 4431 3122 4483 violatur
3152 4431 3397 4499 templum

1846 4518 2003 4571 Dei“?
2057 4516 2170 4572 Non
2235 4519 2459 4572 audebit
2499 4519 2766 4588 quispiam
2798 4535 2922 4590 qua:
2947 4521 3012 4573 ad
3042 4521 3186 4574 hunc
3219 4522 3395 4575 locum

1843 4611 2119 4679 pertinent
2163 4618 2349 4679 aperte
2395 4611 2595 4674 dicere,
2623 4626 2744 4663 eum
2772 4611 3024 4664 omnibus
3074 4611 3229 4664 obvia
3265 4612 3394 4665 sint.

1840 4700 1972 4768 Quis
2023 4709 2258 4770 :egrotus
2309 4701 2490 4754 omnia
2537 4701 2603 4754 ad
2647 4700 2959 4754 violandum
3005 4700 3094 4752 Dei
3141 4703 3394 4767 templum

1839 4791 2193 4846 incitamenta
2224 4789 2432 4859 eﬂ‘ugit,
2468 4803 2589 4842 cum
2634 4789 2835 4843 otietur
2861 4791 2914 4842 id
2950 4791 3226 4856 temporis,
3261 4791 3396 4845 faci-

1837 4882 1996 4951 leque
2043 4881 2294 4935 admittat
2336 4881 2558 4934 obortas
2605 4880 2669 4932 de
2707 4879 2867 4932 rebus
2920 4879 3144 4948 impuris
3184 4881 3393 4948 cogita:

1839 4972 2046 5026 tiones?
2094 4971 2238 5036 QuOt
2290 4984 2419 5025 vero
2466 4970 2577 5022 sint
2629 4978 2824 5037 praeter
2876 4983 2991 5033 eas,
3042 4984 3164 5037 qua:
3216 4973 3390 5039 ipsum

1833 5062 2174 5142 perturbent,
2240 5060 2344 5114 nisi
2402 5059 2549 5114 omni
2621 5057 2800 5112 studio
2861 5072 2956 5111 cor
3015 5069 3213 5123 servet,
3262 5065 3389 5130 quid

1807 5152 1980 5206 'dietu
2052 5164 2186 5218 opus
2261 5150 2381 5204 est?
2438 5148 2587 5202 multi
2643 5146 2786 5200 enim
2837 5150 3094 5202 aerumnis
3150 5152 3273 5204 victi
3338 5160 3393 5207 et

1833 5242 2050 5296 morbos
2103 5241 2333 5294 viriliter
2380 5239 2522 5293 ferre
2591 5242 2918 5304 nescientes,
2966 5242 3147 5296 animo
3218 5245 3391 5311 magis

147 5327 349 5381 εἰπεῖν.
372 5325 564 5378 Νοσῶν
589 5325 644 5378 δὲ
668 5326 752 5390 τίς
771 5330 897 5392 τοὺς
919 5330 998 5393 είς
1020 5329 1080 5381 τὸ
1103 5328 1344 5400 φθείρειν
1363 5327 1453 5379 τὸν
1477 5327 1601 5379 ναὸν
1632 5325 1724 5378 τοῦ

1848 5341 2096 5401 egrotare
2145 5330 2460 5408 deprehensi
2522 5339 2646 5382 sunt
2704 5345 2865 5397 quam
2939 5344 3190 5397 corpore.
3253 5331 3389 5384 Mul-

146 5418 283 5472 Θεοῦ
331 5411 650 5489 ὲρεθισμοῦς
697 5420 1026 5488 ἐκπέφευγε,
1055 5421 1329 5490 σχολάζων
1386 5420 1501 5473 κατ’
1548 5421 1721 5472 ἐκεῖνο

1831 5423 1869 5474 ιί
1897 5424 2064 5476 etiam
2094 5431 2154 5474 ut
2203 5419 2481 5473 infamiam
2527 5419 3008 5485 vitarent,Cltt-isti
3061 5435 3253 5475 nou-en
3298 5437 3386 5490 ge-

146 5507 366 5579 καιροῦ,
393 5509 488 5561 καὶ
513 5508 653 5560 πάνυ
672 5525 725 5560 τι
739 5509 1024 5578 δεχόμενος
1047 5513 1170 5574 τοὺς
1193 5514 1318 5582 περὶ
1345 5512 1450 5564 τῶν
1476 5509 1720 5580 ἀκαθάρ-

1848 5527 2023 5567 ιετοεθ
2073 5512 2217 5566 ferre
2248 5510 2602 5575 ernbuerunt,
2637 5521 2694 5566 et
2749 5514 2801 5566 iu
2844 5514 3191 5581 opprobrium
3247 5528 3387 5567 scm-

145 5613 251 5650 των
288 5600 630 5670 πραγμάτων
662 5598 982 5669 λογισμούςς
1029 5600 1165 5653 Ἀλλ’
1194 5603 1294 5655 ὅσα
1327 5601 1478 5673 παρὰ
1502 5600 1722 5662 τούτους

1848 5601 2100 5654 »ἰιετηυηι
2161 5601 2479 5654 inciderunt.
2539 5601 2609 5654 At
2665 5601 2835 5655 credit
2904 5603 3099 5670 aliquis
3147 5602 3383 5656 futuram

215 5716 260 5746 ”
290 5715 306 5767 Ι
335 5718 463 5788 (lor.
495 5734 568 5788 tv.
613 5718 703 5788 il,
734 5717 821 5777 1‘2,
870 5719 958 5772 15.
1016 5717 1224 5788 ίίίΡειιΙ.
1266 5737 1388 5786 xxv,
1421 5722 1474 5776 2.
1553 5723 1573 5751 ’
1606 5720 1783 5788 Prov,
1821 5735 1964 5783 xxx,
2014 5722 2068 5776 9.
2147 5721 2167 5751 ³
2200 5691 2412 5786 Ιίζοηι,
2437 5718 2490 5774 5.
2567 5719 2589 5752 ⁸
2619 5717 2663 5774 ιι
2691 5719 2814 5776 Cor.
2849 5737 2946 5788 ιιι,
2982 5722 3034 5776 7.
3109 5717 3386 5786 'Paralip.

149 5797 329 5852 xxxu,
363 5785 459 5845 ‘15.
540 5787 562 5820 ‘
590 5787 730 5843 Psal.
760 5803 960 5852 xxxvi,
1006 5787 1093 5841 N.
1170 5789 1190 5821 "
1222 5785 1385 5844 Prov;
1429 5808 1523 5845 xm
1547 5831 1560 5858 ,
1592 5790 1644 5843 8.
1722 5789 1744 5820 ⁸
1773 5787 1948 5857 [αυτ.
1978 5805 2072 5858 ιιι,
2105 5790 2191 5846 17.
