4132 6314
610 399 719 458 B35

2055 393 2381 452 ORIGENIS

3770 402 3889 459 €556

610 519 777 593 259
803 502 905 574 sibi
948 532 978 572 a
1012 515 1406 572 tentationibus
1438 515 1708 583 requiem,
1736 530 1860 569 cum
1890 516 1944 569 in
1982 518 2191 570 honore

2303 518 2554 590 ταράττει
2579 515 2761 588 αὐτὸν,
2792 515 2886 569 ὲάν
2924 515 2999 586 μὴ
3028 516 3174 587 πάσῃ
3209 517 3420 589 φυλακῇ
3450 522 3591 589 τηρῇ
3613 517 3709 589 τὴν
3740 536 3889 589 καρ-

614 610 781 664 fuerit
811 608 948 678 apud
972 607 1251 671 homines;
1280 615 1333 659 et
1352 606 1445 673 qul
1472 620 1577 659 non
1606 607 1801 660 durum
1826 606 1955 658 illud
1992 624 2003 658 :
2034 606 2193 659 Rece—

609 710 800 769 perunt
851 700 1139 752 mercedem
1184 699 1249 750 ab
1282 698 1604 761 hominibus,
1650 699 1716 751 iis
1757 699 2188 765 pronuntiatum,

612 791 702 857 qui
724 790 869 857 vulgi
895 788 1302 843 existimatione
1321 787 1473 855 quasi
1496 785 1676 855 aliquo
1700 789 1839 841 bono
1861 788 2195 841 ell‘eruntur?

542 921 549 927 .
612 894 777 946 quam
811 878 937 931 illud
985 879 1311 945 stupendum
1344 896 1355 930 :
1388 877 1663 940 Quomodo
1704 894 1787 930 eos
1832 880 2049 945 potestis
2081 895 2194 931 cre-

612 970 760 1033 dere,
788 970 879 1037 qui
929 968 1156 1037 gloriam
1195 968 1259 1019 ob
1290 968 1508 1020 invicem
1552 968 1815 1031 accipitis,
1856 978 1904 1019 et
1943 968 2192 1036 gloriam,

613 1076 730 1129 qua:
752 1076 783 1112 a
805 1060 917 1112 solo
938 1058 1046 1111 Deo
1068 1067 1163 1123 est,
1192 1074 1292 1110 non
1321 1058 1560 1126 quwritis
1586 1057 1864 1132 ’?Ecquid
1893 1074 1977 1112 me
2000 1060 2195 1112 attinet
2252 1092 2256 1097 θ

615 1164 941 1203 enumerare
983 1164 1174 1204 eorum
1220 1148 1324 1216 qui.
1360 1146 1570 1202 nobiles
1618 1158 1878 1217 putantur
1907 1151 2087 1202 varios
2139 1150 2194 1203 in

612 1239 873 1309 superbia
919 1239 1136 1303 lapsus;
1189 1224 1377 1292 eorum
1432 1240 1556 1292 item
1596 1240 1687 1307 qui
1739 1240 1999 1292 dicuntur
2047 1241 2195 1309 igno-

611 1328 774 1393 biles,
826 1328 1247 1382 submissionem
1299 1329 1655 1382 adulatoriam
1700 1339 1878 1383 ortam
1912 1347 1977 1383 ex
2026 1330 2217 1404 ἰιιιιιρ-⁵

614 1419 740 1473 ritia
766 1427 1215 1485 avertentemqee
1244 1434 1272 1469 a
1305 1419 1438 1483 Deo,
1465 1434 1569 1488 qua
1603 1429 1729 1473 ante
1756 1420 1879 1473 illos
1906 1421 2198 1489 procidunt

613 1502 1050 1578 quisuperiores
1082 1526 1203 1563 esse
1235 1510 1510 1574 videntur,
1540 1514 1631 1578 qui
1669 1512 1940 1564 sinceram
1974 1512 2194 1580 quidem

615 1602 911 1655 amicitiam
944 1618 1048 1655 non
1094 1601 1319 1664 habent,
1357 1610 1410 1654 et
1440 1602 1585 1669 quod
1631 1602 1684 1653 in
1722 1603 2038 1658 hominibus
2070 1605 2197 1673 pul-

614 1694 948 1747 cherrimum
1006 1702 1129 1756 est,
1180 1694 1503 1746 cbaritatem
1554 1693 1851 1747 simulant?
1912 1694 2083 1764 Ergo,
2139 1705 2197 1750 ut

614 1797 777 1851 supra
805 1784 1006 1836 dictum
1042 1793 1148 1850 est,
1181 1785 1350 1836 omnis
1395 1784 1620 1836 hominis
1670 1784 1774 1836 vita
1806 1801 1964 1852 super
2002 1796 2197 1838 terram

2298 611 2438 676 δίαν,
2464 610 2516 661 τί
2561 609 2640 661 δεῖ
2680 609 2773 660 καὶ
2816 608 2993 677 λέγειν
3017 625 3031 673 ;
3058 608 3251 683 πολλοὶ
3282 609 3390 681 γάρ
3420 611 3526 663 ὑπὸ
3549 612 3657 664 τῶν
3698 613 3889 665 πόνων

2297 701 2611 770 νικώμενοι,
2646 701 2738 752 καὶ
2785 700 3046 770 ἀνδρείως
3076 700 3264 762 νόσους
3306 701 3491 771 φέρειν
3516 703 3614 754 οὐκ
3646 703 3891 755 ἐπιστά-

2302 808 2473 861 μενοι,
2499 790 2697 860 μᾶλλον
2720 790 2813 861 τὴν
2830 790 3003 859 ψυχὴν
3023 790 3366 860 ἡλέγχθησαν
3386 790 3509 842 τότε
3524 791 3886 860 νενοσηκότες

2297 882 2329 952 ἢ
2387 882 2453 933 τὰ
2492 879 2752 950 σώματα·
2815 880 2998 933 πολλοὶ
3045 880 3103 933 δὲ
3141 881 3236 932 καὶ
3272 866 3363 932 διάη
3410 880 3471 934 τὺ
3515 880 3733 949 φεύγειν
3774 881 3883 950 τὴν

2307 969 2547 1034 ἀδοξίαν,
2603 970 3055 1039 ἐπαισχυνομένοι
3100 968 3209 1039 (90)
3253 970 3313 1021 τὸ
3348 969 3584 1039 Χριστοῦ
3640 971 3884 1038 εὐγενῶς
3980 996 3981 999 η

2306 1060 2475 1128 ὄνομα
2503 1060 2689 1129 φέρειν
2706 1101 2721 1124 ,
2755 1062 2834 1123 είς
2854 1062 3112 1130 αἰσχύνην
3134 1059 3348 1114 αἰώνιον
3363 1060 3881 1116 καταπεπώκασιν.

2311 1147 2453 1199 Ἀλλ’
2494 1148 2667 1201 οἴεταί
2706 1166 2789 1210 τις
2850 1150 3221 1202 ἀναπαύεσθαι
3274 1151 3352 1213 ὡς
3414 1151 3488 1220 μὴ
3544 1151 3883 1222 πειραζόμε-

2298 1256 2409 1302 νος,
2444 1241 2535 1291 ὅτε
2568 1239 2878 1303 δεδόξασται
2911 1241 3060 1312 παρά
3090 1244 3202 1304 τοῖς
3248 1240 3583 1311 ἀνθρώποις·
3618 1243 3712 1295 καλ⁵
3760 1245 3884 1306 πῶς

2298 1330 2359 1382 ού
2413 1330 2652 1399 χαλεπὸν
2690 1331 2770 1395 τὸ,
2815 1330 3128 1399 Ἄπέχουσι
3182 1331 3292 1385 τὸν
3333 1331 3555 1400 μισθὸν
3600 1331 3720 1385 ἀπὸ
3760 1331 3886 1385 τῶν

2300 1423 2648 1489 ἀνθρώπων,
2695 1422 3167 1492 ἀπαγγελλόμενον
3204 1425 3311 1484 τοῖς
3340 1421 3759 1491 έπαιρομένοις,
3807 1420 3888 1483 ὡς

2300 1513 2387 1564 έπ“
2425 1511 2637 1580 ἀγαθῷ,
2680 1516 2746 1582 τῇ
2788 1512 2940 1582 παρά
2970 1514 3085 1573 τοῖς
3118 1510 3331 1574 πολλοῖς
3360 1510 3521 1583 δόξῃ-ς
3556 1510 3672 1574 πῶς
3702 1510 3749 1561 δ’
3782 1509 3889 1561 οὐκ

2300 1603 2697 1673 ὲπιπληκτικὸν
2728 1603 2821 1655 τό⁶
2859 1602 2993 1669 Πῶς
3029 1603 3295 1659 δύνασθε
3328 1602 3498 1671 ὑμεῖς
3534 1602 3883 1668 πιστεῦσαι,

2305 1693 2496 1757 δόξαν
2520 1694 2656 1761 παρ’
2676 1693 2967 1759 ἀλλήλων
2986 1694 3417 1762 λαμϐάνοντες,
3443 1692 3540 1746 καὶ
3559 1692 3673 1759 τὴν
3692 1692 3887 1758 δόξαν

2302 1789 2418 1856 τὴν
2454 1787 2618 1855 παρὰ
2650 1787 2756 1841 τοῦ
2782 1790 2976 1855 μόνου
3017 1788 3164 1841 Θεοῦ
3198 1789 3271 1840 οὐ
3305 1785 3556 1854 (meite;
3584 1786 3692 1838 Καὶ
3724 1786 3777 1839 τί
3800 1796 3887 1857 με

614 1876 833 1929 nutatio
867 1882 943 1928 est
984 1877 1061 1941 ¹⁰;
1095 1890 1266 1943 quare
1298 1890 1520 1929 oremus
1547 1867 1579 1928 a
1619 1878 1919 1931 tentatione
1946 1876 2191 1939 liberari,

2303 1853 2379 1930 δεῖ
2399 1853 2717 1945 καταλέγειν
2741 1853 2809 1929 τά
2833 1876 2939 1931 τῶν
2966 1877 3337 1946 ⁷νομιζομέ·,ιι;ν
3360 1876 3595 1943 εὐγενῶν
3619 1878 3676 1928 ὲν
3708 1853 3889 1947 ὑπερ-

612 1981 724 2022 non
773 1966 870 2031 ita,
919 1981 985 2020 ne
1037 1975 1314 2020 tentemur
1352 1965 1489 2037 (fieri
1538 1969 1682 2025 enim
1735 1967 1790 2021 id
1836 1983 1946 2021 nou
1990 1976 2190 2037 potest,

612 2057 853 2111 maxime
884 2071 1008 2110 cum
1042 2071 1205 2124 super
1236 2066 1434 2111 terram
1480 2057 1711 2124 smnus),
1746 2057 1840 2110 sed
1880 2073 1947 2112 ne
1997 2058 2192 2111 tentati

615 2147 1061 2201 succumbamus.
1093 2147 1195 2211 Qui
1229 2163 1361 2202 vero
1392 2151 1670 2203 tentationi
1703 2150 2033 2211 succumbit,
2068 2165 2191 2202 eum

614 2235 827 2306 ingredi
860 2236 911 2289 in
949 2238 1308 2291 tentationem
1338 2237 1603 2303 arbitror,
1643 2239 1763 2308 ejus
1789 2239 1955 2293 veluti
1987 2240 2195 2293 retibus

614 2336 868 2394 captum;
904 2328 956 2381 in
978 2342 1109 2395 qua:
1136 2328 1270 2379 retia
1300 2316 1521 2395 proptei-
1552 2344 1672 2393 eos,
1701 2329 1792 2397 qui
1818 2329 1928 2398 jam
1968 2330 2031 2382 iis
2061 2329 2195 2382 irre-

616 2414 701 2469 titi
734 2404 915 2480 erant,
949 2419 1225 2486 ingressus
1263 2418 1543 2481 Servator,
1580 2434 1785 2486 perque
1817 2435 1879 2473 ea
1914 2420 2067 2488 quasi
2103 2435 2196 2485 per

615 2506 878 2560 cancellos
906 2508 1225 2573 prospiciens
1270 2508 1336 2573 1‘,
1374 2517 1434 2560 ut
1472 2508 1674 2562 dicitur
1706 2510 1757 2562 in
1804 2507 2029 2562 Cantico
2065 2524 2194 2561 can-

616 2596 873 2661 ticorum,
929 2598 1221 2663 respondet
1265 2598 1365 2660 eis,
1423 2599 1513 2665 qui
1556 2598 1669 2666 jam
1719 2597 1916 2649 irretiti
1964 2606 2091 2649 sunt
2141 2606 2195 2648 et

617 2687 975 2741 tentationem
1019 2687 1271 2756 ingressi,
1318 2690 1500 2757 aitque
1535 2689 1615 2742 eis
1647 2702 1747 2741 ceu
1776 2701 1989 2755 5p0usm
2032 2702 2143 2739 sum
2176 2706 2192 2741 :

613 2775 808 2846 Surge,
840 2778 974 2839 ueni,
1018 2762 1257 2842 proxima
1299 2794 1434 2843 mea,
1482 2778 1715 2845 formosa
1762 2792 1901 2839 mea,
1952 2774 2196 2828 columba

614 2882 733 2920 mea
785 2867 850 2921 ".
896 2867 1104 2921 Addam
1149 2868 1360 2930 etbatc,
1396 2876 1450 2919 ut
1496 2867 1783 2955 ostendam
1836 2864 2041 2917 nullum
2074 2880 2197 2918 esse

615 2954 922 3009 hominibus
969 2965 1183 3025 tempus
1217 2955 1516 3009 tentatione
1541 2954 1770 3009 vacuum
1800 2971 1816 3009 :
1862 2970 1929 3009 ne
1960 2956 2049 3008 ille
2079 2955 2200 3022 qui-

619 3032 767 3113 dein,
802 3048 895 3114 qui
930 3047 1103 3115 legem
1136 3046 1349 3099 Domini
1379 3046 1671 3100 meditatur
1699 3045 1785 3099 die
1819 3062 1883 3100 ac
1915 3056 2095 3109 nocte,
2144 3054 2200 3098 et

617 3135 832 3192 edicere
865 3148 1094 3191 conatur
1124 3139 1266 3213 quod
1306 3137 1508 3191 dictum
1549 3146 1666 3191 est:
1705 3135 1776 3191 0s
1802 3137 1937 3204 justi
1977 3135 2199 3187 medita-
2226 3167 2268 3223 ε

617 3228 760 3281 bitur
785 3229 1101 3295 sapientiam
1129 3228 1207 3292 ¹³;
1235 3242 1265 3279 a
1291 3228 1590 3281 tentatione
1614 3228 1871 3280 immunis
1897 3235 2002 3281 est.
2024 3225 2197 3291 Quam

619 3317 781 3371 multi
810 3319 955 3372 enim
990 3332 1274 3371 sacrorum
1300 3317 1565 3373 librorum
1602 3318 1781 3373 studio
1812 3317 2042 3379 addicti,
2080 3331 2201 3384 quae

618 3407 678 3463 in
727 3408 844 3478 lege
896 3409 1284 3477 prophetisque
1332 3410 1601 3477 promissa
1663 3420 1820 3472 sunt,
1880 3408 2203 3473 acceperint

618 3513 931 3567 perperam,
982 3512 1153 3566 seque
1202 3499 1386 3566 inpiis
1427 3499 1769 3566 dogmatibus
1808 3497 2104 3565 stultisque
2149 3505 2203 3547 ct

621 3585 872 3639 ridiculis
906 3586 1265 3654 implicarint,
1301 3587 1430 3654 quid
1473 3602 1695 3641 necesse
1729 3596 1813 3641 est
1837 3587 2044 3646 dicere,
2076 3600 2201 3639 cum

620 3675 893 3730 innumeri
920 3677 1123 3742 quibus
1149 3675 1429 3743 negligens
1454 3677 1614 3730 lectio
1638 3690 1744 3729 non
1770 3676 1986 3729 videtur
2007 3691 2203 3742 expro-

620 3766 771 3819 brari
804 3780 989 3833 posse,
1023 3767 1075 3819 in
1108 3767 1325 3819 eosdem
1362 3771 1542 3818 tamen
1580 3780 1797 3819 errores
1839 3765 2203 3833 impegeriut?

620 3853 768 3909 Idem
820 3864 875 3909 et
930 3857 989 3909 in
1044 3855 1357 3923 apostolicis
1410 3855 1851 3923 eVangelicisquc
1903 3856 2204 3924 Scripturis

622 3944 806 3997 multis
834 3945 1058 4008 accidit,
1085 3947 1175 4012 qui
1206 3960 1302 3996 sua
1338 3942 1439 3996 sibi
1473 3936 1697 3996 vesania
1728 3944 1895 3995 alium
1932 3944 2205 3997 ﬁnxerunt

621 4032 819 4088 Filium
857 4046 951 4087 aut
986 4034 1228 4099 Patrem,
1261 4050 1423 4101 quam
1454 4032 1546 4100 qui
1586 4048 1614 4084 a
1653 4033 1862 4086 sanctis
1905 4042 1962 4086 et
2008 4033 2205 4100 prtedi-

621 4133 780 4177 catur
813 4123 1059 4190 et'juxta
1100 4125 1385 4177 veritatem
1428 4123 1775 4190 intelligitur.
1813 4122 1914 4188 Qui
1947 4137 2092 4175 enun
2139 4124 2204 4175 de

623 4213 737 4269 Deo
767 4223 826 4267 et
858 4215 1077 4269 Christo
1111 4215 1230 4282 ejus
1260 4228 1386 4266 vera
1417 4228 1524 4266 non
1558 4215 1743 4276 sentit,
1786 4213 1830 4267 is
1862 4229 1891 4265 a
1926 4228 2056 4267 vero
2095 4213 2205 4266 Deo

623 4308 849 4370 excidit,
876 4308 1102 4375 ejusque
1130 4305 1442 4374 Uuigenito,
1464 4313 1517 4358 et
1546 4319 1705 4371 quem
1730 4318 1828 4356 sua
1854 4304 1957 4357 sibi
1984 4304 2201 4357 vesania

624 4396 784 4450 ﬁnxit
832 4396 1053 4450 Patrem
1109 4406 1163 4450 et
1202 4397 1422 4460 Filium,
1473 4410 1581 4448 non
1627 4408 1824 4447 revera
1868 4395 2096 4460 adorat;
2153 4394 2204 4447 id

2298 1968 2503 2039 ηφανίᾳ
2554 1968 2890 2037 πταίσματα,
2932 1968 3027 2020 καὶ
3070 1967 3179 2019 τῶν
3237 1967 3544 2037 λεγομένων
3584 1968 3887 2035 δυσ-γενῶν,

2296 2060 2384 2113 διὰ
2409 2060 2470 2111 τὸ
2496 2059 2886 2129 ἀνεπιστῆμον,
2917 2058 3017 2129 τὴν
3040 2056 3178 2128 πρὸς
3199 2058 3326 2121 τοὺς
3349 2057 3637 2128 ὑπερέχειν
3662 2056 3893 2126 νομιζο-

2300 2148 2492 2219 μένους
2524 2148 2836 2200 ὑπόπτωσιν
2865 2147 3205 2218 θωπευτικὴν
3236 2148 3539 2215 ἀφιστᾶσαν
3567 2144 3726 2208 Θεοῦ,
3758 2146 3895 2209 τοὺς

2296 2235 2526 2304 γνησίαν
2558 2234 2655 2303 μὲν
2682 2234 2862 2302 φιλίαν
2885 2234 2984 2286 οὐκ
3009 2234 3228 2302 ἔχοντας
3261 2234 3395 2304 (91),
3424 2234 3482 2286 τὸ
3505 2234 3560 2286 δὲ
3594 2233 3889 2287 κάλλιστον

2295 2324 2405 2377 τῶν
2440 2325 2498 2375 ὲν
2534 2323 2977 2394 ἀνθρώποις,τὴν
2993 2325 3211 2392 ἀγάπην
3248 2325 3707 2394 ὑποκρινομένους
3734 2324 3889 2393 (92);

2296 2408 2425 2473 Πᾶς
2452 2409 2633 2461 τοίνυν
2674 2413 2706 2463 ό
2741 2412 2901 2476 βίος,
2936 2410 3119 2473 καθὼς
3144 2412 3485 2483 προείρηται,
3520 2412 3628 2465 τοῦ
3657 2412 3892 2480 ἀνθρώ-

2298 2514 2418 2551 που
2450 2499 2549 2550 ἐπὶ
2584 2497 2692 2565 τῆς
2734 2497 2843 2568 γῆς
2873 2501 3004 2552 ἐστι
3038 2500 3445 2568 πειρατήριον·
3488 2501 3677 2573 διόπερ
3710 2502 3891 2571 εὐχώ-

2302 2588 2439 2657 μεθα
2474 2589 2737 2658 ρυσθῆναι
2770 2592 3154 2662 πειρατηρίου,
3187 2594 3288 2645 οὐκ
3316 2594 3375 2645 έν
3405 2591 3481 2662 τῷ
3518 2591 3592 2661 μὴ
3624 2593 3891 2663 πειράζει

2302 2680 2424 2731 σθαι
2472 2680 2662 2749 (τοῦτο
2692 2680 2799 2751 γὰρ
2832 2683 3111 2752 ἀμήχανον
3150 2684 3382 2754 μάλιστα
3423 2687 3537 2741 τοῖς
3574 2685 3665 2736 ἐπὶ
3718 2684 3887 2754 γῆς),

2299 2769 2435 2821 ἀλλά
2466 2772 2524 2821 ὲν
2558 2771 2635 2840 τῷ
2670 2772 2743 2841 μὴ
2778 2772 3041 2842 ἡττᾶσθαι
3075 2774 3522 2843 πειραζομένους.
3559 2774 3662 2825 Τὸν
3696 2773 3755 2825 δὲ
3790 2776 3892 2844 ἠτ-

2299 2861 2541 2930 τώμενον
2571 2864 2628 2914 ὲν
2657 2862 2736 2931 τῷ
2770 2863 3125 2934 πειράζεσθαι
3156 2866 3499 2937 είσέρχεσθαι
3528 2866 3609 2927 είς
3638 2864 3731 2917 τὸν
3759 2882 3887 2917 πει-

2301 2952 2509 3021 ρασμὸν
2537 2955 2853 3021 ἐνεχόμενον
2870 2957 2981 3017 τοῖς
3003 2953 3242 3018 δικτύοις
3262 2955 3450 3019 αὑτοῦ,
3476 2954 3846 3025 ὑπολαμϐάνω
3866 2970 3884 2984 ο

2302 3046 2380 3105 είς
2410 3045 2554 3113 άπερ
2586 3044 2777 3096 δίκτυα
2808 3043 2894 3096 διὰ
2923 3045 3048 3106 τοὺς
3080 3045 3651 3115 προκατειλημμένους
3688 3045 3890 3097 ὲν-αῦ-

2302 3136 2413 3195 τοῖς
2435 3132 2690 3185 εἰσελθὼν
2716 3136 2742 3185 ὁ
2770 3134 2980 3202 Σωτὴρ,
3006 3134 3320 3186 ἐκκύπτων
3344 3133 3443 3186 διὰ
3468 3133 3591 3185 τῶν
3606 3132 3888 3197 δικτύων,

2304 3220 2449 3273 κατὰ
2499 3222 2559 3273 τὸ
2612 3223 2668 3274 ἐν
2711 3221 2789 3290 τῷ
2828 3221 3064 3291 ’ᾼσματι
3108 3218 3217 3272 τῶν
3257 3221 3518 3290 ᾀσμάτων
3570 3220 3890 3291 εἰρημένον,

2305 3312 2661 3382 ἀποκρίνεται
2692 3315 2804 3373 τοῖς
2836 3310 3397 3381 προκατειλημμένοις
3428 3308 3518 3362 ὑπ’
3550 3310 3753 3374 αὐτῶν,
3789 3312 3891 3364 καὶ

2304 3403 2635 3457 είσελθοῦσιν
2666 3405 2744 3465 είς
2771 3405 2861 3455 τὸν
2893 3404 3219 3474 πειρασμὸν,
3246 3403 3340 3455 καὶ
3372 3402 3519 3470 λέγει
3540 3397 3667 3475 λοῦσι
3694 3402 3892 3477 νύμφῃ

2278 3495 2496 3549 -αύτοῦο
2546 3494 2813 3557 Ἀνάστα,
2846 3477 2985 3551 sibi:
3015 3497 3053 3563 ἠ
3085 3496 3351 3560 πλησίον
3378 3510 3517 3561 μου,
3552 3492 3710 3559 καλή
3739 3508 3889 3561 μου,

2303 3583 2622 3652 περιστερά
2656 3602 2794 3652 μου.
2840 3583 3140 3654 Προσθήσω
3171 3584 3253 3646 δὲ,
3303 3584 3383 3645 είς
3415 3582 3476 3634 τὸ
3521 3583 3893 3653 πειρασθῆναι

2305 3675 2485 3725 πάντα
2528 3673 2717 3742 καιρὸν
2766 3671 3070 3742 πειρασμοῦ
3111 3666 3250 3723 εἶναι
3283 3673 3395 3733 τοῖς
3439 3670 3746 3741 ἀνθρώποις
3792 3673 3895 3726 καὶ

2303 3763 2504 3815 ταῦτα·
2538 3764 2657 3814 οὐδὲ
2700 3764 2728 3813 ὁ
2762 3763 2851 3814 τὸν
2885 3762 3046 3830 νόμον
3078 3760 3169 3813 τοῦ
3205 3760 3338 3813 Θεοῦ
3393 3760 3632 3831 μελετῶν
3673 3765 3895 3835 ἡμέρας

2305 3856 2398 3907 καὶ
2436 3854 2648 3917 νυκτὸς,
2703 3836 3025 3905 καὶίάσκῶν
3070 3851 3409 3923 κατορθῶσαι
3460 3855 3522 3906 τὸ
3558 3854 3892 3924 εἰρημένονο

2307 3946 2506 4010 ruma
2530 3942 2763 3995 δικαίου
2780 3943 3099 4009 μελετήσει
3128 3947 3373 4013 σοφίαν,
3408 3944 3501 3996 τοῦ
3530 3942 3895 4013 πειράζεσθαι

2306 4031 2670 4099 ἀπήλλακται.
2711 4033 2863 4084 Ὅσοι
2891 4032 3021 4100 γοῦν
3055 4034 3537 4104 παρεκδεξάμενοι,
3570 4035 3627 4085 ὲν
3650 4032 3729 4101 τῷ
3758 4034 3897 4085 ἀνα-

2306 4123 2611 4176 τεθεικέναι
2644 4124 2844 4185 αὐτοὺς
2888 4126 2956 4191 τῇ
3002 4124 3244 4188 ἐξετάσει
3278 4124 3387 4177 τῶν
3438 4125 3598 4177 θειῶν
3631 4124 3894 4194 Γραφῶν,

2306 4213 2374 4266 τὰ
2408 4216 2465 4285 ἐν
2500 4213 2647 4282 νόμῳ
2678 4198 2772 4264 καὶ
2801 4216 3107 4283 προφήταις
3137 4213 3545 4283 ἀπηγγελμένα,
3580 4213 3759 4277 ἀθέοις
3788 4218 3897 4269 καὶ

2310 4304 2532 4355 ἀσεϐέσι
2547 4304 2809 4373 δόγμασιν
2826 4306 3050 4368 ἑαυτοὺς
3074 4305 3504 4375 ἀνατεθείκασιν,
3521 4305 3749 4375 ἠλιθίοις
3768 4307 3893 4376 (93)

2311 4396 2408 4446 καὶ
2434 4393 2685 4461 γελοίοις,
2713 4395 2763 4446 τί
2786 4396 2865 4447 δεῖ
2888 4397 2983 4448 καὶ
3008 4396 3205 4464 λέγειν,
3234 4396 3342 4459 τῶν
3370 4395 3665 4449 δοκούντων
3688 4396 3768 4464 τῷ
3788 4399 3900 4467 τῆς

621 4501 838 4557 passus,
881 4488 1024 4555 quod
1072 4487 1425 4541 tentatiouem
1457 4499 1562 4553 qua
1609 4500 1898 4539 sacrorum
1941 4485 2201 4539 librorum

2315 4485 2574 4554 ἀμελείας
2600 4485 2706 4537 τῶν
2728 4487 3167 4555 ἀναγνωσμάτων
3192 4486 3497 4557 ἐγκλήματι
3525 4486 3599 4556 μὴ
3620 4483 3759 4541 εἶναι
3777 4489 3905 4539 ἐνὸ-

621 4580 786 4635 iectio
816 4596 922 4634 non
958 4590 1139 4644 vacat,
1170 4594 1277 4631 non
1302 4579 1623 4641 adverterit,
1652 4593 1751 4631 nec
1779 4579 1995 4631 steterit
2024 4594 2208 4631 arma-

623 4680 715 4725 tus
752 4670 899 4723 velut
928 4672 994 4723 ad
1038 4670 1346 4723 imminens“
1378 4680 1682 4724 certamen.
1724 4670 2003 4725 Orandum
2040 4672 2207 4739 igitur

621 4772 728 4828 est,
754 4777 862 4816 non
887 4762 1049 4832 260
1070 4777 1135 4815 ne
1160 4770 1453 4824 tentemur,
1480 4761 1765 4815 ﬂeri'enim
1786 4763 1836 4815 id
1858 4778 1962 4816 non
2000 4773 2200 4829 potest,

623 4855 719 4909 sed
754 4870 822 4907 ne
852 4870 880 4907 a
919 4857 1225 4908 tentatione
1267 4854 1799 4919 circumveniamur;
1835 4857 1979 4922 quod
2012 4857 2079 4910 iis
2118 4872 2210 4910 ac-

623 4943 757 4998 cidit
791 4946 881 5013 qui
925 4946 1015 4999 illa
1059 4948 1373 5001 detinentur
1413 4956 1470 5001 et
1513 4948 1825 4999 vincuntur.
1860 4946 1999 5015 Cum
2040 4948 2205 5016 igitur

621 5044 776 5087 extra
820 5036 1126 5089 orationem
1170 5038 1435 5105 scriptum
1473 5038 1591 5090 sit:
1624 5035 1691 5089 Ut
1734 5053 1837 5089 non
1890 5035 2093 5090 intretis
2148 5037 2203 5087 in

626 5127 966 5177 notationem
987 5125 1051 5189 ιι,
1072 5128 1213 5192 quod
1236 5142 1299 5179 ex
1324 5130 1483 5183 dictis
1498 5130 1720 5196 planum
1737 5140 1861 5180 esse
1894 5127 2127 5194 poterit,
2150 5125 2201 5176 in

622 5214 740 5285 Ipsa
760 5223 943 5269 autem
972 5216 1219 5270 oratione
1246 5217 1435 5271 dicere
1461 5220 1568 5271 Deo
1582 5218 1731 5272 Patri
1750 5217 2041 5271 debeamus
2073 5228 2086 5266 :
2120 5213 2204 5267 Ne

2312 4592 2443 4643 χων,
2474 4574 2683 4645 μυρίων
2716 4576 2857 4627 ὅσων
2880 4576 2946 4627 τά
2972 4576 3195 4628 τοιαῦτα
3221 4576 3554 4639 πταιόντων;
3586 4576 3658 4627 Τὸ
3682 4576 3727 4627 δ’
3755 4574 3900 4628 αὐτὸ

2313 4668 2407 4718 καὶ
2447 4667 2542 4717 ἐπὶ
2575 4664 2681 4718 τῶν
2711 4664 3080 4718 ἀποπολικῶν
3113 4666 3207 4718 καὶ
3237 4664 3608 4731 εύαγγελικῶν
3639 4667 3896 4731 ἀναγνω-

2315 4758 2538 4827 σμάτων
2566 4756 2749 4809 πολλοὶ
2778 4756 3099 4819 πεπόνθασι,
3119 4756 3205 4808 διά
3231 4754 3329 4817 τάς
3357 4754 3493 4817 ἰδίας
3523 4755 3728 4818 ἀνοίας,
3759 4757 3898 4809 ἀνα·

2315 4849 2641 4910 πλάττοντες
2672 4848 2857 4917 ἓτερον
2889 4847 3040 4917 παρὰ
3065 4846 3155 4898 τὸν
3181 4844 3592 4915 θεολογούμενον
3621 4846 3714 4898 καὶ
3743 4848 3899 4900 κατά

2314 4946 2415 5008 τὴν
2452 4939 2705 5009 ἀλήθειαν
2735 4941 3053 5009 νενοημένον
3079 4939 3191 4998 τοῖς
3218 4937 3393 5004 ἁγίοις
3420 4936 3551 4989 Υίὸν
3580 4936 3612 5005 ἦ
3642 4937 3891 5006 Πατέρα.

2328 5030 2384 5081 '0
2417 5029 2527 5100 γάρ
2567 5031 2639 5100 μὴ
2684 5029 2753 5081 τὰ
2784 5029 2955 5098 ἀληθῆ
3003 5026 3211 5097 φρονῶν
3251 5027 3378 5096 περὶ
3408 5024 3543 5079 Θεοῦ
3580 5024 3613 5095 ἢ
3648 5026 3896 5094 Χριστοῦ

2313 5120 2502 5184 αὑτοῦ,
2540 5121 2635 5173 τοῦ
2661 5123 2757 5190 μὲν
2801 5119 3052 5191 ἀληθινοῦ
3094 5116 3459 5171 ἀποπέπτωκε
3495 5117 3631 5170 Θεοῦ
3664 5117 3760 5170 καὶ
3788 5119 3895 5172 τοῦ

2317 5211 2658 5280 Μονογενοῦς
2695 5210 2881 5275 αὑτοῦ,
2925 5208 2985 5263 δν
3016 5210 3081 5277 δὲ
3111 5212 3411 5267 ἀνέπλασεν
3451 5216 3485 5285 ἡ
3523 5213 3677 5274 ἄνοια
3716 5209 3893 5264 αὑτοῦ

696 5373 719 5405 ⁹
749 5371 905 5429 Joau.
940 5390 994 5440 v,
1033 5375 1127 5433 44.
1207 5378 1250 5409 ³⁸
1278 5377 1382 5434 Job
1404 5396 1479 5436 vn
1504 5420 1521 5446 ,
1557 5382 1607 5434 L
1690 5381 1731 5412 ¹¹
1762 5379 1926 5434 Cant.
1969 5394 2043 5444 ιι,
2076 5378 2129 5435 9.

2306 5379 2441 5444 bid.,
2474 5379 2562 5433 i0.
2642 5380 2685 5409 "
2714 5379 2872 5435 Prov.
2912 5399 2978 5447 ι,
3007 5382 3098 5439 51.
3176 5383 3220 5415 ιδ
3248 5384 3435 5438 Matth.
3463 5393 3615 5449 xm,
3651 5377 3739 5433 ﬂ.

694 5545 807 5613 (90)
858 5545 1044 5602 Codex
1102 5560 1232 5611 ms.,
1273 5545 1749 5614 ὲπαισχυνόμενοι.
1790 5541 1972 5598 Editio
2025 5545 2202 5598 Oxon.

619 5613 1103 5683 ἁπαισχυνόμενοι.

693 5680 1014 5753 (θυίξοᾶει
1046 5699 1170 5747 ms.,
1196 5681 1439 5753 ἔχοντας.
1472 5682 1650 5736 Editio
1674 5682 1849 5753 0x09.
1882 5682 2117 5753 ἔχοντες.
2192 5712 2197 5715 -

694 5751 809 5823 (92)
848 5751 1031 5806 Codex
1083 5751 1749 5822 ηιθβὺποκρινομένους.
1782 5751 1965 5812 Editio
1997 5753 2201 5825 Oxum,

2315 5542 2750 5612 ὑπορκινόμενοι.

2386 5612 2501 5687 (95)
2540 5612 3019 5687 ᾋνατεθείκασιν
3041 5612 3474 5687 ﬂ1t0[0t9.Lege
3490 5616 3893 5685 cumBentleio,

2316 5682 2746 5750 ἀνατεθείκασιν,
2775 5684 2809 5755 ἢ
2845 5685 3091 5756 ἠλιθίοις.
