4132 6314
204 451 314 508 537

1415 448 1754 506 LIBELLUS
1789 447 1877 503 DE
1915 445 2288 504 ORATIONE.

3346 409 3451 516 διδ
3532 520 3542 529 ,

203 566 508 638 νομίζουσα
533 563 674 622 εἶναι
700 567 918 639 Πατέρα
940 568 1036 622 καὶ
1055 567 1201 632 Υἱδν,
1223 565 1323 621 οὐκ
1346 565 1516 630 ὅντως
1552 582 1774 638 προσκυ-

1895 581 1988 617 nos
2041 564 2258 618 inducas
2310 566 2365 617 in
2425 566 2804 634 (curationem,
2854 583 3034 638 operte
3090 573 3320 642 pretium
3368 591 3452 634 est

204 658 324 708 νεῖ·
356 655 515 708 τοῦτο
548 655 734 708 παθὼν
762 656 850 709 διὰ
877 656 938 707 τὸ
967 655 1060 732 τον
1091 656 1150 708 ὲν
1192 653 1270 724 τῷ
1303 653 1693 721 ἀναγινώσκειν
1719 652 1790 706 τὰ

205 745 345 816 ἅγια
372 747 678 818 πειρασμὸν
707 747 783 818 μὴ
805 747 1134 816 νενοηκέναι,
1173 747 1306 816 μηδὲ
1331 745 1406 808 ὡς
1437 745 1578 816 πρὸς
1605 745 1790 813 ἀγῶνα

204 837 307 893 καὶ
348 837 472 888 τότε
518 836 671 906 αὑτῷ
711 836 1038 906 ἐνεστηκότα
1086 835 1445 906 ὁπλισάμενος
1496 835 1589 887 καὶ
1635 835 1784 897 στάς.

201 928 330 997 Χρὴ
355 926 536 980 τοίνυν
554 925 807 996 εὔχεσθαι
826 966 841 991 ,
871 927 969 995 οὐχ
995 927 1082 980 ἵνα
1111 927 1184 997 μὴ
1208 924 1607 995 πειρασθῶμεν,
1629 925 1788 978 τοῦτο

201 1017 320 1086 γὰρ
351 1015 634 1078 ἀδύνατον,
667 1016 781 1069 ἀλλ’
815 1017 903 1069 ἵνα
939 1018 1014 1087 μὴ
1043 1018 1145 1069 ὑπὸ
1177 1018 1268 1070 τοῦ
1295 1017 1787 1088 πειρασμοῦπερι-

201 1103 516 1175 ϐληθῶμεν·
535 1106 672 1176 ὅπερ
695 1105 993 1175 πάσχουσιν
1021 1107 1071 1158 οἱ
1089 1108 1393 1177 ἐνεχόμενοι
1415 1105 1562 1176 αὐτῷ
1591 1107 1686 1160 καὶ
1701 1125 1808 1160 νει

200 1192 508 1260 νικημένοι.
527 1192 677 1244 Ἐπεὶ
701 1188 793 1245 οῦν
807 1192 909 1258 ἔξω
930 1193 1029 1263 μὲν
1045 1193 1144 1262 τῆς
1167 1194 1329 1262 εὐχῆς
1346 1195 1649 1262 γέγραπται
1687 1195 1783 1263 Μὴ

196 1281 506 1335 εἰσελθεῖν
520 1281 653 1352 (95')
668 1285 755 1348 είς
771 1283 1119 1351 πειρασμὸν,
1137 1285 1233 1337 ὃπε
1243 1301 1272 1354 ρ
1283 1285 1346 1336 ἐκ
1360 1284 1466 1336 τῶν
1483 1287 1785 1356 εἰρημένων

196 1369 428 1422 δύναταί
461 1389 577 1434 πως
604 1367 743 1426 εἶναι
771 1374 959 1441 σαφὲς,
996 1377 1054 1426 ὲν
1087 1374 1145 1427 δὲ
1173 1378 1237 1445 τῇ
1269 1377 1603 1447 εὐχῇ.λέγειν
1639 1378 1786 1446 ἡμᾶς

196 1459 302 1523 δεῖ,
337 1464 400 1514 Μ
403 1460 438 1527 ἡ
468 1463 815 1532 εἰσενέγκῃς
835 1462 994 1532 ἡμᾶς
1014 1467 1102 1532 εἰς
1127 1467 1485 1533 πειρασμὸν,
1510 1467 1588 1537 τῷ
1612 1467 1786 1537 Πατρὶ

195 1549 322 1626 Θεῷ
343 1568 356 1578 ·
383 1551 531 1616 ἄξιον
560 1553 686 1605 ἰδεῖν
715 1555 830 1616 πῶς
854 1555 960 1626 χρὴ
986 1559 1122 1609 νοεῖν
1153 1557 1243 1609 τὸν
1276 1558 1408 1609 Θεὸν
1429 1560 1664 1628 εἰσάγειν
1694 1561 1785 1612 τὸν

199 1637 277 1709 μὴ
303 1633 621 1707 εὐξάμενον,
657 1640 690 1710 ἦ
721 1642 810 1694 τὸν
835 1642 909 1711 μὴ
929 1643 1328 1714 ὲπακουόμενον
1356 1647 1434 1708 εἰς
1465 1647 1555 1698 τὸν
1593 1665 1786 1717 πειρα-

196 1720 359 1798 σμόνζ
401 1731 758 1799 ’Δπεμφαίνει
787 1731 916 1802 γὰρ,
949 1732 1040 1784 τοῦ
1073 1735 1371 1804 νικωμένου
1404 1737 1782 1808 εἰσερχομένου

194 1817 276 1878 εις
295 1815 392 1869 τὸν
417 1819 741 1889 πειρασμὸν,
759 1820 851 1873 τὸν
869 1821 1000 1875 Θεὸν
1035 1823 1270 1892 νομίζειν
1300 1823 1537 1892 εἰσάγειν
1556 1825 1676 1879 τινὰ
1704 1829 1786 1890 είς

1891 653 2072 707 videre
2110 655 2382 721 quomodo
2435 655 2820 725 intelligendus
2866 660 3124 718 sit'Deus
3164 664 3319 720 illum
3359 670 3454 736 qui

1889 759 1996 798 non
2035 755 2174 809 orat,
2215 753 2449 799 autcum
2491 747 2581 813 qui
2619 762 2724 800 nOn
2767 752 3077 817 exauditur,
3109 753 3162 807 in
3205 758 3454 811 tentatio—

1889 850 2010 887 nem
2041 835 2317 888 inducere.
2353 835 2640 905 llepugnat
2661 839 2834 903 enim,
2856 855 2982 894 cum
3015 843 3059 896 is
3090 845 3183 913 qui
3217 845 3453 901 vincitur

1887 923 2052 976 intret
2081 923 2133 975 in
2168 924 2542 988 tenlalionem,
2585 924 2750 977 Deum
2777 937 2971 994 putare
3007 931 3062 985 in
3102 936 3449 991 tentatioaem

1887 1011 2144 1066 inducere
2167 1029 2513 1082 quemquam,
2541 1016 2693 1082 quasi
2719 1026 2777 1069 ut
2800 1019 3052 1076 vincatur
3070 1023 3217 1079 illum
3239 1028 3449 1091 tradat;

1887 1103 2187 1178 eademque
2216 1104 2568 1171 repugnantia
2601 1107 2844 1158 occurrit
2867 1108 2916 1160 ei
2947 1111 3041 1176 qui
3066 1113 3256 1179 quovis
3289 1116 3452 1171 modo

1885 1190 2201 1261 eitposueril.
2244 1193 2371 1246 illud
2399 1215 2409 1247 :
2439 1194 2622 1258 Orate,
2653 1204 2708 1246 ut
2742 1211 2845 1249 non
2892 1198 3092 1252 intretis
3127 1203 3178 1253 in
3209 1205 3455 1263 ternario-

1887 1299 2022 1336 nem.
2067 1283 2121 1337 Si
2158 1284 2303 1336 enim
2342 1282 2396 1334 in
2441 1283 2792 1336 tentatiouem
2838 1285 3076 1339 incidere
3109 1288 3302 1341 malum
3345 1302 3451 1356 est,

1887 1374 2028 1440 quod
2085 1374 2235 1426 nobis
2292 1387 2360 1425 ne
2412 1372 2690 1441 contingat
2722 1386 2977 1438 oramus,
3027 1379 3296 1443 quomodo
3343 1395 3452 1433 non

1887 1462 2178 1515 absurdum
2211 1471 2292 1515 est
2337 1469 2529 1528 putare
2560 1461 2756 1514 bonum
2798 1463 2965 1515 Deum
3001 1466 3092 1533 qui
3118 1467 3283 1519 malos
3311 1452 3455 1532 ferre

1887 1550 2098 1602 fructus
2129 1567 2232 1602 non
2261 1556 2461 1618 pete-.t,
2493 1551 2647 1603 nnalis
2675 1551 2911 1616 aliquem
2933 1551 3204 1617 objicere?
3230 1555 3306 1606 Ad
3341 1557 3456 1609 tunc

1890 1644 2049 1708 igitur
2079 1641 2207 1695 utile
2241 1645 2340 1696 erit
2368 1659 2640 1712 apponere
2667 1658 2786 1712 quae
2816 1625 2870 1695 in
2903 1643 3138 1710 Epistola
3173 1647 3235 1698 ad
3257 1645 3456 1699 Ruina-

1888 1748 1986 1787 nos
2019 1747 2048 1784 a
2089 1732 2256 1784 Paulo
2296 1736 2438 1786 dicta
2481 1743 2608 1788 sunt
2635 1734 2686 1786 in
2735 1735 2880 1787 hunc
2921 1734 3136 1786 modum
3168 1751 3183 1788 :
3215 1733 3452 1788 Dicentes

1886 1839 1940 1877 se
1979 1840 2089 1878 esse
2132 1828 2410 1893 sapientes,
2464 1826 2615 1880 stulti
2649 1826 2777 1894 facti
2835 1837 2982 1888 sunt,
3028 1838 3074 1879 et
3119 1835 3450 1880 mutaverunt

193 1908 526 1978 πειρασμὸν,
558 1909 718 1962 οἱονεὶ
753 1909 832 1981 τῷ
863 1912 1117 1965 νικᾶσθαι
1145 1913 1306 1966 αὐτὸν
1338 1915 1664 1985 παραδόντα.
1713 1917 1774 1969 Ἦ

1881 1915 2108 1984 gloriam
2156 1917 2568 1984 incorruptibilis
2623 1917 2720 1971 Dei
2769 1917 2827 1970 in
2874 1917 3268 1971 similitudinem
3314 1917 3452 1970 ima-

191 1993 239 2047 δ¹
273 1994 417 2066 αὑτὴ
446 1997 763 2068 ἀπέμφασις
787 2002 1072 2071 περιμένει
1102 1998 1196 2056 καὶ
1220 2005 1310 2057 τὸν
1331 2005 1477 2068 ὃπως
1499 2005 1629 2059 ποτὲ
1653 2005 1778 2076 ἐξη-

191 2083 292 2152 τοῦ
301 2101 466 2154 μενον
484 2087 547 2139 τό
564 2105 578 2117 ο
602 2089 873 2157 Εὕχεσθε
887 2090 974 2158 μὴ
994 2093 1292 2147 εἰσελθεῖν
1312 2096 1400 2160 εὶς
1421 2097 1773 2166 πειρασμόν.

191 2175 254 2228 Ei
281 2176 393 2247 γὰρ
414 2179 585 2232 κακὸν
606 2180 667 2232 τὸ
694 2183 955 2250 ἐμπεσεῖν
981 2186 1060 2246 εἰς
1080 2187 1401 2256 πειρασμὸν,
1429 2188 1567 2258 ὅπερ
1587 2189 1672 2242 ἵνα
1702 2187 1776 2258 μὴ

192 2267 460 2339 πάθωμεν
486 2271 777 2341 εὐχόμεθα,
805 2274 922 2337 πῶς
947 2277 1046 2328 οὐκ
1072 2276 1271 2332 ἄτοπον
1292 2281 1430 2332 νοεῖν
1453 2279 1546 2331 τὸν
1573 2280 1776 2347 ἀγαθὸν

188 2356 348 2426 Θεὸν,
376 2361 454 2430 μὴ
479 2361 773 2431 δυνάμενον
806 2366 1061 2440 καρποὶ)ςᾷ
1077 2355 1270 2438 ’φέρειν
1299 2370 1586 2438 πονηροὺς,
1603 2387 1774 2440 οπερι-

189 2448 413 2504 σάὶὸςειν
443 2451 567 2505 τινὰ
596 2458 709 2518 τοῖς
755 2431 978 2522 κακοῖς;
1013 2431 1296 2528 ὶέρῆσιμον
1342 2431 1452 2534 οὖν·
1480 2431 1579 2523 είςν
1599 2431 1776 2514 ταῦτα

180 2537 537 2611 ’παραθέσθαι
569 2543 636 2598 τὰ
663 2547 719 2598 έν
749 2549 815 2615 τῇ
852 2546 988 2617 πρὸς
1031 2548 1329 2618 Ῥωμαίους,
1365 2551 1470 2602 ὑπὸ
1507 2551 1600 2603 τοῦ
1629 2551 1775 2608 Παύ-

188 2629 285 2684 λου
331 2633 602 2704 εἰρημένα
632 2634 818 2688 τοῦτον
851 2637 940 2689 τὸν
982 2638 1200 2708 τρόπον·
1245 2640 1587 2707 (Edonos-rec
1621 2642 1774 2695 εἶναι

188 2719 377 2785 σοφοὶ
430 2720 880 2788 ἐμωράνθησαν,
934 2727 1028 2778 καὶ
1075 2726 1357 2793 ἤλλαξαν
1406 2728 1522 2796 τὴν
1586 2730 1774 2795 δόξαν

190 2806 305 2860 τοῦ
339 2809 645 2876 ἀφθάρτου
683 2813 828 2864 Θεοῦ
855 2813 926 2865 ἐν
958 2813 1271 2883 ὁμοιώματι
1310 2820 1545 2884 εἰκόνος
1587 2825 1772 2887 φθαρο

188 2894 298 2948 τοῦ
343 2895 682 2962 ἀνθρώπου,
727 2899 827 2950 καὶ
883 2897 1187 2966 πετειὶθῶν,
1235 2897 1332 2956 καί
1378 2908 1768 2975 τετραπόδων,

186 2986 290 3038 καὶ
311 2985 606 3054 ἑρπετῶν·
625 2988 711 3041 διὸ
735 2989 1073 3057 παρέδωκεν
1100 2994 1319 3060 αὐτοὺς
1346 2999 1378 3048 ό
1399 2998 1625 3063 Θεὸςέν
1644 3001 1772 3065 ταῖς

183 3077 532 3146 ἐπιθυμίαις
566 3079 684 3130 τῶν
725 3080 980 3147 καρδιῶν
1023 3083 1220 3136 αὐτῶν
1255 3088 1341 3149 εἰς
1376 3087 1767 3155 ἀκαθαρσίαν,

1875 2007 2013 2073 ginis
2057 2007 2412 2074 corruptibiiis
2447 2005 2678 2060 hominis
2723 2016 2772 2060 et
2815 2006 3088 2060 volucrum
3131 2017 3178 2060 et
3217 2008 3453 2074 quadris.

1872 2099 2064 2160 pedum
2114 2106 2160 2147 et
2209 2095 2566 2164 serpentium;
2611 2105 2828 2164 propter
2869 2097 3009 2165 quod
3064 2098 3288 2150 tradidit
3329 2097 3452 2152 illos

1879 2183 2017 2235 Deus
2052 2184 2106 2235 in
2143 2184 2406 2237 desideria
2449 2187 2624 2237 cordis
2679 2201 2887 2249 eorum,
2926 2187 2982 2238 in
3025 2187 3451 2252 immunditiam;

1879 2285 1935 2328 ut
1960 2277 2290 2328 contumeliis
2314 2278 2539 2344 a/Iiciant
2585 2293 2805 2344 corpora
2833 2292 2930 2328 sua
2967 2276 3022 2328 in
3064 2277 3350 2342 semetipsis
3379 2277 3445 2331 ¹⁵.

1878 2365 1944 2419 Et
1975 2365 2132 2432 paulo
2159 2377 2280 2433 post
2309 2383 2324 2420 :
2359 2365 2644 2431 Propterea
2678 2366 2894 2418 tradidit
2920 2365 3040 2417 illos
3069 2365 3210 2419 Deus
3249 2367 3302 2418 in
3324 2383 3449 2431 pas-

1873 2440 2046 2508 siones
2076 2455 2413 2523 ignominiw;
2441 2472 2559 2511 nam
2590 2455 2814 2522 feminae,
2836 2470 3016 2508 eorum
3044 2455 3446 2508 inmutaverunt

1848 2549 2176 2600 naturalem
2207 2563 2360 2600 usum
2389 2551 2442 2598 in
2473 2561 2592 2597 eum
2629 2563 2805 2611 usum,
2835 2546 2924 2614 qui
2963 2555 3036 2597 est
3072 2555 3252 2598 contra
3286 2557 3444 2598 natu-

1875 2655 2008 2691 ram.
2041 2637 2300 2691 Similiter
2329 2647 2502 2716 autem
2534 2647 2578 2689 et
2607 2639 2832 2689 masculi
2864 2635 3044 2689 relicto
3077 2636 3314 2688 naturali
3342 2652 3442 2688 usu

1873 2729 2080 2796 femince
2127 2720 2437 2796 exarserunt
2480 2728 2544 2793 ’°,
2587 2718 2649 2780 et.
2695 2726 2927 2792 reliqna.
2975 2726 3040 2779 Et
3086 2726 3278 2780 iterum
3325 2736 3448 2795 post

1875 2789 2040 2887 pauca
2077 2835 2090 2870 :
2143 2817 2206 2869 Et
2247 2789 2907 2887 sicuHinon’probauerunt
2955 2812 3121 2864 Deum
3160 2789 3350 2864 habere
3390 2814 3449 2866 in

1871 2907 2080 2965 notitia,
2113 2909 2330 2958 tradidit
2379 2879 2499 3048 illius
2533 2905 2671 2956 Deus
2707 2905 2762 2954 in
2797 2903 3074 2970 reprobum
3122 2917 3356 2965 sensum,
3385 2909 3446 2956 ιιι

1875 2998 2071 3048 faciant
2112 3014 2172 3048 ea
2215 3013 2332 3048 una:
2378 3013 2394 3047 ι
2449 3011 2482 3047 n
2530 2994 2839 3046 conveniunt
2882 2993 2945 3044 ¹⁷.
2993 2990 3119 3045 Haec
3162 2991 3230 3044 iis
3261 2991 3442 3044 omnia

1873 2998 2071 3063 faciant
2112 3014 2172 3050 ea
2215 3013 2332 3065 qua:
2378 2990 2482 3048 ndn
2530 2994 2839 3046 conveniunt
2882 2993 2945 3044 ¹⁷.
2993 2990 3119 3045 Haec
3162 2991 3230 3044 iis
3261 2991 3442 3044 omnia

1873 3087 2182 3141 adducenda
2210 3095 2335 3138 sunt
2372 3085 2462 3153 qui
2490 3083 2725 3136 divin-ain
2767 3090 2956 3136 secant
2987 3090 3259 3146 naturam,
3294 3094 3442 3148 qua:-

183 3169 297 3222 τοῦ
332 3168 714 3238 ἀτιμάζεσθαι
762 3171 835 3224 τὰ
887 3163 1127 3241 σώματά
1160 3174 1358 3228 αὐτῶν
1402 3178 1472 3229 ἐν
1513 3178 1764 3244 ἑαυτοῖς.

1875 3179 2211 3244 rundu’mqne
2253 3177 2320 3229 ab
2370 3177 2448 3227 eis
2500 3174 2662 3228 alium
2715 3187 2838 3226 esse
2880 3172 3193 3240 potantibus
3240 3172 3444 3224 bonum

185 3259 302 3313 Καὶ
347 3259 465 3330 μετ’
506 3260 690 3328 ὀλίγα·
740 3261 842 3315 Διὰ
888 3264 1063 3317 τοῦτο
1109 3267 1450 3333 παρέδωκεν
1491 3269 1711 3336 αὐτοὺς
1742 3272 1770 3321 ὁ

185 3349 339 3414 Θεὸς
371 3351 462 3413 εἰς
491 3348 650 3417 πάθη
683 3352 944 3420 ἀτιμίας·
978 3355 1040 3406 αἵ
1071 3372 1134 3407 τε
1172 3355 1283 3424 τὰρ
1315 3355 1545 3422 θήλειαι
1577 3358 1776 3412 αὐτῶν

177 3438 581 3506 μετήλλαξαν
627 3439 742 3507 τὴν
781 3443 1055 3510 φυσικὴν
1090 3445 1313 3520 χρῆσιν
1338 3451 1424 3514 εις
1465 3448 1579 3516 τὴν
1615 3449 1773 3516 παρὰ

181 3527 415 3594 φύσιν·
457 3527 674 3593 ὁμοίως
714 3530 813 3581 καὶ
853 3534 908 3583 οὶ
943 3531 1190 3598 ἄρσενες
1229 3537 1484 3602 ἀφέντες
1519 3539 1636 3605 τὴν
1661 3557 1772 3606 φυ-

180 3617 377 3686 σικὴν
415 3618 637 3687 κρῆσιν
674 3617 782 3686 τῆς
824 3623 1066 3688 θηλείας
1102 3624 1536 3691 ἐξεκαύθησαν,
1578 3630 1672 3681 καὶ
1702 3629 1771 3681 τά

179 3707 334 3778 ἑξῆς.
363 3709 475 3761 Καὶ
504 3697 664 3761 πάλιν
702 3713 815 3778 μετ’
842 3711 1028 3778 ὀλίγα·
1064 3713 1173 3766 Καὶ
1214 3714 1408 3779 καθὼς
1433 3719 1545 3768 οὐκ
1583 3717 1773 3769 ἐδοκί-
1823 3707 1828 3711 ’

175 3808 394 3877 [iuvar
415 3799 526 3854 τὸν
573 3803 720 3856 Θεὸν
752 3803 915 3872 ἔχειν
945 3803 1012 3855 ἐν
1041 3802 1380 3871 ἐπιγνώσει,
1430 3805 1770 3873 παρέδωκεν

177 3891 410 3957 αὐτοὺς
434 3895 467 3945 ὀ
491 3893 636 3960 Θεὸς
659 3897 745 3959 εἰς
768 3894 1052 3961 ἀδόκιμον
1075 3893 1227 3947 γοῦν
1248 3893 1439 3948 ποιεῖν
1463 3896 1536 3948 τὰ
1553 3897 1638 3965 μὴ
1668 3915 1770 3950 κα-

177 3979 471 4048 θήκοντα.
510 3984 658 4053 Πλὴν
689 3984 862 4037 ταῦτα
889 3979 1063 4036 πάντα
1097 3985 1422 4052 προσεκτέον
1445 3989 1555 4048 τοῖς
1583 3972 1767 4039 διακό-

181 4090 383 4126 πτουσι
415 4074 514 4145 τὴν
536 4075 797 4144 Θεότητα,
833 4078 926 4128 καὶ
947 4075 1166 4129 λεκτέον
1197 4077 1333 4147 πρὸς
1359 4079 1554 4140 αὐτοὺς
1580 4080 1768 4150 ἓτερον

178 4166 505 4236 νομίζοντας
525 4162 665 4220 εἶναι
688 4169 777 4220 τὸν
798 4167 1000 4235 ἀγαθὸν
1022 4169 1242 4237 Πατέρα
1260 4169 1351 4221 τοῦ
1375 4170 1578 4238 Κυρίου
1607 4171 1766 4240 ἡμῶν

181 4256 344 4327 παρὰ
374 4256 467 4309 τὸν
500 4256 596 4310 τοῦ
629 4259 793 4329 νόμου
823 4258 957 4310 Θεόν
976 4275 989 4287 ·
1023 4261 1072 4310 εί
1107 4261 1135 4311 ὁ
1165 4259 1367 4326 ἀγαθὸς
1399 4251 1530 4323 Θεὸς
1573 4261 1662 4312 τὸν
1691 4261 1765 4331 μὴ

174 4347 523 4417 τυγχάνοντα
571 4349 673 4418 τῆς
705 4338 875 4420 εὐχῆς
917 4351 1124 4419 εἰσάγει
1179 4354 1257 4415 εἰς
1300 4355 1616 4425 πειρασμόν·
1671 4357 1764 4408 καὶ

174 4439 228 4490 εί
265 4438 298 4489 ὁ
335 4437 528 4508 Πατὴρ
568 4437 660 4490 τοῦ
704 4441 906 4510 Κυρίου
938 4440 1302 4510 παραδίδωσιν
1340 4443 1396 4496 ὲν
1425 4445 1542 4506 ταῖς
1578 4444 1764 4497 ἐπιθυ-

1877 3267 2092 3319 Domini
2139 3266 2307 3320 nostri
2350 3265 2563 3317 Patrem
2597 3278 2627 3316 a
2663 3262 2772 3316 Dco
2806 3262 2960 3331 legis,
2991 3277 3058 3313 an
3095 3260 3266 3342 bonus
3302 3260 3444 3312 Deus

1875 3374 1996 3411 eum
2041 3358 2132 3424 qui
2167 3357 2415 3409 oratione
2459 3355 2631 3424 petita
2677 3369 2783 3407 non
2817 3352 3188 3420 consequitur,
3222 3350 3444 3404 inducat.

1875 3448 1928 3499 in
1961 3446 2352 3510 tentationem;
2399 3460 2468 3498 an
2505 3444 2663 3497 Pater
2712 3443 2925 3496 Domini
2963 3443 3139 3496 tradat
3183 3456 3298 3504 eos,
3349 3442 3442 3507 qui

1872 3522 2072 3602 aliquid
2096 3545 2252 3589 antea
2282 3544 2660 3603 peccaverunt,
2684 3533 2735 3584 in
2760 3533 3026 3585 desideria
3050 3531 3230 3585 cordis
3251 3544 3443 3584 eorum

1872 3627 1926 3678 in
1983 3623 2383 3687 immunditiam
2429 3633 2488 3677 ut
2529 3623 2877 3678 contumeliis
2921 3621 3160 3675 alliciant
3191 3606 3438 3688 'corpora

1870 3731 1965 3769 suo
2011 3716 2063 3768 in
2105 3716 2442 3782 semetipsis;
2480 3730 2570 3776 an,
2610 3723 2668 3766 ut
2702 3713 2802 3782 ipsi
2847 3712 3054 3777 dicunt,
3079 3710 3281 3778 judicio
3313 3725 3443 3778 sup—

1871 3808 2135 3876 plicioque
2167 3809 2404 3871 omissis,
2429 3805 2606 3858 tradat
2636 3806 2687 3857 in
2731 3807 3012 3872 passiones
3048 3802 3358 3872 ignominiaa
3381 3811 3438 3857 ct

1871 3898 1924 3949 in
1970 3899 2259 3965 reprobum
2297 3910 2537 3958 sensum,
2573 3905 2632 3946 ιιι
2667 3895 2867 3948 faciant
2909 3909 2972 3946 ea
3003 3908 3123 3962 qum
3157 3909 3264 3946 non
3306 3908 3442 3946 con-

1872 3989 2125 4051 veniunt;
2158 3986 2311 4054 quasi
2365 3985 2415 4037 in
2451 3985 2738 4038 desideriis
2782 3986 3031 4041 cordium
3063 3999 3289 4038 suorum
3328 3999 3436 4037 non

1870 4087 2053 4133 essent
2087 4079 2186 4130 nisi
2240 4077 2373 4145 ipsis
2409 4092 2436 4128 a
2489 4075 2596 4130 Deo
2640 4077 2847 4139 traditi,
2885 4091 3059 4144 neque
3101 4077 3443 4144 passionibus

1878 4168 2189 4235 ignominiae
2223 4168 2634 4219 succulmissent
2668 4165 2772 4218 nisi
2815 4166 3000 4219 traditi
3037 4182 3067 4219 a
3098 4166 3225 4230 Deo,
3262 4181 3440 4234 neque

1869 4259 1921 4310 in
1953 4272 2174 4310 sensum
2213 4247 2500 4322 reprobum
2539 4254 2854 4307 incidissent
2892 4254 2995 4306 nisi
3033 4253 3171 4306 Deus
3205 4252 3325 4307 illos
3355 4253 3436 4307 sic

1865 4350 2148 4400 damnatos
2193 4346 2240 4398 ei
2281 4346 2617 4398 tradidisset.
2665 4343 2763 4396 llis
2795 4345 2915 4398 illos
2957 4345 3122 4412 probe
3162 4344 3286 4396 novi
3322 4351 3437 4395 tur-

1825 4489 1827 4491 .
1865 4441 2045 4492 batum
2071 4437 2133 4489 iri
2159 4437 2529 4488 vehementer.
2549 4434 2757 4489 Idcirco
2780 4434 2942 4486 alium
2968 4436 3242 4487 ﬁnxerunt
3265 4433 3433 4488 Deum

180 4528 343 4598 μίαις
374 4527 487 4580 τῶν
511 4527 743 4597 καρδιῶν
768 4531 896 4592 τοὺς
913 4533 1411 4602 προημαρτηκότας
1431 4553 1504 4596 τι,
1533 4535 1612 4598 εἰς
1634 4536 1762 4587 ἀκα-

1873 4537 2062 4597 pra-ter
2103 4538 2403 4578 creatorem
2448 4527 2567 4581 coeli
2623 4534 2679 4580 et
2711 4535 2890 4592 terras,
2943 4526 3068 4594 quia
3117 4541 3241 4579 cum
3288 4523 3434 4593 ejuso'

174 4618 416 4691 θαρσίαν
451 4617 546 4671 τοῦ
581 4619 940 4690 ἀτιμάζεσθαι
975 4624 1043 4676 τὰ
1085 4623 1312 4693 σώματα
1346 4625 1522 4676 αὐτῶν
1560 4627 1618 4677 ὲν
1645 4626 1761 4689 93;;

172 4711 335 4786 τρεῖς
369 4709 466 4762 καὶ
489 4712 559 4771 εί,
584 4710 660 4772 ὡς
688 4712 840 4764 αὐτοί
862 4729 1016 4780 φασι,
1042 4713 1138 4766 τοῦ
1163 4715 1367 4787 κρίνειν
1391 4715 1486 4768 καὶ
1513 4715 1761 4777 κολάζειν

173 4797 621 4869 ἀπηλλαγμένος,
646 4800 1008 4871 παραδίδωσιν
1030 4804 1108 4866 είς
1139 4803 1284 4873 πάθη
1319 4804 1536 4872 ἀτιμίας
1564 4805 1657 4856 καὶ
1682 4806 1763 4866 εἰς

175 4889 445 4959 ἀδόκιμον
467 4889 591 4943 νοῦν
613 4894 782 4945 ποιεῖν
801 4893 868 4946 τὰ
895 4890 968 4962 μὴ
993 4891 1298 4964 καθήκοντα
1315 4911 1328 4923 ·
1355 4895 1455 4946 οὐκ
1479 4895 1544 4946 ἂν
1567 4895 1624 4946 ἐν
1643 4897 1762 4956 ταῖς

175 4979 506 5049 ἐπιθυμίαις
545 4980 656 5034 τῶν
695 4981 930 5054 καρδιῶν
987 4983 1194 5035 ἑαυτῶν
1237 4983 1615 5053 γεγενημένων
1653 4983 1760 5036 τῶν

179 5069 707 5140 μὴλπαραδοθέντων
738 5073 930 5135 αὑταῖς
961 5073 1066 5126 ὑπὸ
1093 5073 1185 5126 τοῦ
1216 5072 1380 5125 Θεοῦ·
1412 5073 1520 5125 οὐδ’
1550 5074 1615 5126 ἂν
1654 5074 1759 5126 πά-

176 5161 338 5213 θεσιν
368 5162 592 5231 ἀτιμίας
617 5164 1088 5220 ὑποπεπτωκότων
1115 5167 1223 5219 τῶν
1257 5168 1329 5238 μὴ
1365 5168 1468 5220 ὑπὸ
1497 5166 1590 5219 τοῦ
1620 5165 1754 5220 Θεοῦ

177 5250 602 5321 παραδοθέντων
629 5255 840 5318 αὐτοῖς·
873 5256 981 5307 οὐδ’
1013 5257 1079 5310 ἂν
1113 5259 1192 5320 εἰς
1216 5257 1468 5327 ἀδόκιμον
1506 5257 1627 5310 νοῦν
1656 5275 1756 5309 κα-

172 5339 569 5393 ταπιπτόντων
600 5345 770 5413 χωρὶς
796 5344 888 5397 τοῦ
913 5348 1297 5418 παραδίδοσθαι
1322 5347 1469 5418 αὑτῷ
1493 5349 1598 5400 ὑπὸ
1620 5348 1756 5400 Θεοῦ

173 5431 314 5493 τοὺς
352 5428 494 5482 οὕτω
537 5430 1045 5498 καταδικασθέντας.
1106 5437 1373 5500 Ἐκείνους
1425 5437 1522 5506 μὲν
1561 5431 1653 5488 οὖν
1699 5433 1757 5489 εὖ

173 5515 327 5585 οῖδα,
353 5521 435 5573 ὅτι
460 5519 663 5591 σφόδρα
686 5523 910 5593 ταράξει
936 5524 1125 5579 ταῦτα.
1148 5525 1248 5579 Διὰ
1270 5527 1426 5580 τοῦτο
1446 5526 1602 5580 ἄλλον
1629 5527 1757 5578 ἁνα-

178 5609 494 5673 τᾶιάσαντες
529 5609 682 5675 παρὰ
707 5609 797 5662 τὸν
825 5613 1051 5683 ποιητὴν
1075 5613 1303 5683 οὐρανοῦ
1337 5613 1430 5666 καὶ
1454 5612 1556 5680 γῆς
1602 5611 1754 5671 Θεὸν,

257 5701 305 5732 ⁸⁸
332 5699 488 5756 Ruth.
517 5717 569 5766 ι,
602 5701 714 5764 22,
751 5698 843 5762 23,
885 5702 977 5771 24η.
1053 5703 1097 5735 ¹⁶
1122 5703 1279 5768 lbid.,
1310 5702 1399 5766 26,
1420 5705 1514 5758 27.
1589 5705 1628 5735 ⁸⁷
1670 5702 1825 5764 Ihid.,

1868 4621 2010 4674 modi
2048 4619 2204 4689 261
2247 4620 2416 4672 multa
2455 4619 2506 4672 in
2550 4618 2666 4686 lege
2697 4633 2760 4672 ac
2795 4617 3071 4687 prophetis
3104 4616 3430 4682 invenirent,

1863 4711 1916 4764 in
1977 4711 2077 4764 hoc
2125 4713 2464 4781 impegerunt
2511 4716 2570 4762 ut
2617 4711 2820 4763 bonum
2871 4724 2978 4762 non
3031 4717 3285 4776 putarent
3335 4706 3426 4776 qui
3467 4745 3492 4748 -

1862 4817 2023 4855 voces
2054 4801 2319 4869 ejusmodi
2354 4802 2690 4871 protulisset.
2724 4801 2891 4855 Nobis
2923 4813 3051 4852 vero
3081 4808 3302 4866 propter
3329 4799 3430 4871 du-

1865 4892 1952 4944 bia
1983 4907 2102 4959 quae
2135 4894 2404 4946 movimus
2437 4892 2504 4945 de
2528 4893 2612 4946 bis
2645 4891 2824 4944 verbis
2853 4906 2867 4940 :
2893 4886 2978 4940 Ne
3003 4903 3095 4940 nos
3127 4888 3345 4939 inducas
3372 4869 3427 4940 in

1865 4984 2222 5047 tentatianem,
2245 4985 2314 5036 ob
2338 4998 2456 5051 qua:
2477 4987 2639 5035 etiam
2662 4980 2904 5048 Apostoli
2929 4992 3091 5031 voces
3113 4980 3164 5030 in
3189 4978 3424 5032 medium

1862 5073 2207 5136 adduximus,
2242 5074 2690 5128 considerandum
2734 5080 2820 5123 est
2852 5084 2918 5121 an
2960 5069 3317 5122 inveniamus.
3343 5069 3426 5122 di-

1863 5175 1996 5228 gnas
2046 5176 2235 5213 eorum
2281 5179 2400 5231 qua:
2450 5177 2752 5230 repugnare
2798 5162 3050 5213 videntur
3102 5160 3421 5215 solutiones.
3477 5147 3480 5150 ’

1860 5250 2111 5303 Arbitror
2156 5251 2320 5306 Deum
2355 5253 2594 5320 singulas
2627 5253 2922 5305 rationales
2957 5252 3168 5304 animas
3203 5252 3273 5304 ita
3314 5251 3420 5304 dis-

1860 5352 2114 5405 pensare,
2143 5351 2197 5393 ut
2223 5342 2286 5394 ad
2319 5340 2701 5408 sempiternam
2729 5354 2916 5392 carum
2946 5339 3111 5392 vitam
3138 5337 3419 5406 respiciat;

1862 5426 2058 5479 habent
2112 5428 2254 5480 enim
2307 5427 2411 5481 illa:
2459 5440 2669 5495 semper
2719 5427 2948 5482 liberum
2998 5427 3306 5490 arbitrium,
3366 5437 3422 5476 et

1859 5530 2045 5585 sponte
2068 5521 2147 5573 vel
2178 5520 2228 5572 in
2252 5518 2560 5573 melioribus
2585 5531 2710 5573 sunt
2731 5531 2788 5572 et
2812 5520 3118 5574 ascendunt
3141 5525 3420 5586 usqueq’uo

1859 5611 1924 5660 ad
1965 5613 2228 5665 bonorum
2261 5613 2468 5679 apicem
2509 5613 2877 5681 pervenerint,
2921 5611 3004 5666 vel
3036 5610 3104 5665 ob
3141 5609 3418 5679 negligen-

1869 5700 1960 5755 9.8.

170 5785 178 5794 ’
255 5793 395 5865 (93')
429 5793 619 5852 Manta
644 5793 932 5850 sententia.
973 5793 1282 5865 Legendum
1315 5815 1331 5850 :
1359 5798 1625 5866 Εὕχεσθε
1655 5795 1740 5866 μὴ
1769 5816 1774 5846 ι

1873 5794 2080 5861 ειλθεῖν,
2108 5806 2164 5852 ιιι
2193 5793 2333 5853 inira
2371 5793 2655 5867 repetitur.
2690 5792 2847 5848 Eutr.
2878 5791 3115 5849 Panos.
