4080 6306
649 462 756 520 εῖιε

2101 444 2424 502 οιιιαειςιε
2449 486 2452 491 -

3788 445 3899 502 540

662 579 796 633 tiam
831 577 999 630 variis
1030 575 1365 630 descendunt
1393 571 1568 627 modis
1596 571 1648 624 in
1679 577 1886 622 tantum
1909 568 1992 621 vel
2017 577 2224 620 tantum

2331 564 2453 616 ἐπεὶ
2481 560 2648 614 πολλά
2674 558 2893 613 τοιαῦτα
2925 558 3267 621 εὑρίσκοντες
3297 559 3354 611 ἐν
3385 556 3462 628 τῷ
3485 557 3634 628 νόμῳ
3666 561 3761 612 καὶ
3780 561 3895 622 τοῖς

657 668 926 724 malorum
960 667 1256 721 cumulum.
1279 666 1347 717 At
1369 665 1625 730 quoniam
1647 660 1876 713 celerior
1895 670 1948 712 et
1971 673 2225 726 compen-

657 757 863 810 diosior
885 757 1094 810 curatio
1126 761 1498 821 contemptum
1543 750 1862 819 quibusdam
1899 764 2119 802 suorum
2145 748 2226 800 itt-

654 855 876 912 gcnerat
897 846 1231 907 morborum,
1257 853 1314 895 ut
1343 851 1532 895 curatu
1563 841 1821 900 facilium,
1847 853 1952 905 quo
1973 838 2030 890 fit
2057 847 2111 891 ut
2139 851 2226 888 sa-

610 965 616 971 -
655 935 767 986 nati
801 934 996 987 iterum
1033 935 1084 987 in
1119 935 1337 987 eosdem
1370 931 1639 992 incidant;
1673 944 1778 981 non
1805 945 1831 980 a
1862 929 2069 982 ratiOne
2090 929 2224 982 alie-

656 1038 784 1076 num
805 1026 907 1076 erit
927 1026 970 1078 si
994 1025 1253 1077 malitiam
1286 1023 1337 1075 in
1365 1022 1480 1074 istis
1499 1021 1794 1088 neglexerit
1815 1030 2226 1088 eteontempse-

655 1117 726 1169 rit
760 1132 1008 1170 crescere
1039 1127 1091 1169 et
1129 1120 1198 1168 ita
1232 1112 1457 1167 diﬂundi
1504 1122 1560 1164 ut
1604 1113 1921 1165 insanabilis
1970 1113 2091 1175 flat,
2121 1127 2227 1180 quo

655 1204 863 1258 diutius
913 1206 1182 1259 immorati
1233 1205 1410 1272 malo,
1460 1190 1512 1256 et
1558 1213 1778 1269 peccato
1821 1202 2108 1270 concupita
2159 1203 2226 1255 ad

658 1309 921 1349 nauseam
960 1293 1130 1364 usque
1160 1296 1349 1349 satiati
1383 1296 1639 1348 damnum
1678 1293 1891 1345 tandem
1915 1307 2071 1346 suum
2098 1306 2225 1346 sen-

659 1380 796 1433 tiant
830 1423 846 1445 ,
901 1385 1153 1449 quodque
1199 1384 1352 1448 prius
1395 1381 1623 1448 amplexi
1683 1390 1812 1433 sunt
1861 1381 2110 1442 oderint,
2161 1397 2227 1436 ac

658 1469 834 1520 curati
881 1470 1092 1536 possint
1133 1469 1396 1521 redditam
1445 1468 1746 1520 animarum
1799 1468 2087 1521 sanitatem
2134 1463 2228 1522 lir-

659 1558 804 1610 mius
857 1559 1116 1611 retinere.
1167 1556 1258 1609 Sic
1302 1558 1663 1622 promiscuus,
1717 1557 1805 1624 qui
1853 1567 1964 1608 erat
2006 1559 2060 1610 in
2098 1557 2228 1624 ﬁliis

655 1645 852 1709 Israel,
880 1646 1170 1713 concupivit
1217 1647 1725 1712 concupiscentiam;
1763 1655 1810 1697 et
1856 1646 2090 1700 sedentes
2126 1649 2226 1713 ﬂe-

657 1737 806 1800 bant,
853 1745 903 1788 et
927 1735 1025 1802 ﬁlii
1066 1734 1258 1799 Israel,
1303 1747 1351 1787 et
1389 1736 1629 1787 dicebant
1670 1752 1687 1788 :
1726 1735 1854 1799 Quis
1895 1753 1989 1790 nos
2035 1736 2224 1789 cibabit

655 1825 939 1878 carnibus?
975 1826 1259 1879 Recordati
1301 1842 1482 1878 sumus
1519 1828 1760 1890 piscium,
1789 1844 1918 1894 quos
1948 1829 2224 1882 edebantus

653 1917 709 1966 in
741 1913 972 1983 Egypto
1012 1919 1198 1984 gratis,
1247 1928 1294 1969 et
1346 1933 1702 1981 Cttrumerttm,
1751 1929 1798 1970 et
1852 1934 2132 1986 peponum,
2181 1931 2227 1972 et

651 2021 955 2071 par-rarum,
1004 2018 1050 2060 et
1097 2025 1362 2073 ceparum,
1415 2016 1463 2059 ct
1519 2009 1791 2062 altior-um.
1847 2008 2006 2062 Nunc
2054 2017 2228 2064 autent

652 2096 831 2146 anima
872 2104 1057 2147 nostra
1104 2098 1276 2149 arida.
1334 2099 1483 2151 Nihil
1531 2109 1726 2166 praeter
1800 2116 2000 2152 manna
2056 2101 2228 2154 vident

652 2183 791 2236 oculi
833 2187 1000 2237 nostri
1028 2186 1091 2241 ".
1123 2187 1333 2240 Deinde
1363 2189 1525 2256 paulo
1549 2200 1670 2256 post
1690 2189 1907 2243 dicitur:
1934 2187 2004 2243 Et
2027 2193 2227 2244 audivit

652 2273 864 2342 Moyses
894 2276 1161 2343 plorantes
1187 2278 1305 2331 illos
1333 2282 1618 2331 secundum
1643 2280 1861 2343 populos
1887 2297 2047 2344 suos;
2076 2299 2229 2335 unus-

650 2367 871 2434 quisque
914 2376 1026 2419 erat
1078 2367 1148 2418 ad
1191 2369 1381 2420 ostium
1441 2357 1594 2421 suum
1643 2372 1707 2422 ¹⁹.
1759 2371 2067 2440 lterumque
2109 2384 2231 2440 post

650 2471 823 2523 pauca
854 2458 981 2510 dicit
1016 2458 1275 2511 Dominus
1307 2460 1372 2510 ad
1409 2459 1626 2528 Moysen
1660 2475 1674 2511 :
1711 2461 1774 2513 Et
1800 2465 1994 2529 populo
2035 2465 2173 2517 dices
2207 2480 2225 2518 :

653 2541 1029 2607 Puriﬁcamini
1060 2548 1112 2597 in
1141 2549 1451 2609 crastinum,
1480 2559 1526 2601 et
1553 2551 1827 2601 comedetis
1851 2567 2036 2602 carnes
2053 2567 2071 2615 ,°
2100 2569 2228 2619 quo-

652 2631 795 2683 niam
845 2633 1087 2701 plorastis
1134 2648 1252 2688 ante
1303 2637 1609 2702 Dominum,
1654 2641 1903 2702 dicentes,
1955 2639 2085 2704 Quis
2135 2658 2226 2694 nos

652 2719 843 2771 cibabit
877 2725 1169 2776 carnibus?
1199 2729 1321 2792 quia
1367 2728 1554 2784 bonum
1600 2739 1674 2781 est
1705 2730 1851 2782 nobis
1883 2733 1934 2782 in
1964 2731 2218 2798 .Egypto.

651 2804 722 2860 Et
755 2810 897 2862 dabit
927 2814 1069 2866 vobis
1096 2831 1279 2867 carnes
1312 2820 1379 2868 ad
1407 2819 1700 2882 edendum;
1727 2831 1774 2872 et
1816 2822 1976 2874 edetis
2007 2838 2226 2887 carnes;

652 2916 758 2952 non
802 2901 942 2953 diem
976 2919 1136 2955 unum
1172 2908 1354 2969 edctis,
1408 2925 1569 2976 neque
1613 2894 1972 2991 duosquequ'e
2003 2913 2228 2980 quinque

649 2988 780 3050 dies,
832 3006 993 3059 neque
1039 2993 1214 3045 decem
1254 2995 1391 3056 dies,
1437 3012 1601 3063 neque
1649 2988 1836 3065 viginti
1872 3001 2022 3064 dies;
2068 3017 2229 3068 usque

2329 657 2654 724 προφήταις,
2694 650 3038 720 προσέκοψαν
3069 649 3145 710 ὼς
3181 649 3279 701 οὑκ
3322 646 3509 717 ἀγαθῷ
3539 646 3616 716 τῷ
3641 647 3895 709 τοιαύτας

2327 739 2722 808 προφερομένη)
2764 737 2965 805 φωνάς·
3000 738 3128 805 ἡμῖν
3167 736 3223 788 δὲ
3259 735 3356 804 ἤδη
3383 735 3469 788 διά
3504 735 3571 787 τά
3612 726 3908 805 ὲπαπορηέ

2325 829 2484 881 θέντα
2541 828 2667 897 περὶ
2719 826 2844 878 τοὺ·
2884 826 2981 893 Μὴ
3025 824 3371 894 εἰσενέγκῃς
3421 829 3507 890 εις
3559 827 3892 895 πειρασμὸν

2328 917 2484 987 ἡμᾶς
2506 935 2518 947 ·
2556 917 2621 969 δι’
2646 917 2789 986 ἅπερ
2821 918 2915 968 καὶ
2947 916 3046 979 τὰς
3076 915 3434 978 ἀποστολικάς
3461 913 3629 979 λέξεις
3658 916 3892 987 παρεθέ-

2331 1009 2487 1078 μεθα,
2517 1007 2840 1077 θεωρητέον,
2869 1008 2919 1058 εί
2945 1008 3036 1058 καὶ
3061 1009 3218 1076 ἡμεῖς
3245 1007 3562 1076 εὑρίσκομεν
3584 1004 3891 1074 ἀξιολόγους

2311 1096 2433 1148 τῶν
2473 1097 2840 1166 ἀπεμφάσεων
2878 1096 3076 1159 λύσεις.
3120 1096 3386 1166 Ἠγοῢμαι
3408 1096 3472 1165 δὴ
3499 1095 3606 1166 (94)
3638 1097 3729 1147 τὸν
3761 1096 3893 1149 Θεὸν

2326 1187 2562 1257 ἑκάστην
2588 1187 2810 1257 λογικὴν
2834 1189 3128 1256 οἰκονομεῖν
3156 1186 3352 1257 ψυχὴν,
3376 1188 3663 1257 ἀφορῶντα
3688 1189 3769 1250 είς
3793 1187 3893 1256 τὴν

2327 1280 2494 1332 ἀΐδιον
2529 1279 2700 1346 αὐτῆς
2727 1277 2893 1348 ζωὴν,
2922 1278 3011 1329 ἀεὶ
3047 1277 3273 1347 ἔχουσαν
3310 1276 3764 1340 τὺηαὺτεξούσιον,
3800 1275 3896 1328 καὶ

2327 1379 2477 1448 παρά
2515 1378 2613 1448 τὴν
2645 1377 2779 1430 ίδίαν
2797 1378 2974 1430 αίτίαν
2994 1377 3111 1447 ἦτοι
3134 1380 3189 1429 ὲν
3218 1381 3330 1440 τοῖς
3353 1378 3622 1447 κρείττοσι
3644 1379 3764 1430 κατ’
3793 1378 3893 1428 ὲιτ-

2328 1468 2589 1521 ανάϐασιν
2614 1468 2724 1537 (90')
2756 1468 2858 1530 ἕως
2880 1468 2979 1537 τῆς
3004 1467 3303 1538 ἀκρότητος
3322 1468 3424 1520 τῶν
3444 1467 3657 1534 ἀγαθῶν
3672 1470 3898 1536 γινομέ-

2327 1575 2444 1627 νην,
2475 1557 2904 1611 καταϐαίνουσαν
2933 1559 3204 1629 διαφόρως
3234 1558 3294 1620 ἐξ
3319 1557 3636 1627 ἁπροσεξίας
3671 1558 3764 1610 ἐπὶ
3799 1557 3896 1627 τὴν

2326 1649 2600 1719 τοσήνδεῆ
2631 1645 2852 1718 τοσήνδε
2876 1650 2973 1718 τῆς
3005 1650 3201 1712 κακίας
3226 1649 3379 1718 χύσιν
3399 1650 3526 1719 (96).
3562 1650 3711 1701 Ἐπεὶ⁵
3743 1646 3837 1702 οὖν
3861 1651 3896 1718 ἡ

2328 1741 2516 1808 ταχεῖα
2537 1739 2796 1809 θεραπεία
2816 1740 2909 1791 καὶ
2931 1740 3311 1810 συντομωτέρα
3332 1740 3640 1809 καταφρόνη
3650 1741 3731 1791 σίν
3755 1754 3901 1792 τισιν

2329 1830 2547 1898 ἐμποιεῖ
2577 1827 2799 1890 τῶνείς
2828 1829 2863 1880 ἃ
2892 1827 3285 1897 ὲμπεπτὼκασι
3314 1829 3651 1898 νοσημάτων,
3687 1828 3764 1890 ὡς
3807 1829 3902 1880 εὑ·-

2333 1917 2705 1987 θεραπεὺτων,
2737 1918 2878 1970 ὥστε
2911 1919 3004 1970 καὶ
3031 1918 3280 1986 δεύτερον
3302 1918 3366 1970 ἂν
3397 1920 3530 1986 μετὰ
3559 1919 3618 1970 τὸ
3639 1918 3901 1984 ὑγιεῖς-θαι

2328 2009 2441 2067 τοῖς
2473 2006 2654 2067 αὑτοῖς
2698 2008 3046 2075 περιπεσεῖν·
3087 2004 3322 2070 εὐλόγως
3364 2004 3455 2054 ἐπὶ
3489 2003 3594 2055 τῶν
3639 2004 3903 2058 τοιούτων

2330 2095 2650 2165 περιόψεται
2672 2094 2771 2166 τὴν
2791 2094 2882 2147 ὲπί
2901 2112 2952 2148 τι
2975 2095 3171 2147 κακίαν
3198 2092 3484 2156 αὔξουσαν,
3511 2095 3604 2146 καὶ
3628 2094 3719 2145 ἐπὶ
3749 2092 3905 2144 πλεῖ-

2331 2202 2453 2237 στον
2485 2187 2747 2255 χεομένην
2793 2187 2849 2238 ἐν
2891 2186 3069 2246 αὑτοῖς
3101 2185 3315 2237 ἀνίατον
3353 2183 3655 2253 ὑπερορῶν,
3700 2184 3786 2234 ῖνα
3817 2181 3904 2252 τῷ

2330 2276 2748 2345 προσδιατρίψαι
2776 2275 2851 2345 τῷ
2884 2274 3058 2344 κακῷ,
3092 2275 3185 2325 καὶ
3217 2273 3590 2343 ἐμφορηθῆναι
3617 2269 3686 2341 ἦς
3708 2272 3906 2325 ἐπιθυ-

2332 2379 2520 2449 μοὺσιν
2538 2377 2828 2448 ἁμαρτίας,
2852 2378 3201 2448 κορεσθέντες
3226 2375 3524 2446 αίσθηθῶσι
3540 2376 3636 2444 τῆς
3670 2373 3898 2443 βλάϐης,

2330 2470 2421 2520 καὶ
2451 2469 2775 2537 μισήσαντες
2801 2468 2936 2538 ὅπερ
2963 2467 3225 2537 πρότερον
3251 2466 3593 2537 ἀπεδέξαντο,
3628 2464 3903 2532 δυνηθῶσι

2329 2558 2751 2630 θεραπευθέντες
2769 2558 3007 2626 βεϐαιότε
3015 2575 3107 2627 ρον
3121 2555 3341 2610 ὖνασθαι
3356 2558 3454 2626 τῆς
3468 2559 3522 2608 ἐν
3539 2555 3616 2624 τῷ
3630 2555 3906 2626 θεραπευ-

2329 2648 2484 2718 θῆναι
2511 2651 2860 2720 ὑπαρχούσης
2896 2650 3081 2716 ὑγείας
3105 2649 3212 2701 τῶν
3233 2648 3419 2718 ψυχῶν
3451 2649 3630 2709 αὑτοῖς
3649 2663 3664 2676 ·
3705 2640 3834 2698 Οἶον
3857 2643 3895 2695 ό

2327 2736 2632 2804 ἐπίμικτός
2662 2754 2806 2790 ποτε
2835 2738 2907 2789 ἐν
2937 2737 3058 2801 τοῖς
3082 2736 3232 2801 υἱοῖς
3259 2737 3365 2805 (97)
3413 2735 3658 2802 Ἰσραὴλ
3687 2732 3906 2787 ἐπεθύ-

2323 2843 2522 2895 μησεν
2559 2828 3003 2895 ὲπιθυμίαν,καὶ
3028 2828 3382 2890 καθίσαντες
3414 2826 3678 2887 ἔκλαιον,
3713 2825 3813 2877 καὶ
3843 2825 3904 2877 οι

2327 2913 2445 2965 υἱοὶ
2485 2914 2751 2981 Ἰσραὴλ,
2784 2914 2882 2967 καὶ
2912 2912 3114 2967 εἶπαν·
3164 2918 3260 2981 Τίς
3293 2914 3451 2984 ἡμᾶς
3477 2913 3694 2982 ψωμιεῖ
3713 2914 3903 2980 κρέας

2343 3003 2765 3072 Ἐμνήσθημεν
2795 3005 2935 3070 τοὺς
2971 3006 3176 3072 ἰχθύας
3202 3004 3308 3069 οὓς
3343 3006 3631 3074 ήσθίομεν
3675 3000 3906 3068 δωραὶν

649 3076 718 3126 ad
770 3094 993 3130 mensem
1039 3082 1245 3133 dierum
1289 3083 1487 3146 edetis;
1540 3085 1704 3137 donec
1753 3098 1902 3139 exeat
1949 3103 1976 3140 e
2013 3089 2225 3140 naribus

2327 3105 2395 3156 ἐν
2419 3107 2713 3174 Αἰγύπτῳ,
2737 3107 2834 3159 καὶ
2861 3105 3002 3170 τοὺς
3018 3105 3291 3170 σικυοὺς,
3319 3107 3416 3157 καὶ
3447 3104 3585 3168 τοὺς
3609 3103 3904 3174 πέπονας,

649 3167 871 3230 vestris;
897 3178 942 3220 et
968 3170 1067 3222 erit
1095 3172 1236 3249 vobis
1268 3175 1320 3224 in
1352 3174 1652 3238 choleram;
1675 3177 1924 3242 quoniam
1954 3177 2219 3229 increduli

2326 3194 2419 3246 καὶ
2452 3167 2523 3246 τά
2556 3167 2779 3261 πράσα,
2824 3195 2918 3246 καὶ
2950 3167 3021 3246 τξι
3051 3167 3339 3260 κρόμμυα,
3374 3191 3471 3244 καὶ
3511 3167 3584 3244 τά
3614 3167 3900 3257 σκόροέα·

651 3255 827 3322 fuistis
880 3257 1121 3325 Domino,
1162 3263 1252 3320 aui
1293 3276 1366 3316 est
1417 3267 1470 3316 in
1515 3267 1695 3329 vobis;
1737 3276 1784 3318 et
1827 3267 2072 3334 ploraslis
2105 3278 2222 3322 ante

594 3377 601 3384 -
649 3362 791 3410 eum,
821 3349 1052 3403 dicentes
1075 3365 1095 3403 :
1127 3351 1307 3414 Quare
1335 3356 1530 3422 egressi
1563 3371 1741 3408 sumus
1783 3357 1846 3408 de
1880 3355 2112 3425 Egypto
2144 3358 2224 3409 '°?

651 3432 803 3488 Hane
847 3437 1012 3504 igitur
1054 3439 1342 3494 historiam
1381 3445 1660 3496 videamus
1701 3459 1769 3496 an
1817 3441 2024 3498 utiliter
2071 3447 2224 3499 vobis

652 3526 1046 3584 adduxerimus
1081 3530 1146 3583 ad
1187 3546 1373 3584 eorum
1409 3533 1732 3586 solutionem
1768 3550 1888 3602 quae
1927 3549 2224 3604 repugnare

652 3617 904 3671 videntur
939 3619 991 3670 in
1022 3620 1123 3673 hoc
1154 3639 1166 3674 :
1204 3621 1287 3675 Ne
1322 3639 1414 3675 nos
1444 3623 1664 3677 inducas
1694 3626 1747 3678 in
1784 3626 2145 3692 tentationem,
2172 3638 2226 3682 et

653 3703 707 3756 lu
746 3706 927 3758 verbis
960 3707 1121 3776 262
1169 3710 1437 3774 Apostoli.
1485 3711 1890 3779 Concupiscens
1936 3717 2224 3783 concupis-

657 3795 893 3848 centiam
927 3801 1269 3863 promiscuus
1301 3799 1391 3866 qui
1427 3802 1625 3852 erat"in
1658 3801 1781 3855 ﬁliis
1814 3800 1976 3857 Israel
2005 3803 2224 3869 flebant,

650 3894 707 3936 et
761 3883 854 3936 lilii
911 3884 1077 3938 Israel
1131 3902 1254 3939 cum
1308 3890 1405 3941 eis.
1456 3886 1803 3956 Perspicuum
1855 3903 1939 3946 est
1987 3895 2222 3961 qnandiu

662 3973 967 4040 concupilis
998 3973 1282 4037 carebant,
1313 3990 1417 4028 non
1454 3969 1693 4043 potuisse
1725 3994 1912 4033 eorum
1952 3981 2222 4038 fastidium

653 4077 872 4128 capere,
904 4079 1002 4116 nec
1033 4080 1061 4115 a
1111 4066 1298 4118 morbo
1327 4067 1578 4132 liberari;
1625 4068 1719 4123 sed
1758 4075 1931 4126 bonus
1965 4089 2029 4127 ac
2073 4076 2226 4128 beni-

655 4167 792 4219 gnus
824 4153 962 4206 Deus
997 4154 1126 4220 ipsis
1176 4155 1477 4210 desiderata
1515 4164 1838 4225 concedens,
1874 4179 1980 4216 non
2019 4165 2086 4218 ita
2120 4167 2227 4219 lar-

655 4241 756 4309 giri
787 4242 952 4295 voluit
978 4255 1036 4295 ut
1065 4245 1388 4297 desiderium
1421 4249 1471 4299 in
1502 4248 1631 4316 ipsis
1662 4251 2017 4318 relinqueret.
2047 4255 2227 4319 Quare

655 4345 760 4383 non
819 4346 925 4384 uno
975 4333 1060 4385 die
1100 4333 1178 4386 ait
1223 4344 1559 4407 comesturos
1607 4352 1700 4391 eos
1743 4354 1965 4406 carnes;
2007 4342 2226 4396 morbus

653 4421 800 4474 enim
843 4423 896 4473 in
940 4438 1128 4476 eorum
1173 4425 1355 4478 anima
1399 4425 1620 4480 incensa
1661 4437 1717 4482 et
1761 4429 2092 4485 inﬂammata
2141 4447 2226 4487 re-

656 4513 992 4576 mansisset,
1055 4515 1098 4566 si
1160 4515 1450 4582 participes
1516 4518 1760 4571 carnium
1823 4521 1887 4574 ad
1951 4523 2221 4577 modicum

657 4612 872 4672 tempus
904 4603 1153 4656 fuissent.
1184 4605 1368 4671 Neque
1395 4608 1462 4660 ad
1496 4609 1634 4662 duos
1667 4610 1782 4664 dies
1813 4612 1946 4680 ipsis
1979 4623 2220 4684 optatum

656 4695 907 4760 largitur,
944 4695 1038 4748 sed
1085 4710 1193 4762 quo
1232 4695 1567 4753 fastidiosum
1601 4697 1656 4753 id
1685 4701 1766 4754 eis
1806 4701 2070 4770 efﬁceret,
2116 4720 2220 4758 non

658 4795 767 4837 tam
822 4787 1141 4853 promittere
1193 4786 1429 4849 videtur,
1478 4801 1637 4853 quam
1687 4789 1736 4842 ei
1787 4793 1876 4858 qni
1927 4793 2224 4861 intelligere

656 4878 852 4942 valeat,
881 4877 1075 4931 minari
1105 4893 1166 4931 se
1193 4894 1598 4944 concessurum,
1634 4895 1757 4932 cum
1796 4882 1870 4934 ait
1900 4881 2038 4938 :Ncc
2065 4886 2224 4952 quiu-

658 4981 765 5036 que
798 4977 1008 5021 tantum
1036 4971 1152 5023 dies
1188 4969 1380 5037 agetis,
1416 4970 1759 5024 comedentes
1787 4987 2010 5038 carnes;
2049 4991 2224 5044 neque

658 5060 823 5116 etiam
853 5061 1014 5130 duplo
1038 5070 1269 5126 tantum,
1299 5075 1474 5130 neque
1503 5062 1664 5132 duplo
1695 5065 1870 5118 adhuc
1895 5066 2094 5134 plures,
2126 5075 2219 5124 sed

2323 3285 2459 3338 νυνὶ
2502 3284 2569 3336 δὲ
2608 3285 2646 3351 ἠ
2679 3285 2849 3353 ψυχὴ
2895 3285 3062 3353 ἡμῶν
3091 3284 3441 3352 κατάξηρος.
3498 3283 3689 3336 Οὐδὲν
3731 3283 3908 3350 πλὴν

2322 3376 2409 3439 είς
2439 3373 2504 3426 τὸ
2539 3375 2739 3442 μάννα
2771 3378 2825 3427 οἱ
2864 3375 3155 3443 ὀφθαλμοὶ
3195 3373 3380 3442 ἡμῶν.
3426 3371 3558 3427 Εἶτα
3600 3377 3717 3442 μετ’
3745 3374 3909 3442 ὀλίγα

2324 3464 2569 3531 λέγεται·
2620 3467 2727 3518 Καὶ
2767 3464 2994 3531 ἤκουσε
3041 3463 3301 3530 Μωυσῆς
3336 3465 3665 3518 κλαιόντων
3701 3463 3908 3519 αὐτῶν

2325 3557 2473 3609 κατὰ
2507 3556 2734 3626 δήμους
2768 3557 2984 3610 αὐτῶν·
3019 3557 3275 3621 ἕκαστος
3300 3555 3397 3607 ἐπὶ
3433 3554 3542 3622 τῆς
3575 3557 3760 3622 θύρας
3791 3558 3906 3610 αὐ-

2326 3657 2450 3710 τοῦ.
2488 3659 2599 3710 Καὶ
2632 3659 2792 3710 πάλιν
2821 3658 2935 3726 μετ’
2965 3658 3119 3725 ὀλίγα
3141 3647 3342 3726 Κύριός
3371 3673 3502 3725 φησι
3537 3655 3616 3725 τῷ
3653 3658 3902 3711 Μωῦσιῑ·

2325 3759 2433 3811 Καὶ
2462 3758 2540 3823 τῷ
2562 3757 2687 3823 ,1αῷ
2707 3759 2877 3825 ἐρεῖς·
2919 3758 3262 3828 Ἀγνίσασθε
3287 3757 3613 3825 αὔριοννκαὶ
3635 3757 3906 3826 scripseris

2327 3848 2469 3916 κρέα
2502 3849 2588 3902 ὅτι
2624 3851 2962 3904 ἐκλαύσατε
3000 3847 3276 3901 ἐναντίον
3317 3847 3538 3914 Κυρίου
3581 3845 3900 3914 λέγοντες·

2333 3939 2428 4002 Τίς
2457 3939 2613 4007 ἡμᾶς
2644 3939 2863 4006 ψωμιεῖ
2890 3936 3062 4004 κρέα;
3095 3937 3184 3989 ὅτι
3203 3929 3406 3988 ’καλὸν
3433 3934 3578 4004 ἡμῖν
3614 3934 3790 3988 ἐστιν
3831 3934 3907 3986 ἐν

2325 4030 2617 4096 Αἰγύπτῳ.
2658 4029 2766 4082 Καὶ
2808 4028 2986 4080 δώσει
3031 4024 3174 4094 ὑμῖν
3215 4025 3354 4092 κρέα
3391 4024 3622 4095 φαγεῖν,
3647 4023 3748 4076 καί
3790 4021 3906 4090 φά-

2328 4122 2507 4188 γεσθε
2537 4117 2678 4186 κρέα
2694 4133 2711 4148 ·⁴
2734 4121 2845 4186 οὺχ
2875 4117 3102 4185 ἡμέραν
3127 4117 3274 4184 μίαν
3294 4115 3575 4185 φάγεσθε,
3598 4112 3742 4167 οὐδὲ
3767 4113 3901 4177 δύο,

2325 4211 2466 4265 οὐδὲ
2488 4210 2663 4263 πέντε
2691 4207 2928 4277 ἡμέρας,
2960 4211 3031 4261 οὺ
3059 4208 3204 4261 δέκα
3234 4207 3474 4275 ἡμέρας,
3503 4202 3642 4257 οὐδὲ
3665 4203 3906 4258 εἴκοσιν

2326 4299 2565 4367 ’ἡμέρας
2623 4300 2732 4365 ἕως
2771 4300 2961 4367 μηνὸς
3005 4300 3240 4368 ἡμερῶν
3291 4298 3589 4366 φάγεσθε’
3644 4295 3757 4362 ἕως
3823 4294 3907 4351 ἂν

2325 4401 2542 4469 ἐξέλθῃ
2571 4402 2640 4454 ἐκ
2678 4401 2795 4454 τῶν
2830 4401 3154 4470 μυκτήρων
3177 4400 3362 4468 ὐμιῖιν,
3408 4400 3506 4453 καὶ
3538 4399 3710 4452 ἔσται
3755 4398 3906 4468 ὑμῖν

2257 4495 2298 4548 D
2326 4495 2412 4557 εὶς
2454 4490 2738 4559 χολέραν·
2776 4491 2863 4543 ὅτι
2886 4489 3249 4557 ἠπειθήσατε
3285 4492 3497 4557 Κυρίῳ,
3527 4489 3593 4553 ὅς
3627 4489 3801 4541 ἐστιν
3832 4487 3906 4540 ἐν

2325 4582 2485 4650 ὑμῖν,
2526 4581 2624 4634 καὶ
2672 4582 3007 4634 ἐκλαύσατε
3051 4581 3328 4633 ἐναντίον
3366 4578 3550 4632 αὐτοῦ
3594 4575 3902 4645 λέγοντες-ο

2329 4673 2462 4726 Ἵνα
2490 4673 2548 4724 τί
2595 4671 2741 4741 ἡμῖν
2768 4671 3037 4735 ἐξελθεῖν
3065 4671 3133 4735 ἐξ
3175 4672 3476 4740 Αἰγύπτου
3498 4686 3518 4734 ;
3552 4669 3780 4736 Ἴδωμεν
3808 4665 3904 4722 οὖν

2327 4777 2428 4847 τὴν
2475 4776 2733 4844 ἱστορίαν,
2766 4777 2813 4827 εί
2845 4774 3130 4845 χρησίμως
3163 4775 3289 4845 ὑμῖν
3315 4771 3691 4844 παρεϐάλομεν
3725 4771 3904 4841 αὐτὴν

2330 4883 2467 4952 πρὸς
2490 4881 2640 4933 λύσιν
2655 4881 2747 4933 τοῦ
2767 4882 2870 4933 ἀπε
2879 4881 3196 4950 μφαίνοντος
3221 4881 3276 4930 ὲν
3295 4877 3373 4947 τῷ
3389 4894 3401 4907 '
3431 4876 3522 4942 Μὴ
3545 4872 3904 4942 εἰσενέγκῃς

2331 4970 2486 5040 ἡμᾶς
2511 4974 2597 5036 εὶς
2622 4974 2967 5042 πειρασμόν·
2996 4973 3088 5024 καὶ
3112 4973 3166 5022 ὲν
3192 4972 3312 5031 ταῖς
3343 4965 3720 5024 ἀποπολικαῖς
3749 4964 3903 5029 λέξι-

2340 5083 2442 5119 σιν.
2517 5065 2981 5137 Ἑπιθυμήσαντες
3038 5061 3331 5132 ἐπιθυμίαν
3370 5061 3398 5113 ὁ
3440 5058 3725 5130 ὲπίμικτος
3759 5059 3796 5111 ὁ
3843 5060 3900 5114 ἰν

730 5163 958 5246 “Num.
988 5209 1077 5260 ιι,
1113 5195 1186 5259 ι,
1228 5196 1290 5260 5,
1332 5198 1386 5250 (ι.
1465 5197 1507 5229 ιο
1537 5198 1693 5263 lbid.,
1729 5198 1817 5254 to.
1897 5201 2490 5272 ’°lbid.,18,i9,20.

736 5329 848 5401 (94)
889 5329 1160 5401 Ἠγοῦμαι
1188 5333 1286 5400 δή,
1320 5344 1430 5388 etc.
1451 5335 1542 5390 Sic
1563 5336 1731 5390 habet
1755 5336 1924 5391 codex
1958 5353 2061 5392 ms.
2097 5338 2222 5391 Edi-

666 5399 755 5453 tio'
774 5409 952 5477 autem
979 5399 1178 5477 Oxonf,
1199 5399 1439 5477 ῇγοὺμαι
1460 5405 1537 5464 δέ.
1567 5416 1675 5477 etc.
1700 5407 1901 5472 Aperte
1933 5415 2111 5458 autem
2139 5408 2226 5461 hic

667 5470 876 5542 somnia
910 5482 1004 5520 sua
1039 5470 1238 5542 occinit
1269 5470 1549 5542 Origenes,
1573 5470 1786 5527 animas
1810 5489 2001 5540 nempe
2033 5491 2226 5542 quem-

670 5536 798 5588 libet
833 5546 1028 5589 statuat
1058 5539 1280 5605 adeptas
1322 5536 1531 5594 arbitrii
1578 5542 1660 5594 sui
1698 5536 1950 5595 libertate
1984 5536 2062 5594 ad'
2094 5546 2228 5598 bene

671 5605 751 5656 vel
779 5605 916 5678 male
949 5608 1212 5678 agendum
1243 5608 1368 5678 frui,
1405 5625 1468 5660 ac
1492 5621 1782 5676 perpetuas
1798 5626 1916 5663 esse
1950 5614 2173 5678 proinde
2194 5628 2222 5666 a

667 5675 917 5738 supernis
942 5688 1007 5726 ad
1043 5675 1305 5746 inferiora
1329 5677 1507 5744 lapsus
1531 5675 1842 5739 etfreditns;
1879 5675 2066 5746 {uiuas
2101 5683 2245 5742 item,

667 5754 860 5821 Orsines
891 5757 1010 5796 esse
1037 5744 1395 5821 purgatorias,
1433 5747 1539 5821 imo
1575 5744 2068 5821 ips-inteup‘eccata
2102 5767 2228 5818 pur-

671 5814 906 5876 gatoriss
939 5825 1126 5880 paruas
1155 5829 1290 5872 esse.
1326 5814 1400 5870 De
1434 5816 1516 5871 his
1548 5815 1773 5872 somniis
1806 5816 1922 5874 fuse
1957 5814 2236 5877 disseritur

2334 5338 2771 5408 Origenianorum
2805 5336 2898 5388 lib.
2933 5351 3003 5408 tt,
3024 5344 3219 5408 quiest.
3247 5336 3305 5400 7,
3345 5349 3493 5389 num.
3525 5335 3582 5399 2,
3619 5344 3673 5389 et
3697 5339 3897 5401 quaest.

2334 5407 2634 5473 undecima,
2671 5421 2818 5458 ltltltt.
2847 5409 2867 5461 ι
2908 5418 2961 5458 et
2987 5407 3072 5459 Π.

2405 5475 2514 5546 (95)
2545 5470 2723 5546 (Index
2759 5490 2882 5546 ms.,
2917 5473 3441 5546 κατ’ᾲὲπανάϐασιν.
3478 5472 3655 5528 Editio
3687 5470 3900 5546 9:00.!

2335 5539 2792 5598 κατεπανάϐασιν.
2822 5545 3020 5598 Ibidem
3050 5543 3326 5600 Bentleius
3348 5544 3495 5613 legit,
3532 5541 3829 5613 γινομένην
3859 5539 3896 5614 ἢ

2336 5615 2781 5667 καταϐαίνουσαν.

2408 5682 2519 5749 (96)
2550 5684 2718 5748 Cave,
2773 5694 2827 5737 et
2875 5683 3064 5737 confer

2338 5753 2627 5824 principiis,
2657 5769 2784 5824 cap._
2820 5754 2871 5817 4,
2911 5754 3042 5824 ιιίὸ.

2412 5816 2522 5885 (97)
2566 5822 2660 5876 Ἐν
2702 5816 2822 5889 τοῖς
2858 5823 3026 5889 υἱοῖς.
3064 5822 3281 5902 [κρεοῃό
3311 5824 3368 5875 ὲν
3391 5819 3503 5882 τοῖς
3526 5816 3682 5884 υἱοῖς.

3115 5698 3234 5752 qua:
3287 5682 3557 5738 habentur
3609 5680 3708 5734 lib.
3747 5695 3784 5736 ιι
3823 5679 3896 5736 Ds
