4132 6314
227 434 331 492 δια

1436 430 1765 487 LIBELLUS
1791 430 1881 486 DE
1911 431 2278 490 OBATIONE.

3361 435 3464 492 542

228 558 370 620 υῑοῖς
412 554 631 627 Ἰσραὴλ
652 554 885 618 ἔκλαιον,
907 552 1007 605 καὶ
1023 552 1071 605 οἱ
1095 551 1201 604 υίολ⁸
1224 550 1441 622 Ἰσραὴλ
1473 553 1570 605 σὺν
1594 552 1759 613 αὐτοῖς

1860 578 1872 617 ι
1906 562 2113 606 tantum
2136 553 2451 616 comedetis,
2476 560 2532 605 ut
2557 565 2742 606 mense
2762 551 2972 624 integro
2998 555 3252 610 carnibus
3280 570 3463 610 vesca-

224 650 337 701 Καὶ
380 647 629 718 φανερὸν,
663 647 744 698 δτι
778 646 899 698 ὅσον
938 645 1037 696 οὐκ
1083 639 1227 712 εἶχον
1261 642 1328 694 τὰ
1366 643 1793 713 ἐπιθυμούμενα,
1829 680 1833 684 -

1897 646 2054 711 mini,
2090 647 2259 700 donec
2288 660 2382 714 per
2412 660 2576 700 nares
2627 655 2786 700 exeat
2818 662 2885 701 ex
2917 645 3130 700 cholera
3163 649 3374 710 morbo,
3407 656 3462 702 et

225 738 391 808 κόρον
424 737 524 790 οὐκ
563 736 823 805 ἠδύναντο
863 733 1039 787 αὐτῶν
1077 732 1278 796 λαϐεῖν,
1315 733 1435 785 οὐδὲ
1487 731 1759 786 παύσασθε

1896 734 1949 788 id
1987 735 2131 800 quod
2162 735 2315 789 vobis
2352 736 2549 789 bonum
2580 737 2757 790 visum
2802 743 2908 800 est,
2951 743 3004 790 et
3045 736 3458 805 vitupesandum

217 828 318 881 τοῦ
364 826 597 889 πάθουςο
648 825 782 880 ἀλλά
822 826 914 877 καὶ
960 825 988 875 ὁ
1031 823 1405 893 φιλάνθρωπος
1448 825 1542 876 καὶ
1594 824 1795 892 ἀγαθὸς

218 916 355 979 Θεὸς
380 917 552 979 διδοὺς
572 917 754 978 αὐτοῖς
774 914 834 967 τὸ
857 914 1122 984 ἐπιθυμού
1131 931 1307 983 μενον,
1328 915 1425 982 οὺχ
1448 913 1619 977 οὕτως
1640 914 1794 969 ἐϐού-

216 1008 343 1061 λετο
372 1008 565 1061 διδόναι
594 1007 734 1060 ὥστε
765 1005 1154 1059 καταλιπέσθαι
1178 1007 1233 1058 ἐν
1260 1007 1439 1068 αὐτοῖς
1465 1006 1786 1076 ἐπιθυμίαν·

212 1098 406 1169 διόπερ
423 1101 553 1170 φησὶ
577 1099 649 1169 μὴ
668 1098 792 1168 μίαν
812 1099 1023 1169 ἡμέραν
1041 1098 1308 1167 φάγεσθαι
1330 1099 1524 1160 αὐτοὺς
1542 1098 1610 1150 τά
1630 1100 1785 1170 κρέαθ

213 1188 379 1259 ἔμενε
409 1190 515 1260 γάρ
544 1190 607 1242 ἂν
639 1190 699 1241 τὸ
729 1190 899 1253 πάθος
930 1191 1108 1243 αὐτῶν
1148 1192 1205 1243 ἐν
1240 1192 1306 1260 τῇ
1341 1189 1484 1260 ψυχῇ
1530 1208 1787 1262 πεπυρω-

214 1278 357 1351 μένῃ
390 1281 482 1332 καὶ
532 1279 830 1352 ρλεγομένῃ
877 1282 967 1333 ὑπ’
1017 1280 1201 1342 αὐτοῦ,
1245 1283 1293 1333 εί
1346 1282 1432 1332 ἐπ’
1460 1280 1637 1348 ὀλίγον
1679 1280 1786 1332 τῶν

208 1371 391 1442 κρεῶν
422 1370 811 1441 μετειλήφεσαν
834 1370 964 1442 (98).
1015 1372 1152 1423 Ἀλλ’
1179 1372 1305 1423 οὐδὲ
1340 1374 1431 1424 ἐπὶ
1454 1372 1546 1424 δύο
1572 1373 1784 1425 δίδωσιν

207 1459 395 1521 αὐτοῖς
418 1460 479 1510 τὸ
499 1459 655 1512 ἐπιθυ
664 1459 761 1530 μού
771 1477 928 1529 μενον
948 1460 1055 1529 ἡμέ
1065 1476 1160 1529 ρας
1181 1476 1193 1489 ⁸
1224 1458 1543 1528 βουλόμενος
1564 1460 1620 1511 δὲ
1652 1460 1783 1512 αὐτὸ

203 1551 512 1621 προσκορές
549 1552 731 1613 αὐτοῖς
760 1553 1002 1623 ποιῆσαι,
1039 1551 1200 1602 οἱονεί¹
1239 1552 1338 1603 οὐκ
1368 1550 1777 1617 ἐπαγγέλλεται,

203 1639 344 1692 ἀλλά
372 1641 452 1709 τῷ
479 1642 714 1695 συνιέναι
738 1641 1019 1712 δυναμένῳ
1045 1640 1257 1693 ἀπειλεῖ
1276 1641 1341 1692 δι’
1366 1634 1439 1692 ὧν
1463 1641 1779 1710 χαρίζεσθαι

201 1735 389 1794 αὐτοῖς
432 1734 623 1798 ἐδόκει,
677 1733 869 1801 λέγων’
923 1734 1057 1785 Οὐδὲ
1099 1732 1259 1785 πέντε
1313 1733 1477 1801 μόνας
1524 1733 1776 1801 ποιήσετε

200 1822 414 1892 ἡμέρας
430 1824 696 1889 ἐσθίοντες
711 1825 780 1878 τά
798 1826 949 1895 κρέα·
969 1826 1088 1878 ούδέ
1109 1826 1203 1889 τὰς
1218 1828 1421 1880 τούτων
1441 1828 1768 1890 διπλασίουςο

1894 827 2013 895 ejus
2043 841 2107 880 ac
2136 834 2294 894 turpe
2341 826 2690 879 desiderium.
2720 825 2799 880 lta
2832 841 2930 879 vos
2962 841 2991 879 a
3030 828 3135 880 vita
3167 828 3457 882 removebo

1893 915 2025 968 nihil
2046 915 2279 983 amplius
2297 914 2594 983 cupientes,
2621 921 2679 967 ut
2704 914 2838 967 tales
2859 915 3080 983 egressi,
3104 917 3225 985 puri
3249 917 3457 973 scilicet

1890 1019 1920 1056 a
1951 1004 2200 1071 cupidine
2228 1012 2283 1057 et
2312 1018 2581 1060 memores
2607 1018 2705 1072 per
2729 1012 2859 1072 quot
2887 998 3103 1059 labores
3130 1006 3198 1059 ab
3227 1020 3289 1059 ea
3316 1006 3457 1060 libe-

1890 1095 1992 1147 rati
2025 1094 2174 1160 sitis,
2200 1096 2421 1164 possitis
2452 1104 2544 1147 aut
2569 1095 2620 1147 in
2645 1107 2763 1173 eam
2792 1093 3016 1162 posthac
3051 1110 3157 1149 non
3192 1096 3450 1163 incidere,

1888 1194 2001 1249 aut,
2035 1186 2079 1239 si
2118 1186 2407 1255 aliquando
2447 1187 2497 1240 id
2543 1185 2757 1241 accidat
2787 1196 2909 1255 post
2950 1186 3107 1255 longa
3145 1196 3452 1257 temporum

1886 1276 2203 1339 intervalla,
2262 1277 2416 1331 obliti
2467 1292 2587 1346 qua:
2645 1287 2864 1347 propter
2914 1278 3259 1347 cupiditatem
3317 1280 3451 1334 estis

1883 1365 2147 1432 perpeSsi,
2196 1364 2242 1420 si
2276 1367 2432 1420 vobis
2476 1383 2578 1421 non
2621 1371 2755 1422 satis
2797 1369 3089 1423 attendatis
3138 1385 3235 1424 nec
3276 1371 3451 1424 ευεοί⁴

1882 1457 2046 1520 piatis
2074 1455 2300 1509 verbum
2326 1457 2467 1524 quod
2494 1458 2734 1526 perfecte
2757 1460 2823 1514 ab
2846 1461 2992 1514 omni
3020 1462 3207 1515 morbo
3230 1460 3445 1529 liberat,

1880 1543 1932 1596 in
1983 1546 2122 1598 mala
2168 1545 2453 1611 incidatis;
2502 1557 2686 1613 postea
2725 1563 2851 1602 vero
2900 1564 3026 1603 cum
3062 1564 3159 1605 vos
3193 1552 3446 1605 nascendi

1876 1632 2072 1699 cupido
2098 1634 2402 1700 incesserit,
2424 1636 2591 1688 oretis
2613 1635 2920 1692 desiderata
2945 1638 3138 1692 iterum
3162 1640 3443 1707 consequi,

1876 1737 2048 1790 eaque
2099 1722 2278 1788 exosi,
2333 1724 2410 1778 sic
2459 1723 2663 1777 rursus
2703 1729 2770 1781 ad
2824 1728 3046 1783 meliora
3089 1730 3446 1799 ccelestesque

1875 1811 2026 1863 cibos
2053 1825 2336 1865 recurrere
2373 1831 2387 1867 :
2422 1814 2617 1882 quibus
2645 1818 2976 1885 contemptis
3006 1819 3276 1874 deteriora
3303 1836 3446 1889 quc-

196 1914 320 1965 ούδὲ
368 1915 447 1967 ἔτι
498 1918 596 1979 τὰς
642 1916 861 1969 ἐκείνων
912 1917 1253 1979 διπλασίους’
1299 1919 1412 1971 ἀλλ’
1446 1920 1536 1971 ἐπὶ
1582 1918 1759 1971 τοσοῦ-

1882 1904 2102 1958 rebatis.
2150 1901 2354 1957 Eadem
2396 1918 2463 1957 ac
2492 1905 2588 1968 illi
2640 1907 2917 1973 patientur
2973 1912 3064 1978 qui
3113 1924 3442 1968 mutaverunt

194 2018 287 2054 τον
316 2004 427 2071 (99)
460 2005 719 2072 φάγεσθε,
742 2007 825 2075 ἐφ’
852 2006 969 2058 ὅλον
1000 2006 1447 2076 κρεωφαγοῦντες
1480 2009 1641 2077 μῆνα,
1666 2008 1771 2070 ἕως

146 2134 149 2135 ν
194 2090 387 2166 ἐξέλθῃ
419 2097 481 2147 ἐκ
522 2095 627 2147 τῶν
660 2098 952 2166 μυκτήρων
989 2096 1126 2165 μετά
1153 2096 1433 2167 χολερικοῦ
1476 2098 1681 2160 πάθους
1709 2100 1770 2150 τὸ

192 2184 579 2251 νενομισμένον
607 2185 733 2253 ὑμῖν
757 2185 939 2247 καλὸν,
972 2186 1066 2236 καί¹
1091 2188 1122 2254 ἡ
1156 2186 1285 2255 περὶ
1316 2186 1446 2237 αὐτὸ
1473 2186 1646 2255 ψεκτὴ
1676 2187 1769 2238 καὶ

189 2272 395 2341 αἰσχρά
423 2273 714 2343 ἐπιθυμία’
741 2276 806 2327 ἵν’
834 2277 977 2344 ὑμᾶς
998 2274 1290 2340 ἀπαλλάξω
1311 2275 1403 2328 τοῦ
1432 2273 1544 2344 βίου
1571 2278 1766 2345 μηκέτι

188 2360 610 2431 ἐπιθυμοῦντας,
651 2365 746 2417 καὶ
782 2365 1010 2418 τοιοῦτοι
1051 2366 1372 2432 ἐξελθόντες,
1402 2367 1662 2437 δυνηθῆτε
1691 2368 1766 2431 ὡς

187 2452 424 2523 καθαροὶ
452 2454 560 2506 ἀπὸ
597 2455 913 2525 ἐπιθυμίας,
952 2457 1286 2526 μεμνημένοι
1312 2475 1371 2509 τε
1400 2459 1466 2510 δι’
1497 2460 1633 2510 ὅσων
1668 2459 1765 2510 πό-
1795 2506 1799 2510 .

185 2550 291 2597 νων
324 2544 498 2613 αὐτῆς
530 2546 899 2617 ἀπηλλάγητε,
929 2548 1046 2616 ἦτοι
1081 2549 1343 2619 μηδαμῶς
1376 2550 1510 2618 αὐτῇ
1540 2566 1764 2618 περιπε-

186 2636 299 2686 σεῖν
327 2635 408 2687 ἔτι
428 2653 439 2664 ·
466 2636 520 2705 ἢ,
542 2638 592 2688 εί
624 2638 730 2708 ἄρα
750 2637 906 2690 τοῦτό
923 2654 1051 2690 ποτε
1072 2638 1277 2706 γίνεται
1296 2642 1537 2710 μακραῖς
1557 2639 1761 2708 χρόνων

182 2726 477 2796 περιόδοις,
502 2729 971 2798 ἐπιλανθανόμενοι
994 2724 1068 2783 ὧν
1097 2731 1400 2783 πεπόνθατε
1420 2732 1505 2783 διὰ
1528 2732 1627 2799 τὴν
1650 2734 1762 2783 ἐπι-

181 2816 408 2887 θυμίαν,
445 2818 539 2871 ἐὰν
575 2820 649 2889 μὴ
677 2821 889 2883 ἑαυτοῖς
916 2821 1241 2890 προσέχητε,
1276 2821 1370 2873 καὶ
1411 2822 1500 2873 τὸν
1540 2823 1760 2885 τελείως

179 2906 599 2961 ἀπαλλάττοντα
633 2910 836 2972 πάθους
866 2902 1065 2972 παντὸς
1097 2910 1253 2977 λόγον
1286 2909 1612 2979 ἀναλάϐητε,
1646 2914 1758 2972 τοῖς

177 3001 373 3060 κακοῖς
426 3002 772 3067 περιπεσεῖτε
823 2999 926 3068 (1)’
972 3000 1195 3071 ὕστερόν
1240 3018 1300 3052 τε
1351 3001 1451 3069 τῆς
1493 3000 1757 3067 γενέσεως

177 3084 637 3157 ἐπιθυμήσαντες,
668 3087 826 3139 πάλιν
855 3087 1082 3158 δεηθῆτε
1106 3087 1199 3139 τοῦ
1228 3089 1306 3151 δὶς
1330 3091 1510 3156 τυχεῖν
1535 3081 1609 3140 ὧν
1635 3090 1756 3139 ἐπι-

1871 1991 2094 2061 gloriam
2137 1994 2234 2047 Dei
2281 1996 2691 2056 incorruptibilis
2736 2001 2791 2050 in
2846 1999 3246 2058 similitudinem
3300 2006 3439 2057 ima-

1868 2083 2004 2150 ginis
2036 2086 2394 2153 corruptibilis
2426 2088 2653 2143 hominis
2687 2103 2733 2143 et
2772 2090 3043 2144 volucrum
3068 2104 3114 2146 et
3142 2095 3441 2163 quadrupe-

1869 2175 1994 2224 dum
2019 2186 2067 2226 ει
2101 2178 2413 2243 serpentium
2440 2179 2509 2245 ¹¹,
2552 2194 2618 2234 eo
2644 2182 2786 2248 quod
2820 2182 3063 2236 derelicti
3109 2187 3293 2239 traditi
3327 2189 3437 2241 sint

1867 2263 1922 2314 in
1964 2264 2224 2317 desideria
2277 2266 2517 2320 cordium
2554 2287 2771 2324 suorum
2815 2271 2870 2322 in
2902 2272 3326 2339 immunditiam,
3378 2286 3435 2329 ut

1866 2352 2156 2420 ignominia
2184 2357 2410 2424 afficiant
2449 2372 2668 2424 corpora
2716 2360 2816 2425 ipsi
2847 2378 2946 2414 sua
2986 2364 3052 2427 ",
3082 2364 3177 2431 qui
3218 2367 3432 2435 corpori

1867 2444 2044 2496 anima
2073 2459 2347 2514 sensuque
2378 2450 2581 2501 carenti
2618 2452 2925 2506 tribuerunt
2955 2455 3071 2522 ejus
3096 2471 3310 2521 nomen,
3336 2458 3429 2527 qui

1863 2534 2142 2589 sensitivis
2165 2539 2417 2593 omnibus
2445 2550 2501 2594 et
2538 2539 2915 2606 rationalibus,
2941 2558 3045 2597 non
3072 2546 3245 2612 ipsum
3275 2550 3433 2604 modo

1862 2626 2067 2680 sentire
2118 2638 2174 2681 et
2219 2644 2342 2682 cum
2393 2634 2605 2686 ratione
2661 2637 2899 2701 sentire,
2961 2638 3054 2691 sed
3106 2640 3431 2706 quibusdam

1861 2719 2029 2770 etiam
2066 2719 2304 2786 perfecte
2352 2732 2408 2774 et
2446 2737 2567 2776 cum
2599 2724 2799 2778 virtute
2844 2728 3045 2781 sentire
3074 2728 3320 2797 largitur.
3352 2732 3431 2788 Ac

1854 2804 1978 2872 jure
2023 2808 2239 2874 quidem
2297 2808 2372 2862 illi
2424 2812 2493 2865 ab
2545 2828 2609 2867 eo
2662 2830 2824 2881 quem
2874 2816 3279 2885 dereliquerunt
3320 2819 3430 2879 Deo

1863 2900 2101 2952 vicissim
2154 2900 2602 2971 derelinquuntur
2655 2915 2709 2958 et
2748 2907 3030 2961 traduntur
3072 2908 3126 2962 in
3157 2914 3427 2977 passiones

1860 2991 2370 3061 ignominiae,:equa
2431 2993 2636 3047 erroris
2701 2998 2947 3051 mercede
3006 3012 3260 3068 recepta,
3321 3016 3429 3069 quo

1860 3079 2189 3149 voluptatem
2247 3083 2577 3136 immundam
2632 3084 2964 3144 dilexerunt.
3016 3087 3221 3144 Iustior
3277 3093 3424 3147 enim

176 3176 426 3247 θυμεῖτε,
446 3180 775 3249 μισήσαντες
797 3179 859 3231 τὸ
880 3179 1037 3231 ἐπιθυ
1045 3180 1143 3248 μού
1154 3197 1331 3249 μενον,
1353 3180 1446 3232 καὶ
1472 3179 1591 3231 τότε
1613 3178 1753 3231 οὕτω

1860 3170 1938 3223 eis
1979 3172 2215 3235 erroris
2294 3174 2580 3231 retributio
2650 3178 2734 3242 tit,
2814 3193 2934 3231 cum
3015 3182 3305 3235 traduntur
3368 3184 3424 3238 in

175 3266 562 3338 παλινδρομεῖν
588 3269 677 3320 ἐπὶ
695 3269 764 3321 τά
786 3269 924 3322 καλὰ
942 3272 1033 3322 καὶ
1057 3272 1155 3338 τὴν
1171 3270 1417 3340 οὐράνιον
1442 3272 1665 3342 τροφὴν,
1686 3268 1754 3341 ἧς

171 3360 688 3427 καταφρονήσαντες
722 3360 829 3413 τῶν
874 3362 1131 3431 χειρόνων
1178 3360 1496 3430 ὠρέχθησαν
1539 3362 1637 3429 (2).
1680 3361 1754 3414 Τὸ

171 3442 361 3512 δμοιον
392 3440 485 3497 οῦν
508 3446 714 3509 τούτοις
742 3448 1017 3501 πείσονται
1041 3451 1089 3501 oi
1114 3448 1490 3514 ἀλλάξαντες
1516 3450 1630 3516 τὴν
1656 3450 1753 3503 δό-

171 3529 291 3593 ξαν
330 3533 436 3585 τοῦ
468 3534 615 3587 Θεοῦ
652 3536 757 3589 τοῦ
786 3536 1111 3605 ἀφθάρτου,
1147 3540 1216 3591 ἐν
1260 3540 1571 3607 ὁμοιώματι
1600 3544 1755 3596 εικό-

169 3638 280 3687 νος
299 3626 566 3690 φθαρτοῦ
594 3627 927 3694 ἀνθρώπου,
960 3630 1055 3681 καὶ
1090 3630 1394 3693 πετεινῶν,
1426 3634 1522 3685 καὶ
1555 3651 1753 3701 τετρα-

169 3712 398 3775 πόδων,
431 3715 530 3767 καὶ
556 3717 839 3784 ἑρπετῶν,
868 3719 955 3773 διὰ
994 3720 1088 3773 τοῦ
1123 3722 1611 3789 ἐγκαταλείπεσθαι
1647 3744 1752 3780 πα-

172 3802 509 3873 ραδιδόμενοι
534 3806 603 3858 ὲν
622 3808 750 3874 ταῖς
770 3804 1107 3880 ἐπιθυμίαις
1128 3811 1247 3865 τῶν
1273 3812 1527 3880 καρδιῶν
1552 3814 1751 3867 αὐτῶν

165 3894 257 3958 εις
284 3894 680 3962 ἀκαθαρσίαν,
710 3899 817 3952 τοῦ
857 3901 1231 3969 ἀτιμάζεσθαι
1268 3903 1341 3955 τὰ
1370 3903 1611 3971 σώματα
1644 3905 1749 3958 τῶν

164 3986 252 4049 είς
295 3986 502 4056 ἄψυχον
557 3989 714 4058 σῶμα
774 3994 865 4044 καὶ
910 3993 1229 4063 ἀναίσθητον
1266 3994 1746 4047 καταδιδασάντων

163 4076 229 4129 τὸ
259 4077 430 4147 ὄνομα
457 4078 550 4131 τοῦ
578 4082 708 4132 πᾶσι
728 4085 840 4145 τοῖς
864 4083 1203 4153 αἰσθομένοις
1231 4085 1463 4153 λογικοῖς
1488 4086 1548 4137 οὐ
1586 4086 1745 4155 μόνον

162 4166 229 4221 τὸ
262 4168 569 4233 αἰσθέσθαι,
596 4171 731 4224 ἀλλά
764 4175 855 4226 καὶ
883 4174 945 4226 τὸ
964 4175 1195 4243 λογικῶς
1218 4176 1517 4239 αἰσθέσθαι,
1551 4178 1658 4228 τισὶ
1688 4178 1744 4229 δὲ

162 4258 263 4309 καὶ
292 4243 525 4323 ’τελείως
570 4263 663 4314 καὶ
710 4263 981 4333 ἐναρέτως
1012 4266 1293 4319 αἰσθέσθαι
1329 4268 1421 4319 καὶ
1469 4270 1607 4319 νοεῖν
1647 4285 1745 4336 χα-

162 4348 485 4417 ρισαμένου.
536 4351 645 4402 Καὶ
702 4352 936 4420 εὐλόγως
986 4355 1035 4407 οί
1083 4355 1314 4408 τοιοῦτοι
1362 4358 1742 4428 παραδίδονται

161 4434 271 4486 ὑπὸ
314 4433 411 4486 τοῦ
468 4438 915 4507 καταλειφθέντος
965 4442 1054 4495 ὑπ’
1102 4445 1280 4498 αὐτῶν
1318 4446 1474 4510 Θεοῦ,
1522 4449 1743 4500 ἀντικα-

1859 3262 2126 3329 passiones
2210 3265 2545 3334 ignominiae,
2627 3285 2791 3339 quam
2860 3272 2919 3326 si
3000 3272 3122 3341 igne
3197 3274 3419 3341 spiritali

1858 3351 2016 3421 263
2038 3364 2422 3421 purgarentur,
2451 3369 2505 3412 et
2533 3360 2581 3412 in
2611 3375 2833 3433 carcere
2864 3362 3212 3430 exigerentur
3241 3366 3308 3419 ab
3338 3366 3420 3419 eis

1854 3445 2034 3497 omnia
2067 3447 2243 3501 debita
2273 3450 2339 3503 ad
2368 3451 2720 3505 novissimum
2752 3467 2921 3521 usque
2954 3456 3313 3524 quadrantem
3348 3458 3419 3515 ⁸⁸.

1853 3532 1987 3587 Cum
2022 3536 2166 3590 enim
2198 3541 2381 3593 traditi
2411 3550 2537 3593 sunt
2562 3542 2905 3608 passionibus
2948 3544 3276 3613 ignominiae,
3310 3565 3419 3605 non

1855 3627 1921 3681 iis
1968 3630 2125 3681 modo
2168 3644 2287 3697 quae
2318 3640 2526 3684 natura:
2572 3634 2936 3699 consentiunt,
2977 3638 3071 3690 sed
3128 3642 3421 3699 contrariis

1853 3718 2017 3769 etiam
2074 3730 2283 3773 natura:
2323 3721 2595 3789 plurimis,
2633 3724 2989 3791 inquinantur
3019 3736 3075 3780 et
3119 3744 3285 3787 carne
3330 3733 3419 3786 in-

1852 3818 2169 3861 crassantur
2195 3813 2351 3877 quasi
2382 3813 2617 3865 animam
2647 3816 2875 3883 amplius
2900 3826 2993 3869 aut
3026 3829 3259 3874 mentem
3285 3831 3417 3878 tunc

1852 3912 1956 3948 non
1989 3898 2244 3963 habeant,
2279 3901 2374 3953 sed
2408 3904 2500 3955 toti
2548 3920 2744 3959 carnes
2768 3908 2907 3972 sint;
2944 3909 2996 3961 in
3047 3911 3169 3979 igne
3199 3927 3324 3965 vero
3360 3923 3415 3970 et

1849 4002 2066 4042 canere
2110 4004 2215 4043 non
2267 3992 2681 4047 retributionem
2728 3999 2933 4051 erroris
2980 4002 3273 4068 accipiunt,
3319 4006 3414 4059 sed

1848 4078 2200 4145 beneﬁcium,
2233 4097 2356 4135 cum
2383 4084 2708 4139 salutaribus
2731 4092 2994 4146 aerumnis
3025 4105 3328 4164 purgantur
3358 4106 3414 4149 ct

1848 4168 1912 4222 iis
1959 4171 2258 4227 liberantur
2306 4177 2466 4231 malis
2512 4196 2632 4247 quae
2673 4182 2965 4251 voluptatis
3012 4196 3280 4240 amatores
3321 4201 3411 4241 se-

1845 4272 2105 4330 quuntur,
2135 4266 2389 4321 sordibus
2431 4270 2638 4325 scilicet
2677 4285 2730 4326 et
2760 4276 3052 4348 sanguine,
3100 4277 3413 4343 quibus-in-

1844 4352 2051 4419 quinati
2103 4364 2155 4408 et
2201 4356 2387 4410 infecti
2437 4376 2504 4413 ne
2554 4363 2798 4429 cogitare
2847 4366 3066 4432 quidem
3132 4378 3406 4436 poterant,

1842 4446 2113 4510 quomodo
2148 4449 2214 4497 ab
2244 4448 2462 4500 interitu
2495 4464 2593 4503 suo
2625 4454 2988 4509 salvarentur.
3014 4457 3203 4511 Abluet
3228 4460 3410 4529 itaque

157 4522 547 4591 ταλειπόμενοι
572 4527 662 4578 ὑπ’
689 4520 871 4593 αὑτοῦ,
904 4535 990 4596 εὶς
1035 4534 1105 4587 τὰ
1142 4534 1251 4603 τῆς
1280 4538 1516 4605 ἀτιμίας
1557 4539 1739 4606 πάθη,

1860 4532 1988 4585 Deus
2018 4538 2220 4587 sordent
2241 4537 2473 4602 ﬁliorum
2496 4552 2544 4593 et
2579 4541 2815 4607 ﬁliarum
2840 4545 3003 4611 Sion;
3026 4559 3071 4600 et
3099 4553 3409 4618 sanguinem

156 4614 263 4682 τὴν
290 4606 653 4695 ,ἀντιμισθίαν
689 4619 787 4688 τῆς
833 4621 1041 4691 πλάνης
1093 4626 1159 4676 δι’
1191 4622 1588 4697 ἦς.ὴγάπησαν
1618 4628 1733 4696 ψω-

159 4694 369 4775 ρὼδους
401 4704 591 4775 ἡδονῆς
632 4708 1124 4781 ἀπολαμϐάνοντες.
1171 4694 1386 4768 Μᾶλλον
1413 4694 1521 4787 γάρ
1566 4721 1597 4787 ἡ
1633 4694 1733 4770 ἀν-

152 4794 411 4862 τιμισθία
441 4796 539 4865 τῆς
586 4798 788 4871 πλάνης
825 4803 1005 4867 αὐτοῖς
1041 4806 1313 4873 ἐγγίνεται
1368 4808 1728 4879 παραδιδομέ-

156 4900 275 4945 νοις
340 4888 426 4951 είς
468 4888 623 4955 πάθη
669 4891 924 4959 ἀτιμίας,
968 4895 1110 4966 ⁴ἢπερ
1157 4898 1235 4967 τῷ
1294 4899 1539 4969 φρονίμῳ
1601 4902 1731 4972 πυρὶ

155 4972 613 5043 καθαιρομένας,
655 4980 749 5033 καὶ
804 4984 859 5035 ἐν
905 4987 970 5053 τῇ
1015 4986 1235 5057 φυλακῇ
1271 4990 1731 5059 ἐκπρασσομένοις

153 5061 328 5133 μέχρι
356 5066 448 5116 τοῦ
482 5070 707 5137 ἐσχάτου
754 5074 1043 5144 κοδράντου
1085 5076 1312 5131 ἕκαστον
1350 5079 1455 5131 τῶν
1482 5077 1730 5149 ὀφλημά-

146 5165 286 5202 των.
328 5152 414 5204 Ἐν
439 5155 546 5225 γάρ
574 5158 650 5225 τῷ
680 5160 904 5216 πάθεσιν
927 5163 1165 5234 ἀτιμίας,
1187 5168 1247 5218 οὑ
1276 5167 1432 5235 μόνον
1454 5171 1566 5230 τοῖς
1589 5169 1729 5220 κατὰ

150 5239 344 5308 φύσιν,
374 5242 505 5296 ἀλλά
550 5248 641 5299 καὶ
686 5249 897 5313 πολλοῖς
925 5252 1032 5305 τῶν
1066 5254 1211 5325 παρά
1247 5254 1404 5323 φύσιν
1440 5256 1725 5325 παραδίδο-

148 5329 305 5393 σθαι,
331 5332 647 5402 μολύνονται
662 5341 753 5391 καὶ
778 5342 882 5394 ὑπὸ
901 5343 1001 5413 τῆς
1028 5346 1227 5416 σαρκὸς
1252 5345 1595 5413 παχύνονται,
1622 5350 1726 5399 οἰο-

146 5420 237 5471 νεὶ
274 5422 459 5475 οὐκέτι
494 5422 707 5493 ἔχοντες
738 5427 860 5479 τότε
891 5431 1089 5501 ψυχὴν,
1128 5432 1248 5484 οὐδὲ
1280 5430 1423 5495 νοῦν,
1463 5432 1577 5484 ἀλλ’
1615 5434 1723 5486 δλοι

1840 4625 2138 4676 emundabit
2160 4628 2222 4679 de
2252 4630 2421 4683 media
2442 4650 2619 4687 eorum
2644 4638 2696 4689 in
2726 4638 3187 4706 spiritujudiciiet
3216 4643 3405 4709 spiritu

1839 4716 2210 4769 combustionis
2250 4719 2316 4772 ".
2372 4721 2679 4791 Ingreditur
2715 4728 2873 4790 enim,
2922 4730 3075 4795 quasi
3113 4730 3245 4797 ignis
3274 4746 3403 4783 con-

1837 4804 2056 4872 ﬂutorii,
2100 4820 2147 4861 et
2188 4812 2341 4875 quasi
2371 4813 2530 4867 herba
2576 4818 2868 4870 lavantium
2891 4816 2963 4880 ’⁵,
2986 4820 3172 4873 lavans
3195 4832 3247 4874 et
3276 4836 3404 4889 pur-

1837 4910 1972 4964 gans
1999 4914 2093 4950 eos
2121 4902 2209 4967 qui
2238 4901 2499 4966 ejusmodi
2537 4906 2949 4959 medicamentis
2987 4908 3250 4976 indigent,
3281 4910 3402 4965 ideo

1835 4988 1976 5051 quod
2019 4988 2230 5055 probati
2264 4991 2430 5043 Deum
2464 4994 2655 5047 habere
2698 4997 2751 5049 in
2802 4998 3289 5057 notitiatnoluerint
3322 5003 3397 5066 ";

1833 5077 2029 5143 quibus
2077 5093 2135 5130 se
2179 5079 2320 5133 ultro
2352 5084 2646 5151 tradentes,
2691 5088 2979 5155 reprobum
3022 5106 3239 5145 sensum
3275 5094 3400 5146 odio

1835 5167 2107 5222 habebunt
2144 5170 2340 5241 (neque
2385 5177 2528 5230 enim
2570 5180 2824 5247 cuiquam
2865 5181 3005 5236 Dens
3046 5182 3242 5236 bonum
3288 5184 3399 5237 vult

1833 5258 1987 5321 quasi
2033 5263 2362 5318 necessitate
2413 5266 2548 5333 lieri,
2600 5271 2693 5321 sed
2738 5270 3068 5341 voluntate);
3122 5287 3242 5325 cum
3286 5273 3397 5327 sint

1834 5345 2063 5401 fortasse
2092 5352 2307 5417 quidam
2336 5358 2428 5421 qui
2465 5372 2563 5422 pro
2611 5359 2765 5427 longa
2803 5362 3053 5414 vitiorum
3100 5373 3393 5417 consuetu-

1830 5438 1957 5491 dine
1990 5440 2076 5491 vis
2110 5456 2296 5495 eorum
2326 5447 2710 5515 turpitudinem
2746 5454 3212 5519 comprehendant
3240 5470 3393 5511 aver-

226 5558 271 5587 ³³
302 5556 461 5611 Rom.
490 5574 532 5625 ι,
554 5557 647 5613 22.
718 5561 763 5591 ”
786 5559 945 5627 lbid.,
967 5564 1059 5618 24.
1134 5566 1180 5597 ’³
1204 5566 1390 5621 Matth.
1416 5583 1470 5629 v,
1497 5566 1587 5620 26.
1665 5570 1709 5599 ⁸³
1738 5571 1759 5622 Ι;

1869 5587 1940 5635 tv,
1968 5573 2019 5627 4.
2064 5638 2065 5641 η
2098 5576 2143 5606 ³⁸
2176 5576 2407 5633 Malaclt.
2439 5582 2598 5647 ιιι,2.
2676 5584 2720 5616 ³⁸
2747 5584 2903 5640 Rom.
2937 5602 2976 5653 ι,
3008 5562 3096 5644 28.

570 5689 693 5743 ms.,
730 5675 1138 5746 μετειλήφεσαν.
1172 5682 1349 5737 Editio
1375 5681 1578 5752 Oxon.,
1620 5703 1717 5756 με-

140 5743 487 5880 εἱειειςί

365 5814 549 5871 Codex
596 5828 723 5888 ms.,
772 5813 1041 5871 τοσοῦτον.
1084 5816 1261 5876 Editio
1292 5820 1489 5891 Oxon.,
1529 5827 1714 5879 τοσοῦ·
1768 5834 1773 5839 '

1821 5702 1943 5737 των.

1992 5760 2591 5838 ιρερισεεσεῖτεκῐλρεο,
2615 5768 2979 5838 περιπέσητε.

1888 5824 1962 5895 (2)
1992 5826 2368 5899 Ὡρέχθησαν.
2401 5824 2561 5904 Lego,
2581 5824 2959 5909 ’ὠρεχθήσατιο
