4080 6306
699 377 818 441 547

2140 391 2465 448 ORIGENiS

3833 406 3938 460 548

698 511 848 556 recte
873 500 1070 558 Paulus
1093 508 1207 559 ait:
1235 505 1301 559 In
1323 507 1562 562 omnibus
1587 511 1973 568 tribulationem
1999 516 2228 583 patimur

2361 517 2505 587 ψεως
2529 520 2900 590 νενικημένου,
2929 521 3021 574 καὶ
3044 520 3390 584 ἐνδεδωκότος
3420 520 3568 592 αὐτῷ
3605 521 3740 594 (14).
3777 526 3936 579 Ὀῦεν

695 594 786 646 sed
816 610 917 646 non
950 598 1344 663 angustiamur,
1389 601 1473 651 cui
1511 602 1689 656 simile
1715 615 1842 672 puto
1872 619 1993 660 esse
2025 609 2166 675 quod
2205 608 2259 661 in

697 684 925 739 Psalmis
967 688 1164 740 dicitur
1196 706 1209 740 :
1245 689 1312 742 In
1351 690 1694 747 tribulatione
1740 696 1977 749 dilatasti
2018 698 2146 750 mihi
2192 697 2258 752 “.

2365 609 2542 671 καλῶς
2566 610 2594 660 ὁ
2619 610 2828 672 Παῦλός
2853 628 3016 680 φησιν
3037 628 3053 644 ο
3096 614 3198 665 Ἐν
3216 611 3392 664 παντὶ
3417 615 3774 681 θλιϐόμενοι,
3795 617 3931 670 ἀλλ’

2361 700 2433 751 οὐ
2461 702 3020 770 στενοχωρούμενοι.
3052 702 3270 771 Ὅμοιον
3287 702 3341 754 δὲ
3364 702 3520 754 τοῦτο
3541 703 3651 772 (15)
3677 701 3816 759 εἶναι
3845 724 3930 758 νο-

697 777 920 829 Αιιιίιὶο
956 779 1100 830 enim
1132 789 1186 832 et
1219 785 1504 847 praesentia
1540 785 1900 840 consolatoris
1929 785 2228 842 Servatoris

2364 786 2503 856 μίζω
2522 791 2618 840 καὶ
2639 790 2697 840 τὸ
2729 790 2784 839 ἐν
2802 790 3084 862 ’Ψαλμοῖςο
3126 792 3226 843 Ἐν
3252 792 3449 858 θλίψει
3473 792 3812 860 ἐπλάτυνάς
3830 812 3928 862 με.

632 940 633 943 η
693 879 801 932 que
829 869 1022 930 nostri,
1061 867 1220 923 Verbi
1254 871 1369 935 Dei,
1404 874 1658 927 alacritas
1708 875 1899 928 animae
1951 887 2151 931 nostra:
2206 886 2260 931 et

692 957 1054 1024 tranquillitas
1078 961 1453 1015 calamitatum
1483 973 1725 1032 tempore
1748 980 1776 1017 a
1804 965 1910 1018 Deo
1932 967 2255 1032 obveniens,

617 1067 619 1069 ί
691 1045 938 1100 dilatatio
983 1058 1224 1102 vocatur.
1277 1051 1543 1106 Similiter
1595 1053 1762 1122 igitur
1800 1056 1998 1124 aliquis
2044 1071 2072 1108 a
2118 1057 2257 1110 malo

688 1132 913 1188 liberari
969 1137 1349 1206 intelligendus
1383 1151 1494 1193 est.
1532 1140 1634 1195 Job
1667 1143 1916 1198 liberavit
1959 1147 2100 1200 Deus
2149 1161 2254 1200 non

687 1226 833 1291 quod
866 1224 1034 1279 Satan
1059 1226 1336 1280 licentiam
1373 1235 1476 1282 nun
1513 1233 1788 1298 acceperit
1815 1234 1866 1284 in
1896 1235 1991 1287 has
2022 1243 2114 1287 aut
2139 1235 2255 1288 illas

687 1327 812 1366 eum
843 1317 1175 1368 tentationes
1206 1316 1478 1383 iujiciendi
1513 1317 1743 1389 (accepit
1771 1321 1960 1390 enim),
1990 1324 2079 1377 sed
2110 1325 2250 1391 quod

687 1402 741 1456 in
774 1405 1022 1458 omnibus
1045 1421 1164 1473 quae
1199 1406 1274 1458 illi
1306 1407 1532 1461 adversa
1566 1411 1915 1476 contigerunt
1952 1413 2084 1465 nihil
2126 1430 2252 1480 pec-

685 1495 892 1547 caverit
922 1510 1103 1548 coram
1143 1497 1268 1560 Deo,
1302 1495 1394 1548 sed
1414 1495 1595 1560 justus
1615 1501 1943 1566 apparuerit.
1968 1502 2069 1566 Qui
2105 1505 2248 1556 enim

683 1581 898 1634 dixerat
937 1598 951 1634 :
1001 1581 1145 1634 Num
1194 1586 1362 1650 gratis
1403 1583 1506 1637 Job
1537 1587 1659 1638 colit
1707 1587 1987 1642 Dominum
2013 1592 2038 1643 ?
2081 1608 2249 1646 nonne

680 1679 739 1724 tu
770 1672 986 1724 munisti
1011 1688 1070 1724 ea
1101 1689 1217 1740 quae
1243 1684 1394 1726 extra
1420 1678 1610 1742 ipsum,
1639 1689 1686 1729 et
1715 1694 1832 1746 qua:
1867 1680 2007 1733 intra
2031 1680 2246 1735 domum

679 1763 817 1830 ejus,
846 1773 894 1815 et
931 1779 1046 1831 quia
1089 1755 1237 1816 extra
1266 1779 1331 1816 ea“.
1362 1767 1600 1818 omnibus
1624 1783 1742 1834 quae
1772 1780 1890 1821 sunt
1923 1771 1976 1822 in
2019 1772 2244 1826 circuitu

678 1853 827 1920 ejus;
868 1870 1022 1921 opera
1060 1854 1174 1921 ejus
1213 1855 1542 1915 benedixi’sti,
1591 1867 1638 1908 et
1685 1874 1875 1924 pecora
1918 1861 2034 1927 ejus
2076 1864 2242 1916 multa

679 1944 849 2014 fecisti
897 1962 1054 2012 super
1098 1947 1335 1998 terram?
1375 1946 1476 2000 Sed
1525 1949 1669 2000 mitte
1711 1965 1922 2000 manum
1971 1961 2139 2018 tuam,
2195 1965 2242 2008 et

675 2045 832 2102 tange
872 2038 1044 2086 omnia
1091 2052 1206 2102 qua:
1245 2037 1436 2101 habet;
1475 2049 1611 2090 certe
1659 2039 1712 2090 in
1772 2040 1959 2104 faciem
2003 2053 2052 2096 te
2088 2044 2241 2097 bene-

674 2127 810 2178 dicet
851 2126 928 2188 “;
968 2128 1170 2194 pudore
1219 2135 1436 2195 opertus
1471 2137 1577 2189 est,
1627 2138 1684 2181 ut
1730 2131 1821 2196 qui
1868 2139 1993 2185 tunc
2027 2148 2241 2203 quoque

676 2214 808 2267 falsa
845 2217 896 2268 in
925 2215 1026 2268 Job
1055 2218 1309 2279 dixisset;
1343 2217 1430 2287 ille
1454 2219 1596 2271 enim
1630 2228 1704 2272 tot
1736 2230 1993 2290 tantaque
2024 2239 2238 2291 passus,

675 2323 801 2373 non,
855 2319 912 2359 ut
957 2309 1136 2361 aiebat
1181 2311 1546 2375 adversarius,
1601 2313 1652 2363 in
1714 2313 1905 2366 faciem
1963 2317 2240 2372 benedixit

675 2398 808 2460 Deo,
839 2399 933 2451 sed
970 2398 1132 2451 etiam
1159 2402 1396 2466 traditus
1428 2401 1676 2454 tentatori
1718 2402 1879 2457 Deum
1914 2403 2237 2461 benedicere

655 2484 1072 2556 "perseveravit,
1109 2488 1514 2556 inerepas-itque
1544 2508 1764 2547 uxorem
1793 2495 2057 2548 dicentem
2098 2517 2108 2550 :
2143 2496 2236 2549 Di-

669 2578 771 2629 cito
817 2577 1029 2645 aliquod
1066 2580 1277 2630 verbum
1319 2582 1374 2630 in
1420 2580 1695 2634 Dominum
1734 2595 1780 2636 et
1818 2601 2015 2637 morere
2060 2585 2136 2651 ‘°;
2181 2597 2235 2639 et

669 2667 833 2736 266
863 2668 1209 2732 reprehendit
1258 2668 1339 2720 his
1382 2672 1608 2725 verbis:
1644 2672 1910 2743 Tanquam
1962 2693 2065 2728 una
2107 2677 2231 2728 insi.

668 2757 897 2822 pientum
924 2757 1198 2810 mulierum
1231 2754 1406 2812 locutu.
1444 2778 1517 2813 es.
1553 2761 1612 2814 Si
1642 2763 1775 2815 bona
1821 2767 2140 2828 suscepimus
2169 2768 2232 2820 de

668 2860 829 2895 manu
871 2843 1119 2909 Domini,
1165 2847 1305 2898 mala
1341 2863 1436 2899 cur
1476 2869 1576 2903 non
1611 2854 1977 2906 sustinebimus
2008 2854 2090 2906 ‘7?
2131 2854 2229 2905 Se—

664 2935 842 2987 eundo
871 2949 1085 3002 quoque
1109 2937 1174 2989 tle
1204 2935 1306 2990 Job
1341 2940 1584 2993 diabolus
1611 2941 1687 2993 ait
1719 2933 1944 2995 Dolniuo
1981 2960 1992 2993 :
2029 2942 2226 2995 Pellem

664 3040 761 3092 pro
800 3025 952 3090 pelle,
999 3043 1318 3092 qutrcunque
1361 3040 1478 3080 sunt
1515 3031 1712 3084 homini
1759 3047 1852 3098 pro
1916 3032 2092 3083 anima
2127 3047 2225 3085 sua

662 3118 872 3179 pendet.
905 3115 1147 3184 Alioquin
1175 3127 1350 3169 autem
1388 3120 1533 3170 mitte
1564 3138 1777 3172 manum
1802 3131 1968 3185 tuam,
1998 3131 2044 3172 et
2079 3131 2228 3189 tange

663 3221 782 3258 ossa
824 3206 956 3272 ejus,
1005 3219 1052 3259 et
1101 3213 1297 3262 carnes
1323 3210 1637 3277 ejus;'certe
1670 3211 1723 3263 in
1762 3211 1949 3278 faciem
1992 3221 2040 3262 te
2075 3212 2226 3264 bene-

657 3296 796 3347 dicet
823 3294 886 3345 ⁸⁸.
911 3295 980 3346 At
1002 3296 1178 3350 victus
1201 3312 1229 3350 a
1257 3299 1470 3358 virtutis
1495 3299 1694 3353 athleta
1721 3302 1949 3354 mendax
1975 3310 2224 3355 ostensus

659 3392 766 3436 est.
793 3382 1114 3452 Quanquam
1133 3388 1277 3440 enim
1300 3388 1641 3441 atrocissima
1665 3404 1890 3456 quaeque
1911 3405 2222 3457 perpessus,

658 3477 1026 3539 perseveravit
1085 3475 1220 3527 nihil
1273 3477 1532 3530 adversus
1582 3477 1742 3529 Deum
1793 3492 2020 3543 peccare
2066 3478 2222 3532 labiis

656 3565 790 3618 suis.
842 3563 1008 3618 Porro
1056 3565 1157 3619 Job
1211 3568 1420 3621 duobus
1482 3568 1868 3621 certaminibus
1912 3568 2128 3622 functus
2169 3580 2225 3623 et

656 3664 887 3720 utroque
936 3655 1132 3721 victor,
1183 3658 1400 3710 tertium
1453 3655 1716 3722 ejusmodi
1769 3667 2048 3710 certamen
2110 3673 2217 3711 non

656 3745 851 3808 subiit;
879 3747 1164 3814 Oportebat
1192 3749 1333 3800 enim
1363 3750 1554 3801 trinam
1580 3748 1723 3800 illam
1751 3762 1978 3816 pugnam
2004 3747 2221 3801 Christo

657 3837 948 3898 reservari,
994 3851 1114 3902 qua:
1160 3837 1211 3889 in
1256 3838 1431 3890 tribus
1461 3836 1766 3903 Evangeliis
1794 3837 2061 3903 descripta
2097 3846 2214 3890 est:

658 3926 832 3978 tribus
859 3926 1002 3978 enim
1027 3926 1158 3979 vicit
1181 3929 1453 3996 inimicum
1474 3926 1730 3979 Servatur
1746 3942 1904 3995 quem
1926 3927 2217 3980 secundum

655 4014 930 4067 hominem
974 4017 1343 4083 intelligimus.
1382 4016 1673 4084 Postquam
1705 4019 1864 4084 igitur
1895 4025 1952 4069 ut
1987 4017 2220 4070 scientes

656 4113 898 4168 petamus
952 4119 979 4157 a
1027 4105 1134 4158 Deo
1183 4121 1251 4159 ne
1301 4107 1563 4162 intremus
1603 4112 1654 4161 in
1703 4107 2074 4172 tentationem,
2124 4108 2216 4160 sed

655 4193 948 4246 liberemur
987 4211 1014 4246 a
1056 4197 1218 4259 malo,
1261 4197 1573 4264 diligentius
1619 4200 1734 4251 hinc
1777 4199 2218 4250 examinaviu'uus

654 4293 709 4335 et
755 4285 892 4350 apud
945 4287 1304 4352 nosmetipsos
1351 4289 1576 4342 scrutati
1633 4301 1849 4347 smnus,
1894 4285 2039 4354 digni
2086 4285 2215 4336 facti

654 4374 744 4439 qui
776 4374 936 4426 Deum
978 4375 1252 4428 audientes
1292 4380 1360 4430 ab
1394 4379 1506 4444 ipso
1543 4376 1922 4436 exaudiamur,
1958 4375 2214 4426 obsecre-

655 4477 775 4513 qu;
809 4472 864 4513 ut
893 4465 1082 4515 tentati
1113 4480 1215 4516 non
1240 4467 1647 4530 mortillcemur,
1675 4473 1730 4518 et
1760 4465 1872 4517 telis
1909 4463 2212 4532 nequissimi
2247 4500 2287 4552 D

653 4549 814 4615 igneis
860 4549 904 4579 “
961 4552 1179 4616 appetiti
1238 4568 1341 4605 non
1397 4553 1780 4607 accendamur.
1831 4551 2214 4605 Accenduntur

653 4649 831 4691 autem
868 4640 931 4691 iis
965 4656 1152 4694 omnes
1177 4657 1404 4710 quorum
1446 4645 1608 4698 corda
1633 4644 1787 4710 juxta
1819 4644 2103 4709 quemdam
2144 4656 2206 4693 ex

652 4727 929 4782 duodecim
978 4732 1278 4799 prophetis,
1319 4735 1467 4800 quasi
1506 4733 1741 4786 clibanus
1786 4735 1930 4798 [arta
1971 4741 2090 4784 sunt
2126 4732 2206 4795 ⁵⁰;

1801 4887 1844 4918 ⁸⁸
1863 4886 1964 4942 Job
2015 4903 2081 4952 ιι,
2104 4885 2161 4938 9.

722 4885 766 4916 ⁸⁸
789 4884 936 4957 Ρειιῑ.
961 4889 1107 4957 tv,_l.
1182 4889 1224 4920 ⁸⁵
1242 4889 1399 4955 Jobt,
1431 4890 1482 4954 9,
1510 4889 1594 4954 l0,
1627 4889 1711 4941 Η.

650 4969 750 5020 vn,
780 4955 829 5006 6.

654 5089 942 5144 tuebantur
975 5083 1214 5151 spiritus,
1261 5091 1315 5136 et
1354 5082 1630 5150 paSsiones
1681 5083 1968 5152 hystericze
2013 5081 2200 5134 fatales

656 5157 829 5210 induci
851 5162 1259 5212 consueverant,
1283 5154 1418 5217 apud
1437 5152 1645 5204 Judaros
1674 5152 1990 5204 lamiliarem
2014 5152 2198 5213 fuisse,

654 5227 939 5275 admodum
975 5222 1196 5274 ulterius
1244 5221 1518 5287 apparebit
1558 5237 1620 5273 ex
1662 5221 1916 5286 parabola
1953 5221 2200 5272 Salvato-

655 5295 749 5346 I'is.
786 5293 1012 5342 dicentis
1048 5288 1229 5341 Matth.
1267 5305 1384 5350 xm,
1416 5291 1505 5346 ‘22.
1544 5290 1955 5340 sollicitudinem
2013 5288 2192 5339 surculi

651 5361 910 5425 suffocare
941 5359 1180 5419 verbum;
1215 5370 1265 5410 et
1322 5356 1464 5408 Pauli
1496 5358 1762 5410 locutione
1787 5359 1824 5410 ΙΙ
1856 5357 1980 5410 Cor.
2006 5371 2081 5414 Vt,
2107 5356 2190 5414 i2.

653 5427 1064 5496 στενοχωρεῖσθε
1118 5429 1172 5477 ἐν
1225 5429 1333 5488 τοῖς
1377 5425 1698 5492 σπλάγχνοις
1749 5427 1921 5496 ὑμῶν.
1961 5425 2192 5477 Tantum

654 5513 777 5549 vero
809 5499 954 5547 abest
983 5507 1037 5544 ut
1087 5497 1447 5557 Christianus,
1493 5507 1765 5560 utcunque
1809 5496 2057 5552 alllclus,
2093 5509 2192 5543 an-

653 5567 942 5632 gnstiatus,
978 5564 1090 5614 sive
1124 5563 1758 5630 cssvdﬁvaugemiscat,
1785 5575 1836 5614 et
1862 5568 1935 5632 de
1959 5563 2190 5614 sulfoca-

655 5637 796 5686 tione
823 5633 1181 5698 periclitetur;
1215 5644 1271 5684 ut
1294 5635 1459 5684 laetari
1497 5643 1619 5684 tunc
1644 5632 1897 5698 temporis
1927 5631 2194 5696 imprimis

651 5705 1002 5756 admoneatur
1027 5699 1211 5754 Jacob.
1245 5717 1282 5764 1,
1322 5703 1376 5767 9.,
1401 5711 1455 5756 et
1491 5701 1674 5754 Matth.
1703 5715 1749 5752 ν.
1776 5700 1926 5752 Eutr.
1951 5702 2120 5754 Oxon.

2361 876 2624 946 Συνεργίᾳ
2651 877 2758 946 γὰρ
2783 878 2875 930 καὶ
2901 879 3170 949 παρουσίᾳ
3193 878 3286 931 τοῦ
3312 881 3800 951 παραμυθουμένου
3833 888 3926 938 καὶ

2360 963 2622 1027 σώζοντος
2661 967 2804 1035 ἡμᾶς
2831 968 3004 1033 Λόγου
3052 967 3207 1029 Θεοῦ,
3242 967 3302 1019 τὸ
3347 969 3443 1038 τῆς
3487 970 3721 1033 διανοίας
3774 975 3927 1042 ἡμῶν

2328 1101 2330 1103 ,
2361 1053 2560 1124 ἱλαρὸν,
2595 1055 2690 1107 καὶ⁵
2722 1053 2954 1124 εὔθυμον
2987 1057 3046 1106 ἐν
3075 1055 3152 1123 τῷ
3182 1056 3358 1126 καιρῷ
3387 1058 3493 1110 τῶν
3527 1061 3924 1128 περιστατικῶν

2355 1145 2462 1195 ἀπὸ
2489 1143 2621 1196 Θεοῦ
2649 1145 2947 1214 γινόμενον,
2981 1146 3290 1215 πλατυσμὸς
3311 1147 3640 1216 ὠνόμασται.
3695 1150 3924 1218 Ὁμοίως

2353 1228 2446 1284 οὖν
2487 1233 2700 1303 νοητέον
2733 1235 2824 1286 καὶ
2853 1235 2912 1286 τὸ
2951 1234 3206 1304 ρυσΘῆναί
3237 1252 3357 1288 τινα
3385 1237 3490 1289 ἀπὸ
3517 1237 3609 1290 τοῦ
3659 1241 3918 1309 πονηροῦ.

2367 1322 2662 1392 Ἐρῤύσατο
2692 1326 2720 1375 ὁ
2747 1323 2878 1384 Θεὸς
2912 1323 3043 1391 (16),
3078 1325 3197 1392 οὐχὶ
3228 1324 3304 1394 τῷ
3338 1326 3412 1395 μὴ
3458 1325 3734 1396 εἰληφέναι
3768 1330 3920 1395 ἐξου-

2354 1413 2471 1464 σίαν
2500 1414 2674 1466 τοῖσδέ
2706 1431 2812 1466 τισι
2857 1417 2966 1476 τοῖς
3008 1419 3328 1484 πειρασμοῖς
3378 1418 3538 1469 αὐτὸν
3606 1421 3919 1490 περιϐαλεῖν

2351 1501 2561 1573 (εἴληφε
2604 1504 2754 1575 γὰρ),
2787 1503 2921 1557 ἀλλὰ
2953 1506 3009 1557 ἐν
3039 1506 3170 1556 πᾶσι
3195 1509 3306 1568 τοῖς
3335 1507 3700 1578 ωμὸεὸηκόσι
3743 1513 3914 1580 μηδὲν

2350 1593 2611 1662 ἁμαρτεῖν
2647 1595 2809 1646 αὑτὸν
2833 1595 3061 1648 ἐνώπιον
3089 1594 3182 1647 τοῦ
3215 1597 3439 1667 Κυρίου,
3467 1600 3598 1652 ἀλλὰ
3637 1603 3917 1672 ἀναφανῆ-

2347 1699 2432 1734 ναι
2452 1683 2683 1735 δίκαιον·
2713 1684 2807 1736 τοῦ
2833 1686 3075 1746 εἰπόντος
3092 1702 3105 1714 ·
3133 1687 3192 1737 Μ
3198 1683 3229 1751 ἡ
3257 1685 3481 1753 δωρεὰν
3511 1691 3746 1744 σέϐεται
3794 1692 3918 1745 Ἰὼϐ

2345 1772 2450 1825 τὸν
2482 1775 2728 1841 Κύριονέ
2767 1778 2848 1828 Οὐ
2885 1778 2966 1831 σὺ
3005 1780 3396 1849 περιέφραξας
3430 1781 3503 1834 τὰ
3541 1781 3655 1844 ἕξω
3701 1781 3912 1845 αὐτοῦ,

2344 1864 2442 1917 καὶ
2470 1865 2539 1917 τὰ
2563 1867 2683 1918 ἔσω
2707 1865 2817 1934 τῆς
2846 1870 3038 1934 οἰκίας
3069 1870 3276 1931 αὐτοῦ,
3304 1870 3404 1923 καὶ
3435 1871 3504 1922 τὰ
3534 1871 3648 1934 ἔξω
3671 1870 3915 1924 πάντων

2343 1954 2460 2007 τῶν
2497 1955 2686 2008 ὄντων
2713 1956 2872 2020 αὐτῷ
2903 1959 3122 2024 κύκλῳ,
3151 1959 3297 2025 ἔργα
3324 1957 3509 2011 αὐτοῦ
3538 1959 3913 2025 widmann

2343 2046 2440 2096 καὶ
2479 2046 2550 2098 τὰ
2595 2047 2781 2114 κτήνη
2831 2049 3015 2101 αὐτοῦ
3058 2050 3256 2102 πολλὰ
3298 2050 3608 2115 ἐποίησας,
3650 2049 3747 2101 ἐπὶ
3795 2048 3911 2114 τῆς

2341 2133 2492 2200 τῆς;
2533 2134 2707 2187 Ἀλλὰ
2730 2136 3094 2189 ἀπόστειλον
3125 2136 3238 2204 τὴν
3273 2137 3439 2205 χεῖρά
3472 2152 3605 2200 σου,
3633 2137 3728 2188 καί
3759 2135 3912 2202 ἅψαι

2339 2221 2578 2275 πάντων
2599 2218 2676 2276 ὧν
2714 2225 2856 2292 ἔχει·
2882 2225 2917 2292 ἦ
2945 2226 3070 2294 μὴν
3092 2229 3179 2291 εὶς
3203 2228 3524 2294 πρόσωπόν
3554 2241 3626 2278 σε
3650 2225 3906 2292 εὐλογή-

2338 2324 2457 2362 σει·
2489 2311 2985 2380 καταισχυνθέντος,
3021 2313 3095 2375 ὡς
3133 2314 3224 2365 καὶ
3261 2313 3382 2365 τότε
3424 2313 3908 2381 καταψευσαμένου

2339 2399 2475 2451 κατὰ
2506 2399 2606 2451 τοῦ·
2649 2399 2785 2464 Ἰὼϐ,
2821 2403 2966 2464 ὅστις
2993 2403 3226 2459 τοσαῦτα
3257 2402 3461 2467 παθὼν,
3496 2405 3592 2472 οὐχ
3620 2405 3694 2465 ὡς
3715 2405 3903 2472 ἔλεγεν

2333 2493 2364 2543 ὁ
2388 2484 2776 2559 ἀντικείμενος,
2810 2493 2888 2553 εἰς
2919 2491 3204 2561 πρόσωπον
3233 2492 3439 2558 εὐλόγει
3467 2492 3556 2543 τὸν
3586 2493 3737 2552 Θεὸν,
3768 2494 3908 2548 ἀλλὰ

2337 2580 2428 2632 καὶ
2463 2581 2780 2651 παραδοθεὶς
2811 2581 2886 2650 τῷ
2919 2582 3228 2651 πειράζοντι
3259 2581 3505 2651 ἐπιμένει
3535 2581 3773 2648 εὐλογῶν
3811 2584 3903 2634 τὸν

2335 2670 2556 2739 Κύριον,
2613 2671 2876 2739 ἐπιτιμῶν
2919 2673 2984 2739 τῇ
3039 2671 3254 2738 γυναικὶ
3309 2671 3573 2742 λεγούσῃ·
3611 2668 3804 2724 Εἶπόν
3847 2689 3904 2724 τι

2329 2760 2488 2827 ῥῆμα
2532 2761 2679 2827 πρὸς
2708 2762 2924 2828 Κύριον
2956 2761 3052 2814 καὶ
3095 2763 3363 2815 τελεύτα’
3409 2763 3501 2814 καὶ
3542 2763 3899 2832 ἐπιπλήσσων

2332 2853 2388 2902 ἐν
2415 2851 2490 2918 τῷ
2532 2851 2789 2918 φάσκειν·
2829 2853 3048 2917 Ὥσπερ
3081 2852 3189 2919 μία
3223 2851 3339 2904 τῶν
3383 2853 3658 2919 ἀφρόνων
3691 2870 3899 2921 γυναι-

2330 2937 2453 2990 κῶν
2477 2938 2803 3005 ἐλάλησας.
2864 2942 2906 2990 Ε
2912 2943 2929 2991 ι
2961 2938 3031 2991 τὰ
3055 2939 3241 3009 ἀγαθὰ
3271 2939 3589 3008 ἐδεξάμεθα
3606 2941 3675 2992 ἐκ
3699 2942 3900 3008 χειρὸς

2328 3030 2567 3096 Κυρίου,
2619 3029 2772 3082 κακὰ
2816 3032 2928 3096 οὐχ
2971 3032 3332 3099 ὑποίσομεν;
3381 3032 3490 3084 Καὶ
3530 3031 3781 3100 δεύτερον
3842 3031 3900 3084 δὲ

2329 3122 2457 3189 περὶ
2504 3118 2597 3170 τοῦ
2644 3119 2760 3170 ’1ὼὸ
2801 3120 2829 3170 ὁ
2869 3119 3110 3181 διάϐολος
3151 3117 3269 3172 εἷπε
3313 3119 3390 3189 τῷ
3440 3121 3655 3189 Κυρίῳ·
3705 3120 3903 3187 Δέρμα

2328 3213 2476 3278 ὑπὲρ
2511 3211 2827 3279 δέρματος,
2871 3210 2986 3262 ὅσα
3030 3209 3280 3278 ὑπάρχει
3301 3208 3379 3274 τῷ
3413 3208 3696 3275 ἀνθρώπῳ
3740 3208 3899 3276 ὑπὲρ

2326 3299 2436 3366 τῆς
2468 3299 2673 3366 ψυχῆς
2705 3299 2886 3352 αὐτοῦ
2907 3300 3146 3352 ἐκτίσει.
3170 3301 3251 3351 Οὐ
3283 3298 3408 3366 μὴν
3433 3298 3518 3360 δὲ,
3549 3299 3707 3352 ἀλλὰ
3746 3299 3898 3351 ἀετό-

2325 3392 2572 3441 στειλον
2594 3387 2706 3453 τὴν
2721 3387 2886 3455 χεῖρὰ
2911 3402 3046 3447 σου,
3074 3386 3172 3439 καὶ
3188 3386 3335 3454 ἅψαι
3360 3385 3477 3438 τῶν
3497 3386 3692 3438 ὀστῶν
3707 3387 3899 3439 αὐτοῦ

2327 3477 2423 3530 καὶ
2457 3475 2571 3527 τῶν
2600 3477 2842 3542 σαρκῶν
2865 3471 3049 3547 αὺτόῦ
3069 3493 3081 3506 ·
3114 3472 3152 3543 ἦ
3186 3475 3311 3544 μὴν
3339 3478 3424 3541 εις
3462 3477 3788 3542 πρόσωπόν
3819 3492 3895 3529 σε

2325 3564 2661 3633 εὐλογήσω.
2687 3566 3050 3634 Νενικημὲνος
3068 3565 3123 3618 δέ
3145 3566 3247 3617 ὑπὸ
3267 3564 3358 3632 τοῦ
3387 3566 3483 3633 τῆς
3507 3566 3701 3635 ἀρετῆς
3721 3564 3893 3633 ἀθληο

2323 3655 2435 3716 τοῦ,
2457 3655 2655 3725 ψευδὴς
2683 3653 3056 3705 ἀποδείκνυται
3075 3670 3088 3684 ’
3113 3654 3284 3705 καίτοι
3304 3653 3409 3722 γὰρ
3435 3653 3502 3704 τὰ
3531 3653 3894 3721 χαλεπώτατα

2325 3743 2602 3805 πεπονθὼς
2628 3743 2880 3811 ἐπέμεινε
2907 3742 3069 3812 μηδὲν
3093 3741 3353 3813 ἁμαρτὼν
3370 3745 3479 3804 τοῖς
3503 3742 3732 3811 χείλεσιν
3759 3743 3896 3795 ἐνώ-

2321 3853 2441 3889 πιον
2472 3834 2563 3887 τοῦ
2597 3833 2749 3886 Θεοῦ.
2785 3834 2886 3886 Δύο
2913 3833 2970 3885 δὲ
3007 3834 3353 3902 παλαίσματα
3386 3835 3648 3897 παλαίσας
3690 3838 3718 3887 ὁ
3763 3835 3890 3887 Ἱὼὸ

2320 3927 2414 3979 καὶ
2451 3927 2696 3995 νικήσας,
2726 3925 2903 3994 τρίτον
2933 3926 3031 3976 οὐκ
3062 3907 3378 3992 ἀγωνίζεται
3408 3923 3518 3994 (l7)
3563 3925 3887 3994 τηλικοῦτον

2319 4018 2533 4085 ἀγῶναο
2570 4016 2673 4067 ἔδει
2706 4016 2811 4085 γὰρ
2839 4016 2934 4084 τὴν
2959 4033 3022 4067 πε
3035 4015 3085 4085 pl.
3114 4015 3416 4086 τῶν-τριῶν
3447 4015 3619 4086 πάλην
3641 4016 3887 4086 τηρηθῆ-

2319 4123 2404 4158 ναι
2433 4104 2508 4174 τῷ
2539 4098 2767 4174 Σωτῆρι,
2797 4106 2914 4172 ἥτις
2941 4105 2996 4154 ἐν
3029 4107 3137 4165 τοῖς
3166 4105 3338 4172 τρισὶν
3369 4103 3718 4171 Εὑαγγελίοις
3751 4106 3888 4157 ἀνα-

2303 4194 2643 4263 γέγραπται,
2660 4193 2726 4244 τὰ
2743 4193 2866 4262 τρία
2884 4193 3197 4261 νικήσαντος
3214 4192 3305 4243 τοῦ
3329 4193 3466 4244 κατὰ
3488 4193 3576 4244 τὸν
3593 4192 3884 4262 ἄνθρωπον

2317 4285 2564 4353 Σωτῆρος
2586 4283 2737 4352 ἡμῶν
2772 4283 3078 4351 νοουμένου,
3101 4282 3189 4334 τὸν
3208 4282 3417 4353 ἐχθρόν.
3453 4283 3546 4334 ”Ἰν’
3568 4281 3662 4335 οὖν
3693 4283 3882 4336 νοοῦν-υ

2315 4390 2402 4434 τες
2429 4371 2665 4441 αἰτῶμεν
2695 4373 2783 4423 τὸν
2811 4371 2940 4424 Θεὸν
2970 4373 3028 4424 τὸ
3059 4373 3130 4442 μὴ
3157 4372 3412 4424 εἰσελθεῖν
3440 4376 3518 4434 είς
3547 4376 3876 4444 πειρασμὸν,

2317 4465 2408 4514 καὶ
2452 4462 2510 4513 τὸ
2571 4461 2968 4536 ῥυσθῆναιάπὸ
3017 4461 3110 4513 τοῦ
3155 4461 3408 4532 πονηροῦ,
3455 4464 3880 4535 ἐπιμελέστερον

2316 4553 2485 4605 ταῦτα
2517 4552 2881 4618 ἐξετάσαντες,
2925 4553 3016 4604 καὶ
3042 4555 3168 4621 παρ’
3214 4554 3423 4613 ἑαυτοῖς
3459 4553 3878 4622 ἐρευνήσαντες,

2317 4644 2452 4706 ἄξιοι
2490 4643 2574 4694 διὰ
2606 4643 2699 4693 τοῦ
2737 4643 2951 4694 ἀκούειν
2979 4642 3132 4703 Θεοῦ,
3160 4642 3251 4694 τοῦ
3287 4643 3611 4696 ἀκούσεσθαι
3638 4643 3746 4711 (i8)
3784 4644 3882 4696 ὑπ’

2317 4730 2477 4783 αὐτοῦ
2506 4731 2795 4798 γινόμενοι,
2830 4729 3233 4799 παρακαλῶμεν
3266 4730 3648 4801 πειραζόμενοι
3682 4730 3756 4798 μὴ
3783 4730 3880 4783 Θα-

2323 4880 2597 4948 lbid.,10.
2672 4880 2717 4912 ⁵⁸
2745 4879 2903 4945 lbid.,
2934 4881 2990 4945 4,
3025 4882 3079 4942 5.
3153 4881 3198 4914 ’δ’
3229 4880 3364 4952 Eph.
3397 4899 3471 4948 τι,
3505 4884 3590 4939 16.
3666 4885 3713 4917 ⁸⁸
3741 4884 3878 4969 Qse.

2513 5082 2703 5146 Αὐτῷ.
2747 5082 2890 5150 Lego
2925 5096 3043 5135 cum
3063 5079 3329 5148 Bentleio,
3365 5083 3523 5154 αὐτῇ,
3555 5097 3748 5155 nempe
3801 5093 3867 5158 τῇ

2338 5163 2502 5204 Λιψει.

2375 5167 2502 5204 ινει.

2375 5167 2484 5292 (Elii)
2517 5218 2846 5292 godexmsq
2871 5220 2926 5271 δὲ
2955 5216 3131 5292 τοῦτο.
3158 5217 3339 5292 ΕιΙίιῙο
3368 5219 3568 5286 Oxon.,
3592 5222 3654 5292 δὴ
3687 5223 3874 5278 τοῦτο.

2379 5288 2491 5357 (i6)
2528 5287 2716 5340 P0516
2749 5290 2874 5349 Θεός
2921 5289 3107 5357 reditio
3156 5289 3332 5341 Oxon.
3379 5292 3521 5343 intra
3578 5287 3879 5347 un'cinutos

2303 5356 2460 5407 habet
2490 5357 2579 5408 τὸν
2619 5357 2759 5413 Ίώὸ.
2793 5356 2930 5421 quod
2968 5357 3305 5410 desideratur
3352 5361 3401 5411 in
3447 5361 3634 5413 codice
3667 5375 3878 5414 manu-

2301 5426 2521 5496 εὶς-τίνω,
2562 5426 2684 5475 licet
2718 5425 2983 5496 id_sensu_s
3016 5428 3363 5496 postulet.-
3387 5429 3514 5480 ltem
3551 5429 3712 5491 infra.
3743 5442 3870 5496 νοει

2299 5491 2814 5573 εἰληιὶενριικευρῃιι)
2842 5493 2928 5573 τὸν
2951 5493 3216 5573 διάιξολον.
3249 5497 3402 5573 Emis.
3429 5497 3666 5573 Pyram"

2337 5561 2484 5666 VU?)
2516 5561 2694 5614 Codex
2731 5577 2854 5628 ms.,
2882 5564 3225 5629 ἀγωνίζεται.
3265 5567 3440 5620 Editio
3474 5564 3676 5626 Oxon.,
3714 5568 3872 5634 ἀγω-

2357 5665 2360 5666 ,
2389 5646 2507 5666 Mm

2301 5631 2532 5696 νίζηται.

2283 5708 2285 5710 ’
2373 5701 2483 5769 (18)
2512 5697 2643 5752 Cod.
2682 5701 3167 5766 ιηε.,ἀκούσεσθαι.
3191 5704 3284 5756 Ed.
3318 5701 3518 5770 0:00.,
3542 5704 3868 5765 ἀκούεσθαι.
