4080 6306
199 421 298 481 5L9

1452 412 1787 470 LlBELLUS
1827 411 1915 467 DE
1951 413 2322 472 ORATIONE.

3245 429 3249 432 ‘
3318 417 3423 473 5350

198 539 494 602 νατοῦσθαι,
551 539 644 590 καί
688 536 998 607 βαλλόμενοι
1042 534 1147 587 ὑπὸ
1191 533 1299 586 τῶν
1342 529 1448 586 τοῦ
1489 534 1752 600 πονηροῦ

1860 548 1964 585 non
2009 534 2378 586 accenduntur
2410 546 2540 587 vero
2569 533 2660 601 qui
2687 541 2836 586 scuto
2865 533 2990 600 ﬁdei
3023 531 3198 586 omnia
3221 535 3423 586 exstin-

196 628 621 695 κεπυρωμένων
666 624 872 690 ,βελῶν
922 623 996 694 μὴ
1042 621 1376 675 ἀνάπτεσθαι
1424 621 1512 673 ὑπ’
1555 623 1751 674 αὐτῶν.

205 713 549 769 Ἀνάπτονται
580 716 636 767 δὲ
687 717 778 768 ὑπ’
823 714 999 767 αὐτῶν
1049 713 1269 775 πάντες,
1315 705 1409 773 ὧν,
1459 712 1600 763 κατὰ
1636 724 1758 765 τινα

193 806 292 859 τῶν
323 805 551 868 δώδεκα,
578 808 637 857 αι
669 804 902 872 καρδίαι
926 805 1006 868 ὡς
1025 805 1310 869 κλίϐανος
1349 802 1721 872 ἐγενήθησαν
1740 816 1756 831 ·

192 897 284 950 οὐκ
315 896 640 948 ἀνάπτονται
671 894 727 945 δὲ
756 895 804 945 οἱ
832 893 909 962 τῷ
937 892 1124 960 θυρεῷ
1148 892 1259 959 τῆς
1283 895 1536 956 πίστεως
1561 891 1757 943 πάντα

190 987 547 1051 σϐεννόντες
576 985 647 1037 τὰ
680 986 1125 1053 ἐπιπεμπόμενα
1161 984 1341 1044 αὐτοῖς
1367 981 1758 1049 πεπυρωμένα

188 1077 302 1129 ὑπὸ
340 1076 447 1129 τοῦ
495 1075 757 1142 πονηροῦ
799 1074 990 1142 βέλη⁶
1032 1074 1171 1127 ἐπὰν
1219 1078 1412 1143 ἔχωσιν
1460 1075 1516 1126 ὲν
1547 1075 1756 1135 ἑαυτοῖς

188 1168 462 1236 ποταμοὺς
505 1149 694 1228 ὕδατος
735 1165 1025 1236 ἁλλομένου
1059 1169 1143 1228 είς
1177 1165 1316 1235 ζωὴν
1359 1163 1590 1226 αἰώνιον,
1631 1164 1757 1225 τοὺς

1858 634 2022 691 guunt
2046 623 2096 675 in
2116 638 2174 675 se
2193 623 2340 690 jncta
2364 624 2517 691 ignea
2535 640 2566 675 a
2592 626 2906 692 nequissimo
2929 623 3031 676 tela
3056 625 3134 688 ἰς
3163 623 3425 675 habentes

1857 714 2064 768 scilicet
2104 714 2155 764 in
2188 727 2247 766 se
2289 712 2419 780 ipsis
2455 714 2677 781 ﬂumina
2717 730 2868 781 aquae
2899 715 3132 780 salientis
3163 715 3218 764 in
3263 715 3426 764 vitam

1859 812 2109 857 a'ternam
2141 803 2207 864 ⁸³,
2239 817 2356 870 quae
2387 803 2558 870 ignem
2595 804 2912 870 nequissimi
2948 803 3284 855 invalescere
3317 817 3423 853 non

1863 894 2067 955 sinunt,
2105 893 2198 946 sed
2230 892 2386 946 facile
2413 893 2710 946 dissolvunt
2743 894 3049 946 divinarum
3081 895 3426 946 salutarium-

1862 997 1966 1051 que
2012 983 2214 1034 diluvio
2262 983 2653 1049 cogitationum
2693 998 2815 1050 quae
2858 983 2973 1049 ejus
3019 984 3070 1036 in
3112 985 3294 1035 animo
3333 983 3426 1051 qui

1863 1074 2040 1126 studet
2067 1072 2361 1140 spiritualis
2398 1071 2535 1136 ﬁeri,
2579 1087 2675 1140 per
2719 1075 2966 1126 veritatis
3000 1073 3423 1142 contemplatio-

1865 1176 1985 1212 nem
2011 1158 2397 1212 informantur.

189 1253 262 1324 μὴ
305 1254 508 1317 ἐῶντας
545 1256 758 1324 ἰσχύσαι
784 1254 850 1307 τὰ
881 1254 974 1307 τοῦ
1007 1254 1262 1327 πονηροῦ,
1298 1254 1432 1306 ἀλλὰ
1463 1253 1699 1324 εὐχερῶς
1733 1250 1872 1303 αὐτὰ
1897 1249 2120 1311 λύοντας
2151 1248 2228 1318 τῷ
2259 1247 2626 1317 κατακλυσμῷ
2655 1249 2760 1300 τῶν
2789 1248 2986 1336 ¹ἐνθέων
3018 1249 3115 1299 καὶ·
3144 1247 3427 1317 σωτηρίων

185 1347 479 1416 λογισμῶν,
516 1349 924 1418 έντυπουμένων
948 1349 1054 1400 ἀπὸ
1073 1349 1180 1401 τῶν
1207 1350 1304 1418 τῆς
1331 1346 1581 1416 ἀληθείας
1608 1344 1975 1416 θεωρημάτων
2006 1345 2071 1412 τῇ
2101 1342 2194 1394 τοῦ
2227 1341 2523 1403 ἀσκοῦντος
2557 1337 2691 1393 εἶναι
2720 1343 3086 1410 πνευματικοῦ
3112 1342 3277 1412 ψυχῇ.

251 1439 412 1488 Δοκεῖ
441 1437 498 1488 δέ
544 1455 634 1507 μοι
679 1438 814 1508 μετᾶ
861 1438 1037 1491 ταῦτα
1064 1441 1164 1490 οὐκ
1197 1438 1395 1490 ἄτοπον
1439 1434 1575 1489 εἶναι
1619 1438 1755 1506 ὑπὲρ

185 1525 272 1578 τοῦ
309 1527 662 1598 πληρωθῆναι
695 1530 754 1580 τὸ
788 1531 914 1599 περὶ
945 1529 1042 1597 τῆς
1085 1529 1250 1598 εὐχῆς
1285 1527 1594 1598 πρόὸλημα,
1637 1527 1754 1579 δια-

183 1614 364 1679 λαϐεῖν
392 1618 502 1685 (19)
536 1616 1040 1687 είσαγωγικῴτερον
1071 1620 1197 1688 περὶ
1223 1618 1320 1687 τῆς
1350 1617 1751 1679 καταστάσεως,

185 1705 387 1757 καὶτοῦ
414 1708 687 1775 σχήματος
715 1707 742 1758 ὃ
770 1707 851 1758 δεῖ
870 1707 1011 1777 ἔχειν
1034 1708 1125 1760 τὸν
1141 1709 1450 1778 εὐχόμενον,
1475 1707 1568 1759 καὶ
1593 1707 1754 1757 τόπου

182 1789 242 1847 οὗ
270 1794 524 1862 εὔχεσθαι
551 1796 677 1864 χρὴ,
709 1797 801 1846 κοιλ¹
821 1796 1079 1866 κλίματος
1100 1799 1177 1860 εἰς
1199 1798 1226 1849 ὃ
1251 1800 1456 1869 ἀφορᾷν
1478 1799 1558 1850 δεῖ
1587 1797 1754 1867 χωρὶς

184 1885 364 1951 πάσης
399 1885 791 1953 περιστάσεως,
819 1885 912 1936 καὶ
938 1887 1129 1955 χρόνου
1156 1888 1236 1947 είς
1262 1887 1424 1955 εὐχὴν
1449 1885 1750 1954 ἐπιτηδείου

183 1973 274 2022 καὶ
300 1970 602 2040 έξαιρέτου,
636 1972 728 2023 καὶ
756 1970 882 2022 εἴτι
910 1972 1116 2033 τούτοις
1143 1972 1289 2023 ἐστὶν
1327 1973 1529 2042 ὅμοιον.
1563 1972 1670 2022 Καὶ
1693 1970 1753 2021 τὸ

1928 1434 2019 1486 5|.
2066 1432 2189 1486 Post
2233 1433 2347 1486 haec
2396 1433 2689 1486 absurdum
2741 1433 2871 1486 mibi
2922 1448 3025 1483 non
3081 1435 3317 1495 videtur,
3366 1442 3425 1486 ιιι

1856 1526 1958 1580 boc
1990 1526 2056 1578 tle
2103 1524 2352 1577 oratione
2394 1533 2773 1592 argumentum
2813 1523 3150 1590 impleamus,
3186 1520 3426 1578 tractare

1857 1618 2163 1669 accuratius
2192 1617 2255 1668 de
2281 1615 2473 1669 alleetu
2510 1626 2566 1667 et
2596 1623 2741 1669 statu
2773 1631 2880 1685 quo
2911 1631 3032 1668 esse
3061 1626 3273 1683 oportet
3295 1632 3421 1670 eum

1855 1707 1946 1774 qui
1982 1716 2134 1768 orat;
2174 1705 2301 1758 item
2341 1707 2406 1758 de
2453 1707 2571 1759 loco
2617 1707 2706 1759 ubi
2745 1707 3010 1759 orandum
3043 1707 3136 1769 sit,
3175 1715 3230 1759 et
3271 1717 3425 1774 parte

1861 1797 2040 1848 mundi
2089 1796 2154 1848 ad
2199 1811 2362 1863 quam
2403 1797 2473 1849 sit
2509 1797 2927 1862 respiciemlum,
2977 1798 3122 1850 nulla
3175 1799 3426 1852 obstante

1858 1883 2305 1945 circumstantia;
2343 1884 2469 1935 item
2509 1886 2573 1936 de
2608 1876 2845 1951 tempore
2871 1885 2936 1937 ad
2967 1887 3268 1938 orationem
3299 1895 3425 1954 apto

1858 1979 1912 2023 et
1939 1971 2207 2040 eligendo,
2244 1980 2297 2023 et
2340 1973 2383 2024 si
2436 1972 2565 2038 quid
2595 1973 2677 2024 bis
2721 1982 2804 2026 est
2847 1975 3041 2027 simile.
3076 1975 3314 2029 Atfectus
3353 1975 3422 2028 ad

186 2063 284 2131 μὲν
305 2063 405 2132 τῆς
435 2063 819 2126 καταστάσεως
837 2066 915 2125 εἰς
935 2065 1034 2133 τὴν
1051 2064 1229 2132 ψυχὴν
1251 2063 1663 2130 ὲγκαταθετέον,
1691 2062 1752 2113 τὸ

1855 2063 2092 2111 animam
2123 2061 2437 2113 referendus
2465 2071 2568 2124 est,
2591 2067 2766 2116 status
2787 2064 2852 2115 ad
2876 2079 3093 2131 corpus.
3115 2066 3204 2118 Ait
3238 2067 3424 2134 itaque

184 2151 239 2203 δὲ
267 2152 361 2202 τοῦ
391 2154 667 2221 σχήματος
705 2154 783 2216 είς
804 2154 863 2205 τὸ
891 2153 1066 2222 σῶμα.
1102 2154 1240 2223 Φησὶ
1272 2155 1449 2206 τοίνυν
1469 2153 1748 2216 ὀ,Παῦλος,

182 2241 257 2302 ὡς
294 2243 352 2292 έν
381 2245 496 2310 τοῖς
541 2241 797 2311 ἀνωτέρω
829 2242 1082 2312 ἐλέγομεν
1125 2244 1258 2310 (20),
1292 2244 1389 2311 τὴν
1423 2244 1752 2296 κατάστασιν

183 2329 535 2399 ὑπογράφων,
557 2334 614 2383 ὲν
630 2331 706 2400 τῷ
718 2331 825 2383 δεῖν
842 2333 1236 2401 προσεύχεσθαι
1253 2333 1428 2401 χωρὶς
1442 2332 1643 2401 ὀργῆς,
1665 2333 1754 2384 ναὶ

181 2417 597 2487 διαλογισμοῦ·
621 2421 683 2472 τὸ
697 2421 753 2474 δὲ
771 2423 955 2491 σχῆμα
975 2422 1032 2473 ἐν
1053 2422 1150 2490 τῷ,
1169 2422 1524 2488 ἐπαίροντας
1548 2425 1755 2488 ὁσίους

181 2508 416 2575 χεῖρας·
446 2510 582 2582 ὅπερ
614 2509 891 2579 εἰληφέναι
923 2528 1012 2579 μοι
1039 2511 1186 2563 δοκεῖ
1204 2512 1312 2563 ἀπὸ
1334 2512 1442 2563 τῶν
1475 2512 1741 2582 Ψαλμῶν,

180 2597 355 2662 οὕτως
379 2599 500 2669 ἔχον
517 2617 528 2629 ·
559 2602 845 2667 Ἔπαρσις
868 2600 985 2653 τῶν
995 2602 1212 2670 χειρῶν
1231 2620 1348 2670 μου
1375 2605 1556 2656 θυσία
1575 2605 1753 2657 ἐσπε-

172 2689 314 2756 ρινή
332 2707 346 2719 ·
387 2690 514 2762 περὶ
541 2691 597 2743 δὲ
630 2691 814 2743 τόπουο
851 2694 1149 2760 Βούλομαι
1178 2690 1290 2746 οὗν
1318 2688 1754 2763 προσεύχεσθαι

179 2778 324 2844 τοὺς
341 2779 566 2846 ἄνδρας
593 2782 662 2832 ἐν
683 2782 857 2834 παντὶ
881 2785 1056 2845 τόπῳ·
1085 2783 1211 2852 περὶ
1235 2784 1290 2835 δὲ
1320 2783 1595 2852 κλίματος,
1614 2787 1669 2836 ὲν
1688 2789 1753 2855 τῇ

183 2867 360 2937 Σοφίᾳ.
395 2870 758 2938 Σολομῶντος*
796 2872 992 2935 Ὅπως
1017 2873 1288 2940 γνωστὸν
1313 2867 1354 2942 ᾖ
1387 2873 1475 2924 ὅτι
1506 2874 1600 2925 δεῖ
1609 2875 1756 2940 φθά-

178 2971 310 3009 νειν
339 2957 448 3009 τὸν
474 2958 651 3024 ἥλιον
679 2951 770 3010 ἐπ’
786 2962 1183 3027 ,εὐχαριστίαν
1215 2962 1322 3032 (2|)
1356 2977 1494 3026 σου,
1522 2965 1619 3016 καὶ
1644 2966 1755 3031 πρὸ

176 3045 488 3113 ἀνατολῆς
533 3047 726 3114 φωτὸς
776 3048 1164 3117 ἐντυγχάνειν
1210 3064 1326 3103 σοι.
1381 3053 1538 3102 Δοκεῖ
1579 3052 1756 3104 τοίνυν

183 3152 274 3204 μοι
315 3137 409 3187 τὸν
437 3137 696 3206 μέλλοντα
729 3137 882 3206 ἥκειν
926 3140 1017 3190 ἐπὶ
1060 3139 1158 3207 τὴν
1193 3141 1376 3210 εὐχὴν,
1415 3142 1590 3208 ὀλίγον
1623 3146 1756 3196 ὑπο-ο

179 3225 385 3278 στάντα
441 3227 535 3277 καὶ
576 3227 765 3278 ἑαυτὸν
807 3229 1220 3297 εὐτρεπίσαντα,
1272 3231 1756 3302 ἐπιστρεφέστερον

178 3316 271 3368 καὶ
311 3314 670 3386 εὐτονώτερον
721 3317 856 3386 πρὸς
892 3317 953 3368 τὸ
987 3318 1105 3369 ὅλον
1144 3319 1392 3384 γενέσθαι
1428 3322 1526 3388 τῆς
1568 3324 1750 3392 εὐχῆς*
1781 3361 1822 3415 C

180 3406 360 3459 πάντα
384 3408 686 3476 πειρασμὸν
721 3409 832 3477 (22)
866 3412 958 3461 καὶ
989 3409 1260 3480 λογισμῶν
1282 3414 1523 3482 ταραχὴν
1556 3414 1752 3465 ἀποϐε-

177 3497 438 3566 ϐληκότα,
485 3497 676 3548 ἑαυτὸν
719 3513 780 3548 τε
833 3498 1222 3568 ὑπομνήσαντα
1262 3501 1399 3552 κατά
1439 3503 1500 3552 τὸ
1536 3501 1756 3555 δυνατὸν

175 3587 271 3640 τοῦ
304 3586 570 3656 μεγέθους
600 3581 643 3653 ᾧ
666 3587 1022 3656 προσέρχεται
1040 3589 1170 3656 (25),
1203 3590 1294 3639 καὶ
1321 3591 1400 3641 ὅτι
1426 3592 1615 3655 ἀσεϐές
1640 3595 1754 3644 ἐστι

175 3676 351 3745 τούτῳ
386 3677 581 3745 χαῦνον
610 3678 702 3728 καὶ
739 3677 1017 3744 ἀνειμένον
1041 3678 1376 3746 προσελθεῖν,
1399 3681 1491 3730 καὶ
1517 3682 1755 3749 ὡσπερεὶ

175 3766 641 3835 καταφρονοῦντα,
665 3767 993 3836 ἀποθέμενον
1021 3767 1193 3819 πάντα
1211 3767 1277 3819 τά
1297 3768 1566 3838 ἀλλότρια,
1584 3771 1754 3833 οὕτως

175 3860 334 3928 ἣκειν
365 3858 459 3908 ἐπὶ
489 3859 546 3909 τὸ
574 3857 848 3921 εῦξασθαι,
891 3859 994 3928 πρὸ
1030 3859 1137 3910 τῶν
1169 3859 1362 3926 χειρῶν
1386 3860 1622 3930 ὡσπερεὶ
1654 3863 1752 3930 τὴν

144 3966 147 3968 '
177 3948 358 4017 ψυχὴν
397 3946 731 4010 ἐκτείναντα,
767 3949 860 4000 καὶ
886 3948 992 4017 πρὸ
1023 3948 1128 3999 τῶν
1161 3948 1451 4018 ὀφθαλμῶν
1500 3950 1588 4000 τὸν
1629 3950 1751 4001 νοῦν

178 4038 314 4110 προς
346 4037 439 4089 τὸν
474 4036 605 4108 Θεὸν
635 4038 960 4102 έντείναντα,
1011 4039 1103 4090 καὶ
1139 4039 1242 4108 πρὸ
1279 4038 1371 4090 τοῦ
1418 4039 1604 4108 στῆναι
1643 4041 1750 4092 διε-

178 4131 442 4200 γείραντα
456 4126 690 4195 χαμόθεν
702 4128 761 4177 τὸ
775 4129 1115 4196 ἡγεμονικὸν,
1139 4129 1231 4181 καὶ
1250 4131 1442 4198 στῆσαι
1465 4130 1598 4198 (25⁸)
1622 4132 1751 4184 αὐτὸ

180 4219 318 4289 πρὸς
362 4217 452 4268 τὸν
496 4214 602 4266 τῶν
640 4215 774 4265 ὅλων
800 4216 1026 4284 Κύριον,
1053 4220 1228 4269 πᾶσαν
1262 4220 1624 4286 μνησικακίαν
1653 4222 1750 4289 τὴν

179 4311 317 4379 ἀτρός
353 4323 474 4359 τινα
511 4305 618 4357 τῶν
662 4303 978 4374 ἠδικηκέναι
1023 4307 1320 4360 δοκούντων
1367 4308 1457 4359 ἐπὶ
1502 4308 1749 4360 τοσοῦτον

177 4399 538 4467 ἀποθέμενον,
569 4398 690 4448 ὅσον
718 4413 799 4456 τις
832 4396 926 4446 καὶ
955 4396 1104 4464 αὐτῷ
1143 4401 1494 4465 μνησικακεῖν
1525 4398 1632 4466 (24)
1659 4398 1748 4450 τὸν

177 4488 311 4540 Θεὺν
339 4487 583 4556 βούλεται
605 4484 906 4554 ⁴ηδικηκότι,
937 4485 1030 4535 καί
1051 4486 1131 4546 είς
1151 4485 1376 4548 πολλοὺς
1393 4487 1498 4538 τῶν
1524 4487 1748 4556 πλησίον

177 4576 546 4647 ἡμαρτηκότι,
599 4575 632 4645 ἢ
673 4575 832 4626 ὁποῖα
871 4573 1070 4641 δήποτε
1109 4573 1259 4641 παρὰ
1291 4574 1382 4626 τὸν
1411 4575 1566 4645 ὀρθὸν
1595 4576 1747 4643 λόγον

1854 2149 2082 2214 Paulus,
2130 2159 2187 2202 ut
2240 2149 2292 2203 in
2335 2153 2709 2219 superioribus
2751 2154 3009 2217 diximus,
3052 2154 3302 2210 allectum
3332 2157 3426 2210 de-

1852 2241 2121 2304 scribens,
2150 2241 2415 2293 oraudutu
2449 2255 2569 2294 esse
2611 2245 2721 2294 sine
2772 2245 2854 2296 ira
2909 2255 2956 2295 et
3007 2246 3422 2312 disceptatione;

1853 2339 2054 2383 statqu
2099 2344 2272 2383 vero:
2331 2329 2581 2383 Levantes
2638 2349 2800 2400 puras
2845 2350 3033 2387 manus
3083 2336 3148 2398 ⁵³,
3200 2337 3344 2405 quod
3391 2352 3423 2390 e

1853 2421 2080 2475 Psalmis
2131 2423 2428 2490 sumpsisse
2475 2425 2608 2476 mibi
2655 2426 2892 2487 videtur,
2948 2429 3036 2479 ubi
3085 2430 3164 2480 sic
3209 2431 3367 2483 habet
3405 2448 3420 2484 :

1855 2513 2090 2566 Elevatio
2160 2533 2412 2570 manuum
2485 2534 2717 2570 mearum
2781 2519 3101 2586 sacriﬁcium
3174 2524 3424 2589 vesperti-

1857 2619 1979 2656 num
2033 2606 2114 2671 ἰς
2177 2608 2303 2660 item
2367 2609 2653 2662 deloco:
2704 2609 2830 2662 Volo
2891 2627 3013 2678 ergo
3079 2613 3212 2664 viros
3273 2629 3424 2666 orare

1856 2695 2018 2763 267
2051 2696 2104 2748 in
2142 2701 2279 2748 omni
2311 2697 2421 2749 loco
2439 2698 2510 2763 ”;
2547 2708 2600 2752 et
2631 2700 2697 2752 de
2722 2710 2874 2768 parte
2901 2703 3083 2754 mundi
3112 2704 3162 2754 in
3193 2703 3422 2771 Sapien-

1861 2784 1931 2834 tia
1966 2784 2271 2838 Salomonis
2299 2788 2533 2839 dicitur:
2563 2785 2629 2838 Ut
2649 2798 2824 2840 notum
2847 2800 2976 2842 esset
2999 2793 3246 2858 quoniam
3265 2809 3423 2860 opor-

1858 2881 1928 2924 tet
1959 2877 2243 2940 prwvenire
2282 2878 2445 2929 solem
2489 2879 2556 2928 ml
2591 2879 2996 2933 benedictionem
3031 2893 3197 2946 tuam,
3226 2894 3276 2938 et
3301 2895 3423 2939 ante

1858 2976 2030 3017 ortum
2053 2967 2183 3018 lucis
2210 2977 2256 3018 te
2282 2967 2505 3020 adorare
2529 2969 2595 3022 “.
2627 2971 2878 3024 Arbitror
2899 2974 3062 3040 igitur
3085 2989 3206 3027 eum
3233 2977 3324 3043 qui
3355 2977 3423 3029 ad

1857 3055 2157 3108 orationem
2192 3071 2514 3111 accessurus
2565 3069 2670 3123 est,
2724 3062 2766 3113 si
2805 3063 3077 3128 paululum
3118 3067 3424 3122 substiterit

1859 3159 2024 3212 seque
2080 3145 2249 3212 ipsum
2301 3151 2689 3215 composuerit,
2732 3156 3125 3220 promptiorem
3153 3167 3207 3209 et
3239 3167 3421 3213 atten-

1859 3239 2052 3292 tiorem
2089 3255 2184 3307 per
2219 3251 2384 3293 totam
2427 3245 2730 3297 orationem
2783 3246 2931 3308 ﬁeri;
2991 3247 3114 3300 item
3150 3249 3192 3302 si
3231 3265 3422 3304 omnes

1860 3326 2025 3378 animi
2077 3329 2382 3383 anxietates
2431 3331 2932 3400 cogitatiouumque
2985 3336 3423 3402 perturbationes

1859 3414 2135 3483 abiecerit,
2168 3419 2378 3487 sibique
2402 3437 2499 3489 pro
2528 3423 2732 3477 viribus
2756 3424 2807 3476 in
2846 3428 3159 3480 memoriam
3194 3430 3423 3484 reduxe-

1859 3504 1930 3556 rit
1956 3505 2074 3572 ejus
2108 3509 2172 3560 ad
2201 3523 2362 3576 quem
2395 3514 2608 3566 accedit
2639 3514 2998 3582 majestatem,
3034 3527 3088 3570 et
3117 3534 3277 3585 quam
3314 3519 3418 3572 im-

1857 3595 2001 3660 pium
2034 3596 2104 3648 sit
2129 3597 2200 3648 illi
2227 3612 2284 3650 se
2308 3598 2490 3651 laxum
2514 3611 2566 3652 et
2598 3605 2880 3655 remiSsum
2905 3615 2960 3656 et
2999 3609 3155 3672 quasi
3181 3617 3420 3662 contem-

1859 3695 2072 3737 nentem
2099 3685 2317 3751 offerre,
2371 3689 2414 3742 si
2466 3691 2698 3758 denique
2748 3693 2919 3746 aliena
2977 3696 3308 3763 deposuerit,
3337 3701 3418 3752 sic

1858 3775 2042 3828 venire
2077 3779 2142 3829 ad
2193 3780 2487 3845 orandum;
2539 3785 2774 3836 animam
2827 3796 2952 3838 ante
2986 3803 3197 3848 manus.
3243 3797 3301 3842 ut
3341 3789 3415 3842 ita

1857 3863 2072 3931 loquar,
2099 3868 2429 3932 extendere;
2481 3879 2608 3922 ante
2649 3873 2831 3924 oculos
2861 3884 3092 3928 mentem
3141 3877 3208 3929 ad
3247 3878 3414 3932 Deum

1856 3954 2124 4020 dirigere;
2155 3965 2446 4023 antequam
2479 3969 2608 4022 stet,
2638 3961 2849 4028 erigere
2882 3963 3045 4016 humo
3075 3967 3414 4034 superiorem

1853 4045 2045 4098 animae
2074 4055 2283 4114 partem
2322 4058 2376 4101 et
2406 4064 2586 4102 coram
2620 4052 2995 4106 universorum
3031 4055 3258 4110 Domino
3304 4070 3416 4112 sta-

1854 4140 2035 4196 tuere;
2082 4139 2297 4188 omnem
2344 4139 2578 4205 denique
2610 4155 2794 4193 earum
2825 4159 2960 4211 quas
3006 4146 3074 4197 ab
3103 4146 3283 4214 aliquo
3309 4149 3412 4201 sibi

1852 4237 2047 4292 passus
2079 4226 2309 4288 videtur,
2369 4228 2687 4293 iujuriarum
2755 4235 3066 4286 memoriam
3108 4236 3160 4288 in
3205 4246 3409 4290 tantum

1852 4314 2140 4380 deponere,
2170 4327 2428 4382 quantum
2463 4331 2514 4371 et
2566 4320 2733 4372 Deum
2780 4324 3047 4388 quispiam
3083 4327 3191 4377 vult
3223 4329 3411 4380 imme-

1851 4417 2054 4455 morem
2091 4401 2224 4458 esse'
2248 4421 2434 4459 eorum
2486 4424 2605 4476 qum
2664 4411 2846 4477 inique
2905 4415 3071 4481 gessit
3110 4416 3240 4482 ipse,
3271 4429 3322 4472 et
3356 4421 3407 4472 iu

1851 4491 2048 4544 multos
2075 4507 2106 4544 e
2137 4499 2396 4561 proximis
2425 4501 2691 4565 peccavit,
2719 4515 2809 4552 aut
2839 4518 2957 4569 quae
2984 4516 3180 4571 praeter
3205 4517 3406 4560 rectam

1851 4582 2113 4633 rationem
2144 4586 2336 4650 quovis
2356 4590 2533 4654 egisse
2559 4593 2714 4652 modo
2743 4595 2842 4644 sibi
2870 4596 3118 4648 conscius
3146 4609 3245 4651 est.
3273 4598 3407 4652 Nam

178 4667 548 4735 πεπραγμένα
605 4663 780 4734 ἐαυτῷ
851 4663 1124 4722 συνειδότι.
1178 4665 1308 4715 Οὐδὲ
1354 4666 1599 4718 διστάσαι
1643 4669 1749 4739 γάρ

1855 4685 1975 4722 cum
2012 4671 2279 4724 innumeri
2308 4675 2416 4726 sint
2441 4681 2688 4743 corporis
2714 4681 2947 4744 habitus,
2983 4685 3071 4737 ille
3096 4687 3280 4753 procul
3313 4691 3408 4740 du-

178 4756 306 4827 χρὴ,
336 4758 417 4808 ὅτι
463 4756 668 4826 μυρίων
708 4753 1091 4807 καταστάσεων
1122 4753 1296 4805 οὐσῶν
1339 4755 1433 4807 τοῦ
1477 4756 1745 4826 σώματος,

176 4849 278 4915 τὴν
314 4847 644 4898 κατάστασιν
676 4846 774 4915 τὴν
810 4845 924 4914 μετ’
963 4843 1232 4904 ἐκτάσεως
1271 4844 1378 4895 τῶν
1421 4847 1618 4913 χειρῶν
1654 4846 1746 4899 καὶ

179 4939 496 4999 ἀνατάσεως
520 4935 627 4989 τῶν
651 4935 941 5004 ὀφθαλμῶν
971 4935 1185 4986 πάντων
1216 4937 1552 5004 προκριτέονο
1584 4939 1746 4989 οἱονεὶ

1855 4761 1939 4814 bio
1963 4776 2070 4829 quo
2109 4765 2470 4819 extenduntur
2506 4783 2694 4821 manus
2725 4781 2777 4830 et
2807 4787 3018 4826 sursum
3047 4777 3182 4828 oculi
3215 4778 3409 4830 tollite.-

1856 4860 1939 4901 tur
1965 4853 2357 4918 przeponemlus
2381 4856 2630 4909 omnibus
2657 4867 2740 4910 est
2781 4860 2850 4911 ab
2896 4877 2961 4915 eo
2997 4866 3088 4930 qui
3110 4867 3270 4919 etiam
3301 4867 3406 4922 fert

1851 4939 1904 4991 in
1934 4954 2159 5007 corpore
2187 4942 2326 4994 velut
2357 4943 2643 5013 imaginem
2671 4962 2856 5001 eorum
2886 4967 3004 5019 qua:
3047 4956 3280 5009 animam
3310 4974 3406 5026 per

249 5112 294 5145 ⁸¹
323 5114 462 5182 Eph.
498 5129 550 5167 Vl
577 5154 593 5180 ,
645 5113 731 5166 ‘lG.
807 5112 852 5143 ⁸⁸
881 5110 1036 5166 Joan.
1079 5126 1152 5178 tv,
1185 5108 1274 5164 14.
1347 5108 1434 5162 "l
1469 5108 1606 5162 Tim.
1637 5127 1696 5176 ιι,
1730 5113 1752 5168 8

1860 5111 1906 5143 ⁸⁵
1945 5110 2088 5166 Psal.
2117 5127 2238 5181 οη,
2266 5114 2322 5169 2.
2397 5117 2443 5148 "
2475 5117 2495 5170 l
2523 5118 2663 5174 Tim.
2702 5137 2763 5187 ιι,
2791 5122 2843 5177 8.
2921 5126 2966 5158 ⁸⁸
3003 5125 3134 5197 Sap.
3172 5146 3283 5196 xu,
3312 5135 3401 5191 28.

251 5271 363 5342 (l9)
380 5271 567 5342 MCodex
601 5272 964 5342 Colbertiuus,
1000 5273 1099 5325 οὐκ
1138 5273 1335 5325 ἄτοπον
1375 5270 1513 5324 εἶναι
1547 5274 1639 5324 καὶ
1676 5273 1735 5326 τὺ

179 5339 308 5422 περὶ
343 5339 440 5418 τῆς
473 5341 636 5422 εύχῆς
664 5339 959 5422 πρόϐλημα
1010 5342 1300 5422 διαλαϐεῖν,
1359 5345 1542 5422 sicque
1588 5344 1737 5394 deest

179 5359 308 5440 περι
343 5359 440 5408 της
473 5359 636 5408 ευχης
671 5359 959 5411 προολημα
1010 5359 1300 5401 οιαΛαοειν,
1359 5359 1542 5408 Sicque
1588 5359 1736 5394 oeest

179 5414 319 5530 ὑπςίῗ
347 5409 440 5460 τοῦ
466 5409 833 5479 πληρωθῆναι.
873 5415 999 5475 Quae
1033 5412 1195 5464 lectio
1227 5424 1330 5464 non
1355 5413 1559 5464 videtur
1585 5427 1736 5478 sper-

180 5496 300 5530 nem
325 5494 374 5529 a.

396 5547 489 5612 Ὡς
607 5545 1023 5619 τρῖςίξάνωτέρω
1053 5548 1353 5618 ἐλέγομεν.
1383 5548 1505 5605 llazc
1537 5546 1734 5603 omissa

177 5614 302 5676 sunt
321 5620 379 5669 in
415 5617 612 5668 codice
645 5614 879 5668 Colbert.

249 5689 359 5756 (2H
397 5683 580 5756 qud._
604 5682 1060 5756 C‘autabrigiensis
1090 5697 1144 5739 et
1178 5687 1538 5753 Colbertiuus,
1569 5688 1735 5756 εὐχα-

177 5752 403 5830 ριστίαν.
439 5753 618 5808 Eiitio
636 5752 832 5816 0:03.,
852 5753 1214 5824 εὐχαριστίας.

1913 5274 2021 5343 (τε)
2065 5274 2301 5357 Uterque
2356 5281 2568 5357 codex,
2620 5284 2793 5357 πάντα
2856 5289 3171 5357 πειρασμόν.
3229 5291 3404 5343 Ειίίιὶο

1841 5343 2037 5425 Οξοιιη
2077 5346 2251 5396 πάντα
2283 5351 2609 5425 γογιγυσμόν.
2657 5353 2798 5421 Lego
2845 5343 2966 5409 cuni
3019 5343 3286 5420 Bentleio,
3311 5363 3403 5412 καὶ
3443 5363 3446 5366 ’

1841 5418 2017 5485 πάντα
2046 5431 2110 5485 πε
2119 5418 2436 5485 ρισπασμόν.

1913 5481 2023 5561 (ἐξ)
2071 5481 2537 5550 υἱέι-(μεθ’ρυιιυχ,
2592 5491 2969 5561 προσέρχεται.
3002 5493 3176 5548 Editio
3201 5497 3396 5560 Oxon,

1842 5551 2222 5620 προσέρχηται.

1915 5621 2048 5686 (25')
2078 5625 2177 5672 Alii
2210 5621 2501 5688 στήσαντα,
2535 5638 2698 5679 recte.

1915 5688 2025 5756 (24)
2065 5691 2173 5742 Καὶ
2229 5691 2386 5755 αὐτῷ
2440 5699 2849 5760 μνησικακεῖν.
2903 5701 2989 5754 Sic
3048 5705 3185 5756 male
3242 5706 3397 5758 habet

1847 5766 2072 5825 uterque
2116 5760 2285 5816 codex
2329 5777 2426 5814 ms.
2477 5763 2636 5834 Lego,
2672 5770 2764 5820 καὶ
2803 5771 2950 5840 αὐτῷ
2982 5774 3393 5841 ἀμνησικακεῐν.
