4132 6314
195 468 303 523 555

1363 454 1719 515 LIBELLUS'
1743 454 1831 507 DE
1868 450 2249 508 ORATXONE.

3346 443 3451 502 554

188 583 309 646 καὶ,
338 581 644 649 Βούλομαι
677 555 1260 648 οὖν’προσεύχεσθαι
1283 579 1426 643 τοὺς
1446 577 1672 643 ἄνδρας
1701 574 1771 626 ἐν

1891 569 1988 623 -ιιιε
2017 571 2082 622 de
2116 568 2208 622 illo
2234 581 2461 620 examen
2491 562 2789 632 inspexerit
2826 564 3032 618 nihilne
3057 564 3130 620 ibi
3159 562 3451 630 nefarium,

183 677 376 729 παντὶ
412 675 591 740 τόπῳ.
626 672 776 744 Ἔχει
806 673 863 726 δὲ
901 673 994 725 καὶ
1030 671 1363 740 τεταγμένον
1391 664 1535 738 ὑπὲρ
1558 666 1654 720 τοῦ
1687 664 1771 732 ἐφ’

185 765 432 838 ἡσυχίας
460 765 536 836 μὴ
564 764 977 835 περισπώμενον
1000 765 1100 826 τὰς
1132 763 1299 832 εὐχὰς
1332 759 1602 814 ἐπιτελεῖν
1640 759 1774 812 ’ἐκα-

191 873 325 908 στον
352 856 482 926 (52),
517 854 902 924 ἐπιλεξάμενον
925 855 1021 908 τοῦ
1054 854 1184 907 ἰδίου
1211 854 1383 916 οἴκου,
1411 851 1506 904 ἐὰν
1532 852 1772 920 ἐγχωρῇ,

189 947 255 998 τὸ
289 947 629 1018 σεμνότερον,
661 947 727 998 ἵν’
762 945 1124 1010 οὕτωςιείπω,
1161 944 1381 1018 χωρίον,
1415 940 1589 1004 οὕτως
1622 939 1779 1009 εὔχε-

197 1036 353 1098 σθαι,
387 1052 523 1107 προς
558 1037 636 1106 τῷ
681 1036 952 1107 καθολικῷ
985 1039 1085 1107 τῆς
1121 1036 1251 1104 περὶ
1278 1033 1445 1086 αὑτοῦ
1480 1031 1778 1094 ἐξετάσεως

195 1127 601 1180 ἐπισκοποῦντα
628 1127 759 1197 (53),
793 1128 842 1180 εἰ
867 1129 925 1181 ἐν
956 1126 1094 1196 τῷδε
1121 1126 1201 1196 τῷ
1224 1125 1377 1193 τόπῳ
1400 1117 1443 1191 ᾧ
1476 1122 1692 1192 εὔχεται
1716 1121 1777 1173 οὐ

191 1215 645 1285 παρανενόμηταί
685 1232 833 1278 ποτε,
876 1215 970 1268 κα.)⁸
1007 1212 1278 1285 παρὰτὸν
1307 1210 1462 1282 ὀρθὸν
1487 1210 1645 1278 λόγον
1680 1226 1778 1263 πε-

193 1306 441 1374 ποίηται·
493 1306 653 1360 οἱονεὶ
681 1305 789 1378 γὰρ
831 1307 892 1358 οὐ
931 1306 1089 1376 μόνον
1134 1304 1345 1368 ἐαυτὸν,
1394 1301 1530 1354 ἁλλὰ
1567 1300 1661 1353 καὶ
1691 1299 1780 1351 τὸν

191 1395 366 1447 τόπον
395 1399 493 1465 τῆς
525 1395 659 1458 ίδίας
684 1397 850 1466 εὐχῆς
871 1394 1108 1447 τοιοῦτον
1142 1392 1460 1462 πεποίηκεν,
1488 1390 1564 1452 ώς
1590 1390 1782 1456 φυγεῖν

197 1488 414 1539 ἐκεῖθεν
445 1487 544 1556 τὴν
584 1485 886 1556 ἐπισκοπὴν
928 1485 1020 1538 τοῦ
1066 1483 1221 1536 Θεοῦ.
1272 1480 1688 1535 Ἐπισκοποῦντι
1725 1479 1783 1531 δέ

200 1592 298 1643 μοι
338 1575 431 1626 ἐπὶ
474 1575 654 1626 πλεῖον
701 1574 797 1627 καὶ
838 1573 968 1644 περὶ
999 1571 1186 1625 τούτου
1224 1569 1317 1622 τοῦ
1348 1569 1514 1621 τόπου
1539 1566 1781 1626 λεκτέον,

194 1665 361 1728 δόξαν
385 1665 480 1734 μὲν
503 1664 568 1718 ἄν
591 1681 644 1716 τι
667 1660 805 1717 εἶναι
830 1663 990 1735 βαρὺ,
1011 1663 1151 1732 τάχα
1175 1661 1230 1714 δὲ
1248 1659 1326 1730 τῷ
1349 1657 1622 1727 ἐπιμελῶς
1654 1655 1784 1708 αὐτὸ

201 1750 546 1824 βασανίζοντι
579 1758 679 1809 οὑκ
706 1755 1196 1824 εὐκαταφρόνητον.
1251 1752 1340 1803 Ἐν
1385 1751 1495 1819 γὰρ
1525 1748 1602 1818 τῷ
1633 1748 1784 1814 τόπῳ

197 1851 303 1917 τῆς
321 1847 633 1916 παρανόμου
656 1845 850 1916 μίξεως
871 1846 974 1898 ὑπὸ
989 1843 1082 1897 τοῦ
1103 1840 1460 1895 ἁποστολικοῦ
1489 1839 1648 1906 λόγου
1668 1835 1780 1907 (54)

199 1937 347 1989 κατὰ
393 1936 742 2006 συγγνώμην,
782 1935 843 1987 οὐ
890 1936 1023 1987 κατ’·
1043 1933 1310 2002 ἐπιταγὴν
1355 1927 1785 1999 συγκεχωρημέ-

197 2044 323 2094 νης,
351 2025 664 2088 ἐξεταστέον
699 2029 747 2078 εί
778 2025 921 2078 ὅσιόν
955 2026 1069 2078 ἐστι
1115 2024 1211 2077 καὶ
1251 2021 1491 2091 καθαρὸν
1526 2017 1791 2086 ἐντυγχά-

199 2133 318 2167 νειν
340 2115 418 2185 τῷ
441 2116 577 2185 Θεῷ.
617 2118 678 2169 Et
699 2117 806 2186 γὰρ
828 2115 1086 2184 σχολάσαι
1109 2116 1176 2183 τῇ
1208 2113 1483 2181 προσευχῇ
1507 2109 1565 2161 ὃν
1591 2108 1790 2179 τρόπον

199 2206 333 2276 χρὴ,
367 2207 464 2276 οὐχ
499 2202 609 2260 οἷόν
640 2224 699 2260 τε
743 2209 910 2269 ἐστὶν,
958 2205 1053 2259 ἐὰν
1097 2205 1170 2275 μὴ
1213 2206 1277 2256 ἐκ
1318 2199 1608 2272 συμφώνου
1655 2199 1793 2270 πρὸς

201 2298 399 2367 καιρὸν
431 2297 604 2368 τούτῳ
633 2315 717 2360 τις
762 2297 952 2350 ἐαυτὸν
1002 2296 1188 2367 ἐπιδῷ,
1232 2293 1373 2363 τάχα
1406 2292 1500 2346 καὶ
1533 2290 1662 2361 περὶ
1696 2288 1790 2342 τοῦ
1832 2337 1848 2354 κ

198 2383 394 2447 τόπου,
417 2384 514 2437 ἐὰν
537 2385 774 2458 ἐγχωρῇ,
805 2383 1125 2455 θεωρητέον.
1153 2383 1304 2451 Ἔχει
1322 2381 1379 2433 δέ
1395 2398 1447 2433 τι
1468 2379 1691 2449 ἐπίχαρι
1713 2379 1791 2441 εἰς

201 2473 473 2544 ὠφέλειαν
503 2472 666 2533 τόπος
687 2473 870 2542 εὐχῆς,
897 2472 958 2523 τὸ
987 2471 1186 2541 χωρίον
1207 2472 1306 2544 τῆς
1331 2469 1422 2521 ἐπὶ
1445 2467 1507 2520 τὸ
1527 2467 1658 2520 αὐτὸ
1682 2465 1792 2519 τῶν
1812 2490 1818 2512 ι

204 2563 573 2626 πιστευόντων
616 2563 998 2626 συνελεύσεως,
1044 2562 1117 2625 ὡς
1162 2540 1330 2624 εἰκός,
1366 2560 1460 2645 καὶ
1485 2557 1793 2626 ἁγγελικών

203 2653 492 2723 δυνάμεων
545 2652 927 2721 ἐφισταμένων
988 2654 1099 2713 τοῖς
1159 2650 1490 2720 ἁθροίσμασι
1542 2648 1650 2701 τῶν
1700 2665 1792 2700 πι-

208 2745 533 2808 στευόντων,
563 2743 659 2795 καὶ
691 2741 851 2794 αὐτοῦ
874 2740 966 2794 τοῦ
1000 2741 1204 2808 Κυρίου
1238 2739 1332 2791 καὶ
1359 2738 1610 2809 Σωτῆρος
1636 2736 1794 2809 ἡμῶν

207 2836 517 2904 δυνάμεως,
548 2833 650 2904 ήδη
693 2832 749 2883 δὲ
780 2832 871 2883 καὶ
911 2831 1235 2900 πνευμάτων
1267 2829 1437 2897 ἁγίων
1468 2827 1605 2899 (35),
1640 2824 1793 2899 οἶμαι

207 2926 273 2980 δὲ
306 2927 394 2978 ὅτι
437 2925 532 2977 καὶ
568 2905 1118 2993 προκεκοιμημένων,
1169 2919 1338 2987 σαφὲς
1384 2920 1460 2983 δὲ,
1489 2919 1571 2971 ὅτι
1613 2919 1707 2970 καὶ
1736 2920 1793 2970 ἐν

207 3015 296 3085 τῷ
336 3016 435 3085 βίῳ
467 3014 783 3084 περιόντων,
842 3013 891 3063 εἰ
943 3011 1037 3062 καὶ
1076 3011 1138 3061 τὸ
1177 3009 1292 3071 πῶς
1334 3010 1434 3060 οὐκ
1479 3009 1701 3077 εὐχερὲς
1726 3008 1796 3058 εί-

147 3134 156 3141 ;
208 3110 358 3162 πεῖν.
391 3107 500 3159 Καὶ
527 3105 653 3174 περὶ
692 3102 789 3172 μὲν
811 3100 1056 3168 ἀγγέλων
1085 3099 1256 3162 οὕτως
1287 3098 1655 3174 ἐπιλογιστέον
1679 3113 1692 3125 ⁸
1730 3097 1794 3148 Εἰ

208 3195 584 3265 παρεμϐαλεῒ
634 3193 886 3263 ἅγγελος
916 3191 1138 3256 Κυρίου
1169 3185 1398 3255 κύκλῳ-
1414 3187 1534 3240 τῶν
1578 3188 1795 3255 φοϐου-

1880 660 2083 716 nihilne
2117 669 2281 714 rectm
2308 659 2641 712 contrarium
2666 656 2862 710 rationi
2893 656 3188 710 admissum
3218 670 3453 722 unquam

1882 728 1980 813 sit;
2021 747 2114 816 qui
2145 747 2290 801 enim
2317 746 2368 799 id
2404 743 2554 809 fecit,
2581 759 2686 797 non
2725 759 2782 798 se
2813 752 3044 807 tantum,
3079 746 3172 797 sed
3199 753 3254 798 et
3282 744 3456 811 ipsum

1881 840 2145 894 orationis
2183 838 2356 892 locum
2391 835 2551 889 talem
2584 833 2762 890 effecit
2791 845 2846 888 ut
2882 818 2934 888 in
2965 848 3087 888 eum
3113 833 3254 887 Deus
3281 835 3456 902 respio

1881 937 2012 985 cere
2040 931 2238 999 fugiat.
2285 928 2414 981 Mihi
2461 937 2640 980 autem
2690 926 2903 994 plenius
2931 925 3242 994 inspicienti
3273 925 3460 978 dicen-

1883 1023 2012 1074 dum
2042 1021 2106 1074 de
2139 1020 2230 1072 illo
2266 1020 2386 1072 loco
2418 1018 2565 1071 subit
2593 1017 2735 1085 quod
2769 1017 3015 1070 odiosum
3043 1030 3165 1071 esse
3186 1016 3455 1080 videatur,

1882 1119 1938 1163 at
1966 1109 2107 1167 forte.
2147 1108 2458 1162 accuratius
2485 1106 2816 1160 examinanti
2850 1122 2953 1160 non
2983 1109 3454 1182 contemnendum

1884 1199 2268 1268 lnquiren‘dnm
2300 1207 2383 1265 est
2413 1198 2622 1251 scilicet
2666 1213 2731 1249 an
2771 1196 2824 1263 in
2861 1198 3038 1252 coitus
3072 1199 3192 1252 loco
3218 1213 3323 1251 non
3353 1198 3462 1251 illi-

1883 1291 1979 1344 citi
2016 1290 2258 1358 quidem,
2312 1289 2406 1343 sed
2445 1289 2537 1356 qui
2577 1289 2887 1356 apostolicis
2941 1290 3120 1342 verbis
3165 1288 3450 1344 secundum

1887 1380 2297 1448 indulgentiam,
2343 1393 2448 1432 non
2482 1380 2781 1432 secundum
2829 1389 3156 1448 praeceptum
3209 1381 3430 1433 concedi

1889 1481 1998 1536 tur,
2031 1481 2280 1524 Sanctum
2314 1470 2386 1524 sit
2409 1477 2462 1524 et
2501 1487 2692 1539 purum
2729 1472 2899 1525 Deum
2942 1473 3176 1541 precari.
3223 1473 3279 1524 Si
3318 1474 3462 1525 enim

1885 1563 2119 1618 orationi
2157 1572 2214 1616 ut
2236 1571 2452 1632 oportet
2493 1577 2684 1616 vacare
2724 1577 2828 1615 non
2856 1571 3034 1636 potest
3059 1565 3124 1628 θ’,
3152 1564 3252 1616 nisi
3278 1563 3371 1629 qui
3399 1578 3459 1621 ex

1887 1669 2157 1707 consensu
2195 1654 2262 1707 ad
2300 1663 2511 1722 tempus
2561 1655 2608 1707 ei
2661 1668 2719 1708 se
2761 1653 2946 1716 dedat,
2995 1652 3134 1706 forte
3159 1653 3225 1706 de
3252 1654 3368 1706 loco
3397 1669 3466 1707 an

1851 1787 1864 1795 ,
1887 1744 2079 1797 deceat
2112 1743 2574 1798 considerandum
2607 1753 2712 1798 est.
2739 1742 2915 1798 Habet
2944 1743 3146 1811 aliquid
3170 1759 3292 1796 cum
3321 1743 3466 1797 utili-

1893 1843 2000 1887 tate
2021 1835 2246 1902 jucundi
2277 1835 2428 1889 locus
2455 1838 2744 1899 orationis,
2776 1836 2868 1890 ille
2902 1835 3113 1890 scilicet
3143 1851 3251 1905 quo
3281 1834 3468 1894 lidelec

1820 1934 1859 1988 Β
1891 1925 1942 1978 in
1980 1943 2147 1980 unum
2185 1927 2548 1993 conveniunt;
2581 1927 2840 1982 credibile
2884 1935 2968 1980 est
3008 1929 3156 1981 enim
3197 1926 3465 1995 angelicat

1894 2016 2060 2087 269
2089 2026 2384 2087 potestates
2412 2019 2748 2072 credentium
2773 2018 3005 2072 coetibus
3037 2019 3250 2082 adesse,
3279 2019 3457 2085 ἱρείη.»

1893 2125 2000 2177 que
2027 2109 2238 2163 Domini
2290 2119 2346 2163 et
2381 2109 2698 2164 Servatoris
2741 2109 2914 2163 nostri
2953 2110 3232 2172 virtutem,
3287 2109 3396 2161 imo
3418 2120 3474 2160 et

1895 2207 2209 2253 sanctorum
2267 2198 2515 2267 spiritus,
2573 2199 2768 2266 Opinor
2828 2198 2996 2250 etiam
3053 2198 3469 2262 defunctorum;

1895 2305 2021 2344 nam
2060 2291 2126 2343 de
2160 2290 2553 2357 superstitibus
2607 2287 2957 2342 manifestum
3014 2298 3120 2354 est,
3173 2289 3303 2342 licet
3332 2303 3476 2357 quo-

1896 2382 2057 2436 modo
2086 2371 2290 2447 adsint,
2342 2379 2504 2434 facile
2535 2395 2642 2433 non
2676 2380 2748 2434 sit
2796 2380 3004 2434 dicere.
3053 2381 3132 2433 Ac
3171 2379 3237 2433 de
3267 2379 3476 2449 angelis

1897 2475 2116 2544 quidem
2148 2475 2230 2529 sic
2263 2473 2440 2543 colligi
2469 2481 2650 2540 potest
2682 2490 2696 2524 ε
2735 2472 2790 2525 Si
2824 2472 3065 2525 immittet
3098 2472 3314 2539 angelus
3359 2470 3471 2524 Do-

1895 2567 2026 2619 mini
2060 2568 2113 2619 in
2146 2567 2374 2619 circuitu
2430 2565 2726 2618 timentium
2778 2580 2918 2628 eum,
2963 2573 3012 2616 et
3058 2564 3239 2629 eripiet
3284 2580 3372 2618 eos
3404 2564 3472 2630 ⁸³,

1847 2697 1853 2704 .
1895 2664 1951 2710 et
1979 2671 2108 2720 vera
2137 2654 2383 2724 loquitur
2405 2653 2573 2709 Jaco‘b
2606 2669 2728 2708 cum
2773 2671 2879 2709 non
2906 2655 2971 2709 dc
2998 2669 3057 2708 se
3097 2655 3234 2718 solo,
3282 2656 3382 2709 sed
3421 2661 3478 2709 et

1897 2749 1965 2802 de
1989 2747 2248 2801 omnibus
2270 2747 2361 2814 qui
2405 2746 2516 2799 Deo
2547 2737 2728 2822 devoti
2757 2754 2904 2808 sunt,
2939 2745 3266 2815 intelligenti
3303 2746 3473 2802 dicit:

1898 2836 2126 2908 Angelus
2166 2837 2258 2905 qui
2289 2836 2424 2889 eruit
2466 2851 2547 2888 me
2699 2834 2937 2898 omnibus
2973 2835 3128 2889 malis
3162 2835 3245 2902 “;
3280 2837 3478 2906 proba-

1899 2927 2007 2980 bile
2035 2934 2145 2988 est,
2180 2924 2367 2978 multis
2402 2924 2454 2976 in
2487 2917 2689 2992 Christi
2722 2923 2948 2990 gloriam
2986 2922 3224 2991 legitime
3247 2939 3477 2992 congre-

1897 3018 2060 3084 gatis,
2100 3014 2532 3083 uniuscujusque
2587 3013 2835 3084 ankelum
2884 3015 2937 3067 in
2970 3013 3203 3068 circuitu
3233 3015 3475 3083 singulo-

1899 3120 2018 3157 rum
2049 3105 2370 3172 timentium
2419 3104 2739 3168 immittere,
2790 3119 2912 3156 cum
2975 3103 3068 3158 illo
3115 3104 3326 3157 scilicet
3361 3103 3477 3160 viro

1900 3195 2059 3262 cujus
2088 3194 2193 3263 ipsi
2244 3209 2374 3268 cura
2404 3203 2458 3248 et
2496 3195 2744 3247 custodia
2788 3194 2982 3246 tradita
3007 3205 3124 3256 est;
3177 3203 3234 3246 ut
3279 3194 3476 3268 duplex

206 3260 416 3359 “ei-uir
441 3285 645 3346 αὑτὸν,
790 3282 1039 3349 ῥύσεται
1078 3279 1320 3343 αὐτοὺς,
1355 3279 1448 3332 καὶ
1481 3277 1732 3348 ἀληθεύει
1766 3275 1793 3327 ὁ

1902 3265 2275 3352 congregatis"
2301 3285 2512 3339 sanctis
2540 3283 2771 3336 ecclesia
2826 3285 2921 3345 sit,
2954 3283 3124 3336 altera
3175 3265 3477 3349 hominum,

225 3375 423 3430 Ἰακὼϐ
450 3377 509 3428 οὐ
543 3374 675 3444 περὶ
706 3367 896 3425 ἐαυτοῦ
933 3370 1111 3440 μόνον,
1146 3367 1282 3421 ἀλλὰ
1301 3369 1393 3421 καὶ
1416 3368 1545 3436 περὶ
1579 3367 1796 3418 πάντων

210 3467 327 3518 τῶν
361 3463 728 3534 ἀνακειμένων
759 3459 835 3529 τῷ
857 3457 973 3528 Θεῷ
997 3457 1074 3527 τῷ
1108 3457 1339 3509 συνιέντι
1365 3456 1567 3523 λέγων’
1611 3455 1663 3506 Ὁ
1696 3455 1799 3524 ἄγ-

209 3561 399 3626 γελος
457 3558 488 3608 δ
526 3552 825 3622 ῥυόμενόρ
850 3566 927 3619 με
979 3550 1047 3601 ἐκ
1077 3548 1339 3618 ,πάντων
1386 3545 1502 3598 τῶν
1553 3543 1793 3610 κακῶν·

211 3646 365 3708 εἰκός
416 3647 531 3700 ἐστι
565 3640 822 3695 πλειόνων
851 3638 962 3709 (56)
986 3635 1414 3704 συνεληλυθότων
1446 3634 1686 3702 γνησίως
1720 3633 1798 3692 εἰς

213 3735 378 3800 δόξαν
429 3730 689 3802 Χριστοῦ,
737 3726 1107 3800 παρεμϐαλεῖν
1144 3725 1236 3777 τὸν
1287 3722 1516 3774 ἑκάστου
1568 3721 1797 3787 ἄγγελον

212 3829 310 3880 τὸν
341 3825 526 3893 κύκλῳ
560 3821 671 3892 (57)
707 3820 936 3874 ἑκάστου
968 3817 1077 3870 τῶν
1109 3815 1475 3885 φοϐουμένων,
1511 3814 1647 3884 μετὰ
1679 3814 1797 3865 τού-

213 3932 311 3968 το)
343 3913 439 3966 τοῦ
473 3911 659 3983 ἀνδρὸς
687 3910 1013 3980 ὃνφρουρεῖν
1055 3907 1148 3960 καὶ
1175 3908 1473 3975 οἰκονομεῖν
1509 3904 1798 3956 πεπίστευ-
1841 3947 1846 3952 .

209 4026 342 4066 ται·
377 3989 682 4067 meum
708 4003 801 4056 ἐπὶ
829 4003 938 4053 τῶν
975 3999 1145 4067 ἁγίων
1182 3994 1677 4069 συναθροιζομένων
1722 3996 1800 4046 δι-

217 4095 704 4168 πλῆνέκκληοταν,
727 4093 825 4163 τὴν
855 4093 952 4162 μὲν
977 4091 1295 4162 ἀνθρώπων,
1326 4091 1424 4160 τὴν
1451 4089 1507 4142 δὲ
1527 4087 1794 4156 ἀγγέλων.

217 4192 334 4245 Καὶ
367 4190 421 4244 εί
455 4187 613 4255 μόνου
641 4182 736 4236 τοῦ
771 4180 962 4250 Τωϐὴτ
994 4183 1021 4233 ό
1056 4180 1299 4250 Ῥαφαήλ
1343 4197 1504 4250 φησιν
1537 4182 1622 4243 εἰς
1650 4196 1800 4247 μνη-

217 4283 500 4349 μόσυνον
533 4271 961 4340 ἁνενηνοχέναι
994 4271 1108 4337 τὴν
1139 4271 1509 4339 προσευχὴν,
1550 4273 1644 4350 καὶ
1681 4271 1797 4340 μετ’

228 4370 390 4427 αὐτόν
434 4370 650 4440 Σάρρας
696 4366 795 4435 τῆς
839 4363 1069 4433 ὑστέρας
1110 4363 1221 4434 ('58)
1254 4363 1470 4432 νύμφης
1502 4363 1799 4432 γενομένης

214 4461 390 4518 αὐτοῦ
417 4460 506 4514 διὰ
534 4459 594 4512 τὸ
623 4454 967 4530 γεγαμῆσθαι
994 4454 1161 4522 αὐτὴν
1190 4452 1268 4521 τῷ
1287 4453 1471 4522 Τοϐίᾳ,
1502 4452 1552 4504 τί
1581 4453 1800 4504 λεκτέον

1899 3374 2068 3428 altera
2103 3375 2444 3442 angelorum.
2475 3373 2628 3440 Quod
2660 3373 2703 3426 si
2739 3373 2820 3425 vel
2865 3372 3047 3427 Tobize
3078 3374 3245 3428 solius
3275 3376 3349 3426 uit
3373 3374 3479 3427 Ra-

1900 3468 2059 3534 phael
2088 3483 2140 3518 se
2177 3467 2430 3519 obtulisse
2459 3468 2512 3518 in
2544 3465 2843 3517 memoriale
2870 3465 3160 3519 orationem
3187 3466 3254 3529 ⁸⁵,
3283 3467 3479 3521 deinde

1902 3555 2072 3625 Same]
2102 3571 2224 3624 quae
2270 3546 2440 3610 iturus
2471 3553 2589 3620 ejus
2618 3553 2760 3606 facta
2790 3563 2872 3606 est
2902 3552 3085 3607 'l‘obize
3139 3555 3247 3608 tilio
3289 3564 3477 3622 nupta,

1899 3648 2030 3714 quid
2062 3647 2354 3721 dicendum
2419 3645 2607 3698 multis
2635 3645 2820 3698 eadem
2877 3653 3059 3697 mente
3099 3653 3155 3698 et
3208 3645 3476 3699 sententia

1900 3735 2361 3790 concurrentibus
2402 3747 2455 3789 et
2490 3753 2657 3789 unum
2687 3750 2887 3804 corpus
2920 3735 2970 3786 in
3018 3735 3238 3788 Christo
3267 3736 3468 3790 consti.

1905 3827 2221 3879 tuentibus?
2253 3824 2428 3878 Porro
2463 3827 2532 3879 de
2566 3825 2768 3879 Christi
2806 3826 3012 3878 virtute
3047 3825 3290 3878 ecclesiae
3337 3826 3478 3879 assi-

1901 3927 2080 3969 Stente
2115 3914 2316 3967 Paulus
2348 3915 2422 3965 ait
2454 3930 2469 3968 :
2507 3913 2848 3983 Congregatis
2879 3914 3019 3967 vobis
3049 3923 3097 3966 et
3146 3933 3259 3968 meo
3286 3916 3477 3983 spirtu

1901 4022 2019 4058 cum
2048 4007 2241 4059 uirtute
2263 4004 2479 4058 Domini
2508 4002 2638 4057 Jesu
2663 4005 2737 4070 °°;
2773 4014 2828 4058 ut
2856 4005 3054 4058 virtute
3089 4005 3300 4058 Domini
3351 4003 3477 4060 Jesu

1904 4110 2011 4147 non
2063 4093 2195 4147 solis
2230 4093 2502 4162 Ephesiis,
2560 4095 2654 4148 sed
2710 4103 2764 4148 et
2810 4095 3110 4149 Corinthiis
3165 4094 3478 4163 conjuncta.

1902 4181 2059 4246 Quod
2092 4183 2135 4235 si
2161 4197 2394 4250 corpore
2424 4183 2604 4238 adhuc
2635 4184 2854 4236 indutus
2885 4184 3084 4239 Paulus
3118 4186 3170 4238 in
3190 4201 3479 4241 commune

1902 4271 2193 4326 censulere
2219 4271 2414 4339 spiritu
2458 4288 2558 4325 suo
2607 4273 2853 4327 Corinthi
2887 4289 3049 4342 posse
3086 4279 3319 4344 putavit,
3367 4292 3478 4331 non

1905 4369 1987 4412 est
2011 4362 2413 4428 desperandum
2448 4377 2542 4416 eos
2571 4363 2734 4415 etiam
2765 4365 2857 4429 qui
2897 4380 2926 4416 e
2964 4367 3071 4417 vita
3104 4376 3475 4428 excesserunt,

1882 4451 2091 4504 beatos
2121 4451 2186 4503 ad
2234 4451 2497 4505 ecclesias
2547 4452 2735 4519 spiritu
2767 4466 3080 4515 occurrere,
3111 4463 3162 4506 et
3207 4453 3347 4507 forte
3377 4468 3475 4522 ρο·
3533 4443 3540 4447 ’

201 4551 488 4606 πλειόνων
520 4551 579 4623 ἐν
599 4546 676 4615 τῷ
705 4543 852 4614 αὑτῷ
876 4541 976 4606 νοτ,
1010 4543 1103 4594 καὶ
1136 4545 1200 4611 τῇ
1237 4543 1372 4611 αὐτῇ
1407 4542 1602 4613 γνώμῃ
1645 4559 1793 4594 συνο-

1909 4539 2018 4593 tius
2059 4533 2222 4608 quam
2265 4541 2310 4594 is
2339 4540 2433 4609 qui
2480 4550 2564 4594 est
2616 4541 2668 4593 in
2701 4553 2951 4608 corpore.
2985 4528 3324 4610 Quapropter
3355 4555 3477 4609 qua

215 4644 512 4703 δευόντων,
553 4639 643 4691 καί
687 4633 1242 4705 σωματοποιουμένων
1267 4634 1333 4683 ἐν
1365 4631 1622 4701 Χριστῷ;
1659 4633 1798 4702 Περὶ

216 4734 282 4787 δὲ
310 4730 412 4800 τῆς
443 4730 721 4797 δυνάμεως
765 4724 857 4778 τοῦ
896 4724 1099 4794 Κυρίου
1141 4721 1532 4792 συμπαρούσης
1579 4725 1644 4792 τῇ
1678 4724 1800 4775 Ἐκ-

222 4821 428 4893 κλησίᾳ
472 4822 500 4872 ό
549 4819 757 4880 nam;
800 4830 959 4886 φησι·
1016 4812 1440 4880 Συναχθέντων
1483 4811 1650 4881 ὑμῶν
1701 4812 1799 4865 καὶ

217 4914 334 4970 τοῦ
365 4911 512 4981 ἐμοῦ
548 4910 880 4978 πνεύματος
906 4904 1026 4958 σὺν
1056 4903 1132 4970 τῇ
1164 4902 1411 4971 δυνάμει
1441 4904 1546 4955 τοῦ
1577 4906 1799 4970 Κυρίου

229 5000 482 5070 Ἰησοῦ·
515 4999 589 5062 ὡς
634 4996 912 5065 δυνάμεως
954 4991 1049 5044 τοῦ
1085 4991 1288 5060 Κυρίου
1323 4990 1493 5058 Ἰησοῦ
1533 5007 1802 5044 συναπτο-

218 5092 402 5163 μένης
459 5089 520 5141 οὐ
574 5086 730 5157 μόνον
777 5082 913 5154 μετὰ
955 5080 1235 5147 Ἐφεσίων,
1270 5079 1404 5132 ἀλλὰ
1457 5081 1551 5132 καὶ
1598 5081 1797 5150 Κοριν-

1903 4629 1956 4682 in
1989 4629 2095 4684 illis
2127 4631 2262 4700 [inut
2293 4646 2486 4698 preces
2512 4630 2920 4701 contemnendae
2951 4646 3056 4684 non
3084 4642 3230 4694 sunt,
3281 4632 3479 4701 quippe

1903 4736 2025 4788 quae
2053 4722 2314 4774 eximium
2341 4721 2544 4788 aliquid
2572 4720 2810 4773 alierum
2836 4720 3072 4791 legitime
3106 4724 3476 4775 convenienti.

1903 4813 1974 4863 At
2025 4811 2480 4878 quemadmodum
2516 4812 2690 4865 virtus
2746 4809 2874 4864 Jesn
2936 4821 2992 4864 et
3047 4814 3273 4876 spiritus
3322 4811 3474 4865 Pauli

1905 4902 2130 4967 ejusque
2161 4900 2448 4967 similium,
2497 4911 2552 4956 et
2603 4903 2656 4956 in
2704 4903 2930 4956 circuitu
2988 4902 3322 4971 singulorum
3353 4915 3478 4956 san-

1908 5005 2120 5048 ctorum
2151 4999 2492 5051 excubantes
2520 4996 2691 5065 angeli
2722 4995 2934 5049 Domini
2969 5011 3089 5050 ctnn
3117 4995 3220 5048 illis
3244 5011 3482 5049 concur-

1907 5095 2037 5136 runt
2071 5093 2124 5137 et
2149 5087 2481 5138 conveniunt
2525 5087 2617 5153 qni
2657 5085 2890 5152 legitime
2921 5093 3355 5153 congregantur;
3397 5086 3479 5140 sic

293 5229 346 5261 οι
380 5224 550 5280 lCor.
572 5239 672 5285 vn,
700 5221 753 5274 5.
829 5219 874 5250 ”
902 5219 1040 5272 Psal.
1073 5233 1272 5276 xxxiii,
1309 5217 1361 5269 8.
1438 5216 1482 5247 “
1514 5217 1649 5272 Gen.
1687 5236 1786 5276 ην

1910 5223 1998 5276 to.
2076 5226 2119 5255 ιι
2163 5224 2296 5276 τοι».
2335 5224 2556 5284 “1,12.
2632 5209 3052 5287 «I'Cor.v,t.

293 5398 792 5475 (δ’ἐλῈπιτελεῖν
856 5397 1135 5451 ἕκαστον.
1176 5398 1355 5475 codex
1421 5397 1790 5459 Culhertinus,

210 5469 399 5528 ποιεῖν
427 5471 676 5522 ἕκαστον.
1227 5469 1230 5475 ’

294 5541 412 5607 (53)
457 5539 637 5592 Codex
674 5543 919 5605 uterque,
943 5535 1362 5590 ἐπισκοποῦντα.
1393 5534 1568 5589 Editio
1596 5535 1797 5598 Oxon.,

212 5607 655 5675 ἐπισκοπούσης.

292 5679 411 5747 (54)
453 5671 635 5747 Codex
673 5683 920 5747 uterque,
954 5673 1072 5747 fi};
1104 5673 1423 5747 παρανόμου
1465 5671 1802 5747 μίξεωςύπδ

213 5741 315 5801 τοῦ
354 5741 717 5801 ἀποστολικοῦ
745 5742 921 5811 λόγου.
953 5741 1102 5810 Lego
1125 5741 1247 5795 cum
1274 5741 1644 5811 Bentleioﬁ'ﬁ;
1665 5743 1801 5806 ἀπα-

219 5817 490 5889 ρσνόμου,
525 5822 634 5869 etc.
666 5809 845 5865 Edilib
875 5809 1070 5870 Οιοηῖ,
1093 5812 1190 5880 τῆς
1218 5809 1533 5881 παρανόμου
1570 5809 1788 5880 μίξεως,

552 5907 827 5966 Parnm“
865 5902 984 5964 Gn.
1020 5904 1132 5964 XI.

1900 5397 2033 5450 ἀλλὰ
2068 5398 2168 5450 ὑπὸ
2200 5398 2293 5451 τοῦ
2321 5397 2694 5452 ἀπόπολικοῦ.

1972 5467 2477 5538 (ὄόληνευμάτων
2509 5468 2713 5535 ἁγίων.
2743 5465 2894 5534 Legit
2919 5462 3469 5538 Bentleiusnmuwi-

1900 5550 2008 5586 των
2040 5535 2147 5588 τῶν
2190 5535 2383 5602 ἁγίων.
2871 5549 2873 5552 ‘

1975 5605 2086 5670 (56)
2117 5605 2442 5659 Πλειόνών.
2472 5602 2647 5665 Codex
2675 5603 3040 5669 Cnlbertinus,
3080 5603 3312 5660 πολλῶν.

1976 5674 2088 5740 (57)
2119 5674 2226 5726 Τὸν
2253 5675 2475 5737 κύκλῳ.
2501 5672 2771 5725 Bentleius
2788 5674 2953 5737 delet,
2968 5673 3078 5727 τόν.
3309 5687 3319 5694 ’

1978 5742 2087 5811 (38)
2125 5741 2239 5810 Τῆς
2273 5742 2548 5810 ὑστέρας.
2584 5743 2745 5796 Deest
2769 5748 2820 5797 i'n
2848 5743 3032 5799 codice
3060 5743 3394 5800 Colbcrtiuo.

3122 5899 3196 5956 18
