4080 6306
124 443 232 499 565

211 558 374 611 Ἀλλά
418 559 507 611 καῖ
557 559 605 612 εί
643 560 956 627 φαυλίζοιεν
978 561 1120 629 ἡμᾶς
1165 563 1259 613 καὶ
1302 555 1704 624 ἐξευτελίζοιεν,
1740 566 1780 621 Α

126 649 252 717 ἦτοι
298 648 512 712 ἀσεΰεϊς
549 649 582 719 ἢ
635 652 851 722 μωροὺς
879 649 1275 711 ἀποκαλοῦντες
1319 650 1368 702 οἱ
1417 650 1705 719 ἀλλότριοι,

128 733 230 801 τῆς
261 733 404 786 κατὰ
426 735 523 796 τὰς
551 736 712 802 ἁγίας
742 737 959 805 Γραφάς
988 736 1261 790 διαλέκτου
1283 736 1710 806 ὑπομιμνησκιῦ-

133 822 298 891 μεθα,
331 825 462 892 ὅτιή
491 826 578 876 ἐπ’
597 825 769 877 ἐλπίδι
794 825 966 888 ἐλπὶς,
997 828 1029 894 ἡ
1060 827 1141 878 ἐτι
1172 812 1363 895 μικρὸν
1393 824 1710 878 ἁποδοθείσα

128 913 284 981 ἡμῖν,
304 913 695 982 ἀποδοθήσεται
712 934 729 965 ι
750 916 836 968 διὰ
853 916 1407 986 φαυλισμὸνχειλέων,
1428 915 1515 967 διά
1542 915 1711 983 γλώσ-

128 1021 230 1073 σης
252 992 471 1074 ἐτέρας.
512 1025 530 1057 ι
561 1008 670 1060 Καὶ
693 1007 776 1070 τίς
798 1009 897 1060 οὐκ
929 1008 994 1062 ἂν
1029 1007 1374 1078 προσδέχοιτο
1403 1006 1584 1074 θλίψιν
1617 1008 1709 1060 ἐπὶ

128 1094 328 1162 θλίψει,
364 1097 451 1148 ἵνα
469 1097 1028 1168 εὐθέωςπροσδέξηται
1055 1100 1146 1150 καὶ
1171 1097 1360 1150 ἐλπίδα
1377 1097 1462 1149 ἐπ’
1492 1097 1664 1149 ἐλπίδι
1690 1112 1704 1158 ;

125 1183 493 1254 λογισάμενος
525 1187 663 1257 μετά
701 1189 934 1251 Παύλου,
969 1190 1049 1240 ὅτι
1078 1190 1178 1241 οὐκ
1223 1207 1239 1238 ι
1278 1187 1403 1252 ἄξια
1429 1187 1498 1238 τά
1536 1185 1708 1255 παθή-

131 1289 275 1341 ματα
292 1273 387 1326 τοῦ
419 1273 514 1327 νῦν
538 1275 756 1344 καιροῦ,
776 1295 793 1326 ι
815 1270 888 1329 ὧν
909 1277 1146 1347 ὡσπερεὶ⁵
1169 1275 1459 1338 ὠνούμεθα
1491 1274 1590 1344 τὴν
1613 1289 1706 1343 μα-

128 1362 446 1431 καριότητα,
459 1382 477 1414 ι
500 1365 634 1435 πρὸς
648 1367 742 1435 τὴν
759 1365 1050 1434 μέλλουσαν
1067 1366 1222 1438 δόξαν
1234 1364 1702 1418 ἀποκαλύπτεσθαι

130 1454 209 1515 είς
231 1455 374 1522 ἡμᾶς
392 1470 408 1485 ο
435 1474 453 1506 ι
471 1457 566 1508 καὶ
585 1458 816 1526 μάλιστα
843 1461 964 1512 ἐπεὶ
999 1480 1016 1509 ‹
1042 1460 1100 1513 τὸ
1131 1460 1441 1529 παραυτίκα
1477 1460 1705 1528 ἐλαφρὸν

131 1545 228 1612 τῆς
261 1545 490 1615 θλίψεως
533 1549 707 1617 ἡμῶν,
749 1570 766 1600 ι
799 1551 1052 1621 (ἐλαφρὸν
1082 1553 1193 1614 τοῖς
1222 1553 1296 1622 μὴ
1352 1552 1706 1621 βαρουμένοις

130 1633 235 1686 ὑπὸ
263 1635 370 1689 τῶν
412 1634 850 1714 περιεστηκότων
894 1643 988 1694 καὶ
1027 1624 1296 1711 τυγχάνον
1341 1643 1433 1694 καὶ
1476 1640 1703 1710 λεγόμε-

127 1724 262 1790 νον),
291 1725 399 1794 ὅσῳ
425 1725 607 1779 πλεῖον
642 1728 973 1798 ὑπερϐάλλον
1003 1731 1229 1798 γίνεται,
1260 1731 1494 1801 τοσούτῳ
1524 1731 1704 1803 μεῖζον

130 1815 224 1864 καὶ
251 1813 425 1866 πλεῖον
461 1835 478 1866 ι
519 1816 683 1886 βάρος
715 1818 929 1872 αἰώνιον
966 1821 1077 1890 (60)
1118 1823 1273 1892 δόξης
1310 1822 1701 1894 κατεργάζεται

1227 441 1674 499 exuon'rATIo
1709 426 1803 497 Au
1841 441 2279 498 MARTYRIUM.

1875 561 1936 614 "2.
1979 559 2084 614 Sed
2124 560 2228 614 etsi
2269 558 2429 613 alieni
2473 572 2570 613 nos
2608 558 3067 614 subsannaverint
3107 566 3163 612 et
3216 560 3419 612 nihm'

1815 651 2077 715 fecerint,
2109 651 2221 704 sive
2251 650 2442 718 impios
2471 650 2584 703 sive
2615 644 2810 702 stultos
2839 658 3090 701 vocantes
3111 690 3124 712 ,
3159 646 3376 705 divina-

1811 755 1926 792 rum
1969 741 2376 794 meminerimus
2417 738 2820 808 Scripturarum
2861 738 2955 806 qui
2997 738 3068 789 sit
3113 737 3368 804 loquendi

1810 828 2034 893 modus,
2076 831 2226 896 spem
2266 825 2476 881 scilicet
2515 840 2675 894 super
2713 839 2859 894 spem
2902 841 3023 891 quae
3062 825 3237 877 adhuc
3278 838 3371 892 pa-

1810 934 1928 972 rum
1963 919 2117 971 nobis
2145 931 2405 970 concessa
2434 929 2541 975 est.
2575 933 2595 966 ι
2625 925 2842 984 propter
2865 914 3170 966 irrisionem
3201 914 3370 968 labio-

1810 1023 1965 1070 rum,
2000 1020 2224 1075 propter
2265 1008 2500 1075 linguam
2542 1008 2770 1059 alteram
2809 1026 2827 1056 ι
2856 1020 2977 1059 esse
3019 1005 3368 1060 reddendam.

1809 1097 1937 1161 Quis
1972 1111 2103 1150 vero
2139 1112 2239 1150 non
2277 1099 2580 1165 susceperit
2621 1090 3026 1148 tribulationem
3068 1104 3248 1162 super
3273 1098 3369 1148 tri-

1809 1185 2181 1247 bulationem,
2223 1195 2280 1238 ut
2321 1187 2505 1238 statim
2549 1195 2600 1238 et
2632 1200 2781 1253 spem
2825 1199 2988 1251 super
3029 1199 3177 1252 Spem
3222 1185 3369 1237 acci-

1808 1275 1963 1342 piat?
2000 1286 2262 1342 reputans
2315 1290 2437 1328 cum
2488 1274 2657 1326 Paulo
2713 1289 2822 1326 non
2877 1287 2996 1325 esse
3029 1291 3046 1322 ι
3080 1274 3372 1340 condignas

1807 1363 2086 1432 passiones
2124 1362 2283 1430 hujus
2320 1363 2581 1431 temporis
2610 1362 2676 1426 ⁷⁸,
2716 1379 2736 1410 ι
2761 1361 2956 1429 quibus
2986 1359 3370 1412 beatitudinem

1806 1452 1971 1505 veluti
2016 1466 2341 1514 mercamur,
2394 1470 2413 1502 ι
2471 1452 2535 1503 ad
2587 1452 2822 1503 futuram
2870 1449 3099 1518 gloriam
3125 1463 3250 1514 quae
3286 1463 3372 1502 re-

1807 1542 2071 1595 velabitur
2126 1542 2178 1596 in
2244 1541 2442 1606 nobis,
2475 1559 2493 1591 ›
2543 1541 2779 1594 maxime
2841 1555 2961 1592 cum
3015 1557 3034 1589 ‹
3071 1522 3371 1592 momenta-

1808 1648 1965 1684 neum
2017 1642 2072 1686 et
2127 1633 2243 1685 leve
2278 1631 2649 1685 tribulationis
2677 1641 2875 1683 nostra:
2904 1631 2998 1680 τι)
3030 1629 3206 1696 (quod
3257 1632 3378 1701 qui-5

1806 1722 1923 1775 dem
1961 1722 2027 1772 iis
2060 1723 2174 1774 leve
2203 1730 2256 1773 et
2290 1730 2375 1773 est
2403 1730 2458 1773 et
2488 1722 2683 1773 dicitur
2709 1724 2859 1787 quia
2893 1720 3374 1773 circumstantibus

1807 1826 1909 1862 non
1965 1812 2305 1879 gravantur.)
2360 1820 2563 1878 quanto
2625 1810 2856 1876 aliiplius
2907 1810 3155 1872 exredit,
3217 1820 3368 1864 tanta

129 1904 288 1969 ἡμῖν,
341 1922 358 1952 ι
413 1906 464 1956 εί
511 1907 660 1975 παρά
703 1908 792 1959 τὸν
839 1911 1026 1979 καιρὸν
1060 1888 1182 1964 ’τῶν
1231 1888 1554 1975 θλιϐόντων,
1605 1913 1701 1964 καὶ

1813 1901 1976 1965 majus
2002 1912 2056 1953 et
2089 1902 2322 1970 amplius
2351 1919 2368 1951 ι
2405 1911 2622 1954 mternze
2659 1901 2840 1968 gloriae
2875 1901 3085 1968 pondus
3124 1910 3377 1966 operetur

129 1991 364 2062 ὡσπερεὶ
401 1993 608 2056 πιέζειν
657 1996 752 2058 τὰς
782 1997 980 2066 ψυχάςὶ
1014 2000 1169 2069 ἡμῶν
1218 2001 1537 2064 ἐθελόντων,
1572 2004 1696 2055 ἀπο-

133 2080 464 2148 στρέψαντες
498 2083 559 2133 τὸ
587 2086 912 2153 ἡγεμονικὸν
945 2088 1052 2139 άπὸ
1095 2087 1202 2140 τών
1236 2091 1525 2152 ἐπιπόνων,
1578 2107 1700 2142 σκο-

129 2168 321 2238 πῶμεν
340 2171 398 2222 οὐ
433 2171 502 2224 τά
535 2175 856 2242 ἐνεστηκότα
890 2177 1140 2240 ἐπίπονα,
1179 2178 1310 2230 άλλά
1360 2178 1426 2230 τά
1469 2178 1556 2231 διὰ
1601 2179 1698 2248 τὴν

128 2261 187 2311 ἐν
234 2259 438 2324 τούτοις
491 2263 768 2334 ὑπομονὴν
821 2269 934 2328 τοῖς
968 2286 986 2316 ι
1027 2268 1268 2337 νομίμως
1320 2287 1336 2318 t
1371 2271 1427 2320 ἐν
1489 2269 1706 2341 Χριστῷ

136 2367 154 2399 ι
188 2349 452 2419 ἀθλήσασι
506 2370 525 2404 ι
575 2353 755 2422 χάριτι
802 2355 938 2407 Θεοῦ
977 2358 1350 2427 ἀποκείμενα,
1395 2359 1703 2412 πολλαπλα-

131 2439 405 2504 σιάζοντος
441 2441 541 2504 τὰς
581 2444 914 2513 εὐεργεσίας,
956 2447 1049 2499 καὶ
1087 2447 1228 2516 ὑπὲρ
1269 2447 1364 2516 τὴν
1400 2447 1552 2511 ἀξίαν
1597 2447 1704 2500 τῶν

127 2529 221 2580 τοῦ
265 2530 673 2602 ἀγωνισαμένου
727 2535 990 2604 καμάτων
1034 2535 1270 2593 τοσαῦτα
1326 2536 1702 2606 δωρουμένου,

127 2622 229 2675 ὅσα
259 2623 320 2674 ἂν
345 2622 533 2696 πρέπῃ
561 2625 634 2695 μὴ
668 2627 1204 2698 γλισχρολογουμένῳ
1236 2628 1454 2691 διδόναι,
1491 2629 1568 2699 τῷ
1615 2648 1708 2700 με-

128 2711 417 2782 γαλοδώρῳ
448 2713 543 2765 καὶ
574 2715 950 2785 ἐπιστημόνως
992 2717 1089 2779 τὰς
1122 2717 1314 2769 ἑαυτοῦ
1349 2718 1575 2788 χάριτας
1610 2737 1706 2788 με-

128 2799 407 2865 γεθύνοντι
459 2802 599 2871 Θεῷ,
643 2803 733 2856 ἐπὶ
766 2808 908 2869 τοὺς,
942 2807 1018 2874 τῷ
1051 2808 1148 2879 ὅση
1198 2808 1424 2877 δύναμις
1470 2825 1708 2861 καταπε-

130 2891 453 2960 φρονηκέναι
483 2895 577 2946 τοῦ
604 2895 920 2965 ὀστρακίνου
959 2896 1208 2961 σκεύους,
1263 2897 1706 2970 ἐπιδειξαμένους

126 2980 227 3049 τὴν
255 2980 351 3052 ὅλῃ
382 2980 528 3052 ψυχῇ
557 2983 692 3055 πρὸς
723 2984 883 3038 αὐτὸν
910 2984 1150 3054 ἀγάπην.

203 3068 412 3145 ὀλῃδέ
452 3073 596 3144 ψυχῇ
627 3074 830 3145 νομίζω
863 3073 1173 3143 ἀγαπᾶσθαι
1195 3074 1286 3127 τὸν
1309 3074 1442 3128 Θεὸν
1478 3075 1581 3127 ὑπὸ
1602 3075 1711 3128 τῶν

127 3161 496 3215 ἀποσπώντων
512 3163 606 3215 καὶ
620 3163 930 3219 διῖστάντων
945 3163 1132 3234 αὐτὴν,
1146 3163 1234 3216 διά
1248 3164 1444 3233 πολλὴν
1460 3164 1560 3233 τῆς
1575 3164 1710 3234 πρὸς

126 3250 188 3301 τὸ
203 3252 527 3320 κοινωνῆσαι
542 3250 619 3321 τῷ
633 3251 750 3320 Θεῷ
765 3252 1087 3323 προθυμίαν,
1105 3252 1166 3306 οὐ
1185 3253 1345 3323 μόνον
1361 3251 1467 3305 ἀπὸ
1480 3252 1571 3304 τοῦ
1590 3255 1710 3321 γηΐ-

129 3354 220 3390 νου
236 3338 488 3408 σώματος
506 3339 636 3412 (61),
673 3340 808 3394 ἀλλά
832 3342 924 3393 καὶ
953 3343 1060 3394 ἀπὸ
1085 3343 1285 3405 παντὸς
1318 3342 1565 3412 σώματος
1585 3358 1598 3372 ο
1633 3334 1714 3404 οἷς

130 3429 248 3481 οὐδὲ
287 3431 426 3497 μετά
470 3430 848 3500 περισπασμοῦ
880 3417 974 3483 καὶ
1009 3432 1410 3503 περίελκυσμοῦ
1451 3449 1595 3495 τινος
1627 3431 1714 3498 γί-

129 3536 274 3571 νεται
310 3519 370 3570 τὸ
410 3521 705 3573 ἀποθέσθαι
750 3538 769 3572 ι
803 3521 865 3573 τὸ
909 3521 1009 3590 τῆς
1052 3522 1430 3586 ταπεινώσεως
1480 3522 1654 3591 σῶμα,
1689 3538 1709 3572 ι

133 3595 258 3658 ὅταν
289 3607 479 3676 καιρὸς
505 3607 631 3677 διδῷ
671 3608 757 3660 διὰ
781 3607 872 3661 τοῦ
901 3598 1255 3678 νομιζομένου
1289 3610 1518 3662 θανάτου
1559 3608 1714 3662 ἐκδύ-

135 3695 326 3747 σασθαι
359 3714 375 3744 t
417 3696 479 3746 τὸ
514 3695 671 3765 σῶμα
709 3697 803 3748 τοῦ
835 3697 1087 3756 θανάτου,
1130 3714 1147 3746 ι
1184 3697 1276 3749 καὶ
1304 3698 1708 3766 ἐπακουσθῆναι

135 3784 506 3858 ἀποστολικῶς
539 3784 829 3853 εὐξάμενον
857 3786 950 3839 καὶ
991 3786 1244 3840 εἰπόντα’
1296 3804 1313 3837 ι
1356 3787 1712 3857 Ταλαίπωρος

136 3875 246 3942 ἐγὼ
269 3876 574 3946 ἅνθρωπος,
611 3874 698 3936 τίς
741 3891 807 3943 με
841 3876 1060 3944 ῥύσεται
1093 3878 1156 3929 ἐκ
1187 3874 1280 3928 τοῦ
1325 3875 1572 3944 σώματος
1617 3874 1711 3927 τοῦ

139 3967 364 4020 θανάτου
392 3966 620 4028 ratirati;
658 3983 677 4016 ι
697 3965 792 4026 Τίς
823 3964 930 4035 γὰρ
973 3968 1080 4019 τῶν
1123 3968 1180 4019 ἐν
1210 3966 1286 4034 τῷ
1321 3967 1502 4034 σκήνει
1529 3982 1714 4018 στενα-

139 4054 338 4117 ζόντων
377 4057 466 4110 διὰ
499 4056 560 4108 τὸ
606 4054 883 4125 βαρεῖσθαι
916 4056 1021 4108 ὑπὸ
1046 4057 1140 4109 τοῦ
1186 4056 1423 4127 φθαρτοῦ
1463 4055 1712 4125 σώματος

138 4147 255 4217 οὐχὶ
305 4148 402 4200 καὶ
450 4146 829 4216 εὖχαριστήσει
871 4146 1135 4215 πρότερον
1179 4147 1384 4201 εἰπών’
1423 4164 1442 4196 ε
1503 4146 1599 4206 Τίς
1645 4163 1710 4214 με

144 4237 364 4305 ῥύσεται
397 4241 462 4291 ἐκ
491 4239 582 4290 τοῦ
612 4235 857 4306 σώματος
882 4237 973 4288 τοῦ
1003 4239 1234 4292 θανάτου
1269 4238 1459 4293 τούτου
1484 4255 1498 4302 ;
1536 4257 1553 4289 ι
1594 4238 1712 4305 βλέ-

141 4343 278 4390 πων,
309 4330 413 4389 ὅτι,
448 4327 537 4380 διὰ
563 4326 661 4394 τῆς
691 4324 905 4395 ὁμιλίας
957 4328 1172 4396 ῥυσθεὶς
1211 4329 1276 4390 ἐκ
1323 4328 1415 4381 τοῦ
1465 4327 1713 4397 σώματος

141 4416 233 4468 τοῦ
266 4417 522 4479 θανάτου,
563 4416 732 4482 ἀγίως
781 4415 1174 4482 ἀναφθέγξεται
1223 4420 1316 4470 τό·
1365 4437 1382 4468 ι
1417 4419 1588 4487 Χάρις
1635 4415 1711 4485 τῷ

1808 1990 1858 2042 in
1894 1991 2094 2053 nobis?
2120 2009 2137 2041 ι
2171 1991 2215 2044 si
2265 2006 2386 2045 cum
2436 1991 2719 2043 instabunt
2768 1991 2802 2042 ii
2847 1991 2937 2057 qui
2991 1990 3245 2042 tribulaut
3275 2030 3287 2051 ,
3320 2001 3376 2043 et

1804 2077 1959 2145 quasi
1994 2093 2241 2145 premere
2277 2080 2486 2131 animas
2525 2089 2742 2132 nostras
2776 2079 3001 2140 volunt,
3034 2096 3061 2132 a
3100 2079 3376 2132 laboribus

1806 2173 2130 2246 avertamus
2171 2164 2339 2218 animi
2396 2165 2790 2233 principatum;
2835 2175 2888 2218 et
2927 2175 3230 2234 spectemus
3270 2182 3377 2219 non

1807 2271 1927 2323 quae
1960 2260 2160 2311 adsunt
2187 2255 2460 2307 laboriosa
2484 2293 2498 2317 ,
2534 2255 2629 2307 sed
2661 2270 2782 2322 qua:
2813 2264 3038 2321 propter
3073 2255 3373 2321 przeStitatn

1812 2347 1864 2397 in
1924 2345 2030 2399 illis
2084 2345 2403 2414 patientiam
2461 2346 2528 2398 iis
2559 2342 2666 2413 'qui
2698 2363 2716 2394 ι
2751 2346 2990 2413 legitime
3024 2363 3043 2396 t
3073 2347 3125 2398 in
3156 2345 3377 2401 Christo

1813 2455 1831 2486 ι
1862 2435 2258 2491 certaverint"
2290 2454 2306 2485 ι
2340 2435 2515 2500 gratia
2557 2435 2647 2486 Dei
2684 2436 2915 2503 reposita
2950 2448 3105 2499 sunt,
3140 2435 3263 2500 Dei,
3295 2438 3375 2490 in-

1809 2543 1970 2595 quam
1993 2567 2006 2590 .
2036 2529 2127 2596 qui
2161 2526 2420 2580 beneﬁcia
2462 2525 2789 2592 multiplicat
2810 2565 2824 2586 ,
2858 2535 2912 2578 et
2942 2527 3374 2594 supralibortmt

1811 2618 1863 2668 in
1906 2617 2204 2669 certamine
2251 2616 2605 2669 toleratorum
2646 2615 2910 2683 dignitate
2943 2626 3090 2668 tanta
3128 2617 3375 2684 largitur.

1810 2714 2013 2773 quanta
2056 2721 2165 2759 non
2207 2721 2463 2774 parcum,
2508 2706 2599 2758 sed
2642 2704 2988 2770 magnificum
3029 2706 3174 2758 illum
3210 2708 3374 2761 Deum

1811 2796 2014 2848 donare
2041 2795 2196 2848 decet
2224 2796 2314 2861 qui
2343 2795 2546 2862 gratias
2571 2807 2698 2846 suas
2727 2793 2964 2847 scienter
2991 2796 3294 2862 magniﬁeat
3322 2799 3374 2850 iu

1809 2900 1904 2940 eos
1934 2885 2024 2952 qui
2059 2895 2241 2953 spreto
2278 2885 2381 2938 hoc
2410 2895 2646 2938 testaceo
2673 2897 2800 2937 vase
2831 2898 2926 2951 pro
2955 2887 3161 2939 viribus
3193 2897 3376 2942 osten-

1810 2977 1993 3028 derint
2023 2991 2082 3030 se
2114 2984 2224 3030 tota
2258 2975 2441 3029 anima
2479 2977 2651 3044 ipsum
2687 2975 2925 3045 diligere.

1878 3064 1934 3118 5.
1973 3065 2107 3118 Tota
2144 3079 2271 3118 vero
2307 3065 2488 3119 anima
2535 3066 2698 3120 Deum
2743 3065 2810 3118 ab
2847 3066 2915 3118 iis
2942 3064 3096 3132 diligi
3126 3077 3255 3132 puto
3281 3070 3373 3139 qui

1819 3169 1936 3208 eam
1978 3169 2087 3222 prte
2128 3154 2370 3208 maximo
2398 3170 2516 3208 cum
2551 3157 2660 3208 Deo
2696 3153 3129 3208 communicandi
3165 3155 3377 3210 deside;

1818 3245 1901 3299 rio
1931 3259 2039 3298 non
2073 3259 2103 3298 a
2142 3252 2359 3298 terreno
2390 3254 2594 3297 tantum
2631 3258 2861 3312 corpore
2886 3283 2902 3308 ,
2934 3244 3025 3296 sed
3055 3254 3107 3298 et
3135 3245 3202 3297 ah
3229 3245 3377 3299 omni

1815 3348 2044 3402 corpore
2071 3334 2395 3388 abstrahunt
2424 3340 2487 3386 a'c
2528 3334 2827 3395 divellunt,
2858 3345 2913 3386 et
2940 3335 3137 3403 quibus
3167 3350 3265 3392 nec
3298 3336 3381 3390 in-

1815 3426 1941 3478 vitis
1974 3439 2073 3479 nec
2113 3423 2511 3477 reluctantibus
2551 3422 2749 3476 aecidit
2782 3432 2839 3475 ut
2881 3442 2898 3474 ι
2931 3439 3128 3492 corpus
3164 3425 3381 3480 humli-

1817 3515 1944 3568 tatis
1979 3533 1996 3565 ι
2028 3515 2302 3582 deponant
2328 3513 2396 3576 ⁸⁸,
2441 3528 2563 3566 cum
2606 3527 2663 3566 se
2705 3523 2915 3582 tempus
2945 3514 3154 3568 dederit
3195 3523 3250 3566 ut
3288 3529 3380 3581 per

1816 3617 1933 3655 eam
1991 3619 2111 3671 quae
2171 3617 2320 3657 mors
2373 3617 2494 3656 esse
2554 3611 2798 3670 putatur,
2831 3621 2848 3653 ι
2881 3618 3075 3670 corpus
3131 3603 3318 3655 mortis
3352 3620 3372 3654 ι

1816 3702 2055 3755 exuant,
2103 3701 2159 3746 et
2213 3694 2539 3747 exaudiatur
2592 3695 2636 3747 is
2681 3695 2771 3762 qui
2818 3695 2884 3745 ad
2929 3677 3096 3746 instar
3135 3693 3374 3761 Apostoli

1816 3790 2074 3850 precatus
2105 3784 2267 3835 fuerit
2299 3784 2351 3836 in
2384 3784 2496 3836 haec
2536 3785 2696 3836 verba
2727 3798 2754 3841 ξ
2777 3803 2794 3834 ι
2824 3781 3008 3836 Infelix
3049 3799 3147 3852 ego
3184 3785 3341 3836 homo
3362 3825 3375 3841 .

1814 3874 1935 3939 quis
1990 3887 2074 3925 me
2136 3873 2388 3927 liberabit
2431 3875 2496 3927 de
2541 3887 2772 3938 corpore
2805 3876 2995 3926 mortis
3023 3875 3186 3941 hujus
3216 3874 3312 3925 ⁸³⁸9
3355 3893 3373 3922 ι

1816 3963 1946 4027 Quis
1979 3966 2123 4016 enim
2159 3952 2347 4017 eorum
2382 3964 2470 4029 qui
2506 3964 2556 4015 in
2591 3964 2694 4016 l-oc
2723 3963 2888 4032 276
2917 3963 3264 4024 tabernaculo
3300 3964 3378 4016 iu-

1815 4057 2151 4124 gemiscunt,
2199 4056 2340 4122 quod
2387 4055 2731 4122 corrupt.bili
2792 4069 3021 4123 corpore
3061 4065 3370 4122 graventur,

1817 4154 1920 4193 non
1961 4141 2124 4192 etiam
2175 4142 2377 4207 gratias
2418 4151 2543 4209 aget
2577 4155 2699 4192 eum
2732 4141 2883 4208 prius
2917 4142 3155 4194 dixerit:
3197 4163 3212 4192 ι
3245 4143 3378 4207 Quis

1816 4245 1900 4282 mc
1936 4229 2189 4284 liberabit
2222 4231 2286 4283 de
2316 4247 2542 4299 corpore
2571 4248 2619 4284 ιιι
2646 4233 2758 4285 ιιιῘά
2791 4233 2990 4298 lmjus?
3018 4251 3035 4282 ι
3063 4248 3289 4287 cernens
3321 4251 3379 4289 se

1818 4324 1900 4376 his
1957 4324 2182 4391 prolatis
2219 4326 2285 4378 de
2323 4340 2548 4393 corpore
2588 4326 2776 4377 mortis
2834 4325 3148 4387 liberatum,
3192 4338 3378 4380 sancte

1817 4413 1941 4466 illud
1994 4414 2426 4466 exclamaturum
2458 4431 2470 4466 :
2504 4432 2522 4463 ι
2556 4413 2738 4466 Gratia
2799 4415 2904 4466 Deo
2943 4429 3054 4480 per
3101 4416 3375 4469 Christum

141 4502 257 4571 Θεῷ
299 4504 389 4558 διὰ
431 4504 664 4574 Χριστοῦ
709 4501 880 4570 Ἰησοῦ
928 4503 1022 4554 τοῦ
1059 4505 1266 4577 Κυρίου
1302 4509 1472 4577 ἡμῶν.
1509 4525 1526 4558 ι
1565 4507 1624 4557 Εἰ
1657 4507 1709 4558 δέ

1817 4501 1997 4553 Jesum
2031 4502 2316 4555 Dominum
2355 4510 2597 4553 nostrum
2633 4501 2698 4549 ⁸³.
2737 4519 2754 4550 ι
2791 4498 2844 4551 Si
2880 4503 2961 4552 cui
2996 4518 3126 4555 vero
3153 4504 3377 4556 arduum

144 4608 247 4645 τινι
276 4594 340 4647 τὸ
362 4595 573 4647 τοιοῦτο
594 4592 826 4664 χαλεπὸν
849 4593 1115 4659 φαίνεται,
1148 4598 1249 4649 οὐκ
1279 4617 1297 4648 ι
1336 4599 1551 4667 ἐδίψησε
1580 4598 1710 4667 πρὸς

143 4683 231 4736 τὸν
265 4687 400 4738 Θεὸν
431 4687 522 4738 τὸν
558 4683 775 4756 ἰσχυρὸν
807 4684 898 4736 τὸν
932 4683 1128 4746 ζῶντα,
1171 4703 1189 4736 ι
1215 4687 1332 4738 οὐδὲ
1364 4705 1379 4737 t
1412 4687 1711 4754 ἐπεπόθησε

146 4774 279 4842 πρὸς
337 4775 427 4827 τὸν
478 4775 630 4834 Θεὸν,
664 4774 723 4828 ὃν
757 4773 954 4842 τρόπον
997 4773 1246 4824 ἐπιποθεί
1298 4777 1330 4844 ἡ
1390 4776 1583 4842 ἔλαφος
1621 4775 1714 4828 ἐπὶ

143 4861 240 4925 τὰς
282 4865 466 4932 πηγάς
498 4864 602 4915 τῶν
633 4863 864 4916 ὑδάτων·
910 4880 928 4911 ι
983 4861 1100 4912 οὐδὲ
1131 4857 1251 4912 εἶπε
1278 4878 1290 4889 ·
1343 4880 1360 4912 ι
1398 4864 1532 4914 Πότε
1579 4862 1710 4931 ἥξω,

145 4954 237 5006 καὶ
270 4953 579 5022 ὀφθήσομαι
746 4950 1019 5025 προσώπῳ
1061 4948 1152 5000 τοῦ
1195 4950 1368 5014 Θεοῦ;
1414 4969 1432 5000 ι
1477 4953 1608 5003 Οὐδέ
1657 4955 1713 5004 ὲν

148 5040 330 5110 ἐαυτῷ
375 5043 670 5111 ἐλογίσατο,
703 5044 738 5094 ἀ
775 5038 1212 5107 διαλογισάμενος
1243 5041 1271 5089 ὁ
1302 5041 1600 5109 προφήτης,
1625 5041 1710 5092 λε-

149 5130 382 5200 γομένου
416 5132 509 5185 τοῦ
533 5151 545 5162 θ
587 5151 607 5184 ι
645 5132 755 5184 Ποῦ
784 5132 927 5184 ἔστιν
952 5133 979 5184 ὁ
1010 5129 1139 5192 Θεός
1167 5145 1256 5180 σου
1282 5143 1298 5185 :
1341 5147 1358 5179 ι
1394 5129 1562 5196 αὐτῷ,
1591 5131 1712 5182 καθ’

241 5295 292 5327 ⁷⁸
335 5295 489 5349 Rom.
524 5312 638 5355 vui,
674 5295 757 5347 18.
868 5295 911 5323 ⁷³
946 5291 988 5344 ll
1023 5290 1146 5343 Cor.
1181 5307 1252 5353 IV,
1289 5290 1380 5354 l7,
1418 5292 1499 5344 i8.

139 5359 188 5398 ⁸³
211 5363 353 5419 Ibid.
389 5365 477 5416 2‘5.
589 5365 634 5394 “
663 5363 802 5443 Psal.
833 5376 936 5424 XLI,
973 5362 1019 5423 l,
1052 5362 1104 5413 2.

208 5501 326 5564 (60)
367 5499 636 5553 Αῑώνιον.
667 5498 829 5550 Forte
856 5497 1158 5559 legendum,
1189 5493 1419 5564 αἰωνίου.

209 5502 302 5564 (60
367 5501 636 5553 Attin-tor.
667 5501 829 5550 Forte
856 5501 1158 5559 legendum,
1189 5501 1419 5546 αἰωνίου.

209 5501 330 5639 (ﬁt;
371 5569 455 5639 οὐ
480 5567 670 5639 μόιζον
695 5566 811 5639 cirri)
835 5565 939 5617 τοῦ
982 5562 1511 5639 γῃΐνρικσώματος,
1544 5558 1702 5639 ἀλίὰ

145 5627 233 5694 καὶ
269 5627 392 5695 die
422 5627 646 5696 πᾶντός
667 5633 955 5700 σώματος.
990 5627 1092 5684 ’δῖε
1117 5627 1373 5700 Origenes
1411 5630 1543 5682 libro
1577 5644 1588 5678 ι
1618 5627 1702 5700 _Dc

150 5708 444 5776 principiis,
475 5717 598 5769 cap.
629 5702 682 5764 8,
718 5697 769 5752 ιι.
801 5702 885 5776 4_:
925 5719 942 5749 ι
991 5697 1239 5753 Videmus
1278 5699 1393 5751 illos
1432 5697 1701 5776 assumi...

153 5770 240 5848 qui
281 5770 670 5832 niortilicantes
698 5770 935 5822 membra
966 5785 1081 5828 sua,
1114 5784 1230 5836 qum
1259 5777 1380 5822 sunt
1409 5781 1563 5834 super
1599 5775 1704 5816 ter-

1610 5293 1653 5323 ⁸⁰
1685 5291 1726 5342 ll
1758 5290 1897 5342 Tim.
1932 5305 2006 5355 ιι,
2041 5292 2091 5342 5.

1817 4589 1868 4641 id
1909 4589 2142 4651 videtur,
2174 4605 2278 4643 non
2311 4606 2329 4640 ι
2363 4589 2531 4641 sitivit
2559 4589 2624 4640 ad
2669 4589 2832 4640 Deum
2866 4590 3056 4642 fortem
3093 4592 3274 4643 vivum
3300 4630 3315 4655 ,
3357 4610 3376 4642 ι

1773 4715 1779 4720 ρ
1817 4693 1993 4746 neque
2019 4699 2036 4729 ‹
2068 4680 2396 4733 desideravit
2425 4680 2490 4732 ad
2525 4680 2724 4742 Deum,
2758 4681 3209 4746 quemadmodum
3241 4682 3382 4735 desi~

1817 4769 1970 4821 derat
2014 4784 2207 4828 ccrvus
2251 4772 2316 4824 ad
2363 4770 2539 4824 fontes
2590 4785 2853 4836 aquarum
2887 4789 2899 4835 ;
2937 4790 2954 4821 ι
2985 4788 3156 4839 ιιι-(ιιιο
3190 4773 3325 4822 dixit
3363 4791 3373 4823 :

1827 4858 2083 4924 «Quando
2112 4861 2344 4922 veniam,
2375 4869 2427 4913 et
2456 4863 2725 4929 apparebo
2757 4871 2878 4913 ante
2907 4860 3097 4912 faciem
3131 4861 3220 4912 Dei
3248 4861 3293 4892 “
3313 4861 3337 4914 3
3358 4882 3376 4912 ι

1821 4949 1930 5002 l\ec
1960 4964 2142 5002 secum
2184 4965 2246 5002 ea
2298 4951 2566 5015 reputavit
2614 4967 2732 5017 quae
2776 4960 3029 5015 reputans
3072 4951 3367 5018 Propheta.

1820 5053 1939 5090 cum
1977 5039 2248 5092 diceretur
2281 5041 2328 5092 ci
2357 5058 2368 5092 :
2400 5057 2419 5088 ι
2456 5039 2552 5094 Uhi
2592 5051 2674 5093 est
2717 5041 2852 5092 Deus
2896 5053 3016 5093 tuus
3041 5043 3063 5092 ?
3093 5063 3108 5092 ι
3142 5044 3380 5096 effunde-

1819 5129 1911 5180 hat
1945 5142 2035 5194 per
2065 5129 2306 5198 singulos
2342 5130 2458 5183 dies
2498 5132 2547 5183 in
2588 5147 2644 5185 se
2679 5135 2916 5186 aninmu
2960 5151 3114 5188 suam
3140 5175 3154 5193 .
3201 5137 3375 5188 incre-

2205 5291 2244 5320 ⁸¹
2280 5289 2510 5355 Philipp.
2551 5304 2643 5350 ιιι,
2682 5291 2771 5342 21.
2883 5293 2924 5320 εί
2959 5291 3110 5344 Rom.
3147 5308 3253 5355 vn,
3291 5293 3382 5348 24.

1813 5508 1924 5546 ram
1956 5506 2005 5547 et
2049 5496 2491 5547 transeendentes
2525 5511 2626 5545 non
2658 5494 2827 5545 solum
2858 5509 3172 5562 enrpnream
3197 5499 3369 5550 'mtu—

1811 5578 1946 5633 ram,
1977 5580 2156 5614 verum
2203 5563 2604 5633 etiauranimm
2659 5563 2830 5633 ipsius
2871 5567 3148 5633 ambiguos
3202 5566 3368 5633 frugi--

1811 5630 1990 5697 lesquc
2045 5641 2252 5694 titulus,
2315 5631 2659 5694 adjunxerint
2713 5648 2768 5683 se
2819 5629 3079 5696 lloinitm,
3133 5629 3365 5687 lactist:

1813 5700 2019 5769 integro
2049 5702 2288 5767 Spiritus.
2335 5719 2351 5749 ι
2388 5698 2770 5758 Wms-rmurs.
