4132 6314
662 403 772 463 867

2129 374 2454 467 caucasis

3818 414 3934 470 568

665 537 801 591 pans
839 536 959 576 eam
988 522 1165 577 adhuc
1189 536 1301 591 pra:
1336 521 1657 582 inﬁrmitate
1685 527 1904 585 tristem
1937 536 1993 583 et
2020 526 2223 600 pertur-

2347 520 2585 602 ἑκάστην
2615 530 2827 603 ἡμέραν
2848 488 3058 602 έξέχεεν
3079 534 3163 602 ἐφ’
3190 509 3380 588 ἑαυτὸν
3404 532 3503 605 τὴν
3530 532 3710 605 ψυχὴν
3732 533 3928 596 αὐτοῦ,

667 618 884 679 hatam,
916 628 981 669 ac
1031 615 1218 670 dicens
1247 633 1260 669 :
1292 633 1312 668 ι
1340 619 1606 684 Quoniam
1661 616 1906 675 transibo
1946 621 2001 678 in
2056 622 2237 677 locum

617 700 630 710 ’
662 706 1002 761 tabernaculi
1046 706 1385 762 admirabilis
1426 724 1597 779 usque
1644 711 1713 764 ad
1772 711 1995 766 domum
2040 712 2133 768 Dei
2183 714 2237 767 in

656 812 794 850 voce
823 796 1208 854 exsultationis
1238 808 1295 853 et
1319 800 1679 858 confessionis
1708 804 1827 857 soui
1862 802 2060 858 festum
2094 804 2237 859 cele-

658 882 869 937 brantis
894 882 964 936 ⁸⁵.
996 904 1015 936 ι
1978 890 1981 895 “

731 1053 782 1106 4.
826 1051 1003 1109 Velim
1035 1056 1204 1125 igitur
1232 1073 1351 1123 vos,
1380 1075 1478 1129 per
1504 1077 1666 1118 omne
1698 1067 1840 1133 quod
1870 1072 2239 1125 instatcerta-

662 1157 783 1196 men
817 1160 1086 1217 memores
1118 1150 1302 1208 multae
1341 1150 1487 1207 illius
1520 1146 1789 1211 mercedis
1817 1174 1940 1227 quae
1980 1160 2034 1215 in
2076 1161 2237 1218 caelis

658 1237 892 1303 reposita
929 1247 1015 1291 est
1069 1240 1138 1293 iis
1172 1257 1190 1291 ι
1241 1242 1333 1309 qui
1364 1241 1804 1311 persecutionem
1847 1258 1903 1303 et
1940 1251 2234 1320 opprobria

655 1331 938 1409 patiuntur
1002 1339 1225 1401 propter
1289 1334 1592 1404 justitiam,
1642 1347 1696 1392 et
1757 1350 1981 1409 propter
2034 1342 2232 1397 Filium

653 1408 889 1472 hominis
916 1419 982 1483 ⁸⁸,
1012 1439 1032 1472 ο
1061 1425 1319 1490 gaudere,
1345 1428 1626 1481 exsultare
1655 1440 1710 1484 et
1743 1408 2043 1499 tripudiare
2065 1474 2081 1499 ,
2121 1434 2234 1488 sie-

650 1511 710 1557 ut
761 1506 984 1572 apostoli
1033 1510 1159 1570 olim
1208 1514 1379 1582 gavisi
1431 1524 1595 1583 sunt,
1662 1535 1681 1570 ι
1749 1521 2011 1588 quoniam
2083 1524 2232 1591 digni

626 1595 825 1664 .habiti
855 1610 981 1653 sunt
1011 1616 1112 1669 pro
1143 1604 1363 1658 nemine
1392 1603 1509 1673 ejus
1537 1611 1929 1665 contumeliam
1963 1614 2074 1680 pati
2103 1613 2173 1667 ⁸⁷.
2204 1631 2224 1664 ι

648 1685 803 1753 Quod
833 1689 878 1743 si
910 1706 1072 1758 quam
1104 1692 1161 1745 in
1191 1693 1367 1747 anima
1402 1706 1582 1751 vestra
1631 1701 1886 1755 sentiatis
1934 1703 2229 1772 aliquando

651 1779 959 1846 angustiam
984 1820 999 1845 ,
1034 1782 1180 1837 dicat
1204 1787 1253 1836 ei
1283 1785 1373 1851 qui
1409 1786 1461 1839 in
1489 1787 1641 1842 vobis
1671 1801 1752 1844 est
1780 1792 2004 1857 spiritus
2069 1795 2229 1851 Chri-

2346 621 2703 693 ἐπιπλήσσων
2746 620 2882 692 αὐτῇ
2924 621 3007 675 ἔτι
3047 622 3165 674 κατ’
3194 621 3475 676 ἀσθένειαν
3513 621 3797 694 περιλύπῳ
3836 639 3930 691 γι-

2343 704 2545 784 νομένῃ
2574 712 2669 765 καὶ
2708 712 3210 786 συνταρασσομένῃ,
3247 714 3342 767 καὶ
3367 713 3538 783 λέγων
3560 731 3575 745 ·
3615 734 3634 765 ι
3664 714 3789 768 Ὅτι
3817 714 3930 773 5t:—

2342 802 2607 874 λεύσομαι
2639 806 2698 857 ὲν
2727 804 2880 874 τόπῳ
2921 806 3125 875 σκηνῆς
3156 806 3478 876 θαυμαστῆς
3509 805 3614 870 ἕως
3642 805 3738 860 τοῦ
3770 806 3928 862 οῐκου

2341 894 2435 947 τοῦ
2468 893 2629 959 Θεοῦ,
2660 897 2718 948 ὲν
2751 884 2906 965 φωνῇ
2940 895 3310 965 ἀγαλλιάσεως
3353 898 3447 949 καὶ⁸
3486 896 3930 970 ὲξομολογὴσεως

2340 977 2474 1047 ἤχου
2503 978 2873 1049 ἑορτάζοντος.
2914 1001 2933 1033 ι
3400 1010 3403 1011 ν
3616 1044 3627 1050 ,

2412 1067 2669 1139 Εὐχόμην
2693 1064 2785 1125 οὖν
2813 1073 2960 1141 ὑμᾶς
2986 1072 3118 1144 παρ’
3153 1072 3274 1126 ὅλον
3298 1073 3393 1126 τὸν
3431 1074 3698 1145 ἑστηκότα
3737 1069 3948 1141 ἀγῶνα.

2344 1156 2728 1225 μεμνημένους
2777 1158 2869 1211 τοῦ
2912 1160 3272 1231 ἀποκειμένου
3313 1160 3509 1214 πολλοῦ
3556 1163 3616 1217 ὲν
3672 1162 3927 1233 οὐρανοῖς

2343 1243 2536 1314 μισθοῦ
2578 1263 2599 1295 ι
2628 1250 2741 1310 τοίς
2782 1248 3056 1319 διωχθεῖσι
3085 1249 3180 1313 καὶ
3215 1250 3583 1316 όνεῷισθεῖσιν
3628 1251 3817 1307 ἕνεκεν
3840 1252 3926 1306 δι-

2339 1333 2653 1403 καιοσύνης,
2687 1337 2782 1405 καὶ
2804 1338 2990 1391 ἕνεκεν
3016 1338 3109 1391 τοῦ
3134 1339 3265 1393 Υίοῦ
3293 1339 3387 1393 τοῦ
3413 1340 3721 1412 ἀνθρώπου,
3748 1360 3769 1393 ι
3794 1342 3926 1411 χαί-

2340 1444 2454 1497 ρειν
2482 1428 2577 1480 καὶ
2608 1426 2873 1500 ἀγαλλιᾷν
2903 1432 2997 1484 καὶ
3028 1434 3283 1503 σκιρτᾷν,
3313 1430 3505 1504 ὥσπερ
3542 1434 3591 1485 οί
3626 1420 3926 1487 ’ἀπόστολοι

2313 1517 2617 1589 ·ὲχάρησάν
2650 1537 2801 1585 ποτε,
2839 1538 2858 1571 ι
2903 1520 3330 1586 καταξιωθέντες
3368 1522 3510 1597 ὑπὲρ
3533 1521 3627 1575 τοῦ
3660 1523 3928 1594 ὀνόματος
4003 1578 4011 1582 -

2334 1612 2498 1668 αὑτοῦ
2541 1612 2927 1687 ἀτιμασθῆναι.
2988 1634 3006 1687 ι
3060 1617 3125 1671 El
3174 1616 3243 1670 δέ
3276 1634 3406 1672 ποτε
3447 1614 3925 1671 καὶηαῑσθάνοισθε

2335 1703 2602 1789 συστολῆς
2640 1705 2767 1773 περὶ
2796 1705 2895 1776 τὴν
2934 1706 3109 1777 ψυχὴν
3155 1708 3573 1777 ὑμῶν,,εῑπάτω
3614 1708 3751 1776 αὐτῇ
3791 1706 3822 1757 ὁ
3859 1707 3937 1759 ὲν·

2336 1794 2469 1862 ἡμῖν
2516 1794 2627 1864 (62)
2660 1797 2897 1866 Χριστοῦ
2941 1799 3083 1864 νοῦς,
3133 1800 3360 1870 θελούσῃ
3404 1799 3466 1852 τὸ
3490 1800 3614 1852 ὅσον
3634 1801 3724 1867 ἐφ’
3748 1800 3923 1869 ἑαυτῇ

649 1869 741 1932 sti,
784 1886 944 1937 quem
982 1874 1147 1926 etiam
1182 1876 1298 1939 illa,
1330 1888 1590 1945 quantum
1628 1880 1680 1933 in
1713 1897 1770 1936 se
1802 1893 1919 1948 est,
1949 1886 2068 1977 gult
2096 1902 2223 1941 con-

2336 1888 2432 1939 καὶ
2483 1888 2648 1942 αὐτὸν
2683 1893 2901 1959 συγχεῖν
2922 1909 2935 1921 ·
2969 1909 2988 1941 ι
3028 1893 3146 1945 Ἵνα
3186 1892 3240 1944 τί
3274 1869 3578 1962 περίλυπος
3623 1887 3692 1953 εἴ,
3731 1890 3923 1960 ψυχή;

649 1960 881 2017 {undere
909 1980 924 2017 :
958 1982 976 2014 ί
1005 1964 1183 2030 Quare
1224 1968 1394 2023 tristis
1430 1983 1522 2035 es,
1555 1973 1734 2027 anima
1768 1990 1920 2041 mea,
1950 1960 2013 2031 Et
2056 1994 2228 2048 quare

644 2054 942 2109 conturbas
976 2057 1105 2109 me?
1138 2057 1305 2127 Spera
1339 2061 1390 2113 in
1442 2062 1552 2116 Deo
1584 2064 1839 2132 quoniain
1876 2067 2056 2135 adhuc
2088 2084 2225 2123 eon-

644 2144 837 2198 ﬁtebor
867 2146 942 2199 illi
971 2146 1037 2215 'P.
1073 2166 1089 2197 ι
1124 2147 1189 2201 Et
1220 2164 1409 2204 rursus
1438 2191 1451 2203 .
1480 2188 1495 2205 .
1525 2192 1540 2207 .
1568 2193 1583 2208 .
1620 2152 1839 2208 Utinam
1878 2170 2223 2228 neqanuam

646 2236 894 2287 turbetur
954 2237 1170 2301 anima,
1222 2240 1315 2291 sed
1368 2247 1494 2293 ante
1540 2240 2053 2311 'ipsartrihnnalia,
2092 2258 2225 2311 ante

640 2326 815 2379 nudos
860 2342 1017 2380 enses
1057 2326 1247 2398 jugulo
1302 2331 1558 2385 admotos
1613 2334 1958 2386 custodiatur
2005 2351 2034 2386 a
2093 2350 2225 2402 pace

639 2413 739 2469 Dei
771 2436 789 2466 ι
824 2433 942 2485 qua:
986 2431 1283 2487 exsuperat
1325 2436 1541 2476 omnem
1587 2438 1809 2476 sensum
1835 2424 1903 2489 ⁸³,
1938 2444 1955 2477 ι
1985 2435 2039 2478 et
2077 2436 2223 2478 tran-

638 2506 809 2574 qnilla
842 2509 953 2570 sit,
986 2519 1244 2576 reputans
1278 2527 1372 2565 eos
1410 2513 1500 2579 qui
1532 2529 1550 2561 ‹
1582 2514 2002 2582 peregrinantur
2034 2532 2061 2567 a
2096 2531 2226 2577 cori

639 2610 796 2662 pore,
824 2609 1118 2665 prmscntes
1147 2596 1267 2654 esse
1298 2601 1362 2653 ad
1390 2605 1768 2655 universorum
1800 2601 2087 2658 Dominum
2114 2605 2213 2658 ".o

639 2685 749 2740 Sed
782 2687 825 2740 si
859 2687 993 2741 tales
1024 2703 1131 2743 non
1166 2705 1355 2743 sumus
1386 2700 1445 2744 ut
1475 2691 1746 2758 possimus
1778 2707 1998 2760 semper
2023 2695 2220 2757 animm

641 2776 1091 2846 tranquillitatem
1126 2770 1370 2839 servare,
1390 2779 1584 2831 saltem
1619 2794 1724 2833 non
1755 2778 2093 2845 eﬂ‘undatur,
2118 2797 2219 2838 nec
2274 2805 2284 2810 -

641 2867 922 2921 extraneis
956 2879 1215 2937 appareat
1246 2868 1363 2937 ejus
1395 2870 1690 2923 commotio
1714 2910 1729 2935 ,
1775 2879 1834 2924 ut
1880 2871 2219 2927 defensionis

635 2957 790 3011 locus
814 2958 971 3012 nobis
996 2959 1136 3029 apud
1168 2960 1335 3014 Deum
1364 2960 1638 3030 supersit,
1664 2960 1977 3024 dicentibus
2005 2979 2050 3016 τι
2073 2962 2217 3016 Deus

634 3060 823 3113 meus,
857 3049 925 3102 ad
955 3051 1222 3118 meipsum
1273 3051 1451 3105 anima
1485 3048 1615 3104 mea
1634 3052 1847 3103 turbata
1874 3059 1959 3104 est
1981 3040 2218 3106 “.rMe-

634 3136 859 3191 niinisse
910 3149 1090 3193 autem
1147 3156 1246 3195 nos
1292 3141 1433 3195 ratio
1491 3140 1753 3193 admonet
1794 3147 1849 3193 et
1894 3138 2041 3194 illius
2084 3139 2213 3194 dicti

636 3231 779 3298 quod
812 3233 950 3298 apud
988 3229 1183 3284 lsaiam
1232 3231 1313 3285 sic
1358 3232 1562 3285 habet:
1597 3250 1617 3283 ι
1649 3231 1830 3287 Nolite
1871 3230 2069 3285 timere
2114 3244 2213 3300 op-

634 3322 909 3388 probrium
945 3321 1223 3375 hominum
1250 3362 1265 3388 ,
1294 3331 1348 3375 et
1381 3322 1637 3391 despectu
1670 3338 1862 3378 eorum
1893 3338 1965 3379 ne
2000 3323 2215 3394 franga-

634 3411 765 3464 mini
794 3411 859 3465 ⁹¹.
892 3429 910 3460 ι
940 3410 1076 3465 Cum
1113 3413 1259 3476 enin)
1296 3413 1437 3465 Deus
1470 3412 1595 3467 coeli
1629 3414 1987 3486 siderumque
2044 3416 2212 3471 moti-

636 3503 738 3555 hus
774 3503 972 3556 acriter
1001 3502 1071 3555 sit
1105 3502 1351 3557 intentus
1374 3544 1389 3567 ,
1425 3505 1599 3573 iisque
1629 3505 1887 3559 omnibus
1916 3521 2037 3575 quae
2067 3516 2122 3562 et
2155 3508 2210 3560 in

633 3600 780 3647 terra
828 3602 882 3647 et
922 3593 975 3646 in
1029 3593 1169 3646 mari
1219 3582 1404 3647 divina
1434 3594 1556 3663 ejus
1583 3604 1709 3650 arte
1739 3596 2123 3664 perficiuntur,
2160 3607 2220 3652 ut

633 3685 815 3739 ornnis
847 3686 1071 3754 generis
1102 3685 1405 3739 animantia
1440 3686 1747 3755 plantmque
1776 3696 1832 3739 et
1863 3697 2214 3757 generentur,

633 3768 1025 3830 et‘eonsistant
1051 3814 1067 3840 ,
1098 3786 1153 3828 et
1184 3774 1431 3837 alantur,
1466 3784 1520 3829 et
1555 3785 1883 3844 augeantur,
1921 3764 2217 3828 abSurdum

635 3866 800 3920 fuerit
853 3882 953 3919 nos
1004 3867 1338 3928 connivere,
1394 3879 1495 3917 nec
1544 3864 1714 3917 Deum
1767 3865 2075 3931 respicere,
2124 3860 2219 3916 sed

634 3957 826 4011 oculos
861 3964 1187 4010 convertere
1218 3955 1286 4008 ad
1325 3955 1578 4021 homines
1622 3953 1779 4005 brevi
1824 3945 2128 4007 inurituros
2167 3960 2221 4006 et

637 4047 929 4100 tradendos
962 4045 1174 4098 meritis
1207 4044 1493 4112 suppliciis
1517 4082 1533 4104 ,
1570 4042 1786 4108 hosque
1818 4043 2038 4097 timere.

901 4136 957 4189 5.
993 4136 1303 4188 Abralramo
1336 4133 1472 4187 dixit
1496 4133 1627 4185 olim
1660 4135 1844 4187 Deus:
1881 4151 1899 4183 ι
1942 4134 2217 4202 Egredere

636 4232 703 4280 de
734 4238 876 4282 terra
908 4236 1007 4279 tua
1030 4226 1105 4290 ’3;
1139 4244 1157 4277 ι
1198 4226 1356 4278 nobis
1406 4225 1545 4278 forte
1578 4225 1646 4278 ab
1680 4241 1746 4279 eo
1775 4225 1925 4279 brevi
1956 4226 2168 4280 dicetur
2200 4244 2215 4280 :

637 4318 795 4371 Exite
824 4306 1182 4370 deiuniversa
1217 4325 1359 4368 terra
1386 4334 1399 4379 ;
1423 4317 1509 4369 cui
1540 4317 1764 4370 obedire
1788 4315 1991 4370 bonum
2022 4326 2131 4381 est,
2160 4326 2220 4370 ut

636 4409 797 4463 nobis
827 4408 933 4462 cito
961 4406 1135 4462 cados
1168 4406 1418 4459 ostendat
1442 4406 1495 4459 in
1523 4406 1722 4475 quibus
1748 4417 1834 4461 est
1865 4406 1920 4459 id
1956 4407 2099 4475 quod
2135 4406 2220 4459 di-

2330 1979 2427 2033 καὶ
2469 1979 2555 2031 ἴνα
2583 1979 2636 2031 τί
2666 1981 3060 2052 συνταράσσεις
3103 1998 3207 2051 με;
3238 1981 3494 2035 Ἕλπισον
3518 1980 3613 2034 ἐπὶ
3643 1981 3732 2034 τὸν
3759 1980 3921 2042 Θεὸν,

2328 2070 2411 2124 ὅτι
2430 2069 2893 2144 ὲξομολογήσομαι
2922 2071 3091 2143 αὐτῷ.
3120 2074 3265 2126 »Καὶ
3290 2072 3465 2127 ’πάλιν
3512 2073 3739 2145 (65).....
3787 2075 3921 2128 Εἴθε

2331 2163 2431 2233 μὲν
2475 2154 2746 2237 μηδαμῶς
2781 2167 3078 2238 ταραχθείη
3131 2170 3165 2238 ὴ
3213 2168 3389 2239 ψυχὴ,
3434 2168 3569 2222 ἀλλά
3600 2171 3719 2229 καὶ
3785 2170 3922 2239 παρ’
3963 2197 3968 2200 ⁴

2326 2256 2511 2319 αὐτοῖς
2538 2245 2650 2319 τοῖς
2672 2256 3062 2328 δικαστηρίοις,
3112 2259 3205 2311 καὶ
3246 2259 3397 2329 παρά
3428 2262 3655 2329 γυμνοῖς
3690 2262 3806 2325 τοῖς
3833 2259 3924 2324 ξί-

2328 2361 2483 2412 φεσιν
2539 2334 2958 2415 ἐπιφερομένοις
3002 2347 3079 2417 τῷ
3123 2348 3414 2419 τραχήλῳ,
3457 2351 3765 2420 φρουροῖτοέ
3811 2349 3925 2404 ὑπὸ
3988 2347 3993 2349 Α

2332 2450 2349 2482 ι
2380 2434 2477 2502 τῆς
2513 2433 2886 2506 ὑπερεχούσης
2914 2436 3090 2489 πάντα
3126 2436 3249 2490 νοῦν
3282 2457 3303 2489 ι
3355 2438 3578 2508 εἰρήνης
3616 2438 3711 2491 τοῦ
3751 2437 3919 2502 Θεοῦ,

2326 2522 2421 2574 καὶ
2473 2520 2822 2592 γαληνιάζοι,
2863 2523 3211 2599 λογιζομένη,
3254 2544 3273 2575 ‹
3315 2526 3398 2578 ὅτι
3441 2529 3489 2580 οί
3546 2511 3924 2598 ἐκδημοῦντες

2326 2612 2391 2664 ὲκ
2421 2611 2514 2664 τοῦ
2548 2610 2795 2682 σώματος
2840 2604 3162 2685 ἐνδημοῦσιν
3190 2616 3339 2687 αὐτῷ
3375 2616 3454 2688 τῷ
3485 2617 3595 2685 τῶν
3627 2617 3765 2670 ὅλων
3796 2619 3883 2670 Κυ
3904 2648 3920 2660 ο

2325 2704 2446 2774 ρίῳ.
2484 2722 2503 2755 ι
2536 2705 2598 2757 El
2628 2704 2685 2757 δε
2721 2705 2795 2775 μὴ
2825 2706 3132 2785 τηλικοῦτοί
3172 2709 3357 2778 ἐσμεν,
3384 2708 3460 2771 ὡς
3496 2700 3583 2762 ἀεὶ
3610 2708 3671 2760 τὸ
3705 2709 3921 2781 ἀτάρα-

2322 2810 2418 2864 χον
2452 2792 2750 2865 διατηρεῖν,
2788 2796 2889 2849 κᾶν
2918 2796 2994 2868 μὴ
3027 2797 3307 2868 ἐκχέοιτοι,
3351 2798 3488 2869 μηδὲ
3524 2800 3637 2859 τοῖς
3670 2797 3775 2862 ἔξω
3807 2802 3916 2870 ἐμ-

2242 2948 2259 2953 _
2322 2883 2566 2951 φαίνοιτο
2607 2885 2641 2954 ἡ
2680 2884 2782 2954 τῆς
2818 2884 2995 2958 ψυχῆς
3026 2889 3261 2960 ταραχὴ,
3306 2889 3393 2941 ἵνα
3429 2886 3723 2958 ἀπολογίας
3760 2887 3920 2958 ὥραν

2321 2973 2534 3044 ἔχωμεν
2584 2974 2721 3046 πρὸς
2757 2975 2911 3039 Θεὸν,
2956 2978 3206 3047 λέγοντες
3271 2975 3450 3047 αὐτῷ·
3496 2995 3524 3030 ι
3592 2978 3727 3040 Θεός
3782 2993 3914 3048 μου,

2322 3066 2460 3139 πρὸς
2489 3070 2729 3137 ἐμαυτὸν
2771 3072 2804 3141 ἡ
2848 3070 2994 3141 ψυχή
3034 3087 3134 3141 μου
3181 3065 3480 3141 ἐταράχθη.
3524 3090 3543 3122 ι
3584 3053 3916 3140 Μεμνῆσάαι

2320 3160 2377 3213 δὲ
2410 3162 2557 3231 ἡμᾶς
2582 3163 2612 3214 ὁ
2646 3160 2802 3229 λόγος
2837 3160 3147 3231 παρακαλεῖ
3180 3160 3393 3223 καὶητοῦ
3419 3164 3477 3214 ὲν
3512 3161 3708 3240 Ἡσαΐᾳ
3720 3155 3915 3211 τοῦτον

2321 3249 2616 3323 εἰρημένου
2662 3251 2754 3303 τὸν
2796 3250 2995 3319 τρόπον
3022 3264 3036 3277 ·
3095 3267 3114 3299 ι
3169 3251 3261 3321 Μὴ
3307 3249 3561 3319 φοϐεῖσθε
3603 3247 3916 3327 όνειδισμὸν

2320 3340 2646 3411 ἀνθρώπων,
2685 3340 2777 3393 καὶ
2810 3338 2889 3409 τῷ
2923 3339 3211 3411 φαυλισμῷ
3255 3341 3435 3395 αὐτῶν
3474 3341 3548 3412 μὴ
3589 3337 3849 3411 ἡττᾶσθε.
3882 3356 3907 3391 ι

2319 3433 2433 3495 Καὶ
2460 3431 2836 3500 γὰρ’ἆτοπον,
2877 3430 3123 3502 ἐναργῶς
3165 3432 3472 3499 ἐφεστῶτος
3508 3430 3653 3491 Θεοῦ
3690 3431 3757 3499 τῇ
3805 3426 3912 3481 τοῦ

2318 3512 2560 3597 οὐρανοῦξ
2598 3508 2701 3572 καῖ’
2734 3518 2843 3574 τῶν
2881 3521 2937 3572 ἐν
2979 3518 3130 3589 αὐτῷ
3167 3522 3398 3591 κινήσει,
3443 3521 3537 3573 καὶ
3579 3520 3692 3580 τοῖς
3737 3519 3795 3569 ὲν
3826 3519 3908 3587 γῇ

2322 3608 2419 3661 καὶ
2454 3606 2698 3678 θαλάσσῃ
2738 3608 2843 3660 ὑπὸ
2873 3610 2972 3677 τῆς
3019 3608 3170 3673 θείας
3201 3610 3393 3681 τέχνης
3432 3608 3594 3662 αὐτοῦ
3634 3605 3913 3660 ἐπιτελου-

2325 3696 2508 3766 μένοις
2539 3699 2598 3748 ὲν
2631 3698 2989 3773 παντοδαπῶν
3016 3696 3169 3760 ζώων
3195 3700 3289 3752 καὶ
3322 3700 3501 3769 φυτῶν
3531 3690 3778 3766 γενέσεσι
3807 3699 3911 3750 καὶ

2324 3786 2645 3847 συστάσεσι,
2700 3787 2795 3839 καὶ
2848 3789 3075 3859 τροφαῖς
3130 3789 3224 3840 καὶ
3271 3788 3559 3860 αὐξήσεσι,
3588 3784 3909 3860 -καμμύσαι

2326 3876 2423 3946 μὲν
2467 3876 2561 3927 καὶ
2595 3876 2669 3945 μὴ
2717 3862 2909 3944 ὲνορᾷν
2947 3874 3085 3945 Θεῷ,
3113 3877 3307 3948 τρέψαι
3330 3877 3393 3929 δὲ
3421 3858 3545 3936 τοῦς
3566 3858 3909 3956 ’ὃερθαλμοῦς

2322 3968 2415 4020 ἐπὶ
2447 3967 2609 4036 φόϐον
2648 3966 2756 4019 τῶν
2787 3968 2903 4035 μετ’
2929 3966 3106 4034 ὀλίγον
3139 3967 3547 4039 τεθνηξομένων
3575 3963 3701 4022 ’,καὶ
3728 3955 3911 4033 παρα-

2281 4054 2285 4059 ’
2321 4055 2698 4126 δοθησομένων
2722 4056 2787 4123 τῇ
2822 4054 2943 4104 κατ’
2973 4053 3125 4120 ἀξίαν
3154 4056 3333 4110 αὐτῶν
3368 4054 3512 4123 δέκα.

2393 4143 2485 4212 Τῷ
2550 4144 2648 4213 μὲν
2688 4139 2780 4195 οὖν
2855 4140 3105 4213 Ἀϐραάμ
3153 4162 3284 4197 ποτε
3338 4139 3453 4209 ὑπό
3480 4140 3629 4207 νΘεοῦ
3672 4142 3907 4212 εἴρητο,

2331 4254 2350 4287 ι
2400 4233 2625 4298 Ἔξελθε
2659 4234 2724 4284 ὲκ
2743 4232 2842 4301 τῆς
2874 4232 2976 4301 γῆς
3010 4250 3119 4286 σου·
3167 4254 3185 4286 ι
3217 4237 3348 4305 ἡμῖν
3379 4232 3437 4285 δὲ
3467 4230 3611 4300 τάχα
3788 4232 3932 4295 dli-7.

2324 4341 2419 4393 γον
2444 4324 2788 4393 λεχθήσεται,
2827 4322 3098 4388 Ἐξέλθετε
3124 4324 3232 4377 ἀπὸ
3263 4324 3362 4393 τῆς
3390 4315 3519 4389 ’ὀλης
3548 4320 3671 4389 γῆς’
3702 4312 3747 4385 ᾧ
3776 4322 3906 4401 πεί-

2325 4414 2512 4466 θεσθαι
2546 4412 2733 4476 καλὸν,
2764 4413 2851 4465 ἵνα
2878 4415 3008 4484 ἡμῖν
3041 4415 3251 4485 ταχέως
3288 4410 3437 4481 δείξῃ
3461 4412 3586 4473 τοὺς
3614 4412 3906 4481 οὐρανοὺς.

598 4496 602 4499 Α
635 4500 779 4555 citur
812 4516 1037 4570 regnum
1082 4501 1367 4555 caelorum.
1405 4498 1696 4554 Multarum
1742 4502 2008 4556 virtutum
2045 4516 2213 4556 causa

2325 4505 2382 4556 ἐν
2400 4498 2481 4564 οἷς
2504 4502 2655 4563 ἐστιν
2681 4503 2713 4570 ἡ
2739 4501 3043 4577 καλουμένη
3061 4503 3168 4555 τῶν
3197 4499 3453 4573 οὐρανῶν·
3470 4497 3733 4568 βασιλεία.
3762 4501 3909 4572 Περὶ

631 4592 799 4644 vitam
840 4591 1234 4645 certaminibus
1281 4590 1496 4657 plenam
1528 4604 1673 4654 esse,
1707 4606 1844 4661 opus
1876 4600 1965 4645 est
1998 4606 2094 4645 eos
2117 4590 2210 4659 qui

632 4694 845 4751 certant
897 4685 1105 4737 videre.
1161 4684 1452 4737 Enimvero
1502 4696 1598 4747 pro
1646 4685 2011 4754 temperantia
2061 4685 2214 4757 vide-

632 4775 835 4833 buntur
862 4775 1014 4830 multi
1039 4774 1203 4827 etiam
1229 4790 1260 4827 a
1287 4775 1377 4828 Dei
1404 4775 1651 4845 partibus
1680 4777 1843 4830 alieni
1874 4777 2210 4837 decertasse,

635 4865 997 4936 nonnullique
1042 4877 1271 4920 mortem
1310 4867 1528 4921 fortiter
1559 4868 1715 4921 obire
1750 4866 2012 4919 maluisse
2047 4878 2213 4931 quam

632 4940 981 5011 communem
1032 4958 1311 5031 dominum
1377 4957 1657 5023 deserere;
1723 4958 1850 5011 item
1911 4953 2218 5026 prudentiae

633 5062 858 5113 operam
890 5047 1103 5101 dedisse
1132 5049 1221 5115 qui
1258 5048 1421 5102 rebus
1476 5048 1691 5101 ratione
1740 5044 2050 5100 tractandis
2082 5058 2217 5107 exa-

637 5137 1021 5206 minandisque
1047 5141 1416 5201 pr:estiternnt
1439 5158 1453 5205 ;
1480 5138 1785 5205 acjustitize
1812 5153 1883 5191 se
1903 5137 2215 5198 tradidisse,
2258 5161 2261 5164 -

639 5228 731 5297 qui
777 5228 922 5293 juste
962 5229 1144 5281 vivere
1192 5232 1294 5283 sibi
1330 5240 1775 5299 proposuerunt;
1832 5230 1903 5282 ita
1952 5229 2219 5282 adversus

642 5320 880 5386 singulas
912 5320 1148 5397 virtutes.
1172 5322 1371 5376 militat
1400 5334 1495 5397 aut
1525 5324 1709 5377 carnis
1756 5320 2045 5390 prudentia
2074 5358 2088 5382 ,
2119 5326 2216 5371 aut

634 5412 893 5481 pleraque
920 5420 1229 5476 extranea;
1279 5424 1335 5466 at
1386 5396 1486 5482 pro
1529 5416 1731 5483 pietate
1775 5412 1950 5465 solum
2008 5417 2215 5480 pugnat

2321 4595 2421 4665 μὲν
2465 4587 2558 4643 οὖν
2591 4590 2800 4643 πολλῶν
2834 4592 3044 4662 ἀρετῶν
3086 4594 3232 4646 ἔστιν
3271 4593 3397 4646 ἰδεῖν
3414 4589 3533 4657 Iov;
3544 4589 3655 4663 βίον
3675 4592 3907 4659 ἀγώνων

2319 4682 2752 4751 πεπληρωμένον
2774 4684 2897 4746 τοὺς
2924 4684 3372 4753 ἀγωνιζομένους.
3400 4680 3619 4746 Δόεουσι
3635 4680 3743 4752 γὰρ
3770 4684 3908 4753 περὶ

2321 4775 2419 4845 μὲν
2460 4772 2817 4841 σωφροσύνης
2865 4776 2957 4827 καὶ
2997 4777 3173 4845 ἕτεροι
3204 4774 3312 4827 τῶν
3351 4771 3459 4825 ἀπὸ
3494 4771 3593 4840 τῆς
3624 4771 3716 4823 τοῦ
3763 4773 3905 4827 Θεοῦ

2323 4864 2541 4935 μερίδος
2586 4866 2885 4931 ἠγωνίσθαι
2926 4868 3130 4920 πολλοί·
3183 4866 3275 4919 καὶ
3317 4864 3454 4936 μετά
3489 4866 3735 4938 ἀνδρείας
3771 4870 3907 4922 ἐνα-

2320 4952 2713 5022 ποτεθνηκέναι
2738 4951 3240 5049 τινὲς,τηροῦντες
3268 4956 3365 5026 τὴν
3404 4956 3546 5027 ὑπὲρ
3584 4957 3677 5008 τοῦ
3716 4961 3905 5014 κοινοῦ

2319 5046 2584 5099 δεσπότου
2635 5044 2913 5116 πρόθεσινο
2973 5046 3284 5117 φρονήσεώς
3327 5062 3388 5099 τε
3421 5046 3802 5116 ἐπιμελεῖσθαι
3854 5050 3907 5103 οἱ

2317 5135 2446 5206 περὶ
2466 5135 2595 5198 τοὺς
2612 5135 3036 5209 ἐξεταζομένους
3058 5139 3245 5207 λόγους
3268 5137 3447 5190 δεινοί’
3476 5138 3567 5191 καὶ⁸
3584 5134 3906 5209 δικαιοσύνῃ

2317 5225 2549 5289 ἑαυτοὺς
2567 5226 2949 5282 ἐπιδεδωκέναι
2972 5232 3020 5282 οἱ
3043 5220 3264 5291 δικαίως
3283 5227 3382 5299 ζῇν
3404 5226 3901 5298 προτεθυμημένοι.

2318 5314 2427 5368 Καὶ
2461 5316 2823 5384 στρατεύεταί
2850 5335 2910 5387 γε
2943 5320 3067 5373 καθ’
3092 5320 3328 5391 ἑκάστης
3350 5317 3551 5389 ἀρετῆς
3570 5317 3686 5387 ἦτοι
3715 5317 3776 5370 τὸ
3798 5320 3908 5387 τῆς

2321 5403 2527 5477 σαρκὸς
2554 5406 2811 5476 φρόνημα
2842 5410 2935 5460 καὶ
2977 5411 3046 5462 τὰ
3078 5411 3246 5464 πολλὰ
3282 5400 3391 5463 τῶν
3437 5407 3611 5470 ἐκτόςτ
3665 5408 3796 5477 περὶ
3844 5407 3933 5462 δῖ

792 5518 937 5597 ίξετιι.
970 5536 1078 5597 ξω,
1183 5591 1200 5597 _
1234 5525 1279 5555 “
1302 5525 1489 5580 Matth.
1522 5541 1575 5597 ν,
1609 5526 1665 5597 μ
1696 5566 1709 5585 ,
1748 5524 1830 5576 12.
1902 5523 1954 5597 ᾼδτ
1987 5523 2107 5577 Act.
2138 5538 2223 5586 v,«

2385 5520 2431 5552 ⁸⁸
2464 5519 2607 5572 Psal.
2658 5534 2773 5582 xu,
2806 5519 2860 5573 6.
2944 5522 2989 5555 ⁸⁸
3005 5523 3201 5597 Philip.
3224 5543 3275 5593 ν,
3298 5523 3352 5580 7.
3427 5524 3473 5557 ⁹⁰
3502 5520 3545 5577 Il
3580 5520 3706 5575 Cor.
3762 5534 3814 5581 ν,
3846 5519 3905 5574 8.

635 5589 680 5622 ’⁸
712 5588 851 5642 Psal.
885 5589 1033 5649 νηὶ.
1110 5592 1155 5649 ξ’
1183 5591 1372 5653 lsa.u,
1407 5597 1457 5647 7.
1533 5594 1578 5625 θ’
1604 5594 1739 5648 Gen.
1776 5609 1871 5658 xu,
1895 5595 1941 5644 ί.

710 5706 822 5848 te

734 5706 822 5831 6'2;
875 5706 1063 5772 Ἡμῖν.
1096 5707 1255 5760 Forte
1294 5711 1592 5773 legendum,
1622 5711 1769 5779 ὑμῖν.

730 5776 799 5831 65
862 5777 965 5831 Καὶ
1020 5776 1221 5831 πάλιν.
1286 5779 1539 5831 Suspicor
1605 5795 1767 5831 cense

709 5776 795 5849 (65

862 5777 965 5832 Καὶ
1020 5776 1221 5833 πάλιν.
1286 5779 1539 5849 Suspicor
1605 5776 1955 5836 consecutum
2045 5779 2216 5838 fuisse

2318 5708 2554 5779 aliquem
2588 5704 3085 5779 Seripturae‘loenm
3109 5710 3273 5775 priori
3297 5709 3527 5769 similem
3555 5724 3715 5779 quem
3749 5722 3907 5761 ama-

2328 5775 2555 5840 nuensis
2586 5776 2641 5829 in
2670 5792 2770 5829 ms.
2811 5775 2995 5829 codice
3030 5778 3294 5855 omiserit.
