4132 6314
604 415 724 481 875

2085 418 2411 474 οιιιοεικτιδ

3743 408 3851 465 576

612 557 635 593 σ
684 550 938 609 tanquam
969 540 1193 594 verbum
1235 538 1444 595 Domini
1468 540 1611 607 quod
1633 530 1760 595 lnou
1791 540 2043 609 praecepit
2073 541 2171 594 Do-

2284 557 2302 589 ι
2342 538 2419 601 ὡς
2449 537 2653 609 Κυρίου
2689 537 2858 608 ῥῆμα,
2890 536 2917 588 6
2947 537 3007 589 ού
3053 532 3347 606 προσέταξε
3380 532 3604 604 Κύριος,
3656 551 3674 582 ι
3711 530 3851 600 ἢὼς

607 629 789 683 minus
814 628 858 693 ⁸,
902 648 921 680 ι
958 639 1051 683 aut
1092 639 1346 698 tanquam
1397 644 1697 683 sermonem
1727 632 2022 700 sapientiar,
2054 648 2170 687 ser-

606 734 821 774 monem
854 734 883 773 a
912 722 1177 788 sapientia
1217 720 1473 785 alienum,
1515 731 1569 773 nt
1604 736 1702 775 nos
1735 721 2026 776 interﬁciat
2051 736 2171 775 ser-

606 824 764 863 mone
798 810 909 864 oris
938 811 1039 862 sui.
1084 808 1188 863 Sed
1239 826 1354 873 nos,
1404 825 1531 865 cum
1576 812 1882 885 constiterit
1925 822 2174 879 peccator

602 896 893 953 adversum
952 915 1070 964 nos,
1126 901 1405 953 dicamus:
1466 920 1487 953 ι
1527 903 1637 971 Ego
1683 913 1863 956 autem
1916 913 2171 971 tanquam

608 991 803 1043 surdus
834 1004 938 1043 non
979 990 1285 1055 audiebam,
1311 1000 1366 1045 et
1394 992 1533 1045 sicut
1572 1002 1756 1047 mutus
1786 1007 1889 1046 non
1921 996 2173 1062 aperiens

607 1093 671 1133 os
699 1095 876 1144 suum,
904 1088 958 1131 et
981 1080 1152 1134 factus
1183 1097 1300 1134 sum
1326 1082 1473 1136 sicut
1499 1083 1661 1147 homo
1693 1100 1797 1139 non
1825 1085 2050 1138 audiens
2079 1086 2121 1137 ’.
2148 1102 2167 1136 ι

610 1168 895 1223 Pulchrum
923 1182 1004 1224 est
1033 1172 1173 1223 enim
1207 1170 1271 1223 ad
1299 1171 1491 1240 impios
1522 1188 1797 1229 sermones
1823 1175 2176 1229 obsurdesce-

610 1274 689 1323 re,
722 1261 887 1330 280
906 1277 1025 1314 cum
1063 1275 1155 1316 eos
1183 1263 1273 1331 qui
1309 1276 1561 1331 perverse
1583 1266 1874 1335 loquuntur
1900 1266 2175 1336 corrigere

608 1347 977 1414 desperamus.

679 1438 732 1491 9.
766 1438 1012 1492 Proderit
1040 1441 1204 1494 etiam
1239 1442 1393 1496 nobis
1429 1452 1553 1497 tunc
1581 1443 1835 1512 temporis
1863 1462 1983 1502 cum
2008 1449 2075 1501 ad
2110 1465 2173 1505 ea

606 1541 727 1595 qua!
775 1527 886 1582 Deo
933 1532 1209 1584 contraria
1268 1543 1396 1586 sunt
1447 1534 1877 1602 provocabimur,
1934 1540 2175 1609 cogitare

547 1631 555 1636 ·
606 1616 737 1682 quid
781 1631 876 1671 nos
909 1618 1106 1673 docere
1144 1622 1272 1675 velit
1302 1622 1467 1687 Deus,
1507 1638 1627 1677 cum
1670 1628 1747 1679 ait
1784 1644 1799 1679 :
1844 1647 1863 1678 ε
1909 1628 2021 1699 Ego
2054 1647 2172 1684 sum

606 1708 869 1762 Dominus
902 1711 1041 1765 Deus
1076 1722 1197 1767 tuus
1228 1713 1432 1770 zelotes
1459 1717 1525 1769 ¹⁰.
1560 1736 1578 1767 ο
1623 1717 1881 1788 Equidem
1916 1722 2171 1789 arbitror,

606 1801 1055 1865 quemadmodum
1098 1820 1327 1873 sponsus
1346 1808 1438 1876 qui
1470 1822 1722 1875 sponsam
1757 1813 1891 1867 velit
1925 1815 1992 1868 ad
2022 1824 2173 1870 caste

605 1887 892 1941 vivendum
939 1892 1210 1948 adducere
1238 1904 1310 1948 ut
1353 1910 1411 1949 se
1462 1904 1627 1952 totam
1676 1914 1875 1967 sponso
1920 1903 2175 1973 adjungat

606 1975 861 2044 omnique
909 1982 1084 2035 studio
1126 1991 1311 2036 caveat
1348 1985 1415 2037 ad
1450 1986 1617 2039 ullum
1647 2004 1706 2042 se
1730 1989 1964 2045 alienum
2000 1992 2172 2047 caun-

607 2065 769 2119 dere:
788 2066 854 2132 is,
881 2067 1003 2122 licet
1028 2071 1239 2138 sapiens
1267 2074 1358 2137 sit,
1383 2074 1556 2129 zelum
1581 2085 1758 2132 tamen
1790 2095 1898 2147 pne
1930 2096 1987 2134 se
2015 2082 2171 2147 feret,

608 2165 667 2208 ut
698 2171 761 2209 ea
807 2156 931 2211 ﬁcta
960 2162 1137 2227 specie
1166 2163 1325 2216 veluti
1360 2166 1757 2229 medicamento
1805 2173 2042 2239 quodam
2090 2173 2174 2225 iu-

607 2247 821 2300 tirmum
842 2263 1052 2316 sponsa:
1076 2253 1309 2306 animum
1334 2256 1613 2355 confirmet
1638 2276 1650 2312 :
1678 2260 1757 2313 sic
1782 2260 2171 2329 legislatorem,

610 2336 843 2391 maxime
869 2339 912 2393 si
942 2357 961 2389 ι
1006 2342 1394 2411 primogenitus
1430 2364 1449 2397 ι
1485 2336 1744 2416 appareat
1770 2368 1789 2400 ‹
1825 2352 2003 2406 omnis
2028 2369 2175 2408 crea-

608 2432 745 2478 tura:
773 2426 840 2491 “,
880 2446 901 2480 ι
931 2431 997 2483 ad
1025 2432 1257 2487 animam
1289 2449 1539 2503 sponsam
1570 2454 1721 2493 suam
1745 2440 1908 2496 Deum
1941 2458 1999 2497 se
2028 2449 2173 2499 zelo-

609 2521 715 2566 tcm
745 2530 868 2571 esse
906 2518 1108 2599 dicere,
1142 2532 1202 2576 ut
1242 2527 1334 2593 qui
1375 2526 1426 2580 id
1469 2531 1743 2585 audierint
1782 2547 1877 2586 eos
1923 2535 1991 2589 ab
2023 2538 2169 2591 omni

606 2617 729 2655 cum
764 2606 1043 2664 dmmoniis
1092 2627 1323 2682 eumque
1372 2617 1438 2670 iis
1488 2618 1581 2686 qui
1629 2619 1884 2674 dicuntur
1926 2638 2045 2679 esse
2074 2626 2167 2687 dii,

604 2689 962 2751 fornicatione
1015 2699 1306 2757 deterreat.
1340 2705 1520 2773 Atque
1554 2716 1613 2761 ut
1667 2708 1805 2764 Deus
1860 2713 1931 2765 ita
1965 2714 2169 2770 zelotes

605 2779 685 2833 ait
709 2781 777 2836 de
801 2784 870 2838 iis
890 2787 983 2853 qui
1014 2790 1253 2857 quolibet
1280 2796 1438 2850 modo
1470 2808 1590 2865 post
1624 2800 1754 2854 deos
1786 2802 1993 2859 alienos
2023 2807 2171 2860 abie-

605 2870 718 2923 rint
749 2885 765 2925 :
806 2891 826 2925 ι
865 2875 969 2944 Ipsi
1003 2893 1088 2932 me
1119 2881 1184 2933 ad
1210 2882 1382 2937 zelum
1418 2901 1849 2954 provocaverunt
1880 2894 1934 2947 in
1966 2909 2033 2950 eo
2076 2898 2168 2967 qui

607 2974 716 3014 non
746 2973 865 3018 erat
905 2966 1073 3033 deus;
1104 2981 1158 3024 et
1190 2964 1291 3043 ego
1317 2979 1623 3043 provocabo
1654 2995 1747 3035 eos
1774 2982 1826 3035 in
1857 2999 1921 3037 eo
1943 2987 2032 3055 qui
2063 3001 2168 3040 non

606 3058 692 3104 est
729 3056 983 3122 populus,
1017 3068 1072 3112 et
1110 3061 1163 3115 in
1194 3074 1351 3131 gente
1382 3066 1545 3119 stulta
1589 3069 1813 3126 irritabo
1838 3073 1981 3141 illos,
2036 3080 2166 3145 quo-

606 3140 752 3195 niam
800 3144 940 3212 ignis
972 3161 1263 3211 succensus
1294 3166 1376 3206 est
1430 3170 1496 3208 ex
1551 3157 1731 3229 furore
1785 3177 1927 3228 meo,
1959 3140 2172 3225 ardebit
2200 3170 2245 3231 C

605 3244 779 3301 usque
809 3236 875 3287 ad
906 3236 1174 3292 infernum
1207 3244 1447 3317 intimum
1476 3247 1535 3298 ι’.
1579 3267 1597 3298 ι

668 3320 769 3375 ’1οι
800 3322 953 3388 Quod
980 3327 1023 3377 si
1051 3342 1151 3381 non
1178 3345 1273 3382 sua
1318 3333 1486 3400 ipsius
1525 3350 1687 3390 causa
1725 3354 1955 3405 sponsus
1986 3351 2170 3412 utpote

606 3411 824 3479 sapiens
871 3423 926 3467 et
969 3418 1099 3470 nulli
1151 3426 1538 3486 perturbationi
1587 3430 1873 3497 obnoxius,
1922 3434 1989 3486 ab
2022 3411 2168 3488 omni

608 3498 732 3553 labe
781 3502 883 3556 sibi
921 3504 1296 3576 desponsatam
1346 3517 1638 3581 averterit;
1696 3530 1749 3573 at
1798 3531 1947 3575 certe
2000 3523 2170 3591 ipsius

607 3591 782 3657 gratia
816 3598 971 3663 cujus
998 3598 1187 3651 sordes
1215 3601 1774 3676 abouiinationemque
1802 3611 2006 3676 videat,
2034 3612 2171 3666 nihil

609 3694 716 3733 non
744 3680 905 3735 faciet
933 3690 1076 3753 quod
1110 3690 1276 3758 ipsam
1305 3708 1499 3748 sanare
1527 3699 1700 3782 possit
1732 3709 1785 3753 et
1827 3711 2168 3770 convertere,

610 3770 993 3843 adliibebitque
1044 3789 1102 3831 ut
1142 3782 1320 3836 liberae
1350 3799 1412 3838 ac
1448 3770 1547 3839 sui,
1573 3788 1786 3843 arbitrii
1818 3803 2023 3847 natura:
2078 3812 2167 3851 ra-

532 3858 535 3859 ⁷
610 3860 783 3915 tiones
818 3880 935 3932 quae
958 3882 986 3919 a
1018 3879 1201 3937 stupro
1234 3873 1562 3929 deterreant.
1590 3875 1763 3942 Quam
1807 3880 1971 3950 igitur
1993 3883 2169 3938 labem

608 3958 880 4018 putaveris
906 3958 1226 4015 deteriorem
1262 3964 1401 4016 inuri
1440 3982 1601 4033 posse
1642 3971 1835 4024 anima“:
1863 3987 1980 4039 qua:
2003 3975 2167 4028 alium

544 4074 545 4077 η
609 4045 1090 4115 quomodocunque
1117 4053 1508 4105 renuntiaverit
1542 4057 1729 4118 Deum,
1760 4074 1859 4112 nec
1897 4077 2017 4113 eum
2038 4076 2172 4116 con-

609 4130 748 4185 fessa
780 4132 943 4187 fuerit
974 4137 1062 4201 qui
1115 4152 1239 4191 vere
1272 4156 1409 4192 unus
1460 4152 1514 4194 et
1553 4145 1699 4199 solus
1742 4156 1824 4200 est
1866 4146 2173 4205 Dominus?

606 4218 866 4288 Equidem
899 4226 1064 4291 utqui
1101 4244 1121 4275 ι
1162 4229 1396 4283 adlimret
1417 4236 1708 4294 meretrici.
1738 4253 1899 4290 unum
1928 4255 2125 4308 corpus
2147 4260 2166 4291 ι

607 4311 836 4367 eﬂicitur
862 4316 923 4380 ιι,
948 4318 1023 4370 sic
1052 4319 1290 4374 arbitror
1321 4338 1441 4376 eum
1470 4327 1560 4393 qui
1592 4327 1824 4395 aliquem
1857 4332 2165 4399 conﬁtetur,

608 4419 674 4458 eo
703 4409 934 4461 maxime
969 4421 1207 4479 tempore
1248 4429 1353 4480 quo
1398 4417 1464 4469 de
1518 4416 1620 4471 ﬁde
1670 4421 1963 4487 inquiritur
2010 4424 2165 4476 adhi-

608 4497 907 4566 beaturque
937 4512 1225 4568 tormenta,
1258 4510 1597 4563 commisceri
1641 4522 1693 4565 et
1724 4515 1863 4567 uniri
1907 4517 1956 4568 ei
2006 4531 2166 4583 quem

608 4586 927 4654 conﬁtetur;
984 4595 1072 4660 qui
1128 4612 1259 4649 vero
1319 4610 1502 4667 negat,
1556 4602 1671 4669 ipsa
1735 4607 2026 4674 negatione
2072 4623 2169 4660 sua

607 4677 759 4742 quasi
794 4690 952 4731 acuto
976 4683 1204 4747 qundam
1235 4685 1429 4751 gladio,
1467 4688 1534 4742 ab
1563 4688 1653 4743 illo
1684 4705 1841 4758 quem
1870 4706 2028 4760 negat
2080 4696 2167 4747 di—

604 4768 712 4819 vidi
748 4782 810 4821 ac
845 4774 1102 4839 separari.
1139 4775 1481 4845 Quapropter
1521 4780 1642 4833 vide
1669 4796 1819 4845 num,
1858 4787 1998 4849 quod
2038 4801 2170 4840 cou-

606 4870 896 4927 scquenler
924 4866 1137 4918 accidat
1160 4884 1221 4920 ac
1271 4869 1577 4923 necessario
1608 4882 1663 4921 ut
1693 4884 1815 4923 eum
1845 4876 2171 4932 conﬁteatur

607 4948 852 5005 Christus
879 4956 967 5021 qui
1004 4972 1061 5009 se
1100 4961 1379 5012 confessus
1410 4960 1505 5026 sit,
1551 4976 1675 5013 enin
1717 4977 1844 5015 vero
1876 4966 1966 5032 qui
2007 4982 2166 5035 nega-

606 5044 764 5105 verit,
798 5055 974 5111 neget,
1007 5047 1207 5099 dictum
1242 5051 1314 5103 sit
1348 5049 1473 5103 illud
1510 5066 1520 5096 :
1565 5068 1584 5101 ι
1624 5053 1726 5116 Qui
1764 5069 1848 5106 ine
1880 5058 2166 5113 confessus

609 5131 769 5185 fuerit
796 5148 976 5187 coram
1005 5138 1330 5204 hominibus,
1363 5143 1665 5195 confitebor
1694 5154 1748 5196 et
1788 5160 1886 5214 ego
1916 5162 2041 5202 eum
2078 5165 2168 5203 co-

608 5235 727 5275 ram
751 5222 911 5274 Patre
943 5240 1061 5279 meo
1091 5229 1179 5292 qui
1211 5229 1261 5280 in
1310 5230 1461 5285 caelis
1509 5242 1590 5283 est
1634 5233 1697 5284 ιδ.
1734 5251 1754 5285 ι
1787 5218 1976 5290 Dicere
2006 5239 2167 5290 etiam

608 5316 779 5380 possit
811 5315 981 5381 ipsum
1018 5317 1244 5371 Verbum
1277 5330 1330 5372 et
1365 5326 1475 5388 ipsa
1508 5322 1714 5378 Veritas
1747 5334 1858 5379 tum
1892 5329 2165 5381 confitenti

608 5420 735 5459 cum
755 5406 967 5471 neganti
992 5425 1004 5458 :
1034 5426 1053 5457 ι
1093 5408 1147 5460 In
1174 5423 1279 5477 qua
1302 5425 1557 5464 mensura
1606 5417 1777 5468 mensi
1815 5416 2045 5481 fueritis,
2081 5436 2167 5473 re-

2275 629 2467 697 σοφίας
2515 629 2691 697 λόγον,
2740 628 2832 680 τὸν
2880 626 3153 697 ἀλλότριον
3203 624 3302 695 τῆς
3347 625 3557 693 σοφίας,
3602 623 3669 675 ἵν’
3700 623 3849 693 ἡμᾶς

2276 722 2570 792 ἀποκτείνῃ
2595 720 2671 790 τῷ
2703 719 2847 789 λόγῳ
2866 718 2957 772 τοῦ
2992 718 3254 788 στόματος
3283 715 3469 770 αὑτοῦ.
3513 715 3652 768 Ἀλλ’
3683 716 3851 785 ἡμεῖς

2272 813 2331 865 δέ
2382 813 2503 864 τότε
2560 814 2618 863 ἐν
2675 808 2753 879 τῷ
2816 809 3073 878 συστῆναι
3114 807 3203 859 τὸν
3237 804 3556 877 ἁμαρτωλὸν
3603 803 3848 859 ἐναντίον

2278 903 2433 974 ἡμῶν
2485 902 2743 971 εἴπωμενο
2792 921 2810 951 ‹
2857 899 2994 968 Ἐγὼ
3034 900 3090 952 δὲ
3129 897 3259 950 ώσεὶ
3282 896 3463 964 κωφὸς
3486 896 3587 948 οὐκ
3624 894 3841 964 ἤκουον,

2274 994 2368 1047 καὶ
2398 993 2529 1044 tinet
2572 990 2765 1053 ἄλαλος
2802 991 2903 1043 οὐκ
2949 988 3175 1057 ἀνοίγων
3216 986 3276 1039 τὸ
3318 986 3491 1059 στόμα
3525 983 3711 1037 αὐτοῦ’
3751 984 3848 1037 καὶ

2273 1079 2535 1153 ἐγενόμην
2555 1083 2686 1135 ὡσεὶ
2708 1081 2985 1152 ἄνθρωπος
3004 1080 3102 1131 οὐκ
3135 1077 3365 1132 ἀκούων.
3392 1081 3423 1128 ἰ
3462 1075 3615 1147 Καλὴ
3659 1075 3768 1147 γὰρ
3804 1075 3845 1147 ἠ

2275 1176 2410 1246 πρὸς
2452 1174 2578 1236 τοὺς
2615 1173 2829 1246 ἀσεϐεῖς
2868 1171 3057 1239 λόγους
3095 1169 3367 1238 κώφωσις,
3400 1167 3536 1221 ἐπὰν
3575 1164 3853 1237 ἀπογινώ-

2276 1243 2497 1334 σκωμεν
2545 1243 2659 1335 τὴν
2698 1263 2807 1315 τῶν
2870 1261 2941 1315 τὰ
3005 1262 3219 1332 χείρονα
3291 1254 3551 1327 λεγόντων
3606 1258 3845 1328 ἐπανόρ-

2276 1355 2459 1408 θωσιν.

2345 1447 2389 1497 Χ
2400 1448 2625 1515 ρήσιμον
2655 1445 2711 1496 δὲ
2732 1446 2879 1514 ἡμᾶς
2899 1446 3097 1497 ἐννοεῖν
3126 1443 3183 1497 ἐν
3214 1443 3327 1505 τοῖς
3366 1442 3576 1512 καιροῖς
3605 1440 3716 1503 τῶν
3750 1440 3845 1492 ἐπὶΙ

2273 1533 2342 1587 τὰ
2376 1534 2589 1587 ἐναντία
2632 1533 3103 1604 προκαλουμένων,
3138 1533 3190 1585 τί
3227 1531 3432 1596 διδάξαι
3468 1531 3785 1601 βουλόμενος
3812 1530 3845 1581 6

2275 1623 2405 1687 Θεός
2437 1640 2567 1695 φησι
2601 1624 2677 1676 τόο
2715 1643 2733 1674 ι
2789 1623 2928 1690 Ἐγώ
2950 1627 3062 1692 εἰμι
3096 1622 3295 1693 Κύριος
3320 1623 3350 1673 6
3379 1620 3509 1683 Θεός
3537 1636 3631 1671 σου
3666 1619 3843 1689 ζηλω-

2275 1713 2394 1784 τής.
2433 1731 2451 1763 ι
2486 1713 2595 1766 Καὶ
2624 1707 2777 1781 οἶμαί
2810 1729 2896 1780 γε,
2917 1713 2997 1764 ὅτι
3028 1712 3086 1764 ὃν
3117 1711 3313 1783 τρόπον
3332 1709 3558 1778 νυμφίος
3587 1708 3856 1799 ἐπιστρέ-Ι

2276 1818 2389 1872 φων
2411 1802 2508 1872 τὴν
2534 1800 2745 1871 νύμφην
2776 1799 2909 1872 πρὸς
2942 1801 3003 1853 τὸ
3047 1798 3257 1870 σεμνῶς
3288 1799 3455 1869 βιοῦν,
3507 1797 3844 1879 συνάγουσαν

2280 1893 2376 1963 μὲν
2405 1894 2583 1946 πᾶσαν
2610 1891 2804 1961 ἑαυτὴν
2832 1892 2967 1962 πρὸς
2996 1891 3085 1943 τὸν
3110 1890 3354 1960 νυμφίον,
3389 1887 3549 1940 παντὶ⁸
3571 1886 3628 1939 δὲ
3654 1886 3844 1955 τρόπῳ

2276 1982 2683 2053 φυλαττομένην
2702 1982 2816 2051 ,(75)
2848 1982 3120 2051 ἐκκεῖσθαι
3160 1980 3296 2051 πρὸς
3324 1979 3506 2049 ἕτερόν
3537 1995 3655 2031 τινα
3691 1976 3844 2047 παρὰ

2274 2074 2364 2127 τὸν
2408 2075 2654 2143 νυμφίον·
2703 2074 2804 2127 κᾶν
2848 2075 3004 2142 σοφὸς
3041 2069 3096 2144 ᾗ,
3145 2074 3393 2142 ἐμφαίνοι
3436 2071 3501 2123 ἂν
3534 2072 3714 2141 ζῆλον,
3764 2071 3843 2133 ὡς

2276 2166 2547 2237 φαρμάκῳ
2575 2169 2639 2236 τῇ
2669 2165 2889 2235 τοιαύτῃ
2920 2164 3150 2234 ἐμφάσει
3188 2163 3321 2232 πρὸς
3341 2163 3436 2232 τὴν
3458 2161 3673 2233 νύμφην

2275 2272 2450 2324 μενος·
2486 2255 2657 2317 οὕτως
2687 2256 2715 2305 6
2740 2254 3233 2325 χρηματίζων,-κα“ι
3264 2254 3496 2323 μάλιστα
3527 2253 3624 2306 ἐὰν
3661 2252 3853 2323 φαίνη-

2272 2363 2361 2397 ται
2402 2363 2420 2395 t
2456 2348 2484 2397 ὁ
2512 2345 2853 2415 πρωτότοκος
2894 2366 2910 2395 ι
2946 2342 3081 2397 εἶναι
3117 2363 3135 2395 t
3177 2344 3354 2413 πάσης
3373 2345 3627 2408 κτίσεως,
3657 2362 3676 2394 ι
3708 2344 3843 2414 φησι

2276 2435 2410 2505 πρὸς
2435 2435 2532 2506 τὴν
2559 2435 2775 2505 νύμφην
2807 2436 2981 2505 ψυχὴν
3014 2435 3146 2497 Θεὸς
3178 2433 3315 2487 εἶναι
3354 2432 3617 2503 ζηλωτὴς,
3660 2434 3842 2501 πάσης

2271 2520 2370 2590 τῆς
2399 2522 2533 2590 πρὸς
2554 2521 2622 2574 τὰ
2642 2521 2889 2591 δαιμόνια
2908 2521 3156 2593 πορνείας
3187 2522 3281 2575 καὶ
3308 2523 3431 2583 τοὺς
3454 2521 3841 2591 νομιζομένους

2271 2605 2407 2664 εἶναι
2441 2610 2594 2673 θεοὺς
2632 2612 2862 2679 ἀφιστὰς
2881 2611 3005 2674 τοὺς
3030 2611 3429 2685 ἀκροωμένους.
3468 2610 3577 2662 Καὶ
3605 2610 3682 2672 ὡς
3706 2609 3839 2673 Θεὸς

2272 2701 2414 2755 οὕτω
2470 2700 2715 2772 ζηλωτής
2761 2720 2892 2773 φησι
2943 2703 3068 2773 περὶ
3113 2701 3221 2754 τῶν
3272 2702 3417 2763 ὅπως
3470 2701 3599 2753 ποτέ
3661 2701 3840 2752 ὀπίσω

2271 2791 2405 2844 θεῶν
2423 2792 2632 2861 ἐτέρων⁸
2651 2792 3179 2863 ἐκπεπορνευκότωνο
3205 2810 3223 2842 ι
3259 2792 3419 2843 Δύτοί
3447 2790 3840 2862 παρεζήλωσάν

2273 2898 2339 2949 με
2357 2882 2441 2932 ἐπ’
2463 2882 2520 2933 ού
2534 2881 2657 2951 θεῷ·
2682 2881 2835 2949 κάγὼ
2854 2879 3227 2953 παραζηλώσω
3245 2881 3437 2943 αὐτοὺς
3454 2882 3538 2933 ἐπ’
3561 2882 3659 2933 οὐκ
3672 2879 3835 2932 ἔθνειο

2271 2971 2362 3023 ἐπὶ
2374 2967 2512 3024 ἔθνει
2528 2972 2767 3043 ἀσυνέτῳ
2784 2990 2855 3026 πα
2864 2973 3062 3045 ροργιῶ
3078 2973 3375 3037 αύτοὺς,ὃτι
3391 2972 3503 3042 πῦρ
3514 2972 3839 3024 ἐκκέκαυται

2270 3063 2335 3115 ἐκ
2348 3061 2440 3113 τοῦ
2457 3061 2629 3132 θυμοῦ
2662 3080 2783 3133 μου·
2817 3064 3141 3135 καυθήσεται
3162 3064 3264 3127 ἕως
3291 3062 3417 3134 ᾅδου
3441 3061 3770 3116 κατωτάτου.
3814 3078 3834 3111 ι

2342 3344 2461 3396 Κάν
2495 3344 2568 3415 μὴ
2602 3344 2668 3397 δι’
2700 3345 2885 3397 ἐαυτὸν
2915 3344 2971 3397 δὲ
3003 3343 3077 3406 ὡς
3098 3344 3258 3412 σοφὸς
3287 3343 3558 3414 ὁνυμφίος
3581 3343 3678 3397 καὶ
3698 3345 3841 3397 ἀπα-

2276 3433 2372 3505 θὴς
2404 3434 2719 3505 ἀποστρέφῃ
2750 3435 2959 3502 παντὸς,
2981 3432 3251 3505 μολυσμοῦ
3289 3435 3389 3506 τὴν
3436 3435 3844 3505 μεμνηστευμέ-

2271 3542 2389 3595 νην,
2411 3525 2547 3578 ἀλλά
2579 3544 2640 3594 γε
2667 3526 2732 3578 δι’
2776 3528 3009 3595 ἐκείνην,
3032 3526 3171 3595 ὁρῶν
3212 3525 3380 3593 αὐτῆς
3420 3524 3511 3576 τὸν
3568 3524 3842 3594 μολυσμὸν

2272 3619 2366 3670 καὶ
2387 3618 2477 3670 τὸν
2515 3617 2827 3687 βδελυγμὸν,
2852 3618 3027 3670 πάντα
3042 3618 3109 3669 τὰ
3127 3615 3375 3668 ἰάσασθαι
3396 3616 3489 3667 καὶ
3518 3615 3841 3686 ἐπιστρέψαι

2272 3708 2438 3778 αὐτὴν
2460 3706 2726 3777 δυνάμενα
2755 3710 2985 3775 ποιήσει,
3014 3706 3088 3768 ώς
3106 3706 3431 3770 αὑτεξουσίῳ
3456 3705 3615 3774 φύσει
3639 3704 3845 3775 προσά-

2272 3814 2384 3864 γων
2414 3796 2602 3864 λόγους
2636 3798 3066 3866 ἀποτρεπτικοὺς
3098 3796 3191 3848 τοῦ
3234 3797 3533 3865 πορνεύειν.
3585 3797 3746 3847 Ποῖον
3774 3791 3839 3845 ἂν

2271 3882 2363 3938 οὖν
2398 3886 2632 3955 μιασμὸν
2682 3888 2898 3957 νοήσαις
2948 3887 3161 3957 χείρονα
3207 3884 3448 3953 γίνεσθαι
3501 3884 3651 3953 ψυχῇ
3695 3884 3841 3946 ὅπως

2272 3976 2402 4027 ποτὲ
2434 3976 2587 4029 ἄλλον
2616 3978 2947 4049 ἀγορευούσῃ
2974 3976 3123 4040 Θεὸν,
3158 3977 3249 4029 καὶ
3275 3976 3347 4047 μὴ
3382 3972 3716 4045 ὁμολογούσῃ
3749 3974 3839 4026 τὸν

2272 4065 2483 4135 ἀληθῶς
2513 4068 2611 4121 ἕνα
2666 4069 2758 4121 καὶ
2814 4069 2969 4137 μόνον
3016 4068 3251 4139 Κύριον;
3284 4067 3393 4119 Καὶ
3431 4062 3582 4135 οἶμαί
3620 4083 3703 4133 γε,
3736 4068 3836 4131 ὅτι,

2273 4156 2460 4226 ὥσπερ
2480 4160 2507 4209 6
2526 4216 2530 4220 _
2550 4177 2566 4207 ι
2603 4157 2943 4227 κολλώμενος
2970 4162 3036 4229 τῇ
3060 4159 3230 4229 πόρνῃ
3250 4157 3306 4207 ἒν
3328 4155 3487 4225 σῶμά
3518 4176 3537 4205 ι
3559 4158 3724 4219 ἐστιν,
3751 4157 3839 4209 οὖ-

2270 4264 2376 4308 τως
2399 4250 2427 4299 6
2452 4249 2546 4316 μὲν
2578 4247 2849 4315 ὁμολογῶν
2886 4265 3019 4312 τινα,
3049 4249 3143 4301 καὶ
3178 4246 3404 4315 μάλιστα
3450 4248 3506 4297 ἐν
3539 4247 3715 4317 καιρῷ
3740 4248 3837 4316 βα-

2277 4338 2433 4388 σάνου
2468 4338 2560 4389 καὶ
2593 4334 2882 4401 ἐξετάσεως
2928 4340 3027 4407 τῆς
3064 4337 3325 4399 πίστεως,
3359 4338 3709 4407 ἀνακιρνάται
3746 4339 3837 4389 καὶ

2276 4426 2484 4479 ἑνοῦται
2517 4427 2594 4497 τῷ
2623 4428 3031 4497 ὀμολογουμένῳ
3066 4427 3197 4496 (74)’
3231 4430 3259 4479 ὀ
3298 4428 3353 4480 δέ
3376 4427 3722 4499 ἀρνούμενος,
3745 4428 3836 4480 ὑπ’

2275 4514 2442 4582 αὐτῆς
2475 4514 2570 4582 τῆς
2604 4516 2880 4584 ἀρνήσεως
2910 4517 3106 4583 τρόπον
3134 4515 3400 4587 μαχαίρας
3424 4517 3834 4585 διακοπτούσης,

2268 4604 2360 4654 ἀπ’
2395 4606 2621 4666 ἐκείνου,
2653 4605 2709 4657 ὃν
2743 4606 3003 4673 ἀρνεῖται,
3038 4605 3229 4675 πάσχει
3261 4607 3358 4677 τὴν
3382 4606 3660 4677 διαίρεσιν,
3678 4612 3838 4676 χωρι-

2269 4694 2491 4763 ζόμενος
2517 4698 2741 4758 ἐκείνου,
2770 4696 2828 4746 ὃν
2861 4698 3149 4766 ἠρνήσατο.
3168 4696 3362 4765 Διόπερ
3389 4698 3700 4766 ἐπίστησον,
3734 4698 3835 4765 μή·

2270 4802 2420 4847 ποτε,
2457 4786 2532 4848 ὡς
2548 4785 2832 4837 ἀκόλουθον
2862 4787 2952 4838 καὶ
2986 4787 3274 4853 ἀναγκαῖον
3296 4785 3565 4855 συμϐῆναι
3588 4784 3667 4854 τῷ
3710 4788 3836 4853 ὁμο⁶

2268 4879 2513 4946 λογοῦντι
2543 4880 2602 4931 τὸ
2629 4879 3038 4949 ὁμολογηθῆναι,
3074 4882 3165 4932 καὶ
3194 4877 3272 4948 τῷ
3304 4877 3618 4949 ἀρνουμένῳ
3651 4877 3710 4929 τὸ
3734 4878 3833 4946 ἀρο

2271 4973 2515 5041 νηθῆναι,
2558 4970 2767 5041 εἴρηται
2799 4972 2876 5023 τό·
2918 4990 2935 5021 ‹
2982 4973 3076 5032 Ὃς
3132 4970 3225 5022 ἐὰν
3271 4967 3573 5037 ὁμολογήσῃ
3607 4968 3686 5018 ἐν.
3716 4968 3833 5036 ἐμοὶ

2273 5057 2576 5133 ἔμπροσθεν
2601 5062 2707 5113 τῶν
2729 5062 3048 5133 ἀνθρώπιον,
3076 5059 3227 5126 κάγὼ
3256 5057 3571 5127 ὁμολογήσω
3602 5061 3658 5112 ἐν
3688 5057 3831 5127 αὐτῷ

2274 5150 2575 5222 ἔμπροσθεν
2598 5152 2690 5203 τοῦ
2724 5153 2932 5222 Πατρός
2981 5168 3080 5219 μου
3121 5147 3213 5199 τοῦ
3251 5149 3307 5199 ἐν
3342 5148 3608 5215 οὐρανοῖς,
3643 5168 3663 5199 ι
3724 5148 3833 5199 Καὶ

2272 5242 2415 5293 εἴποι
2447 5240 2489 5292 δ’
2534 5239 2598 5291 ἂν
2620 5244 2646 5293 6
2676 5241 2959 5305 αὐτολόγος
2984 5237 3125 5306 καὶὴ
3153 5235 3505 5306 αὑτοαλήθεια
3520 5236 3598 5305 τῷ
3620 5251 3681 5286 τε
3705 5236 3832 5303 ὁμο-

2272 5332 2555 5401 λογήσαντι
2588 5332 2679 5383 καὶ
2709 5330 2785 5399 τῷ
2818 5327 3191 5398 ἀρνησαμένῳο
3222 5326 3241 5377 ι
3267 5320 3336 5396 ᾯ
3366 5328 3546 5398 μέτρῳ
3565 5326 3827 5396 μετρεῖτε,

2213 5446 2230 5497 ὲ
2273 5422 2789 5493 ἀντιμετρηθήσεται
2842 5421 2984 5488 ύμῖνο
3024 5437 3042 5469 ι
3080 5418 3143 5470 σὺ
3196 5417 3292 5487 μὲν
3338 5414 3429 5472 οὖν
3473 5420 3503 5471 ὁ
3559 5413 3830 5487 μετρήσας

680 5506 1185 5627 ’,ρειιιειιχιιιηῖὶ
1237 5547 1452 5627 ξΡειιΙ.
1480 5567 1686 5617 χχχιιι,
1724 5556 1803 5610 ιιι.
1873 5560 1913 5588 ¹⁰
1937 5560 2103 5615 Exod.
2138 5517 2235 5625 xx,
2259 5563 2309 5616 5.
2374 5564 2412 5594 “
2442 5563 2647 5617 Coloss.
2672 5577 2710 5627 l,
2743 5562 2826 5615 t5.
2906 5562 2947 5591 ¹²
2979 5561 3127 5612 Deut.
3154 5574 3321 5623 xxxii,
3344 5556 3542 5627 2|,32.
3604 5554 3826 5614 "Nor.

608 5623 683 5673 VI,
709 5614 794 5661 Hi.
871 5615 914 5643 “
941 5614 1127 5668 Matth.
1154 5632 1210 5679 ι,
1236 5616 1328 5672 52.

820 5724 1024 5813 Xitiose
1066 5730 1123 5810 in
1166 5733 1530 5813 manuscripto
1562 5734 1759 5813 legitur
1785 5736 2171 5813 τροφυλαττομε

2271 5759 2300 5802 ν,
2328 5754 2377 5796 et
2405 5741 2486 5794 inf
2489 5757 2540 5794 ra
2574 5740 2824 5812 ξωλωτής
2857 5758 2951 5811 pro
2980 5740 3241 5813 ζηλωτής.

683 5794 793 5863 (Ἠ)
820 5793 1077 5866 Corrupte
1111 5800 1164 5853 iu
1193 5816 1293 5854 ms.
1328 5793 1989 5875 εςιὶἱιὶιιιν,ᾍλογοόμέῦῳ.
