  <div class='ocr_page' id='page_1' title='image "/cluster/home/n/w/nwhite01/storage/ocr_20150623/11/pst.000005711918/308.png"; bbox 0 0 4132 6314; ppageno 0'>
   <div class='ocr_carea' id='block_1_1' title="bbox 175 377 457 488">
    <p class='ocr_par' dir='ltr' id='par_1_1' title="bbox 175 377 457 488">
     <span class='ocr_line' id='line_1_1' title="bbox 175 377 457 488; baseline -0.028 -10"><span class='ocrx_word' id='word_1_1' title='bbox 175 481 196 488; x_wconf 82' lang='lat'><strong><em>_</em></strong></span> <span class='ocrx_word' id='word_1_2' title='bbox 277 377 457 478; x_wconf 58' lang='grc' dir='ltr'>εῖτ</span> 
     </span>
    </p>
   </div>
   <div class='ocr_carea' id='block_1_2' title="bbox 1406 392 2454 489">
    <p class='ocr_par' dir='ltr' id='par_1_2' title="bbox 1406 392 2454 489">
     <span class='ocr_line' id='line_1_2' title="bbox 1406 392 2454 489; baseline 0.002 -4"><span class='ocrx_word' id='word_1_3' title='bbox 1406 392 1858 488; x_wconf 71' lang='lat' dir='ltr'><strong>sxuoam&#39;rlo</strong></span> <span class='ocrx_word' id='word_1_4' title='bbox 1885 432 1977 486; x_wconf 82' lang='lat' dir='ltr'><strong>AD</strong></span> <span class='ocrx_word' id='word_1_5' title='bbox 2015 431 2454 489; x_wconf 73' lang='lat' dir='ltr'><strong>MARTYRIUM.</strong></span> 
     </span>
    </p>
   </div>
   <div class='ocr_carea' id='block_1_3' title="bbox 3420 439 3525 498">
    <p class='ocr_par' dir='ltr' id='par_1_3' title="bbox 3420 439 3525 498">
     <span class='ocr_line' id='line_1_3' title="bbox 3420 439 3525 498; baseline 0.019 -2"><span class='ocrx_word' id='word_1_6' title='bbox 3420 439 3525 498; x_wconf 69' lang='lat'><strong>578</strong></span> 
     </span>
    </p>
   </div>
   <div class='ocr_carea' id='block_1_4' title="bbox 280 549 1861 624">
    <p class='ocr_par' dir='ltr' id='par_1_4' title="bbox 280 549 1847 623">
     <span class='ocr_line' id='line_1_4' title="bbox 280 549 1847 623; baseline -0.002 -19"><span class='ocrx_word' id='word_1_7' title='bbox 280 550 466 622; x_wconf 69' lang='grc' dir='ltr'>μέτρῳ</span> <span class='ocrx_word' id='word_1_8' title='bbox 499 552 597 621; x_wconf 82' lang='grc' dir='ltr'>τῆς</span> <span class='ocrx_word' id='word_1_9' title='bbox 635 552 768 623; x_wconf 77' lang='grc' dir='ltr'>πρὸς</span> <span class='ocrx_word' id='word_1_10' title='bbox 805 552 874 622; x_wconf 81' lang='grc' dir='ltr'><strong>μὲ</strong></span> <span class='ocrx_word' id='word_1_11' title='bbox 904 549 1211 620; x_wconf 79' lang='grc' dir='ltr'>ὁμολογίας.</span> <span class='ocrx_word' id='word_1_12' title='bbox 1245 549 1500 621; x_wconf 75' lang='grc' dir='ltr'><strong>ἀπολήψῃ</strong></span> <span class='ocrx_word' id='word_1_13' title='bbox 1535 568 1553 601; x_wconf 74' lang='grc' dir='ltr'><strong>ι</strong></span> <span class='ocrx_word' id='word_1_14' title='bbox 1597 551 1796 622; x_wconf 79' lang='grc' dir='ltr'>μέτρον</span> <span class='ocrx_word' id='word_1_15' title='bbox 1829 570 1847 601; x_wconf 68' lang='grc' dir='ltr'><strong>ι</strong></span> 
     </span>
    </p>
   </div>
   <div class='ocr_carea' id='block_1_5' title="bbox 1962 549 3526 624">
    <p class='ocr_par' dir='ltr' id='par_1_5' title="bbox 1962 552 3526 624">
     <span class='ocr_line' id='line_1_5' title="bbox 1962 552 3526 624; baseline 0.006 -21"><span class='ocrx_word' id='word_1_16' title='bbox 1962 554 2211 605; x_wconf 75' lang='lat' dir='ltr'><strong>metietur</strong></span> <span class='ocrx_word' id='word_1_17' title='bbox 2244 553 2425 619; x_wconf 68' lang='lat' dir='ltr'><strong>yobis;</strong></span> <span class='ocrx_word' id='word_1_18' title='bbox 2459 571 2478 604; x_wconf 75' lang='grc' dir='ltr'><strong>ι</strong></span> <span class='ocrx_word' id='word_1_19' title='bbox 2509 562 2561 605; x_wconf 85' lang='grc' dir='ltr'><strong>ιιι</strong></span> <span class='ocrx_word' id='word_1_20' title='bbox 2597 552 2764 621; x_wconf 78' lang='lat' dir='ltr'><strong>igitur</strong></span> <span class='ocrx_word' id='word_1_21' title='bbox 2800 556 2888 624; x_wconf 90' lang='lat' dir='ltr'><strong>qui</strong></span> <span class='ocrx_word' id='word_1_22' title='bbox 2919 571 3172 611; x_wconf 84' lang='lat' dir='ltr'><strong>mensura</strong></span> <span class='ocrx_word' id='word_1_23' title='bbox 3207 565 3310 613; x_wconf 77' lang='lat' dir='ltr'><strong>tua‘:</strong></span> <span class='ocrx_word' id='word_1_24' title='bbox 3345 557 3414 614; x_wconf 83' lang='lat' dir='ltr'><strong>de</strong></span> <span class='ocrx_word' id='word_1_25' title='bbox 3439 575 3526 612; x_wconf 78' lang='lat' dir='ltr'><strong>me</strong></span> 
     </span>
    </p>
   </div>
   <div class='ocr_carea' id='block_1_6' title="bbox 273 636 1854 712">
    <p class='ocr_par' dir='ltr' id='par_1_6' title="bbox 273 636 1854 712">
     <span class='ocr_line' id='line_1_6' title="bbox 273 636 1854 712; baseline 0.001 -19"><span class='ocrx_word' id='word_1_26' title='bbox 273 638 509 711; x_wconf 56' lang='grc' dir='ltr'><strong>τῆςάτέ</strong></span> <span class='ocrx_word' id='word_1_27' title='bbox 537 643 675 712; x_wconf 88' lang='grc' dir='ltr'>ἐμοῦ</span> <span class='ocrx_word' id='word_1_28' title='bbox 709 643 996 712; x_wconf 79' lang='grc' dir='ltr'>ὁμολογίας</span> <span class='ocrx_word' id='word_1_29' title='bbox 1035 660 1055 692; x_wconf 78' lang='grc' dir='ltr'><strong>ι</strong></span> <span class='ocrx_word' id='word_1_30' title='bbox 1098 636 1504 710; x_wconf 68' lang='grc' dir='ltr'><strong>σεσαλευμένον,</strong></span> <span class='ocrx_word' id='word_1_31' title='bbox 1552 642 1854 711; x_wconf 82' lang='grc' dir='ltr'>πεπιεσμέ-</span> 
     </span>
    </p>
   </div>
   <div class='ocr_carea' id='block_1_7' title="bbox 275 730 1857 803">
    <p class='ocr_par' dir='ltr' id='par_1_7' title="bbox 275 730 1857 803">
     <span class='ocr_line' id='line_1_7' title="bbox 275 730 1857 803; baseline 0 -19"><span class='ocrx_word' id='word_1_32' title='bbox 275 749 388 794; x_wconf 80' lang='grc' dir='ltr'>νον,</span> <span class='ocrx_word' id='word_1_33' title='bbox 420 732 939 803; x_wconf 77' lang='grc' dir='ltr'>ὑπερεκχυνόμενον,</span> <span class='ocrx_word' id='word_1_34' title='bbox 963 733 1099 801; x_wconf 85' lang='grc' dir='ltr'>ὅπερ</span> <span class='ocrx_word' id='word_1_35' title='bbox 1117 730 1402 799; x_wconf 71' lang='grc' dir='ltr'><strong>δοθήσεται</strong></span> <span class='ocrx_word' id='word_1_36' title='bbox 1449 733 1527 793; x_wconf 84' lang='grc' dir='ltr'><strong>είς</strong></span> <span class='ocrx_word' id='word_1_37' title='bbox 1547 731 1635 783; x_wconf 84' lang='grc' dir='ltr'>τὸν</span> <span class='ocrx_word' id='word_1_38' title='bbox 1659 731 1857 784; x_wconf 83' lang='grc' dir='ltr'>κόλπον</span> 
     </span>
    </p>
   </div>
   <div class='ocr_carea' id='block_1_8' title="bbox 277 805 1855 894">
    <p class='ocr_par' dir='ltr' id='par_1_8' title="bbox 277 805 1855 894">
     <span class='ocr_line' id='line_1_8' title="bbox 277 805 1855 894; baseline 0.001 -24"><span class='ocrx_word' id='word_1_39' title='bbox 277 833 396 870; x_wconf 85' lang='grc' dir='ltr'>σου.</span> <span class='ocrx_word' id='word_1_40' title='bbox 445 834 467 867; x_wconf 76' lang='grc' dir='ltr'><strong>ι</strong></span> <span class='ocrx_word' id='word_1_41' title='bbox 502 819 612 874; x_wconf 75' lang='grc' dir='ltr'><strong>Καὶ</strong></span> <span class='ocrx_word' id='word_1_42' title='bbox 665 819 730 870; x_wconf 81' lang='grc' dir='ltr'><strong>σὺ</strong></span> <span class='ocrx_word' id='word_1_43' title='bbox 779 819 858 883; x_wconf 83' lang='grc' dir='ltr'><strong>δὲ,</strong></span> <span class='ocrx_word' id='word_1_44' title='bbox 907 821 936 871; x_wconf 87' lang='grc' dir='ltr'><strong>ὁ</strong></span> <span class='ocrx_word' id='word_1_45' title='bbox 993 818 1265 888; x_wconf 84' lang='grc' dir='ltr'>μετρήσας</span> <span class='ocrx_word' id='word_1_46' title='bbox 1312 817 1390 886; x_wconf 84' lang='grc' dir='ltr'>τῷ</span> <span class='ocrx_word' id='word_1_47' title='bbox 1435 818 1536 887; x_wconf 80' lang='grc' dir='ltr'>τῆς</span> <span class='ocrx_word' id='word_1_48' title='bbox 1573 805 1855 894; x_wconf 80' lang='grc' dir='ltr'><strong>ἀρνήσεως</strong></span> 
     </span>
    </p>
   </div>
   <div class='ocr_carea' id='block_1_9' title="bbox 278 897 1854 979">
    <p class='ocr_par' dir='ltr' id='par_1_9' title="bbox 278 897 1854 979">
     <span class='ocr_line' id='line_1_9' title="bbox 278 897 1854 979; baseline 0.003 -22"><span class='ocrx_word' id='word_1_49' title='bbox 278 905 467 976; x_wconf 78' lang='grc' dir='ltr'>μέτρῳ</span> <span class='ocrx_word' id='word_1_50' title='bbox 499 906 592 961; x_wconf 77' lang='grc' dir='ltr'><strong>καὶ</strong></span> <span class='ocrx_word' id='word_1_51' title='bbox 645 907 1018 978; x_wconf 81' lang='grc' dir='ltr'>ἀρνησάμενός</span> <span class='ocrx_word' id='word_1_52' title='bbox 1057 925 1144 976; x_wconf 88' lang='grc' dir='ltr'><strong>με,</strong></span> <span class='ocrx_word' id='word_1_53' title='bbox 1176 909 1234 960; x_wconf 88' lang='grc' dir='ltr'><strong>τὸ</strong></span> <span class='ocrx_word' id='word_1_54' title='bbox 1263 907 1522 975; x_wconf 85' lang='grc' dir='ltr'>ἀνάλογον</span> <span class='ocrx_word' id='word_1_55' title='bbox 1555 907 1632 977; x_wconf 83' lang='grc' dir='ltr'>τῷ</span> <span class='ocrx_word' id='word_1_56' title='bbox 1671 909 1768 978; x_wconf 79' lang='grc' dir='ltr'>μέτ</span> <span class='ocrx_word' id='word_1_57' title='bbox 1780 897 1854 979; x_wconf 60' lang='grc' dir='ltr'>ριςᾷ</span> 
     </span>
    </p>
   </div>
   <div class='ocr_carea' id='block_1_10' title="bbox 276 990 1915 1069">
    <p class='ocr_par' dir='ltr' id='par_1_10' title="bbox 276 990 1915 1069">
     <span class='ocr_line' id='line_1_10' title="bbox 276 990 1915 1069; baseline 0.004 -23"><span class='ocrx_word' id='word_1_58' title='bbox 276 995 378 1064; x_wconf 73' lang='grc' dir='ltr'>τῆς</span> <span class='ocrx_word' id='word_1_59' title='bbox 411 997 688 1067; x_wconf 82' lang='grc' dir='ltr'><strong>ἀρνήσεως</strong></span> <span class='ocrx_word' id='word_1_60' title='bbox 711 998 962 1069; x_wconf 71' lang='grc' dir='ltr'>ἀπολήψῃ</span> <span class='ocrx_word' id='word_1_61' title='bbox 985 997 1178 1068; x_wconf 82' lang='grc' dir='ltr'>μέτρον</span> <span class='ocrx_word' id='word_1_62' title='bbox 1200 998 1300 1065; x_wconf 82' lang='grc' dir='ltr'>τῆς</span> <span class='ocrx_word' id='word_1_63' title='bbox 1333 997 1575 1067; x_wconf 80' lang='grc' dir='ltr'>ἀπ’ἐμοῦ</span> <span class='ocrx_word' id='word_1_64' title='bbox 1607 1000 1735 1068; x_wconf 73' lang='grc' dir='ltr'>περὶ</span> <span class='ocrx_word' id='word_1_65' title='bbox 1754 990 1853 1052; x_wconf 90' lang='grc' dir='ltr'><strong>¹σοῦ</strong></span> <span class='ocrx_word' id='word_1_66' title='bbox 1912 994 1915 996; x_wconf 57' lang='grc'><em>’</em></span> 
     </span>
    </p>
   </div>
   <div class='ocr_carea' id='block_1_11' title="bbox 278 1089 585 1156">
    <p class='ocr_par' dir='ltr' id='par_1_11' title="bbox 278 1089 585 1156">
     <span class='ocr_line' id='line_1_11' title="bbox 278 1089 585 1156; baseline 0 -16"><span class='ocrx_word' id='word_1_67' title='bbox 278 1089 585 1156; x_wconf 78' lang='grc' dir='ltr'>ἀρνήσεως.</span> 
     </span>
    </p>
   </div>
   <div class='ocr_carea' id='block_1_12' title="bbox 349 1166 1855 1254">
    <p class='ocr_par' dir='ltr' id='par_1_12' title="bbox 349 1166 1855 1254">
     <span class='ocr_line' id='line_1_12' title="bbox 349 1166 1855 1254; baseline 0.004 -23"><span class='ocrx_word' id='word_1_68' title='bbox 349 1181 477 1243; x_wconf 83' lang='grc' dir='ltr'><strong>Πῶς</strong></span> <span class='ocrx_word' id='word_1_69' title='bbox 510 1180 567 1234; x_wconf 86' lang='grc' dir='ltr'>δὲ</span> <span class='ocrx_word' id='word_1_70' title='bbox 595 1166 907 1253; x_wconf 75' lang='grc' dir='ltr'>πληροῦται</span> <span class='ocrx_word' id='word_1_71' title='bbox 955 1183 1154 1252; x_wconf 82' lang='grc' dir='ltr'>μέτρον</span> <span class='ocrx_word' id='word_1_72' title='bbox 1209 1182 1515 1252; x_wconf 83' lang='grc' dir='ltr'>ὁμολογίας,</span> <span class='ocrx_word' id='word_1_73' title='bbox 1551 1183 1583 1252; x_wconf 84' lang='grc' dir='ltr'>ἢ</span> <span class='ocrx_word' id='word_1_74' title='bbox 1616 1182 1676 1234; x_wconf 81' lang='grc' dir='ltr'><strong>οὐ</strong></span> <span class='ocrx_word' id='word_1_75' title='bbox 1718 1183 1855 1254; x_wconf 86' lang='grc' dir='ltr'>πλη-</span> 
     </span>
    </p>
   </div>
   <div class='ocr_carea' id='block_1_13' title="bbox 282 1268 1852 1346">
    <p class='ocr_par' dir='ltr' id='par_1_13' title="bbox 282 1268 1852 1346">
     <span class='ocr_line' id='line_1_13' title="bbox 282 1268 1852 1346; baseline 0.004 -22"><span class='ocrx_word' id='word_1_76' title='bbox 282 1272 491 1339; x_wconf 87' lang='grc' dir='ltr'>ροῦται,</span> <span class='ocrx_word' id='word_1_77' title='bbox 545 1275 660 1326; x_wconf 84' lang='grc' dir='ltr'>ἀλλ’</span> <span class='ocrx_word' id='word_1_78' title='bbox 709 1268 983 1338; x_wconf 88' lang='grc' dir='ltr'>ἐλλείπει,</span> <span class='ocrx_word' id='word_1_79' title='bbox 1019 1274 1191 1338; x_wconf 77' lang='grc' dir='ltr'>οὕτως</span> <span class='ocrx_word' id='word_1_80' title='bbox 1235 1277 1300 1328; x_wconf 84' lang='grc' dir='ltr'>ἂν</span> <span class='ocrx_word' id='word_1_81' title='bbox 1348 1277 1749 1346; x_wconf 85' lang='grc' dir='ltr'>θεωρήσαιμεν.</span> <span class='ocrx_word' id='word_1_82' title='bbox 1789 1278 1852 1330; x_wconf 89' lang='grc' dir='ltr'>Εί</span> 
     </span>
    </p>
   </div>
   <div class='ocr_carea' id='block_1_14' title="bbox 281 1355 1851 1434">
    <p class='ocr_par' dir='ltr' id='par_1_14' title="bbox 281 1355 1851 1434">
     <span class='ocr_line' id='line_1_14' title="bbox 281 1355 1851 1434; baseline 0.006 -27"><span class='ocrx_word' id='word_1_83' title='bbox 281 1358 409 1427; x_wconf 87' lang='grc' dir='ltr'>παρ’</span> <span class='ocrx_word' id='word_1_84' title='bbox 435 1359 556 1410; x_wconf 81' lang='grc' dir='ltr'>ὅλον</span> <span class='ocrx_word' id='word_1_85' title='bbox 602 1362 690 1412; x_wconf 78' lang='grc' dir='ltr'><strong>τὸν</strong></span> <span class='ocrx_word' id='word_1_86' title='bbox 896 1361 1190 1426; x_wconf 77' lang='grc' dir='ltr'>ἐξετάσεως</span> <span class='ocrx_word' id='word_1_87' title='bbox 1240 1365 1332 1415; x_wconf 83' lang='grc' dir='ltr'><strong>καὶ</strong></span> <span class='ocrx_word' id='word_1_88' title='bbox 1385 1364 1478 1416; x_wconf 83' lang='grc' dir='ltr'><strong>τοῦ</strong></span> <span class='ocrx_word' id='word_1_89' title='bbox 1543 1365 1851 1434; x_wconf 72' lang='grc' dir='ltr'>πειρασμοῦ</span> 
     </span>
    </p>
   </div>
   <div class='ocr_carea' id='block_1_15' title="bbox 280 1448 1846 1525">
    <p class='ocr_par' dir='ltr' id='par_1_15' title="bbox 280 1448 1846 1525">
     <span class='ocr_line' id='line_1_15' title="bbox 280 1448 1846 1525; baseline 0.006 -27"><span class='ocrx_word' id='word_1_90' title='bbox 280 1448 492 1516; x_wconf 72' lang='grc' dir='ltr'>χρόνον,</span> <span class='ocrx_word' id='word_1_91' title='bbox 529 1452 602 1520; x_wconf 83' lang='grc' dir='ltr'>μὴ</span> <span class='ocrx_word' id='word_1_92' title='bbox 635 1451 865 1522; x_wconf 80' lang='grc' dir='ltr'>διδῶμεν</span> <span class='ocrx_word' id='word_1_93' title='bbox 897 1454 1062 1506; x_wconf 84' lang='grc' dir='ltr'>τόπον</span> <span class='ocrx_word' id='word_1_94' title='bbox 1093 1454 1169 1524; x_wconf 78' lang='grc' dir='ltr'><strong>τῷ</strong></span> <span class='ocrx_word' id='word_1_95' title='bbox 1200 1453 1431 1522; x_wconf 76' lang='grc' dir='ltr'>διαϐόλῳ</span> <span class='ocrx_word' id='word_1_96' title='bbox 1474 1456 1530 1505; x_wconf 88' lang='grc' dir='ltr'><strong>ἐν</strong></span> <span class='ocrx_word' id='word_1_97' title='bbox 1563 1457 1679 1517; x_wconf 84' lang='grc' dir='ltr'>ταῖς</span> <span class='ocrx_word' id='word_1_98' title='bbox 1713 1471 1846 1525; x_wconf 73' lang='grc' dir='ltr'>καρι-</span> 
     </span>
    </p>
   </div>
   <div class='ocr_carea' id='block_1_16' title="bbox 278 1538 1855 1614">
    <p class='ocr_par' dir='ltr' id='par_1_16' title="bbox 278 1538 1855 1614">
     <span class='ocr_line' id='line_1_16' title="bbox 278 1538 1855 1614; baseline 0.006 -27"><span class='ocrx_word' id='word_1_99' title='bbox 278 1538 417 1600; x_wconf 80' lang='grc' dir='ltr'>δίαις</span> <span class='ocrx_word' id='word_1_100' title='bbox 470 1541 650 1608; x_wconf 81' lang='grc' dir='ltr'>ήμῶν,</span> <span class='ocrx_word' id='word_1_101' title='bbox 690 1541 934 1612; x_wconf 79' lang='grc' dir='ltr'>μολύνειν</span> <span class='ocrx_word' id='word_1_102' title='bbox 983 1544 1130 1612; x_wconf 78' lang='grc' dir='ltr'>ἡμᾶς</span> <span class='ocrx_word' id='word_1_103' title='bbox 1181 1543 1546 1613; x_wconf 78' lang='grc' dir='ltr'>διαλογισμοῖς</span> <span class='ocrx_word' id='word_1_104' title='bbox 1599 1546 1855 1614; x_wconf 78' lang='grc' dir='ltr'>πονηροῖς</span> 
     </span>
    </p>
   </div>
   <div class='ocr_carea' id='block_1_17' title="bbox 281 1627 1855 1704">
    <p class='ocr_par' dir='ltr' id='par_1_17' title="bbox 281 1627 1855 1704">
     <span class='ocr_line' id='line_1_17' title="bbox 281 1627 1855 1704; baseline 0.006 -27"><span class='ocrx_word' id='word_1_105' title='bbox 281 1627 489 1680; x_wconf 72' lang='grc' dir='ltr'>θέλοντι</span> <span class='ocrx_word' id='word_1_106' title='bbox 535 1633 834 1702; x_wconf 87' lang='grc' dir='ltr'>ἀρνήσεως,</span> <span class='ocrx_word' id='word_1_107' title='bbox 877 1633 909 1703; x_wconf 85' lang='grc' dir='ltr'>ἢ</span> <span class='ocrx_word' id='word_1_108' title='bbox 952 1632 1220 1702; x_wconf 71' lang='grc' dir='ltr'>διψυχίας,</span> <span class='ocrx_word' id='word_1_109' title='bbox 1251 1634 1282 1702; x_wconf 78' lang='grc' dir='ltr'>ἦ</span> <span class='ocrx_word' id='word_1_110' title='bbox 1315 1652 1455 1696; x_wconf 83' lang='grc' dir='ltr'>τινος</span> <span class='ocrx_word' id='word_1_111' title='bbox 1502 1633 1855 1704; x_wconf 84' lang='grc' dir='ltr'>πιθανότητος</span> 
     </span>
    </p>
   </div>
   <div class='ocr_carea' id='block_1_18' title="bbox 1957 642 3525 718">
    <p class='ocr_par' dir='ltr' id='par_1_18' title="bbox 1957 642 3525 718">
     <span class='ocr_line' id='line_1_18' title="bbox 1957 642 3525 718; baseline 0.005 -22"><span class='ocrx_word' id='word_1_112' title='bbox 1957 643 2316 697; x_wconf 90' lang='lat' dir='ltr'><strong>confessionis</strong></span> <span class='ocrx_word' id='word_1_113' title='bbox 2366 658 2585 698; x_wconf 87' lang='lat' dir='ltr'><strong>mensus</strong></span> <span class='ocrx_word' id='word_1_114' title='bbox 2621 659 2702 710; x_wconf 90' lang='lat' dir='ltr'><strong>es,</strong></span> <span class='ocrx_word' id='word_1_115' title='bbox 2759 664 2779 696; x_wconf 73' lang='grc' dir='ltr'><strong>ι</strong></span> <span class='ocrx_word' id='word_1_116' title='bbox 2842 642 3151 701; x_wconf 80' lang='lat' dir='ltr'><strong>mensuram</strong></span> <span class='ocrx_word' id='word_1_117' title='bbox 3193 668 3225 714; x_wconf 21' lang='grc' dir='ltr'><strong>ι»</strong></span> <span class='ocrx_word' id='word_1_118' title='bbox 3290 650 3525 718; x_wconf 74' lang='lat' dir='ltr'><strong>accipies</strong></span> 
     </span>
    </p>
   </div>
   <div class='ocr_carea' id='block_1_19' title="bbox 1957 729 3525 794">
    <p class='ocr_par' dir='ltr' id='par_1_19' title="bbox 1957 729 3525 794">
     <span class='ocr_line' id='line_1_19' title="bbox 1957 729 3525 794; baseline 0.005 -8"><span class='ocrx_word' id='word_1_119' title='bbox 1957 748 2090 787; x_wconf 77' lang='lat' dir='ltr'><strong>mea:</strong></span> <span class='ocrx_word' id='word_1_120' title='bbox 2113 735 2180 787; x_wconf 91' lang='lat' dir='ltr'><strong>de</strong></span> <span class='ocrx_word' id='word_1_121' title='bbox 2215 745 2267 788; x_wconf 90' lang='lat' dir='ltr'><strong>te</strong></span> <span class='ocrx_word' id='word_1_122' title='bbox 2315 734 2675 789; x_wconf 82' lang='lat' dir='ltr'><strong>confessionis</strong></span> <span class='ocrx_word' id='word_1_123' title='bbox 2715 754 2733 785; x_wconf 80' lang='grc' dir='ltr'><strong>ι</strong></span> <span class='ocrx_word' id='word_1_124' title='bbox 2762 729 2988 790; x_wconf 85' lang='lat' dir='ltr'><strong>bonam</strong></span> <span class='ocrx_word' id='word_1_125' title='bbox 3036 747 3087 791; x_wconf 88' lang='lat' dir='ltr'><strong>et</strong></span> <span class='ocrx_word' id='word_1_126' title='bbox 3140 741 3435 792; x_wconf 71' lang='lat' dir='ltr'><strong>confertam</strong></span> <span class='ocrx_word' id='word_1_127' title='bbox 3470 748 3525 794; x_wconf 81' lang='lat' dir='ltr'><strong>et</strong></span> 
     </span>
    </p>
   </div>
   <div class='ocr_carea' id='block_1_20' title="bbox 1957 824 3522 894">
    <p class='ocr_par' dir='ltr' id='par_1_20' title="bbox 1957 824 3522 894">
     <span class='ocr_line' id='line_1_20' title="bbox 1957 824 3522 894; baseline 0.005 -18"><span class='ocrx_word' id='word_1_128' title='bbox 1957 825 2282 893; x_wconf 84' lang='lat' dir='ltr'><strong>eoagitatam</strong></span> <span class='ocrx_word' id='word_1_129' title='bbox 2307 835 2362 878; x_wconf 91' lang='lat' dir='ltr'><strong>et</strong></span> <span class='ocrx_word' id='word_1_130' title='bbox 2385 824 2852 892; x_wconf 79' lang='lat' dir='ltr'><strong>superetiluentem</strong></span> <span class='ocrx_word' id='word_1_131' title='bbox 2886 827 2938 878; x_wconf 91' lang='lat' dir='ltr'><strong>in</strong></span> <span class='ocrx_word' id='word_1_132' title='bbox 2970 828 3147 880; x_wconf 88' lang='lat' dir='ltr'><strong>sinum</strong></span> <span class='ocrx_word' id='word_1_133' title='bbox 3186 839 3335 881; x_wconf 88' lang='lat' dir='ltr'><strong>tuum</strong></span> <span class='ocrx_word' id='word_1_134' title='bbox 3372 829 3455 894; x_wconf 84' lang='lat'><strong>&quot;;</strong></span> <span class='ocrx_word' id='word_1_135' title='bbox 3499 848 3522 884; x_wconf 73' lang='grc' dir='ltr'><strong>ι</strong></span> 
     </span>
    </p>
   </div>
   <div class='ocr_carea' id='block_1_21' title="bbox 1958 915 3519 990">
    <p class='ocr_par' dir='ltr' id='par_1_21' title="bbox 1958 915 3519 990">
     <span class='ocr_line' id='line_1_21' title="bbox 1958 915 3519 990; baseline 0.004 -24"><span class='ocrx_word' id='word_1_136' title='bbox 1958 923 2012 966; x_wconf 90' lang='grc' dir='ltr'><strong>ιιι</strong></span> <span class='ocrx_word' id='word_1_137' title='bbox 2049 929 2176 971; x_wconf 78' lang='lat' dir='ltr'><strong>vero</strong></span> <span class='ocrx_word' id='word_1_138' title='bbox 2207 916 2298 982; x_wconf 90' lang='lat' dir='ltr'><strong>qui</strong></span> <span class='ocrx_word' id='word_1_139' title='bbox 2327 915 2630 983; x_wconf 82' lang='lat' dir='ltr'><strong>negationis</strong></span> <span class='ocrx_word' id='word_1_140' title='bbox 2661 930 2915 970; x_wconf 85' lang='lat' dir='ltr'><strong>mensura</strong></span> <span class='ocrx_word' id='word_1_141' title='bbox 2953 933 3171 970; x_wconf 88' lang='lat' dir='ltr'><strong>mensus</strong></span> <span class='ocrx_word' id='word_1_142' title='bbox 3199 933 3257 972; x_wconf 89' lang='lat' dir='ltr'><strong>es</strong></span> <span class='ocrx_word' id='word_1_143' title='bbox 3285 930 3336 972; x_wconf 92' lang='lat' dir='ltr'><strong>et</strong></span> <span class='ocrx_word' id='word_1_144' title='bbox 3360 919 3519 990; x_wconf 71' lang='lat'><strong>281</strong></span> 
     </span>
    </p>
   </div>
   <div class='ocr_carea' id='block_1_22' title="bbox 1957 1002 3526 1079">
    <p class='ocr_par' dir='ltr' id='par_1_22' title="bbox 1957 1002 3526 1079">
     <span class='ocr_line' id='line_1_22' title="bbox 1957 1002 3526 1079; baseline 0.005 -23"><span class='ocrx_word' id='word_1_145' title='bbox 1957 1004 2164 1072; x_wconf 71' lang='lat' dir='ltr'><strong>negasti</strong></span> <span class='ocrx_word' id='word_1_146' title='bbox 2213 1019 2319 1070; x_wconf 90' lang='lat' dir='ltr'><strong>me,</strong></span> <span class='ocrx_word' id='word_1_147' title='bbox 2383 1006 2612 1073; x_wconf 81' lang='lat' dir='ltr'><strong>recipies</strong></span> <span class='ocrx_word' id='word_1_148' title='bbox 2655 1002 2960 1074; x_wconf 80' lang='lat' dir='ltr'><strong>negationis</strong></span> <span class='ocrx_word' id='word_1_149' title='bbox 3010 1023 3526 1079; x_wconf 55' lang='lat' dir='ltr'><strong>niensurairespori.</strong></span> 
     </span>
    </p>
   </div>
   <div class='ocr_carea' id='block_1_23' title="bbox 1954 1096 3205 1162">
    <p class='ocr_par' dir='ltr' id='par_1_23' title="bbox 1954 1096 3205 1162">
     <span class='ocr_line' id='line_1_23' title="bbox 1954 1096 3205 1162; baseline 0.006 -14"><span class='ocrx_word' id='word_1_150' title='bbox 1954 1096 2169 1148; x_wconf 90' lang='lat' dir='ltr'><strong>dentem</strong></span> <span class='ocrx_word' id='word_1_151' title='bbox 2196 1110 2506 1149; x_wconf 82' lang='lat' dir='ltr'><strong>mensuram</strong></span> <span class='ocrx_word' id='word_1_152' title='bbox 2541 1113 2673 1150; x_wconf 74' lang='lat' dir='ltr'><strong>mea:</strong></span> <span class='ocrx_word' id='word_1_153' title='bbox 2707 1098 2774 1150; x_wconf 91' lang='lat' dir='ltr'><strong>de</strong></span> <span class='ocrx_word' id='word_1_154' title='bbox 2801 1107 2853 1150; x_wconf 92' lang='lat' dir='ltr'><strong>te</strong></span> <span class='ocrx_word' id='word_1_155' title='bbox 2887 1100 3205 1162; x_wconf 66' lang='lat' dir='ltr'><strong>negatimiis.</strong></span> 
     </span>
    </p>
   </div>
   <div class='ocr_carea' id='block_1_24' title="bbox 2026 1186 3525 1255">
    <p class='ocr_par' dir='ltr' id='par_1_24' title="bbox 2026 1186 3525 1255">
     <span class='ocr_line' id='line_1_24' title="bbox 2026 1186 3525 1255; baseline 0.003 -15"><span class='ocrx_word' id='word_1_156' title='bbox 2026 1186 2257 1251; x_wconf 79' lang='lat' dir='ltr'><strong>H.Qua</strong></span> <span class='ocrx_word' id='word_1_157' title='bbox 2307 1196 2486 1239; x_wconf 90' lang='lat' dir='ltr'><strong>autem</strong></span> <span class='ocrx_word' id='word_1_158' title='bbox 2546 1187 2756 1240; x_wconf 79' lang='lat' dir='ltr'><strong>ratione</strong></span> <span class='ocrx_word' id='word_1_159' title='bbox 2811 1188 3098 1255; x_wconf 73' lang='lat' dir='ltr'><strong>impleatur</strong></span> <span class='ocrx_word' id='word_1_160' title='bbox 3162 1189 3525 1245; x_wconf 75' lang='lat' dir='ltr'><strong>confessionis</strong></span> 
     </span>
    </p>
   </div>
   <div class='ocr_carea' id='block_1_25' title="bbox 1954 1265 3523 1348">
    <p class='ocr_par' dir='ltr' id='par_1_25' title="bbox 1954 1265 3523 1348">
     <span class='ocr_line' id='line_1_25' title="bbox 1954 1265 3523 1348; baseline 0.003 -16"><span class='ocrx_word' id='word_1_161' title='bbox 1954 1293 2209 1332; x_wconf 87' lang='lat' dir='ltr'><strong>tnensura</strong></span> <span class='ocrx_word' id='word_1_162' title='bbox 2253 1287 2347 1330; x_wconf 89' lang='lat' dir='ltr'><strong>aut</strong></span> <span class='ocrx_word' id='word_1_163' title='bbox 2385 1293 2490 1332; x_wconf 90' lang='lat' dir='ltr'><strong>non</strong></span> <span class='ocrx_word' id='word_1_164' title='bbox 2541 1265 2849 1346; x_wconf 86' lang='lat' dir='ltr'><strong>impleatur,</strong></span> <span class='ocrx_word' id='word_1_165' title='bbox 2897 1280 3227 1334; x_wconf 79' lang='lat' dir='ltr'><strong>sed&#39;contra</strong></span> <span class='ocrx_word' id='word_1_166' title='bbox 3283 1283 3523 1348; x_wconf 78' lang='lat' dir='ltr'><strong>deficiat,</strong></span> 
     </span>
    </p>
   </div>
   <div class='ocr_carea' id='block_1_26' title="bbox 1955 1371 3524 1440">
    <p class='ocr_par' dir='ltr' id='par_1_26' title="bbox 1955 1371 3524 1440">
     <span class='ocr_line' id='line_1_26' title="bbox 1955 1371 3524 1440; baseline 0.002 -15"><span class='ocrx_word' id='word_1_167' title='bbox 1955 1373 2038 1425; x_wconf 88' lang='lat' dir='ltr'><strong>sic</strong></span> <span class='ocrx_word' id='word_1_168' title='bbox 2075 1372 2446 1440; x_wconf 90' lang='lat' dir='ltr'><strong>inspiciemus.</strong></span> <span class='ocrx_word' id='word_1_169' title='bbox 2489 1371 2544 1424; x_wconf 91' lang='lat' dir='ltr'><strong>Si</strong></span> <span class='ocrx_word' id='word_1_170' title='bbox 2578 1387 2675 1439; x_wconf 84' lang='lat' dir='ltr'><strong>per</strong></span> <span class='ocrx_word' id='word_1_171' title='bbox 2710 1383 2876 1426; x_wconf 89' lang='lat' dir='ltr'><strong>totum</strong></span> <span class='ocrx_word' id='word_1_172' title='bbox 2911 1373 3284 1440; x_wconf 87' lang='lat' dir='ltr'><strong>inquisitionis</strong></span> <span class='ocrx_word' id='word_1_173' title='bbox 3316 1385 3371 1428; x_wconf 89' lang='lat' dir='ltr'><strong>et</strong></span> <span class='ocrx_word' id='word_1_174' title='bbox 3399 1385 3524 1429; x_wconf 85' lang='lat' dir='ltr'><strong>ten-</strong></span> 
     </span>
    </p>
   </div>
   <div class='ocr_carea' id='block_1_27' title="bbox 1956 1463 3524 1532">
    <p class='ocr_par' dir='ltr' id='par_1_27' title="bbox 1956 1463 3524 1532">
     <span class='ocr_line' id='line_1_27' title="bbox 1956 1463 3524 1532; baseline 0.003 -18"><span class='ocrx_word' id='word_1_175' title='bbox 1956 1464 2175 1516; x_wconf 86' lang='lat' dir='ltr'><strong>tationis</strong></span> <span class='ocrx_word' id='word_1_176' title='bbox 2208 1473 2421 1532; x_wconf 86' lang='lat' dir='ltr'><strong>tempus</strong></span> <span class='ocrx_word' id='word_1_177' title='bbox 2462 1463 2646 1517; x_wconf 89' lang='lat' dir='ltr'><strong>locum</strong></span> <span class='ocrx_word' id='word_1_178' title='bbox 2681 1463 2895 1517; x_wconf 87' lang='lat' dir='ltr'><strong>diabolo</strong></span> <span class='ocrx_word' id='word_1_179' title='bbox 2941 1480 3044 1516; x_wconf 90' lang='lat' dir='ltr'><strong>non</strong></span> <span class='ocrx_word' id='word_1_180' title='bbox 3091 1469 3284 1519; x_wconf 91' lang='lat' dir='ltr'><strong>demus</strong></span> <span class='ocrx_word' id='word_1_181' title='bbox 3316 1465 3365 1517; x_wconf 88' lang='lat' dir='ltr'><strong>in</strong></span> <span class='ocrx_word' id='word_1_182' title='bbox 3399 1480 3524 1518; x_wconf 75' lang='lat' dir='ltr'><strong>cor-</strong></span> 
     </span>
    </p>
   </div>
   <div class='ocr_carea' id='block_1_28' title="bbox 1957 1543 3524 1622">
    <p class='ocr_par' dir='ltr' id='par_1_28' title="bbox 1957 1543 3524 1622">
     <span class='ocr_line' id='line_1_28' title="bbox 1957 1543 3524 1622; baseline 0.001 -18"><span class='ocrx_word' id='word_1_183' title='bbox 1957 1551 2114 1605; x_wconf 81' lang='lat' dir='ltr'><strong>dibus</strong></span> <span class='ocrx_word' id='word_1_184' title='bbox 2153 1553 2380 1615; x_wconf 85' lang='lat' dir='ltr'><strong>nostris,</strong></span> <span class='ocrx_word' id='word_1_185' title='bbox 2430 1553 2524 1620; x_wconf 88' lang='lat' dir='ltr'><strong>qui</strong></span> <span class='ocrx_word' id='word_1_186' title='bbox 2558 1567 2656 1606; x_wconf 92' lang='lat' dir='ltr'><strong>nos</strong></span> <span class='ocrx_word' id='word_1_187' title='bbox 2690 1554 2974 1622; x_wconf 90' lang='lat' dir='ltr'><strong>inquinare</strong></span> <span class='ocrx_word' id='word_1_188' title='bbox 3011 1554 3124 1606; x_wconf 82' lang='lat' dir='ltr'><strong>vult</strong></span> <span class='ocrx_word' id='word_1_189' title='bbox 3179 1543 3524 1621; x_wconf 70' lang='lat' dir='ltr'><strong>cogitationi-</strong></span> 
     </span>
    </p>
   </div>
   <div class='ocr_carea' id='block_1_29' title="bbox 1957 1641 3523 1711">
    <p class='ocr_par' dir='ltr' id='par_1_29' title="bbox 1957 1641 3523 1711">
     <span class='ocr_line' id='line_1_29' title="bbox 1957 1641 3523 1711; baseline 0.001 -17"><span class='ocrx_word' id='word_1_190' title='bbox 1957 1641 2058 1695; x_wconf 92' lang='lat' dir='ltr'><strong>bus</strong></span> <span class='ocrx_word' id='word_1_191' title='bbox 2086 1643 2242 1696; x_wconf 83' lang='lat' dir='ltr'><strong>malis</strong></span> <span class='ocrx_word' id='word_1_192' title='bbox 2281 1653 2375 1696; x_wconf 87' lang='lat' dir='ltr'><strong>aut</strong></span> <span class='ocrx_word' id='word_1_193' title='bbox 2409 1644 2717 1711; x_wconf 82' lang='lat' dir='ltr'><strong>negationis</strong></span> <span class='ocrx_word' id='word_1_194' title='bbox 2762 1657 2862 1696; x_wconf 82' lang='lat' dir='ltr'><strong>aut</strong></span> <span class='ocrx_word' id='word_1_195' title='bbox 2889 1643 3267 1705; x_wconf 86' lang='lat' dir='ltr'><strong>dubitationis,</strong></span> <span class='ocrx_word' id='word_1_196' title='bbox 3300 1657 3396 1697; x_wconf 88' lang='lat' dir='ltr'><strong>aut</strong></span> <span class='ocrx_word' id='word_1_197' title='bbox 3427 1661 3523 1698; x_wconf 89' lang='lat' dir='ltr'><strong>cu-</strong></span> 
     </span>
    </p>
   </div>
   <div class='ocr_carea' id='block_1_30' title="bbox 280 1713 1861 1812">
    <p class='ocr_par' dir='ltr' id='par_1_30' title="bbox 280 1713 1852 1796">
     <span class='ocr_line' id='line_1_30' title="bbox 280 1713 1852 1796; baseline 0.007 -29"><span class='ocrx_word' id='word_1_198' title='bbox 280 1718 724 1792; x_wconf 83' lang='grc' dir='ltr'>προκαλουμένης</span> <span class='ocrx_word' id='word_1_199' title='bbox 769 1722 862 1776; x_wconf 72' lang='grc' dir='ltr'><strong>ἐπὶ</strong></span> <span class='ocrx_word' id='word_1_200' title='bbox 907 1725 973 1777; x_wconf 80' lang='grc' dir='ltr'>τὰ</span> <span class='ocrx_word' id='word_1_201' title='bbox 1010 1713 1188 1794; x_wconf 74' lang='grc' dir='ltr'>ἐχθρὰ</span> <span class='ocrx_word' id='word_1_202' title='bbox 1231 1725 1310 1794; x_wconf 84' lang='grc' dir='ltr'>τῷ</span> <span class='ocrx_word' id='word_1_203' title='bbox 1346 1725 1630 1796; x_wconf 83' lang='grc' dir='ltr'>μαρτυρίῳ</span> <span class='ocrx_word' id='word_1_204' title='bbox 1663 1726 1758 1778; x_wconf 72' lang='grc' dir='ltr'>καὶ</span> <span class='ocrx_word' id='word_1_205' title='bbox 1785 1728 1852 1796; x_wconf 80' lang='grc' dir='ltr'>τῇ</span> 
     </span>
    </p>
   </div>
   <div class='ocr_carea' id='block_1_31' title="bbox 1962 1713 3524 1812">
    <p class='ocr_par' dir='ltr' id='par_1_31' title="bbox 1962 1714 3524 1812">
     <span class='ocr_line' id='line_1_31' title="bbox 1962 1714 3524 1812; baseline 0.001 -31"><span class='ocrx_word' id='word_1_206' title='bbox 1962 1730 2126 1794; x_wconf 78' lang='lat' dir='ltr'><strong>iusvis</strong></span> <span class='ocrx_word' id='word_1_207' title='bbox 2165 1733 2311 1799; x_wconf 88' lang='lat' dir='ltr'><strong>quod</strong></span> <span class='ocrx_word' id='word_1_208' title='bbox 2341 1731 2620 1800; x_wconf 76' lang='lat' dir='ltr'><strong>probabile</strong></span> <span class='ocrx_word' id='word_1_209' title='bbox 2665 1714 2917 1812; x_wconf 70' lang='lat' dir='ltr'><strong>videaiur</strong></span> <span class='ocrx_word' id='word_1_210' title='bbox 2945 1742 3015 1792; x_wconf 33' lang='lat' dir='ltr'><strong>et,</strong></span> <span class='ocrx_word' id='word_1_211' title='bbox 3038 1735 3102 1785; x_wconf 86' lang='lat' dir='ltr'><strong>ad</strong></span> <span class='ocrx_word' id='word_1_212' title='bbox 3142 1749 3203 1785; x_wconf 91' lang='lat' dir='ltr'><strong>ea</strong></span> <span class='ocrx_word' id='word_1_213' title='bbox 3229 1747 3346 1801; x_wconf 79' lang='lat' dir='ltr'><strong>qua:</strong></span> <span class='ocrx_word' id='word_1_214' title='bbox 3375 1746 3524 1785; x_wconf 81' lang='lat' dir='ltr'><strong>mar—</strong></span> 
     </span>
    </p>
   </div>
   <div class='ocr_carea' id='block_1_32' title="bbox 278 1806 1853 1886">
    <p class='ocr_par' dir='ltr' id='par_1_32' title="bbox 278 1806 1853 1886">
     <span class='ocr_line' id='line_1_32' title="bbox 278 1806 1853 1886; baseline 0.006 -30"><span class='ocrx_word' id='word_1_215' title='bbox 278 1806 607 1879; x_wconf 78' lang='grc' dir='ltr'>τελειότητι·</span> <span class='ocrx_word' id='word_1_216' title='bbox 643 1815 738 1865; x_wconf 73' lang='grc' dir='ltr'><strong>καὶ</strong></span> <span class='ocrx_word' id='word_1_217' title='bbox 784 1814 918 1885; x_wconf 83' lang='grc' dir='ltr'>πρὸς</span> <span class='ocrx_word' id='word_1_218' title='bbox 957 1814 1132 1880; x_wconf 83' lang='grc' dir='ltr'>τούτῳ</span> <span class='ocrx_word' id='word_1_219' title='bbox 1177 1817 1224 1866; x_wconf 86' lang='grc' dir='ltr'><strong>εί</strong></span> <span class='ocrx_word' id='word_1_220' title='bbox 1258 1815 1390 1884; x_wconf 83' lang='grc' dir='ltr'>μηδὲ</span> <span class='ocrx_word' id='word_1_221' title='bbox 1423 1815 1564 1886; x_wconf 81' lang='grc' dir='ltr'>λόγῳ</span> <span class='ocrx_word' id='word_1_222' title='bbox 1591 1815 1853 1886; x_wconf 82' lang='grc' dir='ltr'>ἀλλοτρίῳ</span> 
     </span>
    </p>
   </div>
   <div class='ocr_carea' id='block_1_33' title="bbox 279 1891 1930 1975">
    <p class='ocr_par' dir='ltr' id='par_1_33' title="bbox 279 1891 1930 1975">
     <span class='ocr_line' id='line_1_33' title="bbox 279 1891 1930 1975; baseline 0.007 -27"><span class='ocrx_word' id='word_1_223' title='bbox 279 1897 378 1966; x_wconf 80' lang='grc' dir='ltr'>τῆς</span> <span class='ocrx_word' id='word_1_224' title='bbox 407 1899 694 1969; x_wconf 78' lang='grc' dir='ltr'>ὁμολογίας</span> <span class='ocrx_word' id='word_1_225' title='bbox 721 1905 946 1968; x_wconf 77' lang='grc' dir='ltr'>ἑαυτοὺς</span> <span class='ocrx_word' id='word_1_226' title='bbox 989 1905 1291 1974; x_wconf 88' lang='grc' dir='ltr'>μιαίνοιμεν</span> <span class='ocrx_word' id='word_1_227' title='bbox 1314 1905 1449 1975; x_wconf 84' lang='grc'><strong>(75),</strong></span> <span class='ocrx_word' id='word_1_228' title='bbox 1477 1908 1573 1958; x_wconf 83' lang='grc' dir='ltr'>καὶ</span> <span class='ocrx_word' id='word_1_229' title='bbox 1601 1909 1648 1958; x_wconf 87' lang='grc' dir='ltr'><strong>εί</strong></span> <span class='ocrx_word' id='word_1_230' title='bbox 1679 1907 1856 1959; x_wconf 80' lang='grc' dir='ltr'>πάντα</span> <span class='ocrx_word' id='word_1_231' title='bbox 1887 1891 1930 1950; x_wconf 66' lang='grc' dir='ltr'><strong>Β</strong></span> 
     </span>
    </p>
   </div>
   <div class='ocr_carea' id='block_1_34' title="bbox 281 1988 1854 2065">
    <p class='ocr_par' dir='ltr' id='par_1_34' title="bbox 281 1988 1854 2065">
     <span class='ocr_line' id='line_1_34' title="bbox 281 1988 1854 2065; baseline 0.005 -26"><span class='ocrx_word' id='word_1_232' title='bbox 281 1988 539 2060; x_wconf 80' lang='grc' dir='ltr'>φέροιμεν</span> <span class='ocrx_word' id='word_1_233' title='bbox 588 1993 678 2045; x_wconf 80' lang='grc' dir='ltr'><strong>τὸν</strong></span> <span class='ocrx_word' id='word_1_234' title='bbox 723 1995 830 2047; x_wconf 82' lang='grc' dir='ltr'><strong>ἀπὸ</strong></span> <span class='ocrx_word' id='word_1_235' title='bbox 879 1995 988 2047; x_wconf 84' lang='grc' dir='ltr'><strong>τῶν</strong></span> <span class='ocrx_word' id='word_1_236' title='bbox 1053 1995 1308 2047; x_wconf 79' lang='grc' dir='ltr'>ἐναντίων</span> <span class='ocrx_word' id='word_1_237' title='bbox 1364 1996 1703 2065; x_wconf 78' lang='grc' dir='ltr'>ὀνειδισμὸν,</span> <span class='ocrx_word' id='word_1_238' title='bbox 1764 1997 1854 2049; x_wconf 75' lang='grc' dir='ltr'><strong>καὶ</strong></span> 
     </span>
    </p>
   </div>
   <div class='ocr_carea' id='block_1_35' title="bbox 281 2082 1853 2154">
    <p class='ocr_par' dir='ltr' id='par_1_35' title="bbox 281 2082 1853 2154">
     <span class='ocr_line' id='line_1_35' title="bbox 281 2082 1853 2154; baseline 0.003 -20"><span class='ocrx_word' id='word_1_239' title='bbox 281 2082 499 2152; x_wconf 79' lang='grc' dir='ltr'>χλεύην,</span> <span class='ocrx_word' id='word_1_240' title='bbox 545 2085 641 2134; x_wconf 80' lang='grc' dir='ltr'>καὶ</span> <span class='ocrx_word' id='word_1_241' title='bbox 690 2085 922 2152; x_wconf 80' lang='grc' dir='ltr'>γέλωτα,</span> <span class='ocrx_word' id='word_1_242' title='bbox 969 2086 1064 2137; x_wconf 61' lang='grc' dir='ltr'><strong>κα)⁸</strong></span> <span class='ocrx_word' id='word_1_243' title='bbox 1103 2083 1434 2154; x_wconf 78' lang='grc' dir='ltr'>δυσφημίαν,</span> <span class='ocrx_word' id='word_1_244' title='bbox 1472 2086 1567 2137; x_wconf 78' lang='grc' dir='ltr'>καὶ</span> <span class='ocrx_word' id='word_1_245' title='bbox 1623 2085 1769 2138; x_wconf 76' lang='grc' dir='ltr'>ἔλεον</span> <span class='ocrx_word' id='word_1_246' title='bbox 1795 2085 1853 2139; x_wconf 81' lang='grc' dir='ltr'><strong>ὁν</strong></span> 
     </span>
    </p>
   </div>
   <div class='ocr_carea' id='block_1_36' title="bbox 279 2174 1853 2246">
    <p class='ocr_par' dir='ltr' id='par_1_36' title="bbox 279 2174 1853 2246">
     <span class='ocr_line' id='line_1_36' title="bbox 279 2174 1853 2246; baseline -0.001 -19"><span class='ocrx_word' id='word_1_247' title='bbox 279 2175 526 2228; x_wconf 78' lang='grc' dir='ltr'>δοκοῦσιν</span> <span class='ocrx_word' id='word_1_248' title='bbox 562 2177 708 2245; x_wconf 82' lang='grc' dir='ltr'>ἡμᾶς</span> <span class='ocrx_word' id='word_1_249' title='bbox 757 2177 962 2240; x_wconf 87' lang='grc' dir='ltr'>ἐλεεῖν,</span> <span class='ocrx_word' id='word_1_250' title='bbox 1005 2174 1450 2243; x_wconf 77' lang='grc' dir='ltr'>πεπλανημένους</span> <span class='ocrx_word' id='word_1_251' title='bbox 1502 2177 1595 2227; x_wconf 78' lang='grc' dir='ltr'>καὶ</span> <span class='ocrx_word' id='word_1_252' title='bbox 1640 2175 1853 2246; x_wconf 79' lang='grc' dir='ltr'>μωροὺς</span> 
     </span>
    </p>
   </div>
   <div class='ocr_carea' id='block_1_37' title="bbox 281 2262 1849 2335">
    <p class='ocr_par' dir='ltr' id='par_1_37' title="bbox 281 2262 1849 2335">
     <span class='ocr_line' id='line_1_37' title="bbox 281 2262 1849 2335; baseline -0.002 -18"><span class='ocrx_word' id='word_1_253' title='bbox 281 2262 782 2335; x_wconf 75' lang='grc' dir='ltr'>ὑπολαμϐάνοντες,</span> <span class='ocrx_word' id='word_1_254' title='bbox 841 2267 934 2318; x_wconf 73' lang='grc' dir='ltr'>καὶ</span> <span class='ocrx_word' id='word_1_255' title='bbox 998 2264 1368 2332; x_wconf 77' lang='grc' dir='ltr'>ἐσφαλμένους</span> <span class='ocrx_word' id='word_1_256' title='bbox 1419 2262 1849 2326; x_wconf 80' lang='grc' dir='ltr'>ἀποκαλοῦντες·</span> 
     </span>
    </p>
   </div>
   <div class='ocr_carea' id='block_1_38' title="bbox 279 2343 1854 2427">
    <p class='ocr_par' dir='ltr' id='par_1_38' title="bbox 279 2343 1854 2427">
     <span class='ocr_line' id='line_1_38' title="bbox 279 2343 1854 2427; baseline 0 -21"><span class='ocrx_word' id='word_1_257' title='bbox 279 2356 361 2407; x_wconf 78' lang='grc' dir='ltr'><strong>ἐτι</strong></span> <span class='ocrx_word' id='word_1_258' title='bbox 401 2354 480 2417; x_wconf 79' lang='grc' dir='ltr'><strong>δὲ,</strong></span> <span class='ocrx_word' id='word_1_259' title='bbox 515 2343 676 2427; x_wconf 59' lang='lat' dir='ltr'><strong>dph</strong></span> <span class='ocrx_word' id='word_1_260' title='bbox 706 2355 1129 2427; x_wconf 79' lang='grc' dir='ltr'>περιελκοίμεθα</span> <span class='ocrx_word' id='word_1_261' title='bbox 1162 2353 1565 2424; x_wconf 79' lang='grc' dir='ltr'>περισπώμενοι</span> <span class='ocrx_word' id='word_1_262' title='bbox 1615 2356 1709 2406; x_wconf 79' lang='grc' dir='ltr'><strong>καὶ</strong></span> <span class='ocrx_word' id='word_1_263' title='bbox 1750 2354 1854 2406; x_wconf 80' lang='grc' dir='ltr'><strong>ὑπὸ</strong></span> 
     </span>
    </p>
   </div>
   <div class='ocr_carea' id='block_1_39' title="bbox 277 2445 1857 2519">
    <p class='ocr_par' dir='ltr' id='par_1_39' title="bbox 277 2445 1857 2519">
     <span class='ocr_line' id='line_1_39' title="bbox 277 2445 1857 2519; baseline -0.002 -22"><span class='ocrx_word' id='word_1_264' title='bbox 277 2445 379 2516; x_wconf 78' lang='grc' dir='ltr'>τῆς</span> <span class='ocrx_word' id='word_1_265' title='bbox 421 2453 544 2517; x_wconf 62' lang='grc' dir='ltr'>περι</span> <span class='ocrx_word' id='word_1_266' title='bbox 584 2445 658 2499; x_wconf 68' lang='grc' dir='ltr'>τὰ</span> <span class='ocrx_word' id='word_1_267' title='bbox 695 2446 880 2509; x_wconf 74' lang='grc' dir='ltr'>τέκνα,</span> <span class='ocrx_word' id='word_1_268' title='bbox 1004 2447 1103 2515; x_wconf 83' lang='grc' dir='ltr'><strong>τὴν</strong></span> <span class='ocrx_word' id='word_1_269' title='bbox 1152 2445 1352 2497; x_wconf 84' lang='grc' dir='ltr'>τούτων</span> <span class='ocrx_word' id='word_1_270' title='bbox 1404 2445 1634 2514; x_wconf 81' lang='grc' dir='ltr'>μητέρα,</span> <span class='ocrx_word' id='word_1_271' title='bbox 1668 2446 1700 2514; x_wconf 75' lang='grc' dir='ltr'><strong>ἡ</strong></span> <span class='ocrx_word' id='word_1_272' title='bbox 1735 2460 1857 2495; x_wconf 84' lang='grc' dir='ltr'>τινα</span> 
     </span>
    </p>
   </div>
   <div class='ocr_carea' id='block_1_40' title="bbox 277 2532 1854 2606">
    <p class='ocr_par' dir='ltr' id='par_1_40' title="bbox 277 2532 1854 2606">
     <span class='ocr_line' id='line_1_40' title="bbox 277 2532 1854 2606; baseline -0.002 -20"><span class='ocrx_word' id='word_1_273' title='bbox 277 2535 388 2587; x_wconf 83' lang='grc' dir='ltr'>τῶν</span> <span class='ocrx_word' id='word_1_274' title='bbox 421 2535 790 2606; x_wconf 73' lang='grc' dir='ltr'>νομιςομένων</span> <span class='ocrx_word' id='word_1_275' title='bbox 823 2532 959 2588; x_wconf 80' lang='grc' dir='ltr'>εἶναι</span> <span class='ocrx_word' id='word_1_276' title='bbox 985 2539 1041 2588; x_wconf 80' lang='grc' dir='ltr'><strong>ἐν</strong></span> <span class='ocrx_word' id='word_1_277' title='bbox 1064 2534 1139 2604; x_wconf 81' lang='grc' dir='ltr'>τῷ</span> <span class='ocrx_word' id='word_1_278' title='bbox 1159 2535 1256 2603; x_wconf 83' lang='grc' dir='ltr'><strong>βίῳ</strong></span> <span class='ocrx_word' id='word_1_279' title='bbox 1284 2534 1550 2601; x_wconf 75' lang='grc' dir='ltr'>φιλτάτων</span> <span class='ocrx_word' id='word_1_280' title='bbox 1576 2534 1854 2602; x_wconf 78' lang='grc' dir='ltr'>φιλοστορο</span> 
     </span>
    </p>
   </div>
   <div class='ocr_carea' id='block_1_41' title="bbox 278 2623 1852 2698">
    <p class='ocr_par' dir='ltr' id='par_1_41' title="bbox 278 2623 1852 2698">
     <span class='ocr_line' id='line_1_41' title="bbox 278 2623 1852 2698; baseline -0.003 -18"><span class='ocrx_word' id='word_1_281' title='bbox 278 2629 430 2696; x_wconf 80' lang='grc' dir='ltr'>γίας,</span> <span class='ocrx_word' id='word_1_282' title='bbox 473 2627 610 2698; x_wconf 75' lang='grc' dir='ltr'>πρὸς</span> <span class='ocrx_word' id='word_1_283' title='bbox 657 2625 752 2697; x_wconf 75' lang='grc' dir='ltr'><strong>τὴν</strong></span> <span class='ocrx_word' id='word_1_284' title='bbox 799 2627 991 2694; x_wconf 76' lang='grc' dir='ltr'>κτῆσιν</span> <span class='ocrx_word' id='word_1_285' title='bbox 1027 2626 1059 2694; x_wconf 78' lang='grc' dir='ltr'>ἢ</span> <span class='ocrx_word' id='word_1_286' title='bbox 1097 2627 1232 2695; x_wconf 79' lang='grc' dir='ltr'>πρὸς</span> <span class='ocrx_word' id='word_1_287' title='bbox 1277 2623 1482 2694; x_wconf 77' lang='grc' dir='ltr'>τὸ’ζῇν</span> <span class='ocrx_word' id='word_1_288' title='bbox 1511 2625 1665 2676; x_wconf 85' lang='grc' dir='ltr'>τοῦτο</span> <span class='ocrx_word' id='word_1_289' title='bbox 1689 2663 1702 2687; x_wconf 96' lang='grc'><strong>,</strong></span> <span class='ocrx_word' id='word_1_290' title='bbox 1740 2625 1852 2676; x_wconf 83' lang='grc' dir='ltr'>ἀλλ’</span> 
     </span>
    </p>
   </div>
   <div class='ocr_carea' id='block_1_42' title="bbox 277 2714 1852 2784">
    <p class='ocr_par' dir='ltr' id='par_1_42' title="bbox 277 2714 1852 2784">
     <span class='ocr_line' id='line_1_42' title="bbox 277 2714 1852 2784; baseline 0 -17"><span class='ocrx_word' id='word_1_291' title='bbox 277 2715 378 2768; x_wconf 80' lang='grc' dir='ltr'>ὅλα</span> <span class='ocrx_word' id='word_1_292' title='bbox 408 2715 583 2767; x_wconf 85' lang='grc' dir='ltr'>ταῦτα</span> <span class='ocrx_word' id='word_1_293' title='bbox 620 2714 1078 2784; x_wconf 70' lang='grc' dir='ltr'>ἀποστραφέντες,</span> <span class='ocrx_word' id='word_1_294' title='bbox 1109 2715 1216 2766; x_wconf 80' lang='grc' dir='ltr'>ὅλοι</span> <span class='ocrx_word' id='word_1_295' title='bbox 1253 2714 1541 2782; x_wconf 87' lang='grc' dir='ltr'>γενοίμεθα</span> <span class='ocrx_word' id='word_1_296' title='bbox 1569 2714 1662 2766; x_wconf 85' lang='grc' dir='ltr'><strong>τοῦ</strong></span> <span class='ocrx_word' id='word_1_297' title='bbox 1695 2714 1852 2776; x_wconf 88' lang='grc' dir='ltr'>Θεοῦ,</span> 
     </span>
    </p>
   </div>
   <div class='ocr_carea' id='block_1_43' title="bbox 279 2805 1856 2874">
    <p class='ocr_par' dir='ltr' id='par_1_43' title="bbox 279 2805 1856 2874">
     <span class='ocr_line' id='line_1_43' title="bbox 279 2805 1856 2874; baseline -0.001 -15"><span class='ocrx_word' id='word_1_298' title='bbox 279 2808 378 2860; x_wconf 70' lang='grc' dir='ltr'><strong>καὶ</strong></span> <span class='ocrx_word' id='word_1_299' title='bbox 410 2806 510 2874; x_wconf 81' lang='grc' dir='ltr'>τῆς</span> <span class='ocrx_word' id='word_1_300' title='bbox 547 2808 663 2874; x_wconf 86' lang='grc' dir='ltr'>μετ’</span> <span class='ocrx_word' id='word_1_301' title='bbox 694 2807 857 2859; x_wconf 77' lang='grc' dir='ltr'>αὑτοῦ</span> <span class='ocrx_word' id='word_1_302' title='bbox 889 2808 982 2859; x_wconf 77' lang='grc' dir='ltr'><strong>καὶ</strong></span> <span class='ocrx_word' id='word_1_303' title='bbox 1015 2808 1143 2874; x_wconf 81' lang='grc' dir='ltr'>παρ’</span> <span class='ocrx_word' id='word_1_304' title='bbox 1179 2805 1322 2874; x_wconf 79' lang='grc' dir='ltr'>αὑτῷ</span> <span class='ocrx_word' id='word_1_305' title='bbox 1357 2806 1522 2873; x_wconf 74' lang='grc' dir='ltr'>ζωῆς,</span> <span class='ocrx_word' id='word_1_306' title='bbox 1558 2805 1632 2867; x_wconf 89' lang='grc' dir='ltr'>ὼς</span> <span class='ocrx_word' id='word_1_307' title='bbox 1665 2823 1856 2858; x_wconf 85' lang='grc' dir='ltr'>κοινω-</span> 
     </span>
    </p>
   </div>
   <div class='ocr_carea' id='block_1_44' title="bbox 278 2897 1849 2968">
    <p class='ocr_par' dir='ltr' id='par_1_44' title="bbox 278 2897 1849 2968">
     <span class='ocr_line' id='line_1_44' title="bbox 278 2897 1849 2968; baseline -0.002 -17"><span class='ocrx_word' id='word_1_308' title='bbox 278 2901 536 2968; x_wconf 84' lang='grc' dir='ltr'>νήσοντες</span> <span class='ocrx_word' id='word_1_309' title='bbox 555 2898 632 2967; x_wconf 83' lang='grc' dir='ltr'><strong>τῷ</strong></span> <span class='ocrx_word' id='word_1_310' title='bbox 655 2900 946 2966; x_wconf 82' lang='grc' dir='ltr'>Μονογενεῖ</span> <span class='ocrx_word' id='word_1_311' title='bbox 964 2897 1127 2951; x_wconf 76' lang='grc' dir='ltr'>αὑτοῦ</span> <span class='ocrx_word' id='word_1_312' title='bbox 1147 2899 1240 2950; x_wconf 74' lang='grc' dir='ltr'><strong>καὶ</strong></span> <span class='ocrx_word' id='word_1_313' title='bbox 1264 2899 1374 2958; x_wconf 82' lang='grc' dir='ltr'>τοῖς</span> <span class='ocrx_word' id='word_1_314' title='bbox 1396 2897 1643 2967; x_wconf 74' lang='grc' dir='ltr'>μετόχοις</span> <span class='ocrx_word' id='word_1_315' title='bbox 1659 2897 1821 2949; x_wconf 88' lang='grc' dir='ltr'>αὐτοῦ</span> <span class='ocrx_word' id='word_1_316' title='bbox 1835 2913 1849 2927; x_wconf 82' lang='grc'>⁶</span> 
     </span>
    </p>
   </div>
   <div class='ocr_carea' id='block_1_45' title="bbox 284 2987 1853 3058">
    <p class='ocr_par' dir='ltr' id='par_1_45' title="bbox 284 2987 1853 3058">
     <span class='ocr_line' id='line_1_45' title="bbox 284 2987 1853 3058; baseline -0.001 -16"><span class='ocrx_word' id='word_1_317' title='bbox 284 2990 394 3042; x_wconf 82' lang='grc' dir='ltr'>τότ’</span> <span class='ocrx_word' id='word_1_318' title='bbox 429 2989 494 3041; x_wconf 82' lang='grc' dir='ltr'>ἂν</span> <span class='ocrx_word' id='word_1_319' title='bbox 529 2991 792 3057; x_wconf 77' lang='grc' dir='ltr'>εἴποιμεν,</span> <span class='ocrx_word' id='word_1_320' title='bbox 826 2991 907 3041; x_wconf 81' lang='grc' dir='ltr'><strong>ὅτι</strong></span> <span class='ocrx_word' id='word_1_321' title='bbox 959 2988 1356 3057; x_wconf 82' lang='grc' dir='ltr'>ἐπληρώσαμεν</span> <span class='ocrx_word' id='word_1_322' title='bbox 1411 2987 1471 3039; x_wconf 81' lang='grc' dir='ltr'><strong>τὸ</strong></span> <span class='ocrx_word' id='word_1_323' title='bbox 1517 2988 1716 3056; x_wconf 78' lang='grc' dir='ltr'>μέτρον</span> <span class='ocrx_word' id='word_1_324' title='bbox 1756 2987 1853 3058; x_wconf 82' lang='grc' dir='ltr'><strong>τῆς</strong></span> 
     </span>
    </p>
   </div>
   <div class='ocr_carea' id='block_1_46' title="bbox 276 3077 1856 3150">
    <p class='ocr_par' dir='ltr' id='par_1_46' title="bbox 276 3077 1856 3150">
     <span class='ocr_line' id='line_1_46' title="bbox 276 3077 1856 3150; baseline -0.002 -18"><span class='ocrx_word' id='word_1_325' title='bbox 276 3080 571 3150; x_wconf 75' lang='grc' dir='ltr'>ὁμολογίας</span> <span class='ocrx_word' id='word_1_326' title='bbox 593 3097 605 3109; x_wconf 85' lang='grc'><em>’</em></span> <span class='ocrx_word' id='word_1_327' title='bbox 644 3081 692 3130; x_wconf 91' lang='grc' dir='ltr'>εἰ</span> <span class='ocrx_word' id='word_1_328' title='bbox 720 3079 797 3141; x_wconf 82' lang='grc' dir='ltr'><strong>δὲ,</strong></span> <span class='ocrx_word' id='word_1_329' title='bbox 826 3077 927 3130; x_wconf 78' lang='grc' dir='ltr'><strong>κᾶν</strong></span> <span class='ocrx_word' id='word_1_330' title='bbox 962 3079 1039 3129; x_wconf 87' lang='grc' dir='ltr'><strong>ἐνί</strong></span> <span class='ocrx_word' id='word_1_331' title='bbox 1086 3094 1188 3128; x_wconf 87' lang='grc' dir='ltr'>τινι</span> <span class='ocrx_word' id='word_1_332' title='bbox 1238 3077 1537 3146; x_wconf 87' lang='grc' dir='ltr'>λείποιμεν,</span> <span class='ocrx_word' id='word_1_333' title='bbox 1568 3078 1666 3129; x_wconf 82' lang='grc' dir='ltr'><strong>οὐκ</strong></span> <span class='ocrx_word' id='word_1_334' title='bbox 1696 3078 1856 3147; x_wconf 83' lang='grc' dir='ltr'>ἐπλη-</span> 
     </span>
    </p>
   </div>
   <div class='ocr_carea' id='block_1_47' title="bbox 280 3167 1852 3240">
    <p class='ocr_par' dir='ltr' id='par_1_47' title="bbox 280 3167 1852 3240">
     <span class='ocr_line' id='line_1_47' title="bbox 280 3167 1852 3240; baseline -0.001 -18"><span class='ocrx_word' id='word_1_335' title='bbox 280 3170 562 3240; x_wconf 83' lang='grc' dir='ltr'>ρώσαμεν,</span> <span class='ocrx_word' id='word_1_336' title='bbox 597 3169 709 3221; x_wconf 87' lang='grc' dir='ltr'>ἀλλ’</span> <span class='ocrx_word' id='word_1_337' title='bbox 735 3168 1081 3238; x_wconf 84' lang='grc' dir='ltr'>ἐμολύναμεν</span> <span class='ocrx_word' id='word_1_338' title='bbox 1107 3167 1164 3218; x_wconf 79' lang='grc' dir='ltr'><strong>τὸ</strong></span> <span class='ocrx_word' id='word_1_339' title='bbox 1195 3167 1293 3235; x_wconf 74' lang='grc' dir='ltr'>τῆς</span> <span class='ocrx_word' id='word_1_340' title='bbox 1316 3167 1603 3235; x_wconf 85' lang='grc' dir='ltr'>ὁμολογίας</span> <span class='ocrx_word' id='word_1_341' title='bbox 1635 3167 1852 3237; x_wconf 80' lang='grc' dir='ltr'>μέτρον.</span> 
     </span>
    </p>
   </div>
   <div class='ocr_carea' id='block_1_48' title="bbox 279 3251 1854 3330">
    <p class='ocr_par' dir='ltr' id='par_1_48' title="bbox 279 3251 1854 3330">
     <span class='ocr_line' id='line_1_48' title="bbox 279 3251 1854 3330; baseline -0.003 -18"><span class='ocrx_word' id='word_1_342' title='bbox 279 3262 372 3312; x_wconf 73' lang='grc' dir='ltr'>Διὸ</span> <span class='ocrx_word' id='word_1_343' title='bbox 400 3260 730 3330; x_wconf 87' lang='grc' dir='ltr'>δεησόμεθα,</span> <span class='ocrx_word' id='word_1_344' title='bbox 750 3254 822 3311; x_wconf 83' lang='grc' dir='ltr'>ὧν</span> <span class='ocrx_word' id='word_1_345' title='bbox 852 3259 1058 3320; x_wconf 73' lang='grc' dir='ltr'>δέονται</span> <span class='ocrx_word' id='word_1_346' title='bbox 1094 3251 1153 3308; x_wconf 61' lang='grc' dir='ltr'>οἵ</span> <span class='ocrx_word' id='word_1_347' title='bbox 1172 3257 1692 3327; x_wconf 76' lang='grc' dir='ltr'>ἐποικοδομήσαντες</span> <span class='ocrx_word' id='word_1_348' title='bbox 1731 3275 1748 3306; x_wconf 75' lang='grc' dir='ltr'><strong>ι</strong></span> <span class='ocrx_word' id='word_1_349' title='bbox 1776 3256 1854 3327; x_wconf 82' lang='grc' dir='ltr'>τῷ</span> 
     </span>
    </p>
   </div>
   <div class='ocr_carea' id='block_1_49' title="bbox 279 3347 1370 3421">
    <p class='ocr_par' dir='ltr' id='par_1_49' title="bbox 279 3347 1370 3421">
     <span class='ocr_line' id='line_1_49' title="bbox 279 3347 1370 3421; baseline -0.005 -18"><span class='ocrx_word' id='word_1_350' title='bbox 279 3351 517 3421; x_wconf 81' lang='grc' dir='ltr'>θεμελίῳ</span> <span class='ocrx_word' id='word_1_351' title='bbox 550 3349 681 3413; x_wconf 80' lang='grc' dir='ltr'>ξύλα</span> <span class='ocrx_word' id='word_1_352' title='bbox 708 3351 740 3420; x_wconf 80' lang='grc' dir='ltr'>ἢ</span> <span class='ocrx_word' id='word_1_353' title='bbox 775 3347 964 3420; x_wconf 81' lang='grc' dir='ltr'>χόρτον</span> <span class='ocrx_word' id='word_1_354' title='bbox 992 3351 1023 3419; x_wconf 82' lang='grc' dir='ltr'>ἢ</span> <span class='ocrx_word' id='word_1_355' title='bbox 1054 3349 1324 3417; x_wconf 77' lang='grc' dir='ltr'>καλάμην.</span> <span class='ocrx_word' id='word_1_356' title='bbox 1353 3367 1370 3398; x_wconf 76' lang='grc' dir='ltr'><strong>ι</strong></span> 
     </span>
    </p>
   </div>
   <div class='ocr_carea' id='block_1_50' title="bbox 1817 3229 1923 3285">
    <p class='ocr_par' dir='ltr' id='par_1_50' title="bbox 1817 3229 1923 3285">
     <span class='ocr_line' id='line_1_50' title="bbox 1817 3229 1923 3285; baseline 0 0"><span class='ocrx_word' id='word_1_357' title='bbox 1817 3256 1853 3285; x_wconf 85' lang='lat'><strong>.-_-.</strong></span> <span class='ocrx_word' id='word_1_358' title='bbox 1882 3229 1923 3285; x_wconf 89' lang='lat' dir='ltr'><strong>C</strong></span> 
     </span>
    </p>
   </div>
   <div class='ocr_carea' id='block_1_51' title="bbox 1959 1820 3527 1896">
    <p class='ocr_par' dir='ltr' id='par_1_51' title="bbox 1959 1820 3527 1896">
     <span class='ocr_line' id='line_1_51' title="bbox 1959 1820 3527 1896; baseline 0.003 -25"><span class='ocrx_word' id='word_1_359' title='bbox 1959 1820 2098 1889; x_wconf 80' lang='lat' dir='ltr'><strong>tyrio</strong></span> <span class='ocrx_word' id='word_1_360' title='bbox 2145 1829 2198 1874; x_wconf 89' lang='lat' dir='ltr'><strong>et</strong></span> <span class='ocrx_word' id='word_1_361' title='bbox 2232 1821 2550 1888; x_wconf 86' lang='lat' dir='ltr'><strong>perfectioni</strong></span> <span class='ocrx_word' id='word_1_362' title='bbox 2584 1831 2714 1875; x_wconf 90' lang='lat' dir='ltr'><strong>sunt</strong></span> <span class='ocrx_word' id='word_1_363' title='bbox 2741 1821 2960 1896; x_wconf 84' lang='lat' dir='ltr'><strong>inimica</strong></span> <span class='ocrx_word' id='word_1_364' title='bbox 3030 1820 3317 1886; x_wconf 83' lang='lat' dir='ltr'><strong>sollicitet;</strong></span> <span class='ocrx_word' id='word_1_365' title='bbox 3345 1821 3391 1873; x_wconf 92' lang='lat' dir='ltr'><strong>si</strong></span> <span class='ocrx_word' id='word_1_366' title='bbox 3424 1835 3527 1875; x_wconf 67' lang='lat' dir='ltr'><strong>nos</strong></span> 
     </span>
    </p>
   </div>
   <div class='ocr_carea' id='block_1_52' title="bbox 1963 1910 3528 1981">
    <p class='ocr_par' dir='ltr' id='par_1_52' title="bbox 1963 1910 3528 1981">
     <span class='ocr_line' id='line_1_52' title="bbox 1963 1910 3528 1981; baseline -0.001 -16"><span class='ocrx_word' id='word_1_367' title='bbox 1963 1914 2109 1981; x_wconf 89' lang='lat' dir='ltr'><strong>ipsos</strong></span> <span class='ocrx_word' id='word_1_368' title='bbox 2138 1922 2397 1981; x_wconf 64' lang='lat' dir='ltr'><strong>prseterea</strong></span> <span class='ocrx_word' id='word_1_369' title='bbox 2428 1910 2577 1966; x_wconf 91' lang='lat' dir='ltr'><strong>nullo</strong></span> <span class='ocrx_word' id='word_1_370' title='bbox 2604 1913 3131 1966; x_wconf 75' lang='lat' dir='ltr'><strong>verbo-maculemus</strong></span> <span class='ocrx_word' id='word_1_371' title='bbox 3155 1913 3297 1979; x_wconf 87' lang='lat' dir='ltr'><strong>quod</strong></span> <span class='ocrx_word' id='word_1_372' title='bbox 3337 1928 3366 1964; x_wconf 90' lang='lat' dir='ltr'><strong>a</strong></span> <span class='ocrx_word' id='word_1_373' title='bbox 3393 1927 3528 1966; x_wconf 93' lang='lat' dir='ltr'><strong>con-</strong></span> 
     </span>
    </p>
   </div>
   <div class='ocr_carea' id='block_1_53' title="bbox 1963 1999 3530 2066">
    <p class='ocr_par' dir='ltr' id='par_1_53' title="bbox 1963 1999 3530 2066">
     <span class='ocr_line' id='line_1_53' title="bbox 1963 1999 3530 2066; baseline 0.001 -13"><span class='ocrx_word' id='word_1_374' title='bbox 1963 2001 2196 2054; x_wconf 88' lang='lat' dir='ltr'><strong>fessione</strong></span> <span class='ocrx_word' id='word_1_375' title='bbox 2235 2002 2473 2056; x_wconf 88' lang='lat' dir='ltr'><strong>alienum</strong></span> <span class='ocrx_word' id='word_1_376' title='bbox 2506 2002 2610 2066; x_wconf 85' lang='lat' dir='ltr'><strong>sit;</strong></span> <span class='ocrx_word' id='word_1_377' title='bbox 2648 1999 2693 2054; x_wconf 86' lang='lat' dir='ltr'><strong>si</strong></span> <span class='ocrx_word' id='word_1_378' title='bbox 2725 2011 2919 2057; x_wconf 88' lang='lat' dir='ltr'><strong>cuneta</strong></span> <span class='ocrx_word' id='word_1_379' title='bbox 2971 2001 3209 2055; x_wconf 87' lang='lat' dir='ltr'><strong>feramus</strong></span> <span class='ocrx_word' id='word_1_380' title='bbox 3238 2011 3292 2055; x_wconf 90' lang='lat' dir='ltr'><strong>et</strong></span> <span class='ocrx_word' id='word_1_381' title='bbox 3337 2003 3530 2055; x_wconf 78' lang='lat' dir='ltr'><strong>adver—</strong></span> 
     </span>
    </p>
   </div>
   <div class='ocr_carea' id='block_1_54' title="bbox 1961 2090 3528 2147">
    <p class='ocr_par' dir='ltr' id='par_1_54' title="bbox 1961 2090 3528 2147">
     <span class='ocr_line' id='line_1_54' title="bbox 1961 2090 3528 2147; baseline 0 -3"><span class='ocrx_word' id='word_1_382' title='bbox 1961 2091 2231 2145; x_wconf 87' lang='lat' dir='ltr'><strong>sariorum</strong></span> <span class='ocrx_word' id='word_1_383' title='bbox 2275 2093 2639 2146; x_wconf 89' lang='lat' dir='ltr'><strong>contumelias</strong></span> <span class='ocrx_word' id='word_1_384' title='bbox 2668 2101 2724 2147; x_wconf 87' lang='lat' dir='ltr'><strong>et</strong></span> <span class='ocrx_word' id='word_1_385' title='bbox 2759 2091 2992 2144; x_wconf 85' lang='lat' dir='ltr'><strong>ludibria</strong></span> <span class='ocrx_word' id='word_1_386' title='bbox 3029 2101 3078 2144; x_wconf 89' lang='lat' dir='ltr'><strong>et</strong></span> <span class='ocrx_word' id='word_1_387' title='bbox 3125 2093 3270 2145; x_wconf 87' lang='lat' dir='ltr'><strong>risus</strong></span> <span class='ocrx_word' id='word_1_388' title='bbox 3294 2101 3350 2145; x_wconf 85' lang='lat' dir='ltr'><strong>et</strong></span> <span class='ocrx_word' id='word_1_389' title='bbox 3379 2090 3528 2146; x_wconf 77' lang='lat' dir='ltr'><strong>infa-</strong></span> 
     </span>
    </p>
   </div>
   <div class='ocr_carea' id='block_1_55' title="bbox 1961 2168 3530 2248">
    <p class='ocr_par' dir='ltr' id='par_1_55' title="bbox 1961 2168 3530 2248">
     <span class='ocr_line' id='line_1_55' title="bbox 1961 2168 3530 2248; baseline 0.001 -15"><span class='ocrx_word' id='word_1_390' title='bbox 1961 2179 2129 2235; x_wconf 82' lang='lat' dir='ltr'><strong>miam</strong></span> <span class='ocrx_word' id='word_1_391' title='bbox 2160 2190 2214 2234; x_wconf 91' lang='lat' dir='ltr'><strong>et</strong></span> <span class='ocrx_word' id='word_1_392' title='bbox 2239 2168 2669 2234; x_wconf 78' lang='lat' dir='ltr'><strong>misericordiam</strong></span> <span class='ocrx_word' id='word_1_393' title='bbox 2699 2195 2802 2248; x_wconf 85' lang='lat' dir='ltr'><strong>qua</strong></span> <span class='ocrx_word' id='word_1_394' title='bbox 2839 2178 3012 2233; x_wconf 86' lang='lat' dir='ltr'><strong>nostri</strong></span> <span class='ocrx_word' id='word_1_395' title='bbox 3056 2180 3300 2232; x_wconf 87' lang='lat' dir='ltr'><strong>misereri</strong></span> <span class='ocrx_word' id='word_1_396' title='bbox 3335 2181 3530 2234; x_wconf 81' lang='lat' dir='ltr'><strong>viden-</strong></span> 
     </span>
    </p>
   </div>
   <div class='ocr_carea' id='block_1_56' title="bbox 1962 2271 3534 2342">
    <p class='ocr_par' dir='ltr' id='par_1_56' title="bbox 1962 2271 3534 2342">
     <span class='ocr_line' id='line_1_56' title="bbox 1962 2271 3534 2342; baseline 0.002 -18"><span class='ocrx_word' id='word_1_397' title='bbox 1962 2281 2071 2335; x_wconf 88' lang='lat' dir='ltr'><strong>tur,</strong></span> <span class='ocrx_word' id='word_1_398' title='bbox 2098 2287 2244 2340; x_wconf 92' lang='lat' dir='ltr'><strong>quos</strong></span> <span class='ocrx_word' id='word_1_399' title='bbox 2278 2286 2474 2342; x_wconf 89' lang='lat' dir='ltr'><strong>nempe</strong></span> <span class='ocrx_word' id='word_1_400' title='bbox 2509 2282 2762 2326; x_wconf 82' lang='lat' dir='ltr'><strong>errantes</strong></span> <span class='ocrx_word' id='word_1_401' title='bbox 2791 2281 2841 2326; x_wconf 91' lang='lat' dir='ltr'><strong>et</strong></span> <span class='ocrx_word' id='word_1_402' title='bbox 2871 2273 3066 2326; x_wconf 89' lang='lat' dir='ltr'><strong>stultos</strong></span> <span class='ocrx_word' id='word_1_403' title='bbox 3093 2271 3449 2338; x_wconf 84' lang='lat' dir='ltr'><strong>arbitrantur,</strong></span> <span class='ocrx_word' id='word_1_404' title='bbox 3475 2279 3534 2327; x_wconf 80' lang='lat' dir='ltr'><strong>et</strong></span> 
     </span>
    </p>
   </div>
   <div class='ocr_carea' id='block_1_57' title="bbox 1960 2360 3528 2429">
    <p class='ocr_par' dir='ltr' id='par_1_57' title="bbox 1960 2360 3528 2429">
     <span class='ocr_line' id='line_1_57' title="bbox 1960 2360 3528 2429; baseline 0.001 -17"><span class='ocrx_word' id='word_1_405' title='bbox 1960 2361 2218 2429; x_wconf 88' lang='lat' dir='ltr'><strong>deceptos</strong></span> <span class='ocrx_word' id='word_1_406' title='bbox 2267 2371 2494 2424; x_wconf 84' lang='lat' dir='ltr'><strong>vocant;</strong></span> <span class='ocrx_word' id='word_1_407' title='bbox 2523 2362 2590 2414; x_wconf 89' lang='lat' dir='ltr'><strong>ad</strong></span> <span class='ocrx_word' id='word_1_408' title='bbox 2632 2364 2746 2417; x_wconf 85' lang='lat' dir='ltr'><strong>haec</strong></span> <span class='ocrx_word' id='word_1_409' title='bbox 2778 2363 2824 2416; x_wconf 90' lang='lat' dir='ltr'><strong>si</strong></span> <span class='ocrx_word' id='word_1_410' title='bbox 2856 2375 3029 2429; x_wconf 89' lang='lat' dir='ltr'><strong>neque</strong></span> <span class='ocrx_word' id='word_1_411' title='bbox 3060 2373 3160 2412; x_wconf 86' lang='lat' dir='ltr'><strong>nos</strong></span> <span class='ocrx_word' id='word_1_412' title='bbox 3189 2360 3414 2412; x_wconf 80' lang='lat' dir='ltr'><strong>divellat</strong></span> <span class='ocrx_word' id='word_1_413' title='bbox 3444 2367 3528 2413; x_wconf 79' lang='lat' dir='ltr'><strong>at-</strong></span> 
     </span>
    </p>
   </div>
   <div class='ocr_carea' id='block_1_58' title="bbox 1960 2448 3527 2518">
    <p class='ocr_par' dir='ltr' id='par_1_58' title="bbox 1960 2448 3527 2518">
     <span class='ocr_line' id='line_1_58' title="bbox 1960 2448 3527 2518; baseline -0.001 -15"><span class='ocrx_word' id='word_1_414' title='bbox 1960 2466 2066 2518; x_wconf 89' lang='lat' dir='ltr'><strong>que</strong></span> <span class='ocrx_word' id='word_1_415' title='bbox 2101 2451 2366 2504; x_wconf 79' lang='lat' dir='ltr'><strong>distrahat</strong></span> <span class='ocrx_word' id='word_1_416' title='bbox 2401 2451 2697 2505; x_wconf 88' lang='lat' dir='ltr'><strong>liberorum</strong></span> <span class='ocrx_word' id='word_1_417' title='bbox 2752 2451 3008 2505; x_wconf 80' lang='lat' dir='ltr'><strong>uxorisve</strong></span> <span class='ocrx_word' id='word_1_418' title='bbox 3042 2463 3217 2511; x_wconf 89' lang='lat' dir='ltr'><strong>amor,</strong></span> <span class='ocrx_word' id='word_1_419' title='bbox 3243 2459 3334 2503; x_wconf 86' lang='lat' dir='ltr'><strong>aut</strong></span> <span class='ocrx_word' id='word_1_420' title='bbox 3352 2448 3527 2503; x_wconf 81' lang='lat' dir='ltr'><strong>alicu-</strong></span> 
     </span>
    </p>
   </div>
   <div class='ocr_carea' id='block_1_59' title="bbox 1961 2540 3518 2611">
    <p class='ocr_par' dir='ltr' id='par_1_59' title="bbox 1961 2540 3518 2611">
     <span class='ocr_line' id='line_1_59' title="bbox 1961 2540 3518 2611; baseline 0.001 -17"><span class='ocrx_word' id='word_1_421' title='bbox 1961 2540 2048 2606; x_wconf 81' lang='lat' dir='ltr'><strong>jus</strong></span> <span class='ocrx_word' id='word_1_422' title='bbox 2081 2557 2266 2596; x_wconf 88' lang='lat' dir='ltr'><strong>eorum</strong></span> <span class='ocrx_word' id='word_1_423' title='bbox 2311 2558 2429 2610; x_wconf 63' lang='lat' dir='ltr'><strong>qua:</strong></span> <span class='ocrx_word' id='word_1_424' title='bbox 2471 2544 2789 2597; x_wconf 87' lang='lat' dir='ltr'><strong>charissima</strong></span> <span class='ocrx_word' id='word_1_425' title='bbox 2843 2544 2895 2596; x_wconf 92' lang='lat' dir='ltr'><strong>in</strong></span> <span class='ocrx_word' id='word_1_426' title='bbox 2943 2543 3052 2594; x_wconf 86' lang='lat' dir='ltr'><strong>vita</strong></span> <span class='ocrx_word' id='word_1_427' title='bbox 3081 2549 3341 2611; x_wconf 85' lang='lat' dir='ltr'><strong>putantur</strong></span> <span class='ocrx_word' id='word_1_428' title='bbox 3362 2555 3518 2605; x_wconf 83' lang='lat' dir='ltr'><strong>esse,</strong></span> 
     </span>
    </p>
   </div>
   <div class='ocr_carea' id='block_1_60' title="bbox 1961 2633 3529 2700">
    <p class='ocr_par' dir='ltr' id='par_1_60' title="bbox 1961 2633 3529 2700">
     <span class='ocr_line' id='line_1_60' title="bbox 1961 2633 3529 2700; baseline -0.001 -14"><span class='ocrx_word' id='word_1_429' title='bbox 1961 2642 2018 2686; x_wconf 89' lang='lat' dir='ltr'><strong>ut</strong></span> <span class='ocrx_word' id='word_1_430' title='bbox 2049 2641 2141 2685; x_wconf 89' lang='lat' dir='ltr'><strong>aut</strong></span> <span class='ocrx_word' id='word_1_431' title='bbox 2167 2633 2601 2700; x_wconf 77' lang='lat' dir='ltr'><strong>possessionibus</strong></span> <span class='ocrx_word' id='word_1_432' title='bbox 2622 2641 2714 2686; x_wconf 88' lang='lat' dir='ltr'><strong>aut</strong></span> <span class='ocrx_word' id='word_1_433' title='bbox 2744 2634 2870 2687; x_wconf 88' lang='lat' dir='ltr'><strong>huic</strong></span> <span class='ocrx_word' id='word_1_434' title='bbox 2901 2633 2999 2700; x_wconf 88' lang='lat' dir='ltr'><strong>ipsi</strong></span> <span class='ocrx_word' id='word_1_435' title='bbox 3033 2634 3154 2684; x_wconf 80' lang='lat' dir='ltr'><strong>vita:</strong></span> <span class='ocrx_word' id='word_1_436' title='bbox 3188 2633 3529 2698; x_wconf 69' lang='lat' dir='ltr'><strong>bmreamus;</strong></span> 
     </span>
    </p>
   </div>
   <div class='ocr_carea' id='block_1_61' title="bbox 1959 2719 3533 2792">
    <p class='ocr_par' dir='ltr' id='par_1_61' title="bbox 1959 2719 3533 2792">
     <span class='ocr_line' id='line_1_61' title="bbox 1959 2719 3533 2792; baseline 0.001 -19"><span class='ocrx_word' id='word_1_437' title='bbox 1959 2722 2054 2774; x_wconf 83' lang='lat' dir='ltr'><strong>sed</strong></span> <span class='ocrx_word' id='word_1_438' title='bbox 2078 2724 2146 2774; x_wconf 89' lang='lat' dir='ltr'><strong>ab</strong></span> <span class='ocrx_word' id='word_1_439' title='bbox 2178 2721 2264 2773; x_wconf 89' lang='lat' dir='ltr'><strong>his</strong></span> <span class='ocrx_word' id='word_1_440' title='bbox 2296 2723 2552 2775; x_wconf 78' lang='lat' dir='ltr'><strong>erunibus</strong></span> <span class='ocrx_word' id='word_1_441' title='bbox 2581 2723 2786 2792; x_wconf 81' lang='lat' dir='ltr'><strong>aversi,</strong></span> <span class='ocrx_word' id='word_1_442' title='bbox 2820 2719 2915 2774; x_wconf 91' lang='lat' dir='ltr'><strong>toti</strong></span> <span class='ocrx_word' id='word_1_443' title='bbox 2953 2721 3042 2774; x_wconf 85' lang='lat' dir='ltr'><strong>Dei</strong></span> <span class='ocrx_word' id='word_1_444' title='bbox 3091 2722 3262 2774; x_wconf 90' lang='lat' dir='ltr'><strong>simus</strong></span> <span class='ocrx_word' id='word_1_445' title='bbox 3303 2721 3533 2789; x_wconf 84' lang='lat' dir='ltr'><strong>ejusque</strong></span> 
     </span>
    </p>
   </div>
   <div class='ocr_carea' id='block_1_62' title="bbox 1959 2793 3526 2879">
    <p class='ocr_par' dir='ltr' id='par_1_62' title="bbox 1959 2793 3526 2879">
     <span class='ocr_line' id='line_1_62' title="bbox 1959 2793 3526 2879; baseline 0.003 -23"><span class='ocrx_word' id='word_1_446' title='bbox 1959 2809 2086 2861; x_wconf 65' lang='lat' dir='ltr'><strong>vitae</strong></span> <span class='ocrx_word' id='word_1_447' title='bbox 2124 2822 2244 2874; x_wconf 65' lang='lat' dir='ltr'><strong>qua:</strong></span> <span class='ocrx_word' id='word_1_448' title='bbox 2282 2822 2406 2860; x_wconf 90' lang='lat' dir='ltr'><strong>cum</strong></span> <span class='ocrx_word' id='word_1_449' title='bbox 2435 2809 2551 2878; x_wconf 76' lang='lat' dir='ltr'><strong>ipso</strong></span> <span class='ocrx_word' id='word_1_450' title='bbox 2586 2818 2639 2863; x_wconf 92' lang='lat' dir='ltr'><strong>et</strong></span> <span class='ocrx_word' id='word_1_451' title='bbox 2661 2793 2820 2879; x_wconf 86' lang='lat' dir='ltr'><strong>apud</strong></span> <span class='ocrx_word' id='word_1_452' title='bbox 2854 2808 3026 2878; x_wconf 86' lang='lat' dir='ltr'><strong>ipsum</strong></span> <span class='ocrx_word' id='word_1_453' title='bbox 3055 2815 3162 2872; x_wconf 87' lang='lat' dir='ltr'><strong>est,</strong></span> <span class='ocrx_word' id='word_1_454' title='bbox 3194 2817 3252 2860; x_wconf 93' lang='lat' dir='ltr'><strong>ut</strong></span> <span class='ocrx_word' id='word_1_455' title='bbox 3276 2823 3526 2862; x_wconf 84' lang='lat' dir='ltr'><strong>commu-</strong></span> 
     </span>
    </p>
   </div>
   <div class='ocr_carea' id='block_1_63' title="bbox 1961 2897 3543 2967">
    <p class='ocr_par' dir='ltr' id='par_1_63' title="bbox 1961 2897 3543 2967">
     <span class='ocr_line' id='line_1_63' title="bbox 1961 2897 3543 2967; baseline 0.003 -18"><span class='ocrx_word' id='word_1_456' title='bbox 1961 2899 2178 2950; x_wconf 85' lang='lat' dir='ltr'><strong>nionem</strong></span> <span class='ocrx_word' id='word_1_457' title='bbox 2220 2898 2455 2950; x_wconf 87' lang='lat' dir='ltr'><strong>habituri</strong></span> <span class='ocrx_word' id='word_1_458' title='bbox 2514 2913 2637 2951; x_wconf 89' lang='lat' dir='ltr'><strong>cum</strong></span> <span class='ocrx_word' id='word_1_459' title='bbox 2689 2899 2962 2967; x_wconf 83' lang='lat' dir='ltr'><strong>unigenito</strong></span> <span class='ocrx_word' id='word_1_460' title='bbox 3009 2899 3124 2966; x_wconf 88' lang='lat' dir='ltr'><strong>ejus</strong></span> <span class='ocrx_word' id='word_1_461' title='bbox 3181 2897 3321 2951; x_wconf 81' lang='lat' dir='ltr'><strong>Filio</strong></span> <span class='ocrx_word' id='word_1_462' title='bbox 3356 2908 3413 2953; x_wconf 92' lang='lat' dir='ltr'><strong>et</strong></span> <span class='ocrx_word' id='word_1_463' title='bbox 3446 2900 3543 2953; x_wconf 70' lang='lat' dir='ltr'><strong>hil</strong></span> 
     </span>
    </p>
   </div>
   <div class='ocr_carea' id='block_1_64' title="bbox 1960 2979 3531 3057">
    <p class='ocr_par' dir='ltr' id='par_1_64' title="bbox 1960 2979 3531 3057">
     <span class='ocr_line' id='line_1_64' title="bbox 1960 2979 3531 3057; baseline 0.002 -19"><span class='ocrx_word' id='word_1_464' title='bbox 1960 2988 2052 3056; x_wconf 86' lang='lat' dir='ltr'><strong>qui</strong></span> <span class='ocrx_word' id='word_1_465' title='bbox 2097 2988 2214 3057; x_wconf 86' lang='lat' dir='ltr'><strong>ejus</strong></span> <span class='ocrx_word' id='word_1_466' title='bbox 2268 2987 2565 3056; x_wconf 85' lang='lat' dir='ltr'><strong>participes</strong></span> <span class='ocrx_word' id='word_1_467' title='bbox 2608 2999 2768 3054; x_wconf 83' lang='lat' dir='ltr'><strong>sunt;</strong></span> <span class='ocrx_word' id='word_1_468' title='bbox 2835 2999 2962 3042; x_wconf 91' lang='lat' dir='ltr'><strong>tunc</strong></span> <span class='ocrx_word' id='word_1_469' title='bbox 3010 3003 3107 3040; x_wconf 84' lang='lat' dir='ltr'><strong>nos</strong></span> <span class='ocrx_word' id='word_1_470' title='bbox 3169 2979 3531 3043; x_wconf 77' lang='lat' dir='ltr'><strong>confessionis</strong></span> 
     </span>
    </p>
   </div>
   <div class='ocr_carea' id='block_1_65' title="bbox 1961 3078 3531 3148">
    <p class='ocr_par' dir='ltr' id='par_1_65' title="bbox 1961 3078 3531 3148">
     <span class='ocr_line' id='line_1_65' title="bbox 1961 3078 3531 3148; baseline 0.003 -18"><span class='ocrx_word' id='word_1_471' title='bbox 1961 3093 2273 3131; x_wconf 88' lang='lat' dir='ltr'><strong>mensuram</strong></span> <span class='ocrx_word' id='word_1_472' title='bbox 2327 3079 2663 3146; x_wconf 84' lang='lat' dir='ltr'><strong>implevisse&#39;</strong></span> <span class='ocrx_word' id='word_1_473' title='bbox 2696 3080 2878 3133; x_wconf 88' lang='lat' dir='ltr'><strong>dicere</strong></span> <span class='ocrx_word' id='word_1_474' title='bbox 2931 3080 3253 3148; x_wconf 83' lang='lat' dir='ltr'><strong>poterimus.</strong></span> <span class='ocrx_word' id='word_1_475' title='bbox 3287 3078 3343 3132; x_wconf 90' lang='lat' dir='ltr'><strong>Si</strong></span> <span class='ocrx_word' id='word_1_476' title='bbox 3397 3093 3531 3134; x_wconf 83' lang='lat' dir='ltr'><strong>vero</strong></span> 
     </span>
    </p>
   </div>
   <div class='ocr_carea' id='block_1_66' title="bbox 1962 3151 3532 3234">
    <p class='ocr_par' dir='ltr' id='par_1_66' title="bbox 1962 3151 3532 3234">
     <span class='ocr_line' id='line_1_66' title="bbox 1962 3151 3532 3234; baseline 0 -14"><span class='ocrx_word' id='word_1_477' title='bbox 1962 3167 2048 3221; x_wconf 84' lang='lat' dir='ltr'><strong>vel</strong></span> <span class='ocrx_word' id='word_1_478' title='bbox 2085 3183 2190 3220; x_wconf 91' lang='lat' dir='ltr'><strong>uno</strong></span> <span class='ocrx_word' id='word_1_479' title='bbox 2224 3167 2448 3221; x_wconf 79' lang='lat' dir='ltr'><strong>istorum</strong></span> <span class='ocrx_word' id='word_1_480' title='bbox 2491 3166 2672 3234; x_wconf 81' lang='lat' dir='ltr'><strong>aliquo</strong></span> <span class='ocrx_word' id='word_1_481' title='bbox 2705 3166 3090 3230; x_wconf 89' lang='lat' dir='ltr'><strong>defecerimus,</strong></span> <span class='ocrx_word' id='word_1_482' title='bbox 3121 3183 3230 3219; x_wconf 90' lang='lat' dir='ltr'><strong>non</strong></span> <span class='ocrx_word' id='word_1_483' title='bbox 3280 3151 3532 3234; x_wconf 76' lang='lat' dir='ltr'><strong>implevi~</strong></span> 
     </span>
    </p>
   </div>
   <div class='ocr_carea' id='block_1_67' title="bbox 1962 3253 3525 3326">
    <p class='ocr_par' dir='ltr' id='par_1_67' title="bbox 1962 3253 3525 3326">
     <span class='ocr_line' id='line_1_67' title="bbox 1962 3253 3525 3326; baseline 0.001 -16"><span class='ocrx_word' id='word_1_484' title='bbox 1962 3253 2101 3321; x_wconf 82' lang='lat' dir='ltr'><strong>inus,</strong></span> <span class='ocrx_word' id='word_1_485' title='bbox 2148 3257 2242 3310; x_wconf 86' lang='lat' dir='ltr'><strong>sed</strong></span> <span class='ocrx_word' id='word_1_486' title='bbox 2305 3258 2717 3326; x_wconf 81' lang='lat' dir='ltr'><strong>iuquiunvimus</strong></span> <span class='ocrx_word' id='word_1_487' title='bbox 2778 3256 3144 3311; x_wconf 78' lang='lat' dir='ltr'><strong>confessionis</strong></span> <span class='ocrx_word' id='word_1_488' title='bbox 3193 3272 3525 3312; x_wconf 80' lang='lat' dir='ltr'><strong>mensuram.</strong></span> 
     </span>
    </p>
   </div>
   <div class='ocr_carea' id='block_1_68' title="bbox 1962 3347 3532 3419">
    <p class='ocr_par' dir='ltr' id='par_1_68' title="bbox 1962 3347 3532 3419">
     <span class='ocr_line' id='line_1_68' title="bbox 1962 3347 3532 3419; baseline 0.001 -19"><span class='ocrx_word' id='word_1_489' title='bbox 1962 3348 2304 3416; x_wconf 83' lang='lat' dir='ltr'><strong>Quapropter</strong></span> <span class='ocrx_word' id='word_1_490' title='bbox 2353 3348 2714 3416; x_wconf 83' lang='lat' dir='ltr'><strong>indigebimus</strong></span> <span class='ocrx_word' id='word_1_491' title='bbox 2758 3349 2826 3403; x_wconf 89' lang='lat' dir='ltr'><strong>iis</strong></span> <span class='ocrx_word' id='word_1_492' title='bbox 2885 3347 3083 3419; x_wconf 85' lang='lat' dir='ltr'><strong>quibus</strong></span> <span class='ocrx_word' id='word_1_493' title='bbox 3148 3349 3394 3415; x_wconf 72' lang='lat' dir='ltr'><strong>indigent</strong></span> <span class='ocrx_word' id='word_1_494' title='bbox 3438 3349 3532 3416; x_wconf 85' lang='lat' dir='ltr'><strong>qui</strong></span> 
     </span>
    </p>
   </div>
   <div class='ocr_carea' id='block_1_69' title="bbox 279 3436 2639 3510">
    <p class='ocr_par' dir='ltr' id='par_1_69' title="bbox 279 3436 2639 3510">
     <span class='ocr_line' id='line_1_69' title="bbox 279 3436 2639 3510; baseline -0.002 -16"><span class='ocrx_word' id='word_1_495' title='bbox 279 3439 856 3510; x_wconf 63' lang='lat' dir='ltr'><strong>supermdificaverunt</strong></span> <span class='ocrx_word' id='word_1_496' title='bbox 890 3460 908 3491; x_wconf 83' lang='grc' dir='ltr'><strong>ι</strong></span> <span class='ocrx_word' id='word_1_497' title='bbox 933 3456 1090 3507; x_wconf 89' lang='lat' dir='ltr'><strong>super</strong></span> <span class='ocrx_word' id='word_1_498' title='bbox 1117 3437 1522 3492; x_wconf 80' lang='lat' dir='ltr'><strong>fundamentum</strong></span> <span class='ocrx_word' id='word_1_499' title='bbox 1557 3438 1721 3508; x_wconf 75' lang='lat' dir='ltr'><strong>ligna,</strong></span> <span class='ocrx_word' id='word_1_500' title='bbox 1743 3436 2065 3506; x_wconf 45' lang='lat' dir='ltr'><strong>autofenmn,</strong></span> <span class='ocrx_word' id='word_1_501' title='bbox 2103 3449 2194 3490; x_wconf 88' lang='lat' dir='ltr'><strong>aut</strong></span> <span class='ocrx_word' id='word_1_502' title='bbox 2231 3439 2479 3506; x_wconf 84' lang='lat' dir='ltr'><strong>stipulam</strong></span> <span class='ocrx_word' id='word_1_503' title='bbox 2517 3439 2578 3489; x_wconf 78' lang='lat'><strong>“.</strong></span> <span class='ocrx_word' id='word_1_504' title='bbox 2621 3458 2639 3490; x_wconf 73' lang='grc' dir='ltr'><strong>ι</strong></span> 
     </span>
    </p>
   </div>
   <div class='ocr_carea' id='block_1_70' title="bbox 352 3533 1860 3604">
    <p class='ocr_par' dir='ltr' id='par_1_70' title="bbox 352 3533 1860 3604">
     <span class='ocr_line' id='line_1_70' title="bbox 352 3533 1860 3604; baseline -0.002 -17"><span class='ocrx_word' id='word_1_505' title='bbox 352 3537 458 3587; x_wconf 73' lang='grc' dir='ltr'>Καὶ</span> <span class='ocrx_word' id='word_1_506' title='bbox 493 3533 648 3586; x_wconf 82' lang='grc' dir='ltr'>τοῦτο</span> <span class='ocrx_word' id='word_1_507' title='bbox 680 3535 736 3586; x_wconf 86' lang='grc' dir='ltr'><strong>δέ</strong></span> <span class='ocrx_word' id='word_1_508' title='bbox 774 3536 922 3604; x_wconf 78' lang='grc' dir='ltr'>ἡμᾶς</span> <span class='ocrx_word' id='word_1_509' title='bbox 956 3535 1152 3586; x_wconf 75' lang='grc' dir='ltr'>εἰδέναι</span> <span class='ocrx_word' id='word_1_510' title='bbox 1185 3533 1309 3602; x_wconf 80' lang='grc' dir='ltr'>χρὴ,</span> <span class='ocrx_word' id='word_1_511' title='bbox 1342 3534 1424 3586; x_wconf 83' lang='grc' dir='ltr'><strong>ὅτι</strong></span> <span class='ocrx_word' id='word_1_512' title='bbox 1451 3533 1549 3596; x_wconf 85' lang='grc' dir='ltr'>τὰς</span> <span class='ocrx_word' id='word_1_513' title='bbox 1598 3533 1860 3602; x_wconf 79' lang='grc' dir='ltr'>καλουμέ-</span> 
     </span>
    </p>
   </div>
   <div class='ocr_carea' id='block_1_71' title="bbox 278 3625 1861 3696">
    <p class='ocr_par' dir='ltr' id='par_1_71' title="bbox 278 3625 1861 3696">
     <span class='ocr_line' id='line_1_71' title="bbox 278 3625 1861 3696; baseline -0.003 -16"><span class='ocrx_word' id='word_1_514' title='bbox 278 3645 377 3690; x_wconf 91' lang='grc' dir='ltr'><strong>νας</strong></span> <span class='ocrx_word' id='word_1_515' title='bbox 410 3627 503 3680; x_wconf 81' lang='grc' dir='ltr'><strong>τοῦ</strong></span> <span class='ocrx_word' id='word_1_516' title='bbox 537 3626 668 3678; x_wconf 79' lang='grc' dir='ltr'>Θεοῦ</span> <span class='ocrx_word' id='word_1_517' title='bbox 703 3627 966 3696; x_wconf 81' lang='grc' dir='ltr'>διαθήκας</span> <span class='ocrx_word' id='word_1_518' title='bbox 995 3627 1085 3677; x_wconf 71' lang='grc' dir='ltr'><strong>ἐπὶ</strong></span> <span class='ocrx_word' id='word_1_519' title='bbox 1119 3625 1416 3695; x_wconf 80' lang='grc' dir='ltr'>συνθήκαις</span> <span class='ocrx_word' id='word_1_520' title='bbox 1449 3625 1861 3693; x_wconf 54' lang='grc' dir='ltr'>παρεὰξάμεθα</span> 
     </span>
    </p>
   </div>
   <div class='ocr_carea' id='block_1_72' title="bbox 277 3713 1862 3790">
    <p class='ocr_par' dir='ltr' id='par_1_72' title="bbox 277 3713 1862 3790">
     <span class='ocr_line' id='line_1_72' title="bbox 277 3713 1862 3790; baseline -0.003 -21"><span class='ocrx_word' id='word_1_521' title='bbox 277 3713 370 3780; x_wconf 76' lang='grc' dir='ltr'>αἶς</span> <span class='ocrx_word' id='word_1_522' title='bbox 397 3717 534 3790; x_wconf 81' lang='grc' dir='ltr'>πρὸς</span> <span class='ocrx_word' id='word_1_523' title='bbox 577 3718 738 3770; x_wconf 75' lang='grc' dir='ltr'>αὑτὸν</span> <span class='ocrx_word' id='word_1_524' title='bbox 777 3715 1174 3785; x_wconf 74' lang='grc' dir='ltr'>ἐποιησάμεθα,</span> <span class='ocrx_word' id='word_1_525' title='bbox 1213 3714 1594 3784; x_wconf 82' lang='grc' dir='ltr'>ἀναδεχόμενοι</span> <span class='ocrx_word' id='word_1_526' title='bbox 1623 3713 1686 3764; x_wconf 84' lang='grc' dir='ltr'><strong>τὸ</strong></span> <span class='ocrx_word' id='word_1_527' title='bbox 1720 3713 1862 3765; x_wconf 59' lang='grc' dir='ltr'>κατὰ</span> 
     </span>
    </p>
   </div>
   <div class='ocr_carea' id='block_1_73' title="bbox 278 3803 1862 3879">
    <p class='ocr_par' dir='ltr' id='par_1_73' title="bbox 278 3803 1862 3879">
     <span class='ocr_line' id='line_1_73' title="bbox 278 3803 1862 3879; baseline -0.001 -20"><span class='ocrx_word' id='word_1_528' title='bbox 278 3809 707 3879; x_wconf 81' lang='grc' dir='ltr'>Χριστιανισμὸν</span> <span class='ocrx_word' id='word_1_529' title='bbox 743 3807 891 3878; x_wconf 86' lang='grc' dir='ltr'>βιοῦν</span> <span class='ocrx_word' id='word_1_530' title='bbox 911 3824 924 3836; x_wconf 91' lang='grc'><strong>·</strong></span> <span class='ocrx_word' id='word_1_531' title='bbox 951 3807 1044 3859; x_wconf 72' lang='grc' dir='ltr'><strong>καὶ</strong></span> <span class='ocrx_word' id='word_1_532' title='bbox 1077 3808 1134 3858; x_wconf 90' lang='grc' dir='ltr'><strong>ἐν</strong></span> <span class='ocrx_word' id='word_1_533' title='bbox 1164 3809 1283 3867; x_wconf 78' lang='grc' dir='ltr'>ταῖς</span> <span class='ocrx_word' id='word_1_534' title='bbox 1323 3805 1458 3875; x_wconf 80' lang='grc' dir='ltr'>πρὸς</span> <span class='ocrx_word' id='word_1_535' title='bbox 1504 3803 1636 3857; x_wconf 83' lang='grc' dir='ltr'>Θεὸν</span> <span class='ocrx_word' id='word_1_536' title='bbox 1664 3805 1862 3876; x_wconf 88' lang='grc' dir='ltr'>συνθή-</span> 
     </span>
    </p>
   </div>
   <div class='ocr_carea' id='block_1_74' title="bbox 278 3895 1859 3974">
    <p class='ocr_par' dir='ltr' id='par_1_74' title="bbox 278 3895 1859 3974">
     <span class='ocr_line' id='line_1_74' title="bbox 278 3895 1859 3974; baseline -0.003 -22"><span class='ocrx_word' id='word_1_537' title='bbox 278 3915 405 3962; x_wconf 76' lang='grc' dir='ltr'>καις</span> <span class='ocrx_word' id='word_1_538' title='bbox 438 3900 596 3969; x_wconf 72' lang='grc' dir='ltr'>ἡμῶν</span> <span class='ocrx_word' id='word_1_539' title='bbox 621 3897 688 3970; x_wconf 73' lang='grc' dir='ltr'>ἦν</span> <span class='ocrx_word' id='word_1_540' title='bbox 724 3901 874 3974; x_wconf 76' lang='grc' dir='ltr'>πᾶσα</span> <span class='ocrx_word' id='word_1_541' title='bbox 908 3900 940 3966; x_wconf 85' lang='grc' dir='ltr'>ἡ</span> <span class='ocrx_word' id='word_1_542' title='bbox 986 3897 1125 3949; x_wconf 86' lang='grc' dir='ltr'><strong>κατά</strong></span> <span class='ocrx_word' id='word_1_543' title='bbox 1148 3897 1208 3948; x_wconf 81' lang='grc' dir='ltr'>τὸ</span> <span class='ocrx_word' id='word_1_544' title='bbox 1241 3897 1570 3963; x_wconf 74' lang='grc' dir='ltr'>Εὑαγγέλιον</span> <span class='ocrx_word' id='word_1_545' title='bbox 1598 3895 1859 3960; x_wconf 86' lang='grc' dir='ltr'>πολιτεία,</span> 
     </span>
    </p>
   </div>
   <div class='ocr_carea' id='block_1_75' title="bbox 286 3984 1859 4056">
    <p class='ocr_par' dir='ltr' id='par_1_75' title="bbox 286 3984 1859 4056">
     <span class='ocr_line' id='line_1_75' title="bbox 286 3984 1859 4056; baseline -0.004 -15"><span class='ocrx_word' id='word_1_546' title='bbox 286 3988 480 4056; x_wconf 71' lang='grc' dir='ltr'>λέγονο</span> <span class='ocrx_word' id='word_1_547' title='bbox 522 4009 538 4040; x_wconf 84' lang='grc' dir='ltr'><strong>ι</strong></span> <span class='ocrx_word' id='word_1_548' title='bbox 563 3991 630 4042; x_wconf 81' lang='grc' dir='ltr'><strong>Εἴ</strong></span> <span class='ocrx_word' id='word_1_549' title='bbox 666 4007 750 4053; x_wconf 85' lang='grc' dir='ltr'><strong>τις</strong></span> <span class='ocrx_word' id='word_1_550' title='bbox 783 3990 927 4042; x_wconf 82' lang='grc' dir='ltr'>θέλει</span> <span class='ocrx_word' id='word_1_551' title='bbox 955 3987 1128 4039; x_wconf 79' lang='grc' dir='ltr'>ὀπίσω</span> <span class='ocrx_word' id='word_1_552' title='bbox 1165 4003 1264 4056; x_wconf 91' lang='grc' dir='ltr'><strong>μου</strong></span> <span class='ocrx_word' id='word_1_553' title='bbox 1297 3985 1492 4050; x_wconf 77' lang='grc' dir='ltr'>ἐλθεῖν,</span> <span class='ocrx_word' id='word_1_554' title='bbox 1534 3984 1859 4053; x_wconf 84' lang='grc' dir='ltr'>ἀρνησάσθω</span> 
     </span>
    </p>
   </div>
   <div class='ocr_carea' id='block_1_76' title="bbox 281 4075 1861 4151">
    <p class='ocr_par' dir='ltr' id='par_1_76' title="bbox 281 4075 1861 4151">
     <span class='ocr_line' id='line_1_76' title="bbox 281 4075 1861 4151; baseline -0.004 -19"><span class='ocrx_word' id='word_1_555' title='bbox 281 4078 501 4140; x_wconf 79' lang='grc' dir='ltr'>ἑαυτὸν,</span> <span class='ocrx_word' id='word_1_556' title='bbox 535 4082 629 4132; x_wconf 75' lang='grc' dir='ltr'><strong>καὶ</strong></span> <span class='ocrx_word' id='word_1_557' title='bbox 661 4081 849 4151; x_wconf 82' lang='grc' dir='ltr'>ἀράτω</span> <span class='ocrx_word' id='word_1_558' title='bbox 895 4081 984 4134; x_wconf 82' lang='grc' dir='ltr'><strong>τὸν</strong></span> <span class='ocrx_word' id='word_1_559' title='bbox 1018 4077 1245 4148; x_wconf 82' lang='grc' dir='ltr'>σταυρὸν</span> <span class='ocrx_word' id='word_1_560' title='bbox 1291 4075 1478 4138; x_wconf 78' lang='grc' dir='ltr'>αὑτοῦ,</span> <span class='ocrx_word' id='word_1_561' title='bbox 1511 4077 1602 4127; x_wconf 73' lang='grc' dir='ltr'><strong>καὶ</strong></span> <span class='ocrx_word' id='word_1_562' title='bbox 1637 4076 1861 4128; x_wconf 89' lang='grc' dir='ltr'>ἀκολου-</span> 
     </span>
    </p>
   </div>
   <div class='ocr_carea' id='block_1_77' title="bbox 282 4166 1858 4242">
    <p class='ocr_par' dir='ltr' id='par_1_77' title="bbox 282 4166 1858 4242">
     <span class='ocr_line' id='line_1_77' title="bbox 282 4166 1858 4242; baseline -0.003 -20"><span class='ocrx_word' id='word_1_563' title='bbox 282 4170 448 4222; x_wconf 86' lang='grc' dir='ltr'>θείτω</span> <span class='ocrx_word' id='word_1_564' title='bbox 479 4187 593 4238; x_wconf 87' lang='grc' dir='ltr'>μοι.</span> <span class='ocrx_word' id='word_1_565' title='bbox 637 4175 734 4233; x_wconf 87' lang='grc' dir='ltr'>Ὃς</span> <span class='ocrx_word' id='word_1_566' title='bbox 762 4174 870 4242; x_wconf 89' lang='grc' dir='ltr'><strong>γάρ</strong></span> <span class='ocrx_word' id='word_1_567' title='bbox 901 4173 965 4224; x_wconf 83' lang='grc' dir='ltr'>ἂν</span> <span class='ocrx_word' id='word_1_568' title='bbox 1005 4169 1134 4242; x_wconf 85' lang='grc' dir='ltr'>θέλῃ</span> <span class='ocrx_word' id='word_1_569' title='bbox 1153 4169 1248 4237; x_wconf 76' lang='grc' dir='ltr'><strong>τήν</strong></span> <span class='ocrx_word' id='word_1_570' title='bbox 1277 4168 1451 4238; x_wconf 68' lang='grc' dir='ltr'>ψυχὴν</span> <span class='ocrx_word' id='word_1_571' title='bbox 1475 4167 1638 4219; x_wconf 85' lang='grc' dir='ltr'>αὑτοῦ</span> <span class='ocrx_word' id='word_1_572' title='bbox 1667 4166 1858 4228; x_wconf 78' lang='grc' dir='ltr'>σῶσαι,</span> 
     </span>
    </p>
   </div>
   <div class='ocr_carea' id='block_1_78' title="bbox 281 4257 1860 4330">
    <p class='ocr_par' dir='ltr' id='par_1_78' title="bbox 281 4257 1860 4330">
     <span class='ocr_line' id='line_1_78' title="bbox 281 4257 1860 4330; baseline -0.005 -14"><span class='ocrx_word' id='word_1_573' title='bbox 281 4261 542 4318; x_wconf 81' lang='grc' dir='ltr'>ἀπολέσει</span> <span class='ocrx_word' id='word_1_574' title='bbox 567 4260 754 4330; x_wconf 78' lang='grc' dir='ltr'>αὑτήν.</span> <span class='ocrx_word' id='word_1_575' title='bbox 798 4261 896 4325; x_wconf 84' lang='grc' dir='ltr'>⁸·ος</span> <span class='ocrx_word' id='word_1_576' title='bbox 928 4262 971 4314; x_wconf 89' lang='grc' dir='ltr'>δ’</span> <span class='ocrx_word' id='word_1_577' title='bbox 999 4261 1064 4314; x_wconf 84' lang='grc' dir='ltr'>ἂν</span> <span class='ocrx_word' id='word_1_578' title='bbox 1097 4259 1335 4328; x_wconf 80' lang='grc' dir='ltr'>ἀπολέσῃ</span> <span class='ocrx_word' id='word_1_579' title='bbox 1373 4257 1536 4309; x_wconf 81' lang='grc' dir='ltr'>αὑτοῦ</span> <span class='ocrx_word' id='word_1_580' title='bbox 1563 4257 1659 4327; x_wconf 83' lang='grc' dir='ltr'><strong>τήν</strong></span> <span class='ocrx_word' id='word_1_581' title='bbox 1683 4257 1860 4326; x_wconf 67' lang='grc' dir='ltr'>ψυχὴν</span> 
     </span>
    </p>
   </div>
   <div class='ocr_carea' id='block_1_79' title="bbox 279 4343 1862 4418">
    <p class='ocr_par' dir='ltr' id='par_1_79' title="bbox 279 4343 1862 4418">
     <span class='ocr_line' id='line_1_79' title="bbox 279 4343 1862 4418; baseline -0.005 -12"><span class='ocrx_word' id='word_1_582' title='bbox 279 4355 471 4406; x_wconf 79' lang='grc' dir='ltr'>ἕνεκεν</span> <span class='ocrx_word' id='word_1_583' title='bbox 501 4347 657 4417; x_wconf 83' lang='grc' dir='ltr'>ἐμοῦ,</span> <span class='ocrx_word' id='word_1_584' title='bbox 688 4343 842 4414; x_wconf 76' lang='grc' dir='ltr'>οὗτος</span> <span class='ocrx_word' id='word_1_585' title='bbox 883 4350 1043 4404; x_wconf 87' lang='grc' dir='ltr'>σώσει</span> <span class='ocrx_word' id='word_1_586' title='bbox 1076 4349 1263 4418; x_wconf 81' lang='grc' dir='ltr'>αὑτήν.</span> <span class='ocrx_word' id='word_1_587' title='bbox 1294 4349 1356 4399; x_wconf 92' lang='grc' dir='ltr'><strong>Τί</strong></span> <span class='ocrx_word' id='word_1_588' title='bbox 1387 4347 1492 4417; x_wconf 76' lang='grc' dir='ltr'><strong>γὰρ</strong></span> <span class='ocrx_word' id='word_1_589' title='bbox 1509 4346 1862 4417; x_wconf 77' lang='grc' dir='ltr'>ὠφεληθήσε-</span> 
     </span>
    </p>
   </div>
   <div class='ocr_carea' id='block_1_80' title="bbox 279 4431 1858 4511">
    <p class='ocr_par' dir='ltr' id='par_1_80' title="bbox 279 4431 1858 4511">
     <span class='ocr_line' id='line_1_80' title="bbox 279 4431 1858 4511; baseline -0.006 -15"><span class='ocrx_word' id='word_1_590' title='bbox 279 4461 374 4497; x_wconf 86' lang='grc' dir='ltr'><strong>ται</strong></span> <span class='ocrx_word' id='word_1_591' title='bbox 407 4440 712 4511; x_wconf 76' lang='grc' dir='ltr'>ἇνθρωπος,</span> <span class='ocrx_word' id='word_1_592' title='bbox 751 4441 810 4502; x_wconf 85' lang='grc' dir='ltr'>ὃς</span> <span class='ocrx_word' id='word_1_593' title='bbox 841 4441 935 4493; x_wconf 82' lang='grc' dir='ltr'><strong>ἐάν</strong></span> <span class='ocrx_word' id='word_1_594' title='bbox 959 4440 1047 4493; x_wconf 80' lang='grc' dir='ltr'><strong>τὸν</strong></span> <span class='ocrx_word' id='word_1_595' title='bbox 1079 4441 1278 4508; x_wconf 81' lang='grc' dir='ltr'>κόσμον</span> <span class='ocrx_word' id='word_1_596' title='bbox 1307 4439 1423 4488; x_wconf 88' lang='grc' dir='ltr'>ὃλον</span> <span class='ocrx_word' id='word_1_597' title='bbox 1453 4433 1690 4506; x_wconf 79' lang='grc' dir='ltr'>κερδήσῃ</span> <span class='ocrx_word' id='word_1_598' title='bbox 1727 4431 1858 4504; x_wconf 75' lang='grc'><strong>(76),</strong></span> 
     </span>
    </p>
   </div>
   <div class='ocr_carea' id='block_1_81' title="bbox 281 4525 1859 4603">
    <p class='ocr_par' dir='ltr' id='par_1_81' title="bbox 281 4525 1859 4603">
     <span class='ocr_line' id='line_1_81' title="bbox 281 4525 1859 4603; baseline -0.006 -19"><span class='ocrx_word' id='word_1_599' title='bbox 281 4533 385 4603; x_wconf 81' lang='grc' dir='ltr'>τὴν</span> <span class='ocrx_word' id='word_1_600' title='bbox 414 4525 477 4583; x_wconf 85' lang='grc' dir='ltr'>δὲ</span> <span class='ocrx_word' id='word_1_601' title='bbox 506 4528 676 4600; x_wconf 63' lang='grc' dir='ltr'>ψυχὴν</span> <span class='ocrx_word' id='word_1_602' title='bbox 710 4528 874 4581; x_wconf 63' lang='lat' dir='ltr'><strong>nemo</strong></span> <span class='ocrx_word' id='word_1_603' title='bbox 909 4530 1190 4600; x_wconf 77' lang='grc' dir='ltr'>ξημιωθῇ;</span> <span class='ocrx_word' id='word_1_604' title='bbox 1222 4529 1254 4599; x_wconf 83' lang='grc' dir='ltr'>ἢ</span> <span class='ocrx_word' id='word_1_605' title='bbox 1299 4529 1350 4580; x_wconf 88' lang='grc' dir='ltr'><strong>τί</strong></span> <span class='ocrx_word' id='word_1_606' title='bbox 1383 4526 1542 4580; x_wconf 81' lang='grc' dir='ltr'>δώσει</span> <span class='ocrx_word' id='word_1_607' title='bbox 1575 4525 1859 4597; x_wconf 79' lang='grc' dir='ltr'>ἄνθρωπος</span> 
     </span>
    </p>
   </div>
   <div class='ocr_carea' id='block_1_82' title="bbox 281 4615 1914 4691">
    <p class='ocr_par' dir='ltr' id='par_1_82' title="bbox 281 4615 1914 4691">
     <span class='ocr_line' id='line_1_82' title="bbox 281 4615 1914 4691; baseline -0.005 -18"><span class='ocrx_word' id='word_1_608' title='bbox 281 4620 646 4690; x_wconf 74' lang='grc' dir='ltr'>ἀντάλλαγμα</span> <span class='ocrx_word' id='word_1_609' title='bbox 681 4619 780 4688; x_wconf 83' lang='grc' dir='ltr'>τῆς</span> <span class='ocrx_word' id='word_1_610' title='bbox 820 4617 996 4687; x_wconf 79' lang='grc' dir='ltr'>ψυχῆς</span> <span class='ocrx_word' id='word_1_611' title='bbox 1031 4619 1226 4678; x_wconf 73' lang='grc' dir='ltr'>αὐτοῦς</span> <span class='ocrx_word' id='word_1_612' title='bbox 1274 4617 1456 4688; x_wconf 85' lang='grc' dir='ltr'>μέλλει</span> <span class='ocrx_word' id='word_1_613' title='bbox 1503 4615 1612 4686; x_wconf 82' lang='grc' dir='ltr'>γὰρ</span> <span class='ocrx_word' id='word_1_614' title='bbox 1659 4619 1686 4667; x_wconf 85' lang='grc' dir='ltr'><strong>ὁ</strong></span> <span class='ocrx_word' id='word_1_615' title='bbox 1733 4615 1857 4676; x_wconf 87' lang='grc' dir='ltr'>Υίὸς</span> <span class='ocrx_word' id='word_1_616' title='bbox 1911 4688 1914 4691; x_wconf 75' lang='lat'><strong><em>_</em></strong></span> 
     </span>
    </p>
   </div>
   <div class='ocr_carea' id='block_1_83' title="bbox 279 4702 1855 4780">
    <p class='ocr_par' dir='ltr' id='par_1_83' title="bbox 279 4702 1855 4780">
     <span class='ocr_line' id='line_1_83' title="bbox 279 4702 1855 4780; baseline -0.004 -19"><span class='ocrx_word' id='word_1_617' title='bbox 279 4710 381 4777; x_wconf 86' lang='grc' dir='ltr'><strong>τοῦ</strong></span> <span class='ocrx_word' id='word_1_618' title='bbox 407 4709 694 4780; x_wconf 84' lang='grc' dir='ltr'>ἀνθρώπου</span> <span class='ocrx_word' id='word_1_619' title='bbox 723 4707 972 4777; x_wconf 79' lang='grc' dir='ltr'>ἔρχεσθαι</span> <span class='ocrx_word' id='word_1_620' title='bbox 1002 4709 1058 4758; x_wconf 86' lang='grc' dir='ltr'><strong>ἐν</strong></span> <span class='ocrx_word' id='word_1_621' title='bbox 1091 4709 1155 4775; x_wconf 79' lang='grc' dir='ltr'>τῇ</span> <span class='ocrx_word' id='word_1_622' title='bbox 1178 4706 1302 4776; x_wconf 79' lang='grc' dir='ltr'>δόξῃ</span> <span class='ocrx_word' id='word_1_623' title='bbox 1326 4707 1418 4758; x_wconf 87' lang='grc' dir='ltr'><strong>τοῦ</strong></span> <span class='ocrx_word' id='word_1_624' title='bbox 1453 4705 1660 4775; x_wconf 78' lang='grc' dir='ltr'>[ἰατρὸς</span> <span class='ocrx_word' id='word_1_625' title='bbox 1694 4702 1855 4756; x_wconf 78' lang='grc' dir='ltr'>αὐτοῦ</span> 
     </span>
    </p>
   </div>
   <div class='ocr_carea' id='block_1_84' title="bbox 2034 3533 3636 3604">
    <p class='ocr_par' dir='ltr' id='par_1_84' title="bbox 2034 3533 3636 3604">
     <span class='ocr_line' id='line_1_84' title="bbox 2034 3533 3636 3604; baseline 0.001 -19"><span class='ocrx_word' id='word_1_626' title='bbox 2034 3533 2121 3588; x_wconf 75' lang='grc'><strong>12.</strong></span> <span class='ocrx_word' id='word_1_627' title='bbox 2157 3534 2452 3587; x_wconf 85' lang='lat' dir='ltr'><strong>Sciendum</strong></span> <span class='ocrx_word' id='word_1_628' title='bbox 2485 3543 2540 3586; x_wconf 88' lang='lat' dir='ltr'><strong>ct</strong></span> <span class='ocrx_word' id='word_1_629' title='bbox 2575 3534 2702 3586; x_wconf 91' lang='lat' dir='ltr'><strong>illud</strong></span> <span class='ocrx_word' id='word_1_630' title='bbox 2754 3544 2872 3595; x_wconf 65' lang='lat' dir='ltr'><strong>est,</strong></span> <span class='ocrx_word' id='word_1_631' title='bbox 2911 3549 3008 3588; x_wconf 86' lang='lat' dir='ltr'><strong>nos</strong></span> <span class='ocrx_word' id='word_1_632' title='bbox 3045 3535 3095 3588; x_wconf 89' lang='lat' dir='ltr'><strong>id</strong></span> <span class='ocrx_word' id='word_1_633' title='bbox 3144 3535 3286 3604; x_wconf 89' lang='lat' dir='ltr'><strong>quod</strong></span> <span class='ocrx_word' id='word_1_634' title='bbox 3333 3535 3532 3590; x_wconf 88' lang='lat' dir='ltr'><strong>dicitur</strong></span> <span class='ocrx_word' id='word_1_635' title='bbox 3630 3547 3636 3552; x_wconf 74' lang='lat'><strong>‘</strong></span> 
     </span>
    </p>
   </div>
   <div class='ocr_carea' id='block_1_85' title="bbox 1969 3624 3522 3694">
    <p class='ocr_par' dir='ltr' id='par_1_85' title="bbox 1969 3624 3522 3694">
     <span class='ocr_line' id='line_1_85' title="bbox 1969 3624 3522 3694; baseline 0.002 -18"><span class='ocrx_word' id='word_1_636' title='bbox 1969 3633 2351 3678; x_wconf 86' lang='lat' dir='ltr'><strong>testamentum</strong></span> <span class='ocrx_word' id='word_1_637' title='bbox 2389 3625 2483 3678; x_wconf 90' lang='lat' dir='ltr'><strong>Dei</strong></span> <span class='ocrx_word' id='word_1_638' title='bbox 2511 3625 2677 3677; x_wconf 87' lang='lat' dir='ltr'><strong>certis</strong></span> <span class='ocrx_word' id='word_1_639' title='bbox 2705 3624 3166 3677; x_wconf 78' lang='lat' dir='ltr'><strong>conVentionibus</strong></span> <span class='ocrx_word' id='word_1_640' title='bbox 3196 3627 3522 3694; x_wconf 84' lang='lat' dir='ltr'><strong>suscepisse,</strong></span> 
     </span>
    </p>
   </div>
   <div class='ocr_carea' id='block_1_86' title="bbox 1962 3699 3530 3783">
    <p class='ocr_par' dir='ltr' id='par_1_86' title="bbox 1962 3699 3530 3783">
     <span class='ocr_line' id='line_1_86' title="bbox 1962 3699 3530 3783; baseline 0 -15"><span class='ocrx_word' id='word_1_641' title='bbox 1962 3729 2099 3782; x_wconf 88' lang='lat' dir='ltr'><strong>quas</strong></span> <span class='ocrx_word' id='word_1_642' title='bbox 2127 3723 2238 3767; x_wconf 89' lang='lat' dir='ltr'><strong>tum</strong></span> <span class='ocrx_word' id='word_1_643' title='bbox 2268 3715 2496 3768; x_wconf 83' lang='lat' dir='ltr'><strong>fecimus</strong></span> <span class='ocrx_word' id='word_1_644' title='bbox 2519 3729 2642 3768; x_wconf 88' lang='lat' dir='ltr'><strong>cum</strong></span> <span class='ocrx_word' id='word_1_645' title='bbox 2668 3699 2771 3769; x_wconf 80' lang='lat' dir='ltr'><strong>nos</strong></span> <span class='ocrx_word' id='word_1_646' title='bbox 2803 3715 2959 3783; x_wconf 78' lang='lat' dir='ltr'><strong>juxta</strong></span> <span class='ocrx_word' id='word_1_647' title='bbox 2992 3714 3368 3769; x_wconf 77' lang='lat' dir='ltr'><strong>Christianam</strong></span> <span class='ocrx_word' id='word_1_648' title='bbox 3398 3715 3530 3768; x_wconf 84' lang='lat' dir='ltr'><strong>reli-</strong></span> 
     </span>
    </p>
   </div>
   <div class='ocr_carea' id='block_1_87' title="bbox 1962 3805 3530 3874">
    <p class='ocr_par' dir='ltr' id='par_1_87' title="bbox 1962 3805 3530 3874">
     <span class='ocr_line' id='line_1_87' title="bbox 1962 3805 3530 3874; baseline 0.001 -16"><span class='ocrx_word' id='word_1_649' title='bbox 1962 3805 2176 3871; x_wconf 79' lang='lat' dir='ltr'><strong>gionem</strong></span> <span class='ocrx_word' id='word_1_650' title='bbox 2207 3805 2449 3872; x_wconf 82' lang='lat' dir='ltr'><strong>victuros</strong></span> <span class='ocrx_word' id='word_1_651' title='bbox 2479 3807 2805 3874; x_wconf 88' lang='lat' dir='ltr'><strong>recepimus.</strong></span> <span class='ocrx_word' id='word_1_652' title='bbox 2842 3805 2935 3859; x_wconf 92' lang='lat' dir='ltr'><strong>llis</strong></span> <span class='ocrx_word' id='word_1_653' title='bbox 2965 3813 3147 3858; x_wconf 88' lang='lat' dir='ltr'><strong>autem</strong></span> <span class='ocrx_word' id='word_1_654' title='bbox 3184 3805 3385 3858; x_wconf 87' lang='lat' dir='ltr'><strong>nostris</strong></span> <span class='ocrx_word' id='word_1_655' title='bbox 3406 3819 3530 3859; x_wconf 88' lang='lat' dir='ltr'><strong>cum</strong></span> 
     </span>
    </p>
   </div>
   <div class='ocr_carea' id='block_1_88' title="bbox 1965 3894 3528 3965">
    <p class='ocr_par' dir='ltr' id='par_1_88' title="bbox 1965 3894 3528 3965">
     <span class='ocr_line' id='line_1_88' title="bbox 1965 3894 3528 3965; baseline 0 -17"><span class='ocrx_word' id='word_1_656' title='bbox 1965 3896 2075 3949; x_wconf 91' lang='lat' dir='ltr'><strong>Deo</strong></span> <span class='ocrx_word' id='word_1_657' title='bbox 2135 3895 2590 3948; x_wconf 85' lang='lat' dir='ltr'><strong>conventionibus</strong></span> <span class='ocrx_word' id='word_1_658' title='bbox 2636 3896 2949 3965; x_wconf 65' lang='lat' dir='ltr'><strong>evangelica</strong></span> <span class='ocrx_word' id='word_1_659' title='bbox 3005 3897 3180 3949; x_wconf 85' lang='lat' dir='ltr'><strong>omnis</strong></span> <span class='ocrx_word' id='word_1_660' title='bbox 3243 3894 3528 3964; x_wconf 80' lang='lat' dir='ltr'><strong>disciplina</strong></span> 
     </span>
    </p>
   </div>
   <div class='ocr_carea' id='block_1_89' title="bbox 1963 3984 3533 4055">
    <p class='ocr_par' dir='ltr' id='par_1_89' title="bbox 1963 3984 3533 4055">
     <span class='ocr_line' id='line_1_89' title="bbox 1963 3984 3533 4055; baseline 0.001 -18"><span class='ocrx_word' id='word_1_661' title='bbox 1963 3984 2366 4037; x_wconf 70' lang='lat' dir='ltr'><strong>continebatur.</strong></span> <span class='ocrx_word' id='word_1_662' title='bbox 2395 3985 2490 4038; x_wconf 85' lang='lat' dir='ltr'><strong>Sic</strong></span> <span class='ocrx_word' id='word_1_663' title='bbox 2517 4002 2680 4053; x_wconf 91' lang='lat' dir='ltr'><strong>porro</strong></span> <span class='ocrx_word' id='word_1_664' title='bbox 2701 3989 2832 4039; x_wconf 86' lang='lat' dir='ltr'><strong>dicit</strong></span> <span class='ocrx_word' id='word_1_665' title='bbox 2859 3987 3212 4055; x_wconf 80' lang='lat' dir='ltr'><strong>Evangelium</strong></span> <span class='ocrx_word' id='word_1_666' title='bbox 3237 4002 3252 4036; x_wconf 88' lang='lat'><strong>:</strong></span> <span class='ocrx_word' id='word_1_667' title='bbox 3277 4003 3296 4036; x_wconf 77' lang='grc' dir='ltr'><strong>ι</strong></span> <span class='ocrx_word' id='word_1_668' title='bbox 3325 3986 3381 4038; x_wconf 89' lang='lat' dir='ltr'><strong>Si</strong></span> <span class='ocrx_word' id='word_1_669' title='bbox 3409 3987 3533 4054; x_wconf 87' lang='lat' dir='ltr'><strong>quis</strong></span> 
     </span>
    </p>
   </div>
   <div class='ocr_carea' id='block_1_90' title="bbox 1961 4063 3531 4144">
    <p class='ocr_par' dir='ltr' id='par_1_90' title="bbox 1961 4063 3531 4144">
     <span class='ocr_line' id='line_1_90' title="bbox 1961 4063 3531 4144; baseline 0.002 -17"><span class='ocrx_word' id='word_1_670' title='bbox 1961 4075 2078 4127; x_wconf 64' lang='lat' dir='ltr'><strong>vult</strong></span> <span class='ocrx_word' id='word_1_671' title='bbox 2117 4084 2240 4142; x_wconf 91' lang='lat' dir='ltr'><strong>post</strong></span> <span class='ocrx_word' id='word_1_672' title='bbox 2277 4088 2362 4127; x_wconf 90' lang='lat' dir='ltr'><strong>me</strong></span> <span class='ocrx_word' id='word_1_673' title='bbox 2400 4076 2612 4140; x_wconf 82' lang='lat' dir='ltr'><strong>venire,</strong></span> <span class='ocrx_word' id='word_1_674' title='bbox 2653 4078 2886 4144; x_wconf 78' lang='lat' dir='ltr'><strong>abneget</strong></span> <span class='ocrx_word' id='word_1_675' title='bbox 2932 4077 3305 4144; x_wconf 84' lang='lat' dir='ltr'><strong>semetipsum,</strong></span> <span class='ocrx_word' id='word_1_676' title='bbox 3345 4086 3399 4130; x_wconf 83' lang='lat' dir='ltr'><strong>et</strong></span> <span class='ocrx_word' id='word_1_677' title='bbox 3429 4063 3531 4130; x_wconf 74' lang='lat' dir='ltr'><strong>toi-</strong></span> 
     </span>
    </p>
   </div>
   <div class='ocr_carea' id='block_1_91' title="bbox 1966 4163 3534 4232">
    <p class='ocr_par' dir='ltr' id='par_1_91' title="bbox 1966 4163 3534 4232">
     <span class='ocr_line' id='line_1_91' title="bbox 1966 4163 3534 4232; baseline 0.003 -16"><span class='ocrx_word' id='word_1_678' title='bbox 1966 4163 2046 4218; x_wconf 83' lang='lat' dir='ltr'><strong>lat</strong></span> <span class='ocrx_word' id='word_1_679' title='bbox 2071 4181 2288 4219; x_wconf 90' lang='lat' dir='ltr'><strong>crucem</strong></span> <span class='ocrx_word' id='word_1_680' title='bbox 2319 4182 2498 4231; x_wconf 88' lang='lat' dir='ltr'><strong>suam,</strong></span> <span class='ocrx_word' id='word_1_681' title='bbox 2527 4176 2582 4220; x_wconf 92' lang='lat' dir='ltr'><strong>et</strong></span> <span class='ocrx_word' id='word_1_682' title='bbox 2613 4177 2880 4232; x_wconf 88' lang='lat' dir='ltr'><strong>sequatur</strong></span> <span class='ocrx_word' id='word_1_683' title='bbox 2918 4181 3022 4219; x_wconf 91' lang='lat' dir='ltr'><strong>mc.</strong></span> <span class='ocrx_word' id='word_1_684' title='bbox 3057 4167 3157 4230; x_wconf 89' lang='lat' dir='ltr'><strong>Qui</strong></span> <span class='ocrx_word' id='word_1_685' title='bbox 3179 4167 3320 4220; x_wconf 91' lang='lat' dir='ltr'><strong>enim</strong></span> <span class='ocrx_word' id='word_1_686' title='bbox 3350 4167 3534 4220; x_wconf 74' lang='lat' dir='ltr'><strong>volue-</strong></span> 
     </span>
    </p>
   </div>
   <div class='ocr_carea' id='block_1_92' title="bbox 1965 4255 3533 4324">
    <p class='ocr_par' dir='ltr' id='par_1_92' title="bbox 1965 4255 3533 4324">
     <span class='ocr_line' id='line_1_92' title="bbox 1965 4255 3533 4324; baseline 0.001 -16"><span class='ocrx_word' id='word_1_687' title='bbox 1965 4257 2038 4310; x_wconf 88' lang='lat' dir='ltr'><strong>rit</strong></span> <span class='ocrx_word' id='word_1_688' title='bbox 2073 4258 2310 4310; x_wconf 88' lang='lat' dir='ltr'><strong>animam</strong></span> <span class='ocrx_word' id='word_1_689' title='bbox 2365 4273 2520 4312; x_wconf 85' lang='lat' dir='ltr'><strong>suam</strong></span> <span class='ocrx_word' id='word_1_690' title='bbox 2569 4257 2773 4312; x_wconf 86' lang='lat' dir='ltr'><strong>salvam</strong></span> <span class='ocrx_word' id='word_1_691' title='bbox 2805 4257 3011 4319; x_wconf 88' lang='lat' dir='ltr'><strong>facere,</strong></span> <span class='ocrx_word' id='word_1_692' title='bbox 3043 4257 3234 4324; x_wconf 85' lang='lat' dir='ltr'><strong>perdet</strong></span> <span class='ocrx_word' id='word_1_693' title='bbox 3257 4272 3399 4309; x_wconf 86' lang='lat' dir='ltr'><strong>eam.</strong></span> <span class='ocrx_word' id='word_1_694' title='bbox 3429 4255 3533 4320; x_wconf 87' lang='lat' dir='ltr'><strong>Qui</strong></span> 
     </span>
    </p>
   </div>
   <div class='ocr_carea' id='block_1_93' title="bbox 1964 4348 3529 4418">
    <p class='ocr_par' dir='ltr' id='par_1_93' title="bbox 1964 4348 3529 4418">
     <span class='ocr_line' id='line_1_93' title="bbox 1964 4348 3529 4418; baseline 0.001 -18"><span class='ocrx_word' id='word_1_695' title='bbox 1964 4357 2143 4401; x_wconf 84' lang='lat' dir='ltr'><strong>autem</strong></span> <span class='ocrx_word' id='word_1_696' title='bbox 2169 4349 2467 4418; x_wconf 89' lang='lat' dir='ltr'><strong>perdiderit</strong></span> <span class='ocrx_word' id='word_1_697' title='bbox 2491 4351 2728 4402; x_wconf 82' lang='lat' dir='ltr'><strong>animam</strong></span> <span class='ocrx_word' id='word_1_698' title='bbox 2761 4367 2912 4402; x_wconf 86' lang='lat' dir='ltr'><strong>suam</strong></span> <span class='ocrx_word' id='word_1_699' title='bbox 2946 4358 3165 4416; x_wconf 89' lang='lat' dir='ltr'><strong>propter</strong></span> <span class='ocrx_word' id='word_1_700' title='bbox 3190 4365 3293 4411; x_wconf 90' lang='lat' dir='ltr'><strong>me,</strong></span> <span class='ocrx_word' id='word_1_701' title='bbox 3323 4348 3529 4401; x_wconf 76' lang='lat' dir='ltr'><strong>salvam</strong></span> 
     </span>
    </p>
   </div>
   <div class='ocr_carea' id='block_1_94' title="bbox 1965 4437 3528 4509">
    <p class='ocr_par' dir='ltr' id='par_1_94' title="bbox 1965 4437 3528 4509">
     <span class='ocr_line' id='line_1_94' title="bbox 1965 4437 3528 4509; baseline 0.002 -20"><span class='ocrx_word' id='word_1_702' title='bbox 1965 4437 2127 4492; x_wconf 81' lang='lat' dir='ltr'><strong>faciet</strong></span> <span class='ocrx_word' id='word_1_703' title='bbox 2150 4455 2291 4492; x_wconf 87' lang='lat' dir='ltr'><strong>eam.</strong></span> <span class='ocrx_word' id='word_1_704' title='bbox 2329 4440 2470 4505; x_wconf 85' lang='lat' dir='ltr'><strong>Quid</strong></span> <span class='ocrx_word' id='word_1_705' title='bbox 2499 4441 2644 4493; x_wconf 89' lang='lat' dir='ltr'><strong>enim</strong></span> <span class='ocrx_word' id='word_1_706' title='bbox 2681 4441 2900 4509; x_wconf 87' lang='lat' dir='ltr'><strong>prodest</strong></span> <span class='ocrx_word' id='word_1_707' title='bbox 2943 4439 3229 4507; x_wconf 56' lang='lat' dir='ltr'><strong>hominisi</strong></span> <span class='ocrx_word' id='word_1_708' title='bbox 3264 4439 3528 4493; x_wconf 86' lang='lat' dir='ltr'><strong>mundum</strong></span> 
     </span>
    </p>
   </div>
   <div class='ocr_carea' id='block_1_95' title="bbox 1963 4528 3528 4594">
    <p class='ocr_par' dir='ltr' id='par_1_95' title="bbox 1963 4528 3528 4594">
     <span class='ocr_line' id='line_1_95' title="bbox 1963 4528 3528 4594; baseline 0.001 -16"><span class='ocrx_word' id='word_1_709' title='bbox 1963 4528 2279 4581; x_wconf 86' lang='lat' dir='ltr'><strong>universum</strong></span> <span class='ocrx_word' id='word_1_710' title='bbox 2317 4529 2581 4594; x_wconf 86' lang='lat' dir='ltr'><strong>lueretur,</strong></span> <span class='ocrx_word' id='word_1_711' title='bbox 2610 4531 2803 4581; x_wconf 71' lang='lat' dir='ltr'><strong>anima:</strong></span> <span class='ocrx_word' id='word_1_712' title='bbox 2836 4545 2964 4581; x_wconf 87' lang='lat' dir='ltr'><strong>vero</strong></span> <span class='ocrx_word' id='word_1_713' title='bbox 2999 4545 3111 4582; x_wconf 70' lang='lat' dir='ltr'><strong>sua:</strong></span> <span class='ocrx_word' id='word_1_714' title='bbox 3142 4530 3528 4582; x_wconf 90' lang='lat' dir='ltr'><strong>detrimentum</strong></span> 
     </span>
    </p>
   </div>
   <div class='ocr_carea' id='block_1_96' title="bbox 1964 4619 3532 4684">
    <p class='ocr_par' dir='ltr' id='par_1_96' title="bbox 1964 4619 3532 4684">
     <span class='ocr_line' id='line_1_96' title="bbox 1964 4619 3532 4684; baseline 0.003 -16"><span class='ocrx_word' id='word_1_715' title='bbox 1964 4619 2237 4683; x_wconf 81' lang='lat' dir='ltr'><strong>patiatur?</strong></span> <span class='ocrx_word' id='word_1_716' title='bbox 2281 4629 2371 4669; x_wconf 87' lang='lat' dir='ltr'><strong>aut</strong></span> <span class='ocrx_word' id='word_1_717' title='bbox 2418 4634 2581 4684; x_wconf 79' lang='lat' dir='ltr'><strong>quam</strong></span> <span class='ocrx_word' id='word_1_718' title='bbox 2645 4619 2797 4672; x_wconf 86' lang='lat' dir='ltr'><strong>dabit</strong></span> <span class='ocrx_word' id='word_1_719' title='bbox 2849 4621 3012 4671; x_wconf 90' lang='lat' dir='ltr'><strong>homo</strong></span> <span class='ocrx_word' id='word_1_720' title='bbox 3054 4620 3532 4675; x_wconf 79' lang='lat' dir='ltr'><strong>commutationem</strong></span> 
     </span>
    </p>
   </div>
   <div class='ocr_carea' id='block_1_97' title="bbox 1939 4699 3535 4778">
    <p class='ocr_par' dir='ltr' id='par_1_97' title="bbox 1939 4699 3535 4778">
     <span class='ocr_line' id='line_1_97' title="bbox 1939 4699 3535 4778; baseline 0.002 -16"><span class='ocrx_word' id='word_1_721' title='bbox 1939 4699 2062 4778; x_wconf 67' lang='lat' dir='ltr'><strong>~pro</strong></span> <span class='ocrx_word' id='word_1_722' title='bbox 2103 4710 2282 4762; x_wconf 88' lang='lat' dir='ltr'><strong>anima</strong></span> <span class='ocrx_word' id='word_1_723' title='bbox 2336 4710 2466 4761; x_wconf 85' lang='lat' dir='ltr'><strong>sua?</strong></span> <span class='ocrx_word' id='word_1_724' title='bbox 2496 4709 2667 4763; x_wconf 84' lang='lat' dir='ltr'><strong>Filius</strong></span> <span class='ocrx_word' id='word_1_725' title='bbox 2701 4711 2846 4762; x_wconf 90' lang='lat' dir='ltr'><strong>enim</strong></span> <span class='ocrx_word' id='word_1_726' title='bbox 2882 4710 3116 4763; x_wconf 86' lang='lat' dir='ltr'><strong>hominis</strong></span> <span class='ocrx_word' id='word_1_727' title='bbox 3157 4721 3420 4764; x_wconf 79' lang='lat' dir='ltr'><strong>venturus</strong></span> <span class='ocrx_word' id='word_1_728' title='bbox 3449 4721 3535 4765; x_wconf 76' lang='lat' dir='ltr'><strong>eat</strong></span> 
     </span>
    </p>
   </div>
   <div class='ocr_carea' id='block_1_98' title="bbox 286 4792 1861 4867">
    <p class='ocr_par' dir='ltr' id='par_1_98' title="bbox 286 4795 1860 4867">
     <span class='ocr_line' id='line_1_98' title="bbox 286 4795 1860 4867; baseline -0.004 -17"><span class='ocrx_word' id='word_1_729' title='bbox 286 4799 430 4865; x_wconf 85' lang='grc' dir='ltr'><strong>μετά</strong></span> <span class='ocrx_word' id='word_1_730' title='bbox 461 4800 571 4852; x_wconf 83' lang='grc' dir='ltr'>τῶν</span> <span class='ocrx_word' id='word_1_731' title='bbox 602 4798 845 4867; x_wconf 84' lang='grc' dir='ltr'>ἀγγέλων</span> <span class='ocrx_word' id='word_1_732' title='bbox 867 4795 1028 4850; x_wconf 80' lang='grc' dir='ltr'>αὑτοῦ</span> <span class='ocrx_word' id='word_1_733' title='bbox 1050 4813 1062 4824; x_wconf 89' lang='grc'><strong>·</strong></span> <span class='ocrx_word' id='word_1_734' title='bbox 1093 4796 1184 4847; x_wconf 52' lang='grc' dir='ltr'><strong>καὶ⁵</strong></span> <span class='ocrx_word' id='word_1_735' title='bbox 1213 4795 1332 4846; x_wconf 84' lang='grc' dir='ltr'>τότε</span> <span class='ocrx_word' id='word_1_736' title='bbox 1362 4795 1626 4848; x_wconf 85' lang='grc' dir='ltr'>ἀποδώσει</span> <span class='ocrx_word' id='word_1_737' title='bbox 1647 4796 1860 4864; x_wconf 78' lang='grc' dir='ltr'>ἐκάστῳ</span> 
     </span>
    </p>
   </div>
   <div class='ocr_carea' id='block_1_99' title="bbox 1962 4792 3532 4867">
    <p class='ocr_par' dir='ltr' id='par_1_99' title="bbox 1970 4795 3532 4864">
     <span class='ocr_line' id='line_1_99' title="bbox 1970 4795 3532 4864; baseline -0.003 -13"><span class='ocrx_word' id='word_1_738' title='bbox 1970 4798 2022 4851; x_wconf 90' lang='lat' dir='ltr'><strong>in</strong></span> <span class='ocrx_word' id='word_1_739' title='bbox 2051 4795 2221 4864; x_wconf 76' lang='lat' dir='ltr'><strong>gloria</strong></span> <span class='ocrx_word' id='word_1_740' title='bbox 2245 4796 2424 4849; x_wconf 79' lang='lat' dir='ltr'><strong>Patris</strong></span> <span class='ocrx_word' id='word_1_741' title='bbox 2464 4797 2546 4849; x_wconf 91' lang='lat' dir='ltr'><strong>sui</strong></span> <span class='ocrx_word' id='word_1_742' title='bbox 2586 4812 2706 4849; x_wconf 93' lang='lat' dir='ltr'><strong>cum</strong></span> <span class='ocrx_word' id='word_1_743' title='bbox 2740 4799 2950 4864; x_wconf 76' lang='lat' dir='ltr'><strong>angelis</strong></span> <span class='ocrx_word' id='word_1_744' title='bbox 2981 4799 3114 4856; x_wconf 87' lang='lat' dir='ltr'><strong>suis,</strong></span> <span class='ocrx_word' id='word_1_745' title='bbox 3153 4809 3208 4850; x_wconf 93' lang='lat' dir='ltr'><strong>et</strong></span> <span class='ocrx_word' id='word_1_746' title='bbox 3240 4806 3368 4849; x_wconf 91' lang='lat' dir='ltr'><strong>tunc</strong></span> <span class='ocrx_word' id='word_1_747' title='bbox 3410 4799 3532 4850; x_wconf 84' lang='lat' dir='ltr'><strong>red-</strong></span> 
     </span>
    </p>
   </div>
   <div class='ocr_carea' id='block_1_100' title="bbox 283 4883 1860 4960">
    <p class='ocr_par' dir='ltr' id='par_1_100' title="bbox 283 4883 1860 4960">
     <span class='ocr_line' id='line_1_100' title="bbox 283 4883 1860 4960; baseline -0.002 -20"><span class='ocrx_word' id='word_1_748' title='bbox 283 4889 439 4940; x_wconf 78' lang='grc' dir='ltr'><strong>κατά</strong></span> <span class='ocrx_word' id='word_1_749' title='bbox 470 4890 570 4960; x_wconf 75' lang='grc' dir='ltr'><strong>τὴν</strong></span> <span class='ocrx_word' id='word_1_750' title='bbox 609 4889 803 4960; x_wconf 78' lang='grc' dir='ltr'>πρᾶξιν</span> <span class='ocrx_word' id='word_1_751' title='bbox 838 4886 1022 4940; x_wconf 87' lang='grc' dir='ltr'>αὑτοῦ.</span> <span class='ocrx_word' id='word_1_752' title='bbox 1054 4905 1072 4936; x_wconf 82' lang='grc'><strong><em>›</em></strong></span> <span class='ocrx_word' id='word_1_753' title='bbox 1106 4885 1177 4935; x_wconf 83' lang='grc' dir='ltr'><strong>Τὸ</strong></span> <span class='ocrx_word' id='word_1_754' title='bbox 1207 4883 1261 4935; x_wconf 84' lang='grc' dir='ltr'><strong>δέ</strong></span> <span class='ocrx_word' id='word_1_755' title='bbox 1290 4884 1400 4936; x_wconf 87' lang='grc' dir='ltr'>δεῖν</span> <span class='ocrx_word' id='word_1_756' title='bbox 1428 4885 1706 4956; x_wconf 87' lang='grc' dir='ltr'>ἀρνεῖσθαι</span> <span class='ocrx_word' id='word_1_757' title='bbox 1738 4887 1860 4937; x_wconf 84' lang='grc' dir='ltr'>ἐαυ-</span> 
     </span>
    </p>
   </div>
   <div class='ocr_carea' id='block_1_101' title="bbox 278 4974 1859 5051">
    <p class='ocr_par' dir='ltr' id='par_1_101' title="bbox 278 4974 1859 5051">
     <span class='ocr_line' id='line_1_101' title="bbox 278 4974 1859 5051; baseline -0.004 -19"><span class='ocrx_word' id='word_1_758' title='bbox 278 4978 402 5042; x_wconf 71' lang='grc' dir='ltr'>τὸν,</span> <span class='ocrx_word' id='word_1_759' title='bbox 437 4981 532 5032; x_wconf 75' lang='grc' dir='ltr'><strong>καὶ</strong></span> <span class='ocrx_word' id='word_1_760' title='bbox 579 4981 755 5051; x_wconf 79' lang='grc' dir='ltr'>αἴρειν</span> <span class='ocrx_word' id='word_1_761' title='bbox 796 4979 888 5032; x_wconf 84' lang='grc' dir='ltr'><strong>τὸν</strong></span> <span class='ocrx_word' id='word_1_762' title='bbox 921 4975 1110 5030; x_wconf 87' lang='grc' dir='ltr'>ἐαυτοῦ</span> <span class='ocrx_word' id='word_1_763' title='bbox 1146 4974 1397 5042; x_wconf 77' lang='grc' dir='ltr'>σταυρὸν,</span> <span class='ocrx_word' id='word_1_764' title='bbox 1437 4975 1529 5025; x_wconf 77' lang='grc' dir='ltr'>καὶ</span> <span class='ocrx_word' id='word_1_765' title='bbox 1571 4974 1648 5043; x_wconf 81' lang='grc' dir='ltr'><strong>τῷ</strong></span> <span class='ocrx_word' id='word_1_766' title='bbox 1685 4975 1859 5042; x_wconf 81' lang='grc' dir='ltr'>Ἰησοῦ</span> 
     </span>
    </p>
   </div>
   <div class='ocr_carea' id='block_1_102' title="bbox 284 5059 1912 5139">
    <p class='ocr_par' dir='ltr' id='par_1_102' title="bbox 284 5059 1912 5139">
     <span class='ocr_line' id='line_1_102' title="bbox 284 5059 1912 5139; baseline -0.004 -18"><span class='ocrx_word' id='word_1_767' title='bbox 284 5068 624 5132; x_wconf 76' lang='grc' dir='ltr'>ἀκολουθεῖν,</span> <span class='ocrx_word' id='word_1_768' title='bbox 650 5071 711 5122; x_wconf 80' lang='grc' dir='ltr'>οὐ</span> <span class='ocrx_word' id='word_1_769' title='bbox 730 5071 887 5139; x_wconf 90' lang='grc' dir='ltr'>μόνος</span> <span class='ocrx_word' id='word_1_770' title='bbox 914 5066 1206 5127; x_wconf 81' lang='grc' dir='ltr'>Ματθαῖος,</span> <span class='ocrx_word' id='word_1_771' title='bbox 1240 5059 1300 5115; x_wconf 75' lang='grc' dir='ltr'><strong>οὗ</strong></span> <span class='ocrx_word' id='word_1_772' title='bbox 1337 5063 1435 5132; x_wconf 78' lang='grc' dir='ltr'>τὴν</span> <span class='ocrx_word' id='word_1_773' title='bbox 1456 5063 1597 5125; x_wconf 80' lang='grc' dir='ltr'>λέξιν</span> <span class='ocrx_word' id='word_1_774' title='bbox 1623 5064 1858 5133; x_wconf 66' lang='grc' dir='ltr'>παρεθέη</span> <span class='ocrx_word' id='word_1_775' title='bbox 1908 5110 1912 5114; x_wconf 92' lang='grc'>.</span> 
     </span>
    </p>
   </div>
   <div class='ocr_carea' id='block_1_103' title="bbox 288 5153 1858 5232">
    <p class='ocr_par' dir='ltr' id='par_1_103' title="bbox 288 5153 1858 5232">
     <span class='ocr_line' id='line_1_103' title="bbox 288 5153 1858 5232; baseline -0.006 -19"><span class='ocrx_word' id='word_1_776' title='bbox 288 5160 455 5232; x_wconf 81' lang='grc' dir='ltr'>μεθα,</span> <span class='ocrx_word' id='word_1_777' title='bbox 491 5159 820 5230; x_wconf 76' lang='grc' dir='ltr'>ἀνέγραψεν,</span> <span class='ocrx_word' id='word_1_778' title='bbox 883 5160 1017 5214; x_wconf 89' lang='grc' dir='ltr'><strong>ἀλλά</strong></span> <span class='ocrx_word' id='word_1_779' title='bbox 1063 5153 1155 5210; x_wconf 75' lang='grc' dir='ltr'><strong>καὶ</strong></span> <span class='ocrx_word' id='word_1_780' title='bbox 1202 5156 1433 5216; x_wconf 75' lang='grc' dir='ltr'>Λουκᾶς,</span> <span class='ocrx_word' id='word_1_781' title='bbox 1487 5154 1579 5205; x_wconf 71' lang='grc' dir='ltr'><strong>καὶ</strong></span> <span class='ocrx_word' id='word_1_782' title='bbox 1612 5154 1858 5223; x_wconf 76' lang='grc' dir='ltr'>Μάρκος.</span> 
     </span>
    </p>
   </div>
   <div class='ocr_carea' id='block_1_104' title="bbox 291 5240 1860 5320">
    <p class='ocr_par' dir='ltr' id='par_1_104' title="bbox 291 5240 1860 5320">
     <span class='ocr_line' id='line_1_104' title="bbox 291 5240 1860 5320; baseline -0.008 -13"><span class='ocrx_word' id='word_1_783' title='bbox 291 5255 495 5306; x_wconf 79' lang='grc' dir='ltr'>’Δκουε</span> <span class='ocrx_word' id='word_1_784' title='bbox 527 5250 634 5320; x_wconf 87' lang='grc' dir='ltr'><strong>γάρ</strong></span> <span class='ocrx_word' id='word_1_785' title='bbox 667 5252 849 5304; x_wconf 79' lang='grc' dir='ltr'>Λουκᾶ</span> <span class='ocrx_word' id='word_1_786' title='bbox 889 5252 1169 5318; x_wconf 78' lang='grc' dir='ltr'>λέγοντος·</span> <span class='ocrx_word' id='word_1_787' title='bbox 1211 5240 1317 5296; x_wconf 68' lang='grc' dir='ltr'><strong>ἓΕῑ</strong></span> <span class='ocrx_word' id='word_1_788' title='bbox 1359 5261 1442 5305; x_wconf 85' lang='grc' dir='ltr'><strong>τις</strong></span> <span class='ocrx_word' id='word_1_789' title='bbox 1473 5243 1639 5294; x_wconf 75' lang='grc' dir='ltr'>’θέλει</span> <span class='ocrx_word' id='word_1_790' title='bbox 1687 5245 1860 5294; x_wconf 75' lang='grc' dir='ltr'>ὀπίσω</span> 
     </span>
    </p>
   </div>
   <div class='ocr_carea' id='block_1_105' title="bbox 291 5335 1859 5416">
    <p class='ocr_par' dir='ltr' id='par_1_105' title="bbox 291 5335 1859 5416">
     <span class='ocr_line' id='line_1_105' title="bbox 291 5335 1859 5416; baseline -0.006 -21"><span class='ocrx_word' id='word_1_791' title='bbox 291 5361 398 5416; x_wconf 83' lang='grc' dir='ltr'><strong>μου</strong></span> <span class='ocrx_word' id='word_1_792' title='bbox 446 5341 717 5412; x_wconf 76' lang='grc' dir='ltr'>ἔρχεσθαι,</span> <span class='ocrx_word' id='word_1_793' title='bbox 767 5341 1093 5412; x_wconf 83' lang='grc' dir='ltr'>ἀρνησάσθω</span> <span class='ocrx_word' id='word_1_794' title='bbox 1141 5337 1351 5399; x_wconf 85' lang='grc' dir='ltr'>ἐαυτὸν,</span> <span class='ocrx_word' id='word_1_795' title='bbox 1388 5337 1481 5388; x_wconf 69' lang='grc' dir='ltr'>καὶ</span> <span class='ocrx_word' id='word_1_796' title='bbox 1527 5335 1712 5405; x_wconf 88' lang='grc' dir='ltr'>ἀράτω</span> <span class='ocrx_word' id='word_1_797' title='bbox 1769 5337 1859 5387; x_wconf 80' lang='grc' dir='ltr'><strong>τὸν</strong></span> 
     </span>
    </p>
   </div>
   <div class='ocr_carea' id='block_1_106' title="bbox 289 5426 1860 5505">
    <p class='ocr_par' dir='ltr' id='par_1_106' title="bbox 289 5426 1860 5505">
     <span class='ocr_line' id='line_1_106' title="bbox 289 5426 1860 5505; baseline -0.007 -17"><span class='ocrx_word' id='word_1_798' title='bbox 289 5434 526 5505; x_wconf 81' lang='grc' dir='ltr'>σταυρὸν</span> <span class='ocrx_word' id='word_1_799' title='bbox 577 5430 762 5494; x_wconf 76' lang='grc' dir='ltr'>αὑτοῦ,</span> <span class='ocrx_word' id='word_1_800' title='bbox 802 5433 896 5483; x_wconf 79' lang='grc' dir='ltr'><strong>καὶ</strong></span> <span class='ocrx_word' id='word_1_801' title='bbox 953 5429 1310 5485; x_wconf 87' lang='grc' dir='ltr'>ἀκολουθείτω</span> <span class='ocrx_word' id='word_1_802' title='bbox 1353 5442 1461 5497; x_wconf 92' lang='grc' dir='ltr'>μοι.</span> <span class='ocrx_word' id='word_1_803' title='bbox 1505 5428 1596 5489; x_wconf 81' lang='grc' dir='ltr'>’ος</span> <span class='ocrx_word' id='word_1_804' title='bbox 1639 5426 1745 5496; x_wconf 74' lang='grc' dir='ltr'><strong>γὰρ</strong></span> <span class='ocrx_word' id='word_1_805' title='bbox 1797 5427 1860 5478; x_wconf 85' lang='grc' dir='ltr'><strong>ἂν</strong></span> 
     </span>
    </p>
   </div>
   <div class='ocr_carea' id='block_1_107' title="bbox 366 5630 1416 5696">
    <p class='ocr_par' dir='ltr' id='par_1_107' title="bbox 366 5630 1416 5696">
     <span class='ocr_line' id='line_1_107' title="bbox 366 5630 1416 5696; baseline -0.005 -8"><span class='ocrx_word' id='word_1_806' title='bbox 366 5637 411 5668; x_wconf 84' lang='grc'><strong>³³</strong></span> <span class='ocrx_word' id='word_1_807' title='bbox 442 5633 632 5688; x_wconf 68' lang='lat' dir='ltr'><strong>Matth.</strong></span> <span class='ocrx_word' id='word_1_808' title='bbox 662 5647 754 5692; x_wconf 84' lang='lat' dir='ltr'><strong>vu,</strong></span> <span class='ocrx_word' id='word_1_809' title='bbox 785 5630 850 5684; x_wconf 75' lang='grc'><strong>2.·</strong></span> <span class='ocrx_word' id='word_1_810' title='bbox 919 5635 962 5665; x_wconf 85' lang='grc'><strong>¹⁶</strong></span> <span class='ocrx_word' id='word_1_811' title='bbox 997 5634 1015 5686; x_wconf 91' lang='lat' dir='ltr'><strong>l</strong></span> <span class='ocrx_word' id='word_1_812' title='bbox 1050 5634 1173 5688; x_wconf 82' lang='lat' dir='ltr'><strong>Cor.</strong></span> <span class='ocrx_word' id='word_1_813' title='bbox 1205 5650 1298 5696; x_wconf 92' lang='grc' dir='ltr'>ιιι,</span> <span class='ocrx_word' id='word_1_814' title='bbox 1328 5630 1416 5684; x_wconf 73' lang='grc'><strong>12.</strong></span> 
     </span>
    </p>
   </div>
   <div class='ocr_carea' id='block_1_108' title="bbox 373 5791 1723 5864">
    <p class='ocr_par' dir='ltr' id='par_1_108' title="bbox 373 5791 1723 5864">
     <span class='ocr_line' id='line_1_108' title="bbox 373 5791 1723 5864; baseline -0.007 -15"><span class='ocrx_word' id='word_1_815' title='bbox 373 5794 479 5864; x_wconf 76' lang='lat'><strong>(75)</strong></span> <span class='ocrx_word' id='word_1_816' title='bbox 505 5795 871 5862; x_wconf 75' lang='grc' dir='ltr'>Μιαίγοιμεν.</span> <span class='ocrx_word' id='word_1_817' title='bbox 905 5793 1004 5849; x_wconf 71' lang='lat' dir='ltr'><strong>Ms.</strong></span> <span class='ocrx_word' id='word_1_818' title='bbox 1037 5793 1225 5857; x_wconf 80' lang='lat' dir='ltr'><strong>codex,</strong></span> <span class='ocrx_word' id='word_1_819' title='bbox 1259 5792 1538 5862; x_wconf 81' lang='grc' dir='ltr'>μαίνομεν,</span> <span class='ocrx_word' id='word_1_820' title='bbox 1568 5791 1723 5843; x_wconf 88' lang='lat' dir='ltr'><strong>male.</strong></span> 
     </span>
    </p>
   </div>
   <div class='ocr_carea' id='block_1_109' title="bbox 1967 4885 3532 4954">
    <p class='ocr_par' dir='ltr' id='par_1_109' title="bbox 1967 4885 3532 4954">
     <span class='ocr_line' id='line_1_109' title="bbox 1967 4885 3532 4954; baseline -0.001 -14"><span class='ocrx_word' id='word_1_821' title='bbox 1967 4889 2057 4940; x_wconf 91' lang='lat' dir='ltr'><strong>det</strong></span> <span class='ocrx_word' id='word_1_822' title='bbox 2088 4886 2383 4954; x_wconf 83' lang='lat' dir='ltr'><strong>unicuique</strong></span> <span class='ocrx_word' id='word_1_823' title='bbox 2427 4890 2723 4941; x_wconf 87' lang='lat' dir='ltr'><strong>secundum</strong></span> <span class='ocrx_word' id='word_1_824' title='bbox 2753 4886 2912 4953; x_wconf 69' lang='lat' dir='ltr'><strong>epeia</strong></span> <span class='ocrx_word' id='word_1_825' title='bbox 2967 4888 3081 4954; x_wconf 90' lang='lat' dir='ltr'><strong>ejus</strong></span> <span class='ocrx_word' id='word_1_826' title='bbox 3101 4888 3165 4938; x_wconf 85' lang='lat'><strong>&quot;.</strong></span> <span class='ocrx_word' id='word_1_827' title='bbox 3197 4904 3215 4935; x_wconf 75' lang='grc' dir='ltr'><strong>ι</strong></span> <span class='ocrx_word' id='word_1_828' title='bbox 3251 4885 3403 4950; x_wconf 86' lang='lat' dir='ltr'><strong>Quod</strong></span> <span class='ocrx_word' id='word_1_829' title='bbox 3435 4902 3532 4949; x_wconf 81' lang='lat' dir='ltr'><strong>au—</strong></span> 
     </span>
    </p>
   </div>
   <div class='ocr_carea' id='block_1_110' title="bbox 1971 4980 3530 5046">
    <p class='ocr_par' dir='ltr' id='par_1_110' title="bbox 1971 4980 3530 5046">
     <span class='ocr_line' id='line_1_110' title="bbox 1971 4980 3530 5046; baseline -0.001 -14"><span class='ocrx_word' id='word_1_830' title='bbox 1971 4988 2077 5032; x_wconf 88' lang='lat' dir='ltr'><strong>tem</strong></span> <span class='ocrx_word' id='word_1_831' title='bbox 2107 4980 2343 5046; x_wconf 87' lang='lat' dir='ltr'><strong>seipsum</strong></span> <span class='ocrx_word' id='word_1_832' title='bbox 2378 4981 2651 5046; x_wconf 82' lang='lat' dir='ltr'><strong>abnegare</strong></span> <span class='ocrx_word' id='word_1_833' title='bbox 2681 4994 2901 5032; x_wconf 85' lang='lat' dir='ltr'><strong>necesse</strong></span> <span class='ocrx_word' id='word_1_834' title='bbox 2924 4981 3014 5044; x_wconf 86' lang='lat' dir='ltr'><strong>sit,</strong></span> <span class='ocrx_word' id='word_1_835' title='bbox 3042 4987 3094 5032; x_wconf 89' lang='lat' dir='ltr'><strong>et</strong></span> <span class='ocrx_word' id='word_1_836' title='bbox 3127 4993 3347 5032; x_wconf 89' lang='lat' dir='ltr'><strong>crucem</strong></span> <span class='ocrx_word' id='word_1_837' title='bbox 3375 4993 3530 5031; x_wconf 88' lang='lat' dir='ltr'><strong>suam</strong></span> 
     </span>
    </p>
   </div>
   <div class='ocr_carea' id='block_1_111' title="bbox 1971 5066 3536 5135">
    <p class='ocr_par' dir='ltr' id='par_1_111' title="bbox 1971 5066 3536 5135">
     <span class='ocr_line' id='line_1_111' title="bbox 1971 5066 3536 5135; baseline 0.001 -16"><span class='ocrx_word' id='word_1_838' title='bbox 1971 5068 2176 5128; x_wconf 89' lang='lat' dir='ltr'><strong>tollere,</strong></span> <span class='ocrx_word' id='word_1_839' title='bbox 2220 5077 2273 5120; x_wconf 83' lang='lat' dir='ltr'><strong>et</strong></span> <span class='ocrx_word' id='word_1_840' title='bbox 2306 5067 2490 5120; x_wconf 84' lang='lat' dir='ltr'><strong>Jesum</strong></span> <span class='ocrx_word' id='word_1_841' title='bbox 2532 5069 2709 5134; x_wconf 88' lang='lat' dir='ltr'><strong>sequi,</strong></span> <span class='ocrx_word' id='word_1_842' title='bbox 2745 5083 2852 5121; x_wconf 88' lang='lat' dir='ltr'><strong>non</strong></span> <span class='ocrx_word' id='word_1_843' title='bbox 2897 5068 3046 5120; x_wconf 88' lang='lat' dir='ltr'><strong>solus</strong></span> <span class='ocrx_word' id='word_1_844' title='bbox 3095 5066 3252 5133; x_wconf 89' lang='lat' dir='ltr'><strong>cujus</strong></span> <span class='ocrx_word' id='word_1_845' title='bbox 3283 5069 3536 5135; x_wconf 80' lang='lat' dir='ltr'><strong>apposui-</strong></span> 
     </span>
    </p>
   </div>
   <div class='ocr_carea' id='block_1_112' title="bbox 1969 5155 3533 5226">
    <p class='ocr_par' dir='ltr' id='par_1_112' title="bbox 1969 5155 3533 5226">
     <span class='ocr_line' id='line_1_112' title="bbox 1969 5155 3533 5226; baseline -0.001 -16"><span class='ocrx_word' id='word_1_846' title='bbox 1969 5173 2085 5210; x_wconf 90' lang='lat' dir='ltr'><strong>mus</strong></span> <span class='ocrx_word' id='word_1_847' title='bbox 2114 5157 2278 5209; x_wconf 80' lang='lat' dir='ltr'><strong>verba</strong></span> <span class='ocrx_word' id='word_1_848' title='bbox 2306 5156 2591 5209; x_wconf 77' lang='lat' dir='ltr'><strong>Mattlueus</strong></span> <span class='ocrx_word' id='word_1_849' title='bbox 2622 5157 2867 5226; x_wconf 85' lang='lat' dir='ltr'><strong>scripsit,</strong></span> <span class='ocrx_word' id='word_1_850' title='bbox 2895 5157 2986 5210; x_wconf 90' lang='lat' dir='ltr'><strong>sed</strong></span> <span class='ocrx_word' id='word_1_851' title='bbox 3020 5165 3079 5210; x_wconf 88' lang='lat' dir='ltr'><strong>et</strong></span> <span class='ocrx_word' id='word_1_852' title='bbox 3107 5155 3281 5210; x_wconf 85' lang='lat' dir='ltr'><strong>Lucas</strong></span> <span class='ocrx_word' id='word_1_853' title='bbox 3312 5166 3364 5208; x_wconf 90' lang='lat' dir='ltr'><strong>et</strong></span> <span class='ocrx_word' id='word_1_854' title='bbox 3393 5155 3533 5208; x_wconf 77' lang='lat' dir='ltr'><strong>Iar-</strong></span> 
     </span>
    </p>
   </div>
   <div class='ocr_carea' id='block_1_113' title="bbox 1966 5247 3533 5316">
    <p class='ocr_par' dir='ltr' id='par_1_113' title="bbox 1966 5247 3533 5316">
     <span class='ocr_line' id='line_1_113' title="bbox 1966 5247 3533 5316; baseline 0 -15"><span class='ocrx_word' id='word_1_855' title='bbox 1966 5265 2089 5303; x_wconf 89' lang='lat' dir='ltr'><strong>cus.</strong></span> <span class='ocrx_word' id='word_1_856' title='bbox 2137 5248 2275 5302; x_wconf 80' lang='lat' dir='ltr'><strong>Audi</strong></span> <span class='ocrx_word' id='word_1_857' title='bbox 2315 5250 2460 5301; x_wconf 88' lang='lat' dir='ltr'><strong>enim</strong></span> <span class='ocrx_word' id='word_1_858' title='bbox 2501 5248 2705 5303; x_wconf 89' lang='lat' dir='ltr'><strong>Lucam</strong></span> <span class='ocrx_word' id='word_1_859' title='bbox 2756 5251 3022 5304; x_wconf 89' lang='lat' dir='ltr'><strong>dicentem</strong></span> <span class='ocrx_word' id='word_1_860' title='bbox 3055 5264 3070 5301; x_wconf 88' lang='lat'><strong>:</strong></span> <span class='ocrx_word' id='word_1_861' title='bbox 3106 5249 3202 5302; x_wconf 67' lang='lat' dir='ltr'><strong>«Si</strong></span> <span class='ocrx_word' id='word_1_862' title='bbox 3245 5249 3367 5316; x_wconf 87' lang='lat' dir='ltr'><strong>quis</strong></span> <span class='ocrx_word' id='word_1_863' title='bbox 3421 5247 3533 5301; x_wconf 79' lang='lat' dir='ltr'><strong>vult</strong></span> 
     </span>
    </p>
   </div>
   <div class='ocr_carea' id='block_1_114' title="bbox 1968 5338 3529 5408">
    <p class='ocr_par' dir='ltr' id='par_1_114' title="bbox 1968 5338 3529 5408">
     <span class='ocr_line' id='line_1_114' title="bbox 1968 5338 3529 5408; baseline -0.003 -16"><span class='ocrx_word' id='word_1_864' title='bbox 1968 5349 2090 5405; x_wconf 87' lang='lat' dir='ltr'><strong>post</strong></span> <span class='ocrx_word' id='word_1_865' title='bbox 2121 5354 2204 5392; x_wconf 89' lang='lat' dir='ltr'><strong>me</strong></span> <span class='ocrx_word' id='word_1_866' title='bbox 2233 5339 2438 5404; x_wconf 86' lang='lat' dir='ltr'><strong>venire,</strong></span> <span class='ocrx_word' id='word_1_867' title='bbox 2478 5341 2709 5408; x_wconf 80' lang='lat' dir='ltr'><strong>abneget</strong></span> <span class='ocrx_word' id='word_1_868' title='bbox 2738 5341 3114 5408; x_wconf 86' lang='lat' dir='ltr'><strong>semetipsum,</strong></span> <span class='ocrx_word' id='word_1_869' title='bbox 3143 5349 3199 5392; x_wconf 88' lang='lat' dir='ltr'><strong>et</strong></span> <span class='ocrx_word' id='word_1_870' title='bbox 3226 5338 3377 5392; x_wconf 88' lang='lat' dir='ltr'><strong>tollat</strong></span> <span class='ocrx_word' id='word_1_871' title='bbox 3406 5351 3529 5390; x_wconf 62' lang='lat' dir='ltr'><strong>cru.</strong></span> 
     </span>
    </p>
   </div>
   <div class='ocr_carea' id='block_1_115' title="bbox 1969 5418 3532 5498">
    <p class='ocr_par' dir='ltr' id='par_1_115' title="bbox 1969 5418 3532 5498">
     <span class='ocr_line' id='line_1_115' title="bbox 1969 5418 3532 5498; baseline 0.001 -18"><span class='ocrx_word' id='word_1_872' title='bbox 1969 5445 2086 5482; x_wconf 86' lang='lat' dir='ltr'><strong>cem</strong></span> <span class='ocrx_word' id='word_1_873' title='bbox 2117 5445 2291 5490; x_wconf 87' lang='lat' dir='ltr'><strong>suam,</strong></span> <span class='ocrx_word' id='word_1_874' title='bbox 2319 5439 2373 5481; x_wconf 93' lang='lat' dir='ltr'><strong>et</strong></span> <span class='ocrx_word' id='word_1_875' title='bbox 2407 5441 2671 5498; x_wconf 86' lang='lat' dir='ltr'><strong>sequatur</strong></span> <span class='ocrx_word' id='word_1_876' title='bbox 2703 5418 2807 5485; x_wconf 77' lang='lat' dir='ltr'><strong>mc.</strong></span> <span class='ocrx_word' id='word_1_877' title='bbox 2837 5431 2936 5496; x_wconf 83' lang='lat' dir='ltr'><strong>Qui</strong></span> <span class='ocrx_word' id='word_1_878' title='bbox 2970 5431 3116 5483; x_wconf 88' lang='lat' dir='ltr'><strong>enim</strong></span> <span class='ocrx_word' id='word_1_879' title='bbox 3155 5428 3386 5484; x_wconf 65' lang='lat' dir='ltr'><strong>voluerit</strong></span> <span class='ocrx_word' id='word_1_880' title='bbox 3411 5426 3532 5481; x_wconf 75' lang='lat' dir='ltr'><strong>atti-</strong></span> 
     </span>
    </p>
   </div>
   <div class='ocr_carea' id='block_1_116' title="bbox 1495 5626 2458 5700">
    <p class='ocr_par' dir='ltr' id='par_1_116' title="bbox 1495 5626 2458 5700">
     <span class='ocr_line' id='line_1_116' title="bbox 1495 5626 2458 5700; baseline 0.006 -22"><span class='ocrx_word' id='word_1_881' title='bbox 1495 5628 1536 5660; x_wconf 80' lang='lat'>&quot;</span> <span class='ocrx_word' id='word_1_882' title='bbox 1577 5626 1765 5681; x_wconf 81' lang='lat' dir='ltr'><strong>Matth.</strong></span> <span class='ocrx_word' id='word_1_883' title='bbox 1805 5645 1886 5682; x_wconf 71' lang='grc' dir='ltr'>λγι</span> <span class='ocrx_word' id='word_1_884' title='bbox 1914 5667 1928 5691; x_wconf 93' lang='grc'><strong>,</strong></span> <span class='ocrx_word' id='word_1_885' title='bbox 1956 5631 2059 5694; x_wconf 61' lang='grc'><strong>24,</strong></span> <span class='ocrx_word' id='word_1_886' title='bbox 2097 5634 2185 5700; x_wconf 75' lang='lat'><strong>25,</strong></span> <span class='ocrx_word' id='word_1_887' title='bbox 2217 5632 2288 5686; x_wconf 72' lang='grc'>26</span> <span class='ocrx_word' id='word_1_888' title='bbox 2312 5671 2327 5697; x_wconf 93' lang='grc'><strong>,</strong></span> <span class='ocrx_word' id='word_1_889' title='bbox 2365 5630 2458 5684; x_wconf 71' lang='lat'><strong>27.</strong></span> 
     </span>
    </p>
   </div>
   <div class='ocr_carea' id='block_1_117' title="bbox 2029 5790 2774 5864">
    <p class='ocr_par' dir='ltr' id='par_1_117' title="bbox 2029 5790 2774 5864">
     <span class='ocr_line' id='line_1_117' title="bbox 2029 5790 2774 5864; baseline 0.009 -23"><span class='ocrx_word' id='word_1_890' title='bbox 2029 5791 2143 5860; x_wconf 79' lang='lat' dir='ltr'><strong>(7G)</strong></span> <span class='ocrx_word' id='word_1_891' title='bbox 2171 5791 2291 5854; x_wconf 64' lang='grc' dir='ltr'><strong>δίδη</strong></span> <span class='ocrx_word' id='word_1_892' title='bbox 2325 5790 2578 5864; x_wconf 77' lang='grc' dir='ltr'>κελδήσῃ,</span> <span class='ocrx_word' id='word_1_893' title='bbox 2612 5790 2774 5848; x_wconf 71' lang='lat' dir='ltr'><strong>male.</strong></span> 
     </span>
    </p>
   </div>
  </div>
