4132 6314
291 409 395 466 sst
1398 377 1844 446 EXiIORTATiO
1881 384 1973 438 AD
2011 375 2433 437 MARTYRIUM
3429 373 3566 432 δεῖ..

293 533 484 594 ροντες
535 513 623 568 τὸν
670 511 900 583 σταυρὸν
940 476 1115 563 ὀπίσω
1157 505 1252 560 τοῦ
1295 503 1470 576 Ἰησοῦ
1523 499 1869 594 ἀκολουθῆτε,
1903 538 1910 558 λ

2008 509 2152 558 uros,
2180 507 2281 546 nec
2320 491 2677 564 descensuros
2708 492 2832 554 post
2876 483 3024 537 illam
3069 483 3456 554 cognitionem,
3490 486 3538 541 si

291 577 360 676 ὃν
383 627 402 661 ι
428 577 623 677 ἔγαμεν
652 577 914 674 ἀρχιερέα
958 601 1129 671 μέγαν
1172 595 1520 666 διεληλυθότα
1561 594 1686 654 τοὺς
1709 593 1870 661 οὐρα⁴

2008 601 2152 640 esum
2201 582 2415 637 sublata
2452 593 2616 633 cruce
2663 577 2994 646 sequamini,
3025 591 3186 646 quem
3224 594 3244 629 ι
3270 578 3541 633 habemus

294 667 493 759 νούςίί
528 696 637 748 Καὶ
681 694 854 756 αὐτοὶ,
888 692 987 744 οὐκ
1028 688 1383 756 ἀφιστάμενοι
1425 686 1532 737 τῶν
1577 684 1750 735 ὀπίσω
1780 682 1874 732 αὑ-

2010 675 2285 728 untiiicem
2340 686 2596 739 magnum
2650 669 2742 743 qui
2796 669 3106 736 penetravit
3134 667 3387 722 cmlos“.
3418 686 3438 721 ι
3475 667 3545 723 Ει

296 787 421 848 τοῦ,
448 783 784 838 διελεύσεσθε
805 783 932 842 τοὺς
968 779 1252 849 οὐρανοὺς,
1279 778 1337 827 οὐ
1367 775 1523 844 μόνον
1537 774 1632 826 καὶ
1657 773 1725 824 τά
1745 773 1874 841 περὶ

301 878 410 945 γῆν
443 875 714 945 μυστήρια
737 870 1174 940 ὑπερϐαίνοντες,
1213 866 1348 918 ἀλλὰ
1374 865 1466 917 καὶ
1493 863 1754 934 οὐρανοὺς
1781 863 1876 914 καὶ

304 967 377 1019 τὰ
398 965 526 1034 περὶ
552 962 747 1016 αὐτῶν.
782 961 928 1013 Ἐστι
947 960 1054 1028 γὰρ
1078 959 1134 1009 ὲν
1154 956 1232 1026 τῷ
1261 955 1379 1024 Θεῷ
1436 953 1875 1022 ὲναποτεθησαυ-

312 1055 547 1124 ρισμένα
581 1049 757 1119 πολλῷ
792 1044 1013 1119 μείζονα
1064 1045 1265 1101 τούτων
1312 1045 1582 1113 θεάματα,
1611 1042 1768 1095 ἆτινα
1796 1042 1880 1092 ς’»-

313 1142 476 1209 δεμτα
515 1141 674 1209 φύσις
710 1139 817 1193 τῶν
867 1142 924 1192 ὲν
964 1139 1171 1209 σώματι
1214 1138 1296 1209 μὴ
1344 1139 1603 1209 πρότερον
1642 1135 1885 1189 ἀπαλλι-

318 1233 477 1298 γεῖσα
527 1229 774 1299 σώματος
823 1231 1070 1300 χωρῆσαι
1115 1229 1356 1281 δύναται.
1405 1225 1883 1295 Πέπεισμαικγάρ,

317 1323 402 1375 ὃτι
437 1315 511 1374 ὧν
552 1318 690 1374 εἶδεν
731 1322 881 1390 ἥλιος
909 1313 1004 1372 καὶ
1045 1320 1240 1389 σελήνη
1263 1357 1277 1379 ,
1317 1320 1411 1372 καὶ
1449 1321 1477 1371 ὁ
1502 1319 1616 1370 ’τῶν
1645 1317 1887 1387 ἀστέρων

322 1412 501 1484 χορὸς,
531 1411 664 1464 ἀλλὰ
694 1413 785 1463 καὶ
811 1409 1054 1478 ἀγγέλων
1083 1411 1273 1478 ἁγίων,
1308 1409 1680 1478 οὒς-ἐποίησεν
1707 1410 1735 1460 ὁ
1758 1394 1889 1470 Θεὸς

327 1518 348 1552 ι
385 1498 600 1568 πνεῦμα
632 1500 724 1550 καὶ
765 1498 934 1568 πυρὸς
963 1497 1164 1564 φλόγα,
1208 1515 1226 1546 ι
1262 1496 1439 1564 πολλῷ
1473 1497 1694 1565 μείζονα
1733 1513 1892 1563 ταμι-

324 1579 509 1643 εύεται
541 1589 634 1642 καὶ
671 1591 826 1659 τηρεῖ
857 1587 985 1657 παρ’
1014 1586 1191 1654 ἑαυτῷ
1217 1587 1246 1638 ὁ
1275 1587 1426 1647 Θεὸς,
1455 1586 1540 1638 ἵνα
1565 1585 1703 1639 αὐτὰ
1732 1602 1893 1654 φανε-

327 1678 685 1750 ρὼσῃ,.ὃταν
721 1696 737 1727 ι
778 1678 926 1729 πᾶσα
973 1677 1006 1746 ὴ
1051 1675 1227 1736 κτίσις
1270 1674 1603 1745 ὲλευθερωθῇ
1645 1676 1752 1727 ἀπὸ
1795 1675 1894 1744 τῆς

1975 782 2068 819 vos
2098 767 2278 832 itaque
2322 763 2367 815 si
2392 761 2468 816 ab
2509 761 2628 829 ejus
2659 758 2918 812 comitatu
2950 757 3113 828 283
3152 772 3258 812 non
3294 771 3542 812 recesse-

1977 857 2118 918 ritis,
2170 851 2532 921 penetrabitis
2581 850 2775 910 caelos,
2814 863 2921 902 nou
2987 847 3269 902 terrestria
3332 855 3545 901 tantum

1978 943 2261 1013 mysteria,
2296 940 2391 994 sed
2424 940 2592 994 coalos
2620 938 2786 992 etiam
2824 946 2876 990 ct
2905 937 3149 992 cmlestia
3183 953 3415 1006 quaeque
3449 954 3545 991 su-

1955 1041 2254 1102 .perantes.
2297 1031 2438 1084 Sunt
2483 1033 2629 1084 enim
2673 1033 2724 1084 in
2757 1030 2866 1082 Deo
2897 1030 3043 1081 velut
3091 1030 3144 1082 in
3180 1029 3440 1083 thesauro
3469 1046 3551 1084 re-

1980 1123 2200 1178 condita
2256 1121 2428 1175 multo
2479 1119 2566 1174 his
2602 1119 2812 1190 majora
2864 1117 3198 1187 spectacula,
3232 1134 3359 1187 qua;
3405 1120 3551 1183 nulla

1982 1213 2258 1267 inlmrens
2289 1213 2506 1281 corpori
2539 1220 2737 1264 natura
2786 1224 2979 1279 capere
3031 1217 3228 1277 potest,
3263 1210 3367 1264 nisi
3401 1209 3554 1279 prius

1982 1320 2013 1359 a
2045 1317 2275 1375 corpore
2323 1311 2538 1356 secreta
2569 1303 2660 1375 sit.
2703 1301 2812 1355 Nec
2867 1301 3012 1354 enim
3040 1300 3240 1354 .dubito
3288 1301 3373 1354 his
3421 1316 3546 1370 qua:

1984 1395 2061 1450 sol
2090 1396 2257 1459 videt,
2287 1409 2404 1462 qua:
2430 1393 2578 1455 luna,
2605 1407 2725 1458 quae
2748 1392 2988 1445 siderum
3020 1392 3248 1457 chorus,
3276 1392 3384 1446 imo
3434 1407 3555 1460 qua:

1985 1485 2186 1538 chorus
2218 1493 2534 1537 sanctorum
2569 1481 2882 1550 angelorum
2903 1496 3042 1549 quos
3067 1481 3197 1536 fecit
3227 1483 3368 1535 Deus
3398 1501 3417 1534 ι
3442 1484 3550 1550 spi-

1987 1575 2153 1627 ritum
2183 1584 2237 1628 et
2278 1573 2547 1626 ﬂammam
2579 1573 2721 1639 ignis
2745 1568 2849 1639 ’⁵,ι
2889 1572 3058 1626 multo
3110 1573 3318 1641 majora
3365 1588 3559 1628 recon-

1989 1665 2119 1718 dere
2147 1661 2290 1732 apud
2320 1677 2399 1726 se,
2433 1671 2486 1716 et
2521 1677 2810 1716 reservare
2841 1657 3032 1720 Deum.
3069 1671 3196 1730 quae
3230 1671 3362 1715 tunc
3396 1661 3560 1715 exhi-

323 1749 567 1827 δουλείας
593 1766 690 1834 τῆς
728 1766 960 1835 φθορᾶς,
993 1765 1072 1826 εἰς
1108 1765 1203 1834 τὴν
1248 1763 1555 1833 ἐλευθερίαν
1595 1763 1696 1830 τῆς
1736 1761 1894 1831 δόξης

2008 1760 2138 1813 )eat,
2170 1766 2287 1804 cum
2329 1767 2347 1800 ι
2368 1750 2548 1802 omnis
2581 1759 2834 1802 creatura
2870 1750 3103 1803 liberata
3133 1749 3298 1804 fuerit
3325 1765 3354 1803 a
3381 1751 3562 1806 servi-

324 1855 434 1908 τῶν
463 1855 665 1907 τέκνων
697 1852 789 1905 τοῦ
817 1852 973 1905 Θεοῦ.
1013 1871 1034 1904 ι

397 2019 486 2071 Σοὶ
504 2017 580 2083 δὲ,
608 2017 719 2086 ίερὲ
756 2014 1066 2084 Ἀμὸρόσιε,
1088 2015 1308 2067 ὲνιδόντι
1330 2012 1710 2084 ὲξητασμὲνως
1731 2012 1894 2082 εὐαγ-

324 2108 515 2176 γελικῇ
543 2107 714 2175 φωνῇ,
751 2104 1016 2174 πάρεστιν
1054 2105 1201 2169 ίδεῖν,
1230 2105 1306 2167 ὡς
1339 2105 1448 2174 ἄρα
1471 2105 1612 2173 τάχα
1644 2103 1677 2174 ἢ
1721 2103 1895 2167 οὐδεὶς
1947 2104 1951 2108 ’

321 2199 434 2250 τῶν
464 2198 704 2261 πώποτε,
738 2197 771 2266 ἢ
805 2198 943 2249 πάνυ
974 2196 1143 2263 ὀλίγοι
1174 2194 1384 2265 χύσεως
1412 2193 1758 2266 μακαρισμοῦ
1787 2194 1898 2246 ἐπι-

324 2288 604 2353 τεύξονται
645 2287 923 2359 ἐξαιρέτου
951 2287 1096 2349 τινὸς
1148 2289 1242 2339 καὶ
1300 2285 1542 2347 πλείονος
1567 2324 1581 2347 ,
1612 2275 1689 2337 ’ὲν
1731 2271 1899 2354 ὁποίῳ

327 2379 431 2450 ἔσῃ
458 2381 550 2432 καὶ
584 2379 670 2442 σὺ,
701 2379 747 2429 εἰ
774 2377 862 2430 τὸν
889 2377 1074 2445 ἀγῶνα
1100 2375 1434 2458 ἀδιστρκτως
1460 2374 1736 2444 διανήξαιο
1765 2373 1898 2444 (80).

326 2469 412 2521 Τὰ
443 2468 499 2520 δὲ
533 2469 750 2538 ῥήματα
777 2465 948 2529 οὕτως
985 2466 1116 2535 ἔχει.
1175 2465 1231 2517 Ὀ
1259 2465 1462 2533 Πέτρος
1497 2458 1617 2515 εἶπέ
1650 2479 1779 2515 ποτε
1825 2463 1902 2532 τῷ

327 2555 577 2624 Σωτῆρι·
616 2573 635 2605 ι
684 2554 813 2606 Ἰδοὺ
853 2555 1011 2623 ἡμεῖς
1034 2553 1323 2622 ἀφήκαμεν
1351 2552 1526 2604 πάντα
1555 2550 1649 2602 καὶ
1681 2551 1904 2618 ἠκολου-

329 2641 578 2713 Οὴσαμέν
620 2660 702 2695 σοι
726 2659 739 2671 ·
781 2642 832 2698 τί
871 2641 977 2710 ἄρα
1013 2640 1164 2692 ἔσται
1190 2643 1352 2710 mai");
1392 2639 1450 2692 Ὀ
1477 2640 1534 2692 δὲ
1577 2638 1779 2710 Ἰησοῦς
1822 2637 1901 2690 εἷ-

330 2749 433 2785 πεν
486 2733 692 2795 αὐτοῖς,
750 2751 769 2783 ι
817 2731 1060 2799 δηλονότι
1095 2733 1208 2793 τοῖς
1249 2730 1597 2793 ἀποστόλοις·
1662 2748 1681 2779 ι
1734 2728 1904 2798 Ἀμὴν

331 2823 478 2890 λέγω
509 2824 634 2892 ὑμῖν
654 2862 668 2885 ,
702 2824 784 2875 ὅτι
817 2823 974 2890 ὑμεῖς
1000 2823 1048 2874 οἱ
1078 2821 1541 2892 ἀκολουθήσαντές
1573 2810 1661 2890 μοι
1687 2858 1702 2882 ,
1737 2821 1795 2873 ὲν
1835 2819 1902 2888 τῇ

332 2911 743 2981 παλιγγενεσία,
793 2906 921 2963 ὅταν
954 2907 1150 2979 καθίσῃ
1183 2912 1212 2961 ό
1234 2909 1366 2971 Θεὸς
1400 2911 1493 2961 ἐπὶ
1529 2910 1716 2980 θρόνου
1750 2909 1905 2979 δόξης

334 3000 532 3064 αὐτοῦ,
583 2998 883 3069 καθήσεσθε
927 3000 1022 3050 καὶ
1060 2998 1215 3050 αὐτοὶ
1257 2999 1349 3048 ἐπὶ
1390 2997 1609 3068 θρόνους
1660 2999 1864 3052 δώδεκα
1888 3039 1904 3064 ,

335 3090 612 3160 κρίνοντες
646 3088 745 3150 τὰς
787 3086 994 3140 δώδεκα
1026 3087 1198 3153 φυλὰς
1232 3087 1327 3138 τοῦ
1367 3088 1612 3156 Ἰσραήλ·
1655 3088 1749 3139 καὶ
1798 3089 1906 3151 πᾶς

336 3151 486 3239 ὅστις
506 3177 713 3244 ἀφῆκεν
740 3174 1014 3242 ἀδελφοὺς,
1103 3172 1355 3240 ἀδελφάς,
1387 3173 1418 3242 ἢ
1444 3151 1638 3239 γονεῖς,
1665 3174 1697 3242 ἢ
1723 3173 1906 3236 τέκνα,
1935 3151 1978 3206 C

337 3269 374 3337 ἢ
403 3267 623 3336 ἀγροὺς,
655 3267 688 3336 ἢ
720 3266 895 3327 οἰκίας
924 3266 1107 3317 ἕνεκεν
1137 3263 1229 3316 τοῦ
1262 3265 1522 3333 ὀνόματός
1551 3282 1671 3334 μου,
1715 3265 1913 3316 πολλα-

335 3355 607 3407 πλασίονα
632 3353 880 3422 λήψεται,
909 3352 1003 3406 καὶ
1025 3351 1170 3422 (ζωὴν
1194 3350 1407 3404 αἰώνιον
1435 3352 1844 3422 κληρονομήσει.
1888 3371 1907 3403 ι

335 3441 560 3494 Τούτων
587 3440 696 3507 (81)
721 3442 776 3492 δὲ
795 3441 977 3491 ἕνεκεν
999 3439 1106 3491 τῶν
1130 3439 1305 3508 ῥητῶν
1321 3439 1570 3508 ηὐξάμην
1593 3439 1658 3492 ἂν
1681 3439 1913 3491 τοσαῦτα

337 3530 684 3601 κτησάμενος
741 3530 832 3579 ἐπὶ
872 3529 996 3596 γῆς,
1053 3529 1224 3599 ὁπόσα
1276 3528 1438 3596 ἔχεις,
1492 3528 1525 3597 ἢ
1572 3530 1666 3581 καὶ
1711 3530 1914 3580 τούτων

338 3620 587 3681 πλείονα,
629 3616 879 3685 γενέσθαι
924 3616 1130 3686 μάρτυς
1158 3618 1214 3668 ὲν
1255 3617 1472 3686 Χριστῷ
1512 3617 1590 3686 τῷ
1622 3618 1775 3686 Θεῷ,
1830 3619 1914 3671 ἵνα

339 3710 781 3780 πολλαπλασίονα
811 3705 978 3770 λάϐω,
1008 3707 1063 3776 ἢ,
1092 3708 1166 3768 ὡς
1199 3709 1226 3759 ὁ
1252 3707 1476 3776 Μάρκος
1509 3708 1692 3776 φησὶν,
1727 3726 1744 3758 ι
1785 3709 1914 3767 ἐκα-

339 3800 794 3866 ⁴εᾳᾏνιῖαπλασίονα.
831 3818 850 3850 ι
886 3798 1071 3868 Πολλῷ
1099 3798 1322 3850 πλείονά
1346 3800 1512 3862 ἐστιν,
1540 3797 1733 3866 όλίγών
1760 3800 1918 3850 ὁποῖα

342 3891 766 3961 καταλείψομεν,
800 3892 894 3944 ἐὰν
921 3892 1013 3943 ἐπὶ
1043 3889 1336 3959 μαρτύριον
1363 3889 1665 3959 κληθῶμεν,
1695 3891 1917 3943 ἑκατον-

344 3982 887 4050 ταπλασιαζομένων.
931 3981 1130 4034 Τούτου
1173 3980 1230 4032 δὲ
1269 3981 1453 4033 ἕνεκεν
1477 4020 1491 4043 ,
1533 3982 1580 4033 εἰ
1623 3982 1917 4051 μαρτυρῶ,

347 4070 649 4141 ἐϐουλόμην
681 4071 775 4142 καὶ
806 4069 970 4123 τέκνα
996 4072 1310 4123 καταλιπεῖν
1351 4070 1486 4140 μετὰ
1513 4072 1695 4140 ἀγρῶν
1725 4074 1817 4124 καὶ
1847 4075 1922 4125 oi-

345 4161 511 4226 κιῶν,
539 4163 624 4214 ἵνα
657 4163 810 4231 παρὰ
835 4162 912 4231 τῷ
943 4161 1060 4230 Θεῷ
1088 4162 1182 4214 καὶ
1211 4162 1385 4231 Πατρὶ
1407 4161 1498 4214 τοῦ
1524 4163 1727 4232 Κυρίου
1768 4163 1922 4232 ἡμῶν

365 4247 542 4317 Ἰησοῦ
584 4249 840 4318 Χριστοῦ,
892 4267 910 4300 ι
948 4249 1006 4314 ἐξ
1052 4244 1112 4302 οὗ
1157 4252 1304 4302 πᾶσα
1344 4250 1545 4318 πατριὰ
1587 4251 1645 4302 ὲν
1677 4251 1924 4320 οὐρανοῖς

352 4337 452 4390 καὶ
475 4337 571 4388 ἐπὶ
593 4338 693 4406 γῆς
717 4337 1056 4406 ὀνομάζεται,
1092 4357 1111 4388 ι
1141 4338 1611 4414 πολλαπλασιόνων
1649 4340 1742 4389 καὶ
1768 4340 1925 4404 ἁγιω-

1923 1820 1965 1874 B
1999 1851 2110 1893 tute
2165 1839 2535 1908 corruptionis
2593 1839 2646 1891 in
2707 1838 3018 1892 libertatem
3077 1834 3266 1906 gloria:
3326 1839 3563 1894 ﬁliorum

1996 1930 2088 1983 Dei
2109 1931 2173 1983 η.
2203 1949 2220 1981 υ
3075 1980 3086 1989 _

2065 2004 2154 2071 ιι.
2189 2017 2268 2071 'l‘u
2302 2031 2450 2080 vero,
2478 2016 2934 2082 sacerjAmbrosi,
2969 2017 3011 2070 si
3039 2017 3378 2086 evangelieas
3405 2032 3567 2072 voces

1997 2110 2301 2164 accuratius
2334 2106 2654 2174 inspexeris,
2697 2105 2858 2158 facile
2890 2107 3096 2162 videbis
3145 2118 3240 2162 aut
3291 2109 3566 2162 neminem

1996 2215 2184 2254 eorum
2217 2197 2308 2268 qui
2343 2197 2576 2256 fuerunt,
2612 2205 2705 2246 aut
2740 2209 2941 2261 paucos
2974 2196 3259 2250 admodum
3305 2197 3568 2251 eximium

2000 2300 2053 2344 et
2089 2303 2336 2357 magnum
2371 2286 2604 2353 aliquem
2661 2286 3008 2338 beatitudinis
3056 2287 3329 2340 cumulum
3375 2301 3571 2342 conse-

2000 2391 2244 2443 cuturos,
2272 2377 2484 2446 qualem
2520 2385 2572 2428 tu
2610 2377 2932 2443 assequeris,
2971 2376 3014 2429 si
3048 2385 3322 2430 certamen
3353 2377 3573 2431 indubi-

2004 2479 2178 2526 tanter
2211 2467 2615 2538 pertransieris.
2651 2465 2826 2520 Verba
2865 2476 3042 2520 autem
3080 2468 3195 2533 ipsa
3233 2468 3314 2522 sic
3346 2468 3570 2526 habent.

2002 2562 2195 2615 Petrus
2228 2560 2514 2626 aliquando
2549 2559 2686 2636 dixit
2718 2557 2992 2612 Servatori
3031 2575 3045 2610 :
3083 2576 3100 2607 ι
3141 2558 3282 2615 Ecce
3318 2575 3416 2621 nos
3448 2559 3576 2614 reli-

2003 2652 2228 2719 quimus
2260 2652 2442 2704 omnia
2484 2661 2538 2704 et
2563 2649 2739 2724 secuti
2773 2662 2960 2701 sumus
3013 2657 3062 2700 te
3098 2665 3114 2700 :
3148 2649 3275 2724 quid
3309 2663 3439 2717 ergo
3472 2651 3579 2703 erit

2004 2743 2200 2797 nobis?
2257 2739 2414 2796 Jesus
2462 2750 2640 2816 autem
2685 2740 2824 2794 dixit
2844 2741 2955 2803 eis,
2979 2758 2999 2792 ι
3038 2722 3294 2806 apostolis
3318 2740 3575 2795 scilicet:

2011 2851 2028 2883 ι
2067 2832 2234 2884 Arnen
2269 2831 2388 2884 dico
2422 2829 2597 2892 vobis,
2623 2831 2771 2897 quod
2801 2845 2896 2890 vos
2928 2829 3020 2897 qui
3067 2834 3243 2883 secuti
3285 2832 3420 2884 estis
3469 2846 3578 2896 me,

2005 2921 2057 2974 in
2097 2917 2659 2991 regeneratione'cunb
2711 2917 2912 2972 sederit
2957 2917 3097 2972 Deus
3132 2917 3186 2992 in
3219 2919 3348 2973 sede
3393 2919 3580 2988 gloria:

2007 3025 2140 3073 sure,
2163 3009 2436 3085 sedebitis
2458 3017 2512 3063 et
2548 3002 2650 3075 ipsi
2671 3022 2837 3080 super
2869 2994 3407 3063 thronos-duodecim
3437 3009 3582 3080 judi-

2011 3111 2196 3157 cantes
2230 3102 2508 3180 duodecim
2526 3100 2699 3154 tribus
2718 3098 2902 3154 Israel.
2927 3099 2993 3154 Et
3023 3104 3202 3158 omnis
3227 3104 3315 3171 qui
3350 3101 3582 3174 relique-

2013 3194 2084 3246 rit
2111 3191 2310 3246 fratres
2343 3200 2436 3244 aut
2464 3205 2714 3258 sorores,
2756 3198 2850 3245 aut
2891 3201 3166 3261 parentes,
3211 3203 3308 3248 aut
3357 3193 3580 3259 liberos,

2015 3290 2109 3334 aut
2143 3297 2322 3352 agros,
2356 3292 2448 3336 aut
2481 3286 2668 3338 domos
2701 3292 2919 3353 propter
2952 3290 3144 3336 nomen
3181 3299 3381 3349 meum,
3413 3286 3585 3339 multo

2014 3371 2508 3446 plurimajaccipiet
2533 3380 2587 3427 et
2619 3374 2786 3427 vitam
2821 3385 3079 3426 mternam
3115 3373 3413 3440 possidebit
3447 3375 3516 3428 ".
3563 3393 3581 3425 ι

2018 3461 2219 3515 Horum
2253 3477 2353 3531 ego
2384 3465 2673 3516 verborum
2703 3477 2862 3516 causa
2895 3463 3126 3530 optarim
3173 3472 3252 3517 tot
3292 3462 3450 3518 bonis
3502 3464 3584 3517 af-

2018 3550 2183 3624 ﬂuere
2215 3561 2347 3619 quot
2375 3559 2451 3613 tu,
2485 3561 2578 3603 attt
2618 3553 2780 3604 etiam
2833 3552 3110 3618 pluribus,
3157 3562 3211 3605 et
3265 3554 3345 3607 sie
3380 3567 3589 3625 martyr

2017 3654 2140 3694 esse
2174 3640 2282 3693 Deo
2309 3641 2362 3693 in
2397 3640 2635 3703 Christo,
2666 3654 2773 3707 quo
2807 3640 3080 3694 multoties
3112 3640 3262 3708 plura
3298 3642 3585 3710 accipiam,

2019 3740 2134 3792 aut,
2169 3741 2228 3782 ut
2258 3728 2471 3802 Marcus
2506 3730 2604 3796 ait,
2662 3747 2683 3781 ι
2725 3731 3043 3799 centuplicia
3071 3731 3137 3783 ⁸³.
3181 3748 3202 3782 ι
3252 3729 3435 3800 Longe
3466 3733 3589 3802 plu-

2021 3823 2158 3875 rima
2191 3829 2334 3884 sunt,
2371 3798 2561 3895 paucis
2586 3819 2691 3872 illis
2717 3833 2836 3888 qua:
2863 3798 3230 3887 relinquemus
3260 3819 3306 3875 si
3334 3798 3400 3875 ad
3439 3798 3589 3876 mar-

2025 3910 2221 3979 tyrium
2244 3909 2450 3964 erimus
2486 3895 2659 3962 yocati
2688 3952 2702 3975 ,
2746 3911 2950 3965 centies
2997 3912 3384 3979 multiplicatis.
3440 3913 3591 3978 Qua-

2023 4011 2237 4072 propter
2269 4001 2316 4054 si
2350 4008 2555 4069 martyr
2586 4001 2760 4064 fuero,
2791 4000 2948 4052 velim
2973 4009 3026 4055 et
3055 4001 3257 4057 liberos
3283 4002 3592 4072 relinquere

2025 4103 2079 4146 et
2110 4107 2268 4160 agros
2290 4099 2344 4144 et
2365 4091 2572 4154 domos,
2604 4099 2662 4143 ut
2687 4090 2826 4154 apud
2858 4091 3021 4144 Deum
3049 4101 3102 4146 et
3132 4090 3344 4145 Patrem
3377 4093 3590 4147 Domini

2026 4185 2195 4251 nostri
2227 4179 2352 4233 Jesu
2376 4179 2571 4233 Christi
2603 4197 2624 4229 ι
2657 4193 2685 4240 a
2713 4194 2818 4248 quo
2841 4180 3018 4234 omnis
3046 4181 3341 4248 paternitas
3370 4181 3423 4235 in
3449 4182 3590 4238 cmlo

2028 4281 2081 4322 et
2113 4270 2166 4323 in
2202 4269 2361 4323 terris
2412 4267 2724 4322 nominatur
2770 4270 2836 4333 ⁸³,
2876 4288 2896 4322 ι
2936 4272 3104 4325 multo
3146 4271 3503 4340 plurimorum
3537 4281 3593 4327 et

2031 4360 2362 4413 sanctiorem
2390 4353 2684 4411 liberorum
2716 4369 2868 4426 pater
2900 4359 3073 4424 dicar,
3105 4369 3233 4426 aut,
3272 4368 3331 4416 ut
3373 4361 3594 4418 deﬁnite

351 4430 531 4499 τέρων
573 4429 774 4480 τέκνων
803 4427 1122 4518 χρηματίσω
1164 4426 1372 4518 πατὴρ,
1407 4427 1476 4494 ἢ,
1511 4428 1576 4479 ἵν’
1613 4428 1926 4497 ὡρισμένως
1961 4459 2001 4512 D
2031 4449 2227 4515 dicam,
2258 4449 2648 4518 (τεηιιψιοῃηηο

355 4520 520 4580 εἴπω,
543 4516 1106 4596 ὲ-κατονταπλασιόνων
1133 4516 1264 4585 (82).
1832 4562 1835 4563 ,

445 4588 662 4660 Tib-65
678 4624 760 4669 τις
782 4606 1022 4675 ὡσπερεὶ
1043 4588 1228 4676 ’ζηλῶν
1254 4606 1565 4678 χαρίσματα
1589 4606 1657 4657 τὰ
1686 4606 1926 4676 μείζονα,

357 4697 458 4752 καὶ
513 4695 826 4766 μακαρίζων
864 4694 1148 4758 πλουσίους
1191 4697 1504 4765 μάρτυρας,
1548 4698 1642 4748 καὶ
1692 4697 1930 4767 πατέρας

363 4788 648 4858 μάρτυρας
671 4784 1190 4857 ἑκατονταπλασίονα
1228 4787 1578 4854 γεννησοντας
1605 4786 1716 4853 (83)
1746 4787 1928 4848 τέκνα,

363 4880 462 4931 καὶ
511 4875 1061 4938 ἑκατονταπλασίονας
1100 4877 1299 4946 ἀγροὺς
1349 4863 1658 4961 animum;
1696 4880 1930 4948 ληψομέ-

363 4966 711 5037 νουςιζητεῖ,
740 4968 788 5018 εἰ
813 4966 1046 5032 εὐλόγως
1070 4967 1265 5018 ἐκεῖνοι
1295 4966 1444 5034 παρὰ
1470 4969 1595 5028 τοὺς
1623 4969 1681 5018 ὲν
1711 4967 1822 5037 βίῳ·
1847 4968 1936 5019 πέ-

363 5071 536 5126 νητας
559 5058 839 5128 μάρτυρας
864 5053 975 5124 (84)
1015 5052 1584 5123 πολυπλασιαζομένην
1622 5054 1798 5117 ἕξουσι
1840 5055 1938 5124 τὴν

402 5160 408 5165 ’
445 5163 663 5232 ιηιιει).
690 5180 763 5232 tv,
798 5165 886 5220 Η.
959 5166 1006 5198 ³⁸
1031 5163 1172 5231 Psal.
1201 5179 1310 5231 etv,
1338 5164 1394 5217 4'.
1470 5165 1515 5196 ⁸⁸
1547 5163 1706 5217 Rom.
1738 5181 1854 5229 vnt,
1877 5164 1968 5219 21.

370 5249 458 5296 ιιι,
501 5228 590 5288 15.

443 5324 558 5397 (80)
602 5323 937 5392 Διανήξαιο.
974 5322 1067 5376 Sic
1111 5335 1214 5375 ms.
1245 5320 1591 5376 Wetstenius
1671 5321 1776 5392 legi
1818 5322 1939 5377 vult

366 5393 667 5452 διανύσαιο.
888 5401 894 5411 "
1151 5416 1159 5421 -

472 5461 562 5530 81)
600 5462 697 5518 Ms.
719 5457 995 5530 mendose,
1023 5455 1362 5530 1065013109.

477 5526 566 5595 82')
595 5530 716 5595 δίδη
745 5526 1269 5595 ἑκατοπαπλαὸνων,
1307 5533 1583 5593 corrupte.

476 5594 566 5663 85)
594 5594 714 5661 bis,
747 5594 1298 5663 γεννήσονταιζιιιιιῐε.

449 5661 566 5736 (8'5)
598 5668 672 5736 El
698 5661 978 5736 36167-04:
996 5661 1218 5736 sireis-oar
1248 5661 1406 5736 παρὰ
1439 5661 1579 5726 τοὺς
1602 5661 1671 5714 ἐν
1692 5661 1809 5724 ,ϐίῳ
1837 5661 1942 5713 πέ-

369 5729 567 5805 ruiue
589 5729 911 5805 ydpnpag.
941 5729 1302 5794 Quwstionem
1337 5732 1493 5795 hanc,
1530 5749 1547 5783 ι
1581 5747 1648 5784 an
1678 5741 1941 5800 martyres

545 5531 566 5738 ξ

2102 4603 2190 4656 l5.
2247 4602 2302 4656 Si
2339 4600 2460 4668 quis
2507 4607 2684 4652 autem
2733 4599 2891 4666 quasi
2942 4599 3222 4653 mmulatus
3265 4601 3592 4656 charismata

2033 4694 2274 4755 meliora,
2308 4698 2362 4744 et
2399 4691 2582 4744 beatos
2627 4696 2820 4756 putans
2853 4687 3048 4741 divites
3094 4698 3362 4757 martyres
3401 4697 3455 4741 et
3500 4703 3594 4756 pa-

2036 4794 2146 4836 tres
2175 4790 2438 4849 martyres
2476 4777 2566 4846 qui
2600 4777 2804 4831 centies
2837 4786 2912 4830 tot
2957 4777 3160 4830 liberos
3194 4778 3499 4844 generaturi
3539 4788 3593 4830 ct

2037 4872 2243 4931 centies
2278 4879 2628 4936 totagrosac
2659 4866 2846 4919 domos
2889 4865 3160 4933 accepturi
3203 4873 3348 4928 sunt,
3371 4876 3593 4933 ‘quzerat

2031 4974 2312 5028 aequumne
2369 4960 2439 5011 sit
2487 4956 2606 5009 illos
2646 4957 2958 5022 ampliorem
2993 4957 3045 5007 in
3095 4954 3258 5025 284
3297 4958 3594 5024 spirituali.

2038 5052 2135 5103 bus
2161 5047 2558 5117 possessionem
2595 5047 2793 5099 habere
2823 5059 2985 5112 quam
3013 5045 3046 5097 ii
3078 5056 3345 5113 martyres
3368 5047 3458 5114 qui
3491 5048 3592 5102 hac

2025 5155 2085 5195 ’²⁶⁷
2114 5159 2302 5214 Matth.
2332 5173 2448 5221 nx,
2475 5157 2565 5219 27,
2599 5154 2688 5220 28,
2716 5155 2805 5209 29.
2879 5154 2925 5187 ³⁸
2950 5154 3074 5207 Man
3106 5169 3186 5218 ιι,
3218 5155 3306 5210 50-
3380 5159 3424 5189 "
3454 5159 3588 5225 El'h-

2035 5321 2229 5374 divites
2261 5333 2370 5383 pra:
2402 5314 2724 5384 pauperibus
2748 5314 3007 5384 majorem
3036 5315 3088 5368 in
3135 5317 3369 5384 ipiritalil
3393 5331 3450 5384 us
3479 5316 3592 5383 gloo

2036 5390 2173 5442 riam
2197 5382 2302 5440 sint
2319 5382 2682 5438 consecuturi.
2702 5383 3046 5438 pallirmando
3063 5397 3083 5434 ε
3117 5384 3295 5450 .pedit.
3313 5382 3593 5447 Quitlv’ero

2038 5459 2083 5511 si
2127 5469 2329 5522 pauper
2377 5453 2590 5505 divitias
2611 5459 2936 5522 etltonores
2961 5455 3027 5504 ab
3054 5456 3067 5504 i
3114 5456 3350 5505 alolatris
3376 5450 3590 5506 oblatos

2038 5520 2484 5580 veritatisamore
2513 5520 2862 5586 repudiaret?
2892 5521 3052 5583 Quid,
3096 5535 3249 5585 ,nqua
3267 5535 3336 5580 ιιι,
3367 5532 3591 5586 respon-

2041 5595 2191 5647 deret
2219 5589 2605 5642 Adamantius?
2627 5586 2813 5643 Obiter
2841 5600 3000 5640 noten
3029 5605 3088 5641 us
3117 5589 3243 5652 Hrig
3265 5590 3364 5640 :nis
3388 5599 3439 5640 et
3465 5587 3593 5643 alibi

2041 5661 2296 5715 usitatam
2324 5657 2433 5712 τῶν
2475 5656 2745 5725 αἰσθητῶν
2771 5658 2865 5708 καὶ
2896 5657 3002 5708 τῶν
3041 5654 3590 5725 νοητνῶν-ιιίδιιιιοιῑψ

2043 5744 2186 5813 nem,
2219 5742 2377 5796 quam
2412 5727 2498 5781 hic
2530 5723 2741 5795 quoque
2769 5725 3023 5792 inculcat,
3052 5735 3107 5780 et
3126 5723 3329 5779 divitiis
3354 5738 3446 5779 seu
3469 5739 3591 5793 νοο-
