4132 6314
693 420 803 477 885

2140 421 2469 480 ORIGENIS

3837 428 3949 482 581i

699 540 755 594 in
787 535 888 590 vita
922 549 1186 604 pauperes
1216 545 1378 600 sunt;
1421 535 1501 589 sic
1548 535 1596 588 ei
1644 535 2075 604 respondendum
2129 546 2212 592 est
2250 555 2263 591 :

2372 541 2430 592 ἐν
2455 542 2661 610 νοητοῖς
2693 539 2884 609 κτῆσιν
2903 557 2918 571 ·
2953 539 3172 607 λεκτέον
3196 538 3331 611 πρὸς
3358 538 3538 605 αὑτὸν,
3569 542 3649 594 ὅτι
3672 538 3869 613 ὥσπερ
3896 546 3946 597 oi

696 627 1151 698 quemadmodum
1180 626 1271 694 qui
1299 634 1565 678 tormenta
1589 634 1716 680 sunt
1741 623 2117 694 atrumnasque
2140 641 2264 694 per-

697 712 860 787 pessi,
899 716 1248 770 illustriorem
1295 716 1661 768 exbibuernnt
1699 717 1752 768 itt
1789 719 2049 786 martyrio
2090 717 2264 770 virtu-

698 819 804 861 tem
829 807 893 860 iis
909 808 1002 874 qui
1031 822 1096 859 eo
1125 808 1285 861 modo
1315 807 1522 874 probati
1557 825 1660 862 non
1683 817 1829 871 sunt;
1859 809 2040 876 sicqni
2070 822 2264 876 praeter

697 899 942 967 corporis
983 913 1220 951 amorem
1257 908 1309 950 et
1345 898 1487 960 vitm,
1524 898 1613 950 illa
1663 899 1826 952 etiam
1866 907 2016 952 tanta
2051 899 2262 953 vincula

701 989 1005 1059 inciderunt
1030 996 1091 1038 et
1121 988 1443 1055 diruperunt
1473 1002 1662 1055 magna
1693 989 1743 1040 in
1777 988 1940 1041 Deum
1969 991 2050 1043 nsi
2080 990 2261 1044 chari-

702 1085 830 1136 tate,
865 1085 1324 1140 susceperuntqne
1353 1089 1480 1127 vere
1513 1076 1691 1126 vivum
1743 1076 1835 1127 Dei
1870 1091 2174 1130 sermonem
2209 1087 2264 1129 et

697 1166 966 1224 efﬁcacem
993 1175 1048 1216 et
1075 1165 1546 1232 penetrabiliorem
1571 1165 1717 1217 omni
1747 1166 1926 1234 gladio
1950 1167 2166 1233 ancipiti
2192 1166 2271 1228 “,-

697 1257 988 1324 potuerun‘t
1015 1254 1050 1307 ii
1083 1262 1162 1306 tot
1186 1256 1360 1322 ruptis
1387 1254 1642 1318 vinculis;
1670 1256 1982 1322 paratisque
2005 1255 2105 1308 sibi
2137 1272 2266 1322 pen-

702 1346 804 1407 nis,
843 1348 987 1398 sicut
1011 1345 1190 1411 aquila
1216 1345 1410 1398 reverti
1437 1345 1500 1396 ad
1533 1347 1749 1397 domum
1781 1346 2040 1414 principis
2066 1348 2169 1397 sui.
2196 1344 2266 1399 Ut

698 1436 864 1500 igitur
900 1428 1113 1502 aequum
1167 1426 1251 1487 est
1287 1448 1381 1486 eos
1422 1433 1513 1500 qui
1565 1434 1847 1486 tormentis
1892 1445 1946 1486 et
1990 1433 2265 1487 laboribus

699 1526 907 1594 probati
939 1541 1042 1578 non
1073 1532 1224 1586 sunt;
1257 1524 1461 1590 primas
1496 1524 1565 1576 iis
1596 1524 1790 1576 cedere
1813 1526 1922 1592 qui,
1945 1525 1995 1576 in
2021 1524 2266 1592 equuleis

699 1622 754 1667 et
781 1615 943 1667 variis
972 1621 1361 1665 tormentorum
1387 1613 1678 1679 generibus
1710 1621 1766 1665 et
1799 1615 1922 1681 igne
1949 1614 2263 1682 patientiam

698 1703 1092 1764 exhibuerunt;
1133 1702 1211 1754 sic
1247 1710 1300 1754 et
1336 1714 1434 1754 nos
1483 1715 1746 1768 pauperes
1773 1741 1787 1764 ,
1842 1704 1943 1755 etsi
1997 1712 2266 1773 martyres

700 1793 924 1855 erimus,
970 1793 1109 1844 ratio
1144 1792 1334 1844 suadet
1378 1792 1585 1858 primas
1621 1792 1772 1845 vobis
1819 1792 2125 1859 relinquere
2173 1794 2262 1862 qui

2366 629 2629 698 βασάνους
2656 631 2749 681 καὶ
2775 630 2967 688 πόνους
2996 631 3384 700 ὑπομείναντες
3408 631 3515 682 τῶν
3548 632 3623 704 μὴ
3651 633 3708 682 ἐν
3731 631 3948 696 τούτοις

2363 722 2743 792 ἐξητασμένων
2794 722 3175 792 λαμπροτέραν
3218 722 3574 787 ἐπεδείξαντο.
3613 722 3710 792 τὴν
3761 725 3822 778 ἐν
3868 724 3947 793 τῷ

2367 808 2646 882 μαρτυρίῳ
2670 809 2884 880 ,ἀρετὴν
2909 850 2925 874 ,
2960 809 3132 871 οὕτως
3175 811 3224 861 οἱ
3260 809 3394 880 πρὸς
3421 809 3498 880 τῷ
3549 801 3947 881 φιλοσωματεῖν

2364 902 2458 954 καὶ
2481 900 2779 968 ’φιλοζωεῖν
2809 901 2902 953 καὶ
2930 901 3055 962 τοὺς
3081 900 3368 968 τοσούτους
3394 901 3626 970 δεσμοὺς
3652 900 3950 970 διακόψαν-

2363 1009 2452 1052 τες
2479 992 2571 1042 καὶ
2592 974 2996 1060 διαρρήξαντες,
3026 991 3231 1060 μεγάλῃ
3253 994 3318 1060 τῇ
3343 990 3478 1060 πρὸς
3501 983 3589 1042 τὸν
3607 991 3739 1056 Θεὸν
3753 994 3947 1064 ἀγάπῃ

2363 1082 2715 1151 χρησάμενοι,
2747 1082 2840 1132 καὶ
2870 1080 3082 1148 ἀληθῶς
3119 1080 3466 1150 ἀνειληφότες
3496 1081 3588 1133 τὸν
3627 1080 3806 1144 ζῶντα
3848 1082 3945 1134 τοῦ

2365 1170 2497 1239 Θεοῦ
2525 1171 2700 1238 λόγον,
2733 1172 2827 1223 καὶ
2861 1172 3078 1241 ἐνεργῆ,
3113 1171 3207 1225 καὶ
3236 1169 3546 1242 τομώτερον
3575 1173 3717 1240 ὑπὲρ
3759 1175 3948 1227 πᾶσαν

2368 1261 2641 1332 μάχαιραν
2663 1261 2935 1330 δίστομον,
2962 1261 3272 1330 δεδύνηνται
3292 1263 3421 1324 τοὺς
3445 1261 3732 1323 τοσούτους
3760 1262 3950 1313 διακό-

2363 1353 2561 1420 ψαντες
2596 1351 2845 1420 δεσμοὺς,
2875 1353 2968 1403 καὶ
3010 1352 3521 1414 κατασκευάσαντες
3543 1387 3550 1401 ς
3563 1353 3774 1414 ἑαυτοῖς
3810 1352 3947 1404 πτέ-

2367 1456 2556 1512 ρυγας,
2591 1439 2776 1509 ῶσπερ
2804 1439 2968 1500 αὐτὸς
3010 1438 3332 1509 ἐπιστρέψαι
3385 1438 3497 1508 (85)
3541 1439 3620 1500 είς
3657 1438 3749 1490 τὸν
3793 1431 3946 1489 οἷκον

2364 1530 2456 1581 τοῦ
2503 1529 2897 1600 προεστηκότος
2945 1528 3170 1581 ἑαυτῶν.
3227 1528 3408 1592 ’Ἄξιον
3443 1525 3569 1590 οὖν,
3603 1527 3793 1597 ὥσπερ
3832 1530 3950 1591 τοῖς

2368 1614 2442 1684 μὴ
2475 1613 2842 1676 ἐξετασθεῖσιν
2871 1616 2927 1666 ἐν
2955 1614 3209 1682 βασάνοις
3241 1617 3333 1668 καὶ
3360 1616 3542 1678 πόνοις
3592 1619 3948 1687 παραχωρεῖν

2366 1707 2648 1778 πρωτείων
2697 1707 2832 1774 πρὸς
2881 1707 3006 1768 τοὺς
3064 1708 3120 1758 ἐν
3176 1706 3568 1777 ἀρθρεμϐόλοις
3610 1708 3706 1759 καὶ
3763 1708 3947 1760 ποικί-

2365 1797 2475 1858 λοις
2505 1797 2610 1866 (86)
2640 1797 3087 1867 στρεϐλωτηρίοις
3111 1798 3205 1848 καὶ
3225 1799 3358 1866 πυρὶ
3381 1795 3824 1864 ἐπιδειξαμένους
3844 1795 3947 1864 τὴν

698 1894 920 1951 pr0pter
975 1870 1081 1935 Dei
1129 1883 1179 1934 in
1246 1881 1464 1935 Christo
1514 1883 1868 1947 charitatem,
1925 1883 2169 1938 fallacem
2189 1860 2266 1938 -ει

2371 1860 2666 1954 ὑπομονὴν,
2700 1860 2840 1937 οὕτω
2868 1860 3120 1962 καί-,ἡμῖν
3143 1886 3253 1946 τοῖς
3286 1860 3501 1954 πένησι,
3526 1860 3641 1936 κᾶν-
3664 1860 3951 1954 μαρτυρῆ-

699 1975 982 2040 qnaesitam
1019 1988 1047 2023 a
1083 1972 1354 2039 plerisque
1385 1972 1610 2039 gloriam
1650 1983 1704 2026 et
1747 1977 2114 2041 possessiones
2149 1986 2267 2027 tan-

704 2074 785 2114 tas
840 2072 893 2113 et
953 2062 1252 2114 naturalem
1291 2063 1341 2113 in
1402 2061 1597 2116 liberos
1645 2078 1881 2115 amorem
1915 2065 2263 2118 conculcatis.

2372 1993 2588 2045 σωμεν,
2649 1976 2676 2026 ό
2720 1963 2875 2041 λόγος
2936 1974 3225 2026 ὑποϐάλλει
3294 1974 3602 2039 ἐξίστασθαι
3659 1973 3948 2045 πρωτείων

2373 2067 2402 2116 ὑ
2411 2068 2519 2134 μῖν,
2548 2067 2658 2127 τοῖς
2678 2065 2764 2118 διὰ
2790 2065 2888 2134 τὴν
2915 2067 2972 2116 ἐν
2997 2063 3216 2135 Χριστῷ
3239 2066 3373 2134 πρὸς
3403 2064 3534 2118 Θεὸν
3574 2065 3795 2132 ἀγάπην
3841 2079 3949 2113 παι

697 2153 849 2206 τοῦσι
878 2151 972 2221 τὴν
994 2150 1276 2221 ἀπατηλὴν
1308 2148 1461 2213 δόξαν
1501 2152 1594 2202 καὶ
1629 2151 1738 2220 τῶν
1773 2152 1978 2206 πολλῶν
2019 2154 2467 2223 καθικνουμένην,
2509 2155 2604 2207 καὶ
2632 2154 2729 2224 τὴν
2757 2153 3022 2224 τοσαύτην
3065 2154 3275 2225 κτῆσιν,
3319 2156 3414 2208 καὶ
3453 2154 3550 2225 τὴν
3596 2153 3733 2224 πρὸς
3775 2155 3947 2207 τέκνα

682 2247 1100 2319 φιλοστοργίαν.

721 2399 724 2401 ,
771 2343 862 2396 16.
898 2342 1068 2394 Simul
1099 2350 1278 2394 autem
1311 2340 1603 2410 Scriptum
1645 2343 1964 2411 gravitatem
2008 2343 2259 2407 observa,

700 2448 819 2500 qua:
851 2431 1016 2484 multo
1044 2431 1224 2498 plures
1253 2446 1316 2484 ac
1343 2431 1621 2498 centuplos
1644 2434 1911 2498 promittit
1944 2432 2162 2496 fratres,
2194 2434 2264 2485 li-

701 2523 880 2584 beros,
914 2528 1186 2587 parentes,
1220 2533 1378 2588 agros
1404 2534 1620 2587 quoque
1646 2528 1699 2574 et
1733 2522 1943 2584 domos;
1979 2523 2030 2574 in
2067 2523 2150 2576 his
2186 2531 2266 2575 ta-

704 2624 994 2665 ιηεηῖιιχοι·
1031 2625 1134 2662 non
1161 2621 1498 2662 muneratur.
1537 2608 1646 2663 Nec
1689 2612 1832 2663 enim
1873 2612 2074 2665 dictum
2123 2623 2205 2664 εει
2251 2633 2262 2664 ;

703 2687 1018 2768 Quicunque
1044 2700 1321 2767 reliquerit
1348 2699 1566 2762 fratres,
1588 2701 1676 2752 aut
1703 2716 1940 2765 sorores,
1965 2714 2056 2755 aut
2077 2717 2270 2772 paren-

705 2800 809 2854 tes,
844 2799 938 2842 ant
965 2789 1185 2852 liberos,
1214 2797 1308 2842 aut
1332 2805 1513 2859 agros,
1537 2802 1632 2844 aut
1664 2792 1873 2854 domos,
1916 2802 2009 2844 ant
2049 2806 2268 2844 uxorem

705 2888 919 2948 propter
944 2894 1135 2932 nomen
1169 2893 1369 2942 meum,
1404 2872 1673 2934 multeties
1698 2881 1844 2948 plura
1868 2881 2096 2949 accipiet
2121 2896 2136 2934 :
2163 2898 2185 2932 ι
2213 2880 2270 2935 In

707 2971 1103 3024 resurrectione
1135 2972 1279 3023 enim
1304 2980 1636 3025 mortuorum
1663 2988 1836 3040 neque
1868 2972 2069 3026 nubent
2099 2986 2274 3040 neque

706 3063 995 3125 nubentur,
1021 3062 1292 3126 sederunt
1309 3064 1448 3118 sicut
1469 3063 1643 3132 angeli
1663 3063 1751 3131 qui
1775 3063 1826 3115 in
1847 3051 1998 3116 cml'is
2012 3073 2138 3116 sunt
2156 3063 2222 3116 ".
2248 3081 2268 3113 ι

778 3263 863 3317 i7.
893 3264 1045 3328 Quod
1076 3264 1242 3333 igitur
1271 3263 1432 3320 Iosue
1463 3263 1658 3332 populo
1690 3264 1824 3317 dixit
1857 3264 1910 3317 in
1953 3272 2110 3316 terra:
2140 3277 2267 3316 sau-
2297 3273 2339 3329 ο

706 3363 808 3406 cla:
839 3355 1236 3421 possessionem
1267 3355 1515 3416 inducto,
1546 3352 1598 3406 id
1629 3359 1684 3406 et
1720 3352 1876 3406 nobis
1911 3365 2053 3406 nunc
2087 3353 2267 3406 dicere

705 3444 877 3510 possit
900 3444 1206 3510 Scriptura.
1246 3443 1336 3496 Sic
1366 3453 1543 3495 autem
1569 3443 1647 3495 ait
1683 3460 1697 3496 :
1735 3461 1753 3492 ι
1787 3442 1936 3496 Nunc
1966 3444 2149 3495 timete
2173 3443 2272 3494 Do-

705 3533 910 3588 minum
945 3541 999 3584 et
1023 3536 1223 3585 servite
1253 3534 1304 3585 ei
1339 3531 1392 3584 in
1417 3533 1671 3598 aequitate
1696 3541 1751 3585 et
1776 3532 2024 3600 jnstitia;
2071 3551 2088 3582 ι
2122 3547 2270 3584 cum-

704 3634 810 3691 que
842 3625 910 3676 ad
949 3623 1212 3675 idolorum
1249 3621 1450 3675 cultum
1476 3620 1834 3689 impellcmur,
1872 3622 2032 3675 addet
2059 3637 2119 3674 ea
2155 3635 2271 3688 qua:

707 3723 1009 3782 sequuntur
1045 3731 1057 3765 :
1107 3731 1126 3763 ι
1177 3713 1404 3764 Auferte
1429 3721 1558 3765 deos
1597 3711 1798 3766 alienos
1839 3713 2030 3780 quibus
2065 3714 2272 3773 servie-

708 3816 833 3859 runt
865 3815 1046 3872 patres
1070 3805 1237 3857 vestri
1274 3813 1422 3856 trans
1448 3801 1668 3854 ﬂuvium
1701 3813 1758 3856 et
1801 3805 1853 3855 in
1905 3802 2168 3871 Egypto,
2209 3817 2269 3856 ac

703 3899 906 3952 servite
938 3896 1162 3948 Domino
1191 3894 1254 3947 ³¹.
1297 3913 1315 3945 ›
1351 3893 1621 3960 Principio
1646 3893 1791 3944 eni'm
1821 3908 1942 3944 cum
1975 3894 2145 3960 prima
2175 3907 2269 3944 vo-

705 3985 792 4042 bis
818 3995 1000 4040 essent
1037 3985 1157 4038 ﬁdei
1186 3985 1489 4037 rudimenta
1518 3982 1799 4047 tradenda,
1829 3982 1953 4050 jure
1983 3983 2089 4036 diei
2122 3983 2271 4034 vobis

604 4113 618 4130 -.
705 4079 880 4147 potuit
913 4091 928 4128 :
967 4093 986 4127 ι
1027 4075 1119 4128 Sin
1145 4085 1321 4129 autem
1345 4076 1497 4127 vobis
1520 4088 1624 4126 non
1656 4071 1830 4140 placet
1857 4075 2061 4127 servire
2089 4073 2271 4141 Domi-

707 4183 800 4229 no,
832 4166 1014 4234 eligite
1045 4166 1196 4218 vobis
1222 4165 1591 4220 euirservituri
1631 4165 1750 4217 sitis
1775 4202 1791 4228 ,
1835 4179 1901 4217 an
1935 4165 2036 4217 diis
2080 4163 2271 4229 quibus

707 4258 1013 4312 servierunt
1035 4266 1214 4324 patres
1236 4261 1400 4312 vestri
1427 4271 1577 4314 trans
1597 4258 1843 4318 ﬂuvium,
1867 4271 1934 4307 an
1959 4256 2059 4307 (liis
2084 4257 2274 4305 Amor-

689 4348 979 4399 ‘l‘itﬂ‘ﬂl’lllll
1011 4346 1061 4397 in
1088 4361 1315 4413 quorum
1349 4358 1490 4400 terra
1528 4348 1783 4401 habitatis
1811 4345 1896 4408 ³³;
1936 4363 1954 4395 ι
1997 4346 2148 4411 isque
2181 4344 2270 4408 qui

709 4435 873 4506 285
905 4451 998 4490 vos
1030 4435 1331 4500 erudiebat,
1361 4438 1584 4490 dixisset
1617 4455 1630 4489 :
1670 4455 1688 4488 ι
1724 4436 1834 4502 Ego
1860 4444 2038 4486 autem
2078 4441 2133 4484 et
2173 4431 2270 4483 do—

715 4543 830 4579 nius
858 4542 973 4578 mea
1010 4528 1310 4579 serviemus
1340 4527 1566 4580 Domino
1590 4529 1717 4596 quia
1760 4536 1978 4579 sanctus
2018 4532 2099 4576 est
2142 4523 2206 4574 ³⁸.
2248 4541 2266 4573 i

713 4615 868 4667 Nunc
892 4626 1067 4666 autem
1096 4616 1150 4668 id
1183 4617 1336 4669 vobis
1361 4618 1574 4670 dicendi
1608 4618 1757 4669 locus
1790 4631 1894 4668 non
1945 4623 2028 4667 est
2073 4631 2086 4664 :

712 4703 856 4756 enim
881 4703 1140 4757 dixistis:
1187 4721 1205 4752 ι
1240 4705 1398 4759 Absit
1420 4722 1449 4758 a
1481 4707 1634 4759 nobis
1671 4715 1727 4756 ut
1771 4705 2134 4771 relinquamus
2169 4700 2275 4752 Do-

2438 2341 2590 2408 ’Ἂμα
2616 2337 2672 2389 δὲ
2701 2336 2795 2389 καὶ
2815 2335 2971 2405 τήρει
2996 2334 3054 2386 τὺ
3079 2334 3272 2402 σεμνὸν
3297 2333 3396 2402 τῆς
3425 2334 3650 2404 Γραφῆς
3673 2334 3949 2386 πολυπλα-

2370 2429 2599 2498 σιασμὸν
2675 2427 2770 2478 καὶ
2840 2423 3442 2493 ἐκατονταπλασιασμὺν
3510 2423 3947 2493 ὑπισχνουμένης

2367 2517 2610 2586 ἀδελφῶν
2631 2556 2646 2580 ,
2695 2515 2789 2567 καὶ
2824 2514 3058 2576 τέκνων,
3088 2513 3183 2565 καὶ
3213 2505 3450 2587 γονέων,
3476 2512 3570 2562 καὶ
3604 2510 3815 2581 ἀγρῶν,
3855 2513 3949 2562 καί

2368 2609 2574 2662 οίκιιῖινο
2609 2608 2668 2659 οὑ
2700 2602 3204 2674 συγκατηρίθμηται
3237 2602 3294 2653 δὲ
3320 2600 3527 2662 τούτοις
3559 2601 3697 2670 γυνή
3727 2600 3860 2668 (87)’
3884 2599 3945 2651 ού

2369 2681 2478 2768 γὰρ
2506 2681 2736 2767 εἴρηταιο
2764 2695 2879 2755 Πᾶς
2899 2693 3045 2753 ὅστις
3079 2691 3287 2760 ἀφῆκεν
3320 2689 3581 2764 ἀδελφοὺς
3608 2689 3641 2759 ἢ
3689 2688 3944 2755 ἀδελφὰς,

2372 2788 2406 2858 ἢ
2428 2790 2623 2855 γονεῖς,
2649 2786 2680 2855 ἦ
2710 2784 2892 2844 τέκνα,
2916 2782 2949 2851 ἢ
2980 2783 3203 2851 ἀγροὺς,
3230 2781 3263 2848 ἢ
3287 2779 3481 2841 οἰκίας,
3512 2779 3544 2847 ἢ
3571 2781 3802 2847 γυναῖκα
3828 2778 3945 2829 Evs-

2372 2894 2466 2930 κεν
2497 2875 2587 2927 τοῦ
2611 2873 2870 2942 ὀνόματός
2900 2888 3022 2941 μου,
3059 2867 3486 2922 πολλαπλασίονα
3514 2868 3760 2938 λήψεται·
3793 2887 3812 2918 ‹
3857 2869 3947 2918 «Ἐν

2374 2966 2483 3037 γὰρ
2523 2967 2589 3035 τῇ
2635 2963 2925 3015 ἀναστάσει
2968 2959 3075 3012 τῶν
3115 2957 3323 3029 νεκρῶν
3364 2956 3488 3010 οὔτε
3526 2956 3795 3027 γαμοῦσιν
3824 2957 3948 3008 οὕτε

2374 3055 2744 3126 γαμίσκονται⁸
2782 3052 2895 3104 ἀλλ’
2922 3052 3059 3104 είσὶν
3083 3049 3158 3112 ὡς
3189 3052 3236 3102 οἱ
3266 3047 3508 3116 ἄγγελοι,
3536 3050 3585 3101 οἱ
3618 3050 3676 3101 ἐν
3711 3051 3825 3111 τοῖς
3859 3046 3950 3099 οὺ-

2328 3220 2331 3221 ,
2377 3149 2580 3217 ρανοῖς.
2626 3163 2645 3196 ι

2449 3264 2624 3332 Ὅπερ
2657 3260 2833 3312 τοίνυν
2869 3253 3018 3309 εἶπεν
3057 3256 3264 3327 Ἰησοῦς
3289 3255 3365 3324 τῷ
3388 3252 3827 3327 λαῷ,ικαθιστὰς
3849 3255 3949 3308 αὐ-

2369 3349 2494 3409 τοὺς
2518 3348 2610 3398 ἐπὶ
2636 3346 2732 3415 τὴν
2765 3345 2926 3411 ἁγίαν
2952 3346 3078 3413 γῆν,
3107 3345 3277 3396 ταῦτα
3301 3345 3394 3395 καὶ
3415 3343 3545 3413 ἡμῖν
3572 3343 3638 3395 ἂν
3677 3343 3812 3415 λέγῃ
3855 3344 3950 3396 νῦν

2369 3441 2402 3509 ἡ
2445 3439 2658 3506 Γραφή.
2711 3437 2863 3504 Ἔχει
2895 3435 2951 3486 δὲ
2983 3433 3153 3496 οὕτως
3194 3435 3225 3502 ἡ
3264 3433 3439 3496 λέξις·ῖι
3478 3452 3494 3482 ι
3531 3431 3645 3497 Νῦν
3677 3433 3948 3503 φοϐήθητε

2370 3529 2570 3597 Κύριον
2593 3528 2683 3578 καὶ
2702 3523 3029 3593 λατρεύσατε
3054 3523 3199 3593 αὐτῷ
3221 3526 3277 3575 ἐν
3295 3522 3544 3594 εὐθύτητι
3568 3523 3661 3575 καὶ
3679 3524 3737 3574 ἐν
3751 3523 3951 3576 δικαιο-

2371 3617 2523 3689 σύνῃ.
2568 3636 2585 3666 i
2637 3618 2782 3686 Ἐρεῖ
2818 3616 2874 3668 δὲ
2918 3617 3046 3684 ἡμῖν
3071 3612 3516 3683 ἁναπειθομένοις
3540 3613 3948 3682 εἰδωλολατρεῖν

2369 3709 2461 3760 καὶ
2491 3708 2556 3760 τὰ
2587 3708 2711 3776 ἑξῆς
2739 3705 2910 3768 οὕτως
2943 3705 3149 3773 ἔχοντα’
3200 3723 3217 3754 ι
3267 3703 3589 3773 Περιέλεσθε
3623 3703 3751 3765 τοὺς
3790 3703 3949 3765 θεοὺς

2369 3802 2495 3860 τοὺς
2526 3797 2856 3868 ἀλλοτρίους,
2882 3791 2962 3858 οἷς
2988 3797 3314 3864 ἐλάτρευσαν
3341 3795 3389 3844 οἱ
3419 3793 3653 3864 πατέρες
3695 3792 3849 3862 ὑμῶν
3890 3794 3946 3845 ἐν

2367 3888 2649 3958 τῷ-πέραν
2682 3887 2776 3938 τοῦ
2808 3885 3049 3954 ποταμοῦ
3081 3884 3171 3935 καὶ
3197 3886 3253 3934 ἐν
3279 3880 3558 3951 Αίγύπτῳο
3587 3882 3680 3934 καὶ
3712 3881 3945 3951 λατρεύ-

2370 3998 2459 4032 ετε
2492 3978 2702 4047 Κυρίῳ.
2749 3997 2766 4028 ι
2807 3978 2938 4039 Κατ’
2974 3975 3147 4045 ἀρχὰς
3187 3973 3284 4042 μὲν
3321 3968 3434 4036 οὖν,
3479 3974 3567 4024 ὅτε
3597 3971 3946 4041 κατηχεῖσθαι

2371 4069 2639 4139 ἐμέλλετε,
2664 4068 2897 4133 εὐλόγως
2920 4067 2983 4117 ἂν
3013 4066 3139 4136 ὑμῖν
3161 4063 3362 4133 εἴρητοο
3391 4052 3417 4112 ά
3451 4063 3516 4115 El.
3535 4062 3592 4114 δὲ
3623 4061 3696 4131 μὴ
3723 4061 3948 4130 ἀρέσκει

2371 4160 2500 4228 ὑμῖν
2527 4156 2806 4227 λατρεύειν
2839 4153 3046 4224 Κυρίῳ,
3077 4151 3364 4223 ἐκλέξασθε
3392 4152 3519 4221 ὑμῖν
3540 4190 3555 4213 ,
3593 4151 3697 4201 τίνι
3723 4149 3948 4220 λατρεύ-

2373 4265 2523 4317 σητε,
2551 4249 2660 4299 εἴτε
2688 4247 2796 4307 τοῖς
2827 4230 2966 4306 θεοῖς
3007 4243 3113 4295 τῶν
3155 4242 3405 4312 πατέρων
3439 4242 3592 4311 ὑμῶν
3625 4241 3734 4293 τῶν
3767 4243 3827 4296 ἐν
3871 4241 3946 4311 τῷ

2373 4339 2545 4408 πέραν
2574 4335 2665 4387 τοῦ
2693 4333 2958 4404 ποταμοῦ,
3000 4334 3108 4386 εἴτε
3137 4335 3251 4394 τοῖς
3278 4333 3419 4398 θεοῖς
3455 4331 3565 4383 τῶν
3620 4331 3943 4401 Ἀμοραίων,

2374 4431 2432 4480 ἐν
2455 4422 2534 4488 οἷς
2564 4428 2717 4496 ὑμεῖς
2739 4426 3038 4478 κατοικεῖτε
3072 4423 3163 4491 ἐπὶ
3196 4423 3293 4491 τῆς
3320 4422 3442 4491 γῆς’
3487 4439 3505 4471 i
3541 4421 3633 4474 καὶ
3667 4420 3854 4487 ἔλεγεν
3881 4420 3947 4474 ἂν

2377 4520 2502 4588 ὑμῖν
2532 4520 2560 4569 ό
2581 4516 2850 4586 κατηχῶν·
2881 4535 2900 4566 ι
2952 4513 3092 4580 Ἐγὼ
3116 4513 3172 4564 δὲ
3201 4515 3293 4565 καὶ
3322 4515 3353 4583 ή
3394 4512 3539 4580 οἰκία
3579 4528 3680 4581 μου
3722 4510 3948 4581 λατρεύ-

2142 4621 2270 4663 tnnc
2303 4596 2344 4648 Ῑ)
2376 4607 2770 4686 σομενῖὶυρίῳ,
2801 4606 2882 4660 ὅτι
2909 4604 3060 4671 ἅγιός
3085 4606 3219 4656 ἐστι.
3252 4623 3269 4654 ι
3301 4602 3414 4656 Νῦν
3439 4602 3497 4655 δὲ
3517 4602 3688 4654 ταῦτα
3710 4603 3810 4655 οὐκ
3835 4602 3946 4671 ἔχει

2377 4695 2557 4766 χώραν
2586 4696 2713 4763 ὑμῖν
2743 4693 3014 4761 λέγεσθαι·
3043 4693 3163 4746 τότε
3189 4692 3298 4764 γὰρ
3320 4689 3524 4747 εἴπειεν
3552 4709 3573 4743 ί
3607 4691 3698 4763 Μὴ
3739 4693 3946 4758 γένοιτο

774 4852 820 4885 ³⁸
854 4851 1014 4907 iiebr.
1051 4871 1123 4918 tv,
1163 4855 1248 4910 l2.
1270 4875 1287 4883 ε
1326 4856 1367 4887 ἰ
1403 4856 1588 4908 Matth.
1611 4871 1765 4920 χχιι,
1791 4855 1860 4907 50
1889 4863 1943 4909 et
1973 4855 2138 4909 Mare.
2171 4871 2269 4908 xn,

2371 4863 2405 4904 ι.
2482 4848 2992 4914 "Jos.xxtv,H.
3071 4847 3402 4903 "lbidJa‘i.
3475 4829 3805 4903 “minus;

714 5014 1047 5070 sessionibus
1077 5011 1306 5080 applicat
1333 5026 1345 5062 :
1377 5026 1568 5076 nempe
1588 5009 1688 5080 alia
1712 5008 1852 5063 bona
1882 5023 2001 5080 esse
2025 5009 2276 5080 αἰσθητά,

721 5102 742 5135 σ
782 5082 1084 5142 sensibilia,
1112 5078 1140 5132 ὦ
1168 5095 1288 5144 qum
1312 5080 1582 5140 sensibus;
1615 5079 1716 5130 alia
1739 5079 1925 5147 νοητά,
1965 5096 1981 5126 ι
2023 5078 2278 5145 intelligi-

718 5151 873 5212 bilia,
929 5169 948 5200 ι
991 5165 1113 5216 qua:
1162 5150 1275 5202 sola
1318 5159 1495 5202 mente
1531 5148 1931 5214 percipiuntur;
1974 5147 2063 5198 illa
2108 5148 2277 5199 ferme

716 5230 844 5272 sunt
871 5235 891 5267 ι
931 5219 1232 5285 corporalia
1269 5227 1320 5268 et
1351 5227 1586 5275 terrena;
1632 5235 1650 5266 ι
1701 5218 1799 5266 ista
1851 5234 1868 5262 c
1909 5218 2170 5283 spiritalia
2224 5227 2276 5268 et.

712 5287 980 5347 caelestia,
1022 5307 1037 5335 I
1086 5288 1123 5338 tl
1155 5287 1279 5337 Cor.
1315 5301 1385 5344 iv,
1425 5287 1510 5340 18.
1555 5285 1941 5338 Wsrsremus.

788 5354 900 5423 (85)
925 5355 1109 5418 Αὐτὸς
1149 5355 1519 5420 ἐπιστρέψαι.
1566 5355 1706 5421 Lego
1739 5357 1893 5414 ἀετὸς
1931 5351 2273 5422 ἐπιστρέψαι.

788 5423 898 5488 (86)
932 5425 1028 5475 Ms.
1059 5425 1250 5483 codex,
1272 5425 1551 5484 ποικίλοιο,
1581 5423 1856 5488 cori‘npte.

787 5488 898 5562 (87)
928 5494 1009 5543 Οὐ
1031 5493 1567 5560 συγηιιιτηρίθμηται
1588 5492 1654 5544 δὲ
1689 5493 1915 5555 τούτοις
1935 5488 2108 5557 γυνή.
2139 5488 2278 5562 Scri-

718 5559 928 5629 pturain
961 5562 1037 5612 ait
1067 5559 1403 5626 itiajcstatein
1433 5578 1582 5611 suam
1611 5563 1661 5612 in
1708 5564 1806 5612 hoc
1853 5575 2090 5620 servare,
2125 5559 2269 5624 quod

724 5631 991 5686 restitutio
1015 5637 1297 5696 parentum
1325 5629 1672 5694 omniumque
1705 5632 1964 5681 bonorum
1998 5629 2048 5678 in
2090 5642 2272 5678 resur-

720 5698 954 5750 rectione
984 5697 1353 5766 promittatur,
1385 5709 1803 5766 uxorcitantnm
1844 5708 2094 5759 excepta;
2146 5696 2269 5760 quia

720 5766 792 5832 pii
830 5765 1030 5821 similes
1066 5767 1237 5820 futuri
1272 5775 1399 5820 sunt
1431 5765 1653 5834 angelis.
1699 5768 1812 5831 Sic,
1844 5775 1902 5815 ut
1927 5768 2268 5817 observatum

2385 5023 2522 5066 esta
2575 5011 2901 5074 Wetstenio,
2964 5011 3325 5065 Tertullianus
3375 5012 3467 5066 lib.
3521 5027 3538 5066 ι
3579 5012 3659 5064 Ad
3706 5029 3942 5080 uxorem,

2384 5099 2506 5148 cap.
2546 5082 2568 5132 ί
2609 5099 2623 5132 :
2659 5099 2676 5130 ι
2713 5083 3036 5134 Christianis
3065 5081 3262 5133 smculo
3307 5081 3564 5149 digressis
3597 5082 3737 5134 nulla
3789 5087 3946 5135 resti-

2383 5153 2517 5202 tutio
2542 5151 2853 5215 nuptiarum
2885 5151 2937 5202 in
2967 5152 3052 5202 die
3082 5150 3497 5203 resurrectionis
3527 5151 3941 5217 repromittitur;

2383 5220 2657 5271 translatis
2681 5219 2889 5272 scilicet
2916 5221 2968 5270 in
2998 5219 3295 5286 angelicam
3327 5219 3642 5284 qualitatem
3665 5229 3722 5272 et
3742 5221 3942 5272 saneti-

2383 5297 2569 5338 latent.
2611 5306 2629 5337 ι
2667 5288 2812 5358 Nihil
2842 5288 3045 5358 verius,
3089 5300 3148 5358 at
3173 5288 3365 5358 mirum
3391 5303 3496 5358 _cn_r
3526 5287 3727 5358 subtlat
3747 5289 3941 5358 Origef

2380 5371 2483 5427 nes
2511 5374 2524 5408 :
2549 5358 2622 5427 Οὐ
2643 5357 2763 5427 ,γὰρ
2799 5356 3007 5427 εἴρηται
3027 5372 3039 5383 ·
3078 5357 3184 5427 πᾶς
3209 5355 3587 5427 ὅστις-ἀφῆκεν
3623 5352 3884 5427 ἁδελφοὺξ
3907 5357 3938 5426 ἢ

2380 5373 2474 5406 nes
2511 5373 2622 5408 :UU
2657 5373 2763 5427 γαρ
2799 5373 2881 5424 ειρ
2921 5373 3039 5406 ται·
3078 5373 3184 5419 πας
3209 5373 3352 5418 οστις
3379 5373 3587 5425 αφηκεν
3623 5373 3884 5424 αοελφους
3907 5373 3938 5426 η

2379 5423 2656 5494 ἀδελφὰςῆ
2679 5373 2923 5493 γονεῖςᾷλ
2949 5425 3129 5488 τέκνα,
3156 5426 3187 5494 ἢ
3221 5424 3483 5494 ἀγρούς-ἢ
3514 5427 3721 5487 οἰκίας,
3829 5440 3939 5494 ,γν-

2379 5440 2608 5492 αοεΑφας
2625 5440 2656 5494 η
2679 5443 2869 5493 γονεις,
2893 5440 2923 5492 η
2949 5440 3129 5488 τεκνα,
3156 5440 3187 5494 η
3221 5440 3433 5494 αγρους-
3451 5440 3483 5493 η
3514 5440 3721 5487 οικιας,
3771 5440 3807 5494 η
3915 5450 3939 5464 -

2376 5495 2533 5545 ναῐκα
2565 5495 2745 5549 ἕνεκεν
2766 5495 2855 5547 τοῦ
2881 5495 3140 5563 ὀνόματός
3160 5512 3283 5563 μου,
3311 5492 3744 5550 πολλαπλασίονα
3777 5440 3939 5560 ληπ-

2378 5577 2501 5614 ταιο
2545 5564 2657 5614 hzee
2695 5565 2836 5615 enim
2879 5567 3055 5616 omnia
3083 5565 3283 5628 scripta
3317 5564 3554 5628 reperies
3595 5565 3646 5615 in
3683 5568 3934 5615 omnibus

2379 5631 2538 5700 codd.
2583 5631 2788 5685 Grrecis
2837 5632 3048 5694 Mattln,
3100 5649 3227 5690 χιι,
3272 5630 3374 5700 29,
3408 5633 3454 5684 si
3494 5631 3652 5684 modo
3696 5631 3938 5700 excipias

2377 5698 2558 5767 Cant.,
2597 5703 2687 5753 ubi
2738 5711 2873 5754 teste
2900 5701 3064 5754 Millio
3096 5699 3312 5770 decstﬂ
3353 5703 3607 5770 γυναῖκα.
3824 5698 3839 5700 ’
3918 5718 3927 5726 ·
