4132 6314
733 433 843 492 58⁸1

2221 432 2541 488 ΟΜΟΕΜΞ

3894 438 3986 495 583

731 556 990 629 plaudent
1019 569 1180 608 tnanu
1211 572 1230 605 ι
1269 553 1320 606 in
1357 551 1590 622 idipsum
1622 552 1689 619 ³⁸,
1732 524 2082 608 ett-montes
2120 555 2289 608 exsul-

2404 555 2532 624 περὶ
2562 553 2988 624 Χριστιανισμοῦ
3033 554 3247 627 ἀγῶνα·
3285 557 3379 610 καὶ
3425 558 3541 629 ἦτοι
3573 559 3623 611 οἱ
3656 559 3713 612 ἐν
3743 559 3988 630 οὐρανοῖς

737 648 952 712 tabunt,
990 635 1045 699 et
1079 644 1262 700 omnia
1288 643 1432 713 ligna
1459 635 1652 711 campi'
1689 642 1859 697 ramis
1907 642 2024 697 suis
2076 642 2301 712 applau-

731 739 863 792 dcnt
893 736 970 802 ³⁹;
1004 753 1023 788 ι
1058 735 1166 799 vel,
1207 734 1350 802 quod
1388 734 1565 788 absit!
1607 731 1834 787 inferna:
1883 747 2003 800 quae
2032 731 2189 786 malis
2217 731 2305 785 dea

734 831 1022 894 laetantur,
1059 835 1360 898 potestates
1390 825 1743 879 lzetabuntur.
1772 825 1938 895 286
1959 822 2082 879 'Nec
2115 819 2214 877 abs
2243 837 2304 877 re
2335 871 2339 874 ,

729 923 838 976 erit
865 933 975 989 quo
1012 917 1184 987 magis
1227 915 1530 985 negationis
1561 915 1900 991 impietatem
1955 915 2301 976 horreamus,

729 1027 798 1066 ex
827 1011 895 1066 iis
923 999 1045 1079 quae
1070 1007 1291 1076 scripsit
1333 1005 1503 1063 Isaias
1535 1005 1724 1061 videre
1758 1019 2007 1073 quaenam
2040 999 2196 1074 apud
2221 1006 2305 1060 in-

727 1100 878 1154 feros
923 1097 1149 1154 dicenda
1185 1097 1295 1150 sint.
1327 1094 1487 1176 victis
1514 1103 1570 1148 et
1606 1109 1635 1148 a
1671 1093 1881 1148 coalein
1919 1095 2183 1164 martyrio
2219 1094 2301 1148 la-

729 1193 870 1261 psis.-
903 1189 1042 1243 Puto
1086 1188 1230 1243 enim
1281 1189 1401 1242 luce
1426 1187 1601 1254 eiqui
1631 1184 1908 1254 negaverit
1954 1185 2158 1239 dictum
2193 1185 2298 1239 iri:

733 1301 754 1334 ε
791 1278 1047 1337 lnfernus
1067 1281 1259 1335 subter
1290 1278 1654 1333 exacerbatus
1685 1285 1774 1331 est
1806 1291 2105 1332 occurrens
2159 1277 2296 1342 tibi;

727 1379 1201 1428 consurrexerunt
1233 1371 1328 1424 tibi
1375 1383 1564 1424 omnes
1594 1367 1842 1438 gigantes
1870 1365 1964 1436 qui
2018 1365 2301 1436 principa-

724 1461 926 1518 liantur
959 1471 1136 1525 terrae,
1164 1461 1258 1530 qui
1287 1459 1603 1516 excitabant
1623 1458 1692 1512 de
1718 1457 1873 1513 soliis
1897 1471 2084 1512 eorum
2110 1472 2302 1512 omnes

728 1565 890 1620 reges
924 1551 1192 1621 gentium.
1252 1551 1507 1607 Universi
1556 1547 1968 1618 respondebunt
2018 1558 2073 1603 et
2117 1549 2302 1603 dicent

725 1641 827 1696 tibi
859 1640 928 1693 ⁸⁸.
969 1659 988 1693 υ
1032 1640 1172 1706 Quid
1196 1651 1376 1698 autem
1403 1639 1591 1694 dicent
1620 1639 1779 1694 vietis
1807 1640 1964 1694 victa:
2002 1648 2301 1709 potestates

724 1744 781 1787 et
820 1748 849 1785 a
891 1732 1108 1786 diabolo
1134 1732 1276 1801 capti
1308 1733 1396 1787 his
1424 1732 1515 1803 qui
1540 1731 1594 1787 in
1623 1731 1912 1801 negatione
1938 1733 2080 1802 capti
2104 1732 2302 1786 erunt?

738 1840 757 1873 ι
794 1823 859 1875 Et
889 1832 942 1875 tu
975 1830 1170 1890 captus
1201 1836 1261 1875 es
1285 1821 1430 1876 sicut
1463 1830 1518 1876 et
1559 1834 1662 1876 nos
1691 1820 1758 1874 “.
1793 1838 1813 1873 ι
1855 1820 1968 1874 Etsi
2018 1834 2149 1874 vero
2177 1821 2299 1888 quis

723 1927 934 1987 magna:
963 1921 1019 1967 et
1066 1913 1313 1984 gloriosae
1355 1914 1410 1967 in
1443 1913 1561 1968 Deo
1595 1912 1718 1981 spei
1777 1911 1944 1966 fuerit
1974 1952 1989 1976 ,
2023 1921 2201 1966 tamen
2251 1911 2296 1966 si

723 2015 915 2075 postea
959 2019 1056 2059 seu
1089 2005 1383 2059 timiditate
1411 2018 1507 2059 seu
1535 2004 1766 2072 objectis
1817 2001 2093 2057 laboribus
2121 2003 2297 2057 vietus

721 2095 851 2157 erit,
892 2095 1008 2149 haec
1049 2110 1079 2148 a
1117 2094 1228 2148 Deo
1279 2093 1505 2148 audiet:
1551 2111 1572 2145 ‹
1629 2093 1925 2148 Descendit
1979 2092 2046 2146 ad
2091 2091 2298 2148 inferos

721 2183 892 2254 gloria
929 2193 1042 2244 tua,
1071 2183 1264 2238 subter
1291 2191 1342 2236 te
1370 2168 1651 2238 Sternetur
1679 2183 1913 2251 putredo
1939 2221 1955 2248 ,
2014 2190 2070 2237 et
2117 2182 2297 2252 operi-

723 2285 968 2328 mentum
1000 2283 1149 2327 tuum
1197 2275 1302 2328 erit
1329 2275 1533 2328 vermis
1573 2275 1639 2327 ".
1679 2293 1699 2326 ι
1733 2273 1790 2329 Si
1821 2274 1944 2344 quis
1993 2273 2156 2328 etiam
2192 2273 2296 2327 ful-

723 2377 858 2433 gens
888 2363 941 2416 in
965 2361 1222 2417 Ecelesiis
1250 2377 1394 2431 saepe
1424 2371 1482 2417 ut
1515 2362 1736 2417 Lucifer
1763 2363 2033 2432 apparuit,
2066 2362 2303 2417 lucenti-

722 2454 825 2509 lius
872 2453 1128 2522 operibus
1156 2451 1274 2521 ejus
1300 2451 1459 2526 bonis
1489 2467 1678 2507 coram
1717 2453 2053 2518 humi-nibus,
2099 2452 2294 2506 deinde

726 2556 922 2612 magno
958 2541 1244 2596 certamini
1280 2541 1608 2597 commissus
1638 2557 1670 2597 ιι
1696 2550 1841 2596 tanta
1871 2556 2074 2598 corona
2109 2550 2292 2597 tanto-

721 2647 828 2700 que
860 2630 999 2686 solio
1030 2631 1316 2693 exciderit,
1350 2632 1540 2685 audiet
1571 2643 1599 2686 :‘
1633 2649 1654 2683 ι
1687 2632 1971 2698 Quomodo
2000 2633 2196 2687 cecidit
2224 2632 2292 2686 de

722 2707 875 2780 etelo'
910 2723 1126 2778 Lucifer
1157 2722 1247 2790 qui
1273 2736 1431 2777 mane
1459 2723 1781 2777 oriebatur?
1804 2724 2088 2779 Contritus
2115 2732 2199 2779 est
2235 2725 2288 2777 in

720 2826 926 2869 terram
958 2814 1024 2868 ”.
1063 2833 1082 2866 ι
1120 2813 1245 2869 llaec
1277 2813 1445 2870 etiam
1480 2817 1548 2867 ad
1581 2829 1704 2868 eum
1741 2813 1990 2869 dicentur
2018 2829 2142 2870 cum
2173 2815 2291 2869 dia-

718 2907 846 2962 bolo
896 2921 996 2976 per
1038 2905 1381 2974 negationem
1430 2904 1624 2959 similis
1660 2903 1837 2959 factus
1870 2905 2016 2960 erit:
2057 2924 2078 2958 ι
2113 2906 2290 2974 Proji-

717 3000 934 3052 cientur
967 2999 1020 3051 in
1055 2997 1334 3061 mentibus
1359 3034 1376 3062 ,
1427 2996 1567 3052 sicut
1598 2998 1846 3054 mortuus
1901 2997 2244 3051 abominatus
2267 3037 2282 3064 ,

713 3103 838 3146 cum
871 3087 1055 3142 multis
1088 3086 1358 3152 mortuis;
1396 3080 1854 3168 quemadmodum
1898 3088 2286 3168 vestimentum

2378 659 2382 664 '
2407 643 2625 712 ἄγγελοι
2649 645 2734 711 ἐφ’
2753 647 2883 716 ἡμῖν
2914 646 3400 717 εὐφρανθήσονται,
3435 648 3528 701 καὶ
3557 667 3574 698 ι
3611 650 3843 719 ποταμοὶ
3863 666 3984 720 κρο-

2369 778 2372 781 .
2407 733 2630 802 τήσουσι
2651 734 2792 804 χειρὶ
2823 753 2842 785 ι
2874 736 2968 788 ἐπὶ
2991 735 3052 788 τὸ
3074 737 3224 800 αὐτὸ,
3249 738 3342 791 καὶ
3375 757 3393 788 ι
3422 737 3491 790 τά
3518 739 3618 810 ὅρη
3643 739 3986 807 άγαλλιάσον-

2406 837 2534 902 ται,
2566 825 2663 876 καὶ
2696 825 2876 877 πάντα
2908 825 2976 878 τά
3001 825 3132 890 ξύλα
3163 826 3258 880 τοῦ
3292 827 3472 880 πεδίου
3503 831 3853 900 ἐπικροτήσει
3883 833 3983 893 τοῖς

2407 915 2648 978 κλάδοις·
2679 935 2698 967 ι
2728 917 2784 987 ἢ,
2804 917 2832 968 ὃ
2860 917 2933 989 μὴ
2957 917 3071 989 sit]!
3093 919 3150 970 at
3173 903 3322 972 κάτω
3341 919 3594 990 δυνάμεις
3622 922 3679 974 αἱ
3705 924 3984 994 ἐπιχαιρη-

2407 1007 2618 1060 σίκακοι
2647 1009 3156 1080 εὐφρανθήσονται.
3214 1011 3381 1065 Οὐδὲν
3432 1013 3489 1064 δὲ
3517 1014 3717 1067 ἄτοπον
3765 1015 3897 1066 ἰδεῖν
3925 1017 4007 1078 ἐκ,

2405 1098 2512 1151 τῶν
2537 1097 2616 1168 τῷ
2653 1099 2851 1170 Ἡσαΐᾳ
2881 1101 3280 1172 γεγραμμένων
3331 1102 3400 1156 τὰ
3455 1103 3830 1176 λεχθησόμενα
3885 1105 3981 1158 ὑπὸ

2405 1184 2511 1240 τῶν
2552 1189 2609 1239 ἐν
2654 1187 2779 1256 ᾇδου
2808 1190 2922 1251 τοῖς
2951 1191 3326 1260 νενικημένοις
3354 1191 3449 1247 καὶ
3480 1191 3588 1243 ἀπὸ
3611 1192 3702 1244 τοῦ
3739 1193 3980 1264 οὐρανίου

2408 1277 2703 1347 μαρτυρίου
2735 1280 3245 1344 καταπεπτωκόσιν,
3276 1281 3343 1333 ἵν’
3368 1281 3449 1356 ἐτι
3488 1281 3773 1354 φρίξωμεν
3800 1284 3902 1354 τὴν
3929 1287 3982 1336 ἐν

2403 1365 2480 1436 τῷ
2507 1367 2788 1437 ἀρνεῖσθαι
2822 1369 3098 1424 ἀσέϐειαν.
3120 1369 3494 1442 Δεχθήσεσθαι
3516 1371 3626 1442 γάρ
3655 1370 3831 1443 οἶμαι,
3855 1377 3983 1445 πρὸς

2402 1457 2495 1508 τὸν
2522 1458 2900 1528 ἀρνησάμενον
2927 1458 3183 1512 τοιαῦτα·
3231 1481 3250 1511 ι
3292 1462 3349 1514 Ὁ
3391 1462 3526 1533 ᾅδης
3555 1464 3814 1517 κάτωθεν
3867 1469 3981 1518 ἐπι-

2403 1543 2612 1615 κράνθη
2645 1546 2983 1616 συναντήσας
3018 1563 3127 1600 σοι·
3166 1549 3576 1621 συνηγέρθησάν
3598 1568 3682 1604 σοι
3701 1553 3910 1615 ’πάντες
3935 1554 3980 1604 oi

2401 1635 2652 1703 γίγαντες
2677 1636 2725 1687 οἱ
2759 1634 3023 1705 ἄρξαντες
3045 1638 3146 1708 τῆς
3173 1639 3275 1710 γ’ἧς
3303 1657 3317 1670 ’
3352 1643 3401 1693 οἱ
3435 1641 3744 1710 ἐγείραντες
3783 1644 3850 1696 ἐκ
3879 1644 3980 1698 τῶν

2403 1715 2608 1794 θρόνων
2651 1725 2829 1778 αὐτῶν
2856 1728 3065 1793 πάντας
3103 1730 3344 1800 βασιλεῖς
3379 1733 3568 1787 ἐθνῶν.
3609 1735 3823 1801 Πάντες
3849 1737 3980 1789 ἁπο-

2402 1815 2772 1886 κριθὴσονται,
2799 1821 2894 1872 καὶ
2914 1819 3098 1891 ἐροῦσί
3126 1837 3227 1874 σοι.
3266 1837 3288 1872 r
3306 1821 3438 1874 Τίνα
3455 1823 3515 1876 δὲ
3541 1823 3757 1894 ἐροῦσιν
3774 1826 3831 1877 αῖ
3847 1842 3980 1879 νενι-

2400 1905 2635 1974 κημέναι
2659 1906 2921 1977 δυνάμεις
2957 1911 3072 1971 τοῖς
3113 1911 3515 1981 νενικημένοις,
3549 1913 3642 1965 καὶ
3661 1913 3710 1965 οἱ
3751 1913 3859 1966 ὑπὸ
3885 1913 3976 1967 τοῦ

2398 1993 2644 2046 διαϐόλου
2677 1996 2976 2060 ἐαλωκότες
3002 2001 3114 2062 τοῖς
3137 2000 3195 2052 ἐν
3233 2001 3457 2071 ἀρνήσει
3484 2002 3745 2055 ἑαλωκόσι
3767 2020 3780 2068 ;
3825 2019 3844 2054 ι
3868 2003 3975 2056 Καὶ

2399 2085 2464 2138 σὺ
2502 2086 2693 2149 ἑάλως,
2729 2087 2917 2160 ὥσπερ
2951 2091 3046 2144 καὶ
3083 2093 3264 2161 ἡμεῖς.
3303 2111 3321 2143 ι
3369 2093 3494 2147 Ἐάν
3525 2093 3583 2146 δέ
3608 2095 3702 2147 καὶ
3737 2095 3975 2164 μεγάλης

2396 2192 2480 2240 τις
2511 2176 2721 2241 ἐλπίδος
2754 2181 3035 2248 τυγχάνων
3074 2181 3170 2232 καὶ
3209 2181 3420 2247 ἐνδόξου
3445 2184 3544 2252 τῆς
3587 2185 3645 2238 ἐν
3693 2185 3842 2254 Θεῷ,
3872 2185 3975 2238 ὑπὸ

2394 2265 2594 2330 δειλίας
2623 2267 2656 2338 ἢ
2685 2269 2862 2321 πόνων
2885 2270 3308 2340 προσαγομένων
3345 2272 3614 2343 ἡττηθεὶς,
3636 2274 3692 2326 ἐν
3713 2273 3833 2343 Θεῷ
3864 2273 3972 2344 (92)

2394 2354 2686 2410 dotatissima
2706 2373 2719 2386 ’
2755 2377 2774 2408 ι
2803 2358 3024 2430 Κατέΰη
3053 2362 3134 2422 εἰς
3155 2360 3283 2430 ᾅδου
3326 2363 3360 2432 ή
3391 2361 3518 2427 δόξα
3556 2379 3680 2416 σουο
3715 2364 3973 2418 ὑποκάτω

2396 2461 2488 2498 σου
2514 2445 2814 2517 στρώσουσι
2842 2449 3026 2518 σῆψιν,
3059 2451 3154 2502 καὶ
3184 2451 3245 2504 τὸ
3276 2451 3685 2523 κατακάλυμμά
3719 2471 3813 2507 σου
3839 2455 3973 2509 σκώ-

2392 2533 2509 2604 ληξ.
2537 2554 2554 2585 ι
2573 2538 2635 2588 El
2663 2537 2720 2589 δὲ
2748 2538 2841 2590 καὶ
2864 2533 3072 2608 ἔλαμψέ
3090 2557 3173 2603 τις
3194 2542 3252 2593 ἐν
3272 2546 3393 2605 ταῖς
3419 2544 3763 2613 Ἐκκλησίαις
3783 2545 3973 2599 πολλά-

2391 2639 2498 2689 κις,
2529 2625 2604 2686 ὡς
2629 2628 2658 2678 ό
2692 2628 2998 2698 Ἑωσφόρος
3030 2619 3452 2701 ἐπιφαινόμενος
3481 2634 3692 2697 αὑταῖς,
3721 2635 3969 2705 λαμψάν-

2390 2728 2495 2765 των
2522 2713 2688 2766 αὐτοῦ
2714 2716 2822 2769 τῷν
2851 2717 3032 2771 καλῶν
3074 2715 3252 2789 ἔργων
3280 2719 3591 2792 ἔμπροσθεν
3619 2724 3727 2775 τῶν
3759 2724 3969 2795 ἀνθρώ-

2391 2817 2531 2866 πων,
2562 2804 2656 2855 καὶ
2697 2804 2834 2874 μετά
2877 2805 3051 2860 ταῦτα
3099 2809 3196 2862 τὸν
3250 2809 3422 2878 μέγαν
3488 2812 3674 2878 ἀγῶνα
3707 2813 3971 2880 ἀγωνιζό-

2393 2907 2576 2958 μενος,
2618 2894 2708 2947 τὸν
2737 2896 2996 2963 στέφανον
3023 2897 3334 2952 ἀπολώλεκε
3353 2900 3448 2953 τοῦ
3482 2903 3725 2955 τοιούτου
3753 2904 3964 2973 θρόνου,

2391 2981 2704 3036 ἀκούσεται·
2732 3004 2749 3034 ι
2770 2986 2894 3050 Πῶς
2920 2987 3177 3051 ἐξέπεσεν
3209 2991 3272 3042 ἐκ
3299 2990 3394 3042 τοῦ
3424 2993 3653 3061 οὐρανοῦ
3678 2996 3706 3045 ὁ
3743 2995 3970 3063 Ἑωσφό-
3995 2978 4000 2982 ⁷

2388 3090 2500 3144 ρος,
2535 3076 2563 3127 ό
2586 3075 2728 3146 πρωῒ
2753 3079 3091 3145 ἁνατέλλων;
3121 3082 3404 3154 συνετρίϐη
3423 3084 3515 3136 ἐπὶ
3546 3085 3646 3155 τὴν
3671 3086 3794 3154 γῆν.
3819 3105 3838 3136 ι
3863 3086 3971 3138 Καὶ

715 3182 981 3251 sanguine
1017 3194 1369 3249 conspersum
1401 3195 1508 3234 non
1535 3181 1641 3233 erit
1681 3164 1969 3258 mundum,
2005 3181 2078 3234 ita
2108 3163 2286 3251 neque

2392 3163 2541 3216 τοῦτο
2557 3164 2614 3217 δὲ
2636 3167 2770 3236 πρὸς
2791 3169 2951 3222 αὐτὸν
2972 3169 3290 3240 λεχθήσεται
3312 3172 3389 3241 τῷ
3410 3173 3636 3243 διαϐόλῳ
3655 3174 3742 3227 διὰ
3754 3174 3857 3244 τῆς
3872 3176 3970 3245 ἀρ-

718 3284 774 3327 ιυ
800 3274 912 3328 eris
939 3271 1174 3327 mundus
1201 3273 1270 3326 “.
1302 3291 1322 3324 ι
1357 3270 1642 3337 Quomodo
1676 3270 1820 3324 enim
1848 3273 2082 3326 mundus
2116 3281 2279 3338 esset,

713 3363 1079 3418 abominanda
1130 3362 1438 3430 negationis
1470 3360 1698 3426 scelere,
1738 3374 1834 3414 ceu
1864 3364 2011 3415 caede
2049 3371 2104 3414 et
2152 3378 2282 3416 san-

714 3454 884 3523 guine
911 3453 1174 3521 pollutus,
1223 3460 1279 3506 et
1313 3461 1467 3507 tanto
1492 3451 1637 3512 malo
1669 3451 2028 3520 inquinatus?
2079 3451 2284 3506 Cavea-

714 3558 834 3596 mus
864 3557 931 3596 ne
973 3543 1057 3597 vel
1091 3543 1357 3598 dubitatio
1411 3555 1651 3617 unquam
1706 3542 1864 3596 nobis
1893 3542 2179 3597 oboriatur
2210 3558 2277 3598 an

713 3633 1020 3702 negandum
1043 3634 1137 3698 sit,
1166 3649 1234 3688 an
1256 3633 1658 3692 confitendum:
1682 3647 1749 3700 ne
1779 3643 1832 3686 et
1860 3634 1926 3686 ad
1951 3648 2048 3696 nos
2070 3635 2284 3689 dicatur

650 3718 657 3723 ’
713 3723 803 3777 hic
837 3723 965 3778 Elia:
1016 3738 1199 3778 sermo
1228 3740 1243 3778 :
1301 3743 1318 3774 ι
1351 3723 1648 3792 Usquequo
1682 3723 2016 3778 claudicatis.
2058 3725 2111 3778 in
2145 3724 2281 3780 duas

711 3813 936 3880 partes?
968 3812 1024 3866 Si
1074 3813 1334 3868 Dominus
1362 3823 1448 3866 est
1479 3814 1643 3877 Deus,
1676 3813 1965 3881 sequimini
2005 3827 2127 3868 eum
2153 3817 2218 3869 ⁵⁸.
2251 3835 2273 3867 ι

2391 3256 2596 3324 νήσεως
2642 3256 3028 3327 ὼμοιωμένον’
3065 3279 3086 3313 t
3132 3261 3475 3331 Ῥιφήσονται
3526 3265 3584 3318 ἐν
3615 3267 3731 3327 τοῖς
3763 3266 3968 3336 ὄρεσιν,

2389 3346 2466 3407 ὡς
2493 3347 2684 3416 νεκρὸς
2716 3348 3104 3419 ἐϐδελυγμένος
3147 3351 3287 3421 μετὰ
3340 3352 3547 3408 πολλῶν
3588 3355 3926 3424 τεθνηκότων
3953 3373 3966 3385 ·

2387 3435 2446 3486 ὃν
2478 3436 2678 3504 τρόπον
2710 3439 2924 3506 ἱμάτιον
2956 3442 3027 3508 ἐν,
3051 3441 3248 3511 αἵματι
3292 3444 3637 3514 πεφυρμένον
3680 3446 3783 3498 οὐκ
3816 3445 3971 3500 ἔσται

2389 3524 2648 3595 καθαρὸν,
2666 3526 2837 3590 οὕτως
2852 3529 2973 3581 οὐδέ
2996 3531 3058 3582 σὺ
3087 3531 3182 3601 ἔσῃ
3204 3533 3438 3603 καθαρός
3457 3550 3469 3564 ’
3495 3554 3512 3584 ι
3540 3535 3657 3598 πῶς
3678 3537 3788 3607 γὰρ
3817 3538 3969 3590 ἔσται

2389 3615 2644 3687 καθαρὸς,
2679 3620 2866 3688 αἵματι
2909 3621 3002 3672 καὶ
3036 3621 3214 3692 φόνῳ,
3248 3623 3325 3694 τῷ
3359 3624 3630 3696 βδελυκτῷ
3660 3628 3762 3696 τῆς
3803 3629 3970 3700 ἀρνή-

2389 3723 2524 3770 σεως
2544 3709 2843 3779 πταίσματι
2864 3713 3253 3782 μεμιασμένος,
3273 3717 3365 3768 καὶ
3384 3717 3802 3789 ἐμπεφυρμένος
3824 3719 3973 3790 τηλιρ

2392 3797 2576 3867 κούτῳ
2607 3799 2798 3869 κακῷ;
2842 3801 3177 3872 Πρόσχωμεν
3200 3842 3216 3868 ,
3275 3806 3349 3875 μή
3381 3823 3509 3858 ποτε
3543 3806 3646 3859 κᾶν
3673 3807 3970 3878 δισταγμὸς

711 3911 837 3980 περὶ
858 3908 950 3961 τοῦ
973 3908 1201 3980 πότερόν
1229 3924 1359 3960 ποτε
1387 3907 1678 3977 ἀρνητέον,
1773 3908 2153 3996 ὁμολογητέον,
2196 3911 2419 3982 γένηται
2467 3917 2524 3968 ἐν
2573 3917 2735 3986 ἡμῖν·
2776 3917 2863 3970 ἴνα
2912 3917 2986 3987 μὴ
3041 3918 3134 3970 καὶ
3165 3919 3302 3990 πρὸς
3343 3920 3490 3988 ἡμᾶς
3537 3921 3566 3972 ό
3620 3920 3715 3972 τοῦ
3786 3919 3966 3973 Ἡλίου

709 4002 873 4072 λεχθῇ
899 4003 1075 4070 λόγος,
1101 4001 1273 4064 οὓτως
1306 4001 1476 4070 ἔχωνο
1517 4020 1537 4050 ι
1579 4003 1723 4063 Ἕως
1759 4001 1888 4054 πότε
1942 4005 2101 4073 ὑμεῖς
2137 4006 2426 4074 χωλανεῖτε
2485 4009 2570 4060 ἐπ’
2619 4009 2954 4080 ἀμφοτέραις
2992 4014 3115 4073 ταῖς
3147 4012 3390 4078 ῖγνύαις;

710 4089 862 4152 Θεὸς,
899 4089 1192 4160 πορεύεσθε
1221 4091 1398 4142 ὀπίσω
1441 4089 1626 4143 αὐτοῦ.
1665 4109 1684 4141 ›

784 4208 872 4262 19.
904 4204 1212 4259 Verisimile
1236 4215 1320 4258 est
1352 4214 1534 4260 autem
1586 4222 1684 4260 nos
1712 4215 1767 4260 et
1806 4208 2218 4262 subsannandos
2251 4224 2277 4262 a

712 4297 1036 4366 quibusdam
1067 4310 1121 4352 et
1151 4295 1444 4365 opprobrio
1479 4298 1759 4351 habendos
1791 4313 1820 4350 a
1846 4300 2041 4354 vicinis
2078 4302 2279 4355 nostris

709 4390 802 4455 qui
831 4397 959 4441 sunt
987 4389 1038 4440 in
1088 4388 1323 4442 circuitu
1356 4397 1542 4459 nostro
1572 4431 1586 4454 ,
1643 4390 1844 4460 quique
1879 4405 2042 4457 super
2073 4405 2168 4444 nos
2221 4401 2280 4444 ut

708 4492 872 4544 super
898 4476 1180 4534 dementes
1201 4487 1366 4547 caput
1398 4479 1698 4555 movebunt
1723 4496 1736 4531 :
1771 4495 1892 4547 qua:
1917 4494 2038 4533 cum
2066 4481 2277 4534 accide-

712 4568 842 4626 rint,
871 4565 1117 4620 dicamus
1162 4567 1272 4620 Deo
1303 4585 1317 4621 :
1355 4586 1374 4618 ι
1403 4568 1638 4623 Posuisti
1676 4583 1773 4623 nos
1805 4570 2161 4637 opprobrium
2192 4569 2276 4622 vi~

709 4657 846 4709 cinis
879 4655 1110 4718 nostris,
1151 4658 1636 4712 subsannationet‘n
1680 4667 1735 4712 et
1783 4662 2021 4715 derisum
2062 4660 2148 4715 bis
2182 4660 2273 4729 qui

707 4755 834 4798 sunt
870 4746 921 4798 in
958 4745 1194 4800 circuitu
1227 4755 1433 4799 nostro.
1470 4746 1709 4800 Posuisti
1749 4749 1926 4802 τιθείη
1957 4749 2272 4803 similitudi-

708 4848 829 4886 nem
866 4835 1120 4903 gentibus
1147 4873 1161 4896 ,
1198 4835 1622 4887 commotionem
1680 4836 1877 4902 capitis
1935 4838 1985 4889 in
2039 4839 2272 4905 populis.

708 4923 841 4976 'l‘ota
867 4925 952 4977 die
981 4924 1302 4978 verecundia
1329 4938 1445 4976 mea
1478 4937 1666 4976 contra
1709 4937 1898 4979 incest
1941 4937 1996 4978 et
2033 4929 2278 4982 confusio

707 5013 862 5065 faciei
894 5027 1024 5066 mea:
1048 5013 1328 5079 cooperuit
1358 5027 1463 5072 me.
1487 5027 1515 5064 a
1546 5027 1676 5065 voce
1695 5014 2076 5079 exprobrantis
2104 5024 2156 5068 et
2183 5019 2280 5069 ob-

3437 4013 3486 4062 εἰ
3524 4011 3640 4063 ἐστι
3683 4010 3889 4079 Κύριος
3938 4013 3968 4064 6

2457 4209 2620 4272 Είκὸς
2650 4208 2707 4260 δέ
2737 4208 2884 4277 ὑμᾶς
2907 4209 3038 4278 (93),
3073 4209 3168 4262 καὶ
3195 4226 3370 4279 μυκτη
3382 4208 3728 4280 ρισθήσεσθαι
3754 4211 3861 4261 ὑπό
3881 4226 3964 4261 τι·

2387 4320 2491 4354 νων
2541 4301 2635 4354 καὶ
2683 4299 3142 4370 ὀνειδισῦήσεσθαι
3198 4298 3301 4352 ὑπὸ
3329 4299 3585 4367 γειτόνων
3618 4299 3965 4353 κυκλούντων

2384 4391 2529 4458 ὑμᾶς
2554 4428 2567 4450 ,
2605 4387 2703 4440 καῖ’
2749 4389 2847 4460 τὴν
2879 4388 3117 4459 κεφαλὴν
3151 4388 3226 4450 ὡς
3253 4389 3344 4442 ἐπὶ
3389 4391 3637 4458 ἀνοήτοις
3668 4388 3964 4445 κινούντων

2385 4479 2514 4546 ἡμῖν
2536 4494 2547 4505 ·
2586 4476 2721 4528 ἀλλά
2751 4476 2954 4528 τούτων
2999 4476 3404 4547 συμϐαινόντων
3429 4517 3444 4541 ,
3498 4479 3660 4548 ⁴ἡμεῖς
3711 4477 3964 4548 λέγωμεν
3998 4511 4000 4513 >

2387 4566 2519 4635 πρὸς
2545 4565 2714 4619 Θεόντ·
2751 4583 2770 4616 ι
2798 4565 2959 4618 Ἐθου
2988 4569 3136 4636 ἡμᾶς
3158 4566 3362 4632 όνειδος
3388 4571 3501 4630 τοῖς
3522 4569 3755 4634 γείτοσιν
3779 4569 3960 4637 ἡμῶν,

2383 4656 2761 4725 μυκτηρισμὸν
2789 4657 2880 4707 καὶ
2909 4657 3212 4727 χλευασμὸν
3233 4661 3346 4720 τοῖς
3379 4657 3563 4727 κύκλῳ
3585 4657 3761 4727 ἡμῶν.
3793 4658 3959 4710 Ἕθου

2381 4748 2530 4815 ἡμᾶς
2559 4749 2636 4809 εἰς
2668 4748 2980 4821 παραϐολὴν
3013 4752 3069 4802 ἐν
3098 4754 3209 4811 τοῖς
3237 4741 3446 4815 ἔθνεσι,
3477 4750 3687 4816 κίνησιν
3714 4749 3960 4818 κεφαλῆς

2379 4838 2436 4891 ἐν
2464 4839 2575 4900 τοῖς
2605 4837 2772 4900 λαοῖς.
2809 4838 2975 4908 Ὅλην
3007 4839 3105 4909 τὴν
3137 4839 3346 4910 ἡμέραν
3367 4841 3400 4908 ἡ
3423 4839 3658 4908 ἐντροπὴ
3694 4855 3795 4907 μου
3837 4841 3958 4890 κατ’

2380 4927 2621 5007 ἐναντίον
2653 4945 2752 4998 μου
2783 4930 2918 4992 ἐστὶ,
2944 4930 3036 4980 καὶ
3060 4931 3092 4998 ἡ
3118 4929 3342 4998 αἰσχύνη
3371 4927 3466 4980 τοῦ
3525 4927 3814 4998 προσώπου
3853 4947 3957 4999 μου

2381 5013 2617 5086 ἐκάλυψέ
2648 5035 2736 5088 με,
2767 5020 2874 5071 ἀπὸ
2896 5019 3079 5088 φωνῆς
3101 5017 3450 5082 ὀνειδίζοντος
3471 5021 3562 5072 καὶ
3589 5019 3955 5075 καταλαλῶν-

699 5102 978 5165 loquentis
1001 5141 1016 5165 ,
1048 5117 1076 5154 a
1114 5103 1251 5155 facie
1283 5101 1486 5154 inimici
1512 5111 1566 5153 et
1596 5101 1964 5169 persequentis
1989 5102 2057 5155 “.
2081 5123 2112 5162 ε»
2159 5104 2264 5158 Sed

2392 5099 2620 5168 :o'g,artb
2651 5108 2942 5178 προσώπου
2977 5109 3171 5178 ἐχθροῦ
3197 5111 3290 5162 καὶ
3328 5110 3693 5174 ἐκδιὼκοντος.
3722 5132 3740 5162 ι
3795 5111 3957 5163 Ἀλλά

706 5191 770 5244 ad
803 5192 916 5244 haec
951 5193 1202 5246 utendum
1234 5203 1318 5247 est.
1358 5191 1546 5246 liberis
1581 5192 1684 5246 illis
1719 5191 2005 5262 Propheta:
2039 5195 2271 5250 verbis:

711 5299 729 5330 ι
755 5279 880 5334 ιιωε
915 5281 1096 5335 omnia
1127 5293 1389 5338 venerunt
1421 5298 1586 5351 super
1617 5297 1718 5339 nos
1753 5298 1852 5338 nec
1893 5284 2045 5337 obliti
2075 5299 2266 5338 sumus

775 5474 818 5505 ³⁸
844 5473 984 5527 Psal.
1047 5489 1229 5537 xcv",
1291 5473 1342 5527 9;
1449 5473 1494 5504 "
1529 5474 1758 5539 lsa.“,
1826 5476 1915 5528 1‘2.

2011 5476 2054 5506 ⁸ο
2109 5473 2212 5528 lsa.
2273 5492 2381 5540 xlv,
2441 5479 2492 5541 9,
2549 5479 2634 5531 lO.

2380 5198 2518 5268 πρὸς
2550 5198 2723 5252 ταῦτα
2753 5200 2833 5251 δεῖ
2859 5201 2958 5270 τὴν
3003 5199 3140 5269 μετά
3193 5201 3505 5270 παρρησίας
3531 5201 3624 5253 τοῦ
3666 5204 3954 5270 προφήτου

2379 5287 2782 5360 ἐπιφερομένην
2809 5289 2990 5358 φωνὴν
3018 5292 3189 5342 εἰπεῖν
3221 5289 3298 5357 τῷ
3328 5288 3445 5357 Θεῷ
3469 5307 3481 5318 ·
3517 5309 3534 5338 ι
3559 5291 3744 5342 Ταῦτα
3774 5292 3955 5342 πάντα

3616 5480 3663 5511 ⁸³
3685 5478 3820 5537 Ibid.
3865 5479 3930 5532 12

2735 5481 2776 5508 ⁸³
2810 5477 2941 5532 Ibid.
2982 5481 3069 5536 ιθ.
3172 5479 3217 5511 δ’
3249 5479 3380 5533 Ibid.
3423 5481 3508 5536 11.

708 5541 753 5574 ⁸⁵
787 5544 918 5596 Ibid.
960 5544 1046 5598 l9.
1121 5544 1165 5575 “
1194 5544 1256 5598 ΙΙΙ
1290 5542 1422 5608 Reg.
1456 5559 1606 5605 xvtn,
1642 5547 1730 5599 2|.
1809 5546 1854 5576 ‘5
1895 5544 2036 5598 Psal.
2069 5561 2224 5608 xuii,
2259 5548 2289 5596 ιι

2392 5545 2470 5606 Ιὸ,
2500 5546 2588 5599 16.

703 5719 872 5840 9‘9?)
906 5719 1230 5786 'IIrthsic,
1284 5721 1353 5772 ἐν
1380 5718 1521 5784 Θεῷ,
1572 5733 1671 5774 cte.
1709 5720 1869 5789 Lego,
1901 5721 2128 5792 ἡττηθῇ,
2164 5721 2270 5773 ἀπὸ

751 5804 860 5840 too.
891 5799 995 5840 ctc.

751 5804 860 5849 εου,
891 5799 995 5842 etc.

2447 5722 2558 5802 (ρὸ)
2604 5722 2805 5802 Ὑμεῖς.
2856 5724 2982 5802 [.03.
3017 5729 3198 5802 ᾐμᾷς,
3232 5730 3419 5799 sicque
3475 5725 3636 5795 paulo
3687 5735 3808 5795 post
3841 5741 3937 5781 κυο

2376 5791 2641 5845 κλούντων
2675 5796 2840 5864 ἡμᾶς,
2876 5791 2979 5849 ιιόη
3008 5791 3169 5866 ὑμᾶς.
