4080 6306
168 465 268 522 589

1246 417 1692 527 EXHORTATIO
1731 464 1822 518 AD
1856 465 2046 520 MART
2054 463 2294 537 YRIUM.

3216 438 3221 443 ’
3287 472 3392 547 seq

166 581 326 654 ἦλθεν
364 583 450 652 ἐφ’
474 583 638 652 ἡμᾶς,
670 581 764 635 καὶ
795 583 894 633 οὐκ
919 580 1290 650 ἐπελαθόμεθὰ
1346 598 1460 645 σου,
1490 580 1586 633 καὶ
1630 581 1729 632 οὐκ

1833 589 1907 645 te,
1935 591 1986 636 et
2015 583 2178 652 237
2231 583 2412 652 inique
2449 597 2552 638 non
2581 563 2789 652 egimus
2817 584 2870 640 in
2919 572 3242 643 testamento
3277 602 3388 654 ιιιυ,

140 675 500 744 -ὴδικήσαμεν
533 674 588 724 ἐν
621 671 852 744 διαθήκῃ
898 689 1017 735 σου,
1055 671 1147 723 καὶ
1174 672 1273 724 οὐκ
1322 670 1526 739 ἀπέστη
1557 675 1635 733 εἰς
1662 672 1730 724 τὰ

167 765 342 815 ὀπίσω
368 765 403 833 ἡ
432 763 625 833 καρδία
659 761 835 832 ἡμῶν,
875 780 893 812 ι

233 853 694 922 Μνημονεύωμεν,
712 854 811 913 ὅτι,
833 854 889 904 ἐν
913 850 988 920 τῷ
1018 850 1116 921 βίῳ
1139 849 1310 919 τούτῳ
1353 852 1726 920 τυγχάνοντες,

169 945 259 996 καὶ
287 943 534 1006 νοοῦντες
571 944 668 1006 τὰς
708 943 810 1006 ἔξω
828 941 921 996 τοῦ
945 942 1057 1011 βίου
1073 941 1242 1006 ὀδοὺς,
1270 941 1347 1012 τῷ
1381 941 1498 1012 Θεῷ
1523 947 1724 1011 φαμεν,

168 1035 276 1086 ὅτι(
326 1033 641 1098 Ἐξέκλινας
667 1035 764 1095 τὰς
789 1034 1005 1105 τρίϐους
1025 1033 1180 1103 ἡμῶν
1201 1034 1306 1086 ἀπὸ
1319 1034 1417 1102 τῆς
1440 1033 1556 1086 ὁδοῦ
1580 1051 1689 1086 σου.
1705 1053 1723 1085 ›

180 1125 703 1196 Ἀναμιμνήσκεσθαι
730 1127 831 1189 δεῖ,
860 1127 940 1178 ὅτι
969 1127 1128 1189 τόπος
1155 1124 1448 1188 κακώσεώς
1487 1127 1600 1178 ἐστι
1632 1127 1730 1196 τῆς

168 1217 342 1286 ψυχῆς
362 1217 424 1268 τὺ
455 1218 650 1288 χωρίον
669 1215 848 1280 τοῦτο,
883 1218 938 1270 ὲν
963 1210 1007 1283 ᾧ
1037 1215 1496 1285 τεταπεινώμεθα,
1539 1215 1611 1290 ἵνί
1643 1216 1730 1268 εὐ·-

168 1307 379 1376 χόμενοι
413 1306 680 1378 λέγωμεν,
715 1307 795 1360 ὅτι
831 1327 848 1357 ι
894 1308 1290 1368 Ἐταπ;ίνωσας
1327 1309 1474 1376 ἡμᾶς
1506 1309 1561 1359 ὲν
1582 1307 1730 1378 τόπῳ

168 1399 480 1464 κακώσεως,
528 1401 618 1453 καὶ
657 1397 995 1468 ἐπεκάλυψεν
1045 1402 1190 1470 ἡμᾶς
1230 1399 1356 1453 σκιά
1415 1399 1665 1452 θανάτου.
1706 1419 1724 1451 ι

167 1491 511 1562 Θαρροῦντες·
545 1491 603 1544 δὲ
648 1491 894 1561 λέγωμεν
935 1491 1029 1542 καὶ
1082 1490 1160 1543 τό·
1201 1511 1218 1542 ι
1255 1493 1316 1545 Εἰ
1361 1488 1732 1561 ὲπελαθόμεθα

167 1582 257 1634 τοῦ
303 1583 566 1651 ὀνόματος
610 1581 702 1636 τοῦ
748 1583 881 1635 Θεοῦ
917 1582 1091 1653 ἡμῶν,
1126 1583 1220 1635 καὶ
1263 1585 1309 1635 εἰ
1339 1582 1730 1652 διεπετάσαμεν

167 1673 349 1741 χεῖρας
383 1670 541 1741 ἡμῶν
574 1672 709 1742 πρὸς
749 1671 866 1724 θεὸν
896 1671 1187 1747 ἀλλότριον,
1216 1673 1335 1742 οὐχὶ
1361 1674 1389 1724 ὁ
1409 1671 1539 1735 Θεὸς
1569 1673 1729 1742 ἐκζη-

165 1762 322 1830 τήσει
363 1761 574 1827 ταῦτα;
616 1781 634 1812 ι
1093 1839 1099 1844 _

233 1851 323 1920 Μὴ
361 1851 424 1904 τὸ
456 1855 516 1904 ἐν
554 1851 772 1922 φανερῷ
802 1853 857 1905 δὲ
905 1853 1060 1924 μόνον
1104 1852 1211 1921 (9-1)
1252 1852 1562 1923 μαρτύριον,
1596 1851 1729 1905 ἀλλὰ

167 1939 343 1991 καὶτὸ
383 1942 442 1990 ὲν
476 1940 700 2010 κρύπτῴ
741 1941 962 2004 τελείως
1004 1941 1288 1994 ἀναλαϐεῖν
1316 1939 1727 2011 ἀγωνισώμεθα,

167 2031 250 2084 ἵνα
280 2031 371 2082 καὶ
405 2032 556 2083 αὐτοὶ
582 2031 948 2095 ἀποστολικῶς
973 2031 1345 2102 φθεγξώμεθω
1378 2052 1395 2083 ‹
1429 2033 1596 2086 Τοῦτο
1624 2034 1732 2105 γὰρ

170 2122 283 2174 ἐστι
328 2122 389 2174 τὸ
436 2121 693 2192 καύχημα
726 2122 881 2192 ἡμῶν
912 2122 971 2175 τὸ
1022 2123 1314 2193 μαρτύριον
1341 2124 1439 2192 τῆς
1494 2124 1732 2194 συνειδή-
1769 2137 1776 2143 ·

170 2231 323 2276 σεως,
360 2216 441 2267 ὅτι
467 2217 523 2266 ἐν
553 2215 795 2286 ἁγιότητι
842 2218 935 2270 καὶ
966 2217 1280 2286 είλικρινεία
1309 2215 1439 2268 Θεού
1469 2215 1731 2286 ἀνεστρά-

169 2322 346 2375 ιρημεν
369 2307 428 2356 ἐν
458 2305 535 2375 τῷ
555 2305 761 2376 κόσμῳ.
791 2326 808 2356 ι
836 2307 1197 2376 Συνέιπτωμεν
1223 2307 1277 2358 δὲ
1303 2306 1379 2376 τῷ
1399 2305 1734 2376 ἀποστολικῷ

167 2394 224 2447 τὸ
256 2397 586 2464 προφητικὸν
620 2397 698 2448 τό·
735 2418 752 2446 ‹
777 2396 943 2458 Αὐτὸς
963 2397 1016 2448 δὲ
1038 2395 1290 2462 γινώσκει
1317 2398 1382 2449 τὰ
1408 2396 1610 2467 κρύφια
1635 2397 1733 2465 τῆς

164 2489 388 2557 καρδίας
414 2505 426 2516 ·
459 2508 477 2539 ι
513 2491 603 2541 καὶ
635 2488 864 2558 μαλιστα
907 2486 1000 2540 ἐὰν
1028 2488 1124 2556 τὴν
1145 2488 1236 2540 ἐπὶ
1265 2488 1474 2557 θανάτῳ
1510 2488 1733 2554 ἁπαγώ-

167 2578 328 2647 μεθα,
349 2580 439 2631 ὅτε
474 2582 715 2650 φήσομεν
748 2581 806 2632 τὸ
841 2578 942 2630 ὐπὸ
981 2579 1150 2647 μόνων
1184 2578 1469 2648 μαρτύρων
1507 2577 1734 2647 λεγόμε-

163 2686 251 2721 νον
283 2669 361 2739 τῷ
396 2669 514 2738 Θεῷ
537 2687 549 2698 ·
577 2690 594 2719 ‹
627 2671 744 2721 Ὅτι
771 2667 926 2721 ἕνεκᾶ
961 2686 1050 2720 σου
1080 2667 1456 2737 θανατούμεθα
1483 2667 1608 2738 ὅλην
1638 2669 1734 2738 τὴν

163 2760 398 2829 ἡμέραν,
427 2759 779 2828 ἐλογίσθημεν
817 2761 890 2822 ὡς
922 2759 1162 2829 πρόϐατα
1197 2758 1427 2826 σφαγῆς.
1464 2778 1481 2809 ι
1528 2757 1649 2810 Ἐὰν
1678 2758 1734 2809 δέ

161 2866 292 2901 ποτε
328 2847 435 2900 ἀπὸ
465 2848 557 2899 τοῦ
604 2849 945 2918 φρονήματος
987 2848 1083 2918 τῆς
1133 2843 1331 2924 σαρκὸς
1372 2847 1736 2917 ὐποϐἁλληται

161 2943 293 3009 ἡμῖν
322 2941 484 3009 φόϐος
506 2940 611 2991 τῶν
651 2940 1010 2992 ἀπειλούντων
1037 2942 1166 3009 ἡμῖν
1193 2940 1418 2994 θάνατον
1449 2939 1733 3006 δικαστῶν,

157 3031 281 3083 τότε
297 3031 540 3100 εἴπωμεν
552 3032 731 3091 αὐτοῖς
750 3028 882 3098 (94⁸)
902 3029 962 3080 τὸ
981 3029 1089 3082 ἀπὸ
1101 3030 1206 3081 τῶν
1219 3030 1549 3100 Παροιμιῶψ
1576 3050 1593 3080 ι
1619 3031 1734 3093 Tit,

158 3120 295 3189 τίμα
323 3121 418 3172 τὸν
441 3121 661 3190 Κύριον,
692 3119 784 3171 καὶ
815 3117 1069 3186 ἰσχύσεις·
1103 3120 1238 3189 πλὴν
1267 3121 1322 3171 δὲ
1347 3117 1509 3172 αὑτοῦ
1537 3119 1612 3190 μὴ
1640 3135 1736 3188 φο-

161 3213 258 3265 εοὖ
289 3214 452 3266 ἄλλον
462 3254 473 3266 .
489 3232 506 3263 ι

1830 681 1884 724 et
1913 688 2016 726 non
2044 675 2271 728 recessit
2305 683 2450 729 retro
2475 689 2570 730 cor
2599 685 2841 730 nostrum
2869 675 2957 732 “',
2991 696 3010 728 ι

1901 849 1989 902 9.0.
2018 847 2420 905 Meminerimus
2466 867 2561 907 nos
2593 853 2644 907 in
2693 855 2792 909 hac
2838 857 2948 911 vita
2981 860 3300 914 constitutos
3336 871 3390 918 ct

1829 938 2128 1006 Cogitantes
2150 939 2264 992 vias
2293 955 2408 1007 quae
2446 951 2596 996 extra
2632 945 2798 998 vitam
2828 956 2970 1010 sunt,
3004 947 3186 1016 dicere
3239 950 3385 1005 Deo:
3446 969 3451 973 ·

1847 1028 2200 1084 ‹·ῐ)οειὶηιιειί
2243 1034 2462 1087 semitas
2493 1042 2709 1089 nostras
2746 1051 2775 1088 a
2808 1038 2889 1090 via
2921 1044 3008 1091 tua
3041 1039 3106 1094 ιτ.
3148 1059 3166 1092 ι
3203 1041 3392 1097 Memi-

1833 1117 1980 1173 nisse
2019 1130 2232 1188 Oportet
2269 1122 2442 1178 locum
2473 1124 2786 1180 ‘amietionis
2834 1129 3026 1183 anima:
3052 1146 3172 1186 esse
3210 1132 3388 1188 locum
3450 1117 3457 1120 ”

1832 1208 1990 1263 istum
2021 1212 2072 1264 in
2102 1229 2210 1281 quo
2248 1216 2518 1270 liumiliati
2567 1233 2772 1281 sumus,
2811 1229 2874 1271 ut'
2911 1221 2963 1273 in
2998 1225 3254 1290 precibus
3293 1243 3394 1280 uo-

1830 1301 2225 1357 stris-dicamus
2253 1322 2268 1356 :
2301 1323 2320 1356 ι
2361 1305 2662 1361 liumiliasti
2693 1324 2792 1362 nos
2823 1309 2876 1362 in
2918 1310 3035 1364 loco
3065 1313 3390 1382 alilicliouis,

1832 1397 1886 1441 et
1913 1393 2190 1458 cooperuit
2219 1408 2317 1447 nos
2345 1398 2591 1449 umbram
2614 1398 2752 1451 ortis
2781 1398 2846 1450 ‘3.
2879 1417 2897 1451 ι
2923 1398 3271 1459 Conﬁdenter
3291 1412 3390 1459 au-

1837 1489 2022 1535 temet
2049 1481 2176 1536 illud
2203 1484 2482 1539 dicamus:
2514 1505 2532 1536 ι
2582 1486 2637 1541 Si
2672 1488 2823 1543 obliti
2857 1504 3044 1546 sumus
3070 1509 3264 1564 nomen
3298 1482 3418 1552 Dei

1839 1571 2037 1634 nostri,
2073 1580 2127 1624 et
2163 1572 2208 1625 si
2254 1574 2610 1641 expandimus
2654 1592 2844 1632 manus
2873 1592 3086 1638 nostras
3119 1586 3184 1640 ad
3233 1567 3408 1663 deumf

1832 1658 2087 1726 alienum,
2122 1676 2300 1718 nonne
2332 1664 2470 1719 Deus
2498 1667 2740 1735 requiret
2767 1669 2868 1724 ista
2895 1671 2976 1725 ‘9?
2997 1688 3018 1719 ι

1900 1836 1988 1891 21.
2021 1839 2134 1893 Non
2162 1831 2401 1908 apertum
2435 1845 2594 1898 modo
2621 1848 2964 1917 martyrium,
3005 1852 3098 1905 sed
3129 1862 3184 1907 et
3213 1855 3394 1909 occul-

1836 1937 1944 1982 tmn
1975 1929 2210 1997 perfecte
2231 1934 2507 2001 suscipere
2531 1938 2941 2004 contendamus,
2974 1949 3028 1994 ut
3063 1952 3116 1995 et
3141 1942 3239 2011 ipsi
3265 1961 3396 2014 apo-

1835 2019 2026 2072 stolico
2085 2036 2233 2075 more
2281 2023 2526 2099 dicamus
2560 2043 2573 2078 :
2607 2045 2626 2078 ‹
2669 2027 2797 2082 Nam
2835 2026 3005 2096 gloria
3063 2044 3246 2088 nostra
3279 2037 3394 2091 base

1826 2115 1921 2179 est
1951 2111 2316 2164 testimonium
2352 2116 2717 2182 conscientia,
2771 2121 2914 2187 quod
2942 2121 2995 2174 iu
3027 2125 3317 2178 sanctitate
3340 2135 3396 2180 c'.

1835 2195 2144 2250 sinceritate
2175 2200 2267 2252 Dei
2289 2205 2596 2256 eonversati
2631 2222 2814 2260 sumus
2851 2209 2903 2262 in
2936 2211 3037 2264 hoc
3069 2217 3268 2268 mundo
3289 2216 3388 2269 ⁵⁸.»

1833 2285 2158 2351 Apustolicis
2182 2299 2360 2343 autem
2392 2294 2916 2365 verbispro'phetica
2964 2300 3052 2354 illa
3103 2314 3394 2359 connecta—

1837 2393 1988 2433 mus:
2015 2399 2033 2430 ι
2054 2379 2172 2449 Ipse
2197 2383 2344 2438 novit
2373 2385 2681 2442 abscondita
2713 2393 2892 2450 cordis
2913 2393 2994 2459 “;
3026 2414 3044 2447 ι
3077 2406 3124 2450 et
3163 2401 3396 2455 maxime

1836 2485 1957 2522 eum
1984 2471 2047 2524 ad
2081 2484 2309 2526 intortem
2365 2477 2645 2543 (lucemur,
2685 2485 2904 2550 quando
2937 2486 3179 2559 dicemus
3213 2506 3334 2557 qua:
3362 2507 3393 2546 a

1836 2559 1964 2612 solis
1993 2564 2322 2632 martyribus
2346 2565 2456 2621 Deo
2485 2568 2736 2624 dicuntur
2763 2588 2776 2622 :
2817 2591 2834 2624 ι
2871 2572 3133 2639 Quoniam
3170 2589 3393 2649 propter

1839 2655 1891 2699 te
1916 2649 2307 2704 mortiﬁcamur
2341 2653 2454 2707 tota
2477 2655 2856 2721 die,aestimati
2884 2676 3068 2716 sumus
3098 2664 3240 2719 sicut
3270 2681 3398 2722 oves

1835 2741 2123 2795 occisionis
2145 2743 2244 2796 δ’.»
2272 2745 2426 2810 Quod
2457 2747 2501 2800 si
2527 2749 2682 2802 nobis
2709 2766 2940 2819 unquam
2965 2757 3248 2821 prudentia
3277 2774 3397 2813 car-

1837 2832 1923 2884 nis
1978 2831 2185 2898 injieiat
2227 2846 2428 2889 metum
2482 2839 2800 2894 minantium
2848 2856 3076 2898 mortem
3124 2848 3393 2915 iudicum,

1840 2928 1962 2973 tunc
2015 2921 2145 2975 illud
2198 2939 2230 2977 e
2265 2925 2576 2979 Proverbiis
2615 2928 2862 2992 dicamus
2897 2947 2912 2984 ε
2950 2950 2968 2981 ι
3006 2933 3127 2997 Fili,
3183 2935 3391 2990 honora

1839 3011 2150 3078 Dominum,
2183 3023 2238 3068 et
2275 3016 2517 3082 valebis;
2549 3029 2748 3088 praeter
2775 3037 2895 3075 eum
2921 3037 3068 3092 vero,
3097 3040 3164 3080 ne
3203 3027 3397 3084 timeas

1839 3102 1998 3156 alium
2031 3105 2093 3158 ⁵³.
2132 3124 2155 3160 ι

233 3244 258 3265 υ
289 3244 506 3266 αιιιιυν.υ

230 3305 343 3358 Καὶ
371 3303 532 3356 τοῦτο
562 3304 618 3357 δὲ
652 3304 788 3375 πρὸς
817 3303 887 3358 τὰ
919 3302 1252 3375 προκείμενά
1280 3303 1399 3356 ἐστι
1441 3304 1728 3374 χρήσιμον.

1903 3280 1993 3335 2‘2.
2023 3281 2090 3334 Et
2114 3281 2242 3336 illud
2268 3285 2549 3353 proposito
2578 3285 2707 3342 utile
2727 3297 2826 3340 est.
2859 3287 2948 3341 Ait
2980 3290 3032 3344 in
3067 3291 3394 3350 Ecclesiaste

163 3397 335 3465 Φησὶν
379 3398 440 3448 ὲν
481 3395 558 3464 τῷ
607 3395 999 3464 Ἐκκλησιαστῇ
1051 3393 1326 3464 Σολομῶν·
1388 3411 1406 3443 ‹
1467 3394 1730 3463 Ἐπῄνεσα

159 3487 271 3557 ἐγὼ
311 3489 522 3548 πάντας
556 3488 678 3549 τοὺς
704 3487 1028 3555 τεθνηκότας
1052 3489 1190 3557 ὑπὲρ
1224 3486 1350 3547 τοὺς
1369 3485 1595 3548 ζῶντας,
1617 3487 1728 3538 ὅσοι

157 3581 314 3634 αὐτοὶ
337 3580 504 3644 ζῶσιν
537 3577 639 3642 ἓως
671 3578 764 3630 τοῦ
797 3579 907 3631 νῦν.
945 3598 963 3628 ι
996 3579 1090 3641 Τίς
1131 3579 1173 3629 δ’
1205 3577 1269 3630 ἂν
1301 3576 1470 3639 οὕτως
1498 3577 1729 3644 εὐλόγως

157 3670 437 3722 ἐπαινοῖτο
466 3665 758 3735 τεθνηκὼς,
788 3665 862 3727 ὡς
892 3665 920 3715 ὁ
947 3665 1010 3716 αὐ
1028 3666 1424 3736 τοπροαιρὲτως
1451 3666 1539 3718 τὸν
1568 3665 1728 3718 θάνα-

156 3775 251 3810 τον
276 3759 421 3829 ὑπὲρ
450 3756 726 3819 εὐσεϐείας
753 3755 1174 3824 ἁναδεξάμενος;
1217 3758 1423 3820 Ὀποῖος
1444 3753 1510 3827 ἦν
1550 3755 1728 3808 Ἑλεά-

157 3847 357 3918 (apag,
418 3865 437 3897 ι
475 3848 564 3900 τὸν
613 3847 724 3916 μετ’
759 3845 1004 3906 εὐκλείας
1053 3844 1275 3896 θάνατον
1323 3846 1516 3915 μᾶλλον
1559 3847 1591 3915 ἢ
1640 3846 1755 3899 τὸν.

161 3937 302 4006 μετὰ
332 3937 541 4007 μύσους
568 3938 681 4006 βίον
707 3935 1114 4005 ἀναδεξάμενος,
1147 3935 1238 3986 καὶ
1261 3936 1730 4006 αὐτοπροαιρέτως

157 4029 252 4080 ἐπὶ
283 4029 346 4080 τὸ
361 4028 645 4096 τύμπανον
670 4029 944 4098 προάγωνο
967 4046 986 4079 ›
1013 4028 1176 4111 ὅστις,
1199 4021 1218 4076 ι
1242 4027 1493 4094 λογισμὸν
1522 4027 1731 4079 ἀστεῖον

156 4117 470 4183 ἀναλαϐὼν,
506 4117 651 4182 ἄξιον
681 4121 778 4188 τῆς
805 4116 1305 4189 ὲννενηκονταετοῦς
1330 4118 1492 4169 αὐτοῦ
1520 4117 1731 4186 ἡλικίας

157 4209 254 4261 καί
276 4208 377 4277 τῆς
400 4208 494 4261 τοῦ
519 4211 704 4280 γήρως
727 4209 1018 4281 ὑπεροχῆς,
1051 4209 1142 4260 καὶ
1173 4206 1271 4276 τῆς
1311 4205 1606 4273 ἐπιφανοῦς
1635 4223 1730 4258 τιο-

158 4301 300 4361 1:54,
325 4298 424 4351 καὶ
447 4299 547 4365 τῆς
572 4300 637 4351 ὲκ
661 4299 846 4362 παιδὸς
870 4300 1154 4369 καλλίστης
1181 4296 1504 4367 ἀνατροφῆς,
1534 4297 1730 4366 μᾶλλον

158 4395 214 4445 δὲ
258 4391 360 4460 τῆς
397 4389 557 4456 ἁγίας
589 4391 680 4442 καὶ
710 4390 1016 4442 θεοκτίστου
1051 4388 1387 4460 νομοθεσίας,
1422 4382 1591 4449 εἶπεν,
1623 4389 1726 4440 ὅτι·

159 4483 277 4534 Οὐκ
313 4480 431 4531 ἐστι
464 4477 561 4546 τῆς
591 4477 863 4546 ἡμετερας
900 4479 1115 4548 ἡλικίας
1162 4479 1310 4545 ἄξιον
1353 4477 1728 4549 ὐποκριθῆναι,

1832 3371 2380 3429 δοιοιηοιιειιοαάοιιί
2403 3391 2503 3446 ego
2520 3379 2690 3446 magis
2712 3390 2938 3436 cunctos
2960 3393 3201 3440 mortuos
3231 3402 3393 3454 quam

1832 3464 2072 3521 viventes
2102 3467 2411 3542 quicunque
2453 3469 2644 3522 vivunt
2673 3484 2840 3538 usque
2891 3487 3033 3527 nunc
3069 3473 3136 3527 “.
3167 3493 3185 3526 ι
3223 3477 3392 3542 Quem

1831 3562 2008 3605 autem
2040 3540 2246 3622 aequius
2276 3565 2360 3610 est
2384 3567 2653 3611 mortuum
2690 3558 2892 3613 laudari
2921 3576 3080 3628 quam
3113 3566 3204 3631 qui
3247 3581 3396 3621 mor-

1831 3649 1937 3694 tem
1978 3655 2173 3710 sponte
2200 3661 2263 3699 ae
2294 3645 2466 3701 libere
2487 3663 2587 3716 pro
2629 3650 2888 3720 religione
2912 3656 3177 3720 oppetiit?
3207 3657 3394 3723 Qualis

1829 3732 1931 3785 fuit
1960 3733 2253 3790 Eleazarus
2276 3738 2392 3804 qui,
2423 3756 2442 3788 ι
2478 3741 2924 3809 gloriosissimam
2952 3757 3178 3800 mortem
3217 3750 3395 3818 magis

1829 3838 1987 3891 quam
2014 3825 2270 3880 odibilcin
2308 3831 2468 3881 vitam
2509 3833 2900 3900 complectens,
2931 3838 3234 3894 voluntarie
3257 3855 3397 3908 pra:-

1832 3915 1944 3968 ibat
1962 3917 2026 3968 ad
2047 3917 2384 3987 supplicium,
2409 3937 2428 3970 ι
2447 3923 2645 3990 quique
2665 3941 2684 3974 ι
2705 3934 2979 3980 strenuam
2997 3944 3280 3985 assumens
3305 3948 3392 3986 ra-

1834 4006 2256 4072 tiocinationem,
2275 4008 2485 4077 dignam
2506 4021 2661 4066 aztate
2678 4029 2772 4066 sua
2790 4019 3150 4083 nonagenaria
3167 4029 3220 4072 et
3237 4036 3395 4074 sene.

1831 4100 1993 4154 ctutis
2017 4115 2126 4153 suae
2145 4101 2460 4166 eminentia,
2491 4103 2792 4172 illustrique
2820 4107 3039 4170 canitie,
3071 4121 3233 4178 atque
3255 4116 3394 4180 opti-

1834 4205 1916 4242 ma
1949 4205 1976 4241 a
2005 4193 2233 4259 pueritia
2267 4194 2618 4260 educatione,
2643 4196 2877 4251 maxime
2902 4211 3030 4251 vero
3055 4212 3240 4255 sancta
3275 4213 3326 4256 et
3355 4221 3385 4259 a

1834 4280 1940 4334 Deo
1974 4283 2187 4337 condita
2225 4285 2361 4354 lege,
2399 4286 2535 4340 dixit
2565 4302 2580 4338 :
2614 4285 2730 4340 Non
2771 4297 2856 4341 est
2878 4296 3031 4345 aetate
3064 4292 3164 4346 hac
3202 4307 3384 4349 nostra

1834 4373 2051 4440 dignum
2107 4376 2312 4444 lingere
2341 4378 2582 4432 utmulti
2629 4379 3000 4436 adolescentes
3050 4384 3384 4441 arbitrantes

1837 4461 2150 4515 Eleazarum
2183 4467 2479 4531 nonaginta
2520 4483 2781 4522 annorum
2828 4471 3094 4538 transisse,
3117 4475 3182 4528 ad
3223 4476 3388 4532 vitam

157 4577 249 4626 ἱνα
279 4570 467 4625 πολλοὶ
488 4569 594 4620 τῶν
623 4569 776 4632 νέων,
811 4556 1276 4638 ὑπολαμϐάνοντες
1310 4569 1625 4640 Ἐλεάζαρον
1644 4568 1732 4620 τὸν

1839 4553 2286 4620 alienigenarum,
2321 4565 2375 4610 et
2403 4557 2503 4624 ipsi
2535 4568 2752 4625 propter
2774 4575 2967 4625 meam,
2992 4563 3392 4621 simulationem

155 4661 614 4731 ὲννενηκονταετῆ
653 4659 1075 4730 μεταϐεϐηκέναι
1099 4665 1177 4724 εἰς
1200 4660 1605 4730 ἁλλοφυλισμὺν,
1639 4659 1732 4710 καὶ

152 4756 319 4811 αὐτοὶ
348 4751 432 4805 διὰ
459 4750 554 4821 τὴν
575 4745 717 4819 ’ἐμὴν
741 4750 1045 4820 ὑπόκρισιν,
1081 4755 1174 4805 καὶ
1203 4753 1290 4805 διὰ
1326 4752 1386 4804 τὸ
1419 4750 1730 4821 μικρὺνκαὶ

151 4845 450 4916 ἀκαριαῖον
475 4840 608 4910 ζῇν,
645 4839 954 4909 πλανηθῶσι
984 4840 1049 4890 δι’
1084 4842 1202 4909 ἐμὲ,
1251 4842 1343 4893 καὶ
1388 4844 1588 4910 μῦσος,
1637 4838 1728 4891 καὶ

153 4936 358 5006 κηλίδα
391 4929 482 4984 τοῦ
517 4932 702 4999 γήρως
722 4930 1150 4999 κατακτὴσομαι·
1192 4932 1238 4980 εἰ
1265 4929 1371 4999 γὰρ
1400 4931 1490 4982 καὶ
1511 4930 1601 4981 ἐπὶ
1632 4926 1723 4978 τοῦ

149 5027 430 5095 παρόντος
459 5019 677 5088 ἐκφύγω
709 5020 809 5088 τὴν
836 5019 895 5082 ἐξ
928 5017 1226 5088 ἀνθρώπων
1276 5021 1561 5090 τιμωρίαν,
1593 5019 1727 5072 ἀλλὰ

148 5118 254 5180 τὰς
292 5115 390 5169 τοῦ
413 5111 846 5182 Παντοκράτορος
873 5114 1058 5180 χεῖρας
1087 5108 1208 5160 οὐτε
1249 5107 1374 5172 ζῶν,
1409 5111 1528 5162 οὐτε
1558 5111 1728 5163 θανὼν

147 5203 453 5274 φεύξομαι.
481 5201 694 5268 Διόπερ,
723 5197 977 5268 ἀνδρείως
1001 5195 1093 5249 νῦν
1116 5195 1446 5265 μεταλλάξας
1479 5199 1566 5249 τὸν
1594 5198 1726 5266 βίον,
1780 5250 1784 5255 ,

146 5293 248 5345 τοῦ
287 5292 388 5361 μὲν
415 5293 596 5360 γήρως
646 5285 790 5350 ἄξιος
823 5286 1152 5354 φανήσομαι,
1183 5285 1294 5344 τοῖς
1329 5282 1386 5332 δὲ
1421 5285 1559 5345 νέοις
1597 5285 1727 5334 ὑπό-

145 5385 366 5450 δειγμα
415 5381 654 5447 γενναῖον
696 5372 1097 5436 καταλελοιπὼς
1148 5371 1256 5443 (95)
1306 5373 1383 5435 εἰς
1426 5372 1484 5422 τὸ
1531 5372 1728 5442 προθύ-

224 5519 297 5548 ιε·
346 5515 487 5568 piat.
521 5527 672 5576 κιιιι,
705 5510 786 5564 l8.
863 5508 1072 5561 "Ibid.
1152 5504 1466 5558 "lbidJQ.

146 5589 196 5618 ⁸³
237 5586 408 5640 Prov.
449 5600 540 5648 vn,
573 5585 629 5636 2.
709 5579 748 5608 "'°
781 5578 952 5630 Eecle.
1011 5577 1158 5638 tv,2.

231 5724 351 5798 (94)
378 5722 675 5792 Δὲμόνον.
711 5715 810 5769 Ms.
838 5715 1000 5770 codex
1046 5717 1295 5769 mendose
1318 5713 1497 5772 habet,
1536 5711 1720 5778 δαιμό-

156 5815 368 5932 milii?)
395 5861 557 5916 Forte
597 5856 876 5927 legendum
919 5855 1122 5918 αὐτοῖς,
1169 5865 1219 5906 ιιι
1261 5867 1446 5905 sensus
1475 5851 1541 5903 sit
1572 5869 1583 5904 :
1618 5867 1710 5902 ηο.

1543 5506 1586 5537 ¹⁶⁹
1619 5507 1745 5561 Ibid.
1773 5507 1861 5560 9.0.

1838 4653 1890 4694 et
1923 4653 2142 4712 prepter
2167 4647 2436 4698 modicum
2471 4649 2844 4715 corruptibilis
2869 4653 2994 4704 vitae
3017 4662 3222 4723 tempus
3246 4656 3395 4710 deei-

1839 4733 2053 4800 piantur
2081 4745 2300 4804 propter
2342 4753 2445 4802 me,
2478 4747 2531 4790 ct
2560 4741 2988 4794 exsecrationem
3021 4753 3180 4811 atque
3211 4761 3394 4800 macu-

1838 4825 1942 4878 lam
1971 4829 2232 4882 senectuti
2263 4831 2578 4896 acquiram;
2615 4847 2734 4884 nam
2769 4834 2867 4885 etsi
2895 4833 2946 4884 in
2976 4835 3224 4900 praesenti
3255 4844 3392 4889 tem-

1835 4933 1963 4985 pore
1999 4921 2272 4988 suppliciis
2303 4921 2576 4974 hominum
2611 4922 2831 4988 eripiar,
2860 4922 2951 4974 sed
2986 4939 3174 4978 manus
3202 4924 3391 4977 Omni-

1834 5012 2064 5076 potenti-s
2094 5027 2191 5064 nec
2219 5012 2371 5065 vivus
2405 5029 2503 5065 nec
2524 5013 2801 5065 defunctus
2827 5012 3094 5079 eﬂ‘ugiam.
3119 5013 3390 5077 Quamob-

1837 5114 1946 5150 rem
2012 5098 2227 5151 fortiter
2279 5103 2588 5160 excedendo
2638 5103 2800 5171 288
2853 5115 3128 5158 senectute
3170 5108 3390 5174 quidem

1834 5190 2025 5256 dignus
2063 5193 2373 5258 apparebo;
2403 5194 2832 5246 adolescentibus
2871 5207 3044 5247 autem
3079 5200 3388 5264 exemplum
3427 5243 3436 5256 ,

1789 5322 1794 5326 .
1833 5279 1971 5331 l'urte
2005 5280 2328 5348 relinquam,
2356 5292 2413 5335 ut
2439 5294 2687 5350 prompto
2727 5284 2908 5337 animo
2947 5299 3010 5337 ac
3051 5284 3261 5339 fortiter
3295 5302 3391 5353 pro

1836 5369 2167 5437 gravissimis
2201 5387 2263 5426 ac
2293 5373 2650 5427 sanctissimis
2681 5373 2887 5442 legibus
2932 5378 3155 5432 honesta
3207 5392 3386 5434 utorte
3436 5365 3440 5370 ’

1938 5507 2041 5560 “ll
2066 5507 2190 5562 Cor.
2218 5508 2364 5574 1,12.
2439 5507 2482 5538 “
2515 5506 2655 5561 Psal.
2689 5525 2842 5574 xuii,
2879 5511 2966 5565 2!.
3044 5512 3088 5542 ⁸²
3112 5512 3244 5568 Ibid.
3290 5513 3382 5576 9.2.

1832 5715 2012 5764 Μδηιίιι
2053 5712 2178 5776 ipsis
2207 5710 2463 5762 dicamus.
2502 5707 2616 5764 Hoc
2645 5708 2787 5764 enim
2823 5724 3115 5776 pronomen
3147 5713 3209 5763 ad
3231 5710 3380 5778 judi-

1827 5796 1915 5833 ccs
1948 5782 2134 5832 rel'crri
2167 5793 2270 5830 non
2308 5789 2500 5843 pmest.
2536 5780 2690 5832 Eutr.
2723 5779 2954 5830 PA'IIIOL.

1896 5852 2003 5920 (Dii)
2042 5845 2508 5912 Κίιταλελειιπὼς.
2547 5848 2667 5914 Ms,
2700 5848 3098 5911 καταλελοιπός.
