4132 6314
211 392 334 450 595

1320 386 1767 449 ΕῙΗΟΒΤᾹΤΙΟ
1806 388 1896 442 AD
1933 385 2120 440 MART
2132 384 2345 440 YRIUM
2354 427 2370 442 .

3371 387 3476 441 595

203 516 566 587 ἀγωνοθέτης
597 515 707 569 τῶν
733 516 834 587 τῆς
866 515 1145 580 εὐσεϐείας
1167 514 1431 586 ἀθλητῶν,
1462 512 1774 585 παρακαλού

1903 525 2101 580 praeses
2135 509 2472 564 certantium
2503 521 2600 576 pro
2629 506 2850 577 pietate,
2892 506 3017 561 dum
3058 505 3183 574 "ipse
3222 508 3471 559 consola-

206 622 408 678 μενος,
456 609 549 662 καὶ
603 607 668 663 ἵν’
700 607 872 671 οὕτως
921 608 1188 678 ὀνομάσω,
1239 601 1660 679 εὐφραινόμενος
1709 589 1825 656 ἐπὶ¹

197 703 336 762 τοῖς
356 697 895 775 κατεξανισταμένοις
917 698 1024 752 τῶν
1041 696 1370 769 τηλικούτων
1393 697 1586 749 πόνων.
1605 692 1811 759 Εύκαι-η

339 791 382 842 δ’
409 791 475 843 ἀν
495 792 579 860 εἴη
600 790 695 862 καὶ
713 791 870 861 ,ἡμᾶς
895 791 952 843 ἐν
989 789 1246 852 τοιούτοις
1275 789 1596 859 γενομένους
1625 780 1800 842 εἰπεῖν

197 882 352 944 τοὺς
371 880 590 934 ἐκείνων
619 881 808 949 λόγους
826 880 963 952 πρὸς
988 881 1232 944 ἑαυτοὺς,
1249 879 1437 933 τοῦτον
1464 878 1682 948 ἔχοντας
1709 877 1812 934 τὸν.

197 972 438 1038 τρόπον,
473 971 680 1035 οὓτως·
713 991 734 1024 «
762 973 968 1043 Κύριος
1000 975 1028 1025 6
1053 972 1185 1035 Θεὸς
1218 973 1389 1042 ἐφορᾷ
1413 973 1506 1025 καὶ
1524 973 1643 1033 ταῖς
1670 968 1800 1038 ἀλη-

201 1060 395 1124 θείαις
421 1063 505 1130 ἐφ’
539 1065 671 1133 ἡμῖν
703 1064 1120 1135 παρακαλεῖται.
1159 1083 1179 1114 ι

285 1153 396 1206 Τοῦ
431 1153 650 1225 πρώτου
672 1154 863 1209 τοῦτον
889 1156 978 1210 τὸν
1005 1154 1203 1226 τρόπον
1230 1151 1643 1223 δοκιμασθέντος
1681 1170 1698 1202 ι
1723 1150 1796 1213 ὡς

197 1242 568 1313 δοκιμάζεται
597 1243 796 1316 χρυσὸς
824 1245 882 1296 ἐν
912 1242 1314 1313 χωνευτηρίῳ,›
1336 1246 1365 1295 6
1385 1242 1637 1312 δεύτερος
1663 1259 1680 1291 «
1705 1239 1796 1292 ἐπὶ

197 1333 305 1384 τὸν
355 1333 674 1405 ἐμπαιγμὸν
705 1331 779 1404 (5)
820 1334 1015 1404 ἤγετο·
1073 1333 1167 1386 καὶ
1209 1331 1268 1384 τὺ
1311 1331 1487 1403 δέρμα
1537 1330 1649 1384 σὺν·
1677 1331 1796 1392 ταῖς

197 1422 359 1492 Θριξὶ
411 1423 863 1496 περισύραντεςνιι
912 1427 960 1477 οἱ
1022 1425 1255 1477 διάκονοι
1306 1421 1406 1491 τῆς
1467 1421 1795 1492 τυραννικῆς

197 1512 528 1582 ὠμότητος,
585 1512 680 1576 ἐπὶ
731 1514 1016 1582 μετάνοιαν
1067 1512 1292 1566 ἐκάλουν
1345 1511 1436 1564 τὸν
1467 1512 1791 1572 πεπονθότα,

203 1619 227 1650 «
258 1599 678 1670 ἐπερωτῶντες,
723 1600 772 1651 εί
813 1600 1046 1667 φάγεται
1094 1598 1204 1651 τῶν
1237 1596 1620 1660 εἰδωλοθύτων,
1654 1596 1794 1666 -πρὶν

194 1690 589 1762 τιμωρηθῆναι
617 1691 678 1742 τὸ
715 1688 876 1759 σῶμα
908 1690 1048 1742 κατά
1077 1687 1238 1759 μέλος
1266 1686 1466 1756 αὐτῷ.)
1516 1686 1604 1748 Ὠς
1627 1685 1672 1738 δ’
1702 1687 1794 1755 ἡρ-

195 1779 412 1847 νήσατο
440 1777 540 1849 τὴν
576 1774 883 1848 μετάνοιαν,
911 1796 929 1827 «
959 1776 1050 1827 ἐπὶ
1067 1775 1166 1845 τὴν
1186 1773 1310 1845 ἑξῆς
1328 1775 1467 1846 ἢχθη
1487 1774 1738 1844 βάσανον,
1766 1793 1785 1826 ι

194 1867 389 1938 τηρῶν
419 1867 518 1937 τὴν
567 1867 820 1920 ἔνστασιν
868 1867 1030 1938 μέχρι
1077 1866 1176 1934 τῆς
1210 1867 1446 1935 ἐσχάτης
1494 1866 1785 1936 ἀναπνοῆς.

191 1954 488 2025 Μηδαμῶς
518 1954 626 2026 γάρ
676 1955 1003 2027 θραυσθεὶς,
1065 1955 1200 2026 μηδὲ
1245 1954 1427 2016 ἐνδοὺς
1483 1956 1616 2025 πρὸς
1662 1957 1787 2020 τοὺς

79 2048 88 2056 ’
193 2043 437 2108 πόνους,
487 2044 661 2100 ταῦτα
686 2041 806 2099 εἷπε
850 2045 987 2116 πρὸς
1018 2046 1110 2098 τὸν
1142 2044 1345 2114 ἀσεϐἦέ
1403 2062 1421 2094 ι
1447 2045 1518 2096 Σὺ
1565 2044 1785 2114 μᾶλλον,

188 2135 466 2207 ἁλάστορ,
500 2130 566 2190 ἐκ
597 2136 692 2210 τοῦ
719 2136 984 2209 παρόντος
1024 2137 1172 2206 ἡμᾶς
1217 2135 1314 2206 ζῇν
1342 2133 1593 2197 ἀπολύεις
1612 2152 1624 2164 ο
1671 2138 1699 2188 6
1729 2136 1788 2189 δέ

186 2226 294 2281 τοῦ
346 2227 553 2298 κόσμου
605 2227 856 2297 βασιλεὺς
903 2226 1270 2289 ἀποθανόντας
1313 2227 1458 2296 ἡμᾶς
1507 2226 1645 2296 ὑπὲρ
1678 2223 1786 2276 τῶν

185 2316 363 2372 αὑτοῦ
381 2318 558 2389 νόμον
589 2320 672 2382 είς
695 2319 909 2372 αἰώνιον
939 2316 1232 2372 ἀναϐίωσιν
1253 2317 1397 2388 ζωῆς
1420 2317 1731 2387 ἀναστήσει.
1760 2332 1778 2366 ι

264 2409 380 2463 Καὶ
401 2412 431 2462 6
454 2409 639 2482 τρίτος
667 2409 724 2464 δὲ
752 2413 810 2463 ἐν
841 2411 1016 2464 οὐδενὶ
1041 2409 1140 2474 τὰς
1161 2409 1460 2480 ἀλγηδόνας
1481 2408 1781 2479 τιθέμενος,

181 2497 290 2555 καὶ
309 2499 402 2552 διὰ
428 2486 806 2572 τὴνπρὸςτδν
829 2501 961 2554 Θεὸν
983 2502 1203 2570 ἀγάπην
1237 2499 1568 2554 καταπατῶν
1590 2500 1781 2564 αὐτάς,

185 2589 335 2659 «τὴν
369 2571 621 2657 γλῶσσαν
652 2592 896 2662 αἰτηθεὶς
915 2631 930 2656 ,
962 2591 1172 2662 ταχέως
1208 2591 1472 2662 προέϐαλε
1491 2629 1508 2655 ,
1545 2593 1638 2644 καὶ
1683 2591 1781 2653 τὰς

179 2684 384 2754 χεῖρας
410 2681 693 2753 εὐθαρσῶς
723 2685 1058 2754 προέτεινεν,
1098 2677 1219 2735 εῐπέ
1255 2700 1316 2735 τε
1337 2698 1353 2714 ο
1382 2682 1481 2735 Διά
1523 2683 1651 2746 τοὺς
1686 2681 1780 2735 τοῦ

179 2774 328 2828 Θεοῦ
375 2774 570 2845 νόμους
596 2794 615 2826 ι
651 2775 825 2829 ταῦτα
857 2775 1190 2838 καταλιπὼν,
1232 2795 1250 2826 «
1274 2775 1478 2838 ἐλπίζω
1505 2775 1644 2828 αὐτὰ
1671 2776 1780 2828 ἀπὸ

179 2864 327 2918 θεοῦ
363 2865 689 2936 κομίσασθαι
720 2885 738 2918 ›
771 2866 1015 2929 τοιαῦτα,
1054 2861 1140 2919 οἷα
1169 2866 1234 2918 ἂν
1260 2866 1476 2936 ἀποδῴη
1502 2866 1634 2927 Θεὸς
1661 2869 1780 2930 τοῖς

179 2955 294 3024 τῆς
324 2958 407 3020 είς
445 2957 607 3011 αὐτὸν
641 2957 923 3021 εὐσεϐείας
951 2956 1229 3028 ἀθληταῖς.
1271 2955 1541 3020 Ὡσαύτως
1582 2955 1637 3008 δὲ
1683 2956 1778 3009 καὶ

178 3047 213 3098 6
237 3046 500 3117 τέταρτος
521 3048 891 3112 ἐϐασανίζετο,
913 3047 1014 3111 τὰς
1036 3046 1217 3110 αίκίας
1241 3047 1441 3117 φέρων,
1463 3047 1555 3100 καὶ
1579 3045 1773 3114 λέγων,

1908 603 2105 656 tionem
2150 601 2373 670 accipit,
2400 607 2474 663 et,
2506 607 2563 651 ut
2612 598 2686 652 ita
2716 598 2920 676 dicam,
2949 599 3151 665 gaudet
3190 612 3356 664 super
3388 597 3472 650 his

1905 694 1995 760 qui
2041 700 2222 744 tantos
2264 690 2482 745 labores
2533 696 2816 758 superant.
2867 689 3245 758 Opportunum
3291 696 3471 741 autem

1902 785 2007 838 erit
2044 793 2099 838 et
2127 798 2246 848 nos,
2275 799 2399 837 cum
2441 783 2630 836 eodem
2669 782 2874 837 erimus
2913 781 3056 845 loco,
3107 781 3322 834 illorum
3359 795 3472 834 ser-

1901 889 2090 929 mones
2113 875 2178 926 ad
2209 872 2571 940 nosmetipsos
2603 871 2783 925 dicere
2807 871 2901 940 qui
2932 871 3010 924 sic
3035 871 3237 925 habent
3264 888 3279 924 :
3317 889 3336 922 «
3371 871 3470 922 [to-
3557 933 3572 944 ‘

1901 964 2085 1018 minus
2120 964 2260 1016 Dens
2294 963 2508 1030 aspicit,
2533 970 2588 1016 et
2608 962 2929 1017 veritatibus
2952 951 3065 1017 suis
3082 962 3391 1016 consolatur
3416 962 3467 1014 in

1901 1055 2056 1109 nobis
2088 1054 2153 1108 ⁸⁸.
2185 1073 2202 1104 ι
2651 1065 2656 1075 ‘

1971 1147 2061 1200 24.
2102 1145 2234 1202 Cum
2259 1144 2466 1214 primus
2486 1145 2587 1198 hoc
2613 1145 2774 1198 modo
2811 1144 3067 1211 probatus
3098 1155 3264 1206 esset.
3294 1164 3312 1196 «
3346 1153 3471 1199 tan.

1902 1253 2063 1306 quam
2084 1251 2273 1291 aurum
2302 1237 2354 1289 in
2380 1234 2654 1300 fornace,»
2685 1236 2960 1290 secundus
2981 1230 3383 1291 «deducebatur
3403 1238 3469 1288 ad

1901 1327 2256 1393 illudendnm,
2281 1337 2336 1380 et
2363 1335 2486 1381 cute
2513 1324 2633 1394 ejus
2654 1327 3009 1395 cumﬁcapillis
3033 1329 3333 1394 abstracta,
3359 1345 3377 1378 ι
3402 1329 3469 1380 ad

1898 1417 2275 1485 ptenitentiam
2319 1415 2587 1471 vocabant
2637 1416 2934 1486 tyrannicae
2978 1415 3321 1470 crudelitatis
3367 1415 3469 1465 mi-

1899 1508 2055 1561 nistri
2080 1508 2513 1576 «interrogantes
2535 1506 2579 1559 si
2606 1505 2958 1559 manducaret
2975 1504 3276 1573 idolothyta
3300 1504 3472 1573 prius-

1897 1610 2056 1664 quam
2077 1604 2189 1651 toto
2207 1609 2438 1664 corpore
2454 1611 2552 1666 per
2569 1595 2813 1649 membra
2839 1593 3052 1664 singula
3071 1595 3427 1663 puniretur“.
3448 1615 3465 1644 ι

1899 1687 1966 1743 Ut
1990 1684 2170 1740 aufém
2200 1684 2472 1755 paenitere
2501 1699 2562 1738 se
2594 1684 2834 1753 negavit,
2862 1683 2959 1736 «ad
2979 1683 3257 1752 sequentia
3278 1683 3471 1736 ductus

1897 1787 1980 1833 est
1997 1785 2265 1832 tormenta
2284 1795 2303 1828 ι
2324 1778 2595 1830 intensum
2614 1789 2790 1843 usque
2805 1775 2872 1828 ad
2895 1784 3198 1830 extremum
3219 1775 3468 1844 spiritum

1893 1871 2136 1926 animum
2173 1877 2422 1924 servans.
2463 1866 2832 1946 Nequaquam
2858 1867 3004 1921 enim
3052 1866 3260 1923 fractus
3295 1884 3471 1937 neque

1894 1962 2180 2020 tormentis
2220 1959 2420 2014 cedens
2460 1959 2576 2019 hrec
2601 1951 2675 2014 ad
2717 1950 2946 2030 impium
2995 1959 3141 2013 illum
3178 1963 3301 2015 ait:
3349 1961 3470 2014 «Tu

1891 2058 2131 2125 quidem,
2149 2052 2552 2112 scelestissime,
2576 2067 2902 2120 praesentem
2918 2053 3084 2106 vitam
3108 2055 3260 2107 nobis
3279 2055 3484 2120 eripis.»

1889 2145 2005 2199 Rex
2047 2155 2228 2199 autem
2274 2147 2456 2200 mundi
2496 2129 2791 2197 defunctos
2835 2157 2934 2196 nos
2975 2158 3075 2208 pro
3119 2145 3231 2196 suis
3263 2143 3468 2213 legibus

1890 2234 1944 2288 in
1973 2244 2188 2290 sternte
2221 2234 2348 2288 vita;
2383 2234 2790 2287 resurrectione
2822 2231 3113 2285 suscitabit
3138 2231 3203 2282 ⁶².
3232 2250 3251 2283 ι

1956 2409 2050 2466 25.
2087 2407 2327 2474 Tertius,
2371 2386 2779 2464 dolores'nibili
2806 2407 3016 2462 faciens
3039 2416 3094 2462 et
3134 2382 3245 2478 pne
3269 2422 3464 2478 magna

1886 2503 1944 2558 in
1975 2503 2142 2556 Deum
2173 2500 2454 2555 charitate
2475 2499 2837 2568 proculcans,
2867 2497 3137 2570 «linguam
3163 2501 3466 2568 postulatus

1887 2594 1997 2647 cito
2029 2591 2254 2661 protulit
2294 2601 2351 2646 et
2396 2583 2944 2646 manus'constanter
2978 2591 3224 2646 extendit
3255 2600 3309 2644 et
3345 2591 3462 2645 ait:

1884 2685 2114 2756 Propter
2140 2688 2289 2756 leges
2311 2684 2406 2738 Dei
2429 2705 2447 2736 ι
2483 2683 2600 2740 hmc
2639 2684 2979 2755 relinquens,
3007 2703 3027 2736 «
3049 2685 3117 2738 ab
3146 2683 3262 2753 ipso
3285 2701 3371 2742 me
3402 2700 3467 2739 ea

1886 2786 2232 2844 recepturum
2259 2789 2417 2843 spero
2431 2774 2508 2826 ⁸³»
2535 2775 2661 2829 talia
2685 2776 2866 2844 qualia
2896 2774 3038 2830 Deus
3058 2790 3172 2830 suae
3189 2773 3466 2846 religionis
3550 2820 3552 2822 .

1883 2866 2105 2919 athletis
2142 2867 2457 2919 redditurus
2489 2875 2596 2919 est.
2653 2865 2916 2920 Similiter
2965 2879 3029 2920 et-
3066 2877 3296 2935 quartus
3347 2876 3460 2922 tor-

1883 2959 2152 3025 quebatur
2177 2956 2560 3024 cruciatusque
2589 2955 2817 3012 ferendo
2836 2958 3057 3013 dicebat
3084 2976 3098 3011 :
3128 2977 3149 3009 «
3172 2958 3358 3013 Potius
3379 2971 3464 3013 est

1882 3048 1950 3102 ab
1989 3049 2304 3104 hominibus
2337 3048 2680 3102 discedentes
2709 3062 2865 3117 spem
2909 3057 3228 3117 exspectare
3257 3065 3284 3104 a
3326 3051 3464 3124 Deo,

175 3135 268 3188 ὅτι
303 3156 321 3188 «
344 3138 589 3208 Αἱρετδν,
619 3138 1090 3208 μεταλλάσσοντας
1116 3139 1190 3211 (4)
1219 3139 1312 3193 ἀπ’
1336 3138 1655 3209 ἀνθρώπων,
1677 3138 1776 3203 τάς

1883 3141 2078 3196 itcrnm
2105 3140 2172 3194 ab
2201 3141 2316 3209 ipso
2342 3140 2782 3194 resuscitandos»
2807 3141 3210 3195 resurrectione
3226 3158 3330 3210 qua
3354 3159 3458 3195 nou

176 3227 296 3280 ἀπὸ
327 3228 426 3280 τοῦ
453 3228 586 3282 Θεοῦ
622 3231 926 3301 προσδοκᾷν
951 3231 1173 3294 ἐλπίδας
1195 3271 1208 3295 ,
1234 3233 1325 3284 καὶ
1344 3232 1432 3284 ὑπ’
1453 3229 1622 3286 αὑτοῦ
1647 3231 1776 3284 ἁνα-

180 3318 488 3386 στήσεσθαι
513 3339 532 3370 ι
569 3321 885 3385 ἀνάστασιν,
923 3322 988 3392 ἣν
1013 3323 1112 3375 οὐκ
1135 3324 1496 3393 ἀναστήσεται
1521 3325 1549 3376 6
1576 3324 1774 3394 τύραν-

176 3422 309 3468 νος·
381 3407 483 3458 (οὐ
524 3408 634 3477 γὰρ
676 3411 757 3472 είς
789 3410 956 3479 ζωὴν,
991 3430 1009 3461 ι
1064 3411 1180 3462 ἀλλ’
1209 3413 1290 3473 είς
1335 3413 1636 3482 ὀνειδισμὸν
1683 3414 1774 3465 καὶ¹

177 3496 449 3568 αἰσχύνην
479 3498 693 3550 αίώνιον
727 3502 1108 3571 ἀναστήσεται.
1162 3502 1322 3571 Ἑξῆς
1360 3522 1379 3552 «
1402 3503 1492 3555 τὸν
1529 3504 1774 3572 πέμπτον

174 3588 440 3658 ᾐκίζοντο
460 3589 568 3660 (5)·
605 3609 622 3640 ι
675 3590 764 3656 6;,
811 3591 998 3644 ἐνιδὼν
1035 3591 1112 3662 τῷ
1156 3592 1443 3662 Ἀντιόχῳ,
1501 3594 1773 3645 ὠνείδισεν

177 3679 341 3750 αύτῷ
370 3680 434 3732 τὸ
466 3681 701 3752 φθαρτὸν
738 3683 812 3752 μὴ
850 3683 1116 3736 κολλούων
1141 3684 1217 3754 (6)
1251 3685 1414 3738 αὑτοῦ
1441 3684 1539 3755 τὴν
1563 3687 1770 3757 ὑπερη-

176 3772 404 3840 φανίαν,
446 3770 754 3844 νομίζοντος
805 3772 1048 3843 μεγάλην
1088 3769 1228 3828 εἶναι
1278 3775 1523 3840 ἐξουσίαν
1572 3773 1668 3844 τὴν
1713 3775 1771 3826 ἐν

171 3853 393 3930 ὀλίγαις
414 3863 647 3934 ἡμέραις
668 3863 978 3933 τυραννίδα.
1010 3864 1254 3932 Ἔφασκε
1279 3863 1336 3915 δὲ
1367 3864 1460 3915 καὶ
1487 3867 1541 3916 ἐν
1563 3864 1771 3928 τούτοις

161 3951 290 4014 ὢν,
354 3952 418 4005 τὸ
467 3952 617 4016 ἔθνος
678 3955 752 4025 μὴ
815 3941 1230 4024 καταλελεῖφθαι
1285 3956 1392 4008 ὑπὸ
1451 3956 1586 4009 Θεοῦ
1638 3957 1764 4021 τοῦ,

173 4040 306 4092 ὅσον
344 4039 583 4104 οὐδέπω,
633 4043 724 4094 τὸν
768 4032 1038 4112 Ἀντίοχον
1091 4044 1182 4096 καὶ⁴
1228 4043 1290 4095 τὸ
1339 4045 1556 4116 σπέρμα
1604 4046 1768 4097 αὐτοῦ

174 4126 584 4196 βασανίσοντος.
650 4128 807 4184 Μετὰ
856 4133 1040 4187 τοῦτον
1087 4135 1241 4199 ἓκτος
1278 4135 1414 4204 πρὸς
1445 4135 1504 4187 τὸ
1533 4135 1768 4205 ἀποθνη-

175 4234 338 4269 σκειν
389 4221 715 4289 γενόμενος·
770 4241 789 4275 ι
816 4225 908 4295 Μὴ
964 4226 1168 4289 πλανῶ,
1202 4247 1220 4278 ι
1269 4223 1459 4286 εἷπενῖ
1521 4247 1538 4277 «
1563 4228 1763 4296 ἡμεῖς,

119 4357 122 4359 .
171 4309 324 4378 ὑπὲρ
357 4311 642 4382 ἡμετέρων
676 4314 1086 4386 ἁμαρτημάτων
1107 4317 1262 4378 δίκας
1292 4317 1524 4378 τίνοντες
1543 4355 1556 4378 ,
1611 4317 1677 4368 ἵν’
1707 4319 1764 4370 ὲν

168 4401 490 4464 τοῖςπόνοις
527 4403 909 4474 καθαρθῶμεν,
930 4406 1188 4470 ἑκουσίως
1215 4407 1389 4459 ταῦτα
1426 4408 1756 4478 πάσχομεν.»

1882 3231 2243 3285 suscitabitur
2292 3223 2658 3299 tyrannus“;
2710 3247 2730 3280 «
2761 3245 2865 3283 non
2919 3230 3066 3283 enim
3107 3232 3173 3285 ad
3214 3233 3455 3297 vitam,»

1879 3325 1973 3376 sed
2010 3321 2077 3376 ad
2112 3319 2499 3374 contumeliam
2543 3330 2793 3389 resurget
2836 3319 3226 3390 infamiamque
3255 3325 3460 3392 sempi-

1882 3425 2111 3468 ternam.
2179 3410 2386 3465 Deinde
2421 3411 2711 3479 «quintum
2744 3411 3130 3464 vexabant”.»
3176 3414 3224 3466 Is
3281 3416 3455 3482 respi-

1877 3508 2028 3560 ciens
2059 3504 2413 3568 Antiochum,
2470 3503 2844 3568 exprobrabat
2883 3504 3028 3569 quod
3066 3504 3225 3557 homo
3269 3522 3458 3560 corru-

1878 3597 2054 3665 ptioni
2085 3591 2358 3647 obnoxius
2393 3590 2751 3644 nihilominus
2777 3592 3126 3658 superhiret,
3151 3603 3208 3646 et
3245 3594 3452 3647 dierum

1876 3701 2174 3755 paucorum
2201 3682 2542 3752 tyrannidem
2584 3695 2833 3750 magnam
2872 3691 3087 3750 putaret
3117 3699 3236 3738 esse
3265 3694 3454 3754 poten-

1878 3773 2030 3826 tiam.
2061 3773 2151 3823 Ait
2183 3770 2350 3824 etiam
2381 3783 2505 3822 cum
2544 3768 2598 3821 in
2629 3769 2714 3822 his
2748 3779 2897 3822 esset
2925 3771 3450 3841 angustiis.gentem

1874 3881 2027 3922 suam
2066 3881 2172 3918 non
2200 3879 2322 3918 esse
2357 3853 2676 3917 derelictam
2706 3875 2736 3915 a
2763 3861 2873 3916 Deo
2913 3863 3004 3932 qui
3050 3859 3265 3920 insolito
3301 3885 3452 3924 more

1873 3969 1930 4010 et
1956 3954 2277 4010 Antiochum
2316 3962 2371 4006 et
2406 3964 2591 4004 semen
2623 3948 2743 4017 ejus
2773 3958 2893 4002 erat
2921 3951 3284 4030 cruciaturus.
3324 3953 3452 4008 Post

1873 4048 2021 4100 hunc
2051 4053 2239 4100 sextus
2274 4044 2411 4097 mori
2447 4042 2715 4110 incipiens
2741 4043 2821 4094 sic
2853 4041 2930 4094 ait
2968 4060 2981 4096 :
3031 4061 3050 4094 «
3075 4043 3191 4097 Noli
3227 4061 3444 4108 errare;

1871 4153 1974 4193 nos
2001 4145 2350 4207 peccatorum
2386 4142 2696 4188 nostrorum
2721 4150 2912 4204 ptenas
2937 4137 3131 4190 damus
3151 4177 3165 4202 ,
3197 4149 3360 4204 utque
3393 4137 3444 4189 in

1871 4229 2154 4298 suppliciis
2182 4241 2500 4298 purgemur,
2539 4226 2768 4280 libenter
2798 4230 2909 4281 hzec
2936 4226 3163 4281 ferimus
3183 4228 3248 4280 “.
3281 4246 3299 4277 ›
3323 4228 3445 4280 Ait-

1870 4337 1975 4392 que
2003 4323 2070 4373 ad
2105 4322 2278 4386 ipsum
2305 4360 2321 4383 ,
2371 4333 2477 4371 non
2503 4317 2930 4392 existimandum
2959 4319 3060 4387 ipsi
3105 4319 3326 4386 impune
3358 4318 3443 4369 fu—

1876 4390 2055 4466 turum
2089 4409 2230 4478 quod
2257 4408 2424 4477 290
2449 4390 2654 4462 contra.
2673 4406 2840 4461 Deum
2880 4419 3119 4475 pugnare
3149 4415 3440 4466 tentasset;

175 4490 378 4559 Ἕλεγέ
419 4509 479 4544 τε
531 4494 714 4565 αὐτῷ,
781 4497 856 4558 ὡς
897 4496 1005 4568 ἄρα
1051 4499 1111 4550 οὐ
1160 4499 1265 4570 χρὴ
1319 4500 1557 4570 νομίζειν
1601 4501 1762 4554 αὑτὸν

1880 4503 1964 4558 Dei
2004 4503 2149 4555 enim
2203 4499 2550 4568 impugnator
2604 4509 2686 4555 est
2719 4499 2811 4568 qui
2846 4513 2984 4566 quos
3016 4496 3256 4552 Verbum
3305 4498 3432 4551 deos

168 4581 352 4636 ἀθῶον
403 4584 655 4647 ἔσεσθαι,
709 4585 998 4658 θεομαχεῖν
1051 4590 1458 4660 ἐπιχειροῦντα·
1494 4591 1758 4663 θεομάχος

165 4678 285 4749 γὰρ
310 4679 338 4730 6
367 4682 477 4742 τοῖς
505 4680 617 4733 ἀπὸ
635 4681 728 4733 τοῦ
746 4681 917 4749 Λόγου
942 4680 1310 4753 θεοποιηθεῖσι
1330 4683 1404 4754 (7)
1432 4685 1774 4760 paxdpsvog

243 4818 293 4849 σο
333 4815 375 4870 ll
414 4817 587 4872 Mach.
627 4814 725 4884 ιιι,
757 4823 812 4872 δ.
888 4819 932 4849 οι
964 4818 1096 4873 Ibid.
1129 4820 1182 4870 7.
1257 4821 1302 4851 ει
1335 4820 1466 4874 lbid.
1498 4822 1551 4875 9.

247 4951 327 5090 (εἰ
378 4955 763 5079 Ἐμπαιπὲἔν.
794 4958 972 5011 Codex
1001 4973 1102 5039 ius.
1133 4973 1434 5026 perperam,
1463 4956 1751 5038 ἐπαιγμόν.

247 5022 305 5090 (4
363 5027 606 5078 Metu.“
694 5041 937 5090 σοντας.
979 5029 1158 5088 Lede;
1197 5043 1322 5090 tns.,
1362 5027 1751 5090 μεταλλάσσον-

245 5022 326 5090 (4)
363 5022 937 5143 Μῖταλλάσσοντας.
979 5022 1158 5088 Codci
1197 5022 1322 5092 nis.,
1362 5022 1755 5098 μεταλλάσσον-

162 5108 297 5150 ται,
340 5109 425 5144 ma
453 5109 500 5144 e.
967 5133 969 5140 .
1015 5120 1017 5123 -

241 5159 324 5228 (5)
358 5160 711 5282 D‘fi‘xlé'mo.‘
741 5163 921 5218 Codex
952 5173 1059 5219 ms.
1085 5166 1225 5219 male
1246 5208 1259 5228 ,
1289 5167 1586 5244 ᾐκίζοντος.

241 5227 320 5282 (6)
419 5247 456 5282 η
489 5234 819 5282 tollamur.
876 5233 1018 5282 Lego
1073 5236 1147 5282 μὴ
1190 5237 1406 5282 aculeum:
1473 5234 1582 5282 refe

239 5227 330 5308 ζδὶ,
358 5227 819 5308 Μίμκοθλρύωη
876 5233 1018 5308 Lego
1071 5227 1406 5308 μὴγκολὸὖον
1473 5234 1788 5308 referendo,

166 5300 491 5374 κολοῦονιιιι
529 5300 590 5351 τὺ
611 5301 870 5372 φθαρτόν.
916 5300 1246 5362 Wetstenius
1303 5317 1483 5360 autem
1511 5305 1750 5374 legebat,

170 5371 250 5439 μὴ
286 5368 583 5422 καλλύνων.

242 5439 322 5510 (7)
356 5438 784 5510 Θεοποιηθεῐσι.
860 5440 1232 5510 Θεοποιεῖσθαι
1297 5445 1434 5510 apud
1501 5456 1748 5501 auctores

167 5503 574 5564 ecclesiasticos
597 5503 858 5561 dit-um"?
889 5511 924 5561 Ιὶ
953 5503 1036 5570 οἷς
1064 5550 1077 5572 ,
1111 5521 1168 5564 ιιι
1202 5515 1278 5566 ait
1320 5503 1558 5568 «ioannes
1586 5523 1627 5578 ι’,
1655 5516 1744 5576 12,

166 5579 368 5633 ἔδωκεν
403 5581 432 5632 6
480 5580 654 5647 Λόγος
680 5578 928 5650 ἐξουσίαν
975 5579 1138 5650 τέκνα
1179 5580 1310 5634 Θεοῦ
1343 5583 1624 5650 γενέσθαι,
1662 5585 1746 5636 vel

167 5652 265 5716 qui
295 5687 311 5711 ,
341 5659 398 5702 ut
448 5650 831 5718 scriplutn‘est
872 5648 916 5702 ll
977 5647 1117 5702 I’etr.
1151 5667 1203 5711 I,
1256 5655 1290 5704 4
1313 5691 1327 5713 ,
1355 5647 1567 5704 ἰΙίι-ἰιιιιε
1608 5670 1743 5707 con-

168 5727 346 5772 sortes
376 5719 507 5774 facti
541 5729 671 5773 sunt
689 5729 816 5772 natu
828 5736 918 5782 rae,
940 5720 1182 5771 κοινωνοὶ
1208 5720 1306 5789 τῆς
1333 5721 1481 5782 θείας
1506 5722 1738 5788 φύσεως.

1629 4821 1672 4852 ⁸³
1697 4823 1827 4876 Ibid.
1864 4822 1950 4886 10,
1986 4821 2069 4874 ll.

1867 4591 2044 4647 effecit
2067 4631 2082 4654 ,
2125 4591 2420 4659 impugnat.

2148 4816 2350 4868 “Ibid.
2388 4816 2468 4868 tt.
2549 4816 2593 4846 σε
2622 4815 2752 4868 uno.
2791 4816 2870 4868 ts.
2956 4815 3001 4844 θ·
3033 4814 3164 4865 Ibi-L
3207 4815 3285 4865 18.

1862 4958 2181 5023 Adelphium
2217 4971 2229 5006 :
2270 4952 2496 5023 Γέγονεν
2523 4952 2843 5023 ἄνθρωπος,
2872 4950 2978 5023 ἴναΔ
3003 4948 3149 5023 ἡμᾶς
3177 4951 3232 5001 ὲν
3260 4952 3434 5020 ἐαυτῴ

1863 5019 2192 5095 θεοποιήσῃῗ,
2231 5023 2322 5095 καὶ
2367 5019 2652 5095 γενώμεθα
2691 5020 2889 5095 μλοιπὸν
2920 5019 3071 5095 γένος
3100 5019 3306 5095 Ᾱᾶγιον,Δ
3345 5019 3434 5073 καὶ
3474 5055 3483 5065 υ

1863 5088 2308 5166 κοινωνὸὶὊείας
2364 5090 2638 5166 φύσεως,
2674 5089 2749 5152 ὡς
2803 5088 3040 5166 ἔγραψεν
3090 5091 3151 5166 ὁ·
3169 5092 3430 5166 μακάριος

1862 5166 2086 5233 Πέτρος.
2153 5160 2394 5233 «Factus
2429 5170 2512 5233 est
2558 5161 2719 5212 homo
2753 5167 2810 5212 ut
2841 5174 2939 5211 nos
2976 5160 3029 5210 in
3078 5160 3257 5224 seipso
3302 5165 3430 5212 deos

1863 5230 2103 5292 faceret,
2140 5230 2442 5295 liamnsqne
2482 5230 2532 5279 in
2563 5238 2837 5295 posterum
2868 5243 3039 5296 genus
3069 5240 3340 5290 sanctum,
3375 5240 3429 5278 et

1861 5305 2054 5357 divina:
2097 5299 2384 5364 participes
2435 5308 2662 5359 naturze,
2718 5307 2776 5348 ut
2835 5299 3054 5363 scripsit
3097 5299 3284 5350 beatus
3329 5299 3427 5349 l’e-

1863 5384 1991 5426 Irus.
2028 5389 2044 5421 ο
2093 5369 2232 5419 idem
2263 5367 2340 5418 De
2365 5369 2625 5420 iucarnat.
2672 5364 2823 5419 Verbi
2861 5368 3091 5433 idipsum
3120 5369 3200 5420 sic
3227 5367 3379 5419 eil'vrt
3410 5386 3423 5417 :

1853 5443 2100 5497 Christus
2126 5440 2322 5507 dicitur
2356 5437 2675 5507 ’Λνθρωπος
2704 5436 3030 5507 γεγενῆσθαι
3070 5437 3243 5506 μένων
3274 5434 3423 5507 Θεὸς,

1853 5513 1936 5563 ἵνα
1965 5509 2089 5569 τοὺς
2118 5505 2434 5578 ἀνθρώπους
2460 5503 2612 5568 θεοὺς
2648 5503 2901 5576 ἀποδείξῄ
2934 5503 3193 5577 μένοντας
3222 5503 3427 5578 ἀνθρώ-

1853 5598 1986 5642 πους
2006 5617 2019 5639 ,
2065 5595 2081 5624 «
2110 5577 2273 5628 homo
2302 5579 2474 5629 tactus
2502 5591 2624 5629 esse
2648 5593 2874 5629 manens
2903 5580 3067 5642 Deus,
3091 5587 3148 5628 ut
3178 5577 3422 5628 homim's

1851 5654 1981 5704 deos
2024 5649 2223 5698 faceret
2267 5657 2546 5699 manentes
2584 5647 2851 5700 homines.
2875 5665 2892 5698 ι
2953 5647 3006 5698 Id
3041 5655 3143 5709 est,
3175 5656 3232 5696 ιιι
3263 5645 3421 5711 paulo

1851 5730 2006 5773 antea
2035 5717 2264 5783 eXplicat
2292 5731 2305 5766 :
2340 5715 2432 5778 Εἰς
2453 5717 2716 5785 ὁμοίωσιν
2747 5716 2843 5784 τὴν
2874 5717 3010 5784 πρὸς
3036 5716 3194 5767 αὑτὸν
3221 5713 3425 5766 ἐπανάο

167 5790 322 5853 Quod
352 5790 582 5844 illustris
619 5790 910 5846 conﬁrmat
952 5791 1228 5843 Athanasii
1266 5785 1436 5845 locus
1481 5785 1637 5859 epist.
1676 5794 1740 5843 ad

1884 5807 1932 5865 τι
1983 5787 2174 5850 πάλιν,
2222 5785 2509 5854 ὁμοιωθεὶς
2553 5785 2630 5854 τῷ
2682 5787 2795 5855 ἰδίῳ
2837 5787 3118 5855 ποιήματι.
3177 5785 3422 5838 «Similis
