4080 6306
695 378 803 436 ωδ

2156 375 2311 432 ORIG
2320 375 2473 430 ΕΝῐὸ

3812 374 3922 432 595

770 498 864 554 26.
902 498 1146 568 Denique
1167 499 1650 554 adolescentiorem
1674 499 1973 555 Antiochus
1995 499 2046 553 in
2072 514 2245 553 manu:

2432 496 2747 548 Τελευταῖον
2798 492 2854 544 δὲ
2901 491 2990 543 τὸν
3024 488 3296 559 νεώτερον,
3324 489 3589 556 Ἀντίοχος
3619 487 3699 550 είς
3740 487 3934 555 χεῖρας

699 593 918 658 sumens
968 605 1201 658 eumque
1247 605 1582 661 cognoscens
1621 591 1835 646 illorum
1871 605 1996 645 vere
2035 589 2256 643 fratrem

667 727 670 730 .
697 696 821 736 esse
852 684 942 749 qui
975 679 1188 736 dolores
1216 681 1482 750 ejusmodi
1515 681 1670 738 nihili
1709 681 1982 745 facerent,
2006 681 2256 751 idemque

697 786 764 823 ac
795 771 913 825 illos
939 773 1271 840 propositum
1303 786 1544 837 scrvare,
1579 772 1682 826 alia
1704 774 1788 825 via
1811 787 2099 841 aggressus
2133 782 2253 836 est,

696 870 893 928 putans
923 855 1046 915 eum
1069 872 1124 914 et
1155 862 1336 915 verbis
1366 862 1632 917 hortando
1665 865 1990 930 persuadere
2018 877 2172 933 posse
2201 877 2256 919 et
2323 916 2336 928 _

649 954 656 962 '
694 964 818 1003 cum
871 950 1181 1019 juramento
1209 951 1529 1006 aﬂirmando
1575 967 1670 1007 «se
1697 953 1915 1009 divitem
1951 965 2006 1008 et
2039 954 2253 1007 beatum

693 1043 963 1096 facturum
1007 1052 1061 1097 et
1100 1044 1414 1097 translatum
1466 1058 1494 1096 a
1543 1046 1733 1113 patriis
1775 1047 1980 1116 legibus
2020 1048 2250 1101 amicum

695 1133 1006 1187 habiturum
1023 1173 1036 1196 ,
1071 1143 1126 1186 et
1156 1134 1371 1201 negotia
1396 1125 1537 1203 regia
1555 1136 1603 1188 ei
1625 1136 1956 1190 crediturum
1977 1137 2042 1190 ".
2065 1155 2083 1187 ο
2117 1137 2250 1191 Cum

695 1234 876 1277 autem
925 1223 1057 1276 nihil
1093 1222 1506 1291 proﬁceret,.ac
1549 1239 1616 1280 ne
1644 1227 1711 1280 ab
1740 1226 1893 1279 initio
1920 1227 2133 1294 quidem
2172 1236 2252 1280 at-

695 1316 944 1369 tenderet
976 1315 1322 1380 adolescens,
1357 1317 1554 1385 quippe
1587 1317 1929 1372 sermonibus
1979 1336 2007 1372 a
2059 1335 2252 1387 propo-

693 1407 801 1459 sito
829 1421 929 1460 suo
956 1407 1112 1476 plane
1142 1407 1336 1461 alienis
1358 1447 1374 1471 ,
1405 1410 1619 1463 vocavit
1652 1418 1877 1463 matrem
1909 1420 1963 1463 et
1987 1411 2251 1463 suadebat

693 1499 744 1549 ei
803 1506 859 1551 ut
911 1498 1239 1553 adolescenti
1276 1499 1557 1554 consilium
1605 1499 1759 1553 daret
1813 1502 1878 1553 ad
1924 1502 2152 1554 salutem
2181 1501 2245 1554 ⁶⁸.

692 1583 822 1646 Quae
855 1601 976 1640 cum
1014 1588 1348 1656 promisisset
1394 1601 1676 1641 suasuram
1721 1603 1779 1641 se
1809 1576 1940 1640 ὨΙἰο
1979 1603 2078 1642 suo
2128 1604 2249 1658 qua:

690 1677 882 1738 vellet,
940 1695 958 1727 ι
987 1676 1219 1730 irridens
1266 1679 1616 1748 tyrannum”
1647 1698 1666 1729 ι
1705 1679 1870 1753 multa
1912 1678 2023 1732 ﬁlio
2051 1682 2115 1734 de
2149 1696 2246 1748 pa-

692 1766 883 1819 tientia
906 1767 1068 1821 verba
1094 1768 1241 1832 fecit,
1275 1770 1406 1821 adeo
1429 1777 1485 1821 ut
1509 1769 1726 1837 juvenis
1753 1771 1952 1825 intenta
1985 1771 2246 1839 supplicia

690 1869 798 1908 non
827 1861 1199 1928 exspectaret;
1232 1860 1327 1913 sed
1365 1871 1739 1926 praeverteret,
1774 1871 1830 1914 et
1866 1869 2098 1914 tortores
2127 1877 2250 1928 pro—

688 1955 911 2000 vocaret
946 1947 1173 2000 dicens:
1233 1948 1370 2013 Quid
1405 1950 1765 2015 cunctamini,
1820 1949 1947 2019 quid
1984 1952 2250 2006 cessatis?

688 2032 971 2087 obedimus
1003 2034 1104 2104 legi
1136 2050 1165 2088 a
1191 2037 1300 2090 Deo
1326 2038 1496 2104 datm;
1528 2040 1729 2094 divinis
1758 2040 2094 2095 sermonibus
2121 2057 2249 2095 con-

689 2125 855 2175 traria
887 2125 1061 2179 edicta
1093 2125 1300 2180 admitti
1332 2144 1436 2182 non
1483 2129 1702 2184 debent.
1748 2131 2050 2197 Quinetiam
2086 2131 2246 2183 veluti

688 2228 785 2266 rei.
818 2214 1011 2283 aliquis
1044 2216 1134 2284 qui
1178 2216 1247 2270 de
1281 2218 1513 2272 subditis
1559 2219 1788 2287 imperio
1831 2235 1929 2274 suo
1975 2221 2245 2286 ediceret,

683 2303 945 2372 judicium
976 2305 1030 2358 in
1065 2316 1350 2374 tyranuum
1383 2309 1534 2361 illum
1567 2312 1847 2377 proposuit
1876 2311 2040 2380 judex
2071 2311 2247 2378 potius

687 2410 852 2460 quam
896 2410 1052 2460 reus,
1084 2407 1140 2450 et
1171 2397 1307 2452 dixit
1352 2399 1468 2453 fore
1513 2409 1572 2454 ut
1624 2401 1879 2468 quoniam
1931 2403 2246 2456 cmlcstibus

686 2489 875 2559 pueris
907 2505 1098 2543 manus
1125 2491 1416 2558 intulerat,
1460 2511 1479 2545 ι
1503 2496 1886 2564 omnipotentis
1922 2495 2014 2551 Dei
2047 2508 2098 2551 et
2130 2513 2247 2550 om-

688 2584 780 2636 nia
814 2584 1151 2650 iuspicientis
1196 2585 1459 2654 judicium
1492 2601 1598 2641 non
1631 2585 1970 2656 etl‘ugeret".
1995 2607 2014 2640 ι

754 2846 845 2899 27.
887 2846 1104 2899 illorum
1154 2847 1318 2900 etiam
1368 2855 1595 2900 matrem
1635 2846 1816 2902 videre
1846 2857 1968 2902 erat
2010 2849 2241 2902 filiorum

687 2943 961 2998 cruciatus
1006 2951 1060 2996 et
1109 2955 1271 2995 neces
1312 2942 1454 2995 bono
1500 2942 1681 3023 animo
1717 2943 1977 2998 tenentem
2027 2953 2244 3012 propter

686 3033 901 3087 divinas
929 3047 1086 3102 spes;
1132 3017 1229 3086 ros.
1268 3031 1412 3085 enim
1449 3017 1664 3100 pietatis
1693 3041 1748 3085 et
1781 3045 1912 3085 aura
1937 3033 2242 3086 sanctitatis

686 3137 794 3176 non
820 3123 1033 3177 sinebat
1071 3123 1123 3176 in
1149 3121 1446 3191 visceribus
1479 3120 1597 3188 ejus
1625 3123 1841 3174 accendi
1879 3123 2056 3190 ignem
2093 3121 2240 3176 illum

688 3213 920 3266 materni
949 3213 1150 3265 amoris
1185 3225 1292 3280 quo
1323 3192 1524 3263 matres
1561 3210 1923 3284 multae‘velut
1958 3211 2008 3263 in
2033 3213 2242 3279 gravis-

687 3303 840 3357 simis
862 3302 1016 3355 malis
1037 3300 1441 3370 deﬂagrassent.
1473 3300 1724 3353 Arbitror
1753 3313 1835 3354 me
1857 3298 2140 3354 utilissime
2170 3300 2239 3353 ad

688 3392 1025 3457 propositum
1074 3390 1187 3441 hzec
1226 3386 1463 3439 breviter
1494 3401 1524 3439 e
1568 3386 1850 3454 Scriptura
1895 3389 2241 3458 proposuisse

688 3488 747 3533 ut
780 3479 1055 3532 videamus
1087 3478 1214 3546 quid
1248 3478 1509 3532 adversus
1540 3479 1818 3532 cruciatus
1860 3478 2239 3533 acerbissimos

686 3578 745 3624 et
773 3569 1088 3639 gravissima
1123 3579 1390 3624 tormenta
1442 3570 1614 3639 possit
1649 3570 1822 3638 pietas
1861 3579 1919 3637 et,
1963 3586 2114 3624 amor
2149 3572 2236 3626 Dei

686 3663 879 3729 quovis
913 3675 1101 3717 amore
1139 3660 1298 3731 longe
1326 3661 1616 3730 patentior.

755 3897 845 3952 28.
915 3896 1080 3963 Quale
1143 3912 1275 3954 vero
1343 3899 1414 3953 sit
1475 3903 1791 3970 martyrium
1857 3909 1912 3955 et
1978 3912 2236 3971 quantam

684 4005 807 4044 cum
863 3990 972 4043 Deo
1037 3989 1226 4057 agendi
1299 3989 1603 4045 libertatem
1644 3976 1916 4058 .tribuat,
1990 4005 2046 4049 et
2109 3996 2235 4049 hinc

684 4082 938 4150 cognosci
1010 4090 1206 4149 potest.
1279 4081 1412 4135 Cum
1474 4081 1619 4136 vinci
1683 4084 1814 4162 nolit
1870 4085 1960 4152 qui
2017 4095 2236 4139 Sanctus

683 4184 808 4238 est,
877 4172 1115 4240 velitque
1177 4171 1432 4227 beneﬁcia
1513 4174 1808 4242 rependere
1864 4175 2056 4243 quibus
2113 4189 2234 4229 eum

686 4263 844 4334 291
879 4262 1022 4318 Deus
1055 4262 1349 4332 praevenit,
1379 4263 1573 4331 qmerit
1618 4264 1748 4333 quid
1798 4264 2027 4320 Domino
2074 4267 2236 4322 faciat

683 4368 784 4422 pro
816 4355 1085 4408 universis
1115 4367 1234 4421 quo:
1263 4357 1329 4407 ab
1357 4352 1448 4406 illo
1476 4355 1724 4422 accepit;
1775 4369 1876 4408 nec
1914 4355 2054 4408 aliud
2087 4357 2235 4424 quid-

683 4456 846 4513 quam
895 4443 1098 4496 invenit
1147 4443 1293 4519 quod
1344 4442 1514 4510 possit
1555 4443 1716 4514 homo
1763 4454 1949 4514 gratus
1983 4445 2088 4499 Deo
2119 4447 2236 4500 red-

684 4532 815 4588 dere
862 4548 962 4588 ceu
1031 4534 1234 4602 aequale
1293 4533 1603 4598 beneﬁciis,
1654 4549 1814 4602 quam
1857 4535 1920 4588 .in
1978 4537 2237 4606 martyrio

686 4623 846 4678 mori.
880 4623 1152 4691 Scriptum
1203 4633 1286 4676 est
1327 4623 1506 4676 enim:
1554 4641 1573 4673 ι
1611 4624 1748 4689 Quid
1790 4627 2086 4680 retribuam
2132 4627 2236 4681 Do-

683 4699 832 4766 inino
867 4727 965 4780 pro
995 4711 1248 4766 onmibus
1277 4725 1396 4778 qua:
1425 4711 1676 4764 retribuit
1702 4713 1831 4764 mihi
1856 4713 1878 4766 Ἰ
1907 4732 1925 4764 ι
1958 4714 2022 4767 Et
2045 4715 2192 4768 addit
2219 4733 2233 4770 :

685 4819 709 4853 ι
750 4801 984 4856 Calicem
1028 4801 1282 4855 salutaris
1319 4799 1620 4866 accipiam,
1667 4809 1723 4851 et
1772 4816 1968 4855 nomen
2024 4803 2234 4857 Domini

684 4877 946 4946 invocabo
969 4893 1035 4944 7’.
1063 4910 1083 4945 ι
1124 4891 1275 4946 Solet
1303 4901 1484 4945 autem
1518 4891 1832 4960 martyrium
1869 4909 1887 4941 ι
1919 4893 2054 4946 calix
2091 4895 2235 4948 salu-

685 4981 814 5034 turis
851 4999 869 5032 ι
914 4982 1134 5045 vocari,
1190 4989 1248 5034 ut
1296 4981 1348 5034 in
1393 4978 1682 5050 Evangelio
1731 4983 2046 5048 reperimus.
2099 4983 2231 5037 Cum

756 5085 800 5118 "’
835 5086 880 5140 il
913 5086 1084 5141 Mach.
1125 5104 1222 5155 vlt,
1251 5089 1343 5142 24.
1417 5088 1462 5122 ⁸⁸
1487 5088 1622 5144 Ibid.
1667 5089 1757 5143 25.
1833 5090 1875 5122 ⁸⁸
1904 5091 2035 5143 Ibid.
2063 5092 2171 5144 .127.

682 5178 1192 5255 factuscreaturfe,
1220 5199 1338 5237 eam
1370 5185 1436 5238 ad
1482 5185 1888 5240 similitudinem
1926 5201 2045 5255 quae
2093 5187 2143 5238 in
2178 5201 2236 5241 se

683 5261 766 5305 est
800 5251 1027 5304 reducit.
1059 5269 1077 5300 ι
1105 5251 1486 5310 Ws'rs'rsmus.
1811 5256 1818 5262 ’

781 5322 835 5386 8)
883 5319 1049 5393 IAM)
1082 5320 1335 5393 ἐφόδοις.
1388 5323 1538 5393 ιη..
1584 5324 1769 5388 ἄλλαις
1798 5324 2023 5392 ἐφόδοις.

776 5393 854 5463 9),
883 5388 1347 5463 ᾙξτιδειξαμένῃ.
1409 5388 1570 5447 Forte
1616 5396 1806 5454 scrib..
1841 5388 2232 5463 ἐπιδεξαμένη.

780 5457 864 5533 to)
904 5457 1252 5533 ρύραγιους.
1281 5457 1383 5533 bis.
1424 5463 1591 5533 codex
1630 5465 1912 5526 mendose,
1955 5457 2234 5533 οὐρανούς.

781 5528 866 5600 ll)
905 5528 1222 5600 ῌὺψύχως.
1281 5528 1402 5600 ΜΒ.,
1428 5530 1695 5600 εὐχύχως,
1727 5544 1994 5600 corrupte.

785 5597 866 5668 i2)
923 5597 1310 5671 Ἐπιτεμόνος.
1366 5597 1524 5651 Forte
1561 5597 1907 5671 scribendum
1933 5641 1948 5662 ,
1985 5601 2237 5671 ἐπιτεμό-
2269 5625 2272 5628 ’

670 5666 790 5738 ’νως
821 5666 975 5738 quasi
1006 5666 1276 5734 ἐπιτόμως
1295 5707 1308 5730 ,
1343 5686 1358 5716 ι
1383 5670 1727 5738 ροιιιροηιιὶος
1754 5689 1773 5721 ι
1808 5681 1901 5725 aut
1929 5666 2230 5738 legendum,

683 5735 1062 5810 ἐπιστημόνως
1087 5774 1103 5800 ,
1138 5755 1156 5788 ι
1177 5737 1332 5804 scite,
1361 5736 1672 5806 prudenter.
1711 5760 1730 5792 ι
1983 5735 2002 5738 ’
2217 5735 2244 5759 ⁷·

752 5325 773 5530 Ξ

2248 5094 2293 5125 ⁷⁰
2323 5089 2452 5149 Ibid.
2497 5096 2586 5149 '55.

2365 585 2566 650 λαϐὼν,
2599 585 2692 636 καὶ
2718 581 2959 644 πεισθεὶς
2989 581 3081 632 καὶ
3099 579 3285 631 τοῦτον
3318 575 3452 633 εἶναι
3482 576 3702 644 ἀδελφὺν
3733 576 3843 628 τῶν
3873 579 3934 627 ἐν

2361 674 2535 727 οὐδενῖ¹
2566 671 2894 743 τηλικαύτας
2922 669 3216 738 ἀλγηδόνας
3241 669 3298 720 Os
3307 667 3497 738 μένων,
3520 666 3611 718 καὶ
3637 665 3735 734 τὴν
3759 663 3932 732 αὐτὴν

2361 763 2502 833 ἔχειν
2551 763 2777 825 ἐκείνοις
2813 761 3158 831 προαίρεσιν,
3210 757 3323 810 ἁλλ’
3356 756 3557 823 ἐφόδοις
3587 755 3660 822 (8)
3695 753 3929 823 ἐχρῆτο⁸

2359 852 2594 923 νομίζων
2622 851 2780 903 αὐτὸν
2813 847 3185 920 παρακλήσεσι
3226 843 3638 914 πεισθήσεσθαι,
3671 841 3766 893 καὶ
3809 844 3930 902 ταῖς

2357 945 2425 996 δι’
2449 945 2628 1013 ὅρκων
2656 940 2946 994 πιστώσεσι
2973 938 3097 1008 περὶ
3129 936 3221 989 τοῦ
3260 955 3276 986 ι
3307 933 3552 986 πλούσιον
3583 933 3746 984 αὐτὸν
3775 932 3930 998 ποιή-

2357 1052 2469 1087 σειν
2523 1035 2616 1086 καὶ
2662 1031 2994 1102 μακαριστὸν
3038 1026 3398 1099 μεταθέμενόν
3426 1042 3484 1077 τε
3525 1024 3631 1076 ἀπὸ
3680 1023 3791 1074 τῶν
3819 1037 3926 1073 πα-

2333 1124 2538 1194 ·τρίων,
2575 1126 2651 1187 εἰς
2690 1122 2873 1190 φίλους
2901 1119 3397 1188 ἐγκαταταχοῆναι,
3431 1116 3522 1169 καὶ
3560 1115 3748 1186 χρείας
3778 1113 3931 1182 βαι-ιο

2354 1213 2509 1276 λικὰς
2552 1211 3030 1282 ἐμπιστευθῆναι.»
3083 1208 3243 1271 Ὠς’δ’
3269 1208 3416 1259 οὐδὲν
3446 1207 3593 1275 ἤνυε,
3617 1205 3717 1274 τὴν
3752 1203 3927 1273 ἀρχὴν

2357 1303 2492 1373 μηδέ
2541 1303 2894 1372 προσέχοντος
2936 1299 3028 1350 τοῦ
3083 1296 3291 1349 νεανίου
3345 1294 3418 1357 ὡς
3476 1292 3774 1362 ἀλλοτρίοις
3829 1291 3929 1358 τῆς

2356 1391 2546 1445 ἑαυτοῦ
2592 1391 2958 1462 προαιρέσεως
3002 1389 3110 1449 τοῖς
3165 1384 3503 1454 λεγομένοις,
3550 1378 3928 1451 προσκαλεσά-

2356 1497 2514 1550 μενος
2549 1480 2650 1549 τὴν
2681 1478 2894 1548 μητέρα
2917 1519 2929 1542 ,
2976 1476 3202 1545 παρῄνει
3227 1471 3466 1540 γίνεσθαι
3501 1469 3595 1523 τοῦ
3634 1469 3926 1539 μειρακίου

2355 1569 2651 1638 σύμϐουλον
2703 1568 2795 1619 ἐπὶ
2841 1565 3098 1636 σωτηρίᾳ.
3167 1565 3229 1616 Ἡ
3277 1564 3370 1625 δὲ,
3429 1561 3820 1629 ἐπιδειξαμένη
3852 1559 3926 1625 (Β)

2353 1660 2557 1712 πείσειν
2591 1658 2715 1728 περὶ
2740 1651 2813 1708 ὧν
2847 1655 3002 1725 ἤθελε
3035 1655 3124 1706 τὸν
3155 1654 3286 1716 υἱὸν,
3317 1653 3406 1704 καὶ
3445 1670 3463 1700 ι
3488 1651 3803 1720 χλευάσασα
3835 1648 3926 1699 τὸν

2351 1749 2628 1819 τύραννον,
2655 1767 2672 1797 ι
2704 1746 2928 1808 πολλοὺς
2961 1744 3035 1815 τῷ
3065 1743 3166 1814 υἱῷ
3201 1742 3364 1796 ἐκίνει
3395 1741 3582 1808 λόγους
3620 1739 3753 1810 περὶ
3790 1740 3926 1791 ὐπο-

2358 1842 2521 1911 μονῆς
2539 1857 2552 1869 °
2598 1841 2672 1901 ὡς
2697 1838 2785 1890 τὸν
2803 1836 3039 1900 νεανίαν,
3076 1837 3150 1905 μὴ
3191 1832 3574 1903 περιμείναντα
3605 1831 3704 1901 τὴν
3731 1833 3925 1898 ἐπιφε-

2358 1931 2585 2003 ρομένην
2631 1927 2869 1992 κόλασιν,
2925 1923 3256 1997 προλαϐόντα
3307 1921 3744 1995 προκαλέσασθαι
3799 1923 3924 1982 τούς

2349 2019 2572 2089 δημίους
2591 2061 2603 2080 ,
2633 2017 2884 2084 λέγοντα·
2914 2015 2977 2067 Τί
3009 2012 3348 2084 μέλλετεικαὶ
3376 2010 3695 2082 βραδύνετε;
3727 2009 3924 2061 ἀκούο-

2352 2125 2449 2177 μεν
2480 2109 2586 2178 γὰρ
2618 2107 2780 2177 νόμου
2813 2105 2906 2157 τοῦ
2931 2104 3170 2165 δοθέντος
3211 2101 3316 2154 ἀπὸ
3348 2100 3479 2153 Θεοῦ
3499 2118 3512 2129 ·
3548 2101 3606 2151 οὐ
3634 2099 3922 2169 προσιέναι

2348 2201 2428 2252 δεῖ
2472 2199 2795 2270 πρόσταγμα
2835 2197 3236 2263 ἐναντιούμενον
3279 2191 3440 2252 θείοις
3475 2191 3672 2256 λόγοις.
3753 2189 3921 2241 Ἀλλὰ

2347 2290 2441 2342 καὶ
2479 2288 2715 2358 ὡσπερεὶ
2757 2286 3004 2356 βασιλεὺς
3037 2284 3460 2353 ἀποφαινόμενος
3509 2281 3649 2334 κατὰ
3683 2282 3796 2332 τῶν
3833 2281 3920 2333 ὐπ’

2349 2381 2494 2449 αὐτῷ
2528 2379 2915 2448 δικαζομένων,
2961 2378 3272 2446 ἀπεφήνατο
3317 2375 3494 2444 κρίσιν
3520 2373 3616 2442 τὴν
3646 2373 3794 2425 κατὰ
3826 2373 3918 2425 τοῦ

2347 2471 2627 2541 τυράννου,
2679 2466 2922 2530 δικάζων,
2947 2466 3140 2535 μᾶλλον
3166 2464 3327 2516 αὐτὸν
3363 2463 3505 2531 ἥπερ
3531 2459 3916 2530 δικαζόμενος,

2347 2563 2441 2615 καὶ
2472 2560 2724 2628 ἔφασκεν,
2763 2558 2835 2620 ὼς
2871 2559 2977 2627 ἄρα
3014 2556 3103 2606 ἐπὶ
3137 2557 3258 2616 τοὺς·
3285 2550 3695 2623 οὐρανίουςῌΟ)
3720 2552 3918 2614 παῖδας

2347 2653 2615 2723 ἀράμενος
2665 2653 2848 2718 χεῖρας
2869 2687 2884 2711 ,
2926 2668 2944 2697 ι
2976 2647 3074 2698 οὐκ
3118 2642 3433 2711 ἐκφεύξεται
3464 2643 3561 2714 τὴν
3591 2644 3685 2697 τοῦ
3719 2661 3916 2696 παντο-

2346 2742 2608 2812 κράτορος
2633 2739 2864 2792 ἐπόπτου
2893 2736 3025 2788 Θεοῦ
3063 2735 3257 2805 κρίσιν.
3295 2752 3312 2783 ι

2414 2826 2521 2882 Ἦν
2560 2829 2615 2881 δὲ
2648 2828 2767 2880 τότε
2801 2825 2898 2896 τὴν
2945 2824 3152 2896 μητέρα
3183 2822 3289 2874 τῶν
3321 2821 3587 2874 τοσούτων
3631 2820 3778 2886 ἰδεῖν,
3825 2820 3916 2872 εὐ·
3992 2850 4000 2857 -

2344 2922 2528 2993 ψύχως
2551 2919 2659 2992 (Η)
2688 2919 2954 2989 φέρουσαν
2981 2916 3067 2968 διὰ
3094 2915 3190 2976 τὰς
3225 2915 3315 2964 ἐπὶ
3346 2898 3435 2964 τὸν
3477 2912 3607 2964 Θεὸν
3653 2912 3875 2975 ἐλπίδας
3897 2954 3910 2976 ,

2345 3015 2471 3076 τούς
2507 3013 2698 3072 πόνους
2731 3010 2822 3062 καὶ
2851 3009 2976 3069 τούς
3002 3005 3258 3065 θανάτους
3280 3003 3387 3054 τῶν
3412 3002 3567 3053 υἱῶν·
3601 3001 3781 3072 δρόσοι
3805 3003 3912 3070 γὰρ

2272 3138 2312 3193 C
2345 3103 2625 3163 εὐσεϐείας
2657 3101 2746 3152 καὶ
2777 3097 2988 3166 πνεῦμα
3013 3095 3285 3164 ὁσιότητος
3309 3093 3407 3144 οὐκ
3431 3095 3553 3144 εἴων
3581 3092 3910 3147 ἀνάπτεσθαι

2345 3197 2402 3247 ἐν
2425 3197 2534 3255 τοῖς
2559 3191 2883 3259 σπλάγχνοις
2915 3187 3081 3255 αὐτῆς
3103 3185 3164 3238 τὸ
3199 3183 3456 3254 μητρικδν
3483 3184 3576 3236 καὶ
3608 3185 3666 3234 ἐν
3691 3184 3910 3248 πολλαῖς

2339 3283 2768 3352 ἀναφλεγόμενον
2808 3280 2881 3341 ὡς
2911 3277 3002 3329 ἐπὶ
3038 3276 3355 3348 βαρυτάτοις
3399 3279 3586 3338 κακοῖς
3621 3275 3748 3343 πῦρ.
3805 3277 3910 3328 No-

2341 3376 2482 3445 μίζω
2504 3375 2559 3426 δέ
2588 3373 2681 3426 καὶ
2718 3371 2886 3424 ταῦτα
2924 3367 3315 3452 χρησιμώτατα
3347 3368 3481 3436 πρὸς
3517 3367 3576 3419 τὸ
3616 3367 3911 3437 προκείμε-

2337 3483 2423 3519 νον
2449 3463 2763 3536 ἐπιτεμόνος
2795 3460 2903 3534 (12)
2925 3460 3040 3513 ,ἀπὸ
3082 3460 3175 3529 τῆς
3211 3460 3430 3529 Γραφῆς
3463 3457 3904 3529 παρατεθεῖσθαι,

2344 3555 2409 3608 ἵν’
2444 3554 2658 3623 ἴδωμεν,
2699 3553 2820 3604 ὅσον
2862 3550 3081 3602 δύναται
3116 3549 3255 3601 κατὰ
3285 3547 3393 3600 τῶν
3430 3548 3778 3617 τραχυτάτων
3811 3547 3908 3600 πό-

2343 3658 2446 3694 νων
2503 3641 2594 3692 καὶ
2643 3638 2749 3690 τῶν
2800 3637 3111 3707 βαρυτάτων
3159 3635 3405 3704 βασάνων
3446 3635 3692 3687 εὐσέϐεια
3726 3636 3820 3688 καὶ
3844 3631 3905 3683 τὸ

2344 3732 2480 3802 πρὸς
2515 3731 2644 3782 Θεὸν
2673 3728 2921 3797 φίλτρον,
2958 3725 3155 3789 παντὸς
3197 3725 3417 3796 φίλτρου
3450 3723 3569 3778 καθ’
3603 3724 3904 3796 ὑπερϐολὴν

2343 3824 2524 3876 πλεῖον
2556 3819 2868 3888 δυνάμενον.
3444 3833 3449 3840 ·

2425 3912 2633 3964 Ὀποῖον
2667 3908 2712 3960 δ’
2744 3909 2860 3959 ἐστὶ
2907 3907 2967 3959 τὸ
3010 3905 3332 3977 μαρτύριον,
3365 3906 3458 3958 καὶ
3489 3904 3903 3974 πόσηνπαρῤη-

2345 3999 2462 4052 σίαν
2514 3995 2769 4065 ἐμποιοῦν
2813 3995 2948 4066 πρὸς
2996 3994 3085 4046 τὸν
3129 3993 3298 4056 Θεὸν,
3349 3993 3441 4046 καὶ
3495 3993 3740 4046 ἐντεῦθεν
3791 3994 3901 4044 ἐστι

2341 4084 2716 4154 καταμαθεῖν..
2759 4082 3038 4152 Φιλότιμός
3093 4099 3174 4144 τις
3214 4084 3242 4134 ὁ
3274 4080 3425 4148 ἆγιος
3470 4081 3568 4144 ὢν,
3617 4082 3712 4134 καὶ
3750 4079 3902 4149 ἁμείη

2339 4176 2538 4246 ψασθαι
2563 4174 2730 4228 θέλων
2755 4173 2852 4236 τὰς
2873 4172 3154 4241 φθασάσας
3176 4172 3255 4234 είς
3278 4171 3436 4225 αὐτὸν
3456 4173 3770 4243 εὐεργεσίας
3796 4171 3900 4226 ἀπὸ

2341 4266 2496 4330 Θεοῦ,
2531 4264 2680 4336 ζητεῖ
2722 4264 2773 4316 τί
2811 4263 2876 4316 ἂν
2916 4264 3134 4334 ποιήσαι
3176 4261 3252 4331 τῷ
3282 4262 3469 4333 Κυρίῳ
3504 4263 3633 4332 περὶ
3662 4263 3895 4324 πάντων,

2340 4349 2413 4411 ὧν
2441 4358 2532 4410 ἀπ’
2558 4353 2721 4408 αὐτοῦ
2755 4354 2941 4424 εἴληφε
2961 4369 2974 4382 ο
3009 4353 3101 4406 καὶ
3126 4353 3274 4406 οὐδὲν
3301 4352 3427 4406 ἄλλο
3465 4353 3706 4423 εὑρίσκει
3741 4353 3898 4406 οἱονεὶ

2337 4449 2621 4518 ίσόῤῥοπον
2655 4448 2772 4507 ταῖς
2796 4444 3134 4515 εὐεργεσίαις
3160 4444 3451 4513 δυνάμενον
3477 4445 3583 4497 άπὸ
3613 4444 3894 4514 ἀνθρώπου

2334 4535 2726 4606 εὐπροαιρέτου
2754 4532 3073 4602 ἀποδοθῆναι
3117 4531 3266 4602 Θεῷ,
3294 4532 3369 4594 ὼς
3395 4531 3492 4600 τὴν
3527 4529 3893 4602 ἐνμαρτυρίῳ

2333 4624 2602 4692 τελευτήν.
2637 4623 2945 4693 Γέγραπται
2972 4621 3080 4693 γάρ
3105 4639 3119 4651 ο
3155 4642 3173 4672 ι
3206 4610 3269 4673 Τί
3292 4621 3656 4674 ἀνταποδώσω
3679 4622 3756 4691 τῷ
3790 4624 3896 4674 Ko-

2340 4715 2444 4785 ρίῳ,
2467 4715 2590 4784 περὶ
2634 4715 2844 4766 πάντων
2877 4708 2950 4765 ὧν
2983 4710 3326 4766 ἁνταπέδωκέ
3355 4727 3478 4780 μοις
3510 4729 3528 4761 ι
3567 4712 3678 4763 Καὶ
3707 4712 3892 4777 ἐπάγει

2339 4808 2542 4874 λέγων·
2576 4825 2594 4856 ι
2627 4808 2889 4876 Ποτήριον
2921 4805 3183 4876 σωτηρίου
3213 4803 3472 4872 λήψομαι,
3504 4804 3596 4856 καὶ
3631 4804 3693 4854 τὸ
3735 4804 3892 4873 ὁνομα

2341 4880 2540 4968 Κύρίου
2557 4897 2963 4967 ἐπικαλέσομαι.
2980 4915 3098 4946 ι-ι
3112 4895 3369 4965 Ποτήριον
3383 4893 3438 4944 δὲ
3456 4893 3724 4964 σωτηρίου
3747 4913 3764 4946 ι
3783 4895 3891 4955 509;

2339 4987 2690 5058 ὀνομάζεσθαι
2716 4987 2776 5038 τὸ
2803 4986 3093 5056 μαρτύριον
3133 4984 3262 5056 (15),
3291 4983 3366 5046 ὡς
3389 4986 3444 5036 ἐν
3477 4984 3554 5055 τῷ
3584 4986 3891 5054 Εὐαγγελίῳ

2660 5097 2704 5127 ⁷⁸
2734 5095 2879 5148 Psal.
2918 5111 3018 5148 cxv
3042 5135 3056 5158 ,
3109 5095 3194 5148 12.

2415 5189 2523 5257 (15)
2556 5189 2842 5255 Ποτήριον
2858 5188 2934 5260 Δδὲ
2959 5189 3252 5256 σωτηρίου
3275 5189 3410 5260 ἔθος
3430 5189 3812 5260 ὀνομάζεσθαι
3828 5188 3889 5242 τὸ

2339 5260 2682 5332 μαρτύριον.
2711 5258 2963 5332 Paculam
2995 5260 3270 5332 salutaris,
3304 5259 3479 5328 inquit
3527 5258 3884 5332 'Wetstenins.

2342 5327 2604 5395 Origenes
2637 5343 2739 5379 non
2773 5327 2906 5379 dicit
2942 5343 3034 5393 per
3064 5327 3462 5391 llebrajsmuin,
3499 5327 3743 5394 genitivo
3769 5330 3887 5381 sub-

2342 5397 2558 5449 stantivi
2591 5412 2687 5463 pro
2707 5395 2969 5460 adjective
2994 5407 3234 5465 sumpto:
3254 5398 3711 5464 quemadmodum
3738 5397 3884 5462 vulgo

2344 5475 2577 5523 vertunt,
2609 5465 2845 5530 poculum
2870 5466 3052 5519 salutis
3092 5469 3365 5530 accipiam,
3395 5467 3443 5518 id
3483 5475 3569 5518 est
3616 5467 3883 5529 salutare;

2341 5535 2434 5587 sed
2463 5533 2524 5584 τὸ
2553 5535 2831 5604 σωτήριον,
2863 5535 3126 5599 salutare,
3153 5546 3442 5604 usurpatur
3483 5534 3600 5586 vice
3636 5536 3881 5588 substan-

2345 5604 2434 5655 tivi
2467 5603 2725 5674 σωτηρία,
2750 5612 2801 5656 et
2830 5605 2912 5674 hic
2938 5605 3129 5656 iterum
3155 5603 3470 5658 abstractum
3501 5616 3600 5674 pro
3625 5615 3877 5674 concreto,

2342 5687 2530 5738 nempe
2561 5671 2831 5734 Sérvutore
2867 5672 3003 5740 ipso.
3039 5673 3111 5725 lla
3141 5675 3358 5727 Simeou
3386 5672 3701 5740 complexus
3733 5672 3881 5724 Citri-

2339 5735 2480 5794 stuni
2518 5741 2722 5796 Domini
2763 5735 2941 5795 natum
2978 5741 3105 5795 Luc.
3135 5758 3172 5796 ιι
3195 5782 3208 5808 ,
3237 5741 3304 5793 ‘2‘.)
3329 5759 3341 5793 :
3367 5737 3490 5793 ’Ότι
3522 5735 3661 5794 εἶδον
3703 5742 3751 5794 οἱ
3787 5740 3875 5812 όφ-
