4080 6306
129 384 220 439 397

1205 384 1659 442 EXHORTATIO
1699 384 1787 438 AD
1828 359 2269 441 MARTYRIUM.

3272 365 3375 419 593

48 500 51 503 ’
127 502 348 575 εὕρομεν
370 519 389 535 ο
420 505 579 574 ἡνίκα
603 502 710 575 γὰρ
739 503 982 575 μείζονος
1026 504 1298 575 ὠρέγοντο
1341 505 1506 575 τιμῆς
1538 507 1587 556 οί
1617 504 1675 557 θὲ

1808 504 1953 557 enim
2005 499 2268 567 majorem
2312 501 2634 565 appeterent
2674 492 2935 548 honorem
2968 490 3057 557 qui
3108 503 3136 542 a
3171 488 3376 543 dextris

126 592 300 658 λοντες
352 598 418 648 ἐκ
457 595 646 661 δεξιῶν
691 597 785 650 καὶ
843 597 901 663 ἐξ
939 596 1229 667 εὐωνύμων
1275 597 1599 666 καθεσθῆναι
1623 595 1699 665 τῷ

137 685 306 755 Ἰησοῦ
341 687 398 739 ὲν
448 690 513 757 τῇ
557 687 803 758 βασιλείᾳ
851 687 1049 751 αὐτοῦ,
1086 690 1219 757 φησὶ
1266 688 1401 759 πρὸς
1445 688 1639 750 αὐτοὺς
1672 689 1699 739 ό

127 776 355 847 Κύριος*
394 797 412 827 ι
450 777 687 832 Δύνασθε
718 782 861 831 πιεῖν
885 779 945 830 τὸ
973 781 1231 849 ποτήριον
1267 780 1295 830 ὃ
1321 778 1432 847 ἐγὼ
1464 778 1636 842 πίνω;
1675 766 1691 828 ί

128 868 377 937 ποτήριον
422 866 592 933 λέγων
636 867 698 919 τὸ
728 868 1026 940 μαρτύριον
1050 886 1062 898 ·
1093 869 1226 939 ὅπερ
1259 870 1373 923 ἐστὶ
1414 869 1580 937 σαφὲς
1605 870 1697 921 καὶ

128 960 185 1007 ὲκ
212 956 338 1008 τοῦ·
381 976 397 1007 ι
436 958 638 1027 Πάτερ,
673 960 720 1010 εί
745 956 966 1012 δυνατὸν
997 959 1128 1029 (14),
1165 960 1467 1030 παρένεγκε
1501 958 1560 1011 τὸ
1602 976 1697 1010 πο-

124 1048 304 1116 τήριον
338 1031 496 1100 τοῦτο
528 1047 624 1100 ἀπ’
656 1047 803 1117 ἐμοῦ
825 1065 837 1077 ·
872 1046 1009 1117 πλὴν
1056 1047 1116 1099 οὑ
1158 1048 1210 1100 τί
1236 1046 1346 1117 ἐγὼ
1374 1046 1531 1111 θέλω,
1561 1047 1695 1101 ἀλλὰ

127 1138 172 1189 τί
217 1137 300 1190 σύ.
335 1157 353 1189 ι
404 1138 550 1208 Πλὴν
603 1138 944 1209 μανθάνομεν
976 1139 1058 1190 ὅτι
1112 1138 1395 1206 συγκαθιεῖ
1444 1137 1555 1207 (15)
1601 1137 1696 1190 καὶ

128 1226 561 1297 συμϐασιλεύσει,
596 1227 689 1279 καὶ
724 1228 1027 1281 συνδικάσει
1053 1228 1131 1298 τῷ
1162 1228 1371 1297 βασιλεῖ
1402 1226 1506 1279 τῶν
1545 1226 1696 1296 βασι-

126 1314 377 1370 λευόντων
402 1320 430 1370 ό
474 1315 612 1370 πιὼν
662 1318 723 1369 τὸ
782 1320 1038 1389 ποτήριον
1073 1321 1279 1381 ἐκεῖνο,
1305 1319 1440 1389 ὅπερ
1484 1317 1636 1372 ἔπιεν
1667 1318 1694 1369 ὁ

137 1407 371 1477 Ἰησοῦς·
412 1406 559 1459 τοῦτ’
606 1402 697 1460 οὖν
726 1410 840 1459 ἐστι
872 1409 932 1461 τὸ
973 1410 1065 1463 τοῦ
1105 1411 1374 1481 σωτηρίου
1413 1412 1691 1482 ποτήριον,

126 1497 251 1566 ὅπερ
322 1500 349 1549 ό
418 1495 598 1550 λαϐὼν
673 1499 1055 1553 ἐπικαλέσεται
1118 1500 1178 1553 τὸ
1237 1501 1407 1572 ὄνομα
1451 1502 1689 1571 Κυρίου’

133 1606 147 1635 ι
177 1587 287 1650 Πᾶς
317 1586 371 1639 δὲ
396 1588 453 1652 ὃς
487 1587 580 1640 ἐὰν
605 1589 993 1660 ἐπικαλέσηται
1034 1592 1094 1644 τὸ
1120 1592 1293 1662 ὄνομα
1321 1594 1547 1662 Κυρίου,
1586 1610 1692 1644 σω-

128 1675 362 1745 θήσεται.
399 1696 417 1727 ι

200 1764 354 1817 Ἀλλὰ
380 1765 524 1828 είκός
554 1784 672 1819 τινα
704 1766 791 1820 διὰ
810 1766 901 1830 τὸ,
935 1785 953 1817 ι
979 1767 1182 1837 Πάτερ,
1212 1769 1259 1818 εί
1289 1766 1515 1820 δυνατόν
1552 1769 1688 1832 ἐστι,

1802 606 1856 648 et
1884 610 1913 647 a
1943 591 2183 647 sinistris
2212 588 2340 643 Jesu
2370 588 2423 640 in
2446 586 2625 653 ipsius
2668 598 2836 651 regno
2876 581 3067 649 sedere
3095 578 3370 637 volebant,

1803 687 1879 739 ait
1909 685 2015 739 illis
2047 681 2310 737 Dominus
2344 694 2358 730 :
2411 696 2432 727 ‹
2465 674 2700 729 Potestis
2742 674 2928 727 bibere
2960 669 3181 724 calicem
3211 683 3373 735 quem

1801 791 1900 845 ego
1930 775 2055 829 bibo
2077 772 2164 824 7'?
2204 790 2221 821 ι
2258 768 2485 823 calicem
2518 772 2720 820 vocans
2752 761 3071 831 martyrium
3101 776 3116 811 ι
3143 758 3283 826 quod
3321 766 3374 810 et

1801 882 1867 921 ex
1904 864 1994 919 illo
2028 861 2369 917 manifestum
2412 866 2543 912 est:
2596 872 2615 905 ι
2656 854 2853 917 Pater,
2900 852 2945 905 si
2985 848 3241 918 possibile
3270 856 3370 910 est,

1803 956 2039 1013 transfer
2074 955 2300 1009 calicem
2351 953 2514 1006 istum
2566 964 2595 1002 a
2642 962 2785 1010 me;
2838 950 3211 997 verumtamen
3262 954 3370 994 non

1800 1048 1943 1117 quod
1989 1060 2090 1113 ego
2122 1044 2244 1097 volo
2271 1083 2287 1105 ,
2337 1042 2428 1096 sed
2460 1038 2605 1108 quod
2640 1048 2692 1091 ιιι
2718 1037 2787 1089 ⁷³.
2831 1054 2849 1085 ι
2889 1022 3156 1087 υἰεοίιιιιιέ
3190 1032 3375 1096 itaque

1799 1138 1958 1192 simul
1991 1151 2112 1189 cum
2146 1149 2271 1203 rege
2304 1146 2492 1197 regum
2524 1140 2800 1182 sessurum
2839 1133 2894 1177 et
2931 1132 3283 1190 regnaturum
3320 1126 3374 1171 et

1794 1229 2166 1297 iudicaturum
2215 1225 2365 1278 illum
2415 1236 2539 1275 esse
2587 1220 2676 1287 qui
2713 1219 2858 1271 hunc
2907 1214 3131 1267 calicem
3175 1210 3373 1265 biberit

1799 1334 1961 1389 quem
2012 1317 2153 1372 bibit
2198 1314 2376 1369 Jesus.
2418 1312 2519 1366 llic
2565 1310 2732 1379 igitur
2769 1317 2852 1361 cst
2900 1303 3043 1358 calix
3096 1302 3373 1363 salutaris,

1798 1425 1957 1480 quem
1989 1410 2079 1477 qui
2112 1406 2402 1474 acceperit,
2423 1400 2700 1456 invocabit
2722 1412 2920 1451 nomen
2942 1395 3174 1448 Domini.
3207 1409 3225 1442 ι
3252 1390 3376 1445 Οιιι-

1800 1503 1885 1554 nis
1929 1510 2111 1554 autem
2164 1498 2476 1567 quicunque
2520 1489 2857 1548 invocaverit
2889 1502 3087 1542 nomen
3132 1485 3371 1551 Domini,

1800 1592 1982 1646 salvus
2012 1590 2115 1644 erit
2147 1589 2215 1643 '“*.
2254 1607 2271 1639 ι

1867 1768 1959 1824 29.
1987 1766 2095 1821 Sed
2124 1764 2320 1835 aliquis
2353 1763 2491 1817 forte
2518 1756 2741 1830 propter
2764 1759 2882 1812 haec
2911 1756 3073 1810 verba
3101 1773 3113 1808 :
3148 1772 3166 1804 ι
3191 1752 3377 1816 Pater,

127 1854 431 1925 παρελθέτω
462 1856 556 1908 ἀπ’
598 1856 731 1926 ἐμοῦ
757 1857 817 1909 τὸ
850 1857 1108 1927 ποτήριον
1140 1856 1330 1921 τοῦτο,
1371 1875 1387 1906 ι
1434 1857 1507 1925 μὴ
1540 1857 1684 1927 ἀκρι-

1799 1838 1845 1912 Si
1877 1858 2131 1928 possibile
2162 1866 2269 1921 est,
2302 1861 2547 1908 transeat
2572 1868 2601 1905 a
2630 1866 2716 1905 me
2748 1849 2887 1903 calix
2920 1848 3042 1909 istc,
3082 1865 3101 1897 ι
3130 1860 3233 1898 non
3263 1859 3379 1911 per-

127 1944 362 1998 6ὡσαντα
387 1946 447 1998 τὸ
472 1945 715 2016 βούλημα
740 1947 838 2017 τῆς
870 1948 1111 2017 Γραφῆς,
1138 1946 1399 2016 νομίζειν,
1429 1947 1510 1999 ὅτι
1536 1949 1695 1998 οἱονεὶ

127 2037 212 2089 καὶ
238 2037 424 2109 Σωτὴρ
462 2039 724 2093 ἐδειλίασε
760 2040 909 2111 παρὰ
944 2040 1035 2095 τὸν
1081 2040 1175 2094 τοῦ
1222 2040 1426 2104 πάθους
1468 2042 1655 2112 καιρόν
1678 2059 1691 2072 ·

126 2124 322 2179 ἐκείνου
365 2127 420 2181 δὲ
465 2128 866 2193 δειλιάσαντος,
917 2130 1059 2182 εῐποι
1094 2147 1176 2193 τις
1204 2128 1269 2183 ἂν
1290 2169 1305 2191 ,
1332 2130 1416 2190 τίς
1452 2132 1694 2195 γενναῖος

125 2218 287 2270 eius!
310 2234 324 2283 ;
352 2219 574 2289 Πρῶτον
603 2221 659 2274 δὲ
706 2219 1017 2291 πευσόμεθα
1067 2220 1172 2272 τῶν
1218 2219 1388 2274 ταῦτα
1429 2221 1556 2290 περὶ
1599 2220 1691 2272 τοῦ

125 2309 359 2378 Σωτῆρος
389 2310 898 2381 ὑπολαμϐανόντων,
935 2312 983 2363 εἰ
1013 2311 1250 2363 ἐλάττων
1284 2307 1351 2381 ἦν
1378 2310 1471 2363 τοῦ
1505 2310 1693 2377 λέγον-

123 2414 239 2460 τος*
298 2417 315 2447 ι
345 2398 547 2468 Κύριος
598 2402 873 2470 φωτισμός
919 2417 1019 2470 μου
1067 2402 1159 2452 καὶ
1204 2402 1388 2472 σωτήρ
1420 2419 1542 2471 μου,
1573 2402 1692 2454 τίνα

124 2488 486 2561 φοόηθήσομαι
516 2509 529 2553 ς
559 2490 762 2561 Κύριος
790 2492 1202 2563 ὑπερασπιστὴς
1246 2493 1346 2562 τῆς
1371 2491 1516 2563 ζωῆς
1546 2504 1653 2564 μου¹
1674 2513 1686 2525 ·

122 2581 221 2633 ἀπὸ
251 2582 390 2647 τίνος
422 2584 710 2649 δειλιάσω;
756 2585 844 2639 Ἐν
867 2584 946 2655 τῷ
972 2584 1210 2653 ἐγγίζειν
1240 2587 1325 2637 ἐπ’
1352 2585 1451 2655 ἐμὲ
1469 2586 1692 2639 κακοῦν-

123 2685 211 2732 τας
233 2672 325 2724 τοῦ
363 2676 555 2740 φαγεῖν
582 2674 679 2737 τὰς
706 2674 915 2745 σάρκας
950 2692 1073 2743 μου,
1101 2675 1149 2726 οί
1175 2660 1445 2734 θλίϐοντες
1474 2693 1560 2743 με,
1598 2677 1692 2729 καὶ

122 2761 165 2811 οἱ
194 2761 368 2833 ἐχθροί
397 2780 521 2833 μου,
552 2764 704 2817 αὐτοὶ
732 2764 1055 2835 ἡσθένησαν,
1090 2766 1181 2816 καὶ
1214 2764 1434 2817 ἔπεσονο
1472 2765 1565 2817 ἐὰν
1588 2781 1692 2817 πα-

125 2852 405 2923 ρατάξηταί.
458 2855 544 2907 ἐπ’
596 2855 697 2924 ἐμὲ
745 2856 1098 2926 παρεμϐολὴ,
1143 2857 1205 2907 οὐ
1260 2856 1688 2928 φοϐηθήσεταιηὴ

122 2943 306 3013 καρδία
332 2961 452 3013 μου,
491 2946 634 3013 ικαὶ
662 2944 728 2997 τὰ
761 2944 903 3015 ἑξῆς.
941 2947 1091 3017 Τάχα
1122 2946 1177 3000 δὲ
1205 2947 1327 2999 οὐδὲ
1361 2947 1520 2999 ἄλλου
1548 2948 1690 3011 τινός

121 3037 227 3087 ἐστι
265 3034 432 3109 ταῦτα
465 3037 525 3087 ὲν
563 3035 641 3105 τῷ
664 3038 929 3109 Προφήτῃ
966 3038 1232 3107 λεγόμενα
1272 3038 1338 3090 τὰ
1387 3039 1607 3109 ῥήματα
1655 3040 1687 3108 ἢ

119 3124 205 3175 τοῦ
230 3125 477 3197 Σωτῆρος
518 3125 608 3179 διὰ
648 3127 737 3179 τὸν
770 3127 878 3180 ἀπὸ
902 3126 995 3180 τοῦ
1028 3127 1242 3200 Πατρὸς
1274 3129 1553 3198 φωτισμὸν
1594 3128 1688 3181 καὶ

1796 1963 1964 2017 penso
2010 1947 2308 2016 Scriptura:
2358 1960 2545 2010 sensu,
2571 1944 2919 1998 Servatorem
2962 1938 3061 1992 sub
3110 1934 3379 2003 passiOnis

1797 2050 2011 2113 tempus
2054 2038 2237 2092 minus
2282 2037 2503 2091 fortiter
2547 2052 2606 2092 se
2644 2033 2902 2090 habuisse
2946 2029 3256 2099 putaverit:
3286 2026 3378 2079 illo

1795 2142 1976 2185 autem
2012 2132 2238 2185 timente
2266 2170 2281 2195 ,
2318 2131 2462 2184 dicet
2494 2128 2692 2201 aliquis
2717 2168 2732 2193 ,
2785 2126 2908 2194 quis
2954 2135 3170 2192 semper
3216 2120 3378 2174 fortis

1794 2223 1897 2276 erit
1935 2222 1958 2275 ?
2003 2221 2247 2275 Primum
2303 2228 2483 2273 autem
2533 2216 2999 2285 interrogabimus
3046 2228 3139 2267 eos
3178 2210 3378 2287 quide

1788 2315 2081 2371 Salvatore
2112 2314 2227 2367 haec
2254 2312 2629 2381 suspicantur,
2670 2325 2737 2362 an
2775 2309 2954 2360 minor
2997 2304 3165 2361 fuerit
3193 2319 3257 2357 eo
3283 2303 3375 2371 qui

1794 2405 2052 2459 dicebat:
2088 2420 2106 2453 ι
2146 2403 2410 2456 Dominus
2442 2400 2766 2454 illuminatio
2802 2412 2919 2451 mea
2951 2404 3005 2449 et
3054 2394 3202 2449 salus
3233 2404 3374 2455 mea,

1792 2509 1955 2563 quem
1993 2492 2231 2547 timebo?
2261 2491 2523 2546 Dominus
2559 2497 2838 2558 protector
2870 2487 2994 2538 vitae
3025 2498 3241 2549 me:e,a
3267 2497 3377 2550 quo

1796 2585 2077 2653 trepidabo
2111 2585 2134 2637 ?
2180 2583 2316 2638 Dum
2362 2582 2685 2652 appropiant
2723 2593 2885 2647 super
2915 2592 3001 2631 me
3037 2583 3296 2629 nocentes
3321 2585 3379 2627 ut

1793 2676 1957 2729 edant
1984 2688 2178 2729 carnes
2212 2687 2381 2737 meas,
2418 2674 2508 2741 qui
2542 2672 2804 2725 tribulant
2851 2684 2938 2725 me
2985 2667 3193 2723 inimici
3245 2668 3373 2730 mei,
3420 2726 3425 2733 η

1794 2765 1899 2833 ipsi
1935 2764 2194 2818 inﬁrmati
2227 2773 2354 2818 sunt
2394 2772 2449 2816 et
2474 2763 2820 2830 ceciderunt;
2855 2766 2901 2817 si
2936 2759 3242 2815 consistant
3274 2759 3374 2812 ad-

1791 2871 2009 2912 versum
2042 2870 2128 2910 me
2179 2864 2383 2919 castra,
2416 2871 2520 2910 non
2554 2854 2767 2918 timebit
2805 2869 2901 2909 eor
2948 2867 3127 2905 meum
3153 2852 3283 2917 ",1
3320 2863 3376 2904 et

1792 2948 2023 3017 reliqua.
2062 2947 2224 3001 Forte
2255 2956 2433 3001 autem
2466 2961 2572 2999 non
2604 2940 2834 3000 altcrius
2881 2953 3008 2999 sunt
3038 2958 3067 2995 a
3102 2943 3371 3011 PrOpheta

1795 3035 1964 3090 relata
2000 3036 2183 3097 verba,
2216 3049 2378 3103 quam
2412 3033 2727 3088 Servatoris
2773 3032 2945 3102 ipsius
3000 3032 3093 3100 qui
3146 3042 3369 3099 propter

1794 3127 2246 3183 illuminationem
2288 3135 2343 3182 et
2393 3126 2623 3181 salutem
2658 3139 2821 3194 quam
2858 3138 2885 3177 a
2931 3123 3091 3177 Patre
3134 3124 3370 3191 accepit,

118 3214 207 3283 τὴν
250 3189 553 3270 ἀπ”αὐτοῦ
589 3216 891 3288 σωτηρίαν,
945 3189 1543 3288 οὐδένα-φοϐουμένου,
1594 3219 1684 3271 καὶ

1792 3219 1932 3273 nihil
1964 3220 2116 3274 timet
2142 3234 2158 3285 ;
2196 3218 2401 3288 quique
2427 3226 2647 3286 propter
2676 3189 3073 3284 proter-tionem
3105 3229 3209 3283 qua
3238 3189 3370 3283 pro-

66 3337 71 3340 η
120 3303 199 3357 διὰ
220 3306 310 3358 τὸν
343 3306 781 3376 ὕπερασπισμὸν,
802 3306 861 3359 ὃν
892 3308 1260 3378 ὑπερήσπιζεν
1281 3306 1445 3361 αὑτοῦ
1475 3311 1503 3362 ό
1533 3309 1684 3375 Θεὸς,

120 3393 217 3445 ἀπὸ
256 3396 478 3465 μηδενὸς
503 3396 828 3459 δειλιῶντος.
862 3397 1064 3449 Τούτου
1093 3398 1150 3449 δὲ
1178 3398 1271 3451 καὶ
1299 3400 1332 3469 ἡ
1367 3400 1558 3472 καρδία
1592 3400 1684 3453 οὐ·

119 3484 292 3553 δαμῶς
316 3486 586 3555 ἐφοϐεῖτο,
608 3486 1101 3557 παρατασσομένης
1129 3488 1216 3539 ἐπ’
1240 3486 1401 3541 αὐτὸν
1436 3488 1563 3557 ὅλης
1586 3490 1685 3559 τῆς

118 3577 203 3629 τοῦ
232 3578 440 3632 Σατανᾶ
473 3578 823 3652 παρεμϐολῆς
850 3596 863 3609 ·
894 3578 1088 3649 ῆλπιξε
1118 3579 1175 3632 δὲ
1206 3580 1300 3633 καὶ¹
1332 3580 1422 3632 ἐπὶ
1467 3583 1533 3650 τῇ
1570 3580 1678 3649 (16)

120 3668 510 3741 πεπληρωμένη
556 3668 1038 3740 ίερῶν⁶δογμάτων
1070 3665 1233 3723 αὕτόῦ
1265 3670 1482 3741 καρδία,
1518 3671 1683 3723 ἐπαν-

123 3762 391 3830 ισταμένου
444 3762 596 3831 αὐτῷ
640 3760 898 3831 πολέμου.
926 3761 999 3813 Οὐ
1029 3759 1170 3814 κατὰ
1192 3759 1283 3812 τὸν
1314 3760 1474 3814 αὑτὸν
1507 3761 1683 3815 τοίνυν

119 3852 226 3905 ἐστὶ
251 3853 342 3906 καὶ
374 3850 519 3905 κατὰ
561 3851 763 3905 δειλίαν
802 3851 982 3919 λέγειν
1010 3851 1102 3904 τό·
1137 3870 1156 3902 ι
1197 3852 1377 3923 Πάτερ
1398 3891 1411 3914 ,
1457 3853 1504 3903 εί
1533 3852 1685 3905 δυνα-

120 3944 202 3996 τόν
234 3945 342 4016 (l7)
381 3947 499 3997 ἐστι
525 3984 541 4009 ,
600 3942 921 4015 παρελθέτω
966 3943 1061 3997 ἀπ’
1124 3942 1258 4013 ἐμοῦ
1299 3944 1361 3997 τὺ
1428 3945 1683 4015 ποτήριον

1791 3312 1922 3381 tegit
1944 3324 2068 3364 eum
2100 3310 2242 3365 Deus
2267 3353 2282 3378 ,
2312 3324 2343 3364 a
2374 3308 2524 3364 nullo
2569 3307 2824 3377 trepidat.
2868 3306 3038 3373 llujus
3065 3316 3120 3360 et
3150 3320 3245 3360 cor
3270 3322 3367 3362 ne-

1788 3417 2063 3471 quaquam
2115 3402 2326 3465 timuit,
2373 3415 2497 3455 cum
2552 3400 2818 3453 adversus
2856 3412 2981 3452 eum
3012 3404 3122 3450 tota
3152 3396 3371 3450 Satanas

1789 3503 1968 3549 castra
1990 3494 2387 3548 consisterent:
2410 3490 2573 3560 292
2595 3490 2848 3557 sperabat
2868 3488 3033 3543 etiam
3066 3488 3119 3541 in
3146 3487 3256 3541 Deo
3274 3502 3371 3541 cor

1790 3584 1906 3652 ejus
1945 3592 2104 3635 sacra
2138 3582 2382 3636 doctrina
2422 3581 2677 3650 plenum,
2711 3594 2836 3634 cum
2876 3578 3078 3639 bellum
3110 3578 3373 3630 adversus

1791 3688 1915 3728 eum
1951 3674 2281 3745 insurgeret.
2312 3674 2571 3744 Ejusdem
2601 3672 2772 3741 igitur
2805 3686 2913 3726 non
2950 3679 3033 3727 est
3070 3670 3257 3725 timide
3283 3668 3371 3725 di-

1792 3778 1950 3819 cere:
1987 3783 2005 3817 ι
2036 3764 2223 3829 Pater,
2258 3764 2305 3818 si
2338 3763 2599 3833 possibile
2623 3771 2740 3827 est,
2777 3769 3022 3816 transeat
3051 3777 3079 3815 a
3107 3776 3193 3815 me
3228 3759 3372 3815 calix

1793 3854 1916 3919 iste,
1954 3873 1975 3906 ι
2007 3863 2061 3908 et
2089 3854 2304 3909 fortiter
2322 3852 2703 3924 "pronuntiare
2732 3868 2747 3907 :
2791 3870 2810 3902 ι
2845 3850 2903 3905 Si
2945 3851 3246 3907 consistant
3274 3851 3375 3904 ad-

1790 3959 2007 4009 versum
2048 3959 2135 3999 me
2184 3953 2361 3999 castra
2389 3982 2407 4010 ,
2455 3959 2566 4001 non
2596 3943 2811 3999 timebit
2863 3957 2960 3997 eor
2989 3957 3193 3997 meum.
3234 3961 3253 3994 ι
3294 3940 3373 3994 Ne

183 4078 225 4108 ’³
257 4077 760 4143 Μτιιιιι.ιι,21,22.
797 4078 844 4109 ’³
873 4076 1064 4132 Matth.
1093 4094 1241 4139 xui,
1270 4078 1358 4131 59.
1434 4079 1480 4108 ⁷*
1503 4077 1641 4131 Joel.
1675 4093 1684 4130 l

1788 4076 1869 4144 i2;
1896 4077 2053 4132 nom.
2081 4094 2140 4145 Χ,
2171 4081 2263 4136 ta.
2336 4081 2382 4112 τε
2413 4078 2559 4134 Psal.
2586 4095 2738 4145 xm,
2775 4048 2826 4142 ι,
2859 4078 2916 4145 2,
2946 4079 3003 4132 5.

122 4222 302 4292 θαλμοί
329 4238 429 4293 μου
455 4221 519 4275 τὸ
552 4220 816 4291 σωτήριόν
845 4237 937 4273 σου
963 4261 979 4283 ,
1030 4236 1053 4270 ι
1089 4220 1341 4293 viderunt
1392 4220 1538 4293 oculi
1575 4220 1680 4275 mei

120 4287 346 4344 salutare
382 4304 534 4344 lttum
560 4332 574 4355 ,
620 4308 638 4339 ι
681 4287 782 4342 hoc
818 4299 924 4352 est,
952 4300 1101 4341 tuum
1135 4287 1282 4340 illum
1329 4289 1523 4343 Salutis
1552 4295 1681 4344 san~

121 4373 630 4414 ctorum-auctorem
659 4395 675 4420 ,
709 4358 801 4410 τὸν
849 4357 1079 4423 Σωτῆρα
1099 4355 1128 4423 ,ξ
1156 4357 1507 4422 Servatorem,
1553 4361 1675 4415 eod.

120 4445 245 4498 cap”
268 4431 417 4486 v.11.
435 4428 671 4485 Consule
689 4426 1227 4498 Hugonc‘mCrotium
1248 4427 1300 4481 in
1321 4426 1675 4484 hunclocum.

120 4496 206 4569 Est
234 4502 395 4569 igitur
418 4500 670 4569 poculum
694 4496 946 4569 salutaris
970 4496 1111 4569 idem
1129 4496 1348 4569 Origeni
1376 4500 1520 4569 quod
1536 4501 1677 4552 calix

121 4562 427 4633 Seruitoris,
453 4568 569 4621 sive
592 4564 803 4636 Domini
828 4562 977 4636 ersu.
1009 4564 1128 4631 Quo
1156 4562 1676 4636 pertinet—quidquid

118 4639 322 4691 disserit
353 4639 418 4689 de
441 4636 610 4689 calice
628 4634 898 4703 passionis
918 4632 1119 4690 Christi
1141 4632 1237 4701 {et
1253 4638 1395 4703 quod
1422 4632 1671 4690 etimdt-m

122 4705 295 4760 bibere
326 4706 409 4757 vel
439 4713 660 4773 gustare
684 4747 699 4771 ,
732 4712 842 4757 tum
886 4705 1266 4765 honoriﬁcum,
1298 4716 1410 4758 tum
1436 4707 1675 4760 salutare

120 4776 205 4844 sit,
234 4783 393 4842 atque
430 4776 497 4825 ad
529 4775 826 4844 maximam
851 4774 1078 4844 gloriam
1104 4775 1281 4829 Taciat
1313 4778 1672 4843 genuinorum

122 4842 279 4908 ipsius
310 4842 721 4910 discipulorum,
749 4842 877 4910 puta
910 4862 928 4893 ι
955 4842 1333 4898 confessorum
1356 4854 1409 4896 et
1431 4846 1674 4897 veritatis

123 4918 325 4982 testium
365 4929 384 4962 ι
416 4914 531 4967 sive
566 4923 899 4982 martyrum,
934 4913 1089 4966 Rom.
1124 4928 1242 4977 νιιι,
1278 4914 1376 4976 Π;
1411 4928 1509 4966 nec
1540 4930 1673 4980 Opus

120 4981 392 5045 pluribus,
437 4998 560 5036 cum
614 4981 973 5050 liquidissime
1028 4983 1168 5033 infra
1220 4992 1454 5050 exponat
1489 4982 1549 5050 τὸ
1580 4982 1673 5033 τοῦ

120 5051 356 5122 Σωτῆρος
389 5048 715 5122 ποτήριον,ἰ
755 5052 1059 5108 Servatoris
1082 5048 1704 5122 Apoculunntljsalxxv),

120 5119 368 5190 denotare
400 5119 697 5190 martyrum
724 5132 974 5185 mortem,
1003 5119 1130 5190 quia
1153 5127 1378 5190 propter
1397 5119 1673 5174 Christum

122 5189 458 5243 Servatorem
484 5188 717 5243 mortem
733 5200 1017 5258 oppetunt.
1042 5188 1183 5241 Idem
1208 5188 1515 5257 signiﬁcant
1541 5204 1676 5258 pra:-

120 5261 281 5313 sentia
320 5260 526 5314 verba:
556 5278 574 5308 ι
606 5258 864 5313 Poculum
912 5260 1167 5314 salutaris
1205 5259 1476 5310 notninari
1524 5273 1673 5309 mar-

122 5332 334 5397 tyrium.
376 5347 397 5381 ι
425 5327 689 5395 Origenes
715 5339 873 5383 tract.
904 5332 972 5385 12
1002 5328 1191 5381 Matth.
1221 5328 1405 5380 multis
1432 5328 1532 5380 hoc
1561 5338 1674 5379 tra-

121 5399 211 5470 dit.
232 5399 459 5470 Gregor.
490 5398 667 5468 Magn.
696 5400 788 5453 lib.
816 5414 873 5453 ιιι
913 5400 1143 5467 Dialog.,
1189 5405 1471 5464 postquam
1513 5398 1673 5470 verba

121 5468 308 5523 Christi
336 5467 364 5523 τ’
392 5488 409 5521 ι
451 5467 683 5523 Potestis
716 5471 898 5523 bibere
929 5470 1187 5531 calicem,
1240 5484 1258 5517 ι
1294 5476 1429 5530 etc.,
1473 5467 1672 5529 attulit,

124 5538 293 5592 addit:
327 5559 344 5589 ι
373 5540 515 5603 Quid
549 5548 729 5605 autem
766 5539 951 5591 calicis
987 5540 1219 5605 nomen,
1255 5536 1355 5593 nisi
1407 5538 1675 5605 passionis

125 5609 356 5675 poculum
384 5612 566 5675 signat
587 5606 655 5675 Ἰ)
684 5604 933 5660 Clemens
957 5607 1110 5675 Alex.
1154 5604 1368 5675 Pwdng.
1391 5604 1426 5658 l.
1462 5622 1503 5666 ι,
1535 5624 1585 5658 e.
1619 5606 1673 5665 6,

124 5686 174 5746 p.
190 5674 251 5746 7_7
278 5694 292 5728 :
325 5673 860 5746 Τὴνσυμπλήρωσιν
890 5674 983 5727 τοῦ
1028 5675 1159 5726 ἰδίου
1185 5674 1389 5736 πάθους
1418 5677 1673 5746 ποτήριον

124 5722 340 5813 κέκληκε
371 5722 849 5813 καταχρησέίκῶς,
881 5746 970 5797 ὅτε
1018 5747 1227 5796 ἐκπιεῖν
1260 5722 1677 5796 κα“ι’ὲκτελὲσαι

128 5814 272 5880 μόνον
304 5816 470 5886 ἐχρῆν
499 5814 652 5867 αὑτό.
689 5832 705 5863 ι
739 5815 973 5883 l’ruprizv
1010 5816 1275 5883 passionis
1312 5819 1672 5881 complentur-

1792 4229 1904 4276 tum
1928 4223 2152 4278 abusive
2179 4223 2435 4291 poculum
2474 4220 2786 4290 appellavit,
2822 4219 3041 4291 quando
3062 4233 3183 4291 eam
3217 4219 3363 4291 hau—

1792 4292 1901 4363 rire
1939 4302 1996 4347 et
2019 4287 2281 4363 perlicere
2312 4294 2483 4348 solum
2509 4287 2827 4359 oportebat.
2867 4307 2887 4340 ι
2942 4287 3072 4340 Vide
3105 4287 3367 4341 Basiliam

1790 4360 1842 4414 in
1872 4360 2072 4415 Psaltii.
2094 4376 2241 4416 cxvt.

1784 4499 1814 4550 δ
1860 4432 1973 4550 (lg)
2018 4431 2303 4483 Δυνατόν.
2359 4429 2416 4483 1η
2480 4443 2583 4484 ms.
2641 4426 2832 4481 codice
2886 4425 3082 4480 vitiose
3144 4425 3365 4495 legitur,

1817 4516 1911 4550 υντ
1943 4517 1991 4550 ν.
2866 4518 2869 4521 ’

1817 4501 1991 4551 υντόν.
2866 4518 2869 4521 ·

1709 4540 1755 4599 υ
1777 4540 2326 4689 ξ’ἑῖἐῖΣυγκαθιεῖ.
2360 4567 2495 4622 Cod.
2527 4582 2635 4621 ms.
2674 4579 2961 4636 perperam
3003 4564 3205 4630 habet,
3238 4581 3367 4633 συγ-

1818 4655 1848 4688 1
1909 4655 1965 4689 τὶ.

1777 4654 1848 4689 κα

1849 4702 1962 4777 (lli)
2007 4706 2138 4760 Ἐπὶ
2171 4707 2263 4775 τῇ.
2298 4708 2609 4777 Legendum
2644 4705 2878 4777 videtur,
2906 4703 2998 4777 επὶ

1848 4772 1963 4846 (l7)
2015 4780 2096 4829 Οὐ
2140 4772 2291 4831 κατὰ
2324 4772 2430 4830 τόν
2458 4775 2645 4846 αὑτὸν
2670 4775 2879 4846 τοίνυν
2906 4774 3048 4846 ἐστί
3080 4772 3175 4824 καί
3213 4774 3363 4846 νέοιτά

1775 4841 2011 4900 δειλίαν
2036 4846 2238 4913 λέγειν
2265 4847 2350 4906 τὸ,
2380 4843 2594 4909 Πάτερ,
2623 4846 2676 4895 εί
2700 4842 2980 4913 δυνατόν.
3009 4841 3179 4913 Negat
3210 4842 3363 4895 Chri-

1776 4926 1919 4967 stum
1954 4911 2223 4976 minuisse,
2253 4930 2376 4967 cum
2403 4914 2800 4980 deprecaretur
2825 4912 3070 4964 calicem.
3102 4911 3192 4963 Sic
3226 4922 3359 4965 tom.

1778 4984 1874 5038 ult.
1914 4985 1965 5035 in
1996 4983 2191 5051 Joan.:
2226 4984 2338 5051 Τὴν
2369 4982 2637 5051 σωτήριον
2676 4981 2988 5050 οίκονομίαν
3014 4980 3203 5051 οὐκέτι
3234 4981 3361 5049 μέλ-

1775 5053 1905 5117 λειν,
1935 5052 2056 5105 οὐδὲ
2088 5050 2363 5119 βραδύνειν
2384 5092 2396 5114 ,
2435 5050 2547 5121 ἀλλ’
2581 5052 2655 5113 ὡς
2683 5054 2716 5121 ἡ
2744 5050 2969 5121 δύναμις
3000 5050 3212 5121 ,ἰσχύειν
3237 5052 3362 5119 ἤθει

1774 5123 1889 5174 λεν·
1909 5123 1968 5174 οὐ
1997 5121 2375 5191 δειλιῶν,έὼς
2406 5120 2607 5191 οἴονταί
2637 5120 2779 5184 τινες
2812 5120 2919 5173 τῶν
2953 5120 3025 5191 μὴ
3056 5120 3359 5189 νοησάντων

1776 5191 1900 5244 τίνα
1945 5191 2142 5261 τρόπον
2191 5188 2340 5243 εἶπεν
2366 5208 2379 5221 ·
2424 5190 2652 5261 Πάτερ,
2694 5192 2746 5261 εί
2799 5188 3096 5261 δυνατόν,
3138 5188 3358 5261 παρελέ

1777 5262 1921 5313 θέτω
1952 5258 2016 5312 τὸ
2034 5260 2321 5327 ποτήριον
2341 5260 2538 5321 τοῦτο,
2569 5289 2640 5298 -α-
2666 5260 2802 5313 sm
2820 5258 3242 5330 θαρραλεώτατα
3269 5260 3361 5311 ἐπὶ

1776 5331 1869 5382 τὸν
1896 5330 2080 5397 ἀγῶνα
2104 5330 2490 5400 ἀποδυόμενος.
2515 5347 2533 5380 ι
2561 5330 2866 5385 Salutarem
2893 5330 3357 5400 dispensationem

1780 5414 1877 5454 nec
1919 5402 2125 5451 irritam
2174 5398 2416 5454 ﬁeri‘aut
2452 5403 2730 5453 retardare
2773 5400 2967 5461 voluit,
3004 5398 3097 5449 sed
3143 5412 3240 5463 pro
3283 5398 3361 5449 vi—

1779 5470 1863 5522 rili
1896 5468 2171 5521 cllicaecm
2204 5485 2345 5531 esse,
2381 5483 2484 5523 non
2517 5469 2714 5522 timens
2741 5468 2823 5537 (ut
2858 5468 3361 5537 nonuulligoliinatif

1780 5547 1889 5599 tur,
1929 5553 2037 5609 non
2076 5539 2439 5607 intelligentcs
2459 5553 2561 5609 qua
2593 5535 2807 5609 ratione
2834 5538 3068 5592 dixerit:
3109 5535 3284 5609 Pater,
3312 5535 3362 5609 si

1778 5607 2019 5674 possibile
2048 5619 2156 5670 est,
2194 5606 2425 5661 transeat
2458 5606 2597 5679 (alia:
2643 5607 3125 5679 iste),sediplena
3162 5606 3359 5679 lidueia

1779 5664 1843 5729 ad
1880 5664 2165 5733 certamen
2206 5694 2325 5731 sese
2360 5678 2671 5741 accingeris.
2713 5664 2912 5732 n'l'dem
2944 5664 3036 5729 li'b.
3067 5691 3138 5727 vn
3175 5664 3361 5726 contra

1781 5747 2008 5818 (Ῑείδηηιν
2042 5764 2189 5801 Imm.
2236 5749 2305 5801 55
2334 5768 2343 5800 :
2377 5748 2488 5799 Οὐκ
2520 5745 2586 5818 ἦν
2613 5745 2705 5801 οὗν
2732 5748 2873 5801 κατὰ
2903 5744 3357 5818 τὸν-ἀπδμκαρμ-

1781 5817 1900 5882 piat;
1930 5807 2079 5886 παρὰ
2120 5822 2238 5880 ταῖς
2270 5818 2485 5887 μάστιξι
2514 5807 2897 5890 σὶίυπησαντα,
2930 5816 3021 5869 καὶ
3054 5813 3161 5866 ἀπὸ
3189 5807 3355 5883 πρὰό-
3420 5878 3446 5901 ο
