4080 6306
179 389 271 444 605
1237 385 1683 456 ΕΧΗΟΒΤΑΤΙΟ
1715 385 1790 438 Αῑ

1755 385 1804 438 .D
1839 383 2271 439 MARTYRIUM.
3265 379 3366 436 606

179 507 613 579 καταστρέψωμεν
642 507 775 579 (50),
799 507 892 560 καὶ
923 508 1012 560 τὸν
1042 507 1306 578 δράκοντα
1332 509 1468 578 μετά
1493 508 1586 561 τοῦ
1619 511 1719 561 Δα-
1749 511 1789 565 Α

1753 511 1789 565 Α
1818 523 1922 575 que
1961 522 2080 560 cum
2143 506 2354 559 [laniclc
2404 504 2734 568 occidamus,
2774 513 2832 558 ut
2869 506 2932 557 ad
3006 518 3100 558 ora
3153 501 3364 557 leonum

181 598 283 668 νιὴλ
322 597 740 667 ἀποκτείνωμεν,
791 597 896 660 ἵνα,
949 597 1174 667 στόμασι
1221 598 1444 650 λεόντων
1488 599 1717 669 πλησιά-
1781 649 1790 658 ,

1781 649 1790 658 ,
1817 602 2134 653 ειςιεάωιιω
2169 598 2299 651 nihil
2321 599 2386 651 ab
2419 599 2497 649 eis
2530 598 2633 665 pati
2663 597 2948 663 possimus,
2977 597 3068 648 sed
3095 595 3363 648 ii-tautum

181 686 360 750 ζοντες,
402 687 564 756 μηδὲν
605 688 698 738 ἀπ’
729 686 904 739 αὐτῶν
945 686 1132 738 παθεῖν
1160 681 1502 756 δυῦηθῶμεν·
1543 688 1714 757 μόνων

1817 693 1905 758 qui
1948 691 2100 757 hujm
2142 691 2295 746 nobis
2345 689 2655 743 certaminis
2683 704 2858 743 causa}
2881 697 3024 750 sunt,
3065 688 3131 739 ab
3177 685 3363 739 iisdem

177 777 268 830 τῶν
281 778 457 846 αἰτίων
474 779 601 846 ἡμῖν
623 776 714 828 τοῦ
733 779 991 848 παρόντος
1008 779 1212 846 ἀγῶνος
1231 778 1714 848 καταϐρωθησομέσο

1816 781 2177 848 tleglutiantur
2225 779 2470 834 leonibus
2509 780 2596 846 qui
2641 779 2900 832 devorare
2946 793 3044 832 nos
3083 793 3184 829 nou
3244 790 3365 842 pus-

176 884 265 918 νων
282 866 384 930 ,ὑπὸ
413 867 517 918 τῶν
547 871 690 937 ἡμεῖς
721 868 792 938 μὴ
822 869 1127 940 δυναμένων
1157 873 1440 923 καταπιεῖν
1465 870 1708 922 λεόντων.
1815 881 1957 926 sunt.

232 957 331 1010 Καὶ
355 958 508 1012 τοῦτο
531 960 586 1011 δὲ
621 963 1207 1031 ’παρατηρήσωμενβτι
1227 964 1324 1014 οὐκ
1355 964 1412 1014 ἐν
1441 965 1548 1024 τοῖς
1579 965 1711 1036 πρὸς

1884 963 1969 1015 51.
1989 960 2341 1016 Observemus
2361 962 2462 1015 hoc
2481 961 2663 1025 etiam,
2679 975 2796 1028 qua)
2812 959 2878 1011 ad
2906 967 3101 1026 martyr
3117 946 3364 1023 rumper-

173 1051 282 1110 τοὺς
340 1048 566 1111 πολλοὺς
612 1049 787 1115 λέγοις
847 1050 914 1101 τὰ
971 1052 1096 1121 περὶ
1149 1052 1444 1122 μαρτυρίου
1502 1069 1711 1123 προφη-

1815 1055 2002 1119 liuent,
2022 1069 2085 1107 ea
2114 1069 2215 1106 non
2250 1054 2313 1106 iis
2333 1055 2670 1105 scrmoniluas
2698 1050 3010 1119 przedixisse
3031 1048 3360 1100 Salvatorcut

172 1139 363 1193 τεύεται
401 1140 505 1192 ὑπὸ
549 1141 642 1192 τοῦ
700 1143 968 1213 Σωτῆρος,
995 1142 1107 1194 ἀλλ’
1151 1145 1208 1195 ἐν
1240 1147 1348 1205 τοῖς
1406 1144 1536 1214 πρὸς
1587 1146 1707 1207 τοὺς

1810 1160 1944 1212 quos
1983 1146 2046 1197 ad
2092 1145 2304 1212 vulgum
2358 1145 2631 1206 habebat,
2665 1142 2757 1196 sed
2788 1157 2919 1209 quos
2961 1141 3024 1192 ad
3062 1139 3356 1208 apostolos.

172 1231 495 1292 ἀποστόλους.
525 1233 925 1302 Προειρημένου
953 1233 1058 1303 γάρ
1081 1251 1094 1263 ·
1133 1252 1150 1284 ι
1188 1234 1418 1295 Τούτους
1451 1235 1570 1296 τοὺς
1607 1233 1708 1285 δώ-

1811 1237 2097 1304 l‘ostquam
2124 1236 2266 1290 enim
2296 1233 2652 1288 dictum'est:
2700 1253 2717 1283 ι
2741 1232 2848 1286 llos
2890 1232 3167 1285 duodecim
3212 1231 3362 1282 mi‘sit

169 1319 282 1374 δεκα
311 1322 618 1374 ἀπέστειλεν
639 1325 668 1374 6
708 1322 932 1392 Ἰησοῦς,
963 1316 1331 1395 παραγγείλας
1357 1325 1536 1386 αὐτοῖς
1556 1344 1567 1354 ·
1618 1326 1708 1387 Εἰς

1808 1327 1964 1381 Iesus
1988 1368 2003 1391 ,
2058 1327 2370 1395 przecipieus
2405 1337 2458 1377 et
2497 1326 2715 1378 dicens:
2749 1324 2805 1377 In
2837 1325 2974 1376 viam
3024 1324 3255 1392 gentium
3297 1337 3363 1373 ne

170 1411 270 1464 ὁδὸν
304 1413 464 1465 ἐθνῶν
494 1413 568 1483 μὴ
600 1414 889 1485 ἀπέλθητε,
928 1434 945 1465 ι
983 1394 1078 1468 καί
1104 1416 1170 1468 τὰ
1199 1416 1324 1484 ὲξῆς
1344 1433 1356 1445 ·
1395 1417 1708 1486 ἐπιφέρεται

1812 1408 2051 1468 abieritis
2079 1417 2185 1481 εδδ,
2274 1428 2327 1470 et
2360 1416 2564 1482 reliqua
2599 1431 2614 1476 ;
2659 1414 2761 1466 hoc
2802 1397 3021 1466 additur
3054 1431 3067 1467 :
3120 1431 3137 1462 ι
3173 1411 3363 1464 Cavete

169 1504 246 1555 τό·
280 1522 298 1553 ι
333 1505 637 1574 Προσέχετε
690 1504 796 1558 ἀπὸ
832 1507 938 1558 τῶν
975 1507 1299 1576 ἀνθρώπιον·
1335 1508 1708 1577 παραδώσουσι

1811 1503 1984 1558 autem
2016 1506 2083 1558 ab
2109 1507 2458 1568 hominibus;
2496 1505 2711 1557 tradent
2737 1504 2879 1556 enim
2915 1519 3004 1556 vos
3036 1504 3088 1556 in
3123 1502 3365 1555 conciliis

171 1592 262 1662 γὰρ
291 1594 426 1662 ὑμᾶς
472 1597 550 1657 είς
596 1597 863 1666 συνέδρια,
895 1597 988 1650 καλ⁸
1018 1600 1075 1650 ὲν
1114 1599 1230 1660 ταῖς
1257 1601 1592 1666 συναγωγαῖς
1617 1600 1709 1652 αύ-

1809 1607 1860 1648 et
1880 1598 1930 1648 iu
1957 1597 2248 1664 synagOgis
2275 1596 2386 1649 suis
2412 1595 2755 1664 llagellabunt
2777 1610 2908 1658 vos;
2942 1603 2996 1646 et
3017 1595 3082 1646 ad
3110 1592 3365 1660 prtesidcs

170 1683 261 1735 τῶν
295 1683 720 1752 μαστιγώσουσιν
751 1687 924 1756 ὑμᾶς’
955 1689 1048 1740 καὶ
1077 1689 1167 1741 ἐπὶ
1200 1690 1470 1758 ἡγεμόνας
1498 1691 1588 1742 καὶ
1616 1690 1709 1759 βα-

1809 1699 1862 1744 et
1889 1692 1952 1743 ad
1973 1703 2134 1757 rcges
2177 1688 2443 1741 ducemiui
2489 1698 2709 1755 propter
2749 1701 2870 1749 me,
2899 1686 2950 1738 in
3001 1685 3361 1739 testimonium

171 1774 314 1836 σιλεῖς
341 1773 637 1844 ἀχθήσεσθε
675 1775 858 1829 ἕνεκεν
888 1777 1019 1846 ἐμοῦ
1063 1780 1141 1841 εἰς
1199 1781 1494 1849 μαρτύριον
1526 1782 1707 1843 αὐτοῖς
1737 1841 1773 1849 __

1752 1841 1773 1849 λ
1812 1780 1912 1834 illis
1937 1789 1991 1832 et
2012 1778 2280 1848 gentibus.
2310 1778 2444 1831 Cum
2477 1789 2656 1831 autem
2690 1779 2902 1830 tradent
2933 1791 3052 1837 vos,
3084 1777 3249 1829 nolite
3273 1791 3363 1828 cc-

172 1863 251 1913 xa‘t
277 1841 405 1925 τοῖς
431 1841 671 1916 ἔθνεσιν.’
692 1865 857 1917 Ὅταν
915 1841 970 1918 δὲ
1016 1841 1408 1936 παραδίτισωσιν
1437 1870 1597 1937 ὑμᾶς,
1629 1841 1702 1940 pi}
1737 1841 1776 1893 Β

1748 1841 1776 1893 Β
1805 1871 1977 1939 gitare
2011 1841 2278 1938 quomodo
2313 1877 2405 1920 aut
2443 1868 2570 1936 quid
2599 1867 2893 1935 loquamini
2925 1887 2937 1921 :
2965 1868 3183 1938 dabitur
3220 1867 3359 1920 enim

175 1954 540 2023 μεριμνήσητε,
573 1955 708 2018 πῶς,
731 1955 763 2024 ἦ
789 1956 840 2008 τί
872 1956 1127 2026 λαλήσετε
1145 1975 1157 1986 ·
1191 1959 1250 2009 οὐ
1276 1958 1380 2029 γὰρ
1405 1961 1558 2027 ὑμεῖς
1582 1963 1703 2013 ἐστε

1805 1958 2031 2012 vobisin
2073 1959 2161 2011 illa
2210 1960 2342 2011 liora
2383 1958 2509 2024 quid
2559 1957 2877 2024 loquamini.
2928 1943 3220 2010 Noneniin
3267 1972 3360 2008 vos

169 2044 210 2093 οί
234 2042 518 2105 λαλοῦντες,
550 2044 682 2096 ἀλλά
713 2045 774 2097 τὸ
798 2046 1020 2114 Πνεῦμα
1046 2046 1136 2099 τοῦ
1168 2048 1397 2118 Πατρδς,
1425 2049 1484 2100 τὸ
1511 2050 1703 2102 λαλοῦν

1803 2053 1933 2104 estis
1969 2051 2056 2118 qui
2095 2051 2393 2117 loquimini,
2427 2049 2518 2102 sed
2550 2049 2785 2115 Spiritus
2830 2048 3004 2101 Patris
3047 2049 3228 2111 vestri,
3270 2050 3356 2114 qui

168 2133 219 2184 ὲν
249 2133 383 2200 ὑμῖν.
416 2134 731 2204 Παραδώσει
771 2136 826 2188 δὲ
867 2137 1089 2205 ἀδελφὸς
1111 2137 1330 2206 ἀδελφὸν
1352 2141 1430 2200 εἰς
1456 2139 1699 2202 θάνατον,

1803 2139 2040 2206 loquitur
2067 2141 2117 2191 in
2162 2131 2337 2193 vobisa
2374 2139 2570 2190 'l‘radct
2602 2147 2779 2191 autem
2827 2137 2990 2189 frater
3031 2137 3251 2190 fratrem
3304 2139 3354 2188 in

169 2222 250 2274 καὶ
299 2224 474 2296 πατὴρ
529 2226 713 2278 τέκνον
737 2243 750 2256 ·
788 2227 880 2280 καὶ
917 2221 1388 2299 ἐπαναστήσονται
1416 2230 1579 2284 τέκνα
1611 2233 1700 2283 ἐπὶ

1803 2239 2052 2291 mortem,
2082 2238 2134 2281 et
2164 2239 2318 2295 pater
2341 2229 2536 2291 lilium;
2566 2236 2620 2281 et
2652 2227 2931 2295 insurgent
2957 2226 3049 2278 lilii
3079 2228 3128 2278 iu
3157 2241 3355 2294 parcn-

167 2315 339 2378 γονεῖς,
376 2315 465 2365 καὶ
497 2308 893 2368 θανατώσουσιν
930 2317 1123 2381 αὐτοὺς
1143 2358 1156 2381 ,
1187 2319 1279 2371 καὶ
1305 2319 1489 2371 ἔσεσθε
1516 2320 1700 2389 μισού-

1803 2327 1905 2381 tes,
1940 2328 1992 2370 et
2039 2329 2207 2372 morte
2229 2334 2320 2372 eos
2363 2318 2595 2370 allicieut
2622 2336 2635 2382 ;
2664 2327 2717 2371 et
2759 2318 2911 2370 eritis
2947 2318 3071 2370 odio
3111 2317 3356 2373 omnibus

172 2419 303 2470 μενοι
333 2404 430 2457 ὑπὸ
458 2404 677 2458 πάντων
703 2406 788 2458 διὰ
816 2406 876 2458 τὸ
897 2400 1064 2476 ὄνομά
1099 2426 1195 2478 μου
1218 2400 1294 2460 ·’ό
1323 2408 1702 2479 δὲ’ὑπομέίνας

1804 2419 2018 2478 pr0pter
2065 2426 2257 2463 nomen
2307 2425 2510 2473 meum;
2556 2410 2644 2476 qui
2693 2419 2872 2461 autem
2930 2410 3353 2476 perseveraverit

114 2543 122 2556 ,
166 2491 236 2552 είς
255 2491 416 2558 τέλος,
445 2488 940 2565 οὗτοςσωθήσεται.
973 2489 1137 2550 ίΟταν
1167 2497 1222 2549 δὲ
1251 2497 1512 2551 διώκωσιν
1559 2500 1701 2568 ὑμᾶς

1749 2523 1753 2526 ·
1802 2516 1968 2569 usque
2000 2501 2050 2552 in
2089 2502 2267 2565 linem,
2301 2501 2385 2554 hic
2417 2500 2594 2552 salvus
2617 2499 2742 2551 erit.
2777 2498 2909 2551 Cum
2951 2507 3124 2550 autem
3169 2514 3354 2566 perse-

166 2576 218 2626 ὲν
246 2581 301 2646 τῇ
344 2581 490 2632 πόλει
531 2583 725 2654 ταύτῃ,
757 2584 980 2652 φεύγετε
1013 2588 1091 2648 εἰς
1119 2587 1217 2657 τὴν
1246 2590 1436 2659 ἑτέραν
1457 2607 1485 2647 ·,
1505 2591 1606 2642 κῖἐν
1638 2593 1700 2642 ἐκ

1803 2599 2034 2658 queutur
2054 2605 2148 2643 vos
2171 2592 2222 2643 in
2252 2591 2470 2645 civitate
2498 2592 2615 2656 ista,
2647 2591 2809 2656 fugite
2837 2591 2887 2642 in
2920 2590 3112 2654 aliam;
3136 2599 3188 2640 et
3217 2588 3260 2642 si
3289 2603 3353 2640 ex

164 2665 342 2735 ταύτης
395 2669 648 2735 διώκωσι,
687 2673 909 2739 φεύγετε
947 2677 1023 2736 εἰς
1056 2675 1150 2743 τὴν
1183 2677 1361 2747 ἄλλην.
1394 2679 1560 2750 ’Λμῂν
1592 2661 1734 2750 γέιρί

1801 2678 1902 2732 hac
1932 2694 2026 2731 vos
2058 2669 2326 2748 persecuti
2362 2678 2584 2744 fuerint,
2616 2677 2780 2746 fugite
2809 2679 2859 2730 in
2891 2677 3133 2730 alteram.
3181 2679 3348 2730 Amen

163 2755 290 2823 λέγω
333 2759 478 2826 ὑμῖν,
510 2760 567 2810 οὐ
603 2760 675 2829 μὴ
722 2761 962 2814 τελέσετε
987 2763 1083 2824 τὰς
1122 2765 1302 2826 πόλεις
1330 2766 1419 2816 τοῦ
1467 2769 1696 2838 Ἰσραὴλ,

163 2845 661 2862 ηςνςη.χ...
824 2850 1054 2862 -.-.
1284 2856 1511 2862 --.-_
1658 2861 1664 2862 ,

1801 2767 1922 2844 dico
1955 2769 2125 2830 vobis,
2157 2778 2259 2820 non
2294 2759 2740 2862 consummabilis
2770 2768 3014 2821 civitates
3047 2768 3228 2831 Israel,
3259 2768 3345 2819 do-

161 2845 255 2907 ἓως
281 2847 341 2898 ἂν
365 2847 491 2919 ἔλθῃ
519 2849 547 2898 ὁ
576 2848 702 2911 Υἱὸς
759 2850 850 2902 τοῦ
889 2851 1190 2921 ἀνθρώπου.
1229 2873 1245 2903 ι
1284 2856 1390 2906 Καὶ
1422 2857 1449 2906 6
1489 2859 1699 2920 Λουκᾶς

1801 2873 1896 2910 nec
1929 2858 2104 2910 veniat
2134 2845 2566 2921 Filius'l‘iominis
2595 2859 2662 2909 3°.
2689 2878 2707 2909 ι
2738 2857 2906 2912 Lucas
2948 2859 3110 2910 etiam
3154 2856 3347 2910 similia

162 2876 252 2907 ιωε,
281 2876 341 2898 υιν
365 2876 491 2919 ww“
519 2876 547 2898 υ
586 2876 604 2899 ι
628 2876 701 2911 tua,
759 2876 850 2902 'wu
889 2876 1190 2921 ανυρωπυυ.
1229 2876 1245 2903 I
1285 2876 1390 2906 nat
1422 2876 1449 2906 ο
1489 2876 1699 2920 Λουκας

160 2935 212 2985 δὲ
237 2936 443 2990 τοιαῦτα
471 2939 806 3010 ἀναγράφει·
847 2959 865 2991 ι
899 2942 1061 2994 Ὅταν
1090 2943 1145 2994 δὲ
1179 2943 1412 3014 φέρω-σιν
1437 2945 1578 3015 ὑμᾶς
1607 2949 1697 2998 ἐπὶ

1801 2876 1896 2910 IICC
1929 2876 2104 2910 VCllllll
2135 2876 2297 2912 l‘lllllS
2335 2876 2566 2930 lOlllllllS
2595 2876 2662 2909 π.
2689 2878 2707 2909 ι
2738 2876 2906 2912 Lucas
2948 2876 3110 2910 (illam
3154 2876 3335 2910 διιιιιιῖζ

1799 2945 2022 2997 scribit:
2060 2964 2076 2995 ι
2099 2946 2230 2998 Cum
2263 2876 2438 3026 autan
2469 2948 2715 3000 inducent
2749 2960 2842 2999 vos
2875 2947 2926 2998 in
2958 2961 3254 3014 synagogas
3283 2956 3335 2999 et

159 3025 247 3088 τὰς
301 3029 634 3096 συναγωγὰς,
665 3032 760 3082 καὶ
811 3030 908 3093 τὰς
933 3033 1103 3102 ἀρχὰς
1131 3034 1262 3103 (51),
1284 3035 1376 3086 καὶ
1420 3036 1516 3098 τὰς
1546 3035 1694 3100 ὲξου-
1735 3047 1756 3072 σ

1735 3047 1756 3072 σ
1799 3032 2141 3100 magistratus
2163 3043 2215 3086 et
2245 3025 2562 3101 potestates,
2583 3036 2745 3090 nolite
2782 3036 2994 3089 solliciti
3039 3051 3155 3088 esse
3187 3036 3344 3100 quale

160 3116 284 3180 σίας,
325 3118 395 3188 μὴ
430 3121 796 3191 μεριμνήσητε
845 3121 960 3184 πῶς
991 3122 1390 3200 ἀπολογήσησθε
1459 3124 1491 3194 ἦ
1537 3125 1597 3192 τί,
1622 3125 1697 3176 ei-
1723 3152 1764 3206 α

1728 3152 1764 3206 C
1799 3119 1878 3173 vel
1903 3120 2027 3203 quid
2051 3122 2416 3188 respondeatis
2439 3133 2531 3176 aut
2553 3125 2675 3192 quid
2702 3115 2927 3178 dicatis:
2950 3124 3177 3192 Spiritus
3198 3125 3339 3177 enim

159 3224 312 3276 πητε·
344 3209 403 3260 τὸ
427 3209 535 3280 γὰρ
576 3209 726 3278 ἅγιον
769 3212 991 3282 Πνεῦμα
1027 3213 1222 3278 διδάξει
1267 3209 1426 3285 ὑμᾶς,
1452 3215 1486 3268 ἃ
1513 3216 1594 3269 δεῖ
1620 3219 1694 3270 εἰ-

1799 3210 2018 3263 sanctiis
2065 3211 2275 3264 docebit
2305 3227 2399 3265 vos
2444 3214 2572 3280 quid
2601 3223 2847 3282 oporteat
2873 3230 2983 3268 vos
3027 3217 3202 3269 dicere
3227 3216 3293 3268 ⁶⁰.
3323 3235 3340 3266 ι

154 3301 283 3350 πεῖν.
313 3317 331 3349 ι
355 3300 460 3352 Καὶ
494 3301 610 3370 μεθ’
639 3302 805 3372 ἔτερα
823 3319 836 3332 ·
873 3321 890 3352 ι
928 3303 1099 3356 Θέσθε
1123 3301 1212 3357 οῦν
1243 3308 1321 3367 είς
1349 3306 1448 3368 τάς
1472 3307 1696 3376 καρδίας

1798 3300 1865 3353 Ει
1901 3311 2018 3368 post
2049 3301 2148 3353 alia
2175 3319 2187 3354 :
2241 3319 2256 3350 ι
2283 3288 2470 3356 Ponite
2502 3318 2630 3370 ergo
2655 3305 2704 3356 in
2729 3305 2975 3358 cordibus
3006 3305 3200 3358 vestris
3237 3321 3340 3358 non

155 3386 294 3456 ὑμῶν
344 3389 415 3458 μὴ
470 3391 699 3460 μελετᾷν
739 3393 1165 3462 ἀπολογηθῆναιο
1221 3393 1331 3462 ἐγὼ
1383 3396 1490 3466 γὰρ
1543 3396 1696 3450 δώσω

1796 3390 2151 3456 prauncditari
2180 3391 2627 3458 quemadmodum
2652 3393 3040 3459 respondeatis.
3069 3393 3178 3462 Ego
3202 3396 3343 3446 enim

158 3478 275 3546 ὑμῖν
300 3480 469 3549 στόμα
499 3481 592 3533 κα)⁸
621 3482 830 3548 σοφίαν,
923 3483 982 3533 ού
1006 3482 1317 3552 δυνήσονται
1363 3487 1691 3553 ἀντιστῆναι,

1796 3481 1932 3535 dabo
1957 3469 2106 3535 vobis
2135 3495 2194 3534 os
2225 3491 2279 3533 et
2300 3483 2618 3550 sapientiam
2667 3483 2754 3536 cui
2788 3499 2889 3535 non
2927 3494 3176 3551 poterunt
3206 3485 3343 3537 resi-

151 3568 182 3637 ῆ
211 3568 471 3621 ἀντειπεῖν
502 3571 702 3633 πάντες
731 3574 778 3624 οἱ
805 3573 1160 3642 ἀντικείμενοι
1207 3573 1351 3642 ὑμῖν.
1385 3575 1696 3647 Παραδοθή-

1794 3579 2012 3641 ειοτοιοι
2037 3571 2400 3622 contradicere
2426 3585 2609 3622 omnes
2632 3570 2922 3623 adversarii
2949 3571 3339 3624 vestri.Trade-

154 3659 297 3710 σεσθε
340 3659 395 3712 δὲ
443 3661 534 3713 καὶ
569 3661 673 3712 ὑπὸ
701 3661 919 3728 γονέων,
952 3663 1043 3714 καὶ
1069 3663 1362 3729 συγγενῶν,
1385 3664 1691 3731 καὶφίλων,

1764 3714 1768 3718 λ
1795 3653 1924 3710 mini
1949 3668 2147 3732 autem
2183 3674 2210 3711 a
2243 3658 2578 3726 parentibus,
2609 3666 2664 3710 et
2695 3656 2968 3722 fratribus,
3000 3668 3052 3710 et
3083 3660 3343 3726 cognatis,

151 3751 237 3801 καὶ
281 3750 550 3820 ἀδελφῶν⁹
583 3752 677 3806 καὶ
720 3751 1113 3806 θανατώσουσιν
1148 3751 1206 3816 ἐξ
1240 3752 1416 3821 ὑμῶν·
1449 3755 1538 3805 καὶ
1576 3754 1692 3805 ἔσε-

1794 3756 1846 3801 ct
1873 3748 2094 3812 amicis;
2121 3759 2174 3801 et
2204 3756 2374 3801 morte
2405 3747 2635 3801 allicient
2655 3763 2719 3800 ex
2746 3749 2932 3812 vobis;
2970 3758 3022 3800 et
3044 3749 3199 3802 eritis
3222 3751 3343 3802 odio

150 3838 236 3892 σθε
258 3842 563 3912 μισούμενοι
586 3843 691 3895 ὑπὸ
715 3843 924 3896 πάντων
938 3842 1023 3894 διὰ
1043 3843 1102 3894 τὸ
1117 3841 1285 3913 ὄνομά
1309 3860 1427 3914 μου·
1446 3845 1546 3908 ,καὶ
1574 3845 1692 3914 θρὶξ

1792 3837 2039 3892 omnibus
2077 3847 2292 3905 propter
2329 3853 2520 3892 nomen
2546 3853 2756 3902 meum;
2791 3848 2849 3892 et
2885 3839 3110 3908 capillus
3150 3841 3215 3894 de
3255 3856 3345 3895 cae

149 3930 209 3982 ἐκ
233 3931 325 4002 τῆς
365 3932 608 4000 κεφαλῆς
634 3933 784 4002 ὑμῶν
824 3934 884 3986 οὐ
920 3933 993 4005 μὴ
1022 3934 1307 4004 ἀπόληται.
1354 3935 1440 3986 Ἐν
1467 3937 1530 4004 τῇ
1560 3936 1691 3986 ὐπο-

1792 3931 1898 3995 pite
1925 3939 2106 3982 vestro
2139 3942 2240 3981 non
2275 3930 2492 3996 peribit.
2522 3929 2576 3982 ln
2607 3930 2861 3998 patientia
2895 3941 3070 3983 vestra
3106 3933 3345 3999 posside.

149 4021 270 4088 μονῇ
316 4018 466 4088 ὑμῶν
496 4019 763 4088 κτήσεσθε
797 4019 896 4083 τὰς
926 4020 1101 4090 ψυχὰς
1126 4021 1294 4092 ὑμῶν.
1333 4042 1350 4072 ι
1384 4022 1614 4074 Τοιαῦτα
1638 4023 1692 4075 δὲ

1791 4020 1918 4073 bitis
1946 4020 2152 4073 animas
2176 4028 2385 4072 vestras
2411 4020 2478 4073 οι.
2518 4038 2537 4071 ι
2575 4020 2782 4073 Similia
2816 4028 2870 4073 et
2897 4020 3107 4076 Marcus
3142 4023 3341 4076 habet:

144 4110 232 4162 καὶ
253 4112 280 4162 6
310 4110 535 4179 Μάρκος
565 4109 730 4180 φησίν
747 4127 761 4140 ·
799 4129 817 4160 ‹
857 4112 1022 4164 Ὅταν
1048 4111 1103 4164 δὲ
1129 4111 1330 4181 ἄγωσιν
1354 4113 1494 4182 ὑμᾶς
1515 4129 1692 4182 παρα-

1797 4125 1815 4158 (
1847 4109 1911 4162 Et
1939 4124 2058 4162 cum
2090 4107 2338 4162 duxerint
2369 4096 2460 4162 vos
2491 4109 2783 4171 tradentes,
2832 4109 2994 4163 nolite
3021 4112 3340 4178 praecogita-

142 4199 381 4264 διδόντες,
419 4201 491 4272 μὴ
525 4203 954 4271 προμεριμνᾶτε,
984 4203 1117 4273 μηδὲ
1144 4204 1510 4274 προμελετᾶτε
1534 4221 1546 4233 ο
1577 4203 1688 4255 ἀλλ’

1792 4215 1849 4254 re
1875 4200 1999 4267 quid
2028 4197 2358 4267 loquamini;
2390 4198 2482 4252 sed
2515 4199 2656 4265 quod
2697 4199 2881 4252 datum
2915 4200 3066 4254 vobis
3104 4200 3255 4253 luerit
3291 4201 3341 4252 in

140 4291 168 4366 δ
197 4291 284 4345 ἐὰν
323 4290 447 4360 δοθῇ
482 4291 609 4360 ὑμῖν
671 4292 852 4362 ἐκείνῃ
884 4290 1114 4363 τῇίἷιρᾳ,
1155 4296 1324 4345 εκεῖνο
1353 4293 1592 4345 λαλεῖτε·
1628 4296 1688 4346 οὐ

1791 4291 1876 4344 illa
1909 4291 2059 4353 hora,
2088 4290 2138 4342 id
2166 4289 2476 4356 loquimini;
2512 4305 2614 4343 nou
2647 4291 2789 4343 enim
2821 4305 2912 4344 vos
2953 4292 3084 4345 estis
3123 4291 3342 4358 loquen-

137 4382 238 4452 γάρ
291 4384 413 4434 ὲστε
457 4382 614 4452 ὑμεῖς
654 4383 702 4435 οἱ
743 4381 1044 4445 λαλοῦντες,
1079 4383 1217 4436 ἀλλὰ
1262 4385 1324 4436 τὸ
1371 4381 1592 4454 Πνεῦμα
1631 4386 1688 4437 τὸ
1727 4451 1729 4453 ι

1794 4390 1891 4444 tes,
1924 4381 2015 4432 sed
2047 4377 2281 4445 Spiritus
2308 4389 2546 4432 sanctus.
2585 4377 2785 4431 Traolet
2812 4388 2988 4432 autem
3023 4379 3192 4434 frater
3232 4381 3342 4434 fra-

138 4472 302 4538 ἅγιον.
319 4470 633 4540 Παραδώσει
649 4470 704 4521 δὲ
737 4469 956 4538 ἀδελφὸς
979 4471 1201 4540 ἀδελφὺν
1227 4475 1304 4535 είς
1327 4473 1569 4536 θάνατον,
1595 4474 1688 4526 καὶ
1719 4461 1749 4513 Ε

1726 4461 1762 4513 Ι)
1792 4481 1925 4524 trem
1951 4471 2004 4522 in
2036 4477 2280 4531 mortem,
2309 4478 2362 4520 et
2392 4479 2545 4535 pater
2579 4469 2747 4520 lilium
2771 4485 2787 4534 ;
2810 4476 2863 4519 et
2890 4479 3218 4536 consurgent
3248 4470 3337 4524 lilii

136 4561 311 4631 πατὴρ
335 4559 548 4612 τέκνον·
575 4559 668 4611 καὶ
694 4561 1150 4628 ἐπαναστήσονται
1184 4562 1345 4614 τέκνα
1375 4564 1466 4614 ἐπὶ
1492 4566 1683 4630 γονεῖς,

1795 4563 2149 4629 ἰιιριιτεηιοε,
2185 4566 2237 4610 et
2279 4568 2452 4610 morte
2496 4555 2726 4610 allicieut
2774 4573 2889 4612 eos.
2935 4557 2999 4610 Et
3023 4559 3176 4611 eritis
3216 4558 3340 4612 odio

134 4650 222 4702 καὶ
273 4649 668 4723 θανατώσουσιν
715 4648 926 4711 αὐτούς.
962 4650 1070 4702 Καὶ
1133 4651 1316 4703 ἔσεσθε
1376 4643 1686 4721 μῖσούμενοι

1790 4649 2036 4703 omnibus
2061 4655 2275 4715 propter
2300 4661 2491 4698 nomen
2519 4661 2712 4698 meum.
2730 4645 2830 4711 Qui
2863 4657 3040 4699 autem
3067 4649 3336 4700 sustinue-

132 4740 233 4793 ὑπὸ
258 4743 468 4794 πάντων
500 4740 588 4793 διὰ
620 4740 682 4792 τὸ
705 4739 874 4809 ὄνομά
905 4757 1024 4809 μου.
1080 4741 1138 4791 '0
1170 4741 1227 4793 δὲ
1269 4741 1562 4810 ὑπομείνας
1607 4744 1686 4805 είς

1790 4741 1860 4792 rit
1892 4739 1943 4790 in
2002 4739 2181 4799 linem,
2227 4737 2314 4788 hic
2353 4736 2532 4789 salvus
2570 4737 2674 4788 erit
2699 4737 2766 4788 ⁹¹.
2803 4753 2822 4786 ι
2882 4736 2974 4790 lla:
3024 4751 3238 4806 quoque
3273 4739 3339 4792 ad

129 4831 298 4894 τέλος,
328 4823 480 4893 οὗτος
517 4829 838 4901 σωθήσεται.
879 4850 896 4881 ι
943 4832 1053 4885 Καὶ
1100 4831 1269 4884 ταῦτα
1318 4831 1373 4882 δὲ
1417 4833 1565 4902 παρὰ
1608 4833 1684 4902 τῷ

1791 4830 2105 4898 martyrium
2147 4827 2551 4881 adhortationes
2578 4840 2695 4893 quin
2727 4827 2864 4894 apud
2900 4826 3205 4881 Matthaeunt
3239 4829 3337 4882 ba—

127 4920 388 4992 Ματθαίῳ
428 4923 521 4975 ἐπὶ
576 4919 870 4992 μαρτύριον
927 4920 1336 4990 προτρεπόμενοι
1365 4960 1377 4982 ,
1421 4921 1482 4971 οὐ
1550 4921 1685 4990 πρὸς

1789 4920 2005 4980 bentur,
2053 4933 2154 4970 non
2188 4919 2250 4970 ad
2290 4918 2422 4970 alios
2446 4931 2609 4985 quam
2643 4917 2708 4969 ad
2736 4915 3017 4970 duodecim
3067 4924 3336 4987 apostolos

127 5012 317 5076 ἄλλους
346 5014 378 5084 ἢ
405 5016 529 5078 τοὺς
555 5013 759 5068 δώδεκα
783 5013 1022 5084 εἴρηται·
1055 5006 1127 5064 ὧν
1157 5003 1368 5065 ἀκούειν
1389 5013 1533 5080 ἡμᾶς
1563 5012 1684 5081 δεή-

1789 5008 1941 5061 facta:
1959 5021 2107 5062 sunt:
2135 5024 2268 5077 quas
2293 5010 2474 5062 audire
2491 5009 2654 5081 296
2681 5024 2778 5062 nos
2800 5010 3069 5077 Oportebit
3094 5028 3107 5073 ;
3134 5013 3335 5066 erimus

128 5121 225 5167 σει,
266 5107 322 5157 ὲν
355 5105 431 5176 τῷ
457 5105 675 5159 ἀκούειν
702 5103 990 5174 ἐσομένους
1019 5102 1274 5169 ἀδελφοὺς
1290 5100 1398 5154 τῶν
1427 5101 1702 5153 ἀκουσάν-.

1786 5101 1950 5161 cnim,
1976 5101 2017 5153 si
2049 5117 2139 5154 cas
2165 5101 2508 5163 audierimus,
2541 5100 2903 5168 apostolorum
2936 5101 3024 5168 qui
3050 5104 3334 5156 audierant

124 5213 226 5248 των
275 5197 590 5249 ἀποστόλων
609 5194 721 5246 εκαὶ
764 5193 1077 5256 ἀποστόλοις
1118 5190 1685 5262 συγκαταριθμηθησο-

1792 5191 2011 5256 fratres,
2042 5201 2097 5245 et
2138 5191 2393 5260 apostolis
2432 5191 2964 5250 connumerabimur.
3007 5192 3121 5260 lpsa
3158 5203 3330 5246 autem

127 5285 337 5355 μένους.
375 5284 454 5336 Τά
485 5284 540 5336 δὲ
572 5281 710 5351 ρητά
738 5281 907 5344 οὕτως
923 5281 1073 5356 ἕχεισκ,
1094 5300 1112 5332 ι
1149 5281 1238 5351 Μὴ
1280 5279 1545 5350 φοϐηθῆτε
1575 5281 1683 5334 ἀπὸ

1789 5284 1950 5334 verba
1985 5283 2061 5335 sic
2101 5283 2325 5334 habent:
2371 5299 2388 5330 ι
2418 5279 2589 5334 Nolite
2622 5281 2812 5335 timere
2841 5296 2934 5335 eos
2961 5286 3048 5351 qui
3081 5283 3333 5338 occidunt

123 5373 225 5428 Ιτῶν
252 5373 682 5431 ἀποκτεινόντων
709 5372 770 5424 τὸ
793 5371 970 5442 σῶμα,
1010 5372 1108 5441 τὴν
1141 5371 1197 5423 δὲ
1227 5371 1400 5442 ψυχὴν
1429 5373 1501 5442 μὴ
1529 5372 1684 5425 δυνα-

1790 5386 2004 5439 corpus,
2056 5372 2286 5424 animant
2323 5379 2498 5424 autem
2532 5387 2634 5444 non
2677 5377 2898 5439 pbssunt
2932 5375 3198 5438 occidere,
3241 5373 3331 5425 sed

187 5494 624 5590 ωιῖαιιιι.ε,5.
699 5528 742 5558 οε
772 5527 899 5580 1111ι1.
939 5530 1120 5582 ιπ-ει.
1221 5527 1788 5593 “Luc.xu,ll,l'2.

1629 5530 1672 5590 l,
1703 5529 1788 5581 12.
1864 5529 1905 5559 ⁹¹
1937 5527 2061 5580 Luc.
2083 5543 2194 5590 xxi,
2223 5527 2402 5582 16-20.
2478 5529 2523 5560 θ’
2555 5529 2721 5584 Marc.
2751 5546 2867 5593 xm,
2908 5531 2992 5595 ll,
3025 5529 3111 5595 12,
3142 5524 3226 5582 l3.

189 5665 300 5734 ('50)
340 5661 870 5734 Ιιάτασζῖρέῗέτωμεγ.
910 5664 1043 5718 Male
1071 5669 1233 5720 codex
1266 5684 1388 5729 11:5,,
1416 5665 1857 5734 καταθρέῷωμεν.

193 5731 306 5808 151)
367 5732 598 5802 Ἀρκάς.
639 5731 713 5786 MS
767 5733 1023 5801 ταραχάς,
1061 5737 1216 5790 male.
