4080 6306
677 408 783 462 ϐὓἹ

2126 363 2134 372 ’
2161 386 2487 460 ORIGENIS

3773 365 3778 367 ’
3820 395 3926 450 eos

681 531 861 599 potius
903 528 1083 581 timete
1125 539 1247 577 eum
1276 524 1365 592 qui
1407 530 1586 591 potest
1620 531 1673 575 et
1706 523 1941 575 animam
1975 529 2028 577 et
2060 535 2259 591 corpus

2380 518 2544 571 ιένων
2591 515 2930 571 ἀποκτεῖναι.
2961 514 3234 586 Φοϐηθῆτε
3275 512 3330 565 δὲ
3361 511 3558 582 μᾶλλον
3584 511 3674 564 τὸν
3704 511 3934 581 δυνάμε-

681 619 901 689 perdere
927 619 976 671 in
1007 618 1308 686 gehennam
1337 615 1402 668 9’.
1435 633 1452 665 ι
1509 615 1637 668 Post
1669 614 1784 667 hazc
1817 628 1916 667 nos
1955 614 2114 669 docet
2149 614 2254 667 Do-

683 710 858 763 minus
888 709 1153 762 neminem
1191 705 1390 774 absque
1419 705 1763 773 providentia
1799 705 1979 758 divina
2010 707 2077 758 ad
2107 707 2279 758 mar-‘

684 803 802 869 tyrii
849 810 1126 854 certamen
1163 798 1461 866 pervenire.
1519 796 1736 849 Dicitur
1761 797 1906 849 enim
1947 814 1960 848 :
2003 814 2021 846 ι
2068 795 2257 850 Nonne

680 888 783 941 duo
809 900 1056 949 passeres
1088 900 1205 938 asse
1241 894 1492 946 veneunt,
1528 893 1582 938 et
1616 900 1756 938 unus
1785 900 1847 937 ex
1887 885 1994 937 illis
2026 900 2133 937 non
2163 899 2254 937 ca-

681 979 773 1028 det
797 989 959 1042 super
991 983 1186 1026 terram
1215 975 1331 1028 sine
1361 973 1523 1026 Patre
1551 975 1643 1041 qui
1676 974 1726 1026 in
1756 975 1908 1028 caelis
1932 975 2055 1029 est?
2081 972 2256 1028 Vestri

681 1076 859 1120 autem
901 1066 1080 1134 capilli
1106 1067 1298 1132 capitis
1329 1080 1521 1118 omnes
1565 1067 1836 1119 numerati
1882 1074 2030 1119 sunt.
2083 1063 2261 1118 Nolite

681 1171 812 1225 ergo
837 1156 1067 1209 timere:
1108 1154 1292 1207 multis
1333 1153 1644 1220 passeribus
1685 1155 1940 1208 meliores
1973 1155 2107 1208 estis
2140 1170 2257 1208 vos.

681 1245 870 1299 Omnis
905 1259 1033 1312 ergo
1066 1245 1157 1312 qui
1199 1242 1548 1296 confitebitur
1586 1259 1674 1298 me
1703 1259 1892 1298 coram
1927 1243 2260 1309 hominibus,

681 1336 979 1390 confitebor
1010 1347 1064 1388 et
1085 1349 1185 1404 ego
1215 1349 1341 1388 eum
1370 1348 1552 1388 coram
1579 1335 1744 1388 Patre
1774 1348 1895 1386 meo
1922 1333 2015 1401 qui
2044 1319 2111 1386 in
2149 1349 2262 1388 coe-

684 1425 748 1478 lis
771 1435 887 1488 est;
917 1423 1008 1492 qui
1041 1433 1220 1477 autem
1268 1423 1544 1493 negaverit
1582 1437 1671 1477 me
1700 1437 1888 1475 coram
1923 1423 2259 1482 hominibus.

683 1513 896 1580 negabo
938 1522 991 1565 et
1021 1527 1120 1581 ego
1155 1527 1275 1566 eum
1313 1528 1498 1566 coram
1532 1512 1694 1565 Patre
1731 1526 1851 1564 meo
1886 1512 1976 1580 qui
2010 1512 2062 1565 in
2110 1513 2264 1568 cmlis

685 1603 882 1656 est’h
904 1602 1163 1657 Eumdem
1191 1603 1392 1657 habent
1415 1616 1635 1655 sensum
1662 1613 1718 1654 et
1749 1615 1871 1670 qua:
1895 1604 2036 1670 apud
2060 1602 2264 1657 Lucam

685 1704 850 1747 sunt:
883 1713 900 1744 c
935 1694 1063 1747 Dico
1094 1703 1271 1746 autem
1325 1693 1482 1747 vobis
1507 1693 1701 1745 amicis
1719 1693 1868 1747 meis
1897 1711 1911 1746 :
1937 1693 2015 1748 Ne
2063 1704 2267 1747 terrea-

686 1784 816 1837 mini
867 1785 935 1836 ab
969 1783 1054 1838 his
1094 1784 1184 1851 qui
1231 1782 1488 1836 occidunt
1536 1796 1756 1852 corpus.
1782 1793 1980 1853 etpost
2010 1783 2126 1839 hac
2159 1799 2265 1837 non

2357 629 2447 664 vov
2484 609 2662 681 ψυχὴν
2691 608 2785 661 καὶ
2814 607 2971 677 σῶμα
2998 607 3259 660 ἀπολέσαι
3281 606 3338 657 ἐν
3364 605 3558 674 γεέννῃ
3580 643 3592 656 .
3633 624 3650 652 ι
3677 605 3784 656 Καὶ
3807 603 3933 673 ἑξῆς

2360 702 2569 764 τούτοις
2597 701 2838 753 διδάσκει
2883 699 3030 768 ἡμᾶς
3055 700 3083 750 ὁ
3125 696 3347 764 Κύριος,
3377 695 3452 756 ὼς
3490 695 3588 746 οὐκ
3633 693 3760 746 ἄνευ
3806 711 3938 763 προ-

2358 793 2506 854 νοίας
2531 791 2749 861 ἔρχεταί
2781 807 2865 852 τις
2892 789 2982 841 ἐπὶ
3012 788 3102 840 τὸν
3137 787 3231 839 τοῦ
3264 787 3562 856 μαρτυρίου
3602 785 3806 852 ἀγῶνα.
3832 784 3936 841 Λέέ
3973 782 3976 784 ’

2358 900 2512 951 γεται
2554 883 2696 953 γάρ’
2746 899 2764 931 ι
2804 880 2937 949 Οὐχὶ
2969 879 3061 931 δύο
3091 877 3342 950 στρουθία
3379 876 3490 945 (52)
3525 877 3784 946 ἀσσαρίου
3829 894 3941 928 πω-

2361 976 2552 1038 λεῖται,
2582 975 2676 1027 καὶ
2707 963 2777 1024 ἓν
2796 970 2855 1035 ἐξ
2892 972 3069 1024 αὐτῶν
3092 971 3152 1023 οὐ
3187 971 3429 1021 πεσεῖται
3453 969 3531 1030 είς
3560 967 3655 1037 τὴν
3677 969 3783 1036 γῆν
3813 969 3941 1021 ἄνευ

2359 1066 2452 1118 τοῦ
2495 1064 2708 1134 Πατρὸς
2754 1062 2845 1114 τοῦ
2874 1064 2930 1114 ὲν
2960 1065 3069 1125 τοῖς
3106 1062 3384 1132 οὐρανοίς;
3413 1059 3564 1127 ὑμῶν
3588 1058 3644 1110 δὲ
3670 1060 3726 1109 al.
3758 1057 3943 1127 τρίχες

2362 1159 2458 1226 τῆς
2496 1155 2739 1224 κεφαλῆς
2773 1156 2943 1206 πᾶσαι
2971 1153 3339 1224 ἠριθμημέναι
3367 1151 3503 1202 εἰσί.
3530 1149 3621 1221 Μὴ
3644 1146 3736 1202 οὖν
3759 1149 3944 1218 φοϐεῖ-

2364 1248 2491 1299 σθε·
2524 1245 2731 1298 πολλῶν
2779 1245 3076 1315 στρουθίων
3119 1243 3401 1313 διαφέρετε
3461 1244 3630 1314 ὑμεῖς,
3686 1244 3804 1305 Πᾶς
3853 1238 3947 1294 οὖν

2364 1337 2510 1397 ὅστις
2554 1334 2876 1404 ὁμολογήσει
2903 1336 2960 1386 ὲν
2989 1333 3111 1402 ἐμοὶ
3139 1330 3442 1403 ἔμπροσθεν
3471 1332 3575 1385 τῶν
3619 1331 3944 1402 ἀνθρώπων,

2365 1425 2684 1495 ὁμολογήσω
2713 1423 2865 1492 κάγὼ
2895 1425 2951 1476 ὲν
2980 1422 3128 1492 αὑτῷ
3149 1416 3453 1493 ἔμπροσθεν
3482 1422 3575 1474 τοῦ
3600 1423 3814 1492 Πατρός
3847 1440 3946 1491 μου

2367 1515 2461 1567 τοῦ
2502 1517 2558 1566 ὲν
2590 1515 2838 1585 υὺρανοῖς
2858 1531 2871 1544 ’
2912 1515 3060 1576 ὅστις
3083 1514 3126 1566 δ’
3148 1513 3212 1566 ἂν
3238 1512 3618 1583 ἀπαρνήσηταί
3645 1530 3712 1583 με
3744 1512 3945 1582 ἔμπρο-

2370 1606 2494 1658 σθεν
2515 1605 2622 1657 τῶν
2645 1605 2740 1658 ἀνθ
2751 1603 2970 1674 ρώπων,
2992 1605 3374 1676 ἀπαρνήσομαι
3395 1604 3554 1656 αὑτὸν
3571 1603 3726 1670 κάγὼ
3745 1603 3953 1673 ἔμπρομ-

2371 1698 2493 1749 σθεν
2528 1696 2622 1749 τοῦ
2665 1696 2882 1766 Πατρός
2915 1712 3016 1765 μου
3044 1695 3134 1747 τοῦ
3164 1697 3222 1748 ὲν
3249 1695 3515 1764 οὐρανοῖς.
3550 1714 3569 1745 ι
3620 1695 3953 1763 Ἴσοδυναμεῖ

2367 1787 2422 1840 δὲ
2458 1787 2666 1850 τούτοις
2679 1786 2748 1838 τὰ
2772 1785 2922 1856 παρὰ
2963 1784 3038 1854 τῷ
3059 1787 3268 1854 Λουκᾷ·
3309 1803 3326 1834 ι
3367 1784 3552 1837 Ταῦτα
3581 1785 3636 1836 δὲ
3659 1784 3802 1850 λέγω
3825 1785 3954 1853 ὑμῖν

689 1877 888 1929 habent
917 1876 1150 1944 amplius
1174 1874 1300 1943 quid
1331 1874 1552 1928 faciant.
1584 1876 1879 1931 Ostendam
1905 1886 2088 1932 autem
2113 1877 2267 1930 vobis

2380 1881 2483 1941 τοῖς
2529 1877 2702 1946 φίλοις
2734 1893 2862 1946 μου·
2895 1877 2986 1946 Μὴ
3027 1874 3298 1946 φοϐηθῆτε
3349 1873 3459 1926 ἀπὸ
3484 1873 3590 1925 τῶν
3617 1874 3958 1926 ἀποκτεινόν-

686 1979 849 2034 quem
882 1965 1153 2029 timeatis;
1192 1965 1372 2019 timete
1396 1981 1520 2020 eum
1546 1966 1638 2033 qui
1664 1976 1953 2036 postquam
1979 1967 2265 2028 occiderit,

687 2054 853 2110 babet
884 2062 1209 2125 potestatem
1256 2055 1506 2110 mittendi
1534 2056 1588 2109 in
1622 2059 1970 2126 gehennam:
2011 2058 2083 2110 ita
2142 2057 2268 2112 dico

687 2146 864 2212 vobis,
897 2149 1042 2201 hunc
1084 2148 1288 2203 timete.
1346 2148 1542 2204 Nonne
1589 2151 1829 2220 quinque
1877 2165 2129 2219 passeres
2171 2165 2269 2204 ve-

689 2247 858 2291 neunt
885 2237 1230 2305 dipondio,et
1252 2253 1395 2316 unus
1423 2254 1491 2293 ex
1522 2239 1630 2294 illis
1660 2255 1767 2294 non
1796 2248 1882 2296 est
1906 2241 1960 2296 in
1987 2240 2267 2297 oblivione

690 2341 873 2381 coram
908 2329 1051 2382 Deo?
1079 2327 1184 2383 Sed
1220 2340 1275 2384 et
1304 2329 1486 2399 capilli
1514 2331 1711 2404 capitis
1743 2333 1910 2387 vestri
1938 2347 2131 2388 omnes
2164 2351 2264 2387 nu-

691 2416 884 2470 merati
917 2427 1063 2473 sunt.
1094 2416 1271 2475 Nolite
1300 2434 1428 2490 ergo
1459 2422 1690 2477 timere:
1725 2423 1913 2478 multis
1957 2424 2273 2493 passeribus

693 2509 865 2577 pluris
891 2512 1023 2565 estis
1053 2527 1169 2565 vos.
1227 2512 1354 2566 Dico
1383 2523 1563 2567 autem
1593 2515 1750 2569 vobis
1779 2532 1796 2568 :
1824 2515 2015 2570 Omnis
2037 2519 2272 2584 quicun-

693 2615 799 2666 que
822 2601 1104 2654 conf'essus
1126 2601 1287 2655 fuerit
1315 2619 1401 2657 me
1430 2619 1616 2657 coram
1650 2606 1986 2669 hominibus,
2013 2615 2068 2659 et
2090 2605 2264 2660 Filius

696 2691 935 2743 hominis
967 2690 1315 2745 confitebitur
1351 2693 1503 2745 illum
1539 2707 1725 2747 coram
1759 2695 1969 2763 angelis
2001 2695 2094 2749 Dei
2126 2712 2140 2757 ;
2171 2698 2262 2765 qui

697 2792 881 2834 autem
935 2783 1214 2848 negaverit
1245 2797 1330 2834 me
1386 2797 1572 2836 coram
1609 2783 1941 2845 hominibus,
1993 2789 2279 2854 negabitur

696 2887 879 2927 coram
911 2874 1115 2941 angelis
1154 2873 1247 2927 Dei
1280 2875 1345 2930 ⁸⁵.
1385 2894 1403 2927 ι
1447 2876 1514 2929 Ει
1545 2875 1652 2928 alio
1691 2877 1741 2930 in
1779 2878 1934 2932 loco:
1977 2898 1995 2930 ι
2020 2878 2151 2932 Nam
2186 2883 2276 2948 qui

698 2978 785 3018 me
807 2965 1083 3019 erubuerit
1107 2975 1160 3018 et
1193 2980 1341 3020 meos
1371 2982 1678 3031 sermones,
1725 2969 1871 3024 hunc
1911 2971 2076 3024 Filius
2106 2973 2279 3025 homi-

700 3057 783 3108 nis
808 3058 1092 3111 erubescet
1131 3072 1251 3110 cum
1283 3059 1488 3111 venerit
1525 3060 1576 3111 in
1607 3061 1889 3128 majestate
1921 3077 2040 3127 sua,
2073 3071 2127 3116 et
2170 3063 2274 3116 Pa-

699 3148 821 3212 tris,
849 3158 1241 3202 et'sanctorum
1277 3152 1592 3218 angelorum
1624 3153 1692 3204 ⁸⁸.
1731 3172 1749 3204 ι
1795 3154 1895 3218 Qui
1925 3171 2021 3209 nos
2066 3157 2272 3210 interfi-

700 3237 870 3299 ciunt,
896 3239 1058 3290 vitam
1090 3241 1335 3306 corporis
1362 3243 1658 3313 occidunt(
1689 3245 1794 3298 tale
1824 3254 1908 3298 est
1931 3248 2074 3300 cnim
2105 3247 2232 3300 illud
2260 3265 2275 3300 :

705 3324 885 3379 Nolite
933 3329 1118 3380 timere
1152 3346 1238 3382 eos
1298 3331 1386 3398 qui
1435 3333 1682 3386 occidunt
1733 3344 1964 3401 Corpus;
2010 3338 2150 3405 quod
2188 3339 2310 3389 iis-'

702 3418 823 3469 dem
888 3419 1064 3471 verbis
1103 3435 1132 3471 a
1170 3419 1506 3477 Matthaeotet
1547 3438 1576 3474 a
1624 3422 1768 3474 Luca
1801 3427 2002 3477 dictum
2026 3438 2108 3480 est
2146 3427 2187 3496 ),
2229 3438 2284 3479 et

709 3513 988 3573 postquam
1019 3519 1215 3574 corpus
1237 3507 1550 3573 occiderint,
1582 3528 1600 3560 ι
1623 3510 1878 3572 animam,
1910 3527 1928 3559 ι
1957 3514 2059 3565 etsi
2089 3517 2272 3571 velint.

714 3615 732 3645 ς
755 3595 999 3650 occidere
1019 3611 1128 3649 non
1153 3607 1407 3664 possunt;
1432 3599 1527 3652 sed
1548 3615 1649 3663 nec
1670 3601 1873 3658 habent
1891 3605 2122 3673 amplius
2145 3605 2271 3672 quid

711 3686 934 3744 faciant.
971 3707 988 3740 ι
1025 3689 1303 3755 Quomodo
1329 3691 1473 3743 enim
1499 3692 1674 3747 occidi
1704 3704 1885 3763 posset
1912 3698 2096 3750 anima
2124 3713 2284 3764 quam

704 3780 819 3845 ipsa
860 3778 1131 3832 confessio
1174 3781 1358 3834 vivere
1389 3783 1553 3848 facit;
1592 3799 1715 3838 cum
1763 3795 2009 3841 mutuum
2044 3790 2092 3842 ei
2134 3792 2286 3842 testi-

709 3870 945 3920 monium
1005 3870 1094 3921 det
1137 3870 1224 3936 qui
1275 3885 1373 3922 nos
1412 3874 1477 3923 ad
1528 3877 1851 3944 martyrium
1905 3879 2046 3946 apud
2093 3879 2284 3932 Isaiam

709 3955 958 4008 hortatur
991 3968 1046 4010 et
1074 3957 1206 4024 ipse,
1237 3966 1291 4010 et
1339 3959 1507 4014 Filius
1546 3961 1684 4029 ejus,
1719 3966 1806 4018 ubi
1859 3965 2116 4033 scriptum
2155 3946 2236 4021 est
2269 3987 2282 4023 :

717 4063 737 4092 ι
768 4044 956 4098 Estote
993 4046 1119 4098 mihi
1157 4056 1341 4109 testes,
1385 4061 1438 4099 et
1470 4038 1762 4116 ego'testis
1814 4054 2076 4108 Dominus
2122 4057 2286 4123 Deus,

709 4145 764 4187 et
795 4135 935 4189 Puer
965 4150 1114 4189 meus
1160 4153 1315 4205 quem
1354 4140 1488 4210 elegi
1519 4141 1588 4196 ³⁷.
1627 4162 1645 4192 ι
1673 4143 1739 4194 Et
1774 4145 1878 4197 hoc
1906 4148 2153 4215 observa,
2185 4166 2287 4204 non

709 4228 883 4279 servis
907 4225 1053 4291 Jesu,
1084 4229 1175 4280 sed
1206 4229 1395 4282 amicis
1417 4230 1533 4298 ejus
1561 4228 1743 4284 datum
1772 4247 1893 4286 esse
1916 4246 2242 4306 praeceptum
2274 4261 2284 4293 :

718 4337 735 4367 ι
776 4317 849 4370 Ne
877 4319 1189 4371 terreamini
1220 4320 1285 4371 ali
1330 4321 1412 4375 his
1436 4322 1526 4389 qui
1557 4325 2050 4395 occiduntcorpus,
2083 4341 2136 4384 et
2169 4345 2292 4400 post

714 4409 826 4461 haec
857 4425 958 4460 non
990 4408 1185 4461 habent
1207 4409 1369 4478 297
1403 4411 1630 4479 amplius
1663 4416 1792 4482 quid
1820 4414 2022 4471 faciant
2045 4421 2108 4474 ⁸³⁸.
2145 4442 2163 4473 ι
2195 4426 2288 4478 'l'i-

2369 1986 2479 2022 των
2509 1970 2570 2020 τὸ
2609 1968 2791 2038 σῶμα,
2823 1967 2920 2020 καὶ
2952 1966 3087 2037 μετὰ
3115 1965 3288 2019 ταῦτα
3321 1965 3394 2036 μὴ
3427 1965 3656 2034 ἑχόντων
3703 1963 3957 2032 περισσά·

2370 2061 2528 2132 τερόν
2549 2078 2601 2113 τι
2632 2061 2871 2130 ποιῆσαι.
2909 2059 3202 2122 Ὑποδείξω
3239 2057 3297 2110 δὲ
3333 2057 3463 2126 ὑμῖν
3491 2054 3612 2108 τίνα
3637 2053 3914 2124 φοϐηθῆτε
3941 2070 3953 2082 ·

2372 2151 2644 2222 φοϐηθῆτε
2688 2151 2780 2204 τὸν
2833 2149 2972 2220 μετὰ
3011 2149 3070 2200 τὸ
3115 2148 3429 2200 ἀποκτεῖναι
3469 2144 3662 2215 ἔχοντα
3708 2143 3960 2210 ἐξουσίαν

2371 2243 2629 2314 ὲμὸαλεῖν
2666 2245 2746 2304 εις
2798 2241 3043 2308 γέενναν.
3074 2239 3184 2292 Ναὶ
3211 2238 3352 2306 λέγω
3380 2239 3530 2308 ὑμῖν,
3564 2235 3753 2289 τοῦτον
3786 2235 3959 2304 φοϐη-

2374 2335 2526 2403 θῆτε.
2564 2331 2699 2402 Οὐχὶ
2731 2333 2893 2385 πέντε
2925 2330 3178 2401 στρουθία
3232 2327 3326 2380 δύο
3359 2327 3641 2398 ἀσσαρίων
3671 2327 3958 2389 πωλεῖται,

2374 2426 2469 2478 καὶ
2498 2424 2554 2477 ἓν
2581 2423 2640 2486 ἐξ
2665 2422 2840 2475 αὐτῶν
2862 2425 2962 2474 οὐκ
2984 2421 3128 2474 ἔστιν
3155 2419 3573 2490 ἐπιλελησμένον
3606 2418 3838 2471 ἐνώπιον
3865 2417 3962 2471 τοῦ

2378 2514 2547 2579 Θεοῦ;
2580 2513 2828 2568 ἀλλὰκαὶ
2860 2514 2913 2566 ai
2955 2512 3138 2583 τρίχες
3184 2511 3280 2581 τῆς
3317 2509 3557 2580 κεφαλῆς
3588 2510 3742 2579 ὑμῶν
3785 2510 3963 2562 πᾶσαι

2377 2606 2728 2675 ⁴Ιςρίθμίηνται.
2775 2604 2866 2674 Μὴ
2911 2597 3002 2655 οῦν
3041 2601 3341 2672 φοϐηθῆτε·
3389 2599 3602 2654 πολλῶν
3658 2589 3980 2670 στρουθίων

2378 2696 2680 2768 διαφέρετε.
2719 2695 2877 2763 Λέγω
2916 2695 2971 2746 δὲ
3005 2695 3164 2764 ὑμῖν
3202 2694 3317 2755 Πᾶς
3345 2692 3402 2755 ὃς
3438 2691 3504 2745 ἂν
3546 2691 3860 2762 ὁμολογήσῃ
3910 2694 3965 2744 ἐν

2380 2787 2500 2857 ἐμοὶ
2544 2785 2849 2856 ἔμπροσθεν
2877 2785 2985 2836 τῶν
3019 2783 3339 2855 ἀνθρώπων,
3379 2785 3474 2836 καὶ
3515 2785 3543 2836 ὀ
3576 2783 3704 2846 Υἱὸς
3744 2784 3840 2835 τοῦ
3875 2786 3964 2835 ἁν-

2381 2875 2597 2948 θρὼπου
2625 2877 2946 2946 ὁμολογήσει
2975 2878 3031 2927 ἐν
3066 2875 3213 2945 αὐτῷ
3246 2875 3552 2946 ἔμπροσθεν
3575 2874 3684 2926 τῶν
3710 2873 3964 2947 ἀγγέλων

2378 2965 2469 3020 τοῦ
2491 2964 2656 3018 Θεοῦ·
2687 2967 2714 3018 ὁ
2746 2965 2804 3017 δὲ
2845 2965 3222 3040 ἀρνησάμενός
3255 2982 3321 3035 με
3358 2961 3586 3018 ἐνώπιον
3611 2963 3718 3015 τῶν
3749 2961 3964 3032 ἀνθρὼ-

2381 3075 2519 3121 πων,
2535 3057 2977 3127 ἀπαρνηθήσεται
2999 3057 3226 3110 ὲνὼπιον
3241 3055 3348 3108 τῶν
3379 3053 3624 3122 ἀγγέλων
3647 3053 3742 3105 ⁴ιτοῦ
3759 3052 3920 3105 Θεοῦ.
3939 3072 3962 3105 ι

2381 3149 2490 3202 Καὶ
2523 3150 2578 3200 ἐν
2602 3147 2744 3215 ἄλλῳ
2771 3148 2949 3216 τόπῳο
2997 3166 3014 3196 ι
3058 3149 3152 3208 Ὃς
3183 3147 3290 3214 γὰρ
3316 3144 3576 3213 αἰσχυνθῇ
3609 3160 3676 3212 με
3717 3145 3813 3196 καὶ
3843 3145 3968 3205 τοὺς
4003 3190 4008 3195 .

2385 3238 2547 3306 ἐμοὺς
2580 3237 2788 3305 λόγους,
2808 3236 2993 3302 τοῦτον
3025 3238 3052 3287 ὁ
3082 3233 3208 3295 Υἱὸς
3231 3233 3322 3285 τοῦ
3355 3232 3644 3302 ἀνθρώπου
3671 3235 3970 3303 ὲπαισχυν·

2385 3318 2628 3397 θήσεται,
2656 3329 2781 3379 ὅταν
2804 3327 2928 3396 ἔλθῃ
2953 3328 3009 3377 ὲν
3027 3329 3091 3394 τῇ
3131 3325 3257 3396 δόξῃ
3274 3323 3460 3388 αὑτοῦ,
3493 3325 3586 3376 καὶ
3612 3324 3703 3376 τοῦ
3732 3317 3968 3396 Πατρὶς,

2385 3418 2614 3470 καὶτῶν
2672 3418 2841 3483 ἁγίων
2894 3417 3157 3484 ἀγγέλων.
3223 3435 3240 3466 ι
3288 3418 3347 3467 Oi
3405 3414 3755 3489 ἀναιροῦντες
3798 3419 3967 3485 ἡμᾶς,

2387 3509 2636 3578 σώματος
2667 3506 2809 3582 ζωὴμ
2838 3508 3245 3560 ἀποκτείνουσι·
3280 3506 3536 3576 (τοιοῦτον
3571 3506 3678 3577 γάρ
3715 3509 3833 3558 ἐστι
3880 3509 3966 3559 τό·

2385 3603 2439 3651 Μ
2450 3598 2480 3666 ἱι
2517 3585 2814 3666 φοϐηθῆτέ
2852 3599 2970 3651 ἀπὸ
3009 3599 3127 3653 τῶν
3160 3586 3640 3652 ἀποκτεινὸντων
3673 3599 3737 3649 τὸ
3774 3598 3971 3666 σῶμα,

2347 3728 2349 3730 -
2388 3693 2576 3753 αὐταῖς
2601 3692 2806 3754 λέξεσιν
2847 3692 2949 3743 ὑπὸ
2980 3690 3256 3758 Ματθαίου
3281 3689 3377 3741 -καὶ
3409 3690 3596 3740 Λουκᾶ
3633 3690 3973 3758 εἰρημένον),

2389 3783 2482 3834 κα)⁵
2518 3783 2654 3851 μετὰ
2686 3782 2744 3833 τὸ
2780 3784 3095 3835 ἀποκτεῖναι
3129 3781 3189 3836 τὸ
3224 3779 3399 3848 σῶμα,
3440 3778 3542 3830 κᾶν
3573 3777 3820 3843 θέλωσιν,
3850 3798 3868 3829 ι
3912 3781 3969 3831 οὐ

2389 3872 2638 3924 δύνανται
2687 3873 2784 3942 τὴν
2833 3873 3009 3942 ψυχὴν
3056 3872 3406 3924 ἀποκτείναι⁹
3462 3867 3576 3921 ἀλλ’
3622 3869 3743 3921 οὐδὲ
3788 3869 3969 3940 ἔχουσι

2395 3964 2780 4034 περισσότερόν
2819 3982 2870 4015 τι
2905 3964 3160 4032 ποιῆσαι.
3201 3960 3379 4022 ι-Πῶς
3411 3959 3519 4031 γὰρ
3557 3961 3778 4013 δυνατὸν
3807 3964 3969 4013 ἀναι-

2396 4055 2611 4125 ρεθῆναι
2646 4056 2821 4125 ψυχὴν
2865 4058 2956 4108 ὑπ’
2983 4055 3150 4123 αὐτῆς
3176 4055 3273 4122 τῆς
3307 4053 3593 4123 ὁμολογίας
3622 4049 3974 4124 ζωοποιηθεῖ-
4029 4107 4036 4110 _

2396 4160 2492 4196 σαν
2514 4161 2538 4208 ;·
2581 4143 3111 4214 ὰντιμαρτυροῦντος
3138 4143 3272 4212 αὐτῇ
3309 4142 3421 4212 (55)
3455 4141 3547 4193 τοῦ
3595 4127 3974 4213 προτρεπομέ-

2394 4251 2485 4285 νου
2538 4237 2687 4304 ἡμᾶς
2739 4237 2831 4286 ἐπὶ
2870 4235 2928 4286 τὸ
2985 4233 3278 4304 μαρτύριον
3333 4235 3389 4285 ὲν
3460 4233 3536 4303 τῷ
3598 4236 3813 4304 Ἡσαΐᾳ,
3880 4229 3974 4304 καὶ

2396 4325 2488 4377 τοῦ
2536 4327 2731 4389 Παιδὸς
2763 4324 2948 4392 αὐτοῦ,
3012 4326 3139 4377 ἔνθα
3165 4324 3473 4395 γέγραπται
3495 4341 3506 4354 '
3541 4344 3559 4376 ι
3595 4325 3838 4401 Γένεσθέ-
3877 4341 3968 4395 μοι

2402 4418 2693 4489 μάρτυρες,
2731 4416 2884 4485 κάγὼ
2916 4418 3125 4488 μάρτυς
3155 4418 3356 4489 Κύριος
3393 4419 3421 4468 ὁ
3448 4417 3613 4480 Θεὸς,
3649 4419 3741 4469 καὶ
3772 4420 3804 4470 ὁ
3837 4406 3975 4480 Παῖς

715 4499 942 4550 tuendus
978 4508 1064 4550 est
1096 4497 1258 4566 igitur
1280 4518 1297 4548 (
1331 4500 1420 4568 qui
1451 4509 1707 4567 potest-et
1739 4505 1974 4558 animam
1995 4517 2051 4560 et
2085 4525 2276 4579 corpus

2392 4510 2451 4562 ὃν
2485 4509 2830 4579 ἐξελεξάμην.
2877 4530 2894 4560 ι
2939 4510 3048 4562 Καὶ
3087 4507 3243 4562 τοῦτο
3265 4508 3321 4562 δὲ
3354 4509 3536 4579 τήρει,
3565 4509 3647 4588 ότι
3677 4510 3736 4561 οὺ
3764 4509 3974 4570 δούλοις

713 4591 934 4656 perdere
966 4591 1015 4642 in
1045 4590 1365 4658 gehennam.
1404 4610 1422 4642 ο
1464 4590 1558 4645 llic
1585 4594 1728 4646 enim
1760 4597 1926 4663 solus,
1960 4618 1977 4650 ι
2000 4612 2282 4673 postquam

714 4683 993 4743 occiderit,
1020 4692 1337 4748 potestatem
1363 4686 1524 4738 habet
1545 4688 1796 4744 mittendi
1823 4693 1875 4744 in
1901 4695 2230 4760 gehennam.
2262 4719 2281 4751 ›

715 4773 778 4823 Et
824 4772 1036 4839 quidem
1103 4772 1355 4826 immittet
1397 4789 1490 4827 eos
1535 4775 1625 4842 qui
1671 4793 1959 4845 corporum
2009 4786 2287 4842 oceisores

717 4863 1009 4928 timuerint,
1042 4879 1140 4917 nec
1170 4864 1443 4917 timuerint
1474 4882 1594 4920 eum
1628 4887 1646 4918 ‹
1678 4870 1767 4937 qui
1799 4877 1978 4937 potest
2011 4887 2208 4942 corpus
2234 4887 2291 4931 et

719 4957 950 5007 animum
1003 4959 1244 5024 pertlere'
1276 4959 1328 5012 in
1383 4963 1707 5028 gehennam,
1757 4973 1812 5016 .et
1838 4964 1972 5031 qui,
2003 4975 2286 5034 postquam

718 5045 1341 5130 oceitleritqpotestatem
1371 5052 1532 5104 habet
1559 5052 1801 5104 mittendi
1828 5054 1879 5104 in
1907 5056 2230 5121 gehennam.
2264 5076 2282 5108 ι

723 5134 875 5198 Quod
903 5137 946 5188 si
995 5137 1233 5204 eujusvis
1281 5142 1503 5195 alterius
1554 5143 1748 5211 capitis
1789 5144 2285 5210 capillinumerati

721 5233 866 5284 sunt,
899 5234 950 5276 et
979 5240 1163 5281 eorum
1199 5232 1442 5286 videlicet
1478 5237 1565 5302 qui
1598 5245 1819 5303 propter
1854 5218 2038 5308 Jesum
2067 5237 2289 5290 exscin-

723 5316 943 5378 duntur,
976 5317 1348 5376 conﬁtebimur
1389 5325 1578 5380 Filium
1605 5327 1698 5381 Dei
1731 5344 1916 5381 coram
1949 5327 2079 5389 Deo,
2108 5334 2163 5380 el
2196 5329 2292 5379 lto-

726 5405 980 5468 minibus.
1034 5418 1089 5459 et
1120 5425 1227 5493 non
1273 5416 1484 5479 diis,'ut
1516 5421 1661 5473 vices
1699 5421 1853 5477 nobis
1897 5418 2332 5474 retribuat-ille.

731 5600 770 5653 ι
798 5525 845 5556 η
875 5523 1062 5647 Manu];
1095 5525 1260 5599 Las.
1336 5526 1383 5556 ’τ
1409 5529 1543 5590 ibid.
1578 5531 1764 5585 29-54.
1842 5533 1885 5565 π
1918 5529 2049 5595 Luc.
2079 5521 2317 5592 1:11.18-

777 5614 861 5650 ΠΟ.
900 5611 994 5653 XII.
1071 5632 1083 5644 -

777 5614 861 5650 uc.
900 5611 994 5657 xu,
1031 5611 1083 5647 4.

800 5715 908 5779 (52)
941 5713 1243 5780 Στρουθία.
1273 5712 1376 5781 Ms.
1399 5714 1695 5781 στρουθίου,
1725 5720 1929 5772 vitiose,

797 5769 906 5851 (533
941 5769 1272 5838 WEtstenius
1302 5769 1581 5854 legendum
1615 5769 1765 5853 putat
1792 5769 1952 5841 αὑτοῦ
1973 5829 1986 5854 ,
2029 5789 2120 5844 sed
2145 5769 2298 5842 Stare

2394 4599 2485 4653 τοῦ
2532 4600 2724 4668 Ἰησοῦ,
2754 4601 2887 4652 ἀλλὰ
2923 4600 3093 4668 φίλοις
3123 4600 3285 4659 αὑτοῦ
3317 4599 3524 4652 δέδοται
3562 4601 3745 4670 ἐντολή
3767 4616 3784 4629 υ
3825 4619 3862 4662 ι,
3884 4601 3973 4667 Μὴ

2398 4692 2664 4761 φοϐηθῆτε
2685 4691 2788 4744 ἀπὸ
2815 4691 2919 4759 τῷν
2961 4692 3381 4748 ἀποκτεινόντων
3412 4692 3471 4743 τὸ
3502 4691 3680 4760 σῶμα,
3710 4691 3804 4742 καὶ
3837 4690 3976 4753 μετὰ

2395 4771 2570 4836 ταῦτα
2593 4784 2664 4852 μὴ
2681 4784 2908 4851 ἐχόντων
2925 4783 3368 4853 περισσότερόν-τι
3387 4783 3626 4852 ποιῆσαι.
3652 4803 3670 4833 ι
3704 4781 3975 4850 Φοϐητέον

2396 4875 2703 4926 τοίνυνιτόν
2722 4874 3016 4941 δυνάμενον
3060 4873 3153 4939 καὶ
3181 4873 3356 4942 ψυχὴν
3392 4874 3483 4924 καὶ
3518 4873 3677 4940 σῶμα
3706 4862 3974 4925 ἀπολέσαι

2396 4965 2452 5013 ὲν
2477 4963 2669 5033 γεέννῃ
2692 4980 2704 4990 ·
2742 4983 2757 5012 ι
2781 4957 2934 5023 οὗτος
2965 4962 3088 5032 γαρ-
3107 4962 3282 5056 μόνος,
3314 4979 3336 5011 ι
3370 4961 3508 5030 μετὰ
3535 4962 3595 5012 τὺ
3628 4964 3973 5022 ἀποκτεῖναι,

2397 5054 2507 5123 ἔχει
2545 5053 2789 5118 ἐξουσίαν
2832 5052 3082 5122 ἐμϐαλεῖν
3114 5052 3190 5114 εἰς
3233 5052 3473 5121 γέενναν.
3533 5071 3552 5102 ι
3589 5053 3975 5121 Καὶέμΰαλεί

2397 5162 2459 5211 γε
2490 5146 2612 5206 τοὺς
2645 5143 2976 5212 φοϐηθέντας
3005 5143 3109 5194 ἀπὸ
3136 5143 3241 5194 τῶν
3261 5143 3685 5195 ἀποκτεινόντων
3706 5142 3764 5193 τὸ
3789 5143 3972 5213 σῶμα,

2399 5235 2492 5286 καὶ
2519 5236 2644 5296 τοὺς
2687 5233 3119 5304 μὴγφοϐηθέντας
3157 5251 3174 5282 ι
3214 5233 3303 5287 τὸν
3334 5232 3628 5302 δυνάμενον
3660 5235 3750 5287 καὶ
3788 5234 3970 5305 ψυχὴν

2401 5327 2494 5377 καὶ
2521 5325 2677 5393 σῶμα
2709 5325 2966 5376 ἀπολέσαι
2998 5327 3054 5377 ὲν
3085 5326 3295 5394 γεέννῃ,
3327 5324 3532 5377 καὶτὸν
3564 5325 3702 5394 μετὰ
3729 5325 3792 5377 τὸ
3834 5330 3972 5380 ἀπορ-

2399 5416 2602 5467 κτεῖναι
2652 5415 2839 5484 ἔχοντα
2893 5413 3137 5478 ἐξουσίαν
3168 5413 3422 5484 ἐμϐαλεῖν
3452 5418 3532 5477 εἰς
3562 5406 3815 5482 γέενναν.
3855 5438 3875 5468 ι
3914 5418 3977 5470 Et

2381 5517 2438 5560 ³⁸
2467 5529 2593 5583 Luc.
2630 5546 2699 5588 Ix.
2731 5528 2818 5584 26.
2895 5536 2936 5565 '7
2968 5535 3068 5588 lsa.
3106 5553 3267 5602 mu,
3309 5540 3391 5618 l0.
3469 5543 3514 5574 ’³
3543 5542 3728 5598 Matth.
3763 5564 3827 5609 κ,
3862 5523 3964 5616 ’39;

2395 5727 2570 5802 potest
2594 5717 2764 5802 abvﬁ.__
2783 5719 2980 5772 Ibidem
3014 5726 3266 5802 mendose
3282 5725 3346 5779 in
3376 5726 3558 5782 codice
3588 5734 3963 5802 ntanuscripto

2397 5795 2650 5856 scriptum
2682 5796 2759 5842 cst
2793 5795 3305 5857 προτετοεποιιένου.
