4132 6314
276 445 388 498 609
1379 437 1829 492 EXHORTATIO
1866 486 1867 489 η

1993 436 2435 494 ιιΑιιτῑιιιυιι.
2483 411 2488 415 “
3443 447 3550 503 an

276 579 427 624 τινος
459 561 515 614 δὲ
555 561 715 616 ἄλλου
764 561 861 632 τῆς
907 560 1148 631 κεφαλῆς
1180 563 1232 614 αἱ
1275 559 1460 630 τρίχες
1494 559 1867 631 ἠριθμημέναι

1976 575 2133 626 quem
2168 560 2398 613 confessi
2426 561 2648 625 erimus,
2683 577 2804 615 cum
2845 563 3193 618 conﬁtebitur
3217 580 3317 620 nos
3358 582 3541 622 coram

239 652 413 713 -..εἰσ-ἱ,
455 651 726 713 κάκείνοις
756 652 1014 720 δηλονότι,
1046 653 1154 711 τοῖς
1211 649 1298 700 διὰ
1351 650 1440 728 τρν
1477 649 1680 717 Ἰησοῦν
1729 650 1863 700 ἁπο-

1975 650 2083 702 Deo
2114 659 2168 702 et
2218 648 2379 703 Patre
2404 664 2503 702 suo
2543 661 2594 703 et
2636 653 2981 707 conﬁtebitur
3009 657 3061 707 in
3102 655 3254 710 caelis
3282 671 3406 711 eum
3455 660 3538 728 qui

276 742 655 812 τεμνομένοις,
677 719 1077 812 ὁμολογήσομεν
1129 742 1186 791 ὲν
1219 740 1295 808 τῷ
1325 719 1458 808 Υἶῷ,
1487 738 1579 791 τοῦ
1597 738 1752 801 Θεοῦ,
1774 741 1865 790 καῖ

1973 755 2034 791 se
2064 741 2117 790 in
2160 749 2301 792 terra
2344 741 2627 795 confessus
2659 742 2840 796 fuerit.

279 832 394 903 τῶν
443 832 767 904 ἀνθρώπιον,
817 835 908 886 καὶ
937 833 996 886 οὐ
1026 831 1163 884 θεῶν
1194 830 1504 900 ἔμπροσθεν
1531 829 1661 899 (54),
1693 831 1758 882 ἵν’
1793 831 1938 897 ἡμᾶς
1967 831 2263 900 ἀμείψηται
2310 834 2338 884 ὁ
2375 831 2747 902 ὁμολογηθεὶς,
2780 835 3112 907 ὁμολογήσας
3142 840 3288 907 ἡμᾶς
3338 839 3530 912 Emme.

281 921 411 990 σθεν
451 921 544 975 τοῦ
577 921 736 985 Θεοῦ,
764 923 858 974 καὶ
884 922 1090 990 Πατρὸς
1122 920 1336 980 ἑαυτοῦ,
1374 921 1466 972 καὶ
1501 919 1839 1001 ὁμολογήσας
1881 917 1970 969 τὸν
2023 919 2434 990 ὁμολογήσαντα
2461 922 2626 975 αὐτὸν
2661 925 2753 976 ἐπὶ
2785 925 2886 994 γῆς
2933 928 3090 990 αὐτὸς
3117 931 3172 980 ὲν
3197 932 3461 1001 οὐρανοῖς.

355 1007 451 1081 Τίς
479 1017 523 1070 δ’
553 1016 640 1080 ἂν,
671 1017 1022 1086 λογισάμενος
1049 1016 1118 1066 τά
1145 1015 1385 1077 τοιαῦτα,
1407 1014 1504 1065 οὐκ
1537 1011 1870 1079 ἐπιφθέγξη-

279 1127 370 1163 ται
402 1110 468 1161 τὸ
495 1099 848 1162 ἀποστολικὸν
869 1110 1074 1185 έκεῖνο,
1108 1107 1196 1158 τό·
1233 1124 1251 1155 ι
1281 1106 1394 1157 Οὐκ
1429 1104 1554 1167 ἄξια
1592 1102 1662 1156 τά
1687 1101 1867 1171 παθή-

285 1218 433 1271 ματα
465 1199 556 1253 τοῦ
589 1200 685 1253 νῦν
699 1189 890 1270 καιροῦ
915 1199 1049 1269 πρὸς
1062 1197 1159 1268 τὴν
1178 1197 1468 1268 μέλλουσαν
1490 1195 1645 1261 δόξαν
1661 1196 1864 1248 ἀποκα-

284 1291 556 1361 λυφθῆναι
585 1294 666 1356 εἰς
697 1294 877 1362 ήμᾶςς
917 1311 934 1342 ι
956 1289 1080 1352 Πῶς
1104 1289 1209 1360 γὰρ
1223 1289 1283 1340 οὐ
1309 1286 1483 1357 πολλῷ
1519 1286 1717 1356 μείζων
1737 1287 1864 1355 ὁμο-

278 1381 468 1449 λογίας
492 1381 590 1452 τῆς
613 1381 918 1452 ἔμπροσθεν
943 1378 1241 1446 ἀνθρώπων
1262 1381 1294 1448 ή
1323 1376 1628 1448 ἔμπροσθεν
1644 1375 1738 1429 τοῦ
1753 1378 1864 1429 Πα-

277 1473 411 1544 τρδς
437 1473 721 1543 ὁμολογία;
752 1472 875 1534 Πῶς
896 1472 938 1524 δ’
958 1471 1015 1524 οὐ
1047 1469 1166 1543 καθ’
1186 1468 1488 1539 ὑπερϐολὴν
1521 1467 1864 1538 ὑπερέχουσα

277 1563 384 1632 τῆς
417 1564 508 1616 ἐπὶ
531 1565 635 1634 γῆς
667 1563 984 1633 ὁμολογίας,
1023 1561 1090 1632 ἢν
1117 1561 1391 1631 μάρτυρες
1418 1558 1740 1630 ὁμολογοῦσι
1772 1558 1886 1621 τὸν,

281 1655 411 1720 Υίρν
424 1654 517 1710 τοῦ
530 1655 688 1720 Θεοῦ,
703 1640 759 1708 ὲν
773 1657 1016 1727 οὐρανοῖς
1031 1653 1122 1707 τοῦ
1138 1652 1558 1724 ὁμολογηθέντος
1580 1651 1861 1720 ὁμολογ-ία;

279 1745 655 1816 Λογιτάμενος
675 1746 733 1799 δέ
752 1764 834 1808 τις
855 1745 1191 1817 ἀρνήσασθαι
1210 1743 1514 1814 ἔμπροσθεν
1533 1738 1864 1810 τῶν’ἀνθρὼ-
1905 1767 1913 1773 -

2043 1013 2133 1066 35.
2173 1014 2308 1079 Quis
2335 1023 2517 1068 autem
2546 1016 2658 1070 haec
2687 1027 2942 1082 reputans
2961 1058 2975 1084 ,
3006 1019 3132 1073 illud
3158 1025 3399 1090 Apostoli
3428 1043 3537 1081 non

1948 1100 2306 1159 exclamabit
2340 1123 2354 1158 :
2395 1123 2414 1155 ι
2444 1104 2563 1158 Non
2593 1117 2719 1160 sunt
2753 1109 3036 1179 condigna:
3067 1112 3542 1184 passioneslmjus

1976 1197 2237 1264 temporis
2273 1196 2622 1277 adfuturam
2655 1199 2892 1270 gloriam
2941 1215 3062 1270 qua:
3108 1203 3440 1261 revelabitur:
3487 1208 3570 1275 in,

1977 1288 2133 1341 nobis
2164 1288 2209 1318 ⁹⁹
2240 1287 2263 1341 ?
2292 1307 2310 1339 ι
2343 1288 2463 1355 Quo
2505 1300 2664 1358 pacto
2706 1292 2850 1345 enim
2895 1307 2999 1344 non
3055 1293 3210 1363 longe
3259 1287 3430 1361 major
3473 1300 3542 1353 sit

1972 1377 2320 1458 confessione
2352 1396 2472 1447 qua:
2500 1397 2685 1435 coram
2714 1383 3028 1438 hominibus
3062 1385 3148 1447 ﬁt,
3186 1386 3274 1440 illa
3302 1403 3543 1456 quaeeo-

1974 1481 2088 1520 ram
2119 1470 2278 1524 Patre
2308 1471 2438 1525 ﬁet!
2484 1471 2764 1537 Quomodo
2794 1474 3193 1530 confessionem
3241 1492 3344 1545 qua
3395 1496 3542 1534 mar-

1972 1549 2117 1627 tyres
2152 1560 2205 1613 in
2240 1570 2384 1615 terra
2415 1561 2614 1616 Filium
2653 1563 2744 1617 Dei
2779 1565 3127 1630 conﬁtentur,
3159 1568 3322 1637 longo
3368 1570 3542 1622 inter-

1972 1649 2115 1703 vallo
2162 1666 2274 1705 non
2327 1653 2679 1721 superaverit
2728 1655 3033 1721 confessio,
3083 1674 3244 1728 quam
3291 1660 3339 1713 is
3377 1675 3537 1728 quem

1971 1738 2204 1793 confessi
2237 1749 2399 1803 sunt,
2427 1741 2481 1795 in
2526 1743 2685 1797 caelis
2717 1744 2910 1798 reddet
2938 1745 2960 1798 ?
2992 1745 3047 1798 Si
3080 1748 3201 1814 quis
3237 1758 3415 1802 autem
3449 1763 3540 1803 ne-

277 1856 420 1900 πων,
436 1836 934 1906 ὐπομιμνησκέσθω
960 1835 1051 1887 τοῦ
1075 1833 1319 1914 ἀψευδῶς
1345 1833 1604 1893 εἰπόντος·
1631 1849 1649 1882 ι
1673 1831 1867 1896 Ἀπαρ-

1972 1841 2101 1894 gare
2131 1844 2315 1883 coram
2344 1830 2662 1887 hominibus
2690 1828 2929 1898 cogitat,
2962 1836 3269 1890 meminerit
3298 1835 3414 1903 ejus
3443 1838 3535 1906 qui

277 1931 514 2000 νήσομαι
543 1926 698 1994 κάγὼ
715 1927 874 1981 αὐτὸν
890 1925 1191 1996 ἔμπροσθεν
1215 1922 1308 1977 τοῦ
1327 1923 1538 1993 Πατρός
1561 1939 1662 1991 μου
1693 1920 1783 1973 τοῦ
1805 1921 1860 1972 ὲν

274 2021 550 2090 οὐρανοῖς.
577 2038 596 2070 ι
628 2018 748 2070 Ἔτι
765 2017 821 2070 δὲ
846 2019 939 2070 καὶ
961 2016 1116 2069 τοῦτο
1139 2014 1460 2085 θεωρητέον,
1483 2014 1564 2066 ὅτι
1584 2015 1611 2065 ὁ
1631 2012 1726 2081 μὲν
1743 2013 1863 2080 ὁμο-

272 2109 455 2177 λογῶν
485 2111 542 2162 ὲν
570 2108 649 2178 τῷ
667 2107 780 2177 Υίῴ
811 2107 1116 2179 ἔμπροσθεν
1149 2104 1257 2157 τῶν
1296 2103 1617 2175 ἀνθρώπων,
1645 2103 1705 2155 τὸ
1738 2103 1857 2155 ὅσον

271 2200 366 2268 ἐφ’
393 2197 591 2267 ἐαυτῷ,
621 2198 897 2266 συνίστησι
927 2195 1368 2268 Χριστιανισμὸν,
1403 2193 1609 2246 καὶτὸν
1649 2191 1862 2261 πατέρα

273 2288 706 2362 Χριστιανισμοῦ
734 2288 943 2355 τούτου,
987 2289 1069 2356 ἐφ’
1095 2283 1170 2339 ὧν
1214 2286 1492 2357 ὁμολογεῖ·
1525 2279 1553 2336 ὁ
1583 2283 1640 2355 δὲ
1675 2280 1874 2352 ὁμολοί

226 2394 233 2400 ’
271 2379 544 2450 γούμενος
589 2379 714 2432 ὑπὸ·
737 2376 832 2431 τοῦ
878 2378 1056 2448 πάσης
1095 2376 1322 2440 κτίσεως
1376 2375 1720 2445 πρωτοτόκου
1769 2372 1862 2424 καὶ

203 2513 205 2516 .
271 2471 374 2524 τοῦ
402 2469 532 2523 Υἱοῦ
563 2469 658 2523 τοῦ
689 2468 996 2541 ἀνθρώπου,
1030 2467 1343 2550 συνίρταται
1374 2465 1463 2518 διὰ
1483 2465 1583 2534 τῆς
1605 2450 1858 2516 τοῦτΥἱοῦ

271 2559 379 2635 τοῦ
409 2559 582 2625 Θεοῦ,
600 2561 696 2614 καὶ
725 2549 818 2612 τοῦ
845 2558 972 2611 Υίοῦ
999 2557 1095 2610 τοῦ
1140 2549 1428 2626 ἀνθρώπου
1456 2555 1762 2625 ὁμολογίας,
1787 2553 1863 2623 τῷ

273 2653 341 2703 ἐν
368 2651 617 2721 οὐρανοῖς
648 2651 823 2722 Πατρὶ
850 2651 944 2704 καὶ
972 2653 1084 2710 τοῖς
1107 2648 1358 2715 ἀγγέλοις
1386 2647 1479 2700 τοῦ
1506 2645 1661 2713 Θεοῦ.
1689 2647 1862 2717 Εἵπερ

274 2735 338 2791 δὲ
377 2757 395 2787 ι
424 2741 523 2808 οὐχ
548 2740 577 2790 ὁ
602 2737 790 2792 ἑαυτὸν
833 2737 1160 2794 συνιστάνων
1209 2736 1411 2798 ἐκεῖνός
1453 2736 1567 2787 ἐστι
1622 2735 1860 2804 δόκιμος,

277 2829 400 2882 ἀλλ’
429 2829 488 2882 ὃν
516 2830 545 2880 ὁ
569 2828 773 2900 Κύριος
806 2828 1103 2896 συνίστησι,
1154 2843 1172 2876 ι
1209 2824 1327 2888 πῶς
1357 2824 1418 2877 οὐ
1473 2824 1577 2894 χρὴ
1625 2824 1862 2893 νομίζειν

281 2917 427 2973 εἶναι
472 2919 713 2988 δόκιμον,
766 2919 856 2971 τὸν
905 2917 1051 2980 ἄξιον
1100 2913 1353 2985 κριθέντα
1385 2914 1484 2983 τῆς
1508 2913 1643 2983 πρὸς
1680 2913 1771 2964 τὸν
1806 2913 1862 2966 ὲν

281 3013 538 3082 οὐρανοῖς
578 3010 811 3081 ’Πατέρα
861 3008 1077 3078 καὶτῆς
1115 3006 1250 3077 πρὸς
1306 3005 1432 3068 τοὺς
1474 3003 1736 3072 ἀγγέλους
1771 2995 1861 3055 τοῦ

275 3103 420 3157 Θεοῦ
458 3101 820 3166 συστάσεωςς.
851 3101 915 3152 Et
964 3100 1022 3151 δὲ
1072 3099 1291 3168 δὸκὶμος
1321 3095 1431 3168 (55)
1468 3086 1642 3159 οὗτος,
1674 3095 1770 3149 καὶ⁵
1809 3094 1861 3147 οἱ
1887 3133 1929 3189 C

277 3193 654 3266 παραπλήσιοι
691 3189 858 3260 αὐτῷ,
888 3188 980 3252 οὒς
1010 3208 1028 3238 ι
1067 3188 1141 3251 ὡς
1156 3186 1357 3260 χρυσὸν
1383 3188 1440 3240 ὲν
1461 3185 1812 3260 χωνευτηρίῳ
1833 3203 1854 3237 ι

277 3290 402 3350 ταῖς
435 3284 685 3357 βασάνοις
700 3282 792 3334 κα)⁵
821 3284 939 3344 ταῖς
969 3279 1275 3345 ὲξετάσεσιν
1298 3297 1316 3330 ι
1342 3278 1658 3348 ἐδοκίμασεν
1691 3279 1720 3329 ὁ
1751 3274 1864 3329 Κύ-

282 3393 424 3448 ριος,
450 3374 542 3428 καὶ
574 3373 650 3436 ὡς
683 3369 1057 3442 ὁλοκάρπωμα
1097 3369 1285 3432 θυσίας
1319 3364 1708 3439 προσεδέξατο·
1753 3383 1771 3417 ι
1808 3364 1862 3416 τί

278 3467 395 3537 χρὴ
428 3465 604 3534 λέγειν
634 3463 762 3534 περὶ
789 3461 898 3516 τῶν
940 3458 1298 3529 ἐλεγχθέντων
1331 3459 1392 3510 ὲν
1430 3461 1498 3527 τῇ
1529 3456 1746 3526 καμίνῳ
1771 3453 1862 3507 τοῦ

281 3555 615 3626 πειρασμοῦ,
648 3554 744 3607 καὶ
773 3549 1182 3624 ἀρνησαμένων,
1215 3547 1309 3609 οὓς
1334 3546 1411 3610 ὡς
1440 3545 1730 3615 ἀδοκίμους
1760 3545 1860 3612 ἀρ-

279 3650 456 3701 νεῖται
489 3646 796 3720 ἐμπροσθεν
820 3643 917 3699 τοῦ
963 3645 1021 3696 ὲν
1045 3640 1292 3712 οὐρανοῖς
1329 3635 1563 3707 Πατρὺς,
1590 3635 1685 3686 καὶ
1727 3631 1861 3685 ἐνώ-

255 3707 410 3789 ’πιον
452 3707 560 3791 silv
607 3707 854 3807 ἀγγέλων
884 3733 991 3798 (τοῦ
1030 3707 1186 3796 Θεοῦ,
1223 3730 1253 3780 ὁ
1285 3727 1376 3780 τὸν
1407 3724 1554 3789 ἀξιον
1583 3724 1863 3795 ἀρνήσεως
1955 3764 1957 3767 .

285 3828 621 3898 ἀρνούμενος
639 3845 655 3893 ;

357 3920 470 3972 Καὶ
508 3918 571 3969 οὐ
605 3919 762 3988 μόνον
792 3934 856 3986 γε
902 3914 1054 3986 πρὸς,
1080 3911 1140 3964 τὸ
1182 3907 1256 3980 μὴ
1295 3903 1862 3977 ἀρνήσασθαινάγωνι-

287 4009 464 4072 στέον,
491 4007 629 4060 ἀλλά
652 4007 747 4060 καὶ
768 4007 905 4078 πρὸς
932 4006 992 4061 τὸ
1026 4003 1160 4074 μηδὲ
1174 4003 1271 4072 τὴν
1294 3998 1466 4069 ἀρχὴν
1489 4018 1497 4046 ι
1530 3994 1860 4064 ίσχυνθῆναι,

283 4097 638 4169 νομιζόμενον
698 4098 849 4167 παρά
905 4099 1015 4157 τοῖς
1071 4091 1367 4162 ἀλλοτρίοις
1419 4085 1553 4141 Θεοῦ
1602 4083 1862 4154 αἰσχύνης

285 4191 415 4256 ἀξια
443 4189 701 4258 πάσχειν·
737 4189 831 4241 καὶ
890 4187 1119 4258 μάλιστα
1148 4187 1196 4237 εἰ
1235 4179 1510 4244 δοξασθέις
1552 4177 1644 4232 κα)¹
1673 4175 1864 4230 ἀποδε-

286 4283 436 4353 χθεὶς
474 4281 578 4333 ὑπὸ
605 4278 868 4333 πλείστων
899 4280 1037 4332 ὅσων
1070 4274 1293 4338 πόλεων,
1326 4272 1420 4325 νῦν
1443 4269 1680 4341 ὡσπερεὶ
1723 4285 1863 4338 πομ-

284 4372 495 4435 πεύεις,
523 4371 691 4442 αἴρων
724 4368 816 4422 τὸν
845 4366 1073 4436 σταυρὸν
1109 4364 1202 4418 τοῦ
1241 4363 1435 4432 Ἰησοῦ,
1479 4361 1589 4430 ίερὲ
1629 4359 1861 4430 Ἀμϐρό-

1967 1932 2092 1995 vere
2119 1919 2258 1973 dixit
2287 1936 2302 1974 :
2337 1938 2356 1972 ι
2391 1919 2614 1992 Negabo
2642 1931 2696 1977 et
2722 1937 2822 1992 ego
2849 1938 2974 1978 eum
3001 1940 3185 1979 coram
3223 1926 3383 1981 Patre
3415 1943 3538 1981 meo

1967 2008 2060 2073 qui
2093 2009 2145 2062 in
2176 2009 2330 2065 cmlis
2363 2021 2469 2066 est.
2498 2030 2517 2062 ι
2550 1998 2687 2068 Illud
2715 1999 2879 2067 etiam
2912 2018 3262 2082 spectandum
3291 2026 3374 2071 est
3401 2035 3413 2070 :
3443 2020 3536 2086 qui

1969 2097 2172 2151 Filium
2209 2115 2393 2153 coram
2417 2100 2733 2156 hominibus
2779 2105 3088 2170 conﬁtetur,
3136 2108 3536 2169 Christianam.

1968 2199 2233 2257 quantum
2265 2191 2317 2245 in
2349 2207 2409 2246 se
2437 2201 2562 2258 est,
2589 2196 2904 2265 religionem
2933 2201 3305 2263 commendat,
3335 2210 3390 2253 et
3416 2202 3536 2268 ejus

1969 2280 2253 2348 religionis
2297 2291 2584 2350 parentem
2625 2299 2787 2352 quam
2831 2288 3158 2341 conﬁtetur.
3205 2291 3370 2354 Quem
3406 2305 3538 2344 vero

1969 2371 2256 2423 conﬁtetur
2282 2372 2686 2439 primogenitus
2730 2375 2909 2434 omnis
2952 2386 3221 2430 creatura:
3265 2386 3319 2431 et
3364 2356 3534 2432 Filius

1967 2458 2240 2522 hominis,
2273 2463 2695 2521 commendatur
2721 2476 2820 2531 per
2858 2463 3055 2518 Filium
3105 2466 3200 2520 Dei
3239 2475 3294 2521 et
3336 2466 3533 2522 Filium

1968 2549 2215 2623 hominis
2237 2551 2375 2619 apud
2403 2551 2690 2606 caelestem
2735 2550 2955 2607 Patrem
2983 2562 3040 2608 et
3067 2556 3288 2624 angelos
3312 2555 3430 2610 Dei.
3473 2557 3530 2609 Si

1954 2632 2150 2693 autem
2182 2656 2202 2691 ί
2233 2656 2340 2695 non
2372 2630 2732 2725 quiseipsnm
2763 2644 3108 2698 commendat
3140 2646 3229 2699 ille
3272 2646 3534 2710 probatus

1966 2740 2050 2784 est
2075 2771 2091 2795 ,
2147 2733 2242 2786 sed
2291 2748 2453 2801 quem
2483 2734 2648 2804 \Deus
2695 2737 3041 2793 commendat
3072 2740 3087 2769 ³
3119 2755 3133 2792 :
3165 2757 3184 2790 ι
3211 2739 3335 2807 quis
3377 2738 3533 2793 illum

1965 2822 2251 2888 probatum
2313 2818 2420 2877 non
2466 2811 2690 2907 «uacat
2739 2828 2832 2896 qui
2883 2828 3079 2896 dignus
3123 2827 3399 2895 judicatus
3451 2839 3536 2883 est

1965 2912 2339 2966 commendari
2387 2915 2546 2986 apud\
2577 2917 2856 2970 caelestem
2903 2917 3118 2972 Patrem
3159 2927 3216 2971 et
3255 2919 3393 2986 apud
3438 2934 3538 2972 au-

1964 3000 2115 3069 gelos
2149 3001 2291 3054 Dei?
2324 3001 2481 3068 Quod
2513 3000 2562 3066 sl
2589 3005 2856 3073 probatus
2890 3014 2973 3059 est
3002 3015 3059 3058 et
3093 3006 3212 3070 ille,
3244 3015 3299 3060 et
3336 3009 3428 3074 qui
3460 3008 3533 3060 si-

1967 3091 2121 3145 miles
2157 3092 2236 3147 illi
2283 3102 2444 3157 sunt,
2472 3085 2610 3162 quos
2632 3112 2653 3146 ι
2675 3106 2932 3163 tanquam
2958 3110 3150 3150 aurum
3179 3096 3233 3149 in
3262 3095 3482 3151 fornace
3505 3115 3529 3150 ι

1967 3180 2254 3266 tormentis
2291 3189 2350 3235 et
2396 3184 2797 3250 questionibus
2821 3203 2840 3235 ι
2875 3183 3130 3253 probavit
3173 3185 3433 3241 Dominus
3477 3195 3534 3242 ot

1964 3272 2120 3339 quasi
2155 3272 2465 3327 bolocausti
2510 3273 2748 3330 hostiam
2795 3276 3006 3343 accepit
3033 3276 3054 3306 '
3079 3289 3093 3327 :
3120 3294 3140 3328 ι
3165 3276 3294 3344 quid
3327 3277 3393 3330 de
3427 3276 3535 3331 illis

1964 3362 2250 3416 dicendum
2282 3371 2369 3418 est
2401 3363 2495 3431 qui
2531 3364 2586 3418 in
2623 3364 2945 3420 tentationis
2973 3365 3204 3420 fornace
3241 3366 3536 3420 examinati

1965 3462 2335 3533 negaverunt,
2365 3466 2504 3520 quos
2536 3461 2596 3509 ut
2619 3457 2884 3524 reprobus
2908 3470 3093 3511 coram
3127 3455 3293 3510 Patre
3317 3455 3530 3511 caelesti

1963 3552 2018 3598 et
2051 3557 2235 3597 coram
2265 3539 2480 3611 angelis
2521 3544 2616 3601 Dei
2657 3556 2818 3616 negat
2862 3546 2954 3602 ille
2991 3547 3086 3617 qui
3133 3546 3417 3616 negatione
3453 3545 3536 3599 di-

1961 3648 2138 3710 gnum.
2157 3643 2318 3702 negat
2345 3635 2369 3687 ?
2444 3650 2447 3651 '
3356 3629 3357 3636 “

2035 3894 2126 3949 36.
2178 3894 2288 3948 Nec
2319 3908 2386 3948 eo
2421 3903 2630 3948 tantum
2662 3892 2980 3948 certandum
3013 3903 3097 3947 est
3130 3909 3186 3948 ιι(
3240 3909 3530 3964 negemus,

1961 3987 2056 4040 sed
2080 4000 2151 4041 ne
2174 3986 2400 4039 omnino
2414 3981 2812 4038 erubescamus
2831 4021 2845 4047 ,
2870 3997 2992 4037 cum
3022 3983 3116 4036 Dci
3147 3986 3329 4038 hestes
3355 3987 3527 4055 turpia

1962 4077 2073 4147 pati
2107 4091 2208 4132 nos
2235 4076 2591 4148 existimant,
2623 4084 2677 4128 et
2721 4072 2961 4128 maxime
2991 4074 3156 4143 298
3193 4075 3229 4129 ,ἰ
3270 4089 3390 4127 cum
3436 4083 3490 4128 tu
3513 4116 3529 4141 ,

1969 4183 2126 4224 sacer
2152 4165 2408 4222 Ambrosi
2434 4204 2449 4227 ,
2479 4164 2728 4235 plurimis
2756 4164 3071 4218 civitatibus
3098 4164 3397 4219 honoriﬁce
3426 4165 3530 4220 ha-

1963 4261 2110 4342 bitus
2146 4267 2202 4314 et
2231 4265 2493 4328 exceptus
2528 4257 2608 4311 sis
2629 4296 2647 4323 ,
2686 4271 2830 4310 nunc
2861 4257 2912 4309 in
2946 4270 3140 4324 pompa
3175 4271 3274 4310 ceu
3306 4257 3530 4311 victima

1962 4351 2190 4405 ducaris
2217 4359 2441 4420 portans
2471 4363 2689 4403 crucem
2720 4347 2850 4404 Jesu
2883 4363 3109 4418 eumque
3157 4362 3389 4416 sequens
3434 4349 3527 4417 qui

286 4484 393 4526 σιε,
421 4465 517 4517 καὶ
567 4437 877 4515 ἀκολουθῶν
919 4456 1087 4527 αὐτῷ,
1135 4453 1425 4525 προάγοντι
1458 4450 1550 4502 ἐπὶ
1588 4450 1858 4519 ἡγεμόνας

1966 4452 2016 4496 te
2049 4443 2116 4496 ad
2145 4441 2406 4510 praesides
2454 4447 2511 4492 et
2556 4455 2715 4509 reges
2756 4440 3060 4509 pracedat,
3112 4437 3172 4492 ut
3202 4448 3374 4494 tecmn
3415 4439 3533 4508 ipse

284 4559 384 4612 καὶ
439 4553 695 4625 βασιλεῖς,
749 4551 856 4613 ἴνα,
907 4549 1066 4612 αὐτός
1111 4564 1192 4599 σοι
1236 4540 1652 4613 συμπορευθεὶς,
1703 4541 1863 4600 αὐτός

286 4661 374 4698 σοι
407 4641 483 4711 δῷ
519 4643 613 4712 κα),
646 4637 818 4707 στόμα
843 4637 934 4690 καὶ
972 4635 1180 4704 σοφίαν,
1213 4633 1310 4686 καὶ
1342 4630 1423 4683 σο).
1471 4627 1546 4697 τῷ
1573 4643 1864 4694 συναγωνι-

284 4737 389 4805 στῇ
421 4730 607 4794 αὐτοῦ,
659 4731 1034 4804 Πρωτόκτητε,
1086 4718 1178 4779 κα)¹
1212 4717 1690 4794 συμμαρτυροῦσιν
1731 4720 1862 4785 ἡμῖν

283 4825 580 4897 (56),‹τοῖς
592 4821 958 4892 ἀναπληροῦσι
988 4818 1058 4871 τὰ
1087 4815 1434 4884 ὑστερήματα
1464 4809 1567 4862 τῶν
1608 4807 1863 4876 παθημά-

282 4934 398 4971 των
426 4917 518 4969 τοῦ
545 4913 798 4986 Χριστοῦ,
837 4932 874 4964 »ε
895 4912 990 4964 σὺν
1021 4910 1153 4978 ἡμῖν
1180 4907 1407 4975 γένηται
1452 4901 1542 4952 ἐπὶ
1575 4899 1668 4951 τὸν
1693 4898 1869 4968 παρά-

281 5009 469 5060 δεισον
515 5004 609 5056 τοῦ
663 5002 833 5066 Θεοῦ,
888 4997 1236 5058 ὑποδεικνὺς,
1285 4992 1401 5053 πῶς
1458 4989 1523 5043 ἂν
1577 4988 1860 5059 διαδὺοητε

291 5117 312 5150 r
360 5095 432 5147 τά-
461 5094 721 5165 χερουὸὶμ
744 5094 840 5148 καὶ
860 5079 964 5163 ’τὴν
988 5088 1241 5158 φλογίνην
1273 5082 1564 5154 ῥομφαίαν,
1590 5081 1687 5150 τὴν
1714 5097 1866 5152 στρε-

285 5186 538 5258 φομένην
587 5185 680 5253 κα),
722 5183 1093 5253 φυλάσσουσαν
1133 5178 1230 5246 τὴν
1262 5173 1379 5228 ὁδὸν
1417 5171 1510 5226 τοῦ
1561 5170 1716 5236 ξύλου
1764 5173 1860 5240 τῆς

1966 4531 2229 4585 incedens
2269 4530 2384 4597 ipse
2429 4542 2491 4582 os
2523 4527 2619 4581 tibi
2661 4529 2753 4581 det
2783 4539 2836 4582 et
2864 4529 3183 4598 sapientiam
3213 4545 3230 4594 ;
3266 4527 3362 4582 tibi
3395 4543 3531 4596 quo-

1964 4637 2068 4689 que
2095 4620 2410 4674 certaminis
2436 4618 2678 4686 ejusdem
2711 4619 2882 4684 socio,
2904 4619 3232 4682 Protoctcte,
3265 4627 3319 4672 et
3351 4627 3534 4671 vester

1966 4712 2016 4763 in
2047 4710 2313 4779 martyrio
2337 4724 2568 4763 consors
2597 4726 2616 4758 ε
2648 4710 2737 4777 qui
2768 4707 3076 4775 adimpletis
3102 4723 3164 4760 ea
3190 4721 3310 4773 quae
3337 4706 3532 4758 desunt

1966 4802 2277 4868 passionum
2327 4800 2538 4855 Christi
2569 4801 2594 4831 ³
2626 4821 2644 4852 ι
2677 4801 2955 4854 vobiscum
3001 4798 3072 4850 sit
3113 4796 3177 4846 ad
3220 4794 3528 4861 paradisum

1969 4893 2060 4945 Dei
2086 4931 2102 4956 ,
2134 4892 2426 4945 ostendens
2459 4892 2732 4959 quomodo
2779 4885 3169 4955 pertranseatis
3199 4903 3216 4933 ι
3246 4883 3526 4937 cherubim

1965 4993 2021 5038 et
2060 4984 2370 5037 flammeum
2414 4981 2650 5049 gladium
2703 4987 2866 5042 atque
2911 4973 3218 5027 versatilem
3263 4980 3527 5026 etcusto-

1966 5078 2205 5132 dientem
2236 5071 2542 5138 viamligni
2573 5071 2696 5122 vitae
2726 5067 2769 5120 ⁸.
2801 5085 2820 5117 ι
2851 5066 2976 5120 llaec
3007 5066 3149 5118 enim
3184 5066 3344 5119 ambo
3368 5105 3384 5129 ,
3420 5065 3526 5119 etsi

1969 5167 2110 5218 viam
2153 5161 2281 5231 ligni
2326 5161 2453 5213 vita:
2492 5157 2837 5222 custodiunt,
2882 5156 3004 5209 ideo
3047 5155 3402 5220 custodiunt,
3460 5168 3530 5210 no

373 5363 418 5394 ἐ’
439 5359 825 5424 llom.vm,18.
902 5358 920 5389 ⁸
953 5356 1150 5411 ll—Cor.
1179 5369 1232 5418 ι,
1270 5351 1357 5407 l8.
1433 5351 1454 5382 '
1481 5348 1606 5417 Sap.
1637 5365 1721 5414 ιιι,
1749 5346 1806 5402 6.

1966 5342 2136 5397 Loloss.
2179 5356 2215 5403 ι,
2245 5339 2335 5392 24.
2413 5339 2434 5368 ⁸
2463 5337 2666 5391 Gencs.
2707 5350 2790 5397 ιιι,
2823 5331 2918 5385 Si.

369 5522 484 5594 (δι)
514 5519 623 5574 Kat
659 5520 745 5571 ὀὐ
796 5508 943 5570 θεῶν
990 5477 1341 5584 ἔμπροσθεν.
1372 5507 1540 5563 Vocat
1577 5508 1646 5594 eo
1681 5506 1853 5594 θεούς,

289 5581 403 5668 non
467 5581 644 5673 Ideos,
698 5608 836 5662 idola
895 5581 1152 5670 gentium.
1216 5599 1478 5673 llebraicc
1527 5581 1852 5673 Damni,

290 5667 449 5738 lsaim
481 5697 601 5749 cap.
632 5667 950 5749 sumit-9.
993 5674 1190 5726 Confer
1236 5669 1524 5729 Denteron.
1559 5683 1731 5731 xxx",
1771 5667 1853 5732 l7,

289 5765 348 5806 ct
380 5755 393 5805 Ι
432 5747 563 5803 (ιω-,⁷
599 5767 653 5809 x,
690 5747 1228 5814 20.\\Vtt'rs'rtu3:uus.

276 5849 278 5852 ν
367 5822 480 5891 (.35)
515 5822 579 5874 Et
615 5807 685 5871 δὲ
710 5817 967 5882 δόκιμος.
999 5813 1052 5864 In
1091 5809 1191 5862 ins.
1215 5809 1384 5869 deest,
1418 5807 1485 5859 εί.

2034 5521 2145 5590 (56)
2177 5516 2706 5590 Συμμιιρτυροὗσίρ⁸
2738 5513 2899 5583 ἡμῖν.
2950 5515 3092 5583 Lego
3125 5508 3530 5590 συμμαρτυρῶν

1965 5579 2108 5664 ὑμῖν.
2129 5579 2407 5643 Ῥτιιέῖἑι-οξι
2438 5579 2634 5664 "mneo
2662 5579 2973 5664 freqiieitter
3005 5579 3089 5664 nine
3123 5579 3326 5660 mutare
3365 5579 3528 5664 urit...

1964 5646 2348 5726 trepretatione
2398 5670 2558 5726 voces
2613 5646 2777 5724 ἡμᾶς,
2829 5655 2979 5723 ἡμῖν,
3041 5649 3320 5726 ήμ-ὠνηιιι
3371 5646 3526 5713 ὑμεῖς

1965 5717 2127 5801 ὑμᾶς,
2156 5729 2281 5801 ὑμῖν
2317 5725 2486 5801 ὑμῶν,
2531 5735 2586 5776 et
2625 5717 2747 5801 tice
2773 5717 2948 5785 versa,
2983 5717 3188 5790 quoties
3237 5717 3285 5770 id
3339 5726 3522 5768 sensus

1965 5794 2303 5854 commodior
2327 5794 2605 5863 requirere
2639 5794 2869 5846 videtur.
