4132 6314
236 474 350 529 613

1334 471 1781 526 EXHUR'IA'I'IU
1821 474 1910 522 AD
1943 473 2125 522 ΜΑΡιί
2141 467 2395 523 YRIUM.

3392 480 3503 537 ιιι

235 601 339 653 καὶ
376 598 477 659 τὰς
526 596 777 666 ἀδελφάς,
830 596 889 647 οὐ
918 590 1139 646 δύναταί
1177 610 1275 663 μου
1326 592 1570 662 μαθητὴς
1599 589 1771 645 εἶναι⁹
1805 611 1823 643 ι

1934 598 2302 643 mementote:
2345 607 2365 640 ι
2396 586 2451 644 Si
2488 590 2611 659 quis
2644 593 2793 648 venit
2832 594 2900 648 ad
2946 610 3054 661 me,
3095 606 3152 651 et
3199 612 3303 653 non
3339 601 3452 657 odit
3478 620 3498 654 δ

236 690 545 759 ἀμφότεροι
574 688 630 741 δὲ
658 688 780 741 τοῦ·
822 707 841 738 ι
870 686 941 739 Εἴ
963 705 1045 749 τις
1082 685 1296 755 ἔρχεται
1341 684 1481 754 πρὸς
1512 686 1598 753 μὲ,
1639 686 1730 737 καὶ
1759 685 1820 736 οὐ

240 781 397 851 μισεζ
424 799 443 830 ι
496 779 633 851 πρὸς
670 781 781 841 τοῖς
835 777 1119 849 προτέροις
1168 794 1186 827 ι
1216 775 1294 829 ἔτι
1340 777 1434 829 καὶ
1478 778 1578 846 τὴν
1628 774 1821 828 ἑαυτοῦ

234 866 440 938 ψυχὴν,
468 868 529 919 οὐ
562 864 782 918 δύναταί
828 881 930 935 μου
966 862 1211 934 μαθητὴς
1258 858 1412 916 εἶναι.
1442 882 1460 913 ι
1507 860 1644 913 Ἀλλ’
1682 861 1823 913 οὕτω

242 961 513 1029 μισήσατε
532 952 654 1028 οτὴν
681 955 886 1010 ἑαυτῶν
934 955 1130 1025 ψυχὴν,
1168 956 1243 1018 ὼς
1274 955 1361 1033 διά
1388 954 1480 1006 τοῦ
1515 955 1689 1025 μισεῖν
1741 952 1823 1013 εἰς

241 1048 389 1120 ζωὴν
439 1048 656 1102 αἰώνιον
712 1047 1007 1116 φυλάσσειν
1058 1047 1247 1117 αὐτήν.
1300 1064 1319 1096 ι
1358 1045 1417 1097 '0
1458 1044 1565 1115 γὰρ
1625 1042 1820 1113 μισῶν,

242 1142 399 1213 φησὶ,
433 1140 532 1211 τὴν
562 1138 750 1193 ἑαυτοῦ
781 1139 959 1209 ψυχὴν
996 1140 1077 1202 εἰς
1120 1136 1263 1209 ζωὴν
1309 1136 1525 1191 αἰώνιον
1559 1136 1824 1205 φυλάσσει

241 1230 433 1299 αὑτήν.
457 1228 728 1299 »Οὐκοῦν
759 1228 859 1299 τὴν
900 1226 1083 1297 ψυχὴν
1123 1225 1211 1278 διὰ
1262 1226 1360 1297 τὴν
1415 1224 1631 1279 αίὼνιον
1678 1224 1821 1295 ζωὴν

246 1322 548 1392 μισήσατε,
612 1319 959 1390 πειθόμενοι,
1025 1319 1108 1371 ὅτι
1166 1317 1327 1371 καλὸν
1402 1318 1497 1371 καὶ
1526 1315 1823 1385 ’ὠφέλιμον

247 1414 407 1482 μῖσος
431 1411 669 1465 διδάσκει
695 1412 871 1481 μισεῖν
899 1412 929 1462 ό
976 1409 1199 1483 Ἰησοῦς.
1235 1410 1445 1479 Ὠσπερ
1474 1407 1530 1459 δὲ
1561 1407 1700 1478 ὑπὲρ
1725 1405 1819 1459 τοῦ
1861 1475 1867 1481 ι

246 1500 588 1569 φυλαχθῆναι
630 1499 710 1561 εἰς
757 1497 900 1565 ζωήν
949 1496 1166 1550 αἰώνιον
1212 1496 1313 1569 τὴν
1352 1496 1529 1567 ψυχὴν
1567 1496 1821 1566 μισητέον
1870 1529 1875 1534 -

244 1591 379 1660 ἡμῖν
412 1591 561 1643 ἔσται
608 1588 797 1658 αὐτὴν,
839 1587 982 1641 οὕτω
1029 1589 1296 1656 γυναῖκα,
1339 1587 1432 1640 καὶ
1482 1587 1681 1650 τέκνα,
1730 1586 1824 1638 καὶ

240 1676 537 1746 ἀδελφοὺς,
586 1676 680 1730 καὶ
708 1674 945 1743 ἀδελφὰς
981 1674 1229 1745 μίσησον,
1259 1674 1287 1726 ό
1326 1673 1463 1743 ἔχων
1516 1673 1721 1737 ταῦτα,
1757 1673 1823 1727 ἵν’

240 1771 533 1842 ὡφελήσῃς
574 1768 702 1830 τοὺς
746 1766 1126 1836 μισουμένους,
1161 1764 1232 1818 δι’
1259 1762 1425 1817 αὐτοῦ
1454 1763 1548 1816 τοῦ
1586 1781 1823 1836 μεμιση-

1930 690 2127 750 praeter
2146 696 2307 749 supra
2332 683 2554 747 relatos,
2583 701 2601 733 ‹
2627 684 2801 739 adhuc
2823 696 3000 740 autem
3020 696 3075 741 et
3097 688 3332 743 animam
3352 704 3505 745 suam

1933 786 2040 824 non
2098 780 2276 839 potest
2324 786 2477 826 meus
2525 786 2647 827 esse
2695 775 3059 844 discipulus:
3110 776 3218 831 Sed
3268 779 3505 834 animat-

1932 867 2165 914 vestram
2195 861 2273 915 sic
2296 862 2421 916 odio
2447 862 2665 925 habete,
2693 872 2750 916 ut
2777 880 2896 917 eam
2925 880 3021 933 per
3044 866 3224 920 odium
3254 867 3307 920 in
3336 869 3504 922 vitam

1929 960 2188 1003 aiternam
2246 951 2622 1006 custodiatis:
2671 970 2690 1002 ι
2733 953 2836 1019 Qui
2893 956 3209 1033 enim/odit
3267 958 3503 1013 animam

1931 1054 2106 1104 suam,
2138 1040 2339 1109 inquit,
2386 1042 2439 1095 in
2486 1042 2651 1096 vitam
2685 1053 2945 1097 :eternam
2977 1047 3218 1100 custodit
3245 1063 3363 1102 eam
3388 1049 3452 1104 ¹⁸.
3478 1068 3499 1101 ι
3556 1058 3569 1065 ’

1928 1131 2179 1185 Animam
2216 1146 2348 1202 ergo
2380 1138 2603 1202 propter
2631 1134 2792 1188 vitam
2829 1144 3087 1189 aeternam
3125 1138 3252 1192 odio
3284 1140 3503 1202 habete,

1925 1221 2126 1275 bonum
2161 1231 2216 1277 et
2269 1223 2402 1278 utile
2448 1226 2633 1291 odium
2686 1240 2809 1281 esse
2854 1229 3102 1295 persuasi
3152 1229 3508 1301 quod'Jesus

1924 1312 2102 1365 docet.
2140 1310 2290 1366 Sicut
2330 1322 2552 1377 autem,
2602 1315 2748 1368 ut'in
2782 1317 2951 1371 vitam
3014 1325 3276 1371 atternam
3320 1329 3537 1397 custo-l

1924 1403 2105 1457 diatur
2132 1406 2333 1471 anima,
2368 1406 2494 1461 odio
2526 1407 2683 1461 nobis
2714 1407 2961 1462 habenda
2992 1416 3099 1474 est,
3130 1410 3211 1463 sic
3254 1426 3505 1475 uxorem,

1924 1486 1980 1546 ei
2021 1494 2240 1559 liberos,
2287 1504 2342 1550 et
2400 1496 2632 1564 fratres,
2677 1507 2734 1552 et
2781 1512 3001 1554 sorores
3045 1499 3172 1553 odio
3221 1501 3418 1556 habeto
3450 1511 3507 1557 tu

1923 1585 2015 1652 qui
2045 1584 2159 1638 haec
2191 1585 2381 1653 habes,
2414 1595 2472 1639 ut
2508 1586 2575 1641 iis
2602 1602 2735 1656 quos
2757 1586 2941 1643 oderis
2974 1589 3125 1643 utilis
3159 1590 3255 1655 sis,
3288 1606 3352 1645 eo
3386 1593 3505 1661 ipso

1929 1674 2072 1742 quod
2102 1675 2228 1747 odio
2260 1689 2355 1730 eos
2386 1676 2668 1741 habueris,
2711 1672 2936 1749 accepta
2970 1679 3108 1734 bene
3139 1680 3221 1735 eis
3262 1680 3500 1737 laciendl

1918 1753 2215 1834 potestate,
2246 1765 2341 1819 Dei
2373 1766 2580 1820 scilicet
2608 1768 2817 1837 amicus
2849 1766 3045 1823 factus.

240 1862 401 1915 κέναι
436 1858 744 1931 παρρησίαν
769 1856 1166 1927 ἀναλαμϐάνων
1191 1856 1327 1927 πρὸς
1356 1856 1416 1909 τὸ
1444 1857 1749 1926 εὐεργετεῖν
1784 1858 2001 1921 αὐτοὺς,
2035 1856 2185 1926 φίλος
2214 1855 2504 1927 γενόμενος
2528 1856 2668 1927 Θεῷ,

316 1950 470 2020 ’Δμα
518 1949 576 2002 δὲ
630 1950 725 2002 καὶ
776 1949 1191 2020 ὑπομιμνῄσκω
1248 1947 1343 2001 τοῦ
1409 1948 1705 2020 εὐξαμένου
1756 1950 1814 2003 ὲν
1845 1962 1888 2016 Β

241 2038 523 2108 Πνεύματι
556 2039 684 2107 περὶ
708 2037 911 2091 τέκνων
942 2038 1231 2109 μαρτύρων
1272 2036 1361 2090 διὰ
1388 2038 1485 2108 τὴν
1518 2040 1653 2109 πρὸς
1691 2039 1823 2093 Θεὸν

239 2128 466 2195 ἀγάπην
528 2127 706 2180 αὐτῶν
781 2126 1323 2197 καταλελειμμένων,
1367 2130 1462 2180 καὶ
1520 2130 1818 2199 φήσαντος·

247 2237 265 2268 ι
299 2218 661 2288 Περιποίησαι
714 2217 841 2280 τοὺς
903 2218 1053 2279 υἱοὺς
1113 2218 1223 2271 τῶν
1287 2209 1817 2288 τεθανατωμένων.»

239 2306 417 2359 Μόνον
451 2304 509 2359 δὲ
537 2304 665 2369 ίσθι,
702 2304 923 2365 (ἧς.ιού
951 2305 1021 2357 τὰ
1044 2303 1211 2358 τέκνα
1251 2305 1350 2375 τῆς
1380 2307 1613 2376 σαρκὸς,
1653 2307 1845 2361 ταῦτα

239 2403 411 2457 τέκνα
448 2400 581 2453 Θεοῦ
602 2418 616 2431 ο
644 2420 663 2452 ι
683 2401 800 2454 ’καὶ
825 2401 908 2453 ὄτι
938 2400 1128 2470 ὥσπερ
1163 2400 1379 2469 λέγεται
1412 2405 1522 2464 τοῖς
1552 2402 1617 2455 ἐκ
1654 2403 1821 2472 σπέρ-

242 2509 416 2564 ματος
452 2490 700 2563 ’Δσραάμ
746 2491 899 2544 τότεο
940 2510 958 2542 ι
989 2487 1119 2544 Οἶδά
1168 2492 1250 2544 ὃτι
1306 2493 1526 2562 σπέρμα
1574 2492 1821 2564 Ἀϐραάμ

233 2584 403 2635 δὲσιτε·
429 2602 449 2635 ι
505 2584 597 2635 καὶ
643 2582 739 2634 τό·
774 2600 791 2632 ι
824 2583 887 2635 Εἰ
931 2582 1096 2636 τέκνα
1144 2581 1237 2635 τοῦ
1290 2582 1537 2652 ’Δὸραάμ
1580 2580 1712 2661 ἦτε,
1753 2584 1821 2636 τὰ

240 2674 385 2743 ἔργα
414 2674 507 2726 τοῦ
543 2672 792 2743 Ἀϐραὰμ
837 2674 1095 2726 ἐποιεῖτε·
1126 2692 1144 2724 ι
1175 2672 1316 2726 οὕτω
1345 2676 1438 2727 καὶ
1471 2677 1583 2738 τοῖς
1613 2675 1821 2739 τέκνοις

240 2779 343 2815 σου
371 2762 715 2832 λεχθήσεται·
752 2760 901 2827 Οἶδα,
932 2764 1014 2816 ὅτι
1046 2764 1265 2833 σπέρμα
1302 2763 1623 2833 Ἀμϐροσίου
1659 2765 1781 2817 ἐστέ
1803 2782 1815 2795 ’

237 2852 343 2904 καὶ
366 2853 459 2904 τό“
487 2853 551 2903 Εί
576 2852 741 2905 τέκνα
772 2851 864 2904 τοῦ
901 2852 1225 2922 Ἀμόροσίου
1258 2853 1403 2913 ἐστὲ,
1430 2855 1526 2904 καὶ⁵
1560 2852 1696 2923 ἔργα
1726 2853 1819 2905 τοῦ

252 2940 581 3010 Ἀμόροσίου
642 2942 879 2993 ποιεῖτε·
933 2941 1028 2993 καὶ
1087 2941 1226 3010 τάχα
1284 2941 1601 3011 ποιήσουσι,
1652 2941 1820 3003 πλείω

238 3031 580 3099 ὦφελοῦντός
619 3048 711 3083 σου
738 3030 934 3093 αὐτοὺς
967 3030 1104 3101 μετὰ
1145 3031 1245 3100 τὴν
1276 3020 1528 3099 τοιαύτην
1570 3026 1746 3092 ἔξοδον
1783 3031 1816 3101 ἢ

239 3124 293 3174 εί
340 3121 647 3192 παρέμενες
687 3121 1068 3184 αύτοίςτΤότε
1098 3121 1207 3191 γάρ
1235 3124 1329 3180 καὶ
1384 3120 1818 3192 ὲπιστημονικώ-

2000 1948 2092 2004 '58.
2154 1947 2333 2003 Simul
2375 1947 2493 2015 ejus
2518 1958 2794 2004 memento
2840 1951 2933 2020 qui
2965 1952 3154 2007 orabat
3192 1951 3250 2007 in
3300 1953 3506 2023 Spiritu

1928 2054 2026 2108 pro
2073 2049 2373 2109 martyrum
2428 2040 2555 2097 [iliis
2601 2055 2739 2109 quos
2784 2041 2860 2095 illi
2922 2058 3023 2111 pro
3072 2058 3173 2098 suo
3218 2045 3269 2097 in
3333 2045 3503 2099 Deum

1925 2144 2111 2184 amore
2160 2130 2554 2199 reliquissent,
2597 2140 2653 2184 et
2707 2132 2920 2185 diccbat
2964 2149 2979 2186 :
3030 2151 3048 2184 ι
3085 2132 3315 2188 Posside
3360 2135 3501 2189 lilios

1926 2220 2369 2274 mortilicatorum
2397 2202 2459 2274 ¹⁶’.
2484 2238 2504 2271 ι
2546 2220 2723 2275 Unum
2769 2230 2953 2275 autem
2999 2223 3103 2276 hoc
3152 2223 3310 2289 scito,
3346 2242 3365 2274 ι
3394 2240 3503 2279 non

1923 2310 2016 2379 qui
2052 2312 2143 2364 tllii
2175 2321 2300 2371 sunt
2335 2311 2540 2375 carnis,
2572 2312 2671 2365 hos
2694 2325 2817 2366 esse
2850 2312 2987 2367 ﬁlios
3013 2313 3107 2366 Dei
3135 2314 3200 2378 ";
3227 2332 3247 2365 ι
3281 2322 3336 2367 et
3361 2316 3503 2370 sicut

1926 2410 2049 2454 tunc
2074 2401 2274 2455 dicitur
2305 2399 2372 2454 ad
2402 2415 2498 2454 eos
2525 2401 2616 2469 qui
2661 2401 2729 2455 de
2769 2402 2978 2456 semine
3007 2404 3279 2458 Abraham
3324 2415 3452 2460 sunt
3479 2423 3493 2459 :

1927 2509 1946 2541 ι
1976 2492 2103 2546 Scio
2150 2491 2283 2560 quia
2331 2506 2517 2546 semen
2570 2492 2804 2547 Abrahae
2854 2493 3015 2555 estis,
3044 2513 3061 2546 ι
3113 2504 3210 2549 et:
3250 2514 3269 2548 ι
3300 2496 3358 2550 Si
3407 2496 3501 2550 lilii

1919 2583 2151 2637 Abrahae
2176 2584 2392 2647 essetis,
2420 2597 2582 2651 opera
2621 2583 2857 2637 Abrahae
2886 2583 3139 2640 faceretis
3162 2586 3207 2618 “'
3232 2605 3245 2639 :
3276 2606 3296 2639 ι
3331 2589 3413 2643 sic
3448 2598 3506 2643 ct

1912 2672 2048 2727 liliis
2092 2673 2201 2727 tuis
2251 2672 2455 2726 dictum
2502 2672 2761 2729 iri:Scio
2821 2674 2947 2742 quia
2999 2689 3181 2730 semen
3231 2678 3503 2732 Ambrosii

1921 2766 2075 2830 esus,
2103 2773 2157 2819 et
2186 2765 2230 2819 si
2262 2764 2358 2819 lilii
2388 2764 2661 2819 Ambrosii
2698 2762 2865 2829 estis,
2894 2779 3057 2834 opera
3113 2768 3389 2823 Ambrosii
3425 2769 3504 2821 ia-

1921 2854 2068 2907 cile:
2099 2863 2155 2908 et
2195 2842 2434 2908 fortasse
2475 2853 2711 2919 facient,
2753 2855 2874 2923 plus
2918 2870 2949 2908 a
2985 2864 3039 2909 te
3068 2866 3191 2923 post
3233 2858 3499 2926 ejusmodi

1919 2944 2219 2998 discessum
2267 2938 2505 3012 adjuvaii
2536 2958 2701 3012 quam
2732 2945 2779 2997 si
2821 2958 2942 2997 cum
2980 2945 3083 2998 illis
3116 2947 3497 3001 remansisses.

1920 3030 2072 3087 Scies
2097 3035 2244 3086 enim
2274 3043 2405 3087 tunc
2436 3033 2629 3088 melius
2672 3034 2944 3103 quomodo
2981 3034 3235 3101 diligendi
3282 3035 3412 3101 sint,
3440 3046 3496 3089 et

1926 3122 2251 3191 prudentius
2277 3136 2375 3191 pro
2406 3122 2516 3176 illis
2537 3123 2744 3185 orabis,
2774 3122 2823 3176 si
2850 3124 3171 3192 cognoveris
3205 3124 3342 3178 lilios
3373 3133 3495 3178 tuos

238 3230 404 3283 τερον
432 3213 567 3265 αὐτά
595 3213 923 3283 ἀγαπήσεις,
958 3213 1053 3266 καὶ
1088 3212 1447 3283 συνετώτερον
1480 3212 1607 3283 περὶ
1640 3211 1817 3271 αὐτῶν

1926 3226 2062 3277 esse,
2078 3226 2196 3267 .non
2230 3227 2417 3267 semen
2449 3221 2681 3266 tantum.
2706 3212 2841 3266 Illud
2871 3228 3015 3267 nunc
3046 3215 3098 3268 in
3130 3229 3224 3269 ore
3258 3214 3493 3271 habeto:

239 3303 400 3376 εὔξῃ,
433 3304 525 3356 ἐὰν
557 3303 754 3375 μάθῃς,
784 3304 865 3356 ὅτι
896 3303 1061 3356 τέκνα
1094 3319 1186 3355 σου
1214 3303 1350 3367 ἐστὶ,
1379 3304 1473 3355 καὶ
1507 3302 1567 3355 ού
1600 3303 1819 3373 σπέρμα

1928 3320 1947 3354 ι
1977 3303 2079 3369 Qui
2110 3310 2256 3355 amat
2287 3301 2455 3355 lilium
2483 3312 2575 3355 aut
2605 3301 2767 3354 ﬁliam
2796 3302 3099 3371 plusquam
3134 3318 3239 3367 me,
3272 3319 3377 3358 non
3407 3317 3491 3358 est

244 3395 433 3464 μόνον.
495 3394 623 3445 Ἀνά
669 3395 842 3464 στόμα
891 3392 987 3447 νῦν
1032 3393 1122 3463 ἔχε
1145 3392 1237 3445 τό’
1275 3410 1295 3442 ι
1338 3391 1395 3445 '0
1443 3393 1611 3460 φιλῶν
1648 3393 1823 3463 υἱδνῆ

240 3484 523 3553 θυγατέρα
574 3485 713 3554 ὑπὲρ
751 3484 854 3553 ἐμὲ
902 3483 1003 3537 οὐκ
1045 3483 1160 3536 ἐστι
1194 3501 1292 3553 μου
1326 3481 1504 3565 άξιοςβ
1536 3501 1556 3535 ι
1590 3485 1685 3536 καὶ
1730 3483 1820 3535 τό’

246 3595 268 3626 ι
314 3576 373 3629 '0
400 3573 572 3646 εὑρὼν
615 3575 712 3645 τὴν
742 3573 919 3645 ψυχὴν
946 3573 1109 3626 αὑτοῦ
1161 3574 1413 3627 ἀπολέσει
1441 3574 1609 3643 αὐτήν
1629 3590 1642 3603 ·
1676 3574 1768 3625 καὶ
1799 3575 1827 3624 ό

1924 3408 2012 3447 me
2035 3392 2283 3462 dignus.»
2311 3390 2413 3445 Et:
2440 3409 2460 3443 ι
2489 3384 2591 3457 Qui
2616 3393 2823 3447 invenit
2846 3394 3082 3447 animam
3108 3409 3283 3462 suam,
3313 3397 3500 3465 perdet

1924 3493 2177 3550 cam,«et
2215 3484 2306 3552 qui
2361 3482 2660 3554 perdiderit
2727 3484 2963 3538 animam
3014 3500 3204 3551 suam,
3258 3486 3498 3541 inveniet

1923 3586 2043 3623 cam
2068 3569 2131 3624 ".
2159 3589 2177 3621 ι

237 3666 517 3729 ἀπολέσας
562 3665 661 3734 τὴν
712 3664 892 3737 ψυχὴν
947 3663 1112 3717 αὑτοῦ
1173 3664 1358 3717 ἕνεκεν
1411 3662 1544 3733 ἐμοῦ
1597 3664 1817 3733 εὑρήσει
1846 3662 2033 3731 αὑτήν.
2067 3670 2091 3713 ι

322 3760 495 3812 Τόπον
537 3757 625 3810 διά
657 3757 755 3827 τῆς
787 3758 866 3819 είς
911 3755 973 3808 τδ
1011 3755 1305 3826 μαρτύριον
1354 3754 1659 3826 προθυμίας
1703 3755 1822 3808 δότε
1885 3754 1890 3758 ’

241 3850 330 3922 τῷ
372 3850 466 3903 τοῦ
512 3850 725 3920 Πατρὸς
755 3848 907 3919 ὑμῶν
958 3848 1260 3917 Πνεύματι,
1301 3845 1548 3899 λαλοῦντι
1589 3849 1698 3909 τοῖς
1736 3845 1824 3897 διά

242 3940 561 3994 θεοσέόειαν
616 3937 1016 4010 παραδοθείσιν.
1056 3936 1181 3989 Ἐὰν
1227 3936 1405 4005 εἰδῆτε
1456 3934 1680 3995 ἑαυτοὺς
1733 3951 1825 4003 μι-

242 4031 564 4100 σουμένους,
595 4029 689 4082 καὶ⁵
724 4028 1061 4097 βδελυκτοὺς,
1094 4027 1188 4079 καὶ
1237 4025 1451 4085 ἀσεϐεῖς
1484 4020 1622 4075 εἶναι
1670 4040 1824 4091 νομι-

240 4120 537 4189 ζομένους,
573 4119 696 4171 τότε
742 4117 1036 4172 ἀναλάϐετε
1065 4118 1157 4169 τό·
1196 4134 1215 4166 ι
1241 4114 1340 4167 Διά
1368 4114 1525 4166 τοῦτο
1558 4115 1586 4165 ὁ
1619 4114 1821 4181 κόσμος

241 4212 393 4279 ὑμᾶς
428 4212 593 4279 μισεῖ,
623 4210 704 4261 ὅτι
746 4209 846 4260 οὐκ
874 4207 995 4258 ἐστὲ
1043 4208 1107 4258 ὲκ
1135 4204 1231 4257 τοῦ
1263 4204 1468 4273 κόσμου
1507 4203 1728 4255 τούτου·
1766 4204 1815 4254 εί

238 4299 356 4369 γὰρ
393 4293 490 4367 ἦτε
518 4298 583 4349 ὲκ
613 4295 705 4347 τοῦ
746 4295 952 4363 κόσμου
983 4292 1191 4355 τούτου,
1222 4293 1250 4343 ὁ
1279 4291 1478 4361 κόσμος
1504 4290 1568 4343 ἂν
1602 4290 1660 4341 τὸ
1690 4290 1817 4343 ἴδιον

238 4391 439 4459 ἐφίλει.
468 4410 486 4440 ι
524 4388 757 4451 Πολλοὺς
801 4388 1133 4455 ὀνειδισμοὺς
1165 4385 1253 4438 διὰ
1285 4387 1517 4457 Χριστὸν
1550 4386 1643 4438 καὶ
1688 4386 1817 4439 πολ-

237 4482 374 4543 λοὺς
406 4480 699 4543 κινδύνους,
744 4478 803 4542 ἐξ
838 4471 899 4530 οὗ
932 4476 1346 4541 πεπιστεύκατε,
1395 4477 1816 4548 ὑπομείναντες,

238 4554 355 4633 ἕως
403 4568 589 4632 τέλους
626 4571 684 4623 ὲν
725 4567 804 4637 τῷ
856 4569 1146 4639 ὑπομένειν
1196 4569 1536 4640 προκόψατε·
1583 4590 1601 4620 ι
1633 4572 1753 4623 Ὅτι
1790 4572 1819 4622 ὁ

242 4661 548 4730 ὑπομείνας
576 4661 655 4721 είς
696 4658 875 4723 τέλος,
912 4653 1068 4722 οὗτος
1114 4659 1435 4730 σωθήσεται.
1462 4679 1481 4709 ι
1522 4661 1685 4721 Ἵστε,
1719 4660 1818 4718 ὅτι,

2002 3753 2091 3807 59.
2133 3750 2325 3806 Vestra
2358 3752 2424 3806 ad
2454 3751 2776 3820 martyrium
2824 3752 3105 3807 alacritate
3150 3754 3325 3809 locum
3375 3758 3497 3811 date

1932 3842 2162 3910 Spiritui
2214 3841 2392 3895 Patris
2438 3842 2607 3894 vestri
2651 3842 2743 3908 qui
2796 3841 3032 3910 loquitur
3083 3844 3148 3899 iis
3196 3847 3285 3914 qui
3334 3847 3499 3917 300

1936 3941 2157 4000 propter
2182 3931 2497 3998 religionem
2533 3931 2838 3985 traduntur.
2875 3932 2931 3985 Si
2965 3934 3207 3989 videritis
3244 3951 3341 3990 vos
3371 3942 3496 3992 odio

1928 4031 1983 4075 et
2032 4022 2432 4076 abominationi
2485 4037 2632 4086 esse,
2682 4032 2753 4089 et
2786 4024 2979 4090 impios
3044 4028 3317 4095 reputari,
3370 4039 3498 4084 tunc

1933 4112 2063 4166 illud
2105 4112 2360 4181 suscipite
2392 4131 2405 4167 :
2450 4131 2469 4164 ι
2500 4113 2791 4182 Propterea
2822 4117 2937 4169 odit
2970 4131 3066 4169 vos
3107 4120 3336 4173 mundus
3369 4122 3495 4185 quia

1926 4204 1992 4256 de
2032 4202 2232 4256 mundo
2284 4217 2389 4255 non
2439 4201 2603 4267 estis;
2639 4203 2685 4257 si
2735 4205 2877 4258 enim
2929 4206 2994 4259 de
3030 4210 3230 4261 llllllldO
3278 4212 3491 4273 essetis,

1932 4289 2193 4347 mundus
2222 4293 2365 4361 quod
2401 4309 2559 4347 suum
2610 4304 2694 4347 est
2736 4295 2983 4364 diligeret
3005 4299 3070 4349 ³ο.
3105 4316 3123 4346 ι
3157 4298 3336 4352 Multis
3378 4300 3491 4367 jaiu

1926 4384 2277 4438 contumeliis
2318 4396 2537 4453 propter
2562 4384 2859 4448 Christum,
2893 4388 3072 4439 multis
3124 4388 3380 4451 periculis
3416 4399 3497 4441 to-

1929 4474 2139 4535 leratis,
2167 4490 2230 4527 ex
2264 4490 2373 4542 quo
2424 4477 2757 4538 credidistis,
2804 4490 2970 4541 usque
3000 4476 3066 4527 ad
3100 4475 3255 4529 finem
3306 4495 3492 4546 perse-

1932 4575 2183 4618 verantes
2214 4565 2265 4615 in
2301 4564 2555 4629 patientia
2598 4565 2845 4630 proﬁcite
2883 4580 2896 4615 :
2936 4581 2954 4613 ι
2984 4564 3085 4629 Qui
3119 4566 3263 4618 enim
3310 4583 3494 4635 persc-

1931 4653 2204 4705 voraverit
2239 4652 2289 4704 in
2329 4652 2511 4715 ﬁnem,
2542 4651 2630 4705 hic
2659 4653 2843 4707 salvus
2872 4655 3065 4707 erit“.
3092 4674 3109 4706 ›
3147 4657 3315 4711 Scitis
3351 4659 3493 4727 quod

243 4715 394 4803 κατά
436 4715 799 4821 τὸν-Πέτροψ
897 4715 1311 4817 Ἀγαλλιάσεσθε
1343 4748 1519 4815 ὀλίγον
1566 4715 1725 4817 ἄρτι,
1774 4715 1822 4798 εί

1927 4743 2118 4797 Petrus
2150 4744 2261 4796 ait:
2299 4761 2317 4793 ι
2348 4742 2698 4797 Exsultabitis
2742 4745 3009 4799 modicum
3051 4761 3212 4808 nunc,
3244 4750 3287 4800 si
3328 4764 3490 4814 opor-
3536 4774 3553 4777 -

241 4838 366 4892 δέον
395 4840 531 4901 ἐστὶ,
577 4838 918 4917 λυπηθέντες
938 4840 997 4891 ὲν
1043 4836 1304 4898 ποικίλοις
1352 4839 1701 4905 πειρασμοῖς,
1734 4835 1819 4885 ἶνα

242 4928 310 4981 τὸ
355 4927 598 4997 δοκίμιον
641 4927 798 4997 ἡμῶν
839 4927 939 4997 τῆς
996 4927 1259 4987 πίστεως,
1310 4925 1442 4976 πολὺ
1497 4922 1821 4995 τιμιώτερον

241 5018 472 5088 χρυσίου
516 5017 610 5068 τοῦ
670 5015 1071 5084 ἀπολλυμένου,
1121 5015 1212 5067 καὶ
1256 5014 1345 5066 διὰ
1400 5014 1566 5083 πυρὸς
1618 5014 1821 5066 δεδοκι-

249 5107 553 5179 μασμένου,
583 5107 777 5177 εὑρεθῇ
809 5109 889 5169 εἰς
937 5106 1155 5159 ἔπαινον
1196 5104 1289 5157 atati.
1333 5102 1486 5165 δόξαν
1519 5106 1613 5156 καὶ
1656 5104 1820 5173 τιμὴν

241 5202 307 5251 ιν
354 5196 694 5265 ἀποκαλύψει
741 5196 914 5265 Ἰησοῦ
960 5195 1215 5267 Χριστοῦ.
1245 5215 1263 5245 ι
1310 5194 1466 5246 Ἀλλά
1498 5196 1558 5245 τὸ
1603 5213 1620 5243 ι
1648 5194 1821 5262 λυπη-

244 5291 436 5351 θέντες
466 5306 485 5336 ι
520 5286 641 5339 ἀντὶ
671 5285 765 5339 τοῦ
800 5305 818 5336 ι
848 5289 1178 5358 πονήσαντες
1207 5307 1225 5337 ι
1269 5286 1561 5339 ἀκούσατεο
1612 5284 1686 5346 ὡς
1732 5285 1824 5352 δῆ-

241 5382 340 5435 λον
380 5380 475 5433 καὶ
506 5378 571 5430 ὲκ
602 5374 726 5429 τοῦ·
762 5396 781 5427 ι
816 5379 904 5430 Ἐν
948 5377 1145 5441 λύπαις
1175 5377 1304 5449 τέξῃ
1350 5376 1529 5427 τέκνα.
1562 5394 1579 5423 ι
1612 5376 1686 5425 Οὐ
1717 5376 1824 5447 γὰρ

246 5472 469 5532 πάντως
495 5471 551 5521 ὲν
577 5467 722 5540 λύπῃ
744 5468 822 5538 τῷ
844 5468 1005 5522 πάθει
1033 5469 1203 5521 τίκτει
1235 5467 1390 5535 γυνὴ,
1416 5464 1548 5517 ἀλλά
1577 5466 1632 5515 ὲν
1658 5466 1821 5535 πόνῳ.

251 5582 274 5613 ι
298 5561 390 5631 Μὴ
418 5560 667 5627 ἀγαπᾶτε
692 5558 822 5630 γὰρ,
854 5561 1007 5629 φησὶ,
1036 5560 1125 5611 τὸν
1154 5559 1373 5627 κόσμον,
1407 5556 1536 5627 μηδὲ
1562 5557 1629 5609 τὰ
1659 5559 1713 5607 ὲν
1746 5558 1823 5626 τῷ

243 5653 459 5723 κόσμῳ.
502 5650 627 5704 Ἐάν
670 5668 754 5712 τις
799 5650 987 5721 ἀγαπᾷ
1031 5651 1120 5702 τὸν
1174 5650 1401 5718 κόσμον,
1447 5648 1545 5701 οὐκ
1596 5648 1740 5701 ἐστιν
1787 5650 1825 5711 ἡ

324 5794 370 5824 ¹⁸
392 5791 548 5844 Joan.
574 5797 674 5851 ιιι,
702 5789 794 5846 ‘25.
874 5790 918 5820 “
942 5787 1086 5842 Psal.
1116 5803 1317 5841 Lxmn
1339 5830 1353 5854 ,
1388 5789 1472 5840 Η.

246 5864 293 5897 ²⁰
324 5862 487 5919 Joau.
536 5876 627 5927 xv,
675 5860 760 5914 i9.

1566 5788 1606 5818 "
1633 5788 1789 5840 Rom.
1824 5804 1873 5840 ιχ
1898 5826 1913 5849 ,
1952 5787 2006 5838 8.

852 5859 896 5891 ¹¹
937 5858 1129 5916 Matth.
1160 5874 1216 5925 χ,
1241 5852 1453 5941 ἳὲζίη
1484 5858 1501 5909 1
1538 5857 1651 5911 l’ct.
1686 5874 1719 5921 ι,
1750 5858 1801 5919 (5,
1846 5856 1896 5907 7.
1972 5855 2017 5896 ³³
2053 5852 2190 5905 Gen.
2242 5868 2299 5904 ιιι
2328 5855 2455 5917 ,,16.

1930 4842 2025 4899 tet,
2056 4834 2363 4887 contristari
2410 4835 2463 4887 in
2502 4835 2667 4888 variis
2706 4838 3113 4899 tentationibus,
3150 4847 3205 4888 ut
3240 4840 3491 4905 probatio

1928 4934 2117 4977 vestra:
2165 4923 2285 4977 lidei
2322 4924 2487 4979 multo
2537 4928 2821 4993 pretiosior
2873 4942 3004 4978 auro
3054 4927 3195 4992 quod
3248 4928 3388 4993 perit
3440 4940 3491 4981 ct

1927 5029 2021 5081 per
2055 5014 2229 5081 ignem
2264 5014 2541 5082 probatur,
2580 5017 2884 5069 inveniatur
2916 5016 2967 5067 in
3018 5016 3230 5069 laudem
3266 5028 3321 5070 et
3372 5021 3491 5088 glu-

1929 5104 2059 5156 riam
2090 5113 2143 5158 et
2192 5105 2449 5158 honorem
2488 5105 2539 5157 in
2590 5104 2917 5157 revelatione
2964 5103 3087 5157 Iesu
3135 5106 3339 5161 Christi
3370 5112 3433 5163 ¹¹.
3467 5130 3485 5161 ι

1924 5192 2027 5247 Sed
2083 5213 2101 5243 ι
2133 5195 2441 5247 contristari
2474 5214 2493 5244 ι
2550 5208 2647 5261 pro
2688 5190 2730 5241 ἰ
2764 5192 3008 5246 laborare
3040 5213 3058 5243 ›
3114 5198 3380 5263 accipite,
3432 5215 3489 5253 ιιι

1923 5284 2084 5337 etiam
2113 5300 2175 5337 cx
2212 5284 2305 5336 illo
2337 5281 2677 5335 manifestum
2724 5292 2848 5335 est:
2886 5300 2907 5333 ι
2953 5283 3009 5335 In
3060 5287 3278 5340 tristitia
3317 5291 3491 5357 paries

1926 5374 2147 5427 lilios".
2177 5394 2194 5424 ι
2241 5372 2353 5425 Non
2403 5373 2547 5426 enim
2600 5372 2822 5426 omnino
2855 5373 2905 5425 in
2961 5375 3095 5427 tristi
3156 5378 3361 5431 doloris
3405 5381 3486 5431 af-

1927 5463 2067 5517 fectu
2097 5465 2238 5532 parit
2280 5462 2492 5526 mulier,
2532 5462 2626 5514 sed
2652 5462 2717 5515 .in
2764 5462 2967 5517 labore.
3006 5483 3022 5513 ι
3047 5465 3241 5527 Nolite,
3278 5469 3484 5535 inquit,

1931 5557 2153 5625 diligere
2186 5555 2473 5613 mundum,
2523 5567 2696 5621 neque
2723 5568 2784 5607 ea
2834 5570 2951 5621 qua:
3001 5556 3052 5605 in
3106 5558 3305 5608 mundo
3338 5569 3483 5610 sunt.

1932 5648 1988 5701 Si
2026 5648 2145 5715 quis
2183 5644 2354 5711 diligit
2391 5644 2671 5710 mundum,
2702 5658 2805 5696 non
2837 5655 2922 5696 est
2958 5645 3194 5697 Charitas
3228 5646 3403 5699 Patris
3434 5648 3487 5701 iu

2103 5782 2144 5812 “‘
2175 5782 2329 5835 Joau.
2361 5799 2483 5844 uti,
2508 5782 2595 5848 57,
2630 5782 2719 5835 59.
2828 5784 2868 5814 ¹⁹
2904 5782 3087 5835 Matlh.
3133 5798 3184 5849 χ,
3216 5782 3284 5833 57
3307 5791 3362 5837 et
3391 5780 3478 5836 39.
