4132 6314
707 403 846 456 615’

703 603 910 655 scentia
943 603 1125 653 carnis
1167 610 1254 654 est
1285 609 1339 654 ct
1384 601 1834 669 concupiscentia
1887 603 2170 655 oculorum
2221 613 2274 654 et

702 691 953 758 superbia
982 691 1126 754 vite,
1152 706 1272 759 qua:
1301 706 1404 744 non
1431 702 1512 745 est
1542 707 1608 745 ex
1641 690 1821 754 Patre,
1853 693 1945 744 sed
1978 707 2041 744 cx
2076 693 2274 745 mundo

701 795 806 835 est.
842 783 906 835 Et
935 781 1163 835 mundus
1197 782 1417 845 transit,
1448 791 1504 835 et
1528 781 1964 849 concupiscentia
2009 781 2126 848 eius
2153 781 2219 836 “.
2249 800 2266 832 ι

701 874 879 926 Nolite
909 875 1070 940 igitur
1103 889 1166 926 ea
1203 873 1428 942 diligere
1467 887 1593 940 quae
1637 881 1938 935 transeunt,
1980 872 2074 924 sed
2115 872 2275 924 facite

699 966 1034 1018 voluntatem
1068 965 1183 1028 Dei,
1212 973 1269 1016 ιιι
1298 965 1445 1032 digni
1478 965 1598 1017 sitis
1628 979 1792 1015 unum
1833 961 1945 1015 lieri
1978 977 2102 1016 cum
2137 961 2272 1014 Filio

700 1067 756 1109 et
790 1057 949 1110 Patre
990 1063 1044 1108 et
1076 1056 1277 1123 Spiritu
1316 1063 1506 1108 sancto
1531 1052 1681 1120 juxta
1719 1051 2018 1104 Salvatoris
2052 1067 2271 1128 precem

701 1147 965 1199 dicentis:
1001 1164 1019 1195 ι
1052 1147 1208 1198 Sicut
1241 1160 1342 1213 ego
1375 1155 1429 1197 et
1463 1147 1516 1198 tu
1549 1159 1710 1196 unum
1751 1158 1964 1204 sumus,
2000 1151 2058 1194 ut
2085 1153 2140 1196 et
2172 1144 2273 1210 ipsi

699 1237 754 1290 in
787 1237 1139 1304 nobisununt
1181 1236 1288 1288 sint
1313 1237 1380 1286 ’³.
1410 1255 1428 1285 ι
1461 1226 1605 1299 Quot
1650 1248 1779 1286 vero
1824 1235 1936 1286 dies
1971 1233 2273 1286 lucrabitur

700 1328 750 1380 is
779 1328 866 1397 qui
897 1327 1055 1378 dilexi
1084 1326 1154 1378 rit
1185 1327 1449 1377 mundum
1479 1335 1530 1377 et
1561 1338 1621 1375 ea
1655 1340 1775 1391 qua:
1808 1324 1860 1377 in
1895 1323 2096 1375 mundo
2127 1333 2267 1383 sunt,

702 1421 1054 1485 animamque
1082 1418 1360 1485 propriam
1389 1417 1584 1469 danmo
1614 1415 1926 1476 aﬂecerit'ct
1959 1416 2270 1479 perdiderit,

666 1509 1208 1576 conscientiamque
1257 1506 1652 1561 circumtulerit
1700 1507 2000 1574 negationis
2069 1507 2272 1558 scelere

699 1600 845 1668 quod
885 1599 1066 1661 quovis
1123 1612 1290 1653 onere
1321 1598 1543 1666 gravius
1573 1605 1673 1660 est,
1704 1597 2053 1663 oppressam?
2087 1596 2273 1649 Menti-

699 1692 942 1744 nerimus
980 1689 1176 1759 singuli
1209 1691 1426 1757 quoties
1461 1697 1636 1741 morte
1669 1689 1876 1754 vulgari
1927 1689 2148 1741 interire
2179 1703 2272 1753 pe-

698 1781 917 1834 riclitati
950 1779 1151 1842 simus;
1186 1778 1594 1844 cogitemusque
1625 1791 1748 1826 num
1782 1775 1920 1828 forte
1953 1776 2119 1828 simus
2147 1775 2268 1827 ideo

2151 385 2475 444 ORIGENIS

613 548 617 551 -
707 527 799 575 eo;
841 510 1094 578 quoniam
1137 524 1297 564 omne
1333 512 1476 580 quod
1520 519 1602 564 est
1655 511 1707 563 in
1755 512 1974 578 mundo,
2007 511 2266 580 'concupL

2377 507 2561 576 ἀγάπη
2608 505 2700 557 τοῦ
2753 504 2962 573 Πατρὸς
3026 505 3083 555 ἐν
3132 501 3309 570 αὐτῷ·
3363 502 3446 554 ὅτι
3503 503 3611 554 πᾶν
3656 501 3718 554 τὸ
3761 503 3819 555 ιν
3870 501 3958 574 τῷ

3843 383 3954 441 6'6

2378 597 2586 666 κόσμῳ,
2629 598 2660 665 ἡ
2705 593 2967 663 ἐπιθυμία
3012 595 3108 662 τῆς
3143 593 3361 664 σαρκὸς,
3397 594 3493 644 καὶ
3535 590 3801 659 ἐπιθυμία
3840 590 3955 645 τῶν

2375 682 2684 752 ὀφθαλμῶν,
2716 683 2810 734 καὶ
2858 685 2890 751 ὴ
2926 679 3212 742 ἀλαζονεία
3253 678 3346 730 τοῦ
3398 679 3512 748 βίου
3549 679 3650 731 οὑκ
3695 679 3855 759 ἐστιν,
3886 679 3953 731 εκ

2374 773 2466 823 τοῦ
2503 772 2736 842 Πατρὸς,
2772 771 2884 822 ἀλλ’
2912 773 2976 822 ὲκ
3002 770 3094 822 τοῦ
3127 771 3331 838 κόσμου
3376 771 3511 821 ἐστί.
3548 770 3658 836 καὶ
3685 770 3715 820 ὁ
3749 769 3954 837 κόσμος

2321 870 2326 873 ’
2377 864 2680 932 παράγεται
2721 864 2876 932 καὶὴ
2923 861 3208 934 ἐπιθυμία.
3241 881 3259 912 ›
3313 864 3404 931 Μὴ
3449 858 3542 914 οὖν
3591 862 3840 928 ἀγαπᾶτε
3883 859 3955 911 τὰ

2375 950 2749 1021 παραγόμενα,
2796 951 2949 1012 ἀλλὰ,
2984 951 3264 1012 ποιοῦντες
3315 951 3373 1002 τὸ
3403 947 3623 1019 θέλημα
3665 949 3759 1002 τοῦ
3792 948 3953 1010 Θεοῦ,

2375 1041 2510 1106 ἄξιοι
2561 1043 2777 1109 γίνεσθε
2808 1042 2901 1094 τοῦ
2938 1043 2996 1095 ἓν
3044 1044 3297 1111 γενέσθαι
3341 1043 3459 1113 ἅμα
3494 1045 3615 1115 Υἱῷ
3639 1046 3734 1096 καὶ
3777 1045 3953 1115 Πατρὶ

2375 1136 2468 1186 καὶ
2503 1135 2640 1204 ἁγίῳ
2678 1135 2982 1204 Πνεύματι,
3028 1136 3169 1190 κατὰ
3215 1121 3476 1204 τὴν-τού,
3506 1137 3756 1208 Σωτῆρος
3786 1139 3955 1206 εὐχὴν

2374 1222 2648 1290 λέγοντος·
2691 1241 2709 1272 ι
2770 1224 2839 1284 Ως
2873 1222 2983 1290 ἐγὼ
3015 1225 3106 1275 καὶ
3144 1226 3208 1276 σὺ
3241 1224 3300 1276 ἓν
3328 1226 3516 1294 ἐσμεν,
3542 1226 3630 1276 ῖνα
3663 1227 3759 1277 καὶ
3800 1228 3954 1279 αὐτοὶ

2373 1316 2430 1364 ὲν
2458 1315 2586 1383 ἡμῖν
2614 1312 2671 1364 ἓν
2687 1308 2751 1364 ὧς
2773 1332 2808 1364 ι.
2840 1332 2858 1362 ι
2888 1313 3065 1384 ΠόσαΙς
3085 1315 3142 1366 δὲ
3177 1315 3269 1366 καὶ
3303 1316 3515 1384 ἡμέρας
3549 1315 3665 1366 ἐστι
3689 1315 3954 1385 κερδῆσαι.

2373 1404 2738 1472 ἀγαπήσαντα
2774 1403 2863 1454 τὸν
2901 1402 3101 1471 κόσμον
3126 1398 3158 1468 ἢ
3195 1403 3263 1454 τὰ
3301 1404 3357 1453 ὲν
3386 1402 3464 1470 τῷ
3491 1405 3704 1472 κόσμῳ,
3734 1405 3826 1456 καὶ
3853 1402 3957 1474 τὴν

2373 1492 2565 1545 ἑαυτοῦ
2599 1492 2774 1562 ψυχὴ-ο
2818 1492 3179 1562 ζημιούμενον
3213 1493 3246 1562 ἢ
3283 1492 3611 1556 ἀπολλύντα,
3653 1495 3745 1545 καὶ
3797 1509 3954 1564 περι-

2373 1583 2603 1653 φέροντα
2637 1582 2872 1644 συνειδὸς
2905 1582 3238 1653 βαρούμενον
3273 1584 3411 1652 ὑπὲρ
3441 1585 3657 1654 φορτίον
3688 1582 3825 1654 βαρὺ
3857 1582 3955 1637 καὶ

2371 1674 2477 1725 ὑπὸ
2510 1674 2609 1744 τῆς
2645 1674 2926 1743 ἀρνήσεως
2966 1672 3290 1741 πτώματος;
3330 1672 3800 1744 Ὗπομνησθῶμεν
3827 1673 3955 1726 ἐκα-

2374 1782 2518 1828 στος,
2571 1767 2762 1826 ὁσάκις
2809 1764 3106 1816 ἀποθανεῖν
3155 1764 3246 1816 τὸν
3293 1763 3472 1815 κοινὸν
3523 1763 3751 1817 θάνατον
3804 1766 3952 1818 ὲκινο

700 1873 901 1924 servati
945 1879 1003 1924 ut
1029 1869 1253 1940 pr0prio
1286 1865 1550 1938 sanguine
1580 1866 1746 1917 abluti
1777 1875 1829 1919 et
1858 1866 2004 1918 omni
2049 1876 2266 1932 peccato

2370 1855 2611 1917 δύνευσε,
2660 1857 2753 1920 καὶ
2799 1854 3175 1924 λογισώμεθα,
3218 1855 3429 1924 μήποτε
3488 1854 3577 1906 διὰ
3620 1853 3779 1906 τοῦτο
3825 1857 3954 1925 ἐτη-

701 1961 945 2014 mundati
993 1963 1134 2028 ap'td
1178 1962 1400 2015 cmlcste
1434 1961 1603 2012 altare
1631 1973 1752 2012 cum
1807 1957 1874 2009 iis
1905 1957 1993 2025 qui
2026 1956 2272 2009 similiter

699 2037 1048 2114 certaverint,
1080 2068 1494 2107 conversemur.

770 2325 859 2380 ιο.
901 2326 1055 2392 Quod
1085 2327 1132 2380 si
1171 2326 1293 2393 quis
1335 2342 1530 2396 magno
1559 2328 1681 2380 vitae
1717 2341 1902 2380 amore
1945 2326 2124 2378 victus
2175 2329 2268 2376 aut

701 2419 946 2471 laborum
995 2417 1356 2484 impatientia,
1392 2427 1488 2470 aut
1520 2417 1862 2471 sermonibus
1903 2416 1993 2484 qui
2033 2424 2156 2482 apte
2200 2414 2267 2466 ad

698 2507 1129 2577 persuadendum
1180 2509 1470 2562 videantur
1513 2508 1580 2560 ab
1642 2507 1708 2561 iis
1754 2506 1858 2559 dici
1908 2506 1998 2574 qui
2051 2519 2150 2558 nos
2199 2501 2268 2555 ad

701 2598 969 2652 deteriora
1000 2608 1265 2651 conantur
1299 2599 1579 2664 inducere,
1621 2613 1787 2651 unum
1833 2599 1996 2650 Deum
2043 2594 2270 2664 ejusque

700 2689 973 2742 Christum
1011 2688 1326 2756 negaverit,
1375 2686 1656 2741 confessus
1705 2697 1886 2741 autem
1939 2686 2104 2741 fuerit
2156 2687 2266 2740 da:-

702 2781 878 2834 monia
907 2788 1000 2833 aut
1043 2779 1311 2842 fortunas,
1343 2778 1481 2832 scito
1513 2777 1688 2842 illum,
1721 2779 1811 2845 qui
1845 2785 2000 2845 parat
2036 2776 2266 2830 dremoni

702 2885 946 2924 mensam
970 2879 1025 2923 et
1073 2870 1302 2924 fortuna;
1339 2870 1521 2922 viuum
1555 2871 1777 2934 miscet,
1831 2870 2117 2937 reliquisse
2159 2869 2267 2922 Du-

700 2961 934 3025 tninum,
961 2969 1163 3014 etcum
1205 2963 1406 3017 montis
1439 2962 1615 3016 sancti
1659 2961 1778 3030 ejus
1822 2962 2020 3016 oblitus
2050 2962 2140 3026 sit,
2178 2976 2267 3015 re-

700 3052 1050 3118 prehensioni
1085 3053 1160 3106 illi
1193 3051 1504 3118 'suhjectum
1543 3053 1607 3106 iri
1638 3069 1800 3121 quam
1847 3053 2016 3108 Isaias
2051 3054 2270 3123 scripsit

2374 1945 2638 2017 ρήθημεν,
2684 1947 2788 2001 ἵνα.
2835 1946 3228 2015 βαπτισάμενοι
3261 1944 3340 2014 τῷ
3371 1945 3582 1998 ἑαυτῶν
3615 1946 3808 2015 αἵματι
3859 1946 3955 1999 καὶ

2370 2035 2800 2106 ἀπολουσάμενιι
2850 2038 3031 2088 πᾶσαν
3079 2035 3373 2105 ἁμαρτίαν,
3411 2036 3561 2106 παρὰ
3601 2035 3679 2105 τῷ
3703 2039 3760 2088 ὲν
3789 2037 3955 2108 ούρα-

2370 2127 2479 2186 νοῐς
2510 2123 2880 2195 θυσιαστηρίῳ
2918 2125 3017 2186 τὰς
3049 2123 3330 2193 διατριϐὰς
3371 2124 3511 2194 μετά
3549 2124 3659 2178 τῶν
3707 2141 3954 2193 συναγω-

2297 2239 2300 2242 <
2369 2214 2675 2284 νισαμένων
2702 2213 3078 2284 ποιησώμεθα.

2440 2327 2503 2378 Εἰ
2529 2325 2585 2378 δέ
2616 2342 2700 2388 τις
2731 2326 2912 2388 ἐνδοὺς
2940 2327 3047 2380 ἀπὸ
3077 2325 3275 2396 πολλῆς
3305 2325 3600 2394 φιλοζωῖας
3628 2327 3662 2394 ἢ
3690 2325 3790 2395 τῆς
3815 2325 3957 2394 πρὸς

2369 2415 2494 2478 τοὺς
2535 2415 2729 2478 πόνους
2763 2416 3054 2487 μαλακίας,
3086 2416 3118 2486 ἢ
3149 2416 3257 2468 τῶν
3289 2415 3659 2485 νομιζομένων
3704 2413 3954 2476 πιθανῶς

2371 2505 2738 2577 προσάγεσθαι
2789 2508 2892 2560 ὑπὸ
2941 2507 3048 2560 τῶν
3095 2507 3500 2561 ἀναπειθόντων
3552 2508 3698 2576 ἡμᾶς
3741 2507 3832 2558 ἐπὶ
3886 2506 3958 2558 τὰ

2370 2598 2621 2669 χείρονα,
2667 2583 2960 2669 ἀρνησαιτο
3001 2597 3098 2666 μὲν
3144 2599 3205 2650 τὸ
3238 2594 3374 2649 εἶναι
3418 2598 3512 2650 ἕνα
3543 2597 3675 2649 Θεὸν
3719 2597 3815 2649 καὶ
3860 2594 3948 2649 τδι.

2369 2689 2604 2760 Χριστὸν
2649 2687 2836 2754 αὐτοῦ,
2887 2690 3218 2758 ὁμολογήσαι
3266 2688 3323 2739 δὲ
3369 2688 3620 2757 δαιμόνια
3666 2689 3700 2757 ἢ
3747 2687 3948 2758 τύχας·

2373 2777 2522 2843 ἵστω,
2554 2779 2635 2831 ὅτι
2679 2771 2864 2841 οὗτις,
2912 2779 3216 2848 ἑτοιμάζων
3255 2777 3332 2848 τῷ
3385 2778 3604 2848 δαίμονι
3650 2776 3951 2849 τράπεζαν,

2369 2869 2463 2922 καὶ
2495 2869 2717 2939 πληρῶν
2742 2873 2792 2938 τῇ
2837 2868 2977 2941 τύχῃ
3015 2871 3298 2940 κέρασμα,
3341 2869 3669 2938 ἐγκατέλιπε
3706 2870 3918 2940 Κύριαν
3940 2888 3955 2900 ·

2369 2960 2463 3013 καὶ
2494 2959 2799 3013 ὲπιλανθαν(
2817 2977 2974 3029 μενος
3000 2959 3093 3012 τοῦ
3122 2961 3280 3030 ὅρους
3307 2960 3420 3031 (40)
3443 2959 3537 3013 τοῦ
3567 2960 3727 3028 ἁγίου
3757 2960 3957 3024 αὑτοῦ,

2367 3049 2575 3114 τούτοις
2604 3054 2716 3113 τοῖς
2748 3050 2987 3120 ἐλέγχοις
3020 3051 3386 3114 ὑποκείσεται,
3419 3050 3514 3115 οὒς
3561 3050 3788 3113 Ἡσαΐας
3831 3051 3959 3106 τοῦ·

700 3142 755 3195 in
794 3144 936 3197 hunc
970 3144 1228 3197 modum:
1268 3163 1286 3194 ι
1312 3143 1418 3196 Vos
1449 3153 1634 3200 autem
1662 3144 2150 3215 qui-dereliquistis
2183 3161 2266 3201 me

2367 3157 2458 3194 τον
2488 3141 2578 3195 τὸν
2617 3142 2806 3211 τρόποι
2853 3143 3159 3212 ἀνέγραψε·
3198 3161 3216 3192 ι
3260 3143 3450 3211 Ὑμεῖς
3480 3143 3537 3195 δὲ
3569 3144 3618 3195 οἱ
3666 3144 3961 3210 ἐγκαταλι-

699 3241 753 3283 et
791 3231 942 3284 obliti
985 3231 1118 3284 estis
1167 3218 1369 3284 montis
1415 3232 1589 3286 sancti
1633 3232 1773 3297 mei,
1813 3240 1867 3287 et
1911 3235 2112 3302 paratis
2157 3235 2269 3289 dae-

695 3321 846 3374 moni
893 3335 1162 3384 mensam,
1191 3329 1246 3374 et
1281 3321 1518 3390 impletis
1550 3321 1777 3376 lortunze
1818 3324 2120 3393 potionem;
2168 3339 2269 3393 ego

697 3410 857 3480 301
889 3411 1096 3464 tradam
1125 3425 1220 3467 vos
1253 3412 1307 3466 in
1335 3412 1609 3482 gladium;
1638 3427 1826 3466 omnes
1862 3415 1913 3466 in
1947 3414 2271 3474 mactatioae

699 3501 924 3566 cadetis,
952 3503 1080 3570 quia
1129 3502 1322 3556 vocavi
1357 3517 1454 3557 vos
1486 3511 1541 3558 et
1578 3519 1682 3556 non
1713 3504 2004 3570 obedistis;
2058 3506 2268 3560 locutus

700 3605 842 3656 sum,
899 3600 956 3670 et
999 3594 1431 3661 con.empsistis,
1463 3603 1518 3647 et
1546 3593 1752 3649 fecistis
1803 3595 2000 3649 malum
2036 3597 2088 3649 in
2137 3610 2269 3650 con-

699 3690 886 3748 spectu
921 3691 1148 3745 meo,”
1199 3697 1318 3752 qua:
1373 3685 1620 3739 nolebam
1658 3684 1918 3750 elegistis.
1982 3685 2270 3754 Propterea

699 3771 815 3824 haec
842 3771 973 3825 dicit
1001 3772 1265 3827 Dominus
1296 3791 1309 3827 :
1344 3773 1486 3829 Ecce
1515 3776 1606 3842 qui
1640 3775 1884 3830 serviunt
1933 3777 2063 3830 mihi
2109 3790 2267 3829 man-

700 3857 1002 3924 ducabunt;
1034 3875 1131 3915 vos
1156 3848 1644 3928 autem-esuriens;
1695 3879 1824 3918 ecce
1877 3867 1966 3934 qui
2023 3868 2268 3921 serviunt

702 3949 833 4002 mihi
863 3949 1232 4019 laetabuntur;
1269 3969 1367 4009 vos
1420 3964 1599 4009 autem
1622 4015 1627 4020 η
1653 3957 2089 4024 conhtndemini;
2122 3973 2269 4031 ecce

699 4040 789 4109 qui
817 4043 1060 4096 serviunt
1091 4045 1220 4098 mihi
1253 4046 1600 4100 exsultabunt
1626 4047 1676 4099 in
1710 4047 1912 4111 lmtitiu,
1952 4063 2045 4102 vos
2086 4057 2264 4102 autem

633 4177 635 4179 .
700 4129 1006 4194 clamabitis
1039 4141 1261 4200 propter
1287 4134 1527 4188 dolorem
1567 4134 1772 4197 cordis,
1799 4143 1852 4187 et
1888 4143 2108 4203 propter
2132 4149 2261 4188 cono

701 4218 976 4273 tritionem
1010 4222 1235 4288 spiritus
1271 4224 1570 4281 ululabilis.
1603 4223 1938 4290 Relinquetis
1983 4225 2126 4277 enim
2171 4241 2266 4276 no—

700 4323 821 4363 men
852 4325 1030 4363 meum
1065 4311 1112 4364 in
1145 4315 1487 4369 saturitatem
1527 4315 1716 4370 electis
1758 4315 1926 4381 meis;
1959 4329 2051 4367 vos
2087 4323 2263 4368 autem

701 4399 1004 4453 interﬁciet'
1059 4401 1395 4458 Duninus".
1445 4424 1462 4457 ι
1499 4405 1605 4459 Sed
1639 4405 1684 4458 si
1724 4404 2084 4473 intelligentes
2145 4420 2263 4473 quae

2373 3231 2563 3294 πόντες
2609 3248 2676 3300 με
2727 3232 2808 3283 καῖ
2873 3231 3352 3300 ἐπιλανθανόμενοι
3405 3231 3467 3284 τὸ
3518 3232 3645 3302 ὅρος
3692 3233 3752 3284 τὺ
3797 3235 3961 3302 ἅγιόν

2374 3337 2498 3389 μου,
2547 3321 2640 3373 καὶ
2686 3320 3063 3386 ὲτοιμάζοντες
3112 3321 3188 3391 τῷ
3231 3321 3444 3391 δαίμονι
3499 3322 3800 3394 τράπεζαν,
3860 3325 3963 3378 καὶ

2372 3411 2702 3482 πληροῦντες
2740 3413 2804 3481 τῇ
2834 3415 2973 3497 τύχη
3016 3413 3284 3486 κέρασμα,
3316 3409 3427 3474 ἐγὼ
3459 3412 3768 3481 παραίιὼσω
3808 3414 3962 3483 ὑμᾶς

2368 3503 2447 3563 είς
2482 3500 2774 3571 μάχαιραν.
2813 3501 3016 3563 Πάντες
3055 3502 3112 3552 ὲν
3150 3503 3329 3570 σφαγῇ
3374 3500 3658 3552 πεσεῖσθε·
3706 3501 3786 3554 ὅτι
3825 3503 3962 3556 ἑκά-

2368 3593 2498 3644 λεσα
2525 3593 2687 3661 ὑμᾶς,
2718 3591 2808 3644 καὶ
2835 3592 2933 3660 οὑχ
2972 3591 3315 3662 ὑπηκούσατε
3337 3607 3351 3620 ·
3385 3590 3640 3660 ἐλάλησα,
3685 3593 3781 3644 καὶ
3807 3609 3961 3664 παρ.

2369 3680 2657 3749 ηκούσατε·
2705 3681 2798 3733 καὶ
2843 3682 3131 3751 ἐποιήσατε
3160 3682 3221 3733 τὸ
3265 3682 3501 3751 πονηρὸν
3535 3681 3771 3736 ἐναντίον
3939 3699 3955 3714 ·

2368 3771 2463 3822 καὶ
2493 3769 2530 3823 ά
2556 3770 2657 3823 οὑκ
2690 3770 2802 3822 ὲϐοι
2825 3771 2985 3841 κόμην
3015 3771 3348 3837 ἐξελέξασθε.
3381 3770 3480 3825 Διά
3515 3772 3674 3824 τοῦτο
3703 3773 3833 3826 τάδε
3866 3773 3957 3828 λέ-

2367 3876 2452 3928 γει
2472 3859 2692 3931 Κύριος⁸
2731 3861 2859 3913 Ἰδοὺ
2889 3863 2936 3913 ol
2973 3861 3311 3924 δουλεύοντες
3347 3878 3437 3932 μοι
3465 3861 3751 3929 φάγονται·
3793 3862 3958 3933 ὑμεῖς

2366 3952 2423 4004 δὲ
2469 3952 2771 4005 πεινάσετε.
2823 3951 2944 4004 Ἰδοὺ
2969 3954 3018 4003 οἱ
3043 3951 3379 4013 δουλεύοντες
3422 3968 3512 4020 μοι
3546 3951 3956 4023 εὐφρανθήσον-

2367 4059 2482 4095 ται·
2542 4042 2700 4111 ὑμεῖς
2752 4041 2806 4093 δὲ
2855 4041 3298 4112 αἰσχυνθήσεσθε.
3358 4041 3486 4095 Ἰδοὺ
3526 4045 3574 4093 οί
3612 4041 3956 4106 ὸουλεύοντὲς

2371 4150 2458 4202 μοι
2508 4131 2800 4199 ἀγαλλιάσο
2833 4148 2920 4182 ται
2955 4134 3012 4183 ὲν
3043 4130 3382 4202 εὐφροσύνῃ·
3414 4131 3604 4199 ’ὑμεῖς
3643 4131 3701 4183 δὲ
3745 4133 3953 4204 κεκράο

2367 4219 2521 4286 ξεσθε
2554 4219 2640 4271 διὰ
2668 4219 2756 4270 τὸν
2785 4235 2800 4250 ν
2828 4217 2941 4270 όνον
2976 4219 3072 4288 τῆς
3111 4217 3335 4287 καρδίας
3353 4259 3367 4281 ν
3407 4219 3501 4270 καὶ
3524 4218 3632 4270 ἀπὸ
3659 4221 3954 4291 συντρίδῆς

2367 4311 2670 4381 πνεύματος
2731 4310 2799 4360 ὀλι
2823 4309 3004 4374 λύξετε
3028 4327 3040 4338 ·
3097 4308 3448 4376 καταλείψετε
3511 4309 3620 4380 γὰρ
3669 4309 3732 4363 τὸ
3782 4312 3954 4382 δνομά

2371 4419 2468 4470 μου
2515 4404 2594 4464 εἰς
2651 4400 2964 4468 πλησμονὴν
3019 4402 3130 4460 τοῖς
3192 4397 3466 4461 ἐκλεκτοῖς
3508 4415 3639 4467 μου·
3689 4399 3836 4470 ὑμᾶς
3893 4399 3952 4455 ἃ

700 4487 770 4541 sit
801 4502 984 4543 mensa
1014 4489 1249 4558 Domini,
1293 4495 1582 4563 participes
1631 4495 1748 4563 ejus
1774 4509 1892 4547 esse
1919 4494 2158 4552 velimus,
2201 4493 2261 4544 il-

2367 4495 2539 4547 ἀνελεῖ
2569 4493 2787 4564 Κύριος.
2823 4513 2841 4545 ι
2882 4493 3038 4545 Ἀλλὰ
3068 4495 3162 4544 καὶ
3184 4491 3341 4560 εἴπερ
3370 4491 3634 4556 νοοῦντες,
3666 4469 3754 4555 τίς
3781 4495 3816 4564 ἡ
3855 4492 3950 4547 τοῦ

700 4578 788 4630 lud
814 4595 1024 4646 quoque
1079 4584 1384 4637 noverimus
1423 4602 1436 4637 :
1473 4603 1491 4634 ι
1531 4586 1642 4638 Νοιι
1678 4585 1898 4652 potestis
1925 4599 2121 4637 mensae
2155 4583 2260 4634 Do-

700 4669 1165 4738 tnianarticipes
1219 4686 1361 4737 esse,
1397 4683 1448 4726 et
1495 4689 1690 4727 mensae
1739 4663 2197 4727 dannOniorum".
2237 4691 2254 4724 ι

698 4758 830 4824 Quis
859 4770 1034 4814 autem
1055 4761 1224 4813 lilium
1261 4762 1480 4815 tonitrui
1533 4762 1788 4816 Joannem
1817 4765 2041 4817 audiens
2071 4765 2256 4816 dicen-

701 4859 805 4902 tem
837 4867 852 4903 :
895 4869 914 4902 ι
950 4852 1139 4905 Omnis
1173 4851 1264 4918 qui
1317 4859 1476 4918 negat
1519 4851 1737 4913 Filium,
1787 4864 1882 4905 nec
1915 4852 2124 4905 Patrem
2159 4856 2255 4906 ιω.

700 4940 820 5004 bet;
852 4941 941 5006 qui
962 4940 1252 4993 conﬁtetur
1275 4940 1492 5004 Filium,
1521 4939 1798 4994 etPatreut
1829 4942 1985 4993 habet
2006 4942 2050 4972 ’³
2070 4982 2085 5006 ,
2117 4961 2134 4992 ι
2158 4946 2261 4994 non

701 5026 947 5081 formidet
979 5043 1038 5081 se
1074 5026 1435 5082 Christianum
1479 5044 1582 5082 non
1618 5043 1736 5081 esse
1770 5030 1948 5081 dicere
1974 5039 2029 5080 et
2065 5042 2261 5094 negare

699 5115 913 5180 Filium,
945 5125 1001 5170 ut
1040 5118 1187 5170 illum
1224 5122 1472 5187 negando
1498 5133 1596 5173 nec
1626 5118 1840 5171 Patrem
1866 5120 2092 5172 habeat?
2126 5119 2256 5183 Quis

698 5209 875 5277 potius
893 5211 1014 5261 κιιοιι
1065 5219 1274 5276 quaret
1301 5220 1355 5262 et
1389 5210 1642 5278 operibus
1683 5220 1735 5261 et
1790 5211 1971 5263 verbis
2009 5225 2067 5262 se
2095 5208 2252 5262 Cari-

767 5404 809 5433 "'
842 5401 1033 5454 lJoan.
1066 5419 1131 5458 ιι.
1162 5403 1248 5466 l5,
1288 5403 1484 5465 16,17.
1561 5404 1603 5433 ’⁵
1637 5401 1788 5456 Joan.
1827 5420 1956 5466 xm,
1992 5404 2081 5468 2|,
2115 5402 2208 5455 9.2.

768 5574 900 5640 (40)
953 5573 1062 5627 Τοῦ
1132 5574 1326 5641 ὄρους.
1380 5577 1614 5646 Legebat
1670 5580 2021 5642 Wetstenius,
2121 5578 2247 5639 τοὺς

729 5665 756 5690 Γ»
792 5664 798 5676 ¹
827 5663 874 5694 ρ.

693 5665 736 5716 0⁸
905 5713 1220 5780 Νοοῦι·τες,
1256 5715 1342 5778 τίς
1374 5715 1410 5780 ἡ
1445 5715 1549 5768 τοῦ
1588 5717 1803 5782 Kvplcv
1833 5716 2099 5784 τράπεζα.
2130 5718 2259 5772 Vde

2294 5405 2340 5436 ²⁶
2362 5406 2484 5459 lsai.
2514 5421 2634 5470 uv,
2667 5406 2854 5460 11-15.
2932 5409 2976 5437 ’⁷
3002 5407 3163 5464 ICur.
3195 5421 3255 5472 x,
3282 5409 3373 5462 21.

2365 4585 2567 4655 Κυρίου
2614 4585 2860 4654 τράπεα
2910 4583 3042 4653 (41),
3099 4584 3344 4653 μετέχειν
3396 4583 3568 4652 αὐτῆς
3621 4583 3947 4654 βουλόμεθα,

2363 4675 2716 4747 γινώσκωμεν
2749 4677 2828 4738 τὸ,
2861 4694 2878 4724 ι
2915 4675 2985 4726 Ub
3015 4673 3241 4726 δύνασθε
3266 4672 3468 4743 Κυρίου
3507 4672 3787 4744 τραπέζης
3821 4691 3950 4743 μετ-

2360 4747 2524 4834 έχειν,
2565 4766 2659 4816 καὶ
2689 4763 2962 4834 τραπέζης
3001 4763 3308 4832 δαιμονίων.
3347 4781 3366 4812 ι
3393 4762 3491 4824 Τίς
3513 4763 3569 4813 δὲ
3589 4763 3830 4825 ἀκούσας
3853 4763 3947 4817 τοῦ

2360 4851 2464 4923 τῆς
2493 4854 2718 4924 βροντῆς
2753 4853 2866 4905 υἱοῦ
2919 4855 3164 4906 Ἰωάννου
3187 4853 3430 4920 λέγοντο;
3450 4869 3464 4882 ·
3504 4871 3521 4903 ι
3564 4854 3678 4915 Πᾶς
3698 4856 3726 4905 6
3752 4854 3949 4925 ἀρνού-

2366 4962 2523 5012 μενος
2547 4944 2647 4998 θεὸν
2678 4944 2803 4996 Υίὸν
2858 4944 2978 4996 οὑδὲ
3018 4943 3108 4996 τὸν
3147 4943 3368 5014 Πατέρα
3427 4943 3569 5013 ἔχει·
3613 4946 3641 4995 ό
3670 4943 3728 4994 δὲ
3755 4945 3947 5012 ὁμολο-

2360 5033 2471 5100 γῶν
2501 5033 2591 5084 τὸν
2625 5034 2753 5086 re»
2789 5034 2881 5084 καὶ
2915 5035 3005 5085 τὸν
3038 5034 3256 5104 Πατέρα
3302 5033 3413 5103 ἔχει
3440 5051 3453 5063 ·
3494 5053 3512 5084 ι
3547 5035 3609 5086 οὐ
3639 5034 3948 5106 (poenam-

2359 5140 2448 5173 ται
2478 5123 2563 5174 διὰ
2590 5123 2682 5174 τοῦ
2727 5123 2903 5189 λέγειν
2940 5123 3013 5192 μὴ
3049 5118 3185 5176 εἶναι
3221 5124 3563 5192 Χριστιανὸς,
3604 5127 3945 5195 ἀρνήσασθαι

2358 5212 2447 5263 τὸν
2481 5214 2625 5276 Υίὸν,
2673 5216 2728 5265 ὲν
2752 5213 2828 5282 τῷ
2861 5211 3142 5282 ἀρνεῖσθαι
3190 5214 3371 5279 αὑτὸν,
3413 5215 3512 5285 οὑχ
3545 5216 3679 5281 ἕξων
3709 5217 3803 5270 τὸν
3827 5219 3942 5271 Πα-

3451 5408 3496 5439 ⁸⁸
3523 5409 3544 5462 ι
3567 5408 3726 5462 Joan.
3757 5423 3822 5470 ιι,
3853 5408 3943 5464 2⁵3.

2355 5579 2637 5659 Origenem
2671 5581 2766 5659 lib.
2791 5652 2801 5659 _
2826 5598 2940 5659 vni,
2977 5583 3175 5637 Contra
3210 5583 3456 5659 Celsum}
3494 5600 3648 5659 nuru.
3688 5587 3798 5659 ει.
3851 5591 3942 5659 2:3,

2357 5652 2443 5700 ubi
2481 5662 2667 5721 contra
2700 5652 3118 5721 idolothytornm
3159 5669 3333 5716 csum,
3368 5654 3544 5721 locum
3579 5656 3772 5709 l’aulil
3809 5652 3943 5720 ουτζ

2370 5734 2486 5782 \lll,
2519 5720 2754 5786 pluribus
2781 5719 2963 5797 urget...
2988 5724 3085 5776 Adi
3117 5723 3356 5792 ejusdem
3395 5719 3487 5774 lib.
3528 5739 3676 5775 nutu.
3703 5727 3800 5782 30.
