4080 6306
175 466 304 524 633
1296 449 1742 509 EXHORTATIO
1770 449 1862 503 AD
1897 445 2338 504 MARTYNUM.
3338 452 3443 508 555

48 575 88 646 νδ
180 586 537 661 πειρασμοῦ,
560 587 648 640 ὅτε
673 587 704 639 δ
738 583 836 656 μὲν
862 583 952 637 ἐπὶ
982 580 1052 635 τὰ
1079 579 1328 652 πετρώδη
1362 577 1590 647 σπαρεὶς
1619 576 1761 643 ἐλέγ-

1877 572 2083 626 lmlatio
2133 579 2189 625 et
2240 570 2551 639 persecutio
2596 578 2820 639 pr0pter
2845 570 3091 635 verbum,
3123 577 3181 623 et
3226 577 3439 639 tempus

65 666 80 696 τ
133 682 376 750 ﬁxerat,
414 678 511 732 καὶ
543 679 592 731 οί
626 672 699 747 μὴ
733 673 1153 746 ὲμϐαθύναντες,
1195 671 1328 742 μηδὲ
1361 669 1520 741 μέχρι
1553 667 1645 722 τοῦ
1680 667 1761 737 βά.

1882 678 2090 734 magna:
2129 661 2445 717 tentationis
2491 661 2678 728 instat,
2705 677 2814 730 quo
2853 662 3106 743 arguitur
3157 664 3248 732 qui
3278 679 3442 742 super

51 757 80 786 ἶ·
137 753 328 842 ξθους
363 769 473 839 τῆς
522 767 700 840 ψυχῆς
743 763 1170 837 παραδεξάμενοι
1213 763 1306 815 τὸν
1357 760 1579 830 Ἰησοῦν.
1623 761 1683 812 '0
1719 760 1761 812 δὲ

1872 765 2093 825 petrosa
2126 754 2428 810 seminatus
2465 763 2574 818 est,
2607 763 2662 808 et
2690 753 2788 822 qui
2813 754 3112 822 profundas
3163 771 3269 808 non
3314 770 3442 822 ege-

62 875 64 877 '
151 843 412 922 ’συνιεὶς
438 859 529 912 τὸν
558 858 714 926 λόγον
741 857 1099 927 καρποφορεῖ,
1127 853 1222 906 καὶ
1251 853 1467 922 κατέχει
1499 852 1589 905 τὸν
1619 851 1775 920 λόγον

185 953 368 1024 μέχρι
399 953 588 1015 τέλους
629 953 686 1003 ὲν
722 951 969 1021 ὑπομονῇ
1019 947 1186 1002 ποιῶν
1233 946 1769 1025 ἑκατονταπλασίονα.
1808 982 1809 985 η

52 1037 60 1044 ’
155 1087 162 1113 ι
195 1043 511 1114 Ἀκούομεν
543 1041 652 1117 γὰρ
692 1043 814 1096 τίνα
853 1040 1050 1112 τρόπον
1081 1043 1115 1111 ή
1154 1035 1347 1111 Γραφὴ
1381 1041 1619 1113 παριστᾷ
1648 1039 1774 1100 τοὺς

48 1129 52 1155 ³
117 1140 122 1145 ’
185 1133 305 1202 μὲν
345 1135 405 1185 ὲν
434 1133 610 1204 καιρῷ
651 1131 881 1202 Θλίψεως
917 1132 951 1202 ἢ
984 1130 1221 1201 διωγμοῦ
1262 1129 1774 1200 σκανδαλιζομένους

186 1227 344 1295 μετὰ
368 1225 431 1277 τὸ
456 1229 515 1280 ὲν
546 1229 689 1299 χαρᾷ
711 1226 885 1280 δοκεῖν
921 1225 1314 1296 παρειληφέναι
1341 1224 1408 1278 τὰ
1440 1226 1570 1294 ἅγια
1600 1223 1775 1294 μαθή-

182 1334 368 1386 ματα,
409 1318 504 1370 καὶ
544 1316 1059 1388 σκανδαλιζομὲνους
1097 1317 1172 1387 τῷ
1203 1317 1276 1387 μὴ
1306 1317 1444 1386 ἔχειν
1471 1318 1665 1378 αὐτοὺς
1693 1316 1774 1386 ῥί-

181 1405 320 1470 ζαν,
347 1405 482 1459 ἀλλὰ
513 1398 650 1477 πρὸς
677 1406 863 1475 καιρὸν
884 1404 1176 1458 πιστεύειν.
1204 1404 1340 1474 Φησὶ
1370 1403 1479 1476 γὰρ
1505 1403 1645 1456 κατὰ
1675 1403 1771 1473 μὲν

169 1495 286 1547 ’τὸν
323 1494 600 1549 Ματθαῖον
620 1513 632 1524 ·
669 1514 698 1546 ιη
724 1495 791 1551 ,⁸0
825 1495 880 1548 δὲ
911 1494 1002 1547 ἐπὶ
1028 1492 1097 1546 τὰ
1135 1493 1383 1564 πετρώδη
1413 1480 1659 1566 σπαρεὶς,
1690 1487 1774 1546 οῦ-

182 1585 291 1649 τός
331 1588 478 1640 ἐστιν
512 1588 541 1639 ὁ
569 1581 853 1654 τὸνλόγον
879 1586 1111 1651 ἀκούων,
1145 1588 1240 1640 καὶ
1270 1585 1472 1650 εὐθέως
1510 1586 1648 1656 μετὰ
1675 1604 1773 1655 χα-

179 1682 302 1753 ρᾶς
337 1680 629 1752 λαμϐάνων
674 1680 868 1734 αὐτόν·
907 1680 1009 1731 οὐκ
1048 1678 1161 1747 ἔχει
1198 1678 1254 1730 δὲ
1294 1677 1448 1748 ῥίζαν
1481 1683 1538 1730 ὲν
1575 1677 1768 1748 ἐαυτῷ,

181 1775 336 1829 ἀλλὰ
359 1774 697 1847 πρόσκαιρός
721 1775 835 1826 ἐστι
858 1789 871 1802 ”
898 1773 1194 1843 γενομένης
1221 1771 1277 1823 δὲ
1308 1771 1537 1839 Θλίψεως
1565 1771 1598 1841 ἦ
1621 1770 1771 1838 διωγ-

186 1867 303 1934 μοῦ
331 1867 419 1920 διὰ
452 1866 544 1918 τὸν
577 1866 756 1932 λόγον,
790 1865 950 1928 εὐθὺς
981 1863 1387 1927 σκανδαλίζεται
1407 1880 1422 1893 ·
1464 1882 1483 1914 ι
1532 1861 1672 1916 κατὰ
1712 1863 1768 1914 δὲ

179 1919 285 2010 τδν
311 1957 538 2027 Μάρκον
556 1973 570 1987 ·
601 1975 619 2006 ι
647 1919 966 2009 δῦτοίείσιν
996 1957 1045 2008 οἱ
1073 1956 1165 2008 ἐπὶ
1190 1919 1265 2008 τί
1280 1954 1524 2025 πετρώδη
1548 1955 1765 2024 σπειρό-
1799 1919 1842 1973 Β

184 2063 380 2118 μενοι·
429 2046 501 2109 οἳ,
553 2046 680 2098 ὅταν
718 2044 989 2098 ἀκούσωσι
1026 2044 1115 2097 τὸν
1155 2044 1330 2113 λόγον,
1377 2043 1578 2102 εὐθέως
1632 2041 1768 2112 μετὰ

182 2140 368 2209 χαρᾶς
392 2137 747 2208 λαμϐάνουσι,
782 2136 879 2190 καὶ
909 2136 1008 2189 οὐκ
1040 2135 1220 2206 έχουσι
1253 2136 1407 2206 ῥίζαν
1437 2137 1495 2187 ὲν
1533 2136 1762 2198 ἑαυτοῖς,

182 2229 329 2281 ἀλλὰ
379 2213 703 2299 πρόσκαιροί
737 2229 904 2279 εἰσιν·
956 2226 1092 2278 ἐπὰν
1122 2225 1418 2296 γενομένης
1459 2209 1687 2295 θλίψεως
1729 2226 1761 2297 ἢ

181 2318 432 2389 διωγμοῦ
479 2317 568 2371 διὰ
613 2317 705 2370 τὸν
741 2317 918 2386 λόγον,
967 2316 1172 2380 εὐθέως.
1216 2317 1681 2381 σκανδαλίζονται·
1739 2336 1759 2368 ι

183 2410 333 2476 κατὰ
363 2409 422 2462 δὲ
453 2409 547 2462 τὸν
572 2410 814 2482 Λοῦκᾶν·
848 2427 865 2459 ι
899 2410 960 2462 Ol
988 2409 1044 2460 δὲ
1070 2409 1163 2462 ἐπὶ
1184 2410 1282 2480 τὴν
1309 2409 1531 2481 πέτραν,
1555 2409 1603 2461 οἳ
1635 2410 1764 2463 ὅταν

179 2500 488 2563 ἀκούσωσι,
520 2499 659 2570 μετὰ
688 2502 861 2570 χαρᾶς
891 2499 1132 2569 δέχονται
1161 2501 1254 2553 τὸν
1284 2499 1436 2569 λόγον
1458 2517 1472 2531 ·
1507 2502 1599 2555 καὶ
1620 2495 1761 2554 οῦτοι

183 2590 350 2661 ῥίζαν
366 2592 470 2643 οὐκ
495 2585 704 2661 ἑκοῦσιν
725 2608 738 2621 ³
767 2591 815 2644 οἳ
844 2591 980 2662 πρὸς
1011 2591 1196 2663 καιρὸν
1225 2591 1553 2654 πιστεύουσι,
1583 2592 1676 2644 καὶ
1704 2594 1761 2645 ὲν

181 2680 366 2755 καιρῷ
422 2683 728 2751 πειρασμοῦ
784 2684 1128 2752 ἀφίστανται.
1180 2702 1200 2735 ι
1249 2684 1385 2755 Περὶ
1428 2683 1536 2735 τῶν
1582 2682 1761 2746 καλῶς

182 2773 697 2842 καρποφορούντων(
713 2774 1056 2836 διδάσκουσα,
1085 2773 1259 2842 λέγει·
1301 2793 1318 2824 ι
1367 2775 1425 2828 '0
1455 2773 1512 2826 δὲ
1544 2776 1636 2828 ἐπὶ
1663 2774 1759 2847 τὴν

183 2861 360 2931 καλὴν
392 2863 496 2931 γῆν
535 2858 972 2934 σπαρεὶςῖ-αοῦτὸς
1002 2867 1147 2918 ἐστιν
1179 2867 1206 2919 ὁ
1234 2864 1326 2919 τὸν
1355 2865 1510 2933 λόγον
1549 2864 1760 2919 ἀκούων

181 2951 282 3003 καὶ
312 2953 535 3014 συνιεὶς,
561 2951 616 3014 ὃς
666 2952 729 3022 δὴ
765 2956 1107 3024 καρποφορεῖ
1131 2955 1224 3008 καὶ
1252 2956 1413 3029 ποιεῖ,
1445 2956 1474 3008 ὁ
1504 2955 1603 3024 μὲν
1639 2957 1760 3008 ἑκα-

179 3044 297 3107 τὸν,
326 3047 356 3098 ὁ
387 3045 446 3098 δὲ
476 3046 760 3117 ἑξήκοντα,
786 3051 814 3101 ὁ
844 3049 899 3101 δὲ
932 3049 1241 3120 τριάκοντα·
1275 3069 1294 3102 ι
1329 3051 1386 3120 ἦ·
1419 3069 1438 3101 ι
1477 3049 1588 3102 Καὶ
1615 3044 1757 3102 οὗτοί

181 3138 326 3190 εἰσιν
367 3137 418 3190 οἱ
461 3137 554 3190 ἐπὶ
583 3136 682 3208 τὴν
711 3137 814 3210 γῆν
854 3139 952 3210 τὴν
984 3141 1154 3211 καλὴν
1200 3141 1518 3212 σπαρέντες,
1565 3142 1757 3204 οἵτινες

1875 855 2002 900 runt
2035 848 2267 913 radices,
2301 863 2401 902 nec
2431 860 2600 916 usque
2643 845 2710 900 ad
2763 846 2964 900 mentis
3016 847 3222 910 intima,
3253 845 3464 900 Jesum,

1873 946 2255 1005 susceperunt.
2289 938 2392 1004 Qui
2425 949 2603 994 autem
2633 937 2885 1007 intelligit
2911 937 3158 1004 verbum,
3198 917 3438 993 fructum

1872 1029 2052 1094 affert,
2085 1038 2140 1084 et
2183 1030 2383 1083 retinet
2421 1031 2644 1084 verbum
2673 1044 2841 1097 usque
2863 1029 2930 1083 ad
2963 1029 3124 1083 finem
3149 1031 3202 1084 in
3230 1030 3440 1098 patien-
3512 1039 3514 1041 '

1874 1123 1971 1187 tia,
2004 1121 2213 1176 faciens
2259 1121 2639 1177 centesimum.
2674 1121 2938 1175 Audimus
2969 1122 3116 1175 enim
3156 1121 3431 1192 quomodo
3483 1123 3488 1129 ’

1871 1214 2154 1284 Scriptura
2185 1213 2340 1268 nobis
2363 1213 2618 1266 exhibeat
2650 1213 2772 1266 illos
2795 1212 2884 1281 qui
2912 1213 2965 1264 in
2989 1221 3234 1281 tempore
3258 1213 3436 1266 tribu-

1870 1303 2091 1358 latiOnis
2137 1311 2190 1357 et
2223 1302 2617 1372 persecutionis
2641 1302 3111 1364 scandalizentur,
3137 1309 3444 1379 postquam

1871 1409 1994 1448 cum
2029 1395 2518 1464 gaudiosanctam
2574 1393 2938 1461 disciplinam,
2971 1394 3279 1461 suscepisse
3332 1392 3434 1447 visi

1870 1495 2029 1548 sunt;
2063 1493 2118 1538 et
2143 1484 2264 1538 ideo
2291 1485 2738 1538 scandalizantur
2759 1484 2902 1553 quod
2929 1485 3168 1538 radicem
3204 1500 3310 1539 non
3337 1484 3436 1539 ba-

1868 1578 2055 1640 beant.
2083 1577 2179 1632 sed
2210 1578 2279 1632 ad
2321 1586 2532 1645 tempus
2556 1577 2803 1632 credant.
2833 1575 2922 1628 Ait
2952 1577 3096 1633 enim
3135 1577 3443 1630 secundum.

1872 1667 2179 1722 Matthteum
2210 1685 2224 1721 :
2253 1685 2274 1718 ι
2304 1668 2405 1733 Qui
2447 1677 2628 1721 autem
2669 1682 2841 1741 super
2865 1676 3083 1736 pctrosa
3132 1665 3436 1723 seminatus

1869 1769 1974 1824 est,
2006 1760 2097 1814 hic
2131 1767 2214 1814 est
2269 1761 2361 1828 qui
2415 1762 2640 1826 verbum
2667 1761 2865 1826 .audit,
2905 1770 2962 1814 et
3008 1760 3268 1814 continuo
3305 1773 3434 1815 cum

1871 1858 2071 1926 gaudio
2097 1857 2296 1926 accipit
2349 1856 2511 1922 illud;
2562 1869 2678 1932 non.
2699 1838 2864 1909 habet
2891 1866 3072 1909 autem
3120 1856 3173 1909 in
3201 1871 3260 1910 se
3287 1855 3452 1910 radi--

1869 1964 2016 2011 cem,
2041 1949 2135 2002 sed
2182 1955 2268 2001 est
2317 1930 2836 2019 temporalisjfacta
2865 1956 3048 2001 autem
3081 1947 3433 2003 tribulatione
3493 1991 3497 1993 -

1868 2050 1921 2092 et
1940 2028 2323 2107 persecutione
2349 2049 2570 2108 propter
2593 2035 2840 2100 verbum,
2868 2027 3129 2106 continuo
3155 2038 3433 2093 scandali-

1868 2131 2107 2183 zatur".
2129 2149 2148 2181 ι
2187 2130 2493 2183 Secundum
2527 2129 2767 2183 Marcum
2795 2145 2811 2182 :
2843 2147 2861 2180 ι
2889 2129 2951 2182 Hi
2980 2139 3106 2184 sunt
3150 2131 3242 2200 qui
3268 2146 3433 2201 super

1867 2233 2080 2291 petrosa
2117 2223 2474 2287 seminantur,
2527 2222 2619 2289 qui
2671 2237 2794 2275 cum
2851 2222 3125 2276 audierint
3176 2224 3428 2288 verbum,

1866 2313 2052 2368 statim
2097 2328 2220 2367 cum
2253 2314 2451 2382 gaudio
2501 2304 2774 2381 accipiunt
2820 2311 2974 2377 illud,
3008 2321 3063 2365 et
3087 2328 3194 2367 nou
3229 2314 3433 2370 habent

1867 2407 2109 2460 radicem
2139 2408 2192 2460 in
2243 2420 2325 2470 se,
2369 2407 2464 2459 scd
2502 2403 2841 2472 temporales
2892 2403 3279 2459 suntsdeinde
3304 2415 3426 2459 ortu

1865 2482 2215 2551 tribulatione
2248 2507 2302 2550 et
2355 2496 2741 2563 persecutione
2767 2503 2992 2562 propter
3018 2495 3267 2562 verbum,
3293 2508 3428 2548 con-

1862 2589 2040 2642 festim
2078 2586 2639 2641 scandalizantur".i
2661 2584 2969 2639 Secundum
2999 2585 3200 2641 Lucam
3225 2604 3240 2639 τ
3261 2585 3426 2642 «Nam

1861 2683 1955 2751 qui
1986 2697 2149 2750 supra
2206 2690 2434 2750 petram,
2463 2679 2553 2747 qui
2586 2693 2707 2733 cum
2737 2677 3012 2731 audierint
3057 2692 3180 2730 cum
3225 2678 3426 2746 gaudio

1863 2775 2164 2841 suscipiunt
2194 2772 2416 2826 verbum
2439 2787 2454 2834 ;
2481 2779 2534 2823 et
2562 2771 2614 2823 1ιί
2648 2770 2856 2822 radices
2907 2783 3013 2821 non
3052 2769 3288 2832 habent;
3329 2768 3424 2836 qui

1862 2860 1928 2912 ad
1965 2871 2177 2927 tempus
2203 2859 2452 2916 credunt.
2479 2865 2532 2909 et
2560 2857 2612 2908 in
2648 2864 2889 2934 tempore
2917 2857 3240 2909 tentatimis
3266 2871 3424 2910 rece-

1859 2952 2078 3006 dunt“.
2110 2971 2130 3004 ι
2167 2950 2242 3004 De
2285 2949 2356 3002 iis
2400 2949 2490 3016 qui
2524 2951 2660 3001 bene
2693 2946 2927 3000 fructum
2957 2946 3192 3000 aﬂerunt
3221 2948 3427 3002 docens

1859 3045 1937 3096 ait
1982 3045 2260 3112 Scriptura
2288 3058 2303 3096 :
2337 3059 2355 3092 ι
2376 3040 2477 3106 Qui
2506 3055 2634 3094 vero
2668 3040 2718 3091 in
2767 3047 2971 3092 terram
3020 3040 3217 3092 bonam
3266 3041 3425 3094 semi-

1861 3148 2020 3191 natus
2068 3145 2178 3199 est,
2225 3135 2313 3188 ltic
2349 3145 2430 3187 est
2465 3137 2553 3200 qui
2587 3132 2738 3184 audit
2793 3131 3039 3196 verbum,
3061 3140 3121 3183 et
3150 3130 3421 3200 intelligit,

182 3227 448 3282 ἀκούουσι
489 3230 582 3282 τὸν
614 3231 770 3298 λόγον
802 3234 895 3286 καὶ
926 3227 1294 3302 ἀπώέχονταῖ,
1344 3235 1436 3286 καὶ
1482 3252 1755 3305 καρποφο-

1861 3237 1912 3281 et
1950 3227 2187 3280 fructum
2227 3223 2403 3286 aﬂ‘crt,
2435 3235 2485 3277 et
2545 3222 2678 3274 facit
2727 3220 2864 3274 alius
2895 3223 3114 3290 quidem
3181 3222 3420 3275 centesi-

185 3317 375 3388 ροῦσιν
398 3317 453 3370 ἓν
473 3320 787 3390 τριάκοντα,
810 3322 902 3373 καὶ
923 3321 978 3374 ἓν
994 3320 1274 3391 ἑξήκοντα,
1292 3323 1382 3374 καὶ
1401 3321 1458 3375 ἓν
1481 3324 1671 3374 έκατὸν
1691 3341 1705 3355 ·
1733 3343 1750 3374 ι

182 3411 243 3480 ἡ·
275 3429 293 3460 ι
333 3409 409 3461 Τὸ
437 3410 494 3461 δὲ
524 3413 604 3472 είς
634 3410 732 3480 τὴν
765 3412 930 3481 καλὴν
960 3413 1084 3481 γῆν,
1112 3406 1256 3465 οὗτοί
1287 3414 1443 3475 εἰσιν,
1476 3414 1668 3476 οἵτινες
1699 3415 1756 3465 ὲν

181 3500 385 3573 καρδίᾳ
417 3499 552 3568 καλῇ
589 3500 682 3551 καὶ
715 3501 890 3572 ἀγαθῇ
926 3501 1252 3564 ἀκούσαντες
1278 3503 1368 3554 τὸν
1393 3503 1567 3570 λόγον,
1600 3504 1757 3555 κατέ-

180 3607 338 3660 χουσι
374 3592 467 3642 καὶ
511 3592 948 3662 καρποφοροῦσιν
979 3593 1035 3645 ὲν
1078 3591 1341 3662 ὑπομονῇ.
1397 3612 1416 3643 ι
1463 3592 1622 3646 Κατὰ
1666 3596 1755 3647 τὸν

167 3747 170 3750 γ
193 3674 520 3744 ζΔπόστολον
545 3673 636 3729 οὖν
660 3678 780 3730 ἐπεὶ
811 3697 828 3728 ι
864 3678 997 3731 Θεοῦ
1023 3678 1309 3750 γεώργιον,
1335 3681 1468 3734 Θεοῦ
1501 3683 1752 3753 οἰκοδομή

179 3762 328 3825 ἔστε,
363 3781 383 3814 ι
406 3764 669 3835 γεώργιον
692 3766 791 3837 μὲν
810 3769 867 3821 ὲν
882 3771 948 3840 τῇ
980 3769 1153 3841 ἀγαθῇ
1189 3773 1280 3841 γῇ,
1322 3773 1574 3844 οἰκοδομὴ
1606 3774 1662 3826 δὲ
1697 3777 1754 3827 ὲν

177 3856 245 3926 τῇ
279 3854 489 3927 πέτρᾳ·
529 3860 605 3922 ὡς
636 3860 890 3931 οἰκοδομὴ
923 3861 1078 3924 Θεοῦ,
1111 3864 1321 3933 στῶμεν
1349 3867 1585 3919 ἄσειστοι
1619 3868 1754 3939 πρὸς

175 3949 270 4002 τὸν
303 3951 550 4021 χειμῶνα
568 3970 591 4026 ἠ
616 3953 710 4005 καὶ
742 3955 816 4018 ὡς
853 3955 986 4007 Θεοῦ
1016 3955 1298 4027 γεώργιον,
1336 3959 1471 4029 μηδὲ
1506 3960 1615 4029 (69.)
1660 3961 1751 4012 τοῦ

178 4042 420 4113 πονηροῦ
458 4040 848 4114 φροντίζωμεν,
884 4048 1020 4116 μήτε
1054 4046 1298 4114 ολίψεως,
1327 4050 1359 4118 ἢ
1387 4050 1623 4118 διωγμοῦ
1647 4050 1752 4102 τῶν

174 4132 266 4185 διὰ
299 4133 392 4185 τὸν
423 4132 583 4205 λόγον
615 4138 931 4204 γινομένων,
970 4138 1106 4206 μήτε
1145 4136 1244 4204 τῆς
1274 4138 1365 4215 τρῦ
1398 4139 1590 4203 αἰῶνος
1626 4141 1751 4193 τού-

173 4240 272 4276 του
301 4224 594 4295 μερίμνης,
628 4225 660 4295 ἦ
695 4227 793 4295 τῆς
824 4227 1037 4294 ἀπάτης
1063 4225 1154 4277 τοῦ
1183 4227 1432 4295 πλούτου,
1465 4230 1497 4300 ἢ
1527 4231 1632 4285 τῶν
1655 4233 1749 4286 τοῦ

177 4314 295 4383 βίου
336 4316 574 4384 ἡδονῶν·
611 4315 744 4368 ἀλλὰ
784 4316 999 4367 πάντων
1030 4316 1231 4368 τούτων
1265 4321 1748 4389 καταφρονοῦντες,

171 4407 236 4458 τδ
277 4407 585 4476 ἀμέριμνον
630 4407 727 4474 τῆς
770 4406 959 4474 σοφίας
996 4407 1212 4476 πνεῦμα
1244 4409 1620 4482 ἀναλάϐωμεν,
1656 4416 1750 4470 καὶ

171 4495 270 4548 ἐπὶ
292 4496 386 4547 τὸν
413 4495 681 4564 μηδαμῶς
706 4495 891 4565 ἔχοντα
913 4499 1126 4569 ἀπάτην
1154 4500 1377 4567 πλοῖα-ην
1410 4506 1745 4576 σπεύδωμεν,

171 4587 269 4639 καὶ
298 4586 392 4638 ἐπὶ
424 4587 544 4648 τὰς,
582 4587 648 4638 ἶν’
685 4586 854 4650 οὕτως
885 4588 1153 4657 ὀνομάσω,
1197 4592 1390 4662 ἡδονὰς
1435 4594 1527 4647 τοῦ
1571 4596 1748 4666 παρα-

165 4678 349 4758 δείσου
395 4678 494 4747 τῆς
525 4676 738 4749 τρυφῆς
774 4679 1152 4749 ἐπειγώμεθα·
1203 4684 1320 4736 καθ’
1363 4686 1589 4755 ἕκαστον
1640 4692 1747 4744 τῶν

167 4767 445 4819 ἐπιπόνων
492 4766 844 4836 λογιζόμενοι,
880 4765 960 4822 ὅτι
1000 4789 1017 4821 ι
1064 4771 1137 4824 Τὸ
1178 4774 1483 4842 παραυτίκα
1521 4777 1752 4847 ἐλαφρὸν

167 4857 273 4924 τῆς
323 4856 559 4925 Θλίψεως
598 4859 753 4928 ἡμῶν
802 4860 923 4914 καθ’
966 4862 1270 4932 ὑπερϐολὴν
1321 4865 1400 4926 εἰς
1452 4867 1753 4941 ὑπερὸολὴν

169 4942 391 4998 αἰώνιον
421 4945 586 5020 βάρος
609 4946 762 5019 δόξης
795 4950 1189 5020 κατεργάζεται
1219 4952 1346 5021 ἡμῖν
1366 4970 1378 4982 ·
1412 4956 1754 5012 σκοπούντων

167 5034 332 5106 ἡμῶν
363 5039 425 5090 οὐ
460 5032 880 5110 τὰβλεπόμενα,
907 5039 1039 5092 ἀλλὰ
1067 5041 1135 5094 τὰ
1162 5042 1234 5111 μὴ
1269 5041 1587 5114 βλεπόμενα.
1624 5066 1642 5097 ι

1861 3333 2028 3380 ιιιυιιι,
2061 3316 2200 3369 alius
2239 3326 2418 3370 autem
2471 3315 2899 3383 sexagesimum,
2929 3314 3074 3367 alius
3096 3316 3422 3384 verenti-ige-

1858 3409 2110 3477 simum“
2136 3425 2150 3472 ;
2179 3426 2197 3457 ι
2239 3408 2318 3459 vel
2349 3424 2364 3460 :
2395 3425 2413 3457 ι
2439 3407 2503 3460 Ει
2548 3393 2615 3461 lli.
2663 3417 2792 3460 sunt
2836 3406 2929 3474 qui
2991 3422 3158 3474 super
3221 3416 3422 3461 terram
3466 3397 3490 3470 ί

1859 3503 2055 3555 bonam
2113 3503 2366 3556 seminati
2424 3511 2577 3565 sunt,
2631 3502 2725 3569 qui
2785 3500 3012 3553 audiunt
3064 3500 3312 3562 verbum,
3366 3509 3458 3555 et-

1857 3595 2185 3658 suscipiuut,
2241 3608 2295 3649 ct
2351 3591 2702 3654 fructiﬁcant,
2761 3607 2926 3643 unum
2975 3591 3214 3660 triginta,
3255 3579 3425 3647 unuttt

1857 3686 2161 3753 sexaginta,
2196 3694 2251 3736 et
2272 3700 2436 3736 utrum
2464 3692 2677 3736 centum
2704 3682 2770 3744 ",
2797 3701 2816 3733 ι
2853 3683 2936 3734 vel
2969 3700 2981 3734 :
3018 3701 3039 3732 ο
3064 3681 3216 3746 Quod
3242 3672 3420 3739 autem

1858 3776 1909 3829 in
1951 3786 2149 3828 terram
2201 3774 2416 3840 bonam,
2460 3774 2513 3826 lii
2566 3783 2692 3826 sunt
2728 3775 2817 3839 qui
2875 3773 2929 3828 in
2979 3775 3145 3828 cordo
3183 3774 3325 3827 bono
3365 3781 3421 3827 et

1855 3867 2061 3933 optimo
2089 3865 2371 3924 audientes
2396 3867 2618 3940 verbum
2655 3865 2910 3928 retinent,
2938 3875 2993 3918 et
3023 3867 3258 3918 fructum
3283 3863 3418 3918 aﬂ'e-

1856 3965 1982 4008 runt
2045 3957 2097 4009 in
2134 3957 2392 4025 patientia
2415 3957 2480 4012 ⁶³.
2506 3974 2524 4006 ι
2558 3956 2783 4017 Quando
2814 3956 2979 4023 igitur
3002 3955 3158 4021 juxta
3189 3955 3422 4023 Aposto-

1856 4046 1965 4099 lum
2003 4066 2020 4097 ι
2045 4048 2134 4100 Dei
2167 4047 2524 4115 agricultura,
2578 4047 2670 4100 Dei
2729 4047 3015 4102 mdilicatio
3049 4047 3201 4108 estis,
3227 4064 3247 4097 ι
3274 4048 3422 4114 agri-
3485 4064 3491 4073 ·

1855 4139 2064 4190 cultura
2100 4138 2151 4191 in
2188 4147 2331 4190 terra
2369 4137 2532 4199 bona,
2571 4137 2858 4190 mdilicatio
2886 4151 3050 4202 super
3080 4146 3328 4204 petram;
3359 4147 3419 4191 ut

1852 4229 2138 4282 mdiﬁcatio
2167 4230 2279 4291 Dei,
2310 4237 2510 4281 stemus
2544 4227 2711 4296 309
2757 4226 3065 4280 inconcussi
3114 4226 3179 4278 ad
3218 4235 3421 4295 tempe-

1853 4329 2049 4373 statem
2084 4337 2098 4372 :
2136 4329 2192 4371 ut
2228 4318 2319 4371 Dei
2354 4318 2713 4386 agricultura,
2752 4331 2927 4384 neque
2955 4318 3023 4371 de
3059 4317 3299 4386 maligno
3321 4334 3420 4372 cu-

1854 4425 2055 4472 remus,
2115 4423 2290 4476 ncque
2349 4409 2414 4462 de
2471 4406 2828 4461 tribulatione
2884 4418 2980 4463 aut
3037 4410 3422 4475 persecutione

1852 4498 1972 4565 quin
2024 4510 2243 4566 propter
2274 4499 2498 4552 verbum
2533 4499 2770 4563 oriatur,
2804 4516 2980 4569 neque
3026 4503 3091 4556 de
3153 4503 3420 4556 sollicitu-

1853 4592 1979 4643 dine
2034 4591 2193 4656 liujus
2230 4591 2432 4658 szeculi,
2480 4608 2657 4662 neque
2706 4596 2773 4649 de
2831 4596 3048 4650 fallacia
3078 4596 3416 4658 divitiarum,

1851 4694 1942 4734 aut
1969 4683 2034 4736 de
2059 4684 2180 4737 vitae
2210 4685 2607 4761 voluptatibus;
2645 4688 2738 4740 sed
2766 4689 2850 4740 Itis
2889 4689 3139 4741 omnibus
3166 4697 3416 4739 conteru-

1850 4774 1958 4841 ptis
1991 4774 2239 4842 spiritum
2274 4777 2555 4844 sapientia:
2583 4777 2952 4832 sollicitudine
2980 4787 3257 4830 carentem
3293 4791 3415 4830 sus-

1851 4866 2137 4932 cipiamus,
2171 4865 2491 4919 festinemus
2521 4868 2588 4920 ad
2620 4881 2711 4919 eas
2740 4867 2955 4920 divitias
2990 4883 3110 4935 quae
3139 4866 3413 4920 fallaciam

1851 4972 1958 5008 non
2007 4956 2226 5018 habent,
2271 4964 2327 5009 et
2360 4958 2426 5009 ad
2457 4947 2782 5026 voluptates,
2817 4969 2874 5011 ut
2914 4960 2982 5010 ita
3019 4959 3220 5021 dicam,
3249 4971 3412 5024 para-

1850 5047 1949 5100 disi
1982 5048 2297 5101 deliciarum
2351 5063 2732 5118 properemus.
2769 5049 3110 5118 Repntemus
3139 5049 3191 5101 in
3226 5048 3416 5117 singu-

171 5127 242 5184 lis
269 5131 527 5184 arrumnis
562 5131 705 5184 istud
734 5148 749 5186 :
780 5151 798 5183 ι
829 5132 979 5197 Quod
1012 5135 1064 5187 in
1102 5136 1350 5201 praesenti
1397 5145 1476 5188 est
1524 5149 1959 5192 momentaneum
2011 5150 2064 5192 ct
2117 5141 2235 5194 leve
2286 5143 2651 5197 tribulationis
2696 5153 2914 5208 nostrae,
2965 5157 3129 5209 supra
3191 5140 3414 5197 modum

172 5221 232 5275 in
269 5220 604 5275 sublimitate
635 5230 903 5273 :eternum-
930 5221 1113 5288 glori:e
1156 5223 1363 5290 pondus
1398 5235 1653 5292 operatur
1699 5227 1749 5280 in
1824 5231 2016 5294 nobis;
2066 5246 2174 5284 non
2225 5235 2717 5304 contemplantibus
2777 5233 2938 5288 nobis
2974 5249 3094 5303 qum
3139 5233 3410 5294 videntur,

171 5314 272 5370 sed
304 5330 427 5383 qua:
462 5329 568 5366 non
590 5314 932 5367 'videntnr“.
964 5332 982 5362 ι

249 5407 356 5459 Καὶ
395 5393 555 5457 τοῦτο
591 5405 648 5457 δὲ
690 5405 1063 5475 γινώσκωμεν,
1098 5406 1179 5458 ὅτι
1209 5406 1271 5459 τὸ
1302 5408 1587 5478 εἰρημένον
1614 5411 1741 5481 περὶ

169 5498 269 5555 τοῦ
311 5497 477 5550 Ἀδελ
507 5494 879 5566 ἀναιρεθέντος
912 5496 1015 5548 ὑπὸ
1050 5495 1140 5549 τοῦ
1182 5496 1620 5568 ἀνθρωποκτόνου
1649 5505 1743 5557 καὶ

258 5659 305 5690 ιε
335 5658 526 5712 Mam“
555 5631 675 5720 χηί,
706 5635 914 5727 ΞΔΟἉῼΙ..
1020 5655 1233 5727 “Marc.
1266 5673 1337 5719 Iv,
1373 5657 1455 5727 l6,
1490 5661 1574 5716 17.

173 5730 224 5763 ⁸³
254 5727 382 5784 Luc.
411 5743 530 5790 vm,
565 5727 652 5780 15.
730 5724 776 5757 ⁸⁵
803 5724 840 5777 11
875 5724 998 5779 Cor.
1035 5741 1108 5793 Iv,
1141 5726 1225 5792 l7,
1261 5729 1345 5781 18.

247 5870 354 5942 (62)
383 5870 569 5940 Μηδὲ.
604 5868 761 5940 Lego,
801 5870 956 5941 μήτε.

1681 5663 1724 5695 ⁸ο
1753 5663 1884 5720 Luc.
1919 5673 2035 5730 vin,
2069 5667 2153 5720 l5.
2232 5665 2273 5696 ⁶¹
2311 5661 2504 5721 Matth.
2540 5680 2671 5730 xm,
2704 5664 2795 5718 25.

1921 5414 2010 5468 50.
2060 5414 2198 5467 istud
2236 5416 2396 5469 etiam
2448 5412 2777 5472 noverimus,
2815 5395 2955 5480 quod
2995 5414 3196 5466 dictum
3229 5419 3310 5465 est
3344 5410 3412 5464 de

1850 5506 1980 5559 Abel
2010 5507 2078 5559 ab
2113 5507 2378 5559 bomicida
2413 5516 2464 5557 ct
2500 5506 2699 5574 injule
2726 5506 2855 5560 Cain
2887 5507 3089 5568 occiso,
3136 5504 3201 5556 iis
3233 5501 3410 5556 omni-

2906 5665 2951 5696 "
2977 5662 3147 5731 Marc.
3189 5675 3267 5723 tv,
3307 5656 3399 5712 20.
