4096 6304
284 425 406 481 673

1474 431 1747 486 CONTRA
1781 425 2060 488 CELSUM
2099 432 2222 486 LIB.
2260 433 2300 489 l.

3361 442 3367 447 ’
3419 446 3517 501 οτι

288 560 459 619 γησις
502 547 609 598 τῶν
637 547 693 600 ἐν
737 548 848 610 τοῖς
890 549 1188 618 προφήταις
1223 550 1572 618 αἰνιγμάτων,
1618 548 1711 602 καὶ
1755 548 1845 600 τῶι

1969 562 2083 600 rum
2124 547 2177 601 id
2205 561 2375 615 genus
2416 561 2536 614 quae
2567 545 2792 615 ﬁgurate
2826 559 2971 616 gesta
3005 550 3084 605 vel
3119 555 3324 609 sancita
3373 570 3520 616 sunt.

288 633 354 687 ὲν
385 635 496 693 τοῖς
530 634 875 702 smmum;
925 636 1260 705 παραϐολῶν,
1317 638 1409 689 καὶ
1452 637 1622 690 ἄλλων
1654 639 1856 708 μυρίων

291 723 642 792 συμϐολικῶς
681 727 1115 796 γεγενημένωνῆ
1156 725 1671 797 νενομοθετημένων.
1713 728 1772 780 Εἰ
1803 729 1857 780 δὲ

285 813 442 866 τοῦτ’
469 816 764 886 ἀμήχανον,
800 817 874 886 πὴ
908 817 1002 884 μὲν
1038 815 1125 868 διὰ
1155 815 1251 878 τὰς
1301 816 1391 868 τοῦ
1433 817 1547 886 βίου
1596 819 1854 887 ἀνάγκας,

287 904 380 976 πὴ
410 906 463 958 δὲ
496 907 590 959 καὶ
619 906 703 958 διὰ
740 907 838 976 τὴν
867 903 970 958 τῶν
998 906 1293 975 ἀνθρώπιον
1324 908 1623 969 ἀσθέκειαν,
1654 909 1854 976 σφόδρα

288 997 493 1064 ὀλίγων
526 997 615 1048 ἐπὶ
657 998 744 1048 τὸν
775 998 928 1068 λόγον
963 998 1224 1067 ᾀττόντων
1253 1014 1265 1026 ο
1299 989 1546 1051 mia-av
1569 998 1700 1067 ἄλλη
1735 999 1853 1068 βελ-

290 1088 432 1139 τίων
473 1076 689 1156 μέθοδος
714 1089 868 1160 ιπρὸς
893 1089 952 1140 τὸ
984 1092 1096 1150 τοῖς
1145 1089 1370 1152 πολλοῖς
1401 1089 1657 1160 βοηθῆσαι
1702 1092 1854 1161 εὑρε-

292 1174 422 1244 Θείη
455 1175 552 1243 τῆς
579 1174 809 1247 ἀπὸτοῦ
855 1177 1024 1246 Ἰησοῦ
1063 1180 1174 1240 τοῖς
1203 1176 1374 1229 ἔθ’νέσι
1427 1179 1850 1249 παραδοθείσης;

292 1268 413 1318 Καὶ
452 1265 847 1339 ’πυνθανόμεθά
881 1285 936 1338 γε
966 1265 1092 1338 περὶ
1114 1270 1205 1322 τοῦ
1376 1270 1610 1340 πλήθους
1634 1271 1741 1324 τῶν
1774 1287 1854 1323 πι-

288 1357 614 1420 στευόντων,
627 1358 724 1428 τὴν
753 1358 1115 1428 πολλὴνχῦσιν
1137 1358 1236 1427 τῆς
1264 1359 1459 1420 κακίας
1481 1358 1848 1427 ἀποθεμένων,

284 1445 354 1495 ἐν
395 1441 715 1519 ᾖπρότερον
762 1447 1159 1502 ἐκαλινδοῦντο·
1194 1449 1418 1520 πότερον
1457 1451 1661 1520 βέλτιόν
1708 1453 1852 1504 ἐστιν

280 1533 479 1597 αὐτοῖς
528 1535 734 1602 ἀλόγως
767 1535 1073 1588 πιστεύουσι
1115 1537 1472 1590 κατεστάλθαι
1507 1556 1620 1600 πως
1650 1539 1718 1592 τὰ
1747 1541 1848 1610 ἤθη

281 1627 393 1678 καὶ
414 1611 738 1696 ὠφελῆσθαι,
781 1627 868 1679 διὰ
903 1627 997 1697 τὴν
1031 1629 1154 1700 περὶ
1194 1629 1299 1681 τῶν
1350 1630 1716 1700 κολαζομένων
1760 1634 1851 1684 ἐπὶ

280 1713 588 1784 ἁμαρτίαις
621 1717 710 1768 καὶ
744 1717 1061 1787 τιμωμένων
1107 1720 1196 1771 ἐπὶ
1235 1710 1411 1789 ἔργοις
1459 1722 1566 1792 (56)
1601 1726 1851 1792 χρηστοῖς

265 1804 550 1876 ητῖστιν,ῆ
589 1807 663 1877 μὴ
692 1807 1001 1876 προσίεσθαι
1034 1809 1208 1860 αὐτῶν
1240 1808 1333 1878 τὴν
1357 1811 1681 1880 ἐπιστροφὴν
1716 1812 1848 1881 μετά

281 1889 458 1960 ψιλῆς
510 1891 760 1956 πίστεως,
794 1893 897 1958 ἕως
929 1893 991 1946 ἂν
1042 1895 1290 1948 ὲπιδῶσιν
1335 1899 1557 1960 ἑαυτοὺς
1610 1900 1848 1964 ἐξετάσει

280 1981 501 2047 λόγων;
528 1982 778 2054 Φανερῶς
804 1985 918 2054 γὰρ.
945 1985 991 2036 οἱ
1026 1984 1222 2048 πάντες
1247 1988 1371 2055 παρ’
1398 1988 1706 2056 ἐλαχίστους
1729 1989 1849 2041 οὐδὲ

274 2070 453 2124 τοῦτο
487 2072 760 2142 λήψονται,
803 2076 936 2144 ὅπερ
969 2070 1266 2144 εἰλήφασιν,
1300 2062 1363 2127 έκ
1408 2077 1498 2128 τοῦ
1539 2077 1720 2140 ἁπλῶς
1751 2095 1847 2130 πε-

279 2163 658 2224 πιστευκέναι,
689 2164 820 2216 ἀλλὰ
855 2166 1101 2236 μενοῦσιν
1137 2169 1194 2218 ἐν
1239 2167 1477 2238 κακίστῳ
1517 2168 1633 2238 βίῳ.
1677 2169 1847 2240 Εἴπερ

278 2253 406 2318 (57)
422 2249 512 2305 οὖν
527 2254 652 2306 ἄλλο
666 2272 716 2306 τι
734 2257 1217 2310 κατασκευαστικόν
1230 2259 1341 2308 ἐστι
1353 2254 1444 2309 τοῦ
1455 2302 1466 2321 ,
1482 2258 1542 2309 τὸ
1559 2257 1849 2329 φιλάνθρω-

279 2361 394 2399 πον
421 2343 514 2396 τοῦ
534 2345 689 2413 λόγου
713 2346 811 2398 οὑκ
832 2345 979 2398 ἀθεεὶ
1004 2346 1081 2416 τῷ
1107 2348 1201 2417 βίῳ
1224 2347 1328 2400 τῶν
1355 2347 1446 2401 ἀνθ
1456 2349 1647 2419 ρώπων
1671 2349 1848 2401 ἐπιδε-

274 2435 612 2510 δημηκέναι,
656 2437 747 2489 καὶ
786 2435 927 2488 τοῦτ’
967 2436 1146 2500 αὐτοῖς
1193 2439 1742 2510 συγκαταριθμητέον.
1788 2440 1846 2492 Ὀ

279 2506 402 2594 γάῥ
435 2521 828 2601 εὐσεϐὴςόὑδὲ
874 2527 1135 2596 σωμάτων
1181 2522 1379 2599 ίατρδν,
1416 2506 1638 2591 πολλοῦς
1670 2530 1760 2580 ἐπὶ
1788 2530 1846 2582 τὸ

283 2614 502 2684 βέλτιον
531 2617 814 2680 νοσοῦντας
858 2613 1147 2686 ἀγαγόντα,
1180 2611 1418 2688 οἰήσεται
1469 2617 1614 2671 ἀθεεὶ
1658 2619 1844 2670 πόλεσι

284 2699 390 2752 καὶ
421 2700 789 2776 ἔθνεσιᾼέπιδη
800 2707 914 2772 μεῖν
935 2722 947 2734 ο
983 2705 1132 2764 οὐδὲν
1170 2705 1276 2774 γὰρ
1303 2705 1535 2774 χρηστὸν
1562 2709 1618 2757 ἐν
1649 2707 1847 2776 ἀνθρώ-

284 2808 420 2853 ποις
454 2773 906 2864 ἀθεεὶίγίγνεται.
947 2783 1008 2847 El
1047 2794 1150 2846 δὲὸ
1433 2799 1656 2864 σώματα
1697 2773 1847 2867 θερα-

281 2880 518 2945 πύσας,
552 2882 584 2954 ἦ
611 2885 707 2938 ἐπὶ
739 2887 798 2938 τὸ
826 2886 1028 2956 βέλτιον
1060 2885 1404 2955 προαγαγὼν,
1443 2887 1540 2938 οὐκ
1573 2885 1719 2938 ἀθεεὶ
1759 2885 1846 2938 θε-

283 2969 552 3039 ραπεύει·
589 2958 737 3044 πόσῳ
779 2973 936 3028 πλέον
983 2975 1012 3027 ὁ
1056 2971 1260 3026 πολλῶν
1283 2971 1456 3043 ψυχὰς
1487 2973 1841 3044 θεραπεύσας,

280 3059 385 3109 καὶ
409 3061 758 3131 ἐπιστρέψας,
785 3045 879 3117 καὶ
914 3063 1242 3134 βελτιώσας,Δ
1277 3066 1369 3117 καὶ
1396 3064 1712 3135 ἀπαρτήσας
1733 3065 1842 3133 (58)

1958 634 2121 703 328
2150 632 2482 700 explanatio.
2517 633 2572 688 Si
2600 643 2779 686 autem
2823 633 2872 686 id
2905 638 2973 692 ab
3001 636 3308 696 hominibus
3351 644 3519 712 impe-

1961 724 2087 775 trari
2123 723 2329 789 nequit,
2369 723 2484 776 sive
2525 734 2746 790 propter
2786 723 2948 778 huius
2980 726 3100 779 vitae
3144 731 3516 795 necessitates,

1958 813 2072 868 sive
2126 823 2341 883 propter
2383 828 2570 884 eorum
2617 813 3024 882 inﬁrmitatem,
3080 834 3200 887 quae
3250 820 3302 873 in
3351 835 3515 879 causa

1955 910 2100 964 sunt,
2133 915 2231 953 cur
2280 901 2530 969 perpauci
2584 900 2708 954 hui;
2741 915 2800 954 se
2831 903 3008 957 studio
3042 907 3155 958 ded;
3186 916 3244 960 nl
3279 922 3294 964 :
3333 921 3518 977 ecquae

1957 991 2094 1044 ratio
2129 991 2316 1057 majori
2350 991 2625 1046 hominum
2658 997 2797 1061 parti
2825 996 3178 1051 subveniendi
3217 1001 3515 1069 excogitari
3557 1014 3560 1017 ‘

1954 1090 2136 1148 potest
2170 1095 2233 1134 ea
2265 1083 2633 1146 commodior,
2669 1099 2829 1150 gnam
2863 1084 3018 1153 Jesus
3061 1089 3314 1154 gentibus
3348 1080 3513 1150 tradi-

1953 1174 2067 1227 dit?
2099 1171 2233 1226 Nam
2272 1173 2616 1228 sciscitemur
2637 1177 2705 1229 ab
2733 1193 2921 1231 eorum
2946 1179 3038 1246 qui
3068 1180 3292 1232 credunt
3327 1181 3511 1235 multi-

1958 1263 2160 1329 tudine,
2196 1263 2396 1330 quique
2424 1273 2767 1332 peccatorum
2801 1269 3007 1332 sordes,
3034 1269 3084 1320 in
3120 1269 3315 1337 quibus
3345 1259 3508 1326 antea

1955 1352 2353 1418 volutabantur,
2402 1353 2672 1415 eluerunt,
2719 1362 2897 1409 utrum
2945 1358 3158 1412 sit'illis
3206 1355 3518 1415 conducibi-
3564 1429 3566 1432 ν

1953 1441 2078 1505 lius,
2115 1443 2235 1494 sine
2265 1444 2516 1496 examine
2543 1445 2859 1520 credidisse,
2895 1455 2947 1500 et
2996 1450 3266 1504 credendo
3307 1452 3514 1519 suppli-

1957 1531 2102 1584 cium
2153 1542 2373 1598 peccata
2420 1534 2746 1602 praemiaque
2792 1536 3043 1588 virtutem
3105 1552 3342 1603 manere,
3378 1556 3516 1610 cor-

1966 1621 2168 1673 rexisse
2198 1636 2400 1678 mores:
2456 1637 2523 1673 an
2565 1634 2745 1691 spreta
2799 1625 2902 1678 ﬁde
2950 1625 3206 1693 simplici,
3243 1642 3349 1682 non
3391 1640 3515 1697 ante

1959 1711 2102 1762 illam
2154 1724 2358 1762 morum
2426 1709 2855 1766 emendationem
2924 1716 3160 1783 aggredi.
3207 1733 3365 1783 quam
3418 1719 3514 1772 do-
3572 1742 3573 1745 η

1951 1801 2140 1854 ctrina:
2199 1801 2459 1869 principia
2491 1804 2706 1869 penitus
2749 1789 3234 1874 investigaverint?
3293 1807 3513 1874 blattife-

1951 1902 2088 1946 stum
2119 1903 2224 1952 est.
2259 1894 2544 1960 perpaucis
2571 1894 2830 1960 exceptis,
2862 1894 3096 1962 reliquos
3117 1910 3187 1949 ne
3213 1897 3263 1949 id
3295 1890 3510 1965 quiileiu

1950 1995 2316 2044 assecuturos,
2348 1982 2485 2050 quod
2533 1981 2623 2035 alii
2657 1983 2885 2051 simplici
2925 1977 3029 2040 ﬁde
3058 1991 3333 2041 consecuti
3361 2000 3509 2054 sunt,

1950 2075 2041 2127 sed
2089 2073 2142 2125 in
2187 2072 2598 2142 corruptissima
2645 2091 2743 2145 sua
2789 2078 2900 2129 vita
2941 2074 3310 2132 remansuros.
3363 2079 3509 2144 Quo-

1952 2163 2096 2218 circa
2119 2163 2267 2217 'inter
2291 2171 2608 2233 argumenta
2638 2166 2835 2234 quibus
2865 2175 3214 2241 CODSlﬂl‘lﬂtll
3243 2169 3509 2224 salubrem

1949 2253 2275 2308 hominibus
2308 2253 2611 2308 doctrinam
2665 2255 2775 2310 Deo
2822 2267 3044 2311 auctore
3097 2261 3163 2311 ad
3197 2274 3291 2312 eos
3321 2262 3510 2328 perve-

1948 2347 2131 2410 nisse;
2183 2344 2306 2409 hoc,
2357 2344 2401 2398 si
2453 2347 2596 2413 quod
2653 2348 2818 2412 aliud,
2865 2347 3037 2402 locum
3075 2349 3276 2403 habere
3320 2351 3503 2406 debet.

1948 2433 2080 2488 Nam
2126 2448 2191 2488 ne
2245 2435 2510 2489 medicum
2553 2436 2770 2504 quidem
2801 2450 3106 2506 corporum,
3159 2441 3248 2506 qui
3301 2441 3501 2504 multos

1949 2525 2001 2576 in
2053 2523 2329 2578 meliorem
2371 2534 2571 2578 statum
2626 2526 2963 2591 restituerit,
3009 2528 3365 2583 arbitrabitur
3419 2533 3506 2585 vir

1953 2614 2072 2680 pius
2097 2613 2162 2666 ad
2207 2613 2369 2666 nrbes
2405 2622 2459 2666 et
2488 2622 2679 2683 gentes
2723 2615 3004 2670 advenisse
3045 2616 3162 2669 sine
3196 2617 3287 2671 Dei
3328 2621 3507 2688 provi-

1947 2704 2148 2766 dentia,
2194 2719 2298 2771 qua
2345 2705 2465 2759 sine
2495 2705 2626 2757 nihil
2675 2705 2982 2760 hominibus
3030 2707 3295 2774 contingit
3343 2700 3492 2762 boni.

1945 2794 2064 2848 Jam
2115 2809 2244 2848 vero
2275 2795 2321 2848 si
2369 2795 2462 2863 qui
2498 2793 2726 2863 corpora
2771 2798 3063 2850 multorum
3105 2807 3262 2850 sanat
3301 2809 3394 2853 aut
3438 2802 3504 2854 ad

1953 2886 2230 2938 meliorem
2265 2895 2461 2938 statum
2491 2886 2717 2952 reducit,
2754 2887 2801 2940 is
2838 2887 2972 2940 nihil
2999 2888 3190 2940 horum
3239 2887 3364 2942 facit
3389 2892 3509 2946 sine

1946 2975 2121 3028 dixina
2152 2989 2288 3043 ope;
2317 2985 2520 3044 quanto
2554 2975 2734 3046 magis
2765 2977 2816 3030 id
2853 2977 3033 3032 dicere
3055 2977 3121 3032 de
3157 2978 3246 3032 illo
3273 2967 3506 3048 oportet.

1948 3067 2038 3133 qui
2097 3066 2384 3120 multorum
2455 3067 2666 3120 animas
2733 3069 3030 3133 convertit,
3095 3071 3162 3122 ad
3229 3071 3504 3125 meliorem

279 3146 461 3211 αὐτὰς
497 3149 630 3202 Θεοῦ
653 3152 745 3204 τοῦ
776 3153 866 3204 ὲπὶ
901 3154 1051 3216 πᾶσι,
1081 3155 1173 3206 καὶ
1201 3153 1412 3220 διδάξας
1446 3157 1622 3207 πᾶσαν
1650 3154 1841 3224 πρᾶξιν

1946 3157 2151 3225 frugem
2192 3169 2432 3220 revocat,
2484 3153 2576 3224 qui
2635 3159 2790 3212 docet
2825 3171 2954 3211 suas
2986 3173 3176 3212 omnes
3219 3175 3246 3211 a
3289 3175 3504 3216 summo

280 3236 578 3308 ἀναφέρειν
610 3241 700 3291 ἐπὶ
727 3243 824 3311 τὴν
867 3242 1070 3296 ἐκείνου
1112 3245 1415 3314 ἀρέσκειαν,
1447 3247 1540 3298 κιιὶ
1581 3246 1735 3300 πάντ’
1761 3248 1844 3298 ὲκ-

284 3326 512 3392 κλίνειν,
551 3330 629 3382 ὄσ’
663 3332 944 3402 ἀπάρεστά
972 3334 1085 3384 ἐστι
1125 3333 1260 3402 Θεῷ,
1284 3334 1374 3386 καὶ
1403 3335 1561 3405 μέχρι
1601 3334 1693 3386 τοῦ
1731 3335 1845 3386 έλα-

283 3417 477 3487 χίστου
523 3419 629 3472 τῶν
659 3407 995 3488 λεγομένων,
1030 3422 1063 3493 ἢ
1106 3412 1504 3495 πραττομένων,
1539 3424 1570 3495 ἢ
1619 3424 1712 3478 καὶ
1765 3425 1843 3485 είς

283 3506 586 3577 ἐνθύμησιν
614 3509 939 3578 ἐρχομένων.

359 3680 493 3750 Εἶτ’,
521 3685 642 3737 ἐπεὶ
660 3683 726 3739 τά
753 3686 878 3753 περὶ
897 3685 993 3754 τῆς
1019 3687 1246 3750 πίστεως
1278 3687 1578 3760 θρυλλοῦσι,
1605 3689 1840 3755 λεκτέον,

279 3778 370 3832 ὅτι
404 3779 561 3847 ἡμεῖς
585 3779 710 3847 μὲν,
743 3779 1248 3850 παραλαμϐάνοντες
1277 3782 1444 3852 αὐτὴν
1481 3800 1554 3844 (ις
1578 3785 1842 3852 χρήσιμον

284 3869 404 3928 τοῖς
419 3867 648 3930 πολλοῖς,
662 3869 1022 3938 ὁμολογοῦμεν
1043 3869 1304 3921 διδάσκειν
1333 3873 1602 3924 πιστεεειν
1618 3875 1706 3925 καὶ
1723 3874 1842 3927 ἀλό-

284 3973 402 4025 γως
414 3957 539 4018 τοὺς
559 3955 632 4026 μὴ
650 3955 970 4026 δυναμένους
990 3957 1162 4010 πάντα
1180 3959 1488 4012 καταλιπεῖν
1524 3963 1614 4013 καὶ
1625 3963 1843 4014 ἀκολου-

281 4048 401 4100 θεῖν
415 4046 654 4110 ἐξετάσει
670 4047 846 4115 λὸγουο
871 4049 1062 4100 ἐκεῖνοι
1081 4047 1156 4108 δὲ,
1172 4047 1322 4101 τοῦτο
1345 4049 1416 4119 μὴ
1442 4051 1840 4120 ὁμολογοῦντες,

287 4141 400 4199 τοῖς
431 4137 612 4209 ἔργοις
650 4138 1037 4192 αὐτὸποιοῦσι.
1084 4139 1175 4202 Τίς
1218 4142 1342 4212 γὰρ,
1391 4147 1716 4215 προτραπεὶς
1754 4147 1843 4198 ἐπὶ

287 4230 608 4298 φιλοσοφίαν
637 4229 766 4300 (39),
797 4232 889 4283 καὶ
926 4231 1379 4303 ἀποκληρωτικῶς
1413 4234 1503 4286 ἐπί
1545 4253 1661 4290 τινα
1705 4236 1846 4307 αἴρε-

289 4339 372 4392 σιν
400 4323 590 4376 ἑαυτὸν
625 4319 922 4389 φιλοσόφων
974 4323 1131 4392 ῥίψας
1153 4364 1168 4386 ,
1193 4324 1226 4392 ἢ
1267 4324 1341 4394 τῷ
1360 4325 1841 4397 εὐπορηκέναιτμθ)

285 4413 491 4466 τοιοῦδε
525 4411 858 4474 διδασκάλου,
892 4413 1060 4476 ἄλλως
1103 4415 1193 4466 ἐπὶ
1239 4414 1393 4467 τοῦτο
1440 4415 1653 4486 ἔρχεται
1691 4417 1721 4487 ἢ
1767 4417 1844 4486 τῷ

1947 3245 2054 3296 Deo
2114 3257 2403 3311 snspensas
2473 3247 2674 3298 habere
2740 3248 2863 3300 vitat
2927 3248 3194 3305 rationes.
3260 3239 3334 3304 ex'
3387 3254 3505 3320 ejus

1944 3334 2212 3385 voluntate
2271 3333 2450 3386 omnia
2524 3340 2739 3403 metiri,
2784 3347 2854 3414 ‘et
2925 3337 3100 3390 omnia
3174 3343 3361 3410 lugere
3415 3344 3497 3396 vel

1944 3422 2162 3474 minima
2214 3423 2376 3490 dicta,
2425 3424 2586 3494 facta,
2630 3427 2887 3496 cogitata,
2919 3441 3038 3497 quae
3085 3429 3158 3482 illi
3207 3431 3495 3500 displicere

1942 3526 2188 3581 possunt.
2358 3546 2360 3548 τ
3239 3529 3242 3534 ’

2013 3698 2100 3750 10.
2142 3697 2288 3750 lllam
2325 3699 2484 3768 igitur
2530 3699 2648 3753 sine
2697 3700 2946 3754 examine
2974 3700 3129 3754 ﬁdem
3174 3701 3242 3756 de
3285 3714 3390 3770 qua
3421 3713 3499 3756 tot

1943 3787 2126 3841 turbas
2163 3799 2350 3855 agunt,
2403 3791 2621 3856 experti
2671 3804 2829 3857 quam
2884 3790 2955 3844 sit
3003 3791 3272 3858 pleriStue
3326 3793 3492 3857 utiiis,

1942 3877 2172 3928 fatemur
2219 3895 2247 3930 a
2305 3880 2457 3938 nobis
2497 3880 2867 3932 commendari
2921 3880 3148 3948 iis,j,qni
3186 3881 3498 3950 relinquere

1942 3967 2154 4036 negotia
2185 3969 2364 4020 omnia
2414 3983 2518 4021 non
2565 3976 2809 4036 possunt,
2857 3978 2916 4022 ut
2956 3984 3014 4023 se
3063 3978 3181 4023 toto:
3243 3985 3498 4038 perscru-

1943 4059 2117 4112 lauda}
2151 4059 2407 4112 doctrinm
2438 4061 2670 4112 tradant.
2711 4059 2786 4111 llli
2830 4071 3030 4126 autem,
3057 4075 3366 4130 quanquam
3414 4061 3491 4114 l'a-

1943 4151 2041 4202 teri
2079 4150 2423 4214 erubescunt,
2464 4149 2600 4203 idem
2641 4148 2848 4204 faciunt
2883 4161 3088 4204 tamen.
3121 4150 3252 4203 Nam
3281 4153 3402 4219 quis
3429 4155 3496 4204 ad

1948 4239 2297 4308 philosOphiae
2330 4240 2566 4292 studium
2603 4239 2854 4293 incitatus
2887 4248 2943 4294 et
2972 4239 3285 4307 inaliquam
3326 4240 3500 4308 philu—.

1944 4332 2232 4398 sophorum
2271 4340 2471 4383 sectam
2504 4339 2597 4382 aut
2646 4341 2794 4384 sorte
2825 4341 2916 4383 aut
2945 4331 3082 4396 quod
3107 4331 3157 4382 in
3195 4331 3353 4384 talem
3386 4345 3497 4383 nia—

1949 4422 2174 4488 gistrum
2211 4421 2422 4480 incidit,
2453 4435 2510 4475 se
2535 4418 2852 4486 conjiciens.
2886 4418 3042 4471 aliter
3064 4418 3128 4470 ad
3162 4432 3280 4472 eam
3308 4435 3368 4472 se
3403 4435 3497 4489 ap-

276 4503 562 4570 ﬁtﬁt-1'38“
591 4503 688 4573 τὴν
716 4503 924 4570 αἵρεσιν
964 4502 1174 4570 ἐκείνην
1225 4503 1500 4573 κρείττονα
1543 4501 1715 4568 sivetu;
1762 4507 1837 4557 Οὐ

1946 4510 2120 4575 plicat,
2153 4524 2312 4575 quam
2344 4509 2467 4577 quia
2507 4509 2656 4561 illam
2680 4509 2850 4561 credit
2879 4508 3100 4574 reliquis
3148 4510 3494 4574 praestantio-

286 4597 395 4667 γὰρ
420 4595 739 4672 περιμείνας
768 4592 991 4646 ἀκοῦσαι
1022 4594 1146 4655 τοὺς
1184 4593 1395 4646 πάντων
1429 4595 1724 4664 φιλοσόφων
1753 4597 1836 4646 λό-
1871 4612 1875 4616 ⁷

283 4684 436 4755 γους,
468 4686 561 4739 καὶ
589 4683 694 4736 τῶν
721 4683 984 4754 διαφόρων
1011 4682 1284 4750 αἱρέσεων,
1303 4682 1393 4735 καὶ
1416 4684 1510 4752 τὴν
1533 4685 1841 4756 ἀνατροπὴν

356 4909 473 4976 (55)
515 4886 682 4978 Lego,
699 4904 1176 4978 πυνθανῴμεῼάγε
1203 4904 1350 4978 παρά
1377 4904 1488 4968 τοῦ,
1513 4913 1613 4978 etc.

352 4975 469 5046 (36)
512 4975 748 5044 Philoc.,
791 4976 875 5044 ἐφ’
916 4975 1204 5045 ἁμαρτίαις
1247 4975 1339 5026 καὶ
1382 4975 1705 5043 τιμωμένων
1753 4975 1838 5027 ἐπ’

279 5044 734 5196 ῗῖἕέιῗριιίιοο..
784 5119 840 5169 ὲν
878 5115 1116 5184 κακίστῳ
1136 5114 1236 5184 βίῳ
1262 5113 1340 5184 τῷ
1379 5111 1484 5165 τῶν
1518 5111 1835 5182 ἀνθρώπων.

282 5185 475 5251 Εἴπερ.
843 5241 850 5248 ,

355 5249 588 5320 (ὅδλίιο
639 5249 946 5320 Spencerus
996 5264 1048 5306 et
1095 5253 1259 5308 codex
1306 5249 1575 5305 Jolianus.
1620 5236 1834 5320 Reliqui

260 5308 408 5376 'cm'u
453 5308 764 5374 Hmschelio
817 5331 871 5373 et
909 5321 1234 5390 Philocalia,
1287 5308 1836 5390 avapvijcqc._Paulo

287 5391 424 5442 infra
457 5404 647 5458 omnes
683 5389 995 5458 codd._mss.
1028 5401 1083 5441 et
1118 5388 1246 5458 libb:
1273 5387 1415 5455 editi
1441 5387 1520 5449 60’
1544 5387 1833 5458 άπάρεστά

287 5461 392 5514 εισι
435 5457 552 5528 Θεῷ
584 5457 742 5528 μέχρι
767 5456 861 5508 τοῦ
891 5456 1185 5526 ἐλαχίστου.
1219 5456 1508 5512 Philocalia
1553 5467 1611 5510 ut
1637 5456 1689 5510 in
1730 5471 1830 5510 no-

288 5536 605 5668 ⁸¹ἲ⁰δθιῗ²ὶ¹ἔξ
630 5595 758 5666 γὰρ,
785 5593 1134 5668 προτραπεὶς
1169 5592 1266 5645 ἐπὶ
1310 5594 1692 5668 φιλοσοφίαν,
1722 5601 1826 5668 etc.

225 5669 228 5672 ’
290 5664 513 5732 Cicero,
574 5664 666 5720 lib.
737 5681 774 5719 tl
832 5664 1256 5715 Academicorum
1313 5665 1681 5732 qutt’stionum,
1726 5664 1828 5714 sub

293 5731 528 5800 initium,
563 5737 760 5791 eadem
780 5733 1162 5805 propemodum
1189 5732 1342 5805 (locet
1371 5750 1385 5786 :
1423 5751 1441 5781 ι
1475 5731 1603 5805 Nam
1627 5733 1827 5805 caeteri

293 5798 522 5874 primum
565 5805 691 5860 ante
743 5798 989 5860 iénemur
1034 5798 1262 5862 astricti,
1309 5816 1468 5868 quam
1514 5801 1639 5867 quid
1689 5809 1832 5854 esset

1942 4597 2087 4649 rem?
2131 4596 2313 4664 Neque
2358 4598 2521 4662 enim,
2557 4607 2616 4650 ut
2643 4597 2969 4662 Platonicus,
3005 4608 3094 4650 aut
3129 4597 3363 4665 Stoicus,
3397 4611 3489 4654 aut

1941 4686 2356 4755 Peripateticus,
2390 4699 2482 4740 aut
2531 4687 2823 4756 Epicureus
2865 4683 3040 4753 ﬁeret,
3071 4699 3163 4742 aut
3202 4691 3484 4760 cujuscun-

1947 4911 2205 4979 0ptimum
2243 4910 2487 4978 judicare
2537 4919 2840 4980 potuerunt.
2887 4909 3086 4963 Deinde
3130 4909 3493 4967 inﬁrmissimo

1947 4990 2187 5047 tempore
2236 4983 2411 5034 (etatis
2460 4979 2552 5033 aut
2592 4979 2832 5033 obsecuti
2883 4980 3059 5030 amico
3109 4979 3356 5038 cuidam,
3400 4992 3494 5035 aut

1855 5089 1859 5093 .
1945 5063 2045 5100 una
2097 5050 2322 5115 alicujus
2372 5066 2532 5117 quem
2584 5051 2811 5117 primum
2866 5048 3180 5117 audierunt,
3242 5050 3486 5102 oratione

1941 5117 2102 5183 capti,
2134 5117 2199 5170 de
2228 5115 2697 5185 rebtts'iucognitis
2721 5116 2984 5182 judieaut,
3011 5124 3065 5166 et
3093 5115 3164 5167 ad
3185 5129 3486 5182 quamcun-

1939 5198 2043 5251 que
2085 5190 2214 5238 s'unt
2247 5187 2582 5255 disripluani
2627 5185 2784 5255 quasi
2829 5192 3140 5248 tempestate
3183 5185 3372 5251 delati,
3422 5189 3490 5240 ad

1937 5268 2054 5306 eam
2088 5264 2340 5319 tanquam
2369 5253 2436 5308 ad
2459 5253 2655 5308 saxum
2674 5253 3075 5312 adhaerescunt,
3102 5261 3206 5306 etc.
3241 5271 3261 5303 ι

2006 5320 2241 5392 (40)]11
2273 5323 2354 5388 τῷ
2396 5321 2821 5392 εὐπορηκέναι,
2874 5320 3147 5392 σιμ-βίο-
3188 5331 3332 5392 recte
3381 5320 3489 5374 dno

1934 5386 2105 5444 code
2130 5386 2392 5456 Vaticani,
2426 5386 2624 5456 Regius
2658 5401 2714 5444 et
2735 5389 2845 5441 duo
2872 5386 3173 5456 Anglicani,
3211 5389 3395 5456 sicque
3420 5393 3487 5442 ad

1935 5460 2226 5526 marginem
2275 5461 2475 5512 habent
2519 5457 2862 5511 liteschelius
2903 5467 2958 5526 et
2999 5457 3322 5526 Speucerus.
3356 5473 3488 5526 quu-

1935 5523 2074 5581 runi'
2098 5528 2187 5580 ille
2215 5529 2463 5620 inmteIXIu
2485 5527 2825 5620 Ilmsuit.\zc_az1.
2863 5523 2940 5610 τιῖ)
2983 5525 3491 5620 εὐπορηκένῇιτλιιίο

1934 5613 2061 5648 vero
2090 5612 2212 5649 cum
2260 5593 2587 5664 Philucalia,
2637 5596 2728 5664 καὶ
2754 5595 2814 5647 τὸ
2858 5593 3244 5664 εὗίπορηκέναε.
3274 5593 3485 5664 ibidem

1937 5665 2243 5725 Philocaliu,
2280 5663 2619 5730 διδασκάλου,
2655 5663 2685 5729 ἢ
2723 5665 2822 5718 οὐκ
2853 5660 3024 5723 ἄλλως
3065 5662 3155 5713 ἐπὶ
3197 5661 3370 5730 τούτῳ
3397 5660 3490 5730 Ερ-

1934 5751 2100 5803 χεται.
3214 5781 3215 5784 η
