4096 6304
699 406 807 465 G79

2143 396 2301 453 ORIG
2311 394 2463 451 ENIS

3834 397 3939 453 σοι)

770 517 928 590 331
966 517 1053 572 15.
1096 513 1363 581 Quoniam
1390 526 1520 569 vero
1547 521 1804 584 tanquam
1840 529 1867 568 a
1899 512 2082 567 multis
2100 514 2258 568 Chri-

2440 511 2611 564 .”Επεὶ
2629 510 2672 563 δ’
2687 513 2716 564 6
2737 510 2940 573 Κέλσος
2971 509 3163 580 ἔθηκεν
3184 509 3259 572 ὡς
3278 508 3565 579 λεγόμενον
3593 507 3697 560 ὑπὸ
3724 507 3939 561 πολλῶν

703 609 1047 669 ειὶοηίειιειιν
1071 613 1257 674 ροιέιιηι
1285 605 1476 658 Celsus
1514 605 1696 674 posuit
1727 606 1868 658 istud
1908 623 1921 659 :
1959 623 1976 654 ι
2013 604 2146 656 Mala
2176 619 2262 659 res

703 709 789 754 est
822 697 878 751 in
910 697 1013 750 hac
1057 697 1158 748 rita
1205 695 1504 761 sapientia;
1537 695 1672 747 bona
1717 702 1895 746 autem
1941 695 2197 759 stultitia;
2238 713 2255 746 ι

704 785 1140 854 respondendum
1198 783 1488 836 aduherari
1519 785 1586 836 ab
1627 797 1690 836 eo
1739 783 1888 837 Pauli
1935 785 2135 846 locum,
2168 799 2263 838 nec

703 875 820 942 ipsa
851 873 1017 926 verba
1055 871 1269 935 referri,
1298 888 1416 940 qua:
1443 873 1522 926 sic
1554 873 1788 926 habent:
1825 891 1843 921 ς
1876 870 1931 926 Si
1958 872 2081 940 quis
2113 872 2261 926 vide-

705 973 792 1017 tur
843 963 982 1017 inter
1032 977 1129 1015 vos
1187 964 1405 1031 sapiens
1441 964 1644 1016 essein
1689 965 1788 1016 hoc
1816 964 2034 1028 sarculo,
2068 963 2263 1018 stultus

705 1053 799 1105 ﬁat
833 1061 891 1105 ut
921 1052 994 1105 sit
1023 1053 1262 1119 sapiens.
1301 1052 1578 1120 Sapientia
1633 1053 1774 1106 enim
1841 1055 1998 1123 hujus
2054 1055 2260 1115 mundi,

705 1143 937 1198 stultitia
956 1153 1040 1198 est
1072 1146 1211 1213 apud
1236 1146 1488 1218 Deumf".
1517 1164 1535 1196 ι
1563 1146 1702 1212 Ergo
1720 1161 1825 1200 non
1850 1145 2167 1217 simpliciter
2188 1147 2265 1200 ait

702 1233 992 1301 Apostolus
1055 1233 1374 1300 sapientiam
1420 1251 1542 1289 csse
1584 1236 1872 1288 stultitiam
1903 1235 2038 1304 apud
2072 1235 2260 1297 Deum,

702 1325 795 1377 sed
820 1325 1031 1390 sapient
1060 1339 1144 1374 am
1178 1323 1334 1390 hujus
1373 1326 1581 1378 mundi.
1610 1325 1799 1394 Neque
1825 1327 1954 1380 dicit
1999 1327 2262 1395 simplici-

701 1415 820 1460 ter:
853 1407 910 1460 Si
938 1409 1060 1474 quis;
1093 1409 1306 1463 videtur
1347 1411 1488 1465 inter
1521 1426 1613 1465 vos
1642 1426 1767 1467 esse
1803 1416 2039 1482 sapiens,
2070 1415 2263 1470 stultus

703 1496 824 1561 ﬁat;
858 1497 974 1561 sed,
1010 1498 1206 1551 sultus
1247 1499 1339 1552 ﬁat
1373 1501 1424 1552 in
1459 1501 1559 1554 hoc
1587 1502 1806 1566 saeculo,
1839 1513 1899 1556 ut
1927 1505 1996 1557 sit
2026 1505 2258 1572 sapiens.

703 1588 1037 1655 Sapientiam
1071 1589 1235 1656 igitur
1267 1589 1425 1658 hujus
1469 1590 1649 1643 szecnli
1687 1591 1920 1645 dicimus
1940 1608 2057 1646 eam
2092 1593 2263 1660 philo-

703 1681 972 1748 sophiam,
1002 1696 1123 1750 qua:
1167 1679 1320 1732 falSi..
1368 1683 1715 1748 opinionibus
1747 1693 1860 1736 tota
1886 1684 2042 1751 plena
2074 1693 2176 1749 est,
2207 1693 2262 1736 et

701 1785 822 1837 quae
873 1772 1170 1824 secundum
1233 1773 1542 1840 Scripturas
1604 1774 1808 1826 inutilis
1838 1783 1891 1827 et
1931 1788 2259 1842 supervacua

704 1861 970 1914 redditur.
993 1860 1106 1916 Nec
1135 1863 1300 1916 etiam
1329 1865 1614 1939 stultitiam
1652 1879 1909 1920 vocamus
1943 1866 2260 1933 simpliciter

701 1954 928 2018 bonam;
963 1967 1037 2006 εει
1093 1969 1235 2020 eam,
1256 1969 1360 2022 qua
1383 1954 1504 2022 quis
1532 1955 1654 2006 huic
1677 1955 1872 2008 samulo
1897 1955 2090 2008 stultus
2112 1956 2261 2008 vide-

701 2051 790 2094 tur
825 2058 840 2094 :
872 2048 1002 2109 quo.
1031 2059 1196 2096 sensu
1241 2044 1578 2099 Platonicum
1622 2045 1709 2110 qui
1763 2045 1994 2097 animam
2043 2044 2262 2096 immor-

703 2132 886 2196 talem,
917 2129 1150 2201 eamque
1179 2147 1208 2186 e
1237 2149 1468 2204 corpore
1497 2135 1550 2188 in
1593 2135 1734 2188 aliud
1762 2149 1960 2203 corpus
1993 2134 2260 2203 emigrare

699 2222 898 2282 credit,
929 2224 1154 2276 stultum
1181 2238 1304 2278 esse
1320 2227 1667 2294 {diceremus,
1693 2234 1950 2294 quantum
1999 2225 2062 2277 ad
2119 2222 2263 2276 Stoi-

698 2329 813 2382 cos,
859 2318 1256 2386 Peripateticos
1293 2328 1346 2372 ει
1387 2319 1710 2386 Epicureos;
1769 2318 1977 2372 Stoicos
2019 2317 2257 2384 quidem,

699 2409 791 2477 qui
839 2409 1022 2463 luecce
1069 2409 1318 2478 dogmata
1368 2410 1691 2473 exsibilant;
1723 2409 2138 2480 Peripateticos,
2168 2407 2259 2475 qui

706 2501 950 2553 Platonis
1027 2500 1270 2568 argutias
1318 2500 1602 2564 derident;
1655 2500 1944 2568 Epicureos
2003 2499 2255 2566 denique,

698 2591 896 2659 quibus
925 2590 1291 2658 superstitiosi
1317 2599 1449 2644 sunt
1472 2590 1507 2642 ii
1533 2589 1626 2659 qui
1654 2589 1942 2642 admittunt
1973 2588 2261 2657 providen-
2305 2663 2307 2665 ι

701 2685 830 2735 tiam
861 2675 1138 2748 Deumque
1171 2683 1336 2735 rebus
1364 2681 1616 2735 omnibus
1645 2680 1966 2748 praeficiunt.
1993 2679 2260 2742 Prmtcrca

697 2771 864 2826 etiam
895 2785 962 2826 ex
987 2782 1170 2826 nostra
1196 2771 1443 2826 doctrina
1484 2781 1746 2842 praestare
1774 2769 1945 2824 multo
1971 2771 2177 2825 ratione
2207 2752 2283 2848 et.~

698 2864 964 2934 sapientia
1014 2863 1352 2933 persuaderi,
1400 2878 1562 2932 quam
1596 2861 1826 2930 simplici
1899 2861 2030 2924 ﬁde;
2082 2866 2158 2926 et,
2213 2862 2293 2916 si-

703 2957 940 3012 Verbum
990 2953 1311 3024 quibusdam
1364 2957 1416 3008 in
1472 2953 1899 3018 circumstantiis
1933 2955 2258 3021 postremam

701 3047 844 3099 hanc
877 3045 1024 3114 viam
1056 3044 1183 3097 iniri
1230 3044 1428 3109 voluit,
1465 3044 1568 3096 hoc
1600 3043 1800 3096 idcirco
1827 3027 2079 3107 voluisse,
2109 3058 2166 3098 ut
2195 3063 2261 3100 ne

703 3135 954 3189 homines
983 3147 1107 3186 esse
1138 3143 1436 3201 pateretur,
1470 3147 1604 3199 quos
1624 3146 1727 3185 non
1754 3132 2056 3197 adiuvaret,
2079 3135 2260 3188 decla-

702 3234 787 3279 rat
846 3238 1142 3293 germanus
1197 3222 1325 3277 Jcsu
1381 3223 1678 3289 discipulus
1723 3225 1921 3277 Paulus
1971 3241 2090 3278 cum
2146 3228 2252 3279 ait:

703 3334 722 3366 ι
757 3314 890 3368 Nam
925 3315 1051 3382 quia
1086 3315 1138 3367 in
1159 3314 1253 3367 Dei
1286 3314 1550 3382 sapientia
1595 3297 1977 3384 non'cognovit
2029 3317 2256 3371 mundus

699 3421 797 3474 per
844 3404 1170 3478 sapientiam
1221 3405 1424 3468 Deum;
1479 3405 1680 3472 placuit
1709 3405 1816 3457 Deo
1841 3421 1932 3473 per
1968 3406 2255 3458 stultitiam

699 3493 1099 3562 praedicationis
1137 3491 1317 3546 salvos
1362 3492 1542 3545 facere
1567 3494 1933 3549 credentes”.
1974 3515 1992 3547 ι
2028 3497 2104 3548 Ex
2135 3497 2254 3563 qui-

699 3587 798 3639 bus
829 3585 998 3653 liquet
1027 3585 1074 3637 in
1110 3585 1204 3638 Dei
1235 3583 1500 3651 sapientia
1531 3585 1695 3636 Deum
1721 3588 2024 3653 oportuisse
2055 3601 2257 3654 eugno-

698 3675 812 3734 sci;
839 3675 983 3742 quod
1019 3690 1070 3743 qi
1095 3675 1146 3728 ia
1182 3690 1287 3728 non
1319 3673 1521 3727 factum
1561 3684 1666 3738 est,
1709 3676 1880 3728 visum
1919 3687 2101 3743 postea
2150 3677 2254 3728 Deo

698 3763 888 3830 fuisse,
917 3777 976 3818 ut
1007 3773 1191 3819 salvos
1218 3764 1429 3820 faceret
1457 3765 1762 3830 credentes,
1797 3780 1903 3817 non
1935 3766 2253 3834 simpliciter

698 3871 796 3925 per
856 3853 1167 3922 stbltiliam,
1219 3859 1314 3910 sed
1370 3871 1465 3925 per
1511 3836 1791 3910 stultitiam
1838 3858 2251 3924 prwdicationis.

695 3947 853 4013 Quod
914 3947 1059 4000 enim
1111 3945 1270 4000 Jesus
1299 3946 1550 4001 Christus
1588 3948 1882 4008 cruciﬁxus
1905 3948 2253 4014 pra-dicatur,

694 4037 804 4089 hoc
837 4044 920 4088 est
970 4023 1203 4088 stultitia
1245 4036 1667 4102 praadicationis,
1713 4037 2158 4104 quemadmodum
2199 4044 2255 4093 et

701 4124 833 4177 illud
865 4124 1174 4192 intelligens
1202 4124 1398 4177 Paulus
1431 4126 1507 4178 ait
1540 4144 1554 4177 :
1594 4143 1612 4175 ι
1651 4123 1756 4178 Nos
1789 4134 1964 4178 autem
1996 4127 2255 4193 praedica-

699 4230 819 4269 mus
866 4214 1050 4268 Jesum
1087 4216 1385 4284 Christum,
1417 4230 1646 4284 eumque
1679 4214 2026 4279 cruciﬁxum;
2056 4214 2254 4269 Judaeis

695 4305 912 4371 quidem
944 4305 1284 4370 scandalum,
1323 4306 1527 4359 Graecis
1559 4315 1736 4356 autem
1773 4304 2092 4366 stultitiam;
2126 4302 2254 4370 ipsis

695 4401 878 4446 autem
929 4407 1061 4446 voca
1077 4393 1138 4446 .is
1168 4391 1370 4446 Judreis
1409 4404 1571 4460 atque
1603 4393 1806 4446 Graecis
1850 4392 2124 4460 Christum
2157 4392 2248 4445 Dei

697 4483 963 4538 virtutem
996 4493 1050 4538 et
1080 4485 1170 4537 Dei
1203 4482 1612 4552 sapientiam“.
1654 4501 1672 4533 ›

765 4572 926 4644 332
965 4573 1052 4627 M.
1107 4573 1241 4627 Cum
1272 4573 1458 4627 Celsus
1491 4574 1734 4627 nationes
1779 4573 2040 4642 plurimas
2066 4574 2252 4627 existi-

694 4675 809 4719 met
836 4662 1061 4716 rationis
1091 4662 1330 4728 ejusdem
1374 4667 1600 4732 quadam
1631 4665 1948 4732 cognatione
1972 4677 2090 4717 esse
2115 4679 2248 4716 con-

2364 601 2722 673 Χριστιανῶν,
2783 621 2799 652 ι
2838 601 3018 654 Κακὸν
3077 600 3176 669 μέν
3218 614 3279 666 γε
3325 601 3358 668 ἡ
3404 601 3462 652 ὲν
3501 596 3580 667 τῷ
3615 595 3715 667 βίῳ
3747 598 3938 665 σοφία,

2363 693 2563 760 ἀγαθὸν
2595 692 2650 745 δὲ
2696 693 2728 761 ἡ
2763 691 2968 762 μωρία·
3020 710 3038 742 ι
3083 688 3321 752 λεκτέον,
3362 690 3815 762 ὃτιισυκοφαντεῖ
3845 686 3941 742 τὸν

2362 782 2537 850 λόγον,
2577 784 2649 852 μὴ
2682 781 2968 850 ἐκθέμενος
2994 780 3160 850 αὐτὴν
3191 779 3290 850 τὴν
3323 778 3473 849 παρὰ
3499 777 3580 848 τῷ
3608 777 3806 858 Παύλῳ
3834 794 3940 830 κει·

2367 877 2544 945 μένηνν
2576 873 2719 938 λέξιν
2768 872 2936 934 οὕτως
2999 871 3256 942 ἔχουσαν·
3300 890 3317 920 ι
3362 869 3431 922 Et
3471 887 3555 929 τις
3590 868 3736 921 δοκεῖ
3774 869 3939 936 σοφὸς

2365 963 2500 1019 εἶναι
2548 969 2605 1019 ὲν
2659 963 2786 1034 ὑμῖν
2819 961 2953 1033 (59),
2988 963 3045 1015 ὲν
3075 962 3155 1032 τῷ
3181 962 3334 1015 αἰῶνι
3375 961 3548 1031 τούτῳ
3585 960 3765 1031 μωρὸς
3785 959 3939 1027 γενέ-

2365 1057 2495 1122 σθω,
2543 1057 2631 1110 ἵνα
2687 1039 2910 1124 γένηται
2959 1054 3145 1123 σοφός·
3188 1055 3221 1123 ἡ
3257 1057 3365 1122 γὰρ
3399 1052 3562 1120 σοφία
3591 1048 3685 1102 τοῦ
3718 1051 3934 1120 κόσμου

2362 1147 2551 1199 τούτου
2601 1132 2778 1216 μωρία
2812 1143 2962 1215 παρὰ
3006 1143 3084 1215 τῷ
3112 1143 3230 1214 Θεῷ
3262 1145 3430 1196 ἐστιν.
3471 1162 3491 1196 ι
3529 1141 3740 1196 Οὐκοῦν
3769 1143 3798 1193 6
3837 1143 3939 1212 μὲν

2376 1236 2693 1299 Ἀπόστολός
2721 1253 2904 1306 ιιησιν,
2927 1234 3022 1301 οὐχ
3061 1234 3348 1300 ἁπλῶς,’Π
3381 1234 3542 1302 σοφία
3576 1234 3756 1304 μωρία
3783 1231 3939 1304 παρὰ

2362 1327 2441 1397 τῷ
2474 1327 2593 1397 Θεῷ
2654 1330 2735 1379 ὲσο.
2755 1344 2799 1378 ιν
2822 1343 2835 1356 ·
2884 1325 3020 1390 ἀλλ’,
3064 1325 3128 1378 Ἦ
3162 1312 3328 1393 σοφία
3351 1323 3445 1376 τοῦ
3474 1325 3678 1394 κόσμου
3721 1325 3935 1379 τούτου.

2363 1418 2473 1470 Καὶ
2504 1416 2663 1468 πάλιν
2681 1431 2696 1446 ·
2723 1417 2839 1479 ιύκ,
2864 1415 2918 1468 εί
2937 1433 3020 1478 τις
3049 1415 3197 1467 δοκεῖ
3224 1414 3382 1482 σοφὸς
3411 1409 3549 1466 εἶναι
3571 1415 3628 1464 ὲν
3654 1413 3781 1481 ύμῖν
3798 1411 3936 1484 (60),

2365 1503 2697 1568 ἁπαξαπλῶς
2753 1503 2919 1573 ιωρὸς
2951 1502 3218 1570 γενέσθω·
3257 1501 3392 1566 ἀλλ’,
3427 1502 3487 1554 ὲν
3519 1501 3594 1570 τῷ
3622 1502 3776 1553 αἰῶνι
3805 1500 3935 1555 τού-

2363 1615 2456 1666 τῳ¹
2485 1595 2664 1666 μωρὸς
2707 1594 2963 1663 γενέσθω,
3011 1593 3097 1647 ἵνα
3128 1593 3350 1663 γένηται
3386 1592 3569 1660 σοφός.
3614 1591 3814 1660 Σοφίαν
3841 1588 3938 1647 οὖν

2362 1684 2549 1737 τούτου
2599 1683 2693 1736 τοῦ
2745 1684 2932 1745 αἰῶνος
2975 1673 3224 1753 λέγομεν
3250 1683 3349 1754 τὴν
3393 1681 3549 1735 κατὰ⁸
3574 1683 3672 1744 τὰς
3711 1682 3937 1753 Γραφὰς

2364 1775 2808 1846 καταργουμένην
2829 1775 3004 1826 πᾶσαν
3028 1772 3438 1841 ψευδοδοξοῦσαν
3461 1773 3772 1841 φιλοσοφίαν
3790 1789 3804 1802 ·
3839 1767 3938 1828 καὶ

2294 1842 2337 1901 Β
2367 1842 2576 1936 μωρίαν
2616 1842 2841 1932 λέγομεν
2867 1863 3073 1934 ἀγαθὴν
3106 1864 3206 1916 οὐκ
3235 1863 3667 1932 ὰπολελυμένως,
3696 1862 3807 1915 ἀλλ’
3842 1864 3935 1916 ὅτε

2359 1973 2442 2020 τις
2457 1956 2532 2024 τῷ
2547 1957 2700 2009 αίῶνι
2731 1973 2742 1989 ι
2763 1956 2903 2025 ούτῳ
2939 1954 3136 2021 γίνεται
3165 1953 3368 2023 μωρός·
3391 1953 3466 2016 ὼς
3485 1955 3532 2005 εί
3548 1953 3800 2022 λέγοιμεν
3818 1954 3935 2022 (61)

2360 2050 2452 2100 καὶ
2511 2048 2599 2100 τὸν
2657 2046 3020 2108 Πλιτωνικὺν,
3053 2043 3373 2097 πιστεύοντα
3423 2047 3490 2114 τῇ
3533 2044 3798 2114 ἀθανασίᾳ
3835 2045 3937 2116 τῆς

2359 2136 2556 2207 ψυχῆς,
2592 2137 2685 2190 καὶ
2715 2140 2826 2199 τοῖς
2857 2136 2982 2206 περὶ
3013 2135 3180 2205 αὐτῆς
3218 2133 3531 2203 λεγομένοις
3573 2135 3701 2204 περὶ
3744 2151 3940 2204 μετεν-

2363 2225 2755 2295 σωματώσεως,
2805 2227 3013 2294 μωρίαν
3079 2222 3422 2292 ἀνειληφέναι
3471 2222 3601 2293 (62),
3650 2225 3726 2286 ὡς
3795 2223 3939 2294 πρὸς

2357 2318 2482 2378 τοὺς
2513 2311 2799 2379 Στωϊκοὺς,
2834 2315 3184 2385 διασύροντας
3222 2315 3320 2384 τὴν
3352 2310 3554 2370 τούτων
3591 2315 3939 2381 συγκατάθε-

2361 2423 2477 2458 σιν·
2524 2409 2615 2459 καὶ
2659 2405 2734 2468 ὡς
2783 2407 2916 2478 πρὸς
2943 2405 3432 2477 Περιπατητικοὺς,
3464 2403 3821 2474 θρυλλοῦντας
3863 2404 3940 2462 τὰ

2360 2497 2640 2558 Πλάτωνος
2668 2514 2756 2566 τερ
2769 2498 3026 2566 ετίσματα
3044 2513 3057 2526 ·
3086 2498 3178 2550 καὶ
3205 2496 3279 2558 ὼς
3309 2495 3445 2565 πρὸς
3489 2497 3897 2566 Ἐπικουρείους
3915 2535 3934 2562 ,

2358 2588 2776 2659 δεισιδαιμονίαν
2809 2588 3170 2656 ἐγκαλοῦντας
3190 2592 3298 2650 τοῖς
3326 2587 3607 2654 εἰσάγουσι
3654 2587 3935 2657 πρόνοιαν,

2359 2680 2452 2734 καὶ
2479 2679 2610 2732 Θεὸν
2635 2680 2883 2747 ἐφιστᾶσι
2914 2681 3025 2740 τοῖς
3047 2679 3207 2740 ὅλοις.
3239 2679 3356 2730 Ἔτι
3384 2678 3442 2730 δὲ
3479 2680 3558 2731 ὃτι
3581 2678 3676 2731 καὶ
3701 2678 3845 2730 κατὰ
3871 2678 3938 2730 τὸ

2322 2763 2324 2765 “
2357 2771 2434 2842 τῷ
2465 2771 2605 2840 λόγῳ
2627 2771 2760 2841 ἁρέσ
2783 2787 2875 2833 εον,
2901 2769 3076 2839 πολλῷ
3107 2769 3351 2839 διαφέρει
3381 2769 3517 2839 μετὰ
3537 2769 3694 2836 λόγου
3722 2770 3816 2821 καὶ
3843 2786 3936 2843 σο-

2361 2862 2490 2930 φίας
2537 2878 2766 2928 συγκατι
2784 2859 3022 2912 τίθεσθαι
3045 2865 3154 2923 τοῖς
3178 2860 3461 2929 δόγμασιν,
3491 2860 3634 2929 ἢπερ
3673 2861 3811 2930 μετὰ
3839 2859 3935 2928 ψι-

2358 2953 2453 3023 λῆς
2487 2953 2582 3022 τῆς
2616 2953 2847 3014 πίστευς
2869 2969 2881 2981 ·
2915 2952 3006 3004 καὶ
3039 2952 3121 3003 ὅτι
3146 2950 3285 3004 κατὰ
3311 2950 3632 3021 περίστασιν
3665 2951 3760 3002 καὶ
3787 2948 3936 3002 τοῦτ’

2360 3040 2626 3109 ἐϐουλήθη
2678 3041 2707 3091 6
2753 3039 2941 3106 λιόγος,
2977 3039 3064 3091 ἵνα
3116 3039 3189 3108 μὴ
3237 3037 3415 3106 πάντη
3452 3038 3751 3105 ἀνωφελεῖς
3796 3037 3936 3108 ἐάσῃ

2299 3167 2326 3198 μ
2359 3130 2484 3191 τοὺς
2528 3127 2864 3197 ἀνθρώπους,
2905 3128 3056 3198 δηλοῖ
3095 3131 3123 3180 ὁ
3155 3126 3247 3181 τοῦ
3281 3126 3456 3196 Ἰησοῦ
3492 3132 3712 3196 γνήσιος
3761 3127 3939 3198 μαθηο

2360 3219 2458 3289 τὴς
2491 3219 2717 3281 Παῦλος,
2755 3218 2951 3270 εἰπιὶιν·
3003 3236 3020 3268 ι
3075 3219 3289 3288 Ἐπειδὴ
3322 3219 3432 3288 γὰρ
3461 3218 3519 3270 ἐν
3548 3219 3614 3286 τῇ
3648 3215 3809 3287 σοφία
3836 3215 3935 3270 τοῦ

2360 3308 2493 3360 Θεοῦ
2551 3309 2649 3360 ούκ
2699 3307 2837 3376 ἔγνω
2878 3311 2906 3360 6
2958 3308 3157 3378 κόσμος
3175 3307 3261 3362 διὰ
3282 3307 3384 3379 τῆς
3417 3307 3606 3377 σοφίας
3639 3307 3730 3359 τὸν
3775 3307 3934 3372 Θεὸν,

2359 3397 2647 3466 εὐδόκησεν
2695 3398 2724 3448 6
2757 3397 2887 3459 Θεὸς
2930 3396 3017 3449 διὰ
3046 3397 3146 3466 τῆς
3183 3397 3392 3467 μωρίας
3444 3395 3538 3448 τοῦ
3579 3396 3937 3466 κηρύγματος

2361 3487 2529 3539 σῶσαι
2547 3487 3065 3564 τοὺςπιστεύοντας.
3093 3507 3111 3539 ι
3135 3487 3325 3557 Σαφῶς
3353 3485 3447 3542 οὖν
3475 3489 3560 3542 διὰ
3584 3488 3785 3541 τούτων
3817 3489 3933 3558 (65)

2358 3575 2628 3646 δηλοῦται,
2668 3578 2748 3630 ὅτι
2808 3580 2865 3629 έν
2893 3581 2958 3648 τῇ
2996 3580 3155 3650 σοφία
3181 3579 3269 3632 τοῦ
3307 3578 3442 3632 Θεοῦ
3477 3581 3642 3652 ἐχρῆν
3664 3581 3935 3648 γινώσκει-

2361 3665 2482 3717 σθαι
2528 3668 2616 3717 τὸν
2646 3668 2765 3720 Θεόι
2823 3668 2933 3719 Καὶ
2967 3671 3084 3720 ἐπεὶ
3118 3669 3192 3739 μὴ
3225 3669 3380 3722 τοῦτο
3403 3672 3696 3741 γεγένηται
3733 3672 3933 3736 οὕτως,

2360 3759 2610 3830 δεύτερον
2643 3752 2942 3830 εὐδόξησεν
2967 3763 2994 3812 6
3023 3760 3152 3822 Θεὸς
3188 3761 3356 3814 σῶσαι
3391 3763 3515 3824 τοὺς
3552 3764 3932 3828 πιστεύοντας,

2356 3852 2454 3920 οὐχ
2500 3849 2830 3914 ἁπαξαπλῶς
2870 3851 2958 3904 διὰ
3006 3850 3230 3921 μωρίας,
3280 3850 3414 3903 ἀλλὰ
3449 3850 3535 3903 διὰ
3575 3853 3783 3922 μωρίας
3803 3855 3933 3906 ὅσον

2359 3944 2450 3994 ἐπὶ
2479 3941 2555 4012 τῷ
2588 3942 2896 4013 κηρύγματι
2926 3941 3056 4013 (64).
3112 3941 3347 3995 Λῦτόθεν
3377 3941 3484 4013 γὰρ
3519 3943 3933 4012 κηρυσσόμενος

2315 4055 2317 4058 ⁴
2368 4034 2572 4104 Ἰησοῦς
2593 4036 2762 4104 Χριστ
2781 4053 2823 4097 ›ς
2843 4034 3268 4104 ἐσταυρωμένος.
3291 4032 3472 4118 μωρία
3499 4035 3613 4084 ἐστὶ
3638 4033 3932 4104 κηρύγμα-

2355 4143 2471 4187 τος·
2515 4127 2590 4187 Lb;
2623 4127 2714 4178 καὶ
2758 4147 2767 4174 ‹
2821 4125 3232 4192 συναισθόμενος
3257 4123 3420 4176 αὑτοῦ
3454 4123 3602 4192 λέγει
3632 4123 3844 4188 Παῦλος
3866 4128 3930 4178 ὲν

2359 4216 2435 4284 τῷ
2454 4233 2466 4244 ·
2494 4235 2511 4265 ι
2554 4213 2740 4285 Ἡμεῖς
2785 4215 2827 4267 Σὲ
2859 4215 3200 4286 κηρύσσομεν
3231 4215 3435 4281 Ἰησοῦν
3469 4217 3702 4283 Χριστὸν
3731 4218 3926 4268 ἐσταυ-

2359 4307 2599 4376 ρωμένον
2635 4304 2760 4375 (65),
2800 4305 3069 4367 Ἰουδαίοις
3105 4307 3201 4375 μὲν
3245 4304 3555 4369 σκάνδαλον,
3598 4307 3824 4376 Ἕλλησι
3867 4308 3929 4360 δὲ

2362 4397 2602 4465 μωρίαν·
2641 4396 2818 4463 αὑτοίς
2870 4394 2927 4446 δὲ
2972 4397 3080 4456 τοῖς
3116 4396 3328 4464 κλητοῖς
3382 4397 3656 4460 Ἰουδαίοις
3706 4415 3767 4451 τε
3829 4401 3928 4452 καὶ

2283 4492 2329 4546 Ι)
2361 4484 2578 4553 Ἕλλησι
2607 4486 2759 4553 Χρισ·
2779 4486 2836 4536 ὸν
2860 4484 2990 4536 Θεοῦ
3021 4484 3242 4553 δύναμιν
3276 4487 3368 4537 καὶ
3396 4483 3528 4539 Θεοῦ
3557 4489 3770 4554 σοφίαν.
3796 4510 3812 4537 ι

2429 4575 2748 4640 Συγγένειαν
2781 4574 2930 4645 παρὰ
2969 4574 3176 4637 πολλοῖς
3223 4575 3330 4626 τῶν
3377 4577 3545 4631 ἐθνῶν
3571 4577 3808 4646 νομίζων
3846 4575 3926 4629 εἷ-

2357 4683 2444 4718 ναι
2476 4667 2503 4717 ὁ
2535 4666 2736 4728 Κέλσος
2762 4666 2852 4746 τοῦ
2885 4665 3046 4718 αὑτοῦ
3089 4665 3266 4732 λόγου,
3301 4666 3477 4718 πάντα
3513 4667 3610 4735 μὲν
3667 4667 3926 4735 ὀνομάζει

765 4759 810 4791 υ
839 4756 860 4810 1
886 4758 1011 4812 Cor.
1045 4771 1125 4819 ιιι,
1158 4755 1353 4824 18419.
1426 4740 1472 4790 ιε
1503 4757 1517 4808 |
1543 4757 1664 4810 Cor.
1690 4773 1727 4820 l,
1753 4758 1840 4810 ει.
1915 4757 1960 4788 ει
1989 4757 2118 4810 illiti.
2145 4757 2235 4820 25,
2259 4756 2349 4811 si.

767 4872 879 4945 (59)
929 4873 1128 4946 Qnmes
1152 4873 1334 4946 ‘codd.
1385 4888 1517 4946 mss.
1560 4883 1615 4946 et
1664 4872 1981 4946 Philocalia,
2011 4879 2067 4930 έν
2095 4878 2244 4946 ὑμῖν.

699 4941 1039 5000 Ηαὲεοιιθιίυς
1066 4951 1116 4994 et
1148 4941 1472 5009 Spencerus,
1505 4943 1560 4992 ἐν
1595 4944 1742 5010 ἡμῖν.
1777 4943 1942 4996 Paulo
1967 4959 2084 5010 post
2120 4941 2247 4999 Phi-

699 5016 885 5066 loc;dia
917 5011 1096 5082 μωρίι
1117 5012 1232 5062 ἐστὶ
1259 5011 1407 5082 παρὰ
1438 5011 1514 5080 τῷ
1530 5011 1665 5082 ΘεῷΖ

770 5085 878 5150 (0‘0)
905 5079 1105 5136 Omnis
1152 5079 1349 5134 iterum
1389 5079 1516 5135 mss.
1559 5092 1611 5134 et
1637 5079 1957 5148 ,Philocalia,
1995 5083 2051 5134 ἐν
2098 5083 2241 5150 ύμῖν.

698 5150 862 5213 Alias,
891 5152 948 5201 ὲν
976 5151 1128 5218 ἡμῖν.
1198 5217 1203 5218 γ
1558 5184 1565 5190 ι
2040 5145 2042 5160 '

766 5167 862 5213 Ias,
891 5167 948 5201 εν
976 5167 1128 5213 ημιν.
1558 5184 1565 5190 ι

698 5167 862 5213 Atlas,
891 5167 948 5201 εν
976 5167 1128 5218 ημιν.
1558 5184 1565 5190 ι

679 5212 686 5228 ’
772 5218 883 5286 (61)
926 5218 1023 5288 Ὡς
1051 5222 1104 5270 εὶ
1135 5217 1430 5288 λέγοιμεν.
1461 5219 1548 5272 Sic
1585 5223 1740 5276 codd.
1770 5221 1988 5288 Regius,
2039 5219 2241 5273 Basile-

695 5289 841 5340 ensis
869 5285 1524 5356 et,l’hilocalia,—rcctius
1556 5304 1712 5354 quam
1764 5285 1953 5356 reliqui
1990 5305 2116 5341 mss.
2152 5288 2241 5354 qui

697 5371 818 5427 eum
864 5353 1004 5427 libb,
1054 5356 1212 5427 editis
1269 5358 1489 5420 habent,
1518 5353 1648 5409 ὡσεὶ
1702 5353 1952 5427 λέγομεν,
1983 5367 2046 5427 et
2092 5353 2249 5424 quam

699 5425 804 5496 duo
846 5425 1151 5493 Anglicani-
1191 5427 1244 5478 in
1299 5427 1494 5495 quibus
1543 5428 1756 5496 legitur,
1802 5425 1932 5479 ὡσεὶ
1983 5425 2245 5494 λέγωμεν.

698 5493 966 5547 Caeterum
1000 5493 1530 5560 transmigrationem
1559 5493 1858 5550 animarum
1883 5493 2251 5562 ecorpmibus

2352 4873 2575 4932 τούτων,
2622 4879 2675 4923 et
2728 4869 2884 4921 uncis
2939 4866 3215 4920 includunt
3264 4867 3582 4919 adverbium
3641 4864 3747 4930 ἔτι,
3773 4867 3924 4934 quod

2354 4958 2451 4995 nos
2481 4938 2858 5005 expunximus,
2879 4945 3059 5004 utpote
3085 4936 3227 5003 quod
3252 4934 3486 4988 abcstab
3506 4935 3760 4990 omnibus
3781 4952 3920 4991 mss.
3954 4971 3958 4975 -

2354 5022 2408 5065 et
2436 5009 2742 5062 Philucalia.

2356 5125 2359 5127 .
2419 5078 2534 5197 (64)
2583 5075 2734 5155 Libb:
2774 5074 2910 5155 editi.
2938 5083 2993 5125 et
3023 5088 3152 5126 mss.
3188 5071 3311 5124 Ἐπὶ
3343 5072 3684 5143 κηρύγματι.
3729 5071 3922 5126 Philo-

2356 5163 2409 5197 ra
2439 5164 2504 5197 ia.
2544 5145 2634 5195 ἐπὶ
2663 5161 2740 5195 τω
2776 5159 3104 5197 κηρυγματι.

2349 5143 2523 5206 (alia,
2544 5145 2634 5214 ξπ).
2663 5143 2740 5213 τῷ
2776 5143 3104 5214 κηρύγματι.

2422 5215 2529 5285 (65)
2549 5212 2700 5285 Libb.
2715 5211 2876 5285 editi,
2893 5211 3259 5285 (stemmata)
3275 5211 3462 5285 τοῦτον
3476 5211 3917 5285 ἐσταυρωμένον.

2354 5279 2549 5338 Verum
2607 5284 2661 5334 in
2707 5283 2864 5334 codd.
2930 5279 3216 5342 Vaticanis,
3253 5281 3424 5333 trilms
3459 5279 3792 5349 Anglicanis,
3817 5279 3890 5330 8:.

2348 5352 2562 5407 sileensi
2587 5363 2642 5403 et
2675 5350 2968 5404 Philocalia
3001 5350 3171 5411 deest,
3195 5349 3290 5401 καὶ
3320 5349 3531 5417 τοῦτον.
3593 5349 3766 5402 Paulo
3788 5361 3920 5416 pot

2348 5422 2573 5494 Ἕλλησι
2611 5420 2666 5472 δὲ
2711 5418 3065 5494 μωρίανεμδίρ
3095 5418 3387 5473 Philocalia
3420 5430 3477 5494 et
3508 5433 3709 5494 omlnes
3746 5419 3915 5470 codd.

2348 5486 2574 5557 mss.,'si
2609 5486 2888 5557 exceperis
2921 5488 3281 5541 Basileensem
3325 5498 3377 5542 et
3400 5490 3536 5542 duos
3585 5486 3912 5557 (Vaticanos,

703 5562 756 5634 in
795 5577 1019 5634 corpora
1052 5564 1207 5616 docet
1230 5553 1382 5618 Plato
1424 5568 1530 5628 sub
1573 5566 1734 5620 linem
1782 5553 2081 5634 praesertim
2130 5564 2248 5617 libri
2344 5563 2438 5634 qui
2461 5553 2880 5634 liabentéoiosct.
2905 5557 3250 5634 [lossehelius
3269 5572 3483 5626 quoque
3507 5556 3678 5632 habet
3700 5553 3915 5618 ἔθνεσι,

699 5628 902 5700 decimi
920 5631 1003 5700 ρο
1043 5648 1154 5700 τερ.

793 5695 882 5838 62)
918 5695 1231 5767 Philodalia,
1252 5699 1545 5771 εἰληφέναι.

793 5766 862 5820 63
918 5766 1250 5828 Hmschelius
1282 5781 1336 5828 et
1365 5774 1685 5838 Speucerus,
1719 5771 1900 5838 σαφῶς
1929 5766 1987 5827 οὗ

793 5766 882 5838 65)
918 5766 1250 5828 Ηωεοιιιιιὶυε
1282 5781 1336 5828 et
1356 5766 1685 5842 'Spcncerus,
1719 5771 1900 5842 σαφῶς
1929 5766 2021 5827 οῦν
2051 5771 2129 5824 ἐτι
2157 5770 2243 5826 διὰ

2346 5623 2440 5682 ἐρα
2472 5633 2537 5681 ad
2584 5630 2879 5695 marginem
2915 5626 3160 5696 Ἕλλησι.
3216 5623 3520 5696 Spemrerus
3579 5623 3702 5678 vice
3747 5638 3913 5678 versa

2349 5698 2400 5753 in
2442 5709 2587 5752 textu
2623 5693 2863 5766 Ἕλλησι,
2898 5707 2945 5751 el
3001 5693 3327 5764 in'margine
3354 5693 3550 5748 ἔθνεσι.
