4096 6304
307 439 420 494 709

1520 438 1795 493 CONTRA
1828 438 2100 493 (ZELSUM
2136 436 2264 491 LIB.
2308 435 2344 487 l.

3447 443 3545 494 7l0

302 547 376 600 τὰ
422 545 757 616 Χριστιανῶν
791 547 884 598 καὶ
939 546 1225 601 Ἰουδαίων.
1276 549 1396 611 Πῶς
1449 548 1502 601 δὲ
1539 548 1630 600 καὶ
1663 549 1858 619 γοητείε

1986 548 2074 614 qni
2103 561 2276 600 rerum
2318 544 2751 601 Christianarum
2796 550 3211 621 Jndazarnmqne
3252 563 3359 607 tam
3404 563 3516 621 per.

306 637 462 707 παρά
489 639 597 698 τοῖς
618 635 1076 706 παραδεξαμένοις
1112 637 1202 688 τὸν
1232 638 1507 701 Μωῦσὲως
1530 640 1689 708 νόμον
1714 640 1877 699 ἐστὶν,

302 726 641 793 ἀνεγνωκόσι
676 727 767 779 καὶ
798 726 876 777 τό·
920 746 936 775 ι
980 727 1104 788 Τοῖς
1149 728 1418 790 ὲπαοιδοῖς
1447 730 1506 781 ού
1550 729 1882 800 προσκολλη-

302 815 569 883 θήσεσθε,
609 817 963 886 ὲκμιανθῆναι
996 820 1053 870 ὲν
1082 804 1295 883 αὐτοῖςς
1331 838 1348 869 ι
1383 818 1795 886 Ἐπαγγέλλεται
1824 820 1880 871 δὲ

298 904 537 971 διδάξειν
574 905 774 973 ὲξῆς,;ι
801 906 915 968 πῶς
948 908 1040 959 καὶ
1083 907 1322 960 Ἰουδαῖοι
1347 908 1448 960 ὑπὸ
1468 908 1703 977 ἀμαθίας
1725 909 1883 975 ἐσφά-

300 994 478 1064 λησαν
511 994 936 1064 ἐξαπατώμενοι.
983 1015 999 1046 ι
1037 997 1145 1048 Καὶ
1177 999 1224 1049 εἰ
1254 997 1351 1066 μὲν
1375 997 1597 1069 ηὕρισκε
1625 998 1722 1067 τὴν
1756 999 1882 1066 περὶ

315 1085 497 1154 Ἰησοῦ
525 1085 618 1137 τοῦ
651 1085 886 1155 Χριστοῦ
922 1090 979 1138 ἐν
1024 1086 1296 1150 Ἰουδαίοις
1328 1088 1568 1157 ἀμαθίαν
1604 1089 1677 1157 μὴ
1711 1105 1833 1140 κατι

299 1174 539 1225 κούσασι
561 1172 667 1225 τῶν
699 1173 826 1242 περὶ
842 1172 1004 1226 αὐτοῦ
1041 1174 1404 1245 προφητειῶν,
1439 1174 1652 1245 ἀληθῶς
1683 1175 1747 1227 ἂν
1778 1175 1852 1226 ὲδι

298 1260 435 1323 δαξε
490 1260 605 1322 πῶς
652 1262 959 1331 ἐσφάλησαν
1004 1263 1264 1316 Ἰουδαῖοι·
1321 1263 1415 1321 νῦν
1468 1265 1524 1317 δὲ
1557 1264 1727 1317 ταῦτα
1759 1265 1878 1317 ούδὲ

302 1350 597 1421 βουληθεὶς
624 1353 1014 1420 φαντασθῆναι,
1054 1353 1120 1404 τὰ
1158 1353 1231 1423 μὴ
1263 1344 1551 1423 σφάλματα
1614 1356 1880 1408 Ἰουδαίων

300 1443 602 1510 σιράλματα
635 1436 772 1494 εἶναι
808 1443 1198 1512 ὑπολαμϐάνει.
1248 1445 1739 1514 Ἐπαγγειλάμενος
1773 1446 1816 1497 δ’
1850 1448 1878 1498 ὁ

298 1532 513 1594 Κέλσος
553 1532 772 1603 ὕστερον
805 1532 1034 1596 διδάξειν
1068 1533 1137 1585 τά
1169 1536 1295 1605 περὶ
1333 1514 1628 1598 ’Ἰουδαίων,
1666 1536 1877 1607 πρῶτον

284 1626 539 1687 ,ποιεῖται
573 1623 661 1673 τὸν
691 1622 843 1689 λόγον
871 1623 997 1692 περὶ
1028 1622 1117 1675 τοῦ
1154 1624 1401 1692 Σωτῆρος
1430 1623 1603 1693 ἡμῶν,
1624 1624 1697 1687 ὡς
1726 1642 1877 1691 γενο-

299 1710 474 1777 μένου
505 1711 769 1779 ἡγεμόνος
810 1712 885 1779 ,τῇ
930 1710 1063 1761 καθὸ
1113 1711 1424 1780 Χριστιανοί
1458 1714 1625 1781 ἐσμεν
1667 1712 1875 1779 γενέσει

295 1796 484 1865 ἡμῶν,
508 1800 599 1849 καί
633 1816 814 1868 φησιν,
846 1819 861 1847 ι
885 1799 1046 1851 αὑτὸν
1086 1800 1189 1868 πρὸ
1223 1801 1360 1852 πάνυ
1394 1800 1585 1866 ὀλίγων
1618 1801 1753 1853 ἐτῶν
1779 1803 1875 1869 τῆς

1988 641 2098 682 ιιιιιι
2134 632 2463 696 sejactitat.
2511 634 2791 698 Quomodo
2820 637 2979 690 etiam
3018 641 3239 707 magica:
3285 653 3432 695 artes
3474 644 3553 694 ln-

1983 734 2103 771 cuin
2140 721 2369 774 habeant
2395 724 2531 789 apud
2561 724 2763 793 Moysis
2786 727 2881 779 disi
2904 727 3077 795 ipulos
3110 731 3199 796 qni
3240 730 3293 783 in
3332 732 3449 798 ejus
3480 734 3548 786 li-

1984 809 2517 877 hrislegeriintillnd
2551 833 2565 866 :
2607 832 2624 863 i
2666 814 3100 870 lncantatorihns
3149 835 3255 871 non
3308 819 3549 874 ὓάΙΙίΡιὈο

1983 897 2131 959 liitis,
2163 907 2221 949 nt
2252 899 2569 965 polliiainini
2601 918 2697 970 per
2724 917 2817 956 eos
2846 904 2928 956 8'1'
2976 922 2994 955 ι
3033 905 3233 959 Deinde
3269 909 3461 974 recipit
3488 924 3548 963 se

1980 996 2344 1051 ostensurum,
2384 1008 2402 1038 ι
2457 994 2727 1056 quomodo
2766 993 2936 1046 Judmi
2985 997 3191 1064 decepti
3240 998 3545 1063 ignorantia

1981 1074 2368 1135 aherravei'iut.
2403 1098 2421 1128 ι
2456 1080 2711 1148 Equidem
2740 1084 2782 1134 si
2807 1081 3110 1137 linteorum
3137 1087 3199 1138 de
3231 1086 3356 1140 Jesu
3384 1087 3543 1141 Chri-

1982 1175 2065 1218 sto
2106 1164 2461 1233 ignorantiam
2506 1171 2974 1237 deprehendisset,
3005 1190 3124 1243 quin
3158 1176 3279 1230 inde
3310 1188 3433 1230 nata
3463 1186 3547 1232 est

1980 1256 2122 1321 quod
2164 1259 2474 1323 preplietias
2503 1276 2607 1312 non
2647 1261 3034 1328 intellexerint,
3066 1280 3191 1319 vere
3218 1258 3547 1323 ostendisset

1980 1345 2427 1407 qtioniodandtei
2450 1348 2837 1402 aberravcrinl.
2871 1350 3060 1403 Seil‘ad
3092 1353 3141 1405 itl
3174 1370 3238 1407 ne
3267 1357 3547 1411 advenere

1979 1434 2192 1499 quidem
2249 1435 2446 1498 voluit;
2505 1438 2728 1504 proinde
2779 1444 3021 1493 errorum
3085 1458 3311 1498 numero
3359 1447 3542 1508 habet,

1979 1523 2068 1589 qui
2101 1538 2315 1578 errores
2362 1527 2581 1581 minime
2624 1537 2767 1582 sunt.
2812 1530 3001 1584 Postea
3049 1533 3314 1598 pollicitus
3348 1536 3412 1589 de
3449 1534 3543 1588 Ju-

1979 1610 2211 1663 dieornin
2244 1614 2403 1667 rebus
2431 1615 2785 1669 disserturiim
2816 1632 2936 1672 sese
2972 1621 3080 1673 alio
3118 1622 3252 1684 loco,
3312 1625 3543 1691 primum

1976 1701 2042 1752 de
2082 1701 2362 1755 Salvatore
2387 1715 2568 1757 nostro
2602 1723 2905 1762 sermonem
2940 1710 3067 1763 facit
3116 1723 3173 1765 ut
3202 1713 3266 1765 de
3308 1715 3542 1767 societa—

1979 1791 2045 1844 tis
2070 1792 2373 1847 institutore
2402 1810 2505 1862 qua
2530 1794 2827 1850 Christiani
2862 1814 3080 1863 sumtis;
3116 1804 3298 1867 aitque
3336 1823 3353 1853 ι
3392 1804 3541 1858 illum

294 1887 652 1950 διδασκαλίας
693 1889 896 1957 ταύτης
940 1887 1385 1957 καθηγήσασθαι,
1418 1890 1734 1957 νομισθέντα
1772 1892 1858 1941 ὐπί

1978 1883 2163 1948 paucis
2185 1884 2469 1935 admodum
2502 1886 2699 1938 abhinc
2756 1887 2914 1939 annis
2946 1889 3081 1941 hanc
3131 1892 3430 1944 doctrinam
3463 1896 3543 1945 iii-

296 1974 643 2039 Χριστιανῶν
676 1975 803 2025 Υίὸν
842 1970 977 2026 εἶναι
1020 1976 1111 2027 τοῦ
1150 1976 1303 2028 Θεοῦ.
1351 1996 1367 2025 ι
1406 1978 1513 2029 Καὶ
1546 1981 1669 2047 περὶ
1712 1980 1874 2032 αὑτοῦ

292 2062 358 2114 δὲ
381 2063 495 2125 τοῦ,
516 2065 619 2132 πρὸ
652 2065 843 2132 ὀλίγων
873 2065 1007 2117 ἐτῶν
1029 2066 1307 2133 γεγονέναι
1333 2067 1514 2129 αὑτὸν,
1530 2068 1752 2120 τοιαῦτα
1775 2071 1877 2139 φή-

296 2168 494 2221 σομενο
526 2149 591 2203 ’Λ
603 2171 668 2223 ρα
692 2155 753 2205 τὸ
783 2157 840 2207 ὲν
866 2154 1073 2217 τούτοις
1094 2159 1205 2217 τοῖς
1239 2156 1380 2208 ἔτεσι
1410 2158 1518 2226 (55)
1551 2157 1873 2228 βουληθέντα

296 2246 521 2312 σπεῖραι
559 2243 649 2294 τὸν
690 2244 883 2295 ἑαυτοῦ
920 2244 1075 2311 λόγον
1125 2246 1219 2297 καὶ
1274 2246 1617 2298 διδασκαλίαν
1646 2247 1734 2299 τὸν
1773 2250 1874 2318 Ἰη-

292 2332 431 2384 σοῦν
473 2332 719 2385 τοσοῦτον
759 2333 1097 2402 δεδυνῆσθαι,
1159 2334 1234 2396 ὡς
1293 2335 1556 2405 πολλαχοῦ
1598 2337 1696 2405 τῆς
1732 2340 1871 2417 ,καθ’

291 2428 450 2495 ἠμῖς
490 2426 808 2495 οἰκουμένης
850 2426 1159 2495 διατεθῆναι
1184 2427 1340 2496 ιπρδς
1374 2424 1461 2478 τὸν
1504 2428 1658 2494 λόγον
1708 2429 1869 2482 αὐτοῦ

290 2518 403 2567 οὐκ
442 2515 649 2582 ὀλίγους
718 2516 979 2584 Ἕλληνας
1010 2517 1103 2568 καὶ
1136 2516 1473 2587 βαρϐάρους,
1542 2521 1736 2586 σοφοὺς
1776 2520 1870 2572 καὶ

290 2605 578 2673 ἀνοήτους,
631 2604 769 2656 ὥστε
816 2604 977 2679 μέχρι
1033 2604 1281 2661 θανάτου.
1319 2606 1675 2673 ἀγωνίζεσθαι
1732 2605 1870 2678 ὑπὲρ

290 2694 758 2761 Χριστιανισμοῦ,
826 2694 891 2744 ἶν’
947 2695 1107 2745 αὑτὸν
1176 2696 1248 2763 μὴ
1317 2697 1663 2765 ὲξομόσαιντο
1732 2698 1864 2766 (Si),

289 2783 440 2852 ὅπερ
517 2782 690 2844 οὐδεὶς
770 2783 911 2852 ὑπὲρ
991 2784 1149 2835 ἀλλου
1242 2785 1508 2853 δόγματος
1591 2788 1866 2857 ἱστόρηται

290 2875 495 2931 ποιεῖν,
516 2871 663 2923 ἀθεεὶ
693 2872 1010 2940 γεγένηταις
1052 2872 1191 2940 Ἐγὼ
1219 2875 1315 2942 μὲν
1346 2871 1437 2926 οἷν
1464 2876 1522 2925 ού
1554 2876 1864 2929 κολακεύων

286 2962 393 3014 τὸν
418 2962 591 3029 λόγον,
614 2962 746 3015 ἀλλά
778 2962 1113 3033 πειρώμενος
1146 2964 1566 3035 τεθεωρημένως
1593 2964 1863 3029 ἐξετάζειν

288 3052 371 3105 τὰ
395 3053 712 3123 πράγματα,
748 3055 983 3124 φήσαιμι
1012 3054 1095 3115 ἂν,
1128 3055 1207 3107 ὅτι
1235 3056 1340 3107 οὐδ’
1365 3057 1413 3107 οί
1443 3055 1667 3123 σώματα
1698 3057 1864 3109 πολλά

289 3142 573 3210 κάμνοντα
612 3143 999 3212 θεραπεύοντες
1051 3141 1199 3195 ἀθεεὶ
1233 3145 1551 3212 τυγχάνουσι
1583 3145 1673 3197 τοῦ
1725 3147 1862 3199 κατά

284 3228 397 3297 τὴν
427 3229 635 3295 ὑγίειαν
682 3230 789 3280 τῶν
825 3230 1089 3298 σωμάτων
1116 3228 1355 3305 τέλους-ι
1380 3231 1427 3280 εἰ
1474 3229 1528 3280 δὲ
1561 3230 1651 3281 καὶ
1687 3230 1861 3299 ψυχάς

284 3336 382 3379 τις
402 3316 614 3371 δύναιτο
629 3318 985 3370 ἀπαλλάττειν
1009 3318 1105 3385 τῆς
1130 3317 1269 3368 κατά
1297 3317 1392 3385 τὴν
1421 3317 1614 3368 κακίαν
1630 3318 1856 3386 χύσεως,

286 3408 784 3475 ἀκολαστημάτων,
844 3407 938 3458 καὶ
986 3406 1545 3474 ἀδικοπραγημάτων,
1612 3406 1703 3457 καὶ
1760 3407 1858 3474 τῆς

287 3495 428 3552 περὶ
462 3496 522 3547 τὸ
560 3495 715 3547 Θεῖον
744 3494 1216 3564 καταφρονήσεως,
1260 3495 1352 3545 καὶ
1382 3493 1543 3555 δεῖξιν
1567 3494 1729 3564 διδοίη
1765 3494 1857 3546 τοῦ

284 3583 536 3636 τοιούτου
589 3583 773 3652 ἔργου,
822 3583 1200 3652 βελτιωθέντας
1251 3582 1341 3633 τὸν
1390 3581 1615 3650 ἀριθμὸν
1665 3583 1855 3634 ἑκατὸν

287 3675 461 3745 (ἔστω
489 3674 595 3748 γὰρ
626 3677 718 3727 ἐπὶ
743 3674 1008 3728 τοσούτων
1037 3678 1065 3727 ὁ
1088 3675 1197 3742 ('55)
1220 3674 1372 3741 λόγος
1392 3691 1405 3705 ·
1434 3662 1557 3726 ὀὐδὲ
1582 3673 1763 3727 τοῦτον
1794 3675 1856 3727 ἂν

286 3763 533 3830 εὐλόγως
585 3765 755 3833 φήσαι
802 3781 885 3826 τις
941 3764 1089 3816 ἀθεεὶ
1146 3763 1299 3829 λόγον
1352 3765 1617 3814 τοσούτων
1670 3762 1855 3815 κακῶν

286 3853 698 3905 ἁπαλλακτικδν
738 3854 1164 3922 ὲμπεποιηκέναι
1198 3856 1311 3915 τοῖς
1360 3852 1570 3924 ἑκατόν.
1601 3853 1662 3903 Ei
1700 3852 1743 3903 δ’
1769 3853 1855 3903 εύ-

284 3944 585 4012 γνωμόνως
616 3943 787 3994 ταῦτα
816 3943 1091 3996 κατανοῶν
1136 3941 1599 4010 συγκαταθήσεται
1630 3939 1708 4008 τῷ
1752 3957 1855 4008 μη-

282 4032 383 4086 δὲν
426 4034 670 4102 κρεῖττον
715 4035 773 4084 ὲν
813 4031 1117 4102 ἀνθρώποις
1157 4031 1435 4099 γεγονέναι
1481 4031 1658 4091 ἀθεεὶ,
1710 4029 1859 4097 πόσῳ

286 4121 456 4181 πλέον
480 4122 541 4175 τὸ
576 4122 825 4175 τοσοῦτον
868 4125 997 4193 περὶ
1041 4121 1136 4174 τοῦ
1173 4119 1345 4190 Ἰησοῦ
1394 4118 1610 4190 θαρρῶν
1642 4118 1857 4187 ἀποφα-

366 4232 411 4263 ⁸⁸
436 4232 608 4287 Levii.
650 4248 763 4296 xix,
785 4233 872 4286 51.

285 4343 478 4400 braice
518 4342 816 4411 appellatur
868 4342 1126 4399 Sabaoth.
1176 4345 1229 4397 id
1262 4352 1365 4407 est,
1408 4345 1688 4403 virtutum,
1729 4340 1841 4403 sive
1872 4340 1918 4394 D
1947 4340 2069 4411 adv.
2102 4344 2285 4395 Iiwret.
2308 4358 2326 4394 :

282 4411 655 4473 exercituum;
692 4429 712 4462 ι
744 4421 793 4463 ei
822 4413 980 4479 paulo
1008 4422 1126 4476 post
1159 4428 1175 4465 :
1209 4430 1227 4462 ι
1266 4412 1506 4464 Tradidit
1544 4426 1636 4463 eos
1679 4411 1838 4479 Dens,

282 4490 353 4534 ut
377 4480 641 4534 servirent
667 4476 868 4532 militiie
897 4479 1039 4542 cmli,
1062 4493 1182 4544 quin
1221 4494 1361 4531 nunc
1389 4479 1456 4529 ι-Ζ)
1484 4478 1735 4542 Apostolo
1758 4476 1838 4529 ili-

282 4550 434 4603 citur
463 4548 649 4616 religio
692 4548 1023 4616 angelorum.
1062 4564 1094 4616 έι
1159 4548 1299 4616 [deni
1324 4546 1583 4598 astruitur
1614 4560 1675 4616 ex
1708 4544 1843 4596 libro

282 4618 383 4671 cui
429 4613 612 4669 titulus
660 4627 737 4669 est
772 4613 1104 4668 Trmdicatio
1159 4613 1337 4677 Petri;
1388 4628 1548 4678 quem
1595 4613 1843 4666 Clemens

282 4685 688 4738 Alexandrinus
728 4684 905 4747 laudat
946 4684 997 4733 in
1040 4698 1089 4733 Vl
1120 4681 1351 4734 Strom.:
1389 4682 1537 4749 Μηδὲ
1568 4682 1686 4732 κατ’
1728 4682 1847 4732 Ἰου-

279 4754 470 4813 δαίους
510 4751 759 4821 σέϐεσθε’
789 4750 881 4821 καὶ
917 4752 1023 4821 γὰρ
1058 4751 1270 4811 ἐκεῖνοι,
1300 4752 1461 4821 μόνον
1482 4750 1728 4821 ὀἰόμενοι
1757 4750 1845 4821 τδν

279 4822 424 4873 Θεὸν
454 4820 758 4887 γινώσκειν,
809 4820 907 4872 οὐκ
932 4817 1255 4871 ίὲτιίστανται
1299 4817 1647 4887 λατρεύοντες
1676 4817 1843 4887 ἀγγέ-

279 4890 414 4951 λους
443 4886 534 4940 καὶ
563 4889 949 4959 ἀρχαγγέλους,
975 4890 1134 4959 μῆνα,
1166 4888 1258 4959 καὶ
1285 4886 1533 4959 σελήνην,
1568 4896 1671 4938 etc.
1706 4904 1723 4935 ι
1743 4886 1844 4938 Ne-

281 4972 397 5026 que
433 4956 903 5022 colite—diludia;
929 4956 1131 5012 etenim
1168 4957 1241 5008 illi
1282 4956 1377 5026 soli
1404 4971 1463 5008 se
1488 4956 1649 5026 Deum
1685 4970 1844 5007 nosse

331 5036 561 5085 utantes,
596 5028 844 5079 nesciunt
866 5041 923 5079 se
946 5028 1173 5079 adorare
1222 5024 1442 5090 angelos
1463 5032 1517 5077 et
1540 5022 1839 5087 archange-

310 5110 397 5157 os,
429 5108 664 5146 mensem
699 5102 751 5145 et
784 5096 987 5155 lunam,
1011 5104 1117 5147 ctc.
1148 5112 1167 5143 ι
1197 5091 1403 5145 Mallem
1435 5106 1534 5158 ego
1573 5091 1717 5143 hunc
1756 5092 1838 5145 lo-

283 5178 411 5215 cum
437 5161 502 5214 de
526 5161 887 5229 Cerinthianis
916 5164 1279 5229 interpretari,
1309 5160 1421 5229 qui,
1445 5172 1502 5211 ut
1530 5159 1836 5229 plurimum,

282 5231 490 5285 ludatis
520 5228 804 5294 favebant;
834 5240 891 5281 ut
911 5227 1127 5283 constat
1159 5245 1226 5282 ex
1254 5228 1549 5295 Epiphanio
1581 5230 1709 5280 haer.
1735 5227 1838 5293 28;

286 5300 645 5356 'l’lieodnreto,
690 5297 783 5348 lih.
835 5313 875 5350 it
906 5298 981 5351 De
1009 5304 1183 5351 lueret.
1215 5297 1349 5364 [ab.;
1401 5298 1714 5360 Augustino,
1767 5298 1840 5349 De

284 5368 550 5429 haesit;
568 5365 817 5427 Eusebio,
846 5366 937 5419 lib.
970 5383 1052 5430 Ill,
1081 5381 1199 5432 cap.
1232 5366 1322 5426 25,
1350 5364 1494 5416 Eccl.
1524 5365 1676 5424 hist;
1705 5365 1835 5427 imo,

284 5439 336 5494 si
358 5439 547 5490 credas
574 5435 923 5497 Damasceno,
962 5436 1054 5489 lib.
1089 5435 1162 5487 De
1194 5444 1370 5486 nwret.
1405 5448 1423 5485 :
1460 5450 1478 5478 ι
1511 5432 1677 5485 Judzei
1713 5437 1835 5501 qui-

285 5509 405 5559 dam
428 5511 603 5566 erant,
635 5502 725 5568 qui
755 5502 1216 5557 circnmcisionem
1247 5503 1589 5564 extollebant,
1622 5519 1641 5551 ι
1678 5511 1837 5569 atque

288 5578 428 5627 inter
456 5574 583 5633 alia,
612 5584 732 5639 qua:
758 5572 1432 5637 proﬁtebanturdogmata,
1452 5571 1555 5624 hoc
1583 5586 1685 5623 non
1718 5585 1834 5624 erat

285 5643 639 5700 levissimum,
684 5641 864 5691 datam
910 5642 1158 5693 nimirum
1197 5642 1262 5691 ab
1293 5639 1494 5705 angelis
1538 5640 1724 5707 legem,
1780 5654 1835 5693 et

281 5712 586 5766 linteorum
618 5709 783 5760 Deum
810 5723 873 5761 ex
904 5711 1111 5776 angelis
1143 5724 1304 5760 unum
1340 5708 1521 5762 fuisse.
1552 5711 1643 5776 qni
1679 5725 1830 5760 ιιιιιιι-

284 5782 405 5835 dum
446 5778 805 5833 fabricarum.
853 5776 1073 5832 Tertull.
1121 5791 1242 5843 cap.
1282 5776 1370 5841 48,
1417 5777 1490 5830 De
1536 5779 1827 5844 pra’script.

1978 1973 2213 2036 vexisse,
2243 1974 2519 2041 hiis-eque
2552 1976 2640 2028 Dei
2685 1975 2881 2028 Filium
2926 1992 2953 2028 :i
2988 1978 3317 2035 Christianis
3354 1983 3541 2036 existi.

1978 2073 2200 2116 malum.
2238 2082 2256 2113 ι
2290 2065 2367 2116 ΛιΙ
2403 2066 2451 2115 id
2484 2067 2622 2132 quod
2652 2067 2782 2119 dicit
2815 2067 2959 2118 illum
2995 2078 3119 2120 ante
3153 2085 3352 2136 paucos
3373 2086 3543 2127 annos

1974 2162 2218 2206 exortum
2257 2168 2400 2215 esse,
2440 2156 2519 2206 sic"
2548 2156 2847 2222 I'CSpOlidco
2871 2173 2883 2209 :
2911 2158 2987 2208 An
3013 2155 3168 2210 Jesns
3196 2176 3347 2211 suam
3373 2162 3541 2214 disse-

1976 2240 2182 2296 initiare
2209 2240 2511 2292 doctrinam
2563 2241 2775 2305 volens,
2828 2243 2941 2296 sine
2992 2243 3099 2298 Deo
3140 2248 3310 2312 potuit
3356 2252 3540 2315 paucis

1976 2329 2059 2381 bis
2085 2330 2238 2383 amiis
2283 2339 2490 2382 tantum
2547 2330 2830 2397 perlicere,
2884 2343 2943 2386 ut
2989 2335 3042 2385 in
3086 2336 3263 2389 multis
3313 2338 3539 2404 hujusce

1973 2416 2141 2468 nostri
2195 2416 2343 2468 orbis
2398 2415 2564 2476 locis,
2632 2416 2828 2470 multos
2882 2418 3100 2472 Gra-cos
3157 2429 3212 2472 et
3261 2422 3536 2485 barbaros,

1973 2502 2171 2556 multos
2224 2503 2498 2571 sapientes
2530 2514 2584 2556 et
2626 2505 2843 2573 ignaros
2895 2508 2959 2558 ad
3016 2523 3168 2560 suam
3228 2510 3532 2563 doctrinam

1972 2590 2211 2642 alliceret
2238 2598 2290 2643 et
2327 2592 2395 2642 ita
2448 2591 2820 2663 persuaderet,
2872 2600 2947 2650 iit.
2980 2592 3122 2659 quod
3182 2592 3246 2645 de
3298 2593 3402 2646 alia
3453 2610 3538 2647 re-

1969 2678 2162 2746 ligione
2215 2668 2511 2747 nunquam;
2550 2682 2790 2732 auditum
2843 2691 2948 2745 est,
2996 2683 3061 2732 ad
3114 2691 3340 2736 mortem
3409 2698 3534 2736 cer-

1973 2776 2088 2822 tare
2114 2786 2209 2835 pro
2225 2758 2668 2853 Christiaqismo,
2689 2787 2847 2839 quam
2878 2772 3023 2824 illum
3044 2771 3255 2838 ejurare
3283 2774 3533 2827 mallent!

1964 2857 2125 2928 345
2160 2860 2268 2929 Ego
2300 2861 2515 2928 quidem
2539 2862 2656 2931 \non
2698 2878 2801 2929 quo
2835 2878 2965 2915 mea:
3004 2862 3245 2931 religioni
3292 2876 3533 2918 assentao

1968 2950 2010 2999 ri
2033 2949 2211 3013 velim,
2239 2951 2350 3012 sed,
2379 2964 2466 3002 res
2496 2949 2593 3017 siip
2614 2964 2883 3018 quamque
2907 2962 3179 3005 momento
3208 2953 3528 3019 ponderans,

1964 3040 2142 3093 dicere
2164 3024 2369 3105 ausim,
2400 3043 2492 3109 qui
2526 3038 2626 3094 sibi
2671 3050 2975 3108 proponunt
3015 3043 3172 3108 a'gris
3207 3045 3525 3110 rorporihns

1964 3130 2251 3194 restituere
2296 3131 2605 3195 sanitatem,
2651 3145 2744 3185 eos
2787 3131 2929 3183 hunc
2978 3130 3137 3183 linem
3170 3148 3275 3185 non
3313 3135 3526 3201 assequi

1966 3219 2083 3271 sine
2130 3202 2220 3272 Dei
2268 3218 2563 3272 voluntate.
2608 3220 2678 3272 At
2727 3222 2769 3273 si
2809 3219 2931 3287 quis
2980 3230 3157 3288 posset
3203 3236 3233 3273 a
3276 3223 3526 3275 vitiorum

1966 3308 2213 3371 colluvie,
2252 3326 2279 3361 a
2326 3309 2568 3370 libidine,
2618 3325 2646 3361 ιι
2685 3309 2945 3377 nequitia,
2996 3326 3025 3362 a
3070 3321 3382 3380 contemptu
3424 3300 3531 3364 Nu-

1967 3398 2127 3452 minis
2158 3400 2376 3477 animas
2426 3410 2693 3464 avertere,
2746 3402 2987 3468 tantique
3029 3402 3209 3469 operis
3254 3404 3527 3470 specimen

1966 3490 2017 3540 in
2052 3500 2267 3542 centum
2307 3491 2613 3543 hominibus
2647 3491 2915 3559 (exemplo
2938 3492 3009 3543 sit
3040 3488 3319 3559 numerus)
3354 3490 3530 3544 dedis-

1963 3589 2063 3653 set,
2106 3595 2239 3648 quos
2290 3591 2597 3633 revocasset
2642 3581 2707 3631 ad
2754 3581 3029 3632 meliorem
3089 3580 3328 3647 frugem;
3384 3580 3527 3632 hunc

1951 3684 2123 3722 nemo
2163 3670 2285 3737 jure
2319 3670 2517 3723 dixerit
2563 3672 2680 3723 sine
2717 3671 2825 3722 lico
2854 3678 3067 3732 centum
3110 3669 3228 3722 illos
3278 3670 3525 3724 homines

1964 3759 2180 3815 alantis
2204 3760 2703 3814 vitiislibcravisse.
2720 3760 2870 3825 Quod
2890 3762 2931 3812 si
2954 3763 3074 3827 quis
3099 3761 3213 3814 hinc
3235 3764 3528 3829 prudenter

1966 3849 2272 3913 recogitans
2314 3851 2665 3912 concesserit,
2712 3852 2845 3903 nihil
2888 3852 3009 3904 boni
3044 3853 3161 3924 sine
3205 3852 3313 3905 Deo
3347 3853 3524 3905 lmini—

1965 3937 2121 3990 nibus
2159 3930 2425 4001 accidere,
2469 3950 2675 4006 quanto
2713 3940 2965 3992 ﬁdentius
3016 3942 3065 3993 id
3112 3940 3178 3993 de
3210 3939 3334 3994 Jesu
3380 3941 3524 3993 allir-

1962 4023 2147 4088 mabit,
2172 4040 2295 4078 cum
2324 4041 2509 4079 eorum
2536 4027 2625 4094 qui
2651 4026 2853 4081 Christi
2882 4028 3144 4082 doctrina:
3170 4030 3524 4091 adhmserint,

1960 4114 2217 4180 pristinos
2259 4132 2381 4170 cum
2426 4118 2581 4170 novis
2630 4132 2807 4170 mores
2855 4119 3227 4185 comparabit,
3280 4119 3523 4172 animad-

2363 4361 2381 4393 i
2420 4343 2553 4396 Post
2582 4344 2723 4397 hunc
2753 4343 3045 4398 Cerinthus
3081 4344 3367 4399 hmreticns
3396 4363 3520 4401 ern-

1948 4410 2049 4473 pit,
2077 4411 2272 4479 similia
2297 4412 2524 4473 docens;
2554 4427 2675 4463 nam
2704 4420 2757 4465 et
2782 4412 2896 4479 ipse
2925 4414 3181 4466 tnundntn
3210 4415 3513 4470 institutum

1947 4490 2068 4529 esse
2094 4478 2289 4549 abillis
2311 4479 2462 4549 dicit,
2487 4479 2757 4549 Christum
2788 4478 2853 4533 ex
2886 4483 3090 4534 semine
3116 4482 3309 4549 Joscpb
3332 4494 3514 4538 natum

1951 4546 2224 4611 praponit.
2251 4544 2518 4597 hominem
2541 4546 2688 4597 illum
2718 4551 3093 4603 tantummodo
3111 4550 3225 4603 sine
3240 4544 3519 4606 divinitate

1946 4614 2497 4686 c0iiteiideiis,_ipsaiii
2524 4629 2737 4686 quoque
2762 4616 2930 4686 legeui
2965 4619 3035 4671 ab
3073 4620 3281 4684 angelis
3330 4620 3512 4673 datam

1946 4680 2254 4744 perhihens,
2306 4679 2611 4734 Iudaeorum
2663 4679 2845 4749 Deum',
2891 4702 2995 4739 non
3052 4679 3357 4749 Dominum,
3409 4691 3503 4740 sed

1945 4748 2192 4822 angelum
2235 4765 2505 4822 promens.
2550 4771 2587 4822 ρ-
2610 4753 2740 4807 Vide
2768 4748 3146 4822 Epiphaniiini,
3196 4748 3508 4809 Theodore-

1948 4824 2102 4892 ιιιιιιη
2131 4818 2505 4892 Augustinum,
2548 4818 3031 4892 Eusebiuinglocis
3073 4822 3292 4886 citatis;
3346 4833 3511 4892 atque

1942 4886 2136 4938 exinde
2160 4886 2526 4958 puia_Ce|sniii
2558 4890 2917 4942 calumniandi
2957 4904 3143 4942 ansam
3175 4886 3507 4958 arripuisse:

1943 4967 2079 5018 quos
2112 4954 2256 5007 enim
2284 4954 2449 5030 Judaei
2473 4956 2551 5030 _(id
2577 4966 2678 5020 est,
2710 4958 3224 5030 Cerinthiaiiijuxta
3245 4954 3506 5030 Celsum),

1944 5031 2142 5097 praeter
2167 5026 2388 5097 angelos
2418 5027 2728 5097 adorarent,
2764 5040 2885 5077 cum
2927 5026 2993 5097 ah
3021 5026 3221 5097 iisdem
3240 5038 3293 5097 et
3336 5026 3506 5097 legem

1943 5090 2144 5152 datam,
2164 5102 2215 5143 et
2232 5090 2483 5144 mundum
2510 5094 2823 5144 fabricatum
2842 5095 3187 5146 crediderunt
3206 5096 3228 5147 ?
3245 5090 3503 5151 Seizucen.

1939 5185 2010 5232 ῖ-
2036 5157 2198 5232 Paulo
2225 5172 2342 5232 post
2369 5161 2535 5212 codex
2564 5161 2901 5226 Basilecnsis,
2934 5164 3031 5223 τοῖς
3080 5162 3393 5232 δεξαμένοις
3419 5168 3507 5222 τὸν

1941 5226 2215 5290 Μωῦσέως
2232 5229 2409 5296 νόμον.

2013 5297 2121 5378 (ὖῇ)
2155 5297 2331 5349 Codex
2372 5296 2566 5364 ltegius
2594 5307 2649 5350 ct
2679 5308 2787 5351 tres
2818 5300 3037 5369 Anglica
3092 5304 3121 5363 ἑ,
3148 5300 3207 5352 τὸ
3233 5302 3291 5353 ὲν
3328 5320 3421 5356 τοτε

1937 5380 2047 5424 τοις
2070 5380 2230 5417 ετεσι.

2010 5431 2118 5500 (54)
2172 5434 2244 5483 lta
2278 5430 2450 5503 codd.
2498 5431 2635 5503 Reg.
2682 5446 2735 5487 et
2790 5436 3026 5487 liasileen
3083 5454 3138 5500 s;
3194 5441 3293 5490 alia

1940 5498 2224 5568 μόσωνται.
2278 5498 2446 5552 Paulo
2495 5498 2633 5567 post,
2692 5505 2751 5555 ού
2808 5505 3031 5555 κολακῖέ
3072 5498 3134 5559 ›ν“
3182 5510 3272 5559 τὸν

1938 5570 1991 5619 ln
2025 5571 2181 5621 codd.
2206 5569 2374 5637 Regio
2400 5580 2455 5621 et
2487 5571 2773 5626 Basileensi
2810 5578 2954 5624 deest
3000 5576 3086 5625 to;
3119 5576 3197 5637 λόή
3226 5593 3274 5626 w

2008 5639 2123 5704 (55)
2151 5638 2317 5691 Codd.
2348 5638 2545 5705 Regius
2574 5651 2627 5693 ct
2662 5642 2955 5697 Basileensi
2984 5680 3012 5706 .,
3046 5645 3071 5694 ὲ
3109 5646 3139 5695 τὶ
3182 5660 3303 5694 της

1937 5707 2113 5768 λόγος.
2151 5706 2513 5779 lhidenrdiio
2550 5710 2863 5779 Anglicani,
2900 5708 3032 5779 Reg.
3066 5726 3117 5765 et
3148 5711 3321 5765 Basile

1935 5780 2098 5846 φήσαι
2122 5792 2203 5837 τις
2240 5776 2303 5829 ἂν
2330 5777 2426 5829 οὐκ
2458 5776 2623 5829 ἁθεεὶ.
