4126 6314
709 436 811 492 ﬂii

2140 427 2456 484 ORIGENIS

3820 431 3926 490 716

704 557 772 612 ad
797 553 1029 611 neminis
1056 552 1425 610 celebritatem
1455 551 1709 631 ;quando
1749 565 1874 605 vero
1912 551 2127 620 aliquis,
2168 553 2248 605 cui

2359 549 2730 619 θρεψαμένων,
2765 550 2853 604 καὶ
2877 549 3205 618 δυνηθέντων
3235 547 3506 603 ἀναλῶσαι
3536 548 3614 610 είς
3638 548 3921 603 παίδευσιν

704 647 819 700 haec
841 645 1018 700 omnia
1048 658 1202 697 secus
1241 641 1601 709 contigerunt,
1647 647 1820 709 potest
1848 654 1877 692 e
1921 648 1998 711 tot
2031 635 2256 690 dimcul-

706 736 906 790 tatibus
943 732 1340 786 adelaritatcm
1368 745 1665 800 cmergere,
1702 741 2038 784 commovere
2072 729 2152 780 sui
2181 726 2259 780 t‘a-

705 840 786 878 ma
837 822 1168 876 audientium
1227 821 1454 884 animos,
1515 820 1628 873 ﬁeri
1684 820 1911 875 celebris
1951 827 2004 872 et
2054 817 2252 881 clarus,

702 918 949 983 famaque
974 915 1056 968 sui
1090 915 1317 968 nominis
1342 913 1650 966 universum
1696 913 1880 965 orbem
1920 909 2143 977 implere
2177 909 2258 960 in-

659 997 664 1001 ’
701 1009 859 1060 solita
890 1006 956 1060 de
985 1007 1097 1073 ipso
1124 1005 1517 1071 praedicantem,
1554 1004 1674 1071 quis
1698 1002 1927 1056 indolem
1951 999 2253 1067 hujusmodi

699 1105 889 1162 sponte
909 1104 959 1147 et
983 1108 1045 1146 ex
1069 1095 1240 1162 seipsa
1267 1109 1602 1164 generosam,
1624 1093 1828 1161 magnis
1852 1092 2012 1145 rebus
2041 1104 2254 1157 operam

698 1187 936 1248 dantem,
967 1185 1163 1238 eximia
1199 1184 1386 1236 ﬁducia
1419 1183 1691 1250 praeditam
1722 1197 1823 1234 non
1849 1181 2175 1234 admiretur?
2201 1181 2254 1232 Si

696 1273 817 1341 quis
843 1283 1020 1327 autem
1062 1274 1225 1326 altius
1261 1273 1487 1326 serutari
1521 1272 1669 1334 velit,
1714 1287 1889 1325 annon
1921 1272 1966 1324 is
1998 1272 2246 1338 qutesitu-

694 1376 789 1414 rus
831 1370 934 1426 est,
972 1377 1206 1431 quonam
1238 1365 1394 1416 modo
1427 1362 1510 1416 ille
1543 1377 1701 1430 parce
1748 1373 1802 1415 et
1843 1362 1896 1415 in
1944 1370 2257 1429 paupertate

692 1453 970 1520 educatus,
1000 1453 1263 1522 nullisque
1292 1454 1600 1507 liberalibus
1647 1454 1942 1521 disciplinis
1994 1454 2252 1517 eruditus,

691 1546 842 1598 rudis
883 1553 936 1599 et
977 1545 1257 1614 imperitus
1297 1545 1517 1604 artium,
1551 1559 1666 1611 quze
1695 1552 1819 1596 sunt
1852 1543 1917 1597 ad
1942 1541 2252 1608 ﬂectendos,

691 1629 1095 1700 demulcendos,
1121 1636 1596 1703 conciliandosque
1625 1634 1728 1687 sibi
1768 1635 2000 1702 plurium
2042 1636 2254 1689 audito-

691 1741 811 1779 rum
847 1726 1051 1779 animos
1101 1726 1485 1789 accommoda),
1543 1738 1829 1793 aggressus
1857 1725 1928 1778 sit
1983 1739 2118 1778 nova
2162 1725 2256 1778 do-

690 1824 869 1884 gmata
893 1814 1253 1883 promulgare,
1274 1814 1682 1881 doctrinamque
1702 1813 1753 1865 in
1775 1827 1942 1883 genus
1963 1815 2252 1868 humanum

690 1905 967 1967 invehere,
997 1920 1113 1972 qua:
1149 1914 1200 1957 et
1244 1904 1551 1957 Judteorum
1612 1907 1768 1969 ritus,
1811 1906 2023 1960 intactis
2075 1916 2248 1960 tamen

690 2008 875 2048 eorum
899 1996 1196 2062 prophetis,
1230 1994 1424 2056 abolet.
1460 2005 1516 2048 et
1557 1997 1792 2049 maxime
1836 1996 2148 2050 Grazcorum
2179 1987 2251 2049 ‘de

687 2085 936 2140 Numinis
986 2087 1138 2157 cultu
1192 2086 1336 2154 leges
1370 2088 1601 2142 evertit?
1635 2088 1738 2153 Qui
1773 2089 1891 2143 ﬁeri
1935 2090 2131 2159 potuit,
2194 2096 2254 2143 ut

688 2178 827 2232 idem
871 2178 957 2231 ille
1002 2179 1079 2231 sic
1122 2176 1420 2242 institutus,
1457 2179 1700 2247 nihilque
1740 2194 2014 2248 magnum,
2054 2191 2112 2234 ut
2146 2179 2246 2248 ipsi

687 2266 802 2334 ejus
833 2267 1222 2322 obtrectatores
1242 2269 1589 2329 conﬁtentur,
1627 2269 1694 2321 ab
1741 2269 1957 2323 homine
2005 2269 2246 2334 edoctus,

687 2358 754 2412 de
795 2358 886 2411 Dei
916 2357 1140 2423 judicio,
1196 2358 1263 2412 de
1309 2358 1594 2411 criminum
1629 2361 1824 2426 pteuis,
1877 2360 1944 2411 de
1991 2360 2247 2412 virtutum

686 2450 926 2516 praemiis
959 2451 1085 2504 talia
1117 2460 1336 2518 tamque
1367 2465 1472 2504 non
1505 2451 1897 2503 contemnenda
1934 2450 2246 2514 dissereret,

688 2550 746 2593 ut
780 2554 884 2592 non
913 2548 1156 2608 agrestes
1194 2541 1352 2594 modo
1375 2548 1429 2593 et
1464 2538 1791 2604 illitteratos,
1823 2539 1915 2593 sed
1943 2539 2106 2592 etiam
2140 2553 2244 2592 non

685 2645 886 2696 paucos
913 2645 975 2683 ex
1023 2623 1088 2684 iis
1133 2630 1198 2684 ad
1249 2644 1305 2682 sc
1338 2628 1598 2693 alliceret,
1637 2630 1724 2697 qui
1760 2630 2001 2682 aeutiore
2033 2629 2247 2695 ingenio

685 2727 840 2770 erant
891 2729 941 2769 et
992 2725 1240 2785 poterant
1283 2732 1482 2770 arcana
1535 2718 1885 2785 perscrutari,
1935 2731 2052 2784 quae
2090 2717 2247 2770 rebus

688 2810 871 2878 specie
898 2809 1203 2870 vilioribus,
1242 2817 1298 2860 ut
1335 2807 1632 2868 ita'dicam,
1664 2808 1808 2860 Velut
1843 2808 2078 2862 involuta
2115 2807 2246 2860 latc-

687 2897 858 2951 bant?
881 2897 1033 2965 Apud
1063 2895 1341 2951 Platonem
1361 2911 1479 2950 cum
1507 2897 1787 2966 Seriphius
1814 2896 2029 2964 quidam
2054 2910 2244 2964 expro-

685 2988 898 3042 brasset
919 2983 1266 3044 Themistocli
1296 2984 1499 3039 bellica:
1522 2985 1738 3039 virtutis
1758 2982 1927 3052 glbria
1955 2984 2246 3039 celeberri-

687 3090 796 3140 mo,
841 3077 982 3144 quod
1035 3089 1141 3128 non
1186 3074 1403 3143 propria
1458 3075 1655 3128 virtute
1709 3074 2050 3142 splendorem
2101 3084 2245 3128 esset

2357 639 2448 692 τοῦ
2481 640 2619 702 υἱοῦ,
2652 640 2744 693 καὶ
2766 642 2961 709 πατρὶς
2991 641 3195 711 μεγάλη
3231 656 3312 702 τις
3338 635 3466 692 οὖσα
3506 641 3598 692 καὶ
3627 639 3915 710 ἐπίσημος·

2356 731 2482 782 ὅταν
2509 730 2564 781 δὲ
2600 730 2771 782 πάντα
2808 731 2873 782 τὰ
2913 730 3121 792 τούτοις
3159 729 3374 782 ἐναντία
3411 729 3544 799 ἔχων
3573 747 3657 792 τις
3689 729 3916 802 δυνηθῇ,

2361 820 2674 889 ὑπερκύψας
2697 820 2762 873 τὰ
2788 821 3138 891 ἐμποδίζοντα
3164 821 3346 883 αὐτὸν,
3372 820 3667 889 γνωσθῆναι
3691 821 3782 873 καί
3810 824 3920 874 σεῖ-

2359 924 2446 960 σαι
2485 911 2607 971 τοὺς
2645 909 2766 977 περὶ
2794 909 2956 962 αὑτοῦ
2989 911 3302 972 ἀκούοντας,
3335 910 3438 962 καὶ
3459 909 3705 976 γενέσθαι
3741 912 3919 979 ἐμφα-

2357 1000 2450 1068 νὴς
2490 1001 2582 1052 καὶ
2612 1001 2766 1070 δῆλος
2781 1002 2924 1052 οἰκου
2934 1002 3064 1072 μένῃ
3085 1002 3201 1072 ὅλῃ,
3223 1000 3289 1052 τὰ
3309 999 3529 1069 ἀνόμοια
3543 998 3774 1071 λεγούσῃ
3790 999 3918 1069 περὶ

2356 1091 2545 1143 αὐτοῦ·
2585 1091 2698 1154 πῶς
2720 1093 2778 1144 ού
2811 1089 3147 1161 θαυμαστέον
3170 1092 3264 1162 τήν
3293 1091 3541 1161 τοιαύτην
3568 1091 3726 1158 φύσιν
3757 1089 3916 1143 αὐτό-

2359 1182 2448 1233 θεν
2484 1183 2580 1249 μὲν
2613 1183 2687 1244 ὡς
2725 1181 3057 1252 μεγαλοφυῆ,
3094 1184 3186 1235 καὶ
3227 1184 3478 1253 μεγάλοις
3522 1183 3916 1236 ἐπιϐάλλουσαν

2358 1273 2658 1343 πράγμασι,
2687 1273 2779 1326 καὶ
2805 1273 3027 1342 ἔχουσαν
3048 1274 3359 1345 παρρησίαν
3381 1274 3480 1325 οὐκ
3507 1273 3916 1342 εύκαταφῴνή-

2357 1379 2476 1428 τον;
2513 1365 2575 1415 Εἰ
2609 1363 2664 1414 δὲ
2699 1366 2790 1415 καὶ
2827 1364 2917 1414 ἐπὶ
2952 1363 3132 1415 πλεῖον
3174 1360 3409 1426 ἐξετάζοι
3437 1380 3518 1426 τις
3545 1363 3612 1414 τὰ
3644 1362 3786 1415 κατὰ
3826 1361 3917 1415 τὸν

2355 1453 2609 1515 τοιοῦτον,
2652 1452 2767 1515 πῶς
2797 1454 2893 1504 οὐκ
2922 1453 2990 1505 ἂν
3015 1453 3267 1522 ζητήσαι,
3300 1451 3418 1504 τίνα
3443 1453 3638 1522 τρόπον
3675 1454 3732 1504 ἐν
3767 1453 3889 1502 εὐτε

2355 1543 2471 1611 λεία
2496 1545 2589 1594 καὶ
2619 1541 2774 1612 πενία
2801 1541 3295 1612 ἀνατεθραμμένος,
3332 1543 3424 1596 καὶ
3456 1541 3723 1611 μηδεμίαν
3757 1541 3906 1607 ἐγκύ-

2357 1632 2500 1684 κλιον
2539 1632 2782 1684 παιδείαν
2824 1632 3144 1694 παιδευθεὶς,
3183 1633 3314 1702 μηδὲ
3347 1631 3532 1702 μαθὼν
3579 1632 3776 1700 λόγους
3819 1632 3916 1684 καὶ

2353 1722 2614 1792 δόγματα,
2651 1725 2740 1790 ἀφ’
2771 1716 2845 1775 ὦν
2878 1722 2978 1776 κᾶν
3008 1723 3228 1789 πιθανὸς
3257 1723 3503 1791 γενέσθαι
3535 1722 3755 1775 ἐδύνατο
3788 1724 3913 1791 ὁμι-

2356 1813 2465 1867 λεῖν
2497 1813 2691 1882 ὄχλοις,
2726 1813 2817 1866 καὶ
2848 1813 3211 1883 δημαγωγεῖν,
3251 1816 3344 1868 καὶ
3377 1814 3673 1882 ἐπάγεσθαι
3705 1816 3913 1884 ἀκροα-

2353 1904 2449 1965 τὰς
2490 1903 2756 1965 πλείονας,
2794 1903 3097 1957 ἐπιδίδωσιν
3130 1905 3317 1957 ἑαυτὸν
3355 1903 3666 1975 διδασκαλία
3711 1904 3912 1956 καινῶν

2351 1991 2650 2061 δογμάτων,
2685 1992 2988 2059 ἐπεισάγων
3014 1991 3090 2062 τῷ
3114 1992 3257 2059 γένει
3277 1993 3382 2044 τῶν
3415 1991 3710 2064 ἀνθρώπων
3733 1991 3909 2060 λόγον,

2354 2081 2419 2134 τά
2454 2099 2510 2133 τε
2565 2082 2829 2134 Ἰουδαίων
2875 2082 2968 2152 ἑθη
3010 2082 3358 2144 καταλύοντα,
3405 2082 3541 2152 μετὰ
3578 2082 3673 2133 τοῦ
3718 2097 3910 2151 σεμνο-

2353 2176 2523 2224 ποιεῖν
2547 2171 2722 2224 αὐτῶν
2750 2173 2873 2234 τοὺς
2920 2172 3219 2240 προφήτας,
3248 2170 3488 2233 καὶτοὺς
3529 2169 3793 2241 Ἑλλήνων
3823 2168 3910 2219 νό-

2355 2280 2486 2331 μους
2516 2263 2745 2333 μάλιστα
2767 2264 2890 2332 περὶ
2913 2261 3005 2313 τοῦ
3045 2262 3198 2313 Θείου
3223 2260 3609 2330 καθαιροῦντα;
3639 2261 3760 2321 Πῶς
3781 2261 3824 2311 δ’
3845 2259 3912 2312 ἂν

2350 2355 2377 2405 ό
2413 2351 2666 2413 τοιοῦτος,
2716 2352 2804 2402 καὶ
2849 2349 3019 2412 οὕτως
3059 2348 3551 2418 ἀνατεθραμμένος,
3605 2349 3697 2399 καὶ
3746 2348 3911 2416 μηδὲν

2353 2444 2462 2511 (ὡς
2494 2444 2586 2495 καὶ
2615 2442 2662 2494 οί
2689 2439 3106 2507 κακολογοῦντες
3138 2440 3298 2490 αὐτὸν
3325 2436 3677 2509 δμολογοῦσι)
3713 2435 3912 2506 σεμνὸν

2353 2531 2498 2603 παρὰ
2527 2529 2809 2600 ἀνθρώπου
2843 2527 3047 2599 μαθὼν,
3077 2527 3296 2580 τοιαῦτα
3327 2528 3453 2598 περὶ¹
3486 2528 3716 2597 κρίσεως
3749 2525 3908 2588 Θεοῦ,

2350 2625 2440 2680 καὶ
2480 2621 2748 2676 κολάσεων
2798 2621 2893 2687 μὲν
2929 2618 3032 2670 τῶν
3072 2619 3212 2670 κατὰ
3253 2617 3350 2686 τῆς
3381 2609 3595 2680 κακίας,
3645 2615 3819 2685 τιμῶν
3851 2616 3910 2668 δὲ

2347 2714 2452 2764 τῶν
2476 2714 2616 2783 ὑπὲρ
2644 2713 2734 2765 τοῦ
2775 2713 2938 2765 καλοῦ
2973 2713 3148 2778 λέγειν
3175 2700 3405 2780 ἠδύνατο
3440 2711 3536 2762 οὐκ
3573 2696 3913 2779 εὐκαταφρο-

2348 2804 2552 2873 νήτως,
2589 2803 2714 2855 ὥστ’
2744 2803 2805 2854 ού
2849 2802 3005 2870 μόνον
3045 2803 3328 2870 ἀγροίκους
3371 2801 3464 2853 καὶ
3515 2795 3728 2863 ίδιώτας
3779 2799 3910 2865 ἄγε-

2351 2896 2467 2946 σθαι
2497 2895 2599 2946 ὑπὸ
2626 2893 2730 2945 τῶν
2755 2893 3078 2962 λεγομένων,
3127 2891 3261 2943 ἀλλὰ
3309 2893 3400 2944 καὶ
3428 2891 3525 2942 οὐκ
3558 2890 3757 2956 ὀλίγοις
3798 2888 3904 2941 τῶν

2349 2986 2742 3056 συνετωτέρων,
2774 2986 2866 3037 καὶ
2890 2983 3201 3054 δυναμένων
3236 2984 3423 3052 ἐνορᾷν
3457 2980 3760 3049 ἀποκρύψει
3799 2980 3910 3048 (47)

2346 3076 2447 3128 τῶν
2481 3075 2875 3144 εὐτελεστέρων
2911 3071 3277 3143 νομιζομένων
3316 3070 3779 3139 ἀπαγγέλλεσθαι,
3815 3087 3915 3120 πε-

685 3176 984 3231 assecutus,
1039 3166 1132 3219 sed
1198 3165 1320 3235 quia
1376 3167 1545 3234 patria
1608 3165 1681 3217 illi
1730 3165 2028 3231 contigerat
2078 3164 2242 3218 totius

2350 3167 2596 3238 ριεχούσῃ
2623 3184 2672 3217 τι
2690 3163 2784 3234 (ὡς
2806 3164 2946 3234 ἔστιν
2963 3163 3152 3229 εἰπεῖν)
3186 3162 3330 3214 ἔνδον
3361 3161 3810 3231 ἀπορρητότερον;
3850 3161 3911 3210 Ὀ

684 3255 904 3309 Grmcite
933 3253 1253 3314 clarissima,
1289 3255 1333 3306 is
1363 3264 1547 3320 gratus
1582 3255 1630 3305 in
1665 3253 1918 3320 patriam,
1968 3268 2127 3321 quam
2177 3255 2241 3306 ad

686 3357 839 3396 Suum
865 3343 1120 3395 honorem
1151 3340 1444 3394 contulisse
1479 3349 1720 3402 noverat,
1753 3339 2058 3409 respondit:
2081 3359 2098 3388 ‹
2135 3339 2241 3394 Nec

685 3447 785 3503 ego
808 3435 850 3488 si
880 3433 1155 3500 Seriphius
1180 3447 1371 3497 essem,
1414 3432 1482 3484 ita
1507 3431 1721 3484 clarus:
1759 3445 1854 3484 nee
1885 3440 1961 3494 tu,
2002 3431 2044 3483 si
2077 3431 2242 3484 Athe—

684 3526 908 3586 niensis,
936 3522 1130 3577 fuisses
1160 3522 1571 3586 Themistocles.
1605 3540 1621 3570 ι
1644 3520 1836 3576 Noster
1859 3533 2037 3575 autem
2065 3521 2241 3585 Jesus,

685 3612 772 3666 cui
803 3612 999 3679 probro
1016 3614 1175 3664 datur
1206 3612 1347 3677 quod
1383 3624 1445 3662 ex
1479 3611 1596 3664 vico
1635 3619 1785 3664 ortus
1813 3612 1904 3677 sit,
1933 3624 2105 3678 eoque
2139 3624 2241 3663 non

686 3699 998 3754 Graecanico
1050 3713 1151 3754 nec
1200 3699 1333 3751 alius
1390 3698 1563 3762 gentis
1613 3698 1926 3763 celebratae,
1958 3699 2050 3764 qui
2107 3698 2246 3751 male

684 3791 835 3844 audit
864 3791 1004 3858 quod
1038 3788 1376 3858 pauperculae
1423 3788 1786 3856 operariaeque
1829 3789 2020 3841 matris
2057 3788 2127 3841 sit
2183 3787 2243 3839 ﬁ-

685 3881 808 3943 lius,
829 3879 968 3947 quod
1005 3879 1185 3946 inopia
1225 3886 1442 3930 coactus
1466 3877 1698 3944 patriam
1731 3877 2033 3944 reliquerit,
2067 3891 2244 3930 suam-

685 3983 790 4037 que
816 3970 867 4021 in
899 3965 1130 4036 {Egypto
1181 3967 1425 4019 mercede
1466 3964 1630 4035 35,8
1675 3965 1936 4019 locaverit
1987 3949 2239 4034 cperam;

684 4057 841 4112 Jesus
874 4058 980 4120 ille,
1010 4058 1099 4126 qui
1125 4073 1227 4110 non
1256 4056 1423 4109 solum
1452 4057 1753 4124 Seriphius,
1790 4067 1853 4109 ιιι·
1867 4057 2051 4109 eodem
2071 4070 2245 4109 exem-

685 4150 774 4218 plo
799 4159 1020 4212 utar,ex
1047 4147 1266 4200 minima
1296 4145 1823 4213 despicatissimaque
1856 4146 2029 4198 insula
2059 4153 2240 4209 ortus;

686 4240 779 4294 sed
802 4240 962 4292 etiam
987 4237 1387 4305 Seriphiorum,
1419 4246 1478 4289 ut
1497 4236 1569 4288 ita
1589 4238 1785 4296 dicam,
1824 4234 2244 4302 ignobilissimus

685 4342 821 4394 erat,
846 4332 1011 4383 valuit
1031 4342 1343 4397 permovere
1379 4336 1548 4399 totum
1572 4327 1779 4390 orbem,
1813 4340 1918 4378 non
1950 4325 2105 4378 modo
2135 4339 2245 4375 ma-
2277 4336 2284 4341 ‘

685 4423 768 4491 gis
799 4437 957 4488 quam
987 4417 1327 4472 Atheniensis
1343 4414 1754 4478 Themistocles,
1779 4415 1868 4468 sed
1900 4415 2060 4468 etiam
2085 4429 2242 4482 quam

2348 3258 2442 3327 μὲν
2475 3252 2563 3308 οὖν
2591 3257 2738 3325 παρὰ
2751 3257 2826 3326 τῷ
2844 3255 3085 3306 Πλάτωνι
3107 3251 3213 3321 (48)
3241 3251 3504 3321 Σερίφιος,
3535 3251 3804 3314 ὀνειδίζων
3833 3251 3912 3318 τῷ

2344 3344 2706 3413 Θεμιστοκλεῖ,
2727 3342 2989 3411 διαϐοήτῳ
3010 3339 3356 3409 γεγενημένῳ
3381 3341 3469 3391 ἐπὶ
3493 3343 3558 3410 τῇ
3585 3341 3907 3410 στρατηγία.

2345 3435 2417 3496 ὡς
2447 3435 2543 3487 ούκ
2573 3437 2634 3486 ἐκ
2659 3435 2749 3486 τοῦ
2781 3434 2906 3486 ἰδίου
2943 3433 3101 3502 ἤθους
3117 3433 3178 3484 τὸ
3202 3430 3406 3495 ἔνδοξον
3436 3432 3762 3499 ἀνειληφότι,
3795 3432 3909 3483 ἀλλ’

2344 3525 2406 3575 ὲκ
2438 3523 2527 3575 τοῦ
2563 3522 2911 3592 εὐτυχηκέναι
2934 3521 3186 3591 πατρίδος
3217 3522 3312 3590 τῆς
3341 3522 3398 3572 ἐν
3429 3521 3523 3591 ὅλῃ
3559 3521 3766 3574 Ἑλλάδι·
3791 3523 3912 3572 ἐπι-

2347 3613 2672 3682 σημοτάτης,
2705 3615 2935 3681 ἀκήκοεν
2964 3613 3070 3663 ἀπὸ
3123 3610 3580 3680 εὐγνωμονοῦντος
3646 3610 3906 3677 Θεμιστο-

2345 3700 2548 3763 κλέους,
2598 3701 2689 3752 καὶ
2723 3700 2972 3768 ὁρῶντος,
3018 3700 3096 3750 ὅτι
3133 3698 3448 3750 συνεϐάλετο
3473 3695 3619 3766 αὐτῷ
3667 3697 3801 3766 πρὸς
3845 3697 3912 3749 τὸ

2346 3789 2549 3854 ἔνδοξον
2573 3793 2663 3843 καὶ
2691 3794 2722 3859 ἡ
2755 3792 2967 3859 πατρὶς,
2996 3791 3096 3851 ὅτι,
3133 3808 3149 3839 ι
3181 3791 3292 3842 Οὐκ
3313 3789 3376 3841 ἂν
3403 3788 3512 3856 ἐγὼ
3533 3790 3781 3858 Σερίφιος
3808 3787 3906 3847 ὢν,

2351 3882 2521 3943 οὕτως
2550 3880 2752 3944 ἔνδοξος
2798 3880 3103 3946 ἐγεγόνειν·
3147 3879 3268 3931 οὔτε
3305 3881 3367 3932 σὺ
3428 3878 3710 3948 Ἀθηναῖος
3750 3881 3908 3930 εὐτυ-

2343 3969 2511 4038 χήσας
2537 3967 2804 4034 γενέσθαι,
2837 3969 3020 4034 ἐγένου
3044 3967 3108 4019 ἂν
3131 3967 3517 4035 Θεμιστοκλῆ-ς.
3545 3985 3562 4016 ι
3606 3968 3662 4018 Ὀ
3691 3967 3738 4018 δ’
3772 3966 3908 4035 mis-

2343 4075 2494 4126 τερος
2539 4056 2740 4127 Ἰησοῦς
2772 4057 2864 4107 καὶ
2904 4055 3297 4125 ὀνειδιζόμενος
3327 4055 3402 4116 ὡς
3436 4057 3499 4106 ὲκ
3530 4053 3720 4123 κώμης
3749 4072 3907 4122 γεγο-

2344 4148 2466 4211 νὼς,
2501 4149 2592 4199 καὶ
2633 4147 2833 4214 ταύτης
2864 4147 2964 4214 οὐχ
3025 4146 3356 4214 Ἐλλαδικῆς,
3387 4146 3509 4197 οὐδέ
3546 4162 3688 4208 τινος
3721 4133 3906 4210 ἔθνους

2344 4239 2489 4300 ὄντος
2521 4237 2666 4305 παρὰ
2693 4239 2801 4297 τοῖς
2838 4235 3048 4296 πολλοῖς
3081 4236 3137 4285 ὲν
3169 4238 3491 4305 προαγωγῇ·
3524 4236 3931 4306 δυσφημούμεο-

2343 4342 2429 4388 νος
2453 4325 2507 4376 δὲ
2529 4327 2622 4376 καὶ
2655 4325 2742 4376 ἐπὶ
2764 4322 2840 4392 τῷ
2863 4324 3119 4393 πενιχρᾶς
3143 4327 3234 4376 καὶ
3261 4325 3573 4395 χερνήτιδος
3607 4327 3718 4390 υἱὸς
3744 4325 3901 4389 εἶναι,

2346 4417 2436 4467 καὶ
2469 4415 2553 4466 διὰ
2589 4413 2774 4466 πενίαν
2804 4412 3113 4465 καταλιπὼν
3145 4415 3240 4483 τὴν
3277 4416 3527 4485 πατρίδα,
3562 4418 3619 4467 ἐν
3647 4418 3905 4488 Αἰγύπτῳ

687 4512 862 4574 Plato,
913 4521 1004 4562 aut
1058 4508 1410 4576 Pythagoras,
1471 4514 1563 4556 aut
1613 4505 1872 4571 quidquid
1919 4505 2238 4570 sapientum,

2351 4507 2726 4576 μισθαρνήσαν
2755 4508 2847 4558 καὶ
2874 4509 3034 4558 οἱονεὶ
3059 4508 3213 4578 (πρὸς
3238 4510 3296 4560 τὸ
3313 4509 3512 4579 ληφθὲν
3536 4512 3902 4580 παρᾶδειγμα)

687 4616 895 4670 regum,
933 4601 1424 4667 imperatorumque
1461 4603 1573 4647 toto
1607 4592 1738 4647 orbe
1779 4594 1897 4646 fuit.

2345 4599 2404 4650 ού
2455 4601 2612 4667 μόνον
2654 4599 2898 4668 Σερίφιος
2933 4600 3185 4668 γεγονὼς,
3221 4602 3311 4653 καὶ
3349 4601 3454 4653 ἀπὺ
3494 4602 3782 4670 ἐλαχίστης
3812 4605 3903 4653 καὶ

687 4691 1032 4762 ἀσημοτάτης
1065 4691 1247 4757 νήσου,
1311 4687 1444 4741 ἀλλὰ
1500 4688 1589 4734 καὶ
1628 4684 1887 4754 Σεριφίων
1939 4685 2050 4755 (ὡς
2100 4686 2241 4740 ἔστιν
2281 4690 2474 4758 εἰπεῖν)
2513 4693 2540 4741 ὁ
2589 4691 2989 4757 ἁγεννέστατος,
3051 4693 3326 4761 δεδύνηται
3369 4695 3539 4744 σεῖσαι
3585 4693 3678 4761 τὴν
3728 4696 3901 4744 πᾶσαν

688 4782 980 4850 ἀνθρώπων
1019 4779 1353 4846 οἰκουμένην,
1394 4777 1449 4827 οὗ

1504 4776 1660 4844 μόνον
1696 4775 1831 4844 ὑπὲρ
1873 4776 2234 4842 Θεμιστοκλέα
2263 4779 2350 4831 τὸν
2396 4780 2686 4848 Ἀθηναῖον,
2721 4780 2853 4832 ἀλλὰ
2906 4783 2997 4834 καὶ
3021 4768 3178 4853 ίὺπὲρ
3226 4783 3564 4852 Πυθαγόραν,
3623 4784 3718 4833 καὶ
3759 4784 3899 4835 Πλά-

689 4894 849 4938 τωνα,
884 4875 977 4926 καί
1023 4891 1170 4934 τινας
1211 4871 1395 4931 ἄλλους
1444 4869 1897 4936 τεινιιτοιποτοῦν
1931 4872 2026 4939 τῆς
2069 4874 2385 4944 οἰκουμένης
2422 4875 2598 4942 σοφῶν
2631 4875 2663 4944 ἢ
2693 4876 2952 4944 βασιλέων
2982 4879 3013 4946 ἢ
3051 4877 3386 4947 στρατηγῶν.

759 4970 847 5022 50.
879 4969 1010 5034 Quis
1052 4969 1232 5034 igitur,
1282 4967 1370 5032 qui
1412 4973 1558 5016 natm
1598 5004 1636 5035 η
1682 4976 1874 5025 rerum
1911 4966 2048 5016 haud
2077 4966 2240 5034 negli-

691 5069 879 5130 genter
923 5060 1250 5119 eonsiderel,
1296 5071 1397 5107 non
1441 5055 1732 5107 admiretur
1766 5066 1886 5106 eum
1922 5054 2091 5121 gloria
2141 5072 2238 5123 po-

695 5151 858 5214 tuisse
883 5150 1104 5200 vincere
1124 5157 1178 5199 et
1213 5159 1273 5198 ea
1305 5147 1503 5206 omnia,
1538 5161 1656 5211 quas
1685 5143 1922 5196 infantia:
1953 5160 2070 5196 esse
2097 5156 2244 5211 pote-

696 5253 840 5301 rant,
866 5250 917 5291 et
945 5247 1456 5305 quotquotunquam
1491 5235 1728 5289 celebres
1753 5235 2000 5288 luerunt?
2021 5233 2150 5288 Nam
2179 5253 2242 5290 ex

695 5331 762 5382 iis
786 5328 876 5394 qui
916 5325 1014 5379 sibi
1055 5328 1193 5380 inter
1221 5327 1464 5379 homines
1511 5340 1704 5378 nomen
1737 5325 1997 5408 fecerunt,
2050 5341 2243 5392 paucos

768 5448 878 5518 (47)
921 5445 1412 5518 Ἀποκρὺψειηδίο
1436 5442 1627 5518 omnes
1666 5457 1794 5518 mss,
1827 5451 2045 5518 excepto
2074 5442 2239 5518 Jolla-

697 5513 885 5585 no'qu'i
915 5531 1032 5570 cum
1073 5516 1200 5585 libb.
1245 5514 1486 5585 edi_ti_s_in
1526 5522 1669 5585 textu
1705 5513 1883 5585 habet,
1933 5513 2235 5580 ἀποκρίσει.

697 5580 890 5640 Guieto
915 5582 1256 5638 scribendum
1293 5581 1567 5632 videbatur
1598 5580 1892 5646 ὑποκρίσει.

769 5656 879 5722 (48)
932 5653 1092 5718 Παρὰ
1120 5649 1199 5712 τῷ
1229 5647 1687 5722 ῃίίιίτωνιηλτίιὶο
1733 5648 2001 5722 l'la_toneut
2029 5649 2166 5722 libro
2220 5666 2234 5702 ι

700 5717 784 5781 De
822 5717 1023 5788 γένυος
1058 5734 1176 5790 pag.
1233 5718 1356 5780 3‘29,
1409 5729 1460 5770 et
1518 5717 1864 5768 Plutarclniu
1925 5718 2041 5771 Vita
2098 5718 2237 5772 The-

699 5794 972 5847 mistoclis.

2415 4968 2508 5028 Τίς
2539 4964 2630 5020 οὖν
2659 4969 2731 5037 μὴ
2765 4971 3054 5038 παρέργως
3075 4970 3370 5037 ἁνερευνῶν
3398 4970 3493 5039 τὴν
3517 4971 3623 5020 τῶν
3647 4974 3899 5040 trp-1751i-

2347 5075 2450 5110 των
2475 5058 2651 5125 φύσιν,
2674 5059 2772 5110 οὐκ
2795 5059 2859 5109 ἂν
2885 5059 3044 5110 αὐτὸν
3068 5059 3435 5128 καταπλαγείη
3473 5061 3757 5129 νικήσαντα
3787 5075 3798 5126 ς
3808 5062 3895 5126 5.1?)

2346 5146 2437 5196 καὶ
2468 5145 2870 5212 ύπεραναὸἧναι
2915 5145 3213 5214 δυνηθέντα
3257 5150 3321 5215 τῇ
3361 5145 3487 5215 δόξῃ
3534 5147 3599 5199 τά
3647 5154 3896 5214 ποιητικὰ

2344 5233 2549 5296 ἀδοξίας
2585 5234 2774 5292 πάντα’
2817 5235 2906 5284 καὶ
2955 5237 3157 5296 πάντας
3205 5236 3327 5296 τοὺς
3377 5235 3580 5288 πώποτ’
3621 5239 3892 5303 ἐνδόξουςς

2346 5325 2534 5376 Καίτοι
2581 5335 2642 5388 γε
2675 5324 2723 5373 οἱ
2764 5327 2819 5374 εν
2865 5323 3166 5393 ἀνθρώποις
3208 5324 3400 5390 ἔνδοξοι
3449 5328 3668 5379 σπάνιον
3714 5331 3761 5380 εί
3804 5331 3896 5380 ἐπὶ

2416 5442 2525 5511 (49)
2551 5442 2908 5505 Νικήσαντα.
2934 5443 3024 5495 Sic
3055 5456 3240 5495 omnes
3265 5444 3417 5496 codd.
3471 5457 3627 5509 11155.,
3649 5443 3695 5494 si
3734 5456 3894 5494 exce-

2345 5515 2488 5580 peris
2520 5511 2870 5576 Anglicanam
2894 5512 3106 5580 tertium
3132 5512 3182 5563 in
3214 5526 3319 5578 quo
3350 5512 3544 5576 legitur
3576 5513 3890 5577 κινήσαντα.

2347 5579 2542 5648 ibidem
2571 5581 2809 5644 quinque
2839 5594 2986 5633 mss..
3018 5579 3112 5631 καὶ
3152 5580 3572 5648 ὑπεραναόῆναι.
3623 5581 3748 5634 Alii.
3801 5580 3898 5631 καὶ

2349 5646 2662 5718 ὑπερϐῆναι.
2694 5649 2843 5718 intra
2896 5649 3053 5700 codd.
3100 5646 3334 5718 Reg.r:et
3377 5646 3724 5718 Ba'sileensis,
3761 5650 3898 5699 σπα-

2346 5733 2451 5767 νιον
2507 5717 2553 5763 εί
2625 5717 2712 5765 ἐπὶ
2773 5715 2968 5768 πλεῖον.
3037 5719 3145 5769 Duo
3186 5715 3498 5770 'Vaticaui.
3576 5716 3793 5764 σπάνιον
3849 5721 3897 5768 εί

2345 5787 2434 5836 ἐπὶ
2460 5783 2692 5837 πλείονα,
2726 5783 2959 5854 Reliqui,
2992 5786 3209 5843 σπάνιον
3241 5788 3285 5836 εἰ
3327 5788 3414 5836 ἐπὶ
3448 5784 3710 5836 πλεόνων.
