4096 6304
118 444 194 496 7l7
1264 438 1541 498 CONTRA
1576 437 1849 498 CELSUM
1882 437 2008 493 LIB.
2052 437 2094 492 1.

3186 432 3287 491 πε

120 555 346 630 πλειόνων
387 554 503 628 ἅμα
548 554 644 628 τὴν
678 557 830 622 δόξαν
864 556 1145 611 ἀναλαϐεῖν
1188 556 1518 629 δεδύνηνται.
1572 557 1615 610 'C

1736 554 1990 626 reperias,
2011 553 2100 623 qui
2117 550 2362 623 pluribus
2382 548 2538 606 simul
2571 549 2875 606 nominibus
2891 549 3112 622 gloriam
3140 565 3286 608 com-

117 643 191 712 μὲν
210 644 315 713 γὰρ
334 644 427 696 ἐπὶ
451 646 628 715 σοφίᾳ,
654 646 808 708 ἄλλος
825 646 866 697 δ’
889 647 979 699 ἐπὶ
1002 647 1313 718 στρατηγίᾳ,
1339 645 1630 718 ’βαρϐάρων

113 735 295 797 δέτινες
318 735 408 788 ἐπὶ
431 739 549 800 ταῖς
573 737 889 808 παραδόξοις
915 737 972 804 ἐξ
995 737 1213 808 ἐπῳδῶν
1232 739 1509 809 δυνάμεσι,
1539 739 1630 792 καὶ⁸

114 824 229 877 ἀλλοι
255 824 340 877 ἐπ’
366 826 563 890 ἄλλοις,
595 827 654 880 οὐ
697 826 905 890 πολλοῖς
929 828 1067 899 ἆμα,
1094 826 1509 900 ἐθαυμάσθησαν
1540 829 1631 881 καὶ

112 912 278 978 ἔνδοξοι
315 917 662 986 γεγένηνται·
691 910 841 980 οὗτος
881 919 937 971 δὲ
966 919 1100 989 πρὸς
1140 921 1250 983 τοῖς
1279 919 1454 983 ἄλλοις
1499 919 1628 973 θαυ-

115 1003 316 1074 μάζεται
339 1007 432 1058 καὶ
455 1007 548 1059 ἐπὶ⁵
577 1008 756 1076 σοφίᾳ,
790 1007 880 1061 καὶ
899 1008 990 1061 ἐπὶ
1012 1008 1286 1079 δυνάμεσι,
1311 1011 1401 1063 καὶ
1431 1011 1522 1062 ἐπ)⁵
1553 1009 1629 1080 τῷ

110 1095 313 1165 ἀρχικῷ.
347 1098 567 1149 Ἐπεισε
586 1096 691 1166 γὰρ
715 1096 827 1150 οὗθ’
855 1098 930 1161 ὡς
958 1099 1209 1170 τύραννος
1242 1101 1627 1171 συναποστῆναι

109 1185 229 1256 αὑτῴ
257 1204 408 1249 τινας
433 1186 540 1240 τῶν
573 1187 770 1259 νόμων,
800 1187 912 1243 οὔθ’
941 1189 1017 1252 ὠς
1043 1189 1240 1260 λῃστὴς
1277 1191 1395 1244 κατ’
1419 1189 1626 1262 ἀνθρώ-

107 1293 198 1328 πων
224 1277 458 1345 ἀλείφων
493 1278 603 1349 (50)
634 1279 757 1343 τοὺς
785 1281 1096 1350 ἑπομένους,
1123 1282 1235 1335 οὗθ’
1273 1285 1347 1347 ὡς
1379 1285 1627 1347 πλούσιος

106 1369 328 1448 χορηγῶν
358 1373 472 1433 τοῖς
497 1369 827 1444 προσιοῦσιν,
852 1371 963 1426 οὕθ⁹
994 1372 1068 1437 ὥς
1097 1392 1180 1437 τις
1209 1375 1322 1428 τῶν
1342 1376 1628 1446 ὁμολογου-

107 1460 256 1531 μένως
281 1461 514 1530 ψεκτῶνο
547 1462 660 1516 ἀλλ’
685 1463 760 1526 ὡς
783 1464 1094 1529 διδάσκαλος
1112 1466 1205 1520 τοῦ
1231 1469 1355 1538 περὶ
1378 1467 1470 1521 τοῦ
1492 1468 1622 1521 Θεοῦ

105 1550 190 1602 τῶν
217 1551 351 1604 ὅλων
395 1551 570 1620 λόγου,
611 1555 704 1607 καὶ
727 1554 826 1624 τῆς
861 1557 940 1619 είς
976 1556 1135 1610 αὑτὸν
1184 1557 1490 1628 θρησκείας,
1535 1561 1626 1612 καὶ

105 1636 280 1702 παντὸς
323 1639 512 1710 ἠθικοῦ
545 1642 764 1714 τρόπου,
803 1644 1093 1716 δυναμένου
1126 1647 1396 1700 οἰκειῶσαι
1422 1648 1499 1718 τῷ
1532 1651 1624 1702 ἐπὶ

105 1731 215 1780 πᾶσι
244 1729 364 1795 Θεῷ
384 1731 473 1784 τὸν
497 1733 616 1785 κατ’
645 1734 803 1787 αὐτὸν
829 1733 1109 1804 βιώσαντα.
1147 1737 1249 1790 Καὶ
1275 1738 1626 1809 Θεμιστοκλεῖ

105 1820 202 1888 μὲν,
227 1823 261 1892 ἧ
294 1839 399 1876 τινι
440 1825 548 1878 τῶν
587 1826 804 1893 ἐνδόξων
832 1828 981 1881 οὐδὲν
1023 1829 1209 1897 γέγονε
1250 1830 1308 1883 τὸ
1355 1832 1624 1885 ἐναντιού-

1735 648 2064 720 paraverint.
2093 646 2244 701 Alius
2276 645 2490 714 quidem
2517 644 2799 713 sapientia,
2834 643 2971 699 alius
2995 634 3194 714 impera
3207 655 3288 699 to-

1736 743 1832 796 riis
1865 740 2090 806 artibus,
2124 737 2338 808 quidam
2372 752 2438 791 ex
2470 735 2718 805 barbaris
2758 744 3066 805 portentosa
3099 735 3286 790 incan-

1737 833 1993 886 tationum
2041 837 2323 899 potestate,
2377 827 2466 881 alii
2534 827 2656 884 aliis
2705 827 2995 882 virtutibus
3040 828 3285 883 cnituere

1734 912 2055 990 fueruntque
2109 918 2473 982 admirationi,
2501 933 2603 971 non
2637 917 2820 972 multis
2855 917 3034 973 simul.
3069 917 3160 972 ille
3183 933 3283 971 au-

1736 1015 1860 1072 tem,
1908 1018 2102 1077 praeter
2149 1017 2361 1071 caetera,
2397 1014 2450 1060 et
2494 1006 2754 1074 sapientia
2799 1013 2855 1060 et
2890 1005 3281 1062 miraculorum

1734 1107 1992 1166 potestate
2013 1109 2067 1153 et
2095 1098 2389 1167 imperandi
2418 1098 2640 1152 scientia
2674 1095 2773 1150 fuit
2799 1096 3155 1151 admirabilis.
3179 1096 3284 1151 Ne-

1733 1205 1835 1259 que
1864 1190 2025 1257 enim,
2061 1200 2116 1242 ut
2151 1201 2425 1260 tyrannus,
2448 1188 2766 1257 quibusdam
2800 1186 3067 1254 persuasit
3095 1200 3282 1240 secum

1731 1293 1761 1332 a
1796 1278 2000 1348 legibus
2029 1279 2292 1342 deiicere;
2328 1291 2424 1332 nec
2457 1286 2513 1331 ut
2548 1264 2696 1330 latro
2714 1276 2802 1344 qui
2824 1276 3082 1330 adversus
3111 1274 3285 1330 homi-

1732 1385 1828 1424 nes
1855 1377 1981 1424 Suos
2014 1379 2188 1424 armat
2219 1369 2481 1434 asseclas;
2514 1383 2610 1422 nec
2653 1380 2709 1421 ut
2753 1367 3040 1436 opulentus
3061 1367 3151 1436 qui
3175 1367 3287 1421 ob-

1729 1461 1846 1515 vios
1876 1460 2043 1515 allicit
2091 1459 2494 1528 largitionibus;
2543 1472 2641 1511 nec
2686 1448 2743 1510 ut
2787 1457 3051 1524 quispiam
3095 1470 3284 1511 eorum

1730 1565 1955 1619 quorum
2009 1551 2202 1620 agendi
2258 1549 2394 1604 ratio
2432 1547 2846 1628 man‘ifeste'est
2897 1545 3282 1618 vituperanda;

1731 1645 1821 1698 sed
1861 1653 1918 1699 ut
1945 1644 2201 1712 magister
2227 1642 2317 1710 qui
2341 1621 2667 1700 summi'Dei
2698 1621 3021 1702 doctrinam,
3055 1639 3281 1705 cultum,

1729 1750 2049 1805 omnemque
2079 1741 2286 1790 merum
2315 1716 2868 1800 tradit-disciplinam,
2893 1744 3011 1800 quas
3033 1744 3284 1796 supremo

1731 1825 1838 1879 Deo
1857 1824 2144 1880 conciliare
2162 1831 2358 1893 potest,
2381 1823 2689 1891 quicunque
2715 1835 2841 1875 suos
2867 1821 2931 1874 ad
2962 1834 3080 1874 eam
3107 1835 3304 1888 mores

105 1930 238 1980 μενον
257 1918 323 1986 τῇ
348 1916 470 1988 δόξῃ
487 1918 697 1987 ὀτούτῳ
718 1919 774 1972 δὲ
797 1919 930 1990 πρὸς
959 1922 1068 1983 τοῖς
1093 1922 1396 1991 εἰρημένοις
1420 1908 1615 1989 ἱκανῶς

1726 1915 2149 1985 composuerint.
2179 1915 2266 1983 ‘Ae
2294 1911 2676 1968 Themistoclis
2727 1911 2940 1980 quidem
2995 1918 3089 1964 aut
3119 1909 3283 1966 ullius

101 2003 388 2074 δυναμένοις
420 2007 650 2076 καλύψαι
694 2012 750 2063 ἐν
790 2010 969 2082 ἀδοξίᾳ
1007 2012 1286 2083 ἀνθρώπου
1326 2015 1498 2086 ψυχὴν
1531 2018 1624 2070 καὶ

100 2095 217 2147 πάνυ
231 2097 478 2163 εὐφυοῦς,
507 2100 598 2153 καὶ
617 2101 644 2152 ὁ
662 2100 827 2155 δοκῶν
848 2101 1036 2172 ἄτιμος
1064 2099 1200 2158 εἶναι
1227 2105 1450 2171 θάνατος
1475 2124 1625 2168 σταυ-

101 2186 299 2255 ρωθέντι
346 2189 526 2253 ἱκανὸς
555 2186 623 2262 ἧν
657 2195 748 2246 καὶ⁸
769 2194 866 2265 τὴν
893 2193 1168 2263 φθάσασαν
1199 2185 1373 2264 δόξαν,
1414 2200 1505 2252 καὶ
1527 2201 1624 2270 τὴν

99 2280 588 2346 προκαταλαϐοῦσαν
632 2282 963 2352 ἐξαφανίσαι,
1008 2287 1100 2340 καὶ⁸
1130 2289 1253 2352 τοὺς
1291 2289 1385 2360 (ὡς
1426 2291 1623 2344 οἴονται

97 2371 136 2419 oi
161 2370 227 2441 μὴ
256 2374 766 2445 συγκατατιθέμενοι
795 2377 956 2431 αὑτοῦ
985 2381 1048 2450 τῇ
1071 2379 1404 2452 διδασκαλίᾳ)
1432 2382 1625 2452 προεξ-

95 2464 449 2537 απατηθέντας
494 2469 712 2538 ποιῆσαι
769 2470 869 2540 τῆς
910 2471 1007 2541 μὲν
1049 2473 1260 2545 ἀπάτης
1302 2476 1619 2546 ἀποστῆναι,

95 2555 492 2627 καταγνῶναιδέ
516 2557 607 2611 τοῦ
636 2560 1032 2630 ἀπατήσαντος.

147 2798 281 2869 Πρὸς
304 2797 510 2864 τούτοις
526 2801 581 2855 δὲ
606 2801 877 2874 θαυμάσαι
899 2803 964 2858 ἄν
981 2822 1085 2871 τις,
1109 2804 1270 2859 πόθεν
1292 2806 1488 2878 ἐπῆλθε
1510 2812 1621 2875 τοῖς

92 2890 338 2958 μαθηταῖς
369 2891 530 2946 αὐτοῦ
562 2894 694 2964 (51),
724 2897 799 2958 ὡς
839 2895 1083 2965 λέγουσιν
1125 2900 1173 2950 οἱ
1206 2898 1624 2967 κακολόγοῦντες

86 2981 165 3032 τὸν
196 2983 417 3053 Ἰησοῦν,
455 2983 529 3055 μὴ
551 2985 844 3056 ἑωρακόσιν
871 2987 1031 3040 αὐτὸν
1054 2988 1356 3042 ἀναστάντα
1386 2989 1491 3042 ἀπὸ
1515 2991 1620 3044 τῶν

84 3077 296 3145 νεκρῶν,
318 3077 452 3149 μηδὲ
473 3079 768 3133 πεισθεῖσιν
795 3080 874 3133 ὃτι
935 3080 1199 3152 θειότερόν
1226 3098 1279 3133 τι
1303 3077 1370 3153 ἦν
1397 3082 1618 3147 ἐκεῖνος,

85 3166 205 3236 πρὸς
241 3167 318 3239 τῷ
356 3169 430 3240 μὴ
474 3169 767 3241 φοϐηθῆναι
798 3171 906 3242 (5'2)
933 3171 1001 3225 τά
1037 3173 1174 3227 αὐτά
1212 3172 1288 3243 τῷ
1322 3174 1620 3245 διδασκάλῳ

83 3260 279 3325 παθεῖν,
312 3263 406 3316 καὶ
447 3263 609 3332 ὁμόσε
645 3264 888 3335 χωρῆσαι
932 3264 1008 3333 τῷ
1045 3264 1293 3335 κινδύνῳ,
1323 3267 1417 3319 καὶ
1451 3282 1622 3319 κατα·-

81 3349 240 3406 λιπεῖν
270 3354 367 3418 τάς
403 3355 663 3426 πατρίδας
702 3356 836 3426 ὑπὲρ
868 3355 959 3408 τοῦ
991 3356 1194 3420 διδάξαι
1235 3357 1374 3410 κατά
1406 3358 1465 3411 τὸ
1517 3360 1620 3430 Ἰη-

82 3442 166 3494 σοῦ
199 3443 462 3516 βούλημα,
488 3446 575 3499 τὸν
601 3446 965 3517 παραδοθέντα
990 3446 1098 3517 (55)
1129 3450 1310 3510 αὐτοῖς
1339 3449 1429 3501 ὑπ’
1456 3449 1616 3501 αὐτοῦ

80 3531 250 3601 λόγον·
275 3531 426 3606 οἶμαι
455 3535 583 3606 γὰρ,
606 3537 686 3589 ὅτι
715 3538 743 3588 ὁ
773 3537 1120 3608 εὐγνωμόνως
1154 3539 1414 3602 ἐξετάζων
1445 3541 1619 3610 πράγ-

79 3641 213 3693 ματα
239 3627 339 3679 οὐκ
366 3625 432 3680 ἂν
481 3626 624 3695 λέγοι
665 3626 880 3689 τούτους
919 3627 1142 3690 ἑαυτοὺς
1183 3627 1617 3698 παραδεδωκέναι

77 3715 436 3787 περιστατικῷ
484 3715 601 3786 βίῳ,
646 3717 828 3771 ἕνεκεν
872 3717 971 3787 τῆς
1032 3717 1204 3787 Ἰησοῦ
1246 3717 1614 3784 διδασκαλίας,

72 3807 230 3875 χωρίς
266 3824 408 3869 τινος
439 3806 678 3878 μεγάλης
709 3806 946 3872 πειθοῦς,
978 3807 1044 3878 ἢν
1071 3808 1390 3878 ἐνεποίησεν
1414 3810 1614 3873 αὐτοῖς,

71 3894 323 3950 διδάσκων
370 3898 430 3950 οὐ
479 3896 633 3967 μόνον
676 3896 970 3949 διακεῖσθαι
1014 3896 1154 3950 κατά
1202 3897 1269 3968 τά
1324 3898 1617 3969 μαθήματα

70 3987 246 4051 αὺτοῦ,
282 3987 416 4040 ἀλλά
449 3987 553 4039 ’καὶ
593 3986 781 4049 ἀλλους
825 3986 1146 4040 διατιθέναισ
1196 3988 1286 4041 καὶ
1327 3988 1616 4042 διατιθέναι

72 4077 346 4144 προῦπτου
363 4077 534 4142 ὄντος,
555 4077 630 4140 ὡς
655 4077 789 4147 πρὸς
807 4077 897 4129 τὸν
917 4076 1212 4148 ἀνθρώπων
1234 4079 1365 4148 βίον,
1395 4079 1615 4150 ὀλέθρου

66 4165 136 4233 τῷ
156 4166 422 4236 τολμῶντι
453 4166 723 4237 πανταχοῦ
746 4170 838 4220 καὶ
862 4168 996 4237 πρὸς
1023 4168 1226 4232 πάντας
1256 4173 1612 4240 καινοτομεῖν,

66 4255 153 4305 καὶ
195 4251 398 4324 μηδένα
441 4257 760 4328 ἀνθρώπων,
800 4257 1098 4328 ἐμμένοντα
1129 4257 1235 4328 (54)
1276 4260 1402 4321 τοῖς
1426 4259 1616 4328 προτέ-

63 4364 171 4415 ροις
203 4349 434 4418 δόγμασι
480 4349 572 4401 καὶ
613 4348 774 4413 ἔθεσι,
820 4348 967 4416 φίλον
1002 4349 1177 4417 ἐαυτῷ
1221 4353 1422 4418 τηρεῖν.
1472 4347 1615 4421 ἸΓΑρα

61 4440 162 4509 γάρ
194 4440 296 4509 οὐχ
319 4439 505 4509 ἐώρων
530 4439 578 4489 οἱ
603 4438 694 4489 τοῦ
736 4436 906 4508 Ἰησοῦ
938 4438 1194 4506 μαθηταὶ,
1221 4439 1522 4508 τολμῶντες
1552 4441 1611 4491 οὐ

1729 2009 1960 2061 virorum
1990 2006 2277 2060 illustrium
2310 2004 2442 2058 nihil
2469 2015 2588 2058 erat
2614 2005 2758 2072 quod
2798 2002 2981 2072 gloriae
3013 2003 3270 2056 adversa-

1726 2105 1890 2152 retur.
1941 2097 2031 2151 llle
2077 2105 2274 2151 autem,
2307 2105 2508 2165 praeter
2533 2093 2642 2162 jam
2701 2093 2863 2159 dicta,
2896 2106 3015 2163 quae
3048 2095 3283 2150 tenebris

1725 2187 1950 2244 obruere
1995 2193 2240 2255 poterunt
2286 2185 2516 2241 indolem
2570 2183 2865 2252 quamlibet
2927 2197 3276 2251 generosam,

1725 2279 1964 2335 sublatus
2011 2280 2064 2333 in
2091 2293 2306 2334 crucem
2356 2285 2584 2332 mortem
2633 2288 2821 2344 passus
2853 2281 2956 2336 est,
2985 2287 3102 2343 qua
3161 2276 3277 2329 visa

1726 2369 1827 2424 fuit
1851 2371 2224 2439 ignominiosa,
2253 2376 2308 2423 et
2336 2382 2455 2436 quae
2485 2375 2602 2420 erat
2632 2363 2965 2432 bujusmodi,
2992 2372 3049 2416 ut
3102 2379 3163 2418 ea
3197 2366 3279 2420 vel

1719 2459 1827 2527 jam
1850 2468 1972 2512 ante
1993 2465 2298 2527 comparata
2333 2455 2502 2525 gloria
2529 2451 2833 2513 obliterari.
2871 2451 3167 2506 abalienari
3208 2452 3291 2507 ab'
3358 2475 3361 2479 ·

1724 2547 1842 2616 ipso
1868 2550 2192 2617 quicunque,
2237 2555 2294 2600 ut
2335 2552 2524 2615 putant
2553 2542 2646 2614 qui
2673 2541 2790 2610 ejus
2818 2540 3115 2597 doctrinam
3168 2557 3276 2596 non

1723 2649 2063 2706 receperunt,
2096 2637 2301 2705 decepti
2334 2635 2567 2700 fuerant,
2603 2644 2656 2689 et
2683 2634 2750 2688 ad
2775 2633 3136 2688 damnandum
3173 2634 3274 2688 im-

1720 2740 1992 2799 postoretn
2019 2731 2240 2784 excitari
2268 2729 2583 2798 potuissent.
2699 2734 2704 2741 '

1792 2821 1881 2876 3i.
1911 2819 2099 2875 Mirum
2131 2820 2294 2875 etiam
2325 2828 2407 2875 est
2443 2819 2582 2873 unde
2604 2817 2898 2887 diScipulis,
2931 2815 3040 2885 qui,
3078 2825 3134 2870 ut
3176 2818 3274 2873 ob-

1723 2918 2041 2966 trectatores
2082 2909 2208 2966 Jesu
2249 2909 2455 2975 dicunt,
2489 2923 2587 2962 nec
2624 2923 2745 2962 eum
2776 2922 2806 2961 a
2841 2909 3067 2963 mortuis
3102 2909 3275 2964 susci-

1724 3012 1892 3058 tatum
1921 3002 2203 3066 vidissent,
2239 2996 2494 3057 nec'eum
2545 2999 2787 3068 divinum
2829 2999 3102 3069 quidpiam
3151 3013 3274 3053 esse

1722 3105 2038 3161 persuasum
2109 3091 2449 3156 habuissent,
2503 3090 2557 3143 in
2595 3097 2830 3144 mentem
2880 3088 3110 3143 venisset
3165 3103 3272 3144 non

1723 3182 2071 3237 reformidare
2099 3196 2218 3249 quae
2246 3182 2500 3253 magister
2529 3195 2718 3250 passus
2777 3179 2972 3244 fuerat,
3006 3179 3273 3250 intrepide

1723 3287 1781 3327 se
1810 3271 2060 3340 periculis
2081 3272 2457 3336 committere,.
2481 3269 2817 3340 patriamque
2856 3270 3180 3340 relinquere,
3214 3281 3275 3325 ut

1723 3377 1790 3416 ex
1813 3361 2086 3416 voluntate
2108 3359 2232 3416 Jesu
2277 3361 2578 3416 doctrinam
2631 3358 2734 3415 sibi
2774 3358 2842 3415 ab
2874 3361 2990 3431 ipso
3018 3361 3271 3415 traditam

1722 3451 1994 3505 docerent.
2043 3450 2174 3503 Nam
2218 3450 2460 3505 arbitror
2507 3448 2778 3503 neminem
2808 3449 2924 3505 fore
2961 3449 3073 3519 qui,
3111 3449 3274 3504 rebus

1722 3539 2008 3608 diligenter
2040 3541 2341 3609 perpensis,
2368 3540 2510 3594 dicat
2542 3539 2663 3597 illos
2690 3541 3074 3596 tumultuosam
3102 3541 3270 3595 vitam

1719 3629 1882 3701 35,9
1907 3639 2126 3700 propter
2164 3630 2288 3685 Jesu
2311 3631 2613 3686 doctrinam
2639 3630 2910 3686 electuros
2939 3629 3128 3697 fuisse,
3165 3631 3270 3686 nisi

1720 3736 1814 3774 eos
1844 3720 2188 3774 vehementer
2247 3720 2606 3786 persuasisset
2652 3729 2706 3775 et
2747 3735 2812 3775 ex
2840 3719 2952 3773 suis
2972 3721 3269 3790 praeceptis

1719 3811 1904 3863 vivere
1933 3819 1986 3862 ct
2022 3810 2158 3863 alios
2203 3810 2267 3862 ad
2301 3824 2361 3862 ea
2393 3811 2718 3877 capesSenda
2756 3808 3024 3864 adducere
3073 3827 3086 3863 :
3133 3825 3272 3878 prae-

1720 3901 1905 3956 sertim
1932 3916 2076 3964 cum,
2111 3911 2166 3955 ut
2188 3909 2313 3955 sunt
2340 3901 2588 3956 humana:
2613 3914 2723 3966 res,
2756 3900 2812 3954 in
2843 3915 3084 3970 praesens
3114 3902 3267 3956 exitii

1720 3991 2016 4059 periculum
2050 4005 2107 4046 se
2131 3991 2404 4060 conjiciat,
2431 3992 2676 4062 quisquis
2710 4005 2848 4046 nova
2871 3991 3173 4060 ubicunque
3212 3999 3269 4044 et

1720 4080 1970 4134 omnibus
1995 4080 2294 4150 praedicare
2321 4082 2498 4144 audet,
2520 4080 2864 4148 infensosque
2901 4080 2999 4133 sibi
3020 4080 3264 4144 reddere,

1718 4171 2025 4239 quicunque
2048 4181 2175 4224 sunt
2196 4173 2388 4241 priscis
2414 4172 2678 4240 dogmatis
2712 4179 2765 4225 et
2788 4171 3265 4225 consuetudinibus

1717 4261 1942 4315 addicti.
1984 4261 2176 4315 Annon
2206 4263 2259 4315 id
2290 4264 2517 4330 periculi
2550 4263 2804 4315 viderunt
2839 4259 3260 4329 Jesu'aposteli,

1716 4366 1835 4405 cum
1886 4351 2002 4406 ausi
2034 4362 2162 4406 sunt
2215 4367 2322 4406 non
2374 4343 2548 4406 solum
2577 4350 2775 4406 ludatis
2825 4366 2891 4406 ex
2934 4353 3262 4420 propheticis

1714 4440 2049 4494 sermonibus
2101 4446 2350 4510 probare,
2408 4456 2528 4495 eum
2586 4455 2725 4506 esse,
2772 4448 2944 4509 'quem
2990 4441 3264 4511 prophetae

62 4531 214 4600 μόνον
255 4531 524 4592 Ἰουδαίοις
550 4530 614 4582 ἐκ
640 4527 744 4581 τῶν
773 4529 1120 4599 προφητικῶν
1155 4529 1324 4596 λόγων
1354 4528 1612 4599 παριστά-

1722 4533 2115 4599 praedixerant;
2149 4534 2244 4588 sed
2278 4535 2438 4586 etiam
2469 4534 2692 4603 reliquis
2721 4534 2967 4604 gentibus
2994 4550 3138 4600 eum,
3169 4537 3260 4604 qui

60 4639 185 4685 νειν,
233 4623 318 4676 ὅτι
357 4614 508 4683 οὗτος
543 4619 627 4689 εἴη
672 4618 701 4669 ό
745 4618 1150 4689 προφητευθεὶς,
1197 4617 1330 4671 ἀλλά
1371 4619 1464 4671 καὶ
1503 4620 1612 4681 τοῖς

58 4713 258 4778 λοιποῖς
300 4711 522 4776 ἔθνεσιν,
556 4711 636 4762 ὃτι
677 4712 705 4762 ὁ
745 4709 870 4780 χθὲς
910 4708 1004 4762 καὶ¹
1049 4707 1234 4779 πρώην
1285 4709 1613 4781 σταυρωθεὶς

57 4804 191 4855 ἑκὼν
236 4802 424 4856 τοῦτον
464 4802 552 4853 τὸν
594 4800 819 4853 θάνατον
857 4800 994 4870 ὑπὲρ
1039 4795 1129 4852 τοῦ
1162 4798 1266 4852 τῶν
1310 4800 1613 4871 ἀνθρώπων

55 4895 242 4959 γένους
285 4891 588 4957 ἀνεδέξατο,
630 4889 884 4958 ἀνάλογον
927 4892 1034 4952 τοῖς
1071 4889 1428 4946 ἀποθανοῦσιν
1473 4893 1612 4962 ὑπὲρ

51 4985 329 5054 πατρίδων
354 4985 444 5037 ἐπὶ
482 4983 556 5052 τῷ
591 4982 776 5035 σϐέσαι
811 4982 1026 5051 λοιμικά
1058 4984 1399 5052 κρατήσαντα
1445 5000 1612 5035 κατα-

114 5184 230 5253 (50)
308 5183 599 5251 Ἁλείφων.
673 5179 931 5246 Ὀπλίζων
971 5179 1226 5236 Gelenius
1279 5179 1473 5246 legisse
1527 5182 1605 5234 vi-

49 5255 222 5306 detur.

114 5325 228 5392 (51)
259 5320 478 5376 Αὑτοῦ.
512 5320 667 5392 Deest
701 5322 752 5392 in
793 5321 945 5392 libris
981 5328 1135 5392 antea
1165 5318 1468 5392 editis,__set_l
1521 5335 1606 5373 re-

47 5388 259 5459 peritur
319 5393 368 5442 in
404 5391 563 5442 codd.
616 5390 927 5459 Basileensi,
979 5389 1204 5459 Joliano,
1251 5397 1304 5440 et
1344 5388 1603 5459 Vaticano

46 5457 240 5530 tirintn.
285 5460 451 5530 Pallio
485 5471 602 5530 post
639 5460 816 5530 codex,
845 5457 1162 5530 Basileensis
1189 5473 1291 5530 non
1336 5457 1493 5530 male,
1525 5459 1603 5530 5;;

43 5526 326 5602 θειότερα(
352 5526 418 5598 ἦν
450 5529 641 5602 ἐκεῖνο,
694 5528 943 5602 nimirum
964 5528 1037 5602 eo
1057 5527 1362 5602 hdvag'rﬁvat
1387 5527 1454 5602 sic
1502 5528 1604 5602 τῶν

42 5594 279 5672 νεκρῶν.
310 5594 524 5667 Reliqui
555 5612 680 5649 mss.
707 5611 827 5648 cum
850 5597 1025 5661 editis,
1053 5597 1131 5649 ὃτι
1167 5595 1427 5665 θειότερόν
1456 5613 1508 5647 τι
1538 5594 1602 5668 ἦν

42 5678 270 5723 ἐκεῖνος.

111 5709 423 5808 ξὲζῖῂρδξ
463 5735 665 5808 τῷνμὴ
713 5733 1055 5808 φοξηρῇναι.
1093 5734 1167 5786 ita
1202 5737 1397 5808 optime
1447 5739 1600 5808 codd.

42 5802 377 5866 liaSilet‘ttsis
402 5802 458 5862 et
493 5803 751 5859 Julianus.
798 5802 1008 5873 Reliqui
1045 5802 1246 5870 autem,
1277 5807 1409 5875 πρὸς
1436 5808 1494 5858 τὸ
1529 5807 1601 5877 μὴ
1676 5860 1680 5864 _

1715 4622 1833 4676 heri
1887 4632 1942 4677 et
1980 4624 2178 4678 nudius
2223 4625 2413 4679 tertius
2443 4627 2590 4680 cruci
2627 4624 2814 4680 allixus
2847 4624 3062 4690 fuerat,
3118 4624 3256 4681 hanc

1714 4713 1854 4767 ultro
1893 4723 2120 4769 mortem
2151 4730 2247 4784 pro
2278 4715 2511 4769 humano
2540 4731 2736 4786 genere
2757 4716 2986 4770 subiisse
3008 4705 3137 4780 {eis
3157 4714 3258 4769 hac

1714 4802 1765 4854 in
1800 4815 1856 4854 re
1891 4803 2142 4868 similem,
2169 4793 2258 4872 qui
2293 4816 2518 4858 mortem
2553 4805 2910 4874 oppetierant,
2943 4802 3254 4872 utpatriam

1710 4907 1913 4944 suama
1949 4906 2234 4961 grassante
2279 4893 2620 4962 pestilentia,
2670 4903 2762 4948 aut
2795 4893 3110 4959 sterilitate,
3158 4903 3254 4948 aut

1712 4981 2119 5048 tempestatibus
2147 4982 2482 5036 liberarent?
2533 4981 2607 5035 lta
2637 4982 2780 5036 enim
2813 4989 3000 5036 natura
3029 4995 3252 5053 compa-

1777 5184 2018 5237 δηθῆναι.

1707 5201 2018 5254 φοοηυηναι.

1747 5253 1883 5326 ,(53)
1917 5254 2069 5309 Libb.
2111 5253 2259 5318 editi,
2285 5254 2375 5306 καὶ
2398 5253 2487 5326 τδν
2519 5251 2905 5326 παραδοθέντα,
2936 5254 3028 5307 sed
3054 5254 3102 5306 in
3130 5269 3252 5326 om-

1705 5323 1862 5378 nibus
1892 5340 2019 5378 mss.
2057 5333 2411 5393 praeterquam
2448 5325 2500 5376 in
2527 5323 2838 5392 Anglicanis
2871 5326 3019 5376 deest
3049 5323 3159 5387 καί,
3195 5334 3251 5378 et

1707 5403 1848 5446 recte
1879 5395 2115 5461 quidem.
3051 5454 3054 5458 I

1775 5461 1884 5530 (54)
1911 5461 2243 5531 Hmschelius
2274 5461 2326 5514 in
2355 5469 2501 5515 textu
2529 5461 2855 5531 ἐμϐαίνοντα
2877 5499 2889 5522 ,
2919 5470 2971 5514 et
3003 5461 3070 5513 ad
3097 5472 3242 5514 mar-

1705 5531 1879 5601 ginem
1904 5530 2219 5599 ἐμμένοντα.
2249 5530 2608 5584 Posteriorem
2638 5533 3242 5601 leCtionemﬂscquuntur

1705 5599 1822 5654 cum
1857 5601 2123 5666 Spencero
2154 5614 2344 5653 omnes
2376 5615 2505 5653 mss.
2555 5602 2597 5654 si
2636 5599 2887 5667 .excip‘ias
2924 5600 3238 5653 Vaticanum

1705 5680 1995 5740 recentem,
2025 5678 2076 5740 et
2099 5667 2366 5721 lulianum
2389 5670 2479 5737 qui
2513 5673 2672 5723 etiam
2705 5684 2866 5740 supra
2893 5667 3237 5738 ἐμϐαίνοντα,

1703 5737 1990 5804 ascriptum
2031 5739 2225 5802 habet,
2256 5740 2577 5809 ἐμμένοντα.
