4126 6314
205 392 326 480 722i

1423 407 1701 466 CONTRA
1732 409 2011 470 CELSUM
2049 415 2174 473 LIB.
2216 418 2256 474 I.

3350 428 3474 489 ,ω

207 517 367 613 (ᾆσον
399 519 494 613 έᾼπὶ
514 519 594 613 τῶ
623 521 792 613 νόμῳ)
828 524 900 595 μὴ
927 525 1068 596 ἔχειν
1097 528 1348 601 ἀφορμὰς
1379 531 1681 601 ἀποστῆναι
1724 536 1772 587 εἰ

1909 552 2121 592 sumere
2162 539 2448 594 debuerint
2493 542 2559 595 ad
2586 544 2867 613 gentilium
2913 546 3134 602 deorum
3167 550 3464 606 multitudi-

208 609 322 674 τὴν
371 608 482 662 τῶν
515 612 682 666 ἐθνῶν
716 617 1100 690 πολυθεότητα.
1134 620 1206 672 Τὸ
1251 621 1297 674 δ’
1326 624 1622 690 ἀναγκαῖον
1660 625 1800 678 οὕτω

209 703 666 774 παραστήσομεν.
705 725 723 756 ‹
755 707 835 760 Τὰ
883 709 1009 779 ἔθνη
1035 750 1050 772 ,
1090 731 1108 761 ι
1151 711 1226 775 ὡς
1267 713 1569 784 γέγραπται
1610 717 1702 768 καὶ
1742 720 1798 770 ἐν

215 787 381 858 αὑτῷ
409 791 486 860 τῷ
523 794 631 846 τῶν
671 797 933 850 Ἰουδαίων
988 801 1156 871 νόμῳ,
1186 822 1202 852 ι
1244 803 1510 875 κλῃδόνων
1533 806 1628 858 καὶ
1662 825 1797 876 μαν-

205 879 383 932 τειῶν
412 881 726 939 ἁκοῦσονται
747 904 760 916 ο
789 907 806 937 ι
838 889 914 958 τῷ
938 889 994 942 δὲ
1019 891 1128 961 λαῷ
1157 894 1350 964 ἐκείνῳ
1376 895 1616 968 εἴρηται’
1659 918 1677 948 ι
1707 901 1798 952 Σοὶ

205 963 275 1017 δὲ
306 968 405 1037 οὐχ
456 971 626 1034 οὕτως
664 974 828 1028 ἔδωκε
864 977 973 1046 (79)
1003 978 1204 1050 Κύριος
1248 983 1275 1034 6
1319 963 1451 1047 Θεός
1485 963 1604 1037 σου,
1635 1006 1652 1036 ι
1687 988 1797 1039 Καὶ¹

203 1058 542 1130 ἐπιφέρεται
587 1065 760 1136 τούτῳ
799 1067 894 1131 τὸ,
948 1089 966 1120 ι
1015 1071 1304 1143 Προφήτην
1331 1077 1395 1127 ἐκ
1423 1076 1528 1129 τῶν
1556 1077 1796 1147 ἀδελφῶν

206 1162 316 1200 σου
346 1148 637 1224 ἀναστήσει
670 1173 750 1209 σοι
779 1159 981 1230 Κύριος
1029 1163 1057 1214 6
1094 1162 1226 1224 Θεός
1272 1180 1382 1216 σου.
1420 1186 1436 1215 ι
1469 1165 1640 1240 Εἴπερ
1673 1164 1788 1235 οὖν,

202 1239 326 1292 τῶν
365 1241 535 1295 ἐθνῶν
578 1248 872 1317 χρωμένων
921 1252 1198 1321 μαντείαις
1230 1255 1338 1308 εἴτε
1373 1257 1466 1321 ,διὰ
1506 1261 1792 1330 κλῃδόνων,

203 1327 328 1379 εἴτε
351 1329 419 1380 δι’
446 1333 672 1398 οἰωνῶν,
701 1338 808 1390 εἴτε
837 1338 904 1392 δι’
929 1333 1302 1409 ὀρνίθων,εἴτε
1334 1345 1401 1396 δι’
1427 1349 1794 1418 ἐγγαστριμύ-

204 1413 362 1480 θων,
397 1419 507 1471 εἴτε
555 1423 649 1474 καὶ
698 1425 785 1479 διὰ
835 1427 941 1479 τῶν
984 1429 1081 1500 τὴν
1130 1430 1351 1503 θυτικὴν
1389 1435 1793 1506 ἐπαγγελλομέ-

169 1560 172 1561 ν
203 1524 319 1558 νων
351 1508 496 1580 (80),
533 1508 643 1564 εἴτε
669 1515 761 1566 καὶ
789 1516 874 1571 διὰ
907 1518 1188 1573 Χαλδαίων
1219 1523 1790 1593 γενεθλιαλογούντων,

198 1598 357 1669 ἇπερ
401 1601 577 1654 πάντα
615 1604 889 1669 Ἰουδαίοις
912 1609 1209 1681 ἀπείρητο,
1262 1614 1497 1667 Ἰουδαῖοι
1529 1617 1792 1688 μηδεμίαν

203 1685 360 1760 εἶχον
389 1694 741 1763 παραμυθίαν
763 1696 1016 1765 γνώσεως
1041 1703 1147 1753 τῶν
1174 1703 1490 1771 μελλόντων,
1513 1708 1602 1758 ὑπ’
1623 1711 1791 1780 αὐτῆς

203 1780 282 1832 ἆν
328 1783 428 1852 τῆς
473 1783 816 1856 ἀνθρωπίνης
865 1789 990 1859 περὶ
1035 1791 1134 1860 τὴν
1180 1793 1378 1860 γνῶσιν
1423 1795 1654 1865 λιχνείας
1682 1801 1789 1854 τῶν

203 1870 485 1941 ἐσομένων
513 1876 788 1944 ἀγόμενοι,
818 1882 1222 1952 κατεφρόνησαν
1260 1884 1356 1953 μὲν
1388 1886 1451 1938 ἂν
1482 1889 1588 1940 τῶν
1621 1890 1785 1956 ἰδίων,
1823 1877 1862 1928 Β

202 1961 285 2022 ὡς
311 1963 464 2016 οὐδὲν
496 1967 726 2035 ἐχόντων
753 1968 894 2021 θεῖον
921 1972 978 2023 ἐν
1009 1970 1250 2036 ἑαυτοῖς·
1287 1977 1378 2028 καὶ
1412 1979 1508 2031 οὐκ
1551 1981 1616 2032 ἂν
1653 1983 1788 2052 μετὰ

205 2052 418 2105 Μωσέα
467 2058 752 2127 προφήτην
790 2062 1162 2131 προσήκαντο,
1203 2069 1310 2120 οὐδ’
1339 2069 1650 2140 ἀνέγραψαν
1677 2073 1785 2142 (81)

200 2143 389 2197 αὐτῶν
433 2148 558 2209 τοὺς
595 2149 816 2217 λόγους,
854 2154 1138 2224 αὐτόμολοι
1183 2158 1237 2210 δὲ
1269 2162 1359 2219 ἐπὶ
1385 2163 1452 2214 τὰ
1474 2163 1581 2216 τῶν
1619 2164 1788 2219 ἐθνῶν

204 2239 440 2304 μαντεῖα
478 2240 572 2292 καὶ
617 2247 919 2316 χρηστήρια
964 2248 1294 2320 μετέστησαν
1317 2291 1330 2311 ,
1368 2249 1786 2328 ἢέπεχείρησαν

199 2322 271 2376 ἂν
306 2327 518 2396 ἱδρῦσαι
548 2348 598 2384 τι
635 2336 874 2390 τοιοῦτον
903 2340 996 2391 καὶ
1027 2343 1154 2411 παρ’
1186 2343 1416 2406 ἑαυτοῖς.
1453 2347 1604 2398 ”Ωστ’
1637 2351 1786 2402 οὐδὲν

198 2415 404 2470 ἄτοπόν
425 2420 560 2484 ἐστι,
589 2425 682 2476 καὶ
705 2427 832 2498 περὶ
860 2429 967 2482 τῶν
990 2433 1254 2502 τυχόντων
1286 2436 1410 2498 τοὺς
1444 2439 1572 2508 παρ’
1602 2442 1787 2502 αὐτοῖς

203 2505 509 2576 προφήτας,
545 2513 625 2574 εἰς
657 2519 1004 2586 παραμυθίαν
1042 2523 1148 2575 τῶν
1193 2525 1261 2576 τὰ
1290 2526 1517 2580 τοιαῦτα
1558 2531 1784 2583 ποθούν-

199 2611 313 2649 των
362 2605 786 2673 προειρηκέναι·
818 2608 955 2661 ὥστε
990 2614 1083 2664 καὶ
1118 2616 1242 2684 περὶ
1276 2618 1409 2668 ὄνων
1439 2619 1784 2674 ἀπολωλυιῶν

201 2688 570 2756 προφητεύειν
596 2693 685 2744 τὸν
707 2696 977 2766 Σαμουὴλ,
1004 2703 1242 2772 καὶπερὶ
1266 2707 1421 2757 νόσου
1463 2708 1650 2772 παιδὸς
1691 2710 1784 2780 βα-

203 2778 417 2834 σιλικοῦ
459 2784 550 2836 τὸν
582 2788 639 2839 ἐν
668 2791 732 2859 τῇ
761 2791 919 2862 τρίτῃ
953 2793 1060 2847 τῶν
1093 2798 1383 2851 Βασιλειῶν
1430 2803 1781 2874 ἀναγεγραμ-

201 2871 388 2940 μένον.
425 2875 550 2938 Πῶς
588 2878 644 2930 δὲ
683 2879 750 2932 ἂν
793 2883 869 2952 τῷ
919 2885 1223 2957 βουλομένῳ
1261 2892 1368 2942 ἀπὸ
1415 2891 1521 2944 τῶν
1549 2894 1779 2946 εἰδώλων

203 2961 462 3027 μαντείαν
483 2964 663 3020 λαϐεῖν
693 2971 1032 3044 ἐπέπλησσον
1054 2981 1101 3029 οί
1128 2980 1194 3032 τὰ
1210 2983 1300 3033 τοῦ
1323 2984 1485 3052 νόμου
1516 2985 1780 3039 Ἰουδαίων

200 3052 623 3129 πρεσὸεύοντες,
651 3059 838 3134 ὥσπερ
871 3068 1181 3137 εὑρίσκεται
1228 3073 1409 3135 Ἠλίας
1445 3073 1521 3142 τῷ
1568 3075 1779 3148 Ὀχοζία

1902 646 2023 682 nem
2051 632 2354 690 dcﬁCiemli.
2375 633 2485 688 Hoc
2514 644 2694 690 autem
2727 640 3041 694 necessario
3066 642 3458 696 admittendum

1901 739 2019 777 esse
2051 721 2241 777 el‘licio.
2277 722 2545 794 Scriptum
2580 736 2664 780 est
2696 727 2748 781 in
2769 727 3075 784 Iudaeorum
3097 731 3212 800 lege
3235 750 3250 785 :
3274 750 3294 782 ι
3318 731 3464 786 Gen-

1901 826 1977 869 tes
2006 813 2359 870 divinationes
2391 827 2446 872 et
2489 819 2742 872 vaticinia
2791 822 3046 887 audient;
3083 841 3101 874 ι
3157 823 3231 875 illi
3277 831 3458 876 autem

1900 909 2090 975 populo
2119 909 2360 963 dicitur:
2405 929 2423 960 ‹
2463 911 2580 962 'l‘ibi
2618 921 2797 963 autem
2833 927 2941 965 non
2979 913 3058 965 sie
3091 911 3236 965 dedit
3266 911 3456 965 Domi-

1900 1013 1998 1050 nus
2027 999 2163 1050 Deus
2192 1006 2338 1050 tuus.
2375 1017 2393 1050 ι
2421 999 2486 1050 Et
2517 1015 2636 1052 mox
2664 1017 2676 1050 :
2713 1018 2729 1048 ι
2756 997 3080 1077 Ριοιιιιθιδιη
3107 1015 3170 1053 ex
3199 1000 3458 1055 fratribus
3493 1053 3497 1057 .
3567 1062 3571 1066 _

1901 1091 2004 1143 luis
2053 1091 2337 1144 suseitabit
2390 1092 2484 1144 tibi
2537 1092 2797 1145 Dominus
2833 1095 2971 1145 Deus
3003 1105 3124 1147 tuus
3163 1094 3228 1147 ".
3267 1112 3287 1145 ι
3322 1093 3456 1146 Cum

1900 1181 2060 1249 igitur
2090 1180 2392 1233 futurorum
2419 1182 2779 1250 cognitionem
2803 1191 2988 1249 gentes
3015 1193 3318 1249 quaererent
3341 1185 3458 1236 sive

1896 1285 1958 1322 ex
1985 1271 2240 1333 oraculis,
2272 1271 2384 1324 sive
2422 1287 2485 1324 ex
2509 1256 2771 1341 auguriis,
2806 1274 2918 1328 sive
2942 1289 3009 1326 ex
3039 1274 3316 1342 auspiciis,
3341 1274 3459 1328 sive

1896 1376 1960 1415 ex
1990 1363 2368 1430 ventriloquis,
2401 1365 2512 1416 sive
2548 1379 2610 1417 ex
2646 1364 3010 1432 aruspicibus,
3045 1366 3161 1419 sive
3189 1380 3257 1419 ex
3295 1365 3458 1420 Chal-

1894 1454 2022 1505 duris
2050 1453 2424 1522 genethliacis,
2476 1468 2592 1521 quin
2643 1454 2821 1506 omnia
2866 1452 3067 1508 Judteis
3093 1463 3247 1508 erant
3272 1455 3458 1523 prohi-

1894 1545 2000 1596 bitu
2029 1561 2040 1607 ;
2076 1543 2150 1606 hi,
2183 1543 2226 1596 si
2277 1543 2479 1595 nullum
2525 1543 2742 1596 aliunde
2770 1543 3083 1597 habuissent
3124 1558 3210 1596 res
3244 1542 3456 1596 futuras

1894 1635 2247 1703 cognoscendi
2283 1635 2446 1697 viam,
2479 1634 2559 1686 vel
2591 1636 2706 1688 solo
2745 1633 3053 1689 hominibus
3103 1635 3266 1688 insito
3297 1620 3457 1702 hujus

1893 1726 2093 1779 notitiae
2122 1725 2332 1793 pruritu
2364 1727 2603 1789 adducti,
2641 1741 2740 1779 sua
2769 1718 3102 1793 sprevissent
3132 1729 3285 1794 quasi
3318 1726 3455 1779 nihil

1893 1815 1999 1869 illis
2033 1816 2270 1868 divinum
2305 1817 2530 1881 inesset,
2566 1833 2669 1880 non
2718 1803 2882 1868 aiium
2917 1794 3039 1885 post
3064 1817 3299 1886 Moysem
3331 1831 3457 1885 pro-

1892 1910 2106 1975 phetam
2153 1907 2502 1975 recepissent,
2548 1892 2737 1961 eorum
2781 1922 3068 1960 sermones
3114 1909 3314 1960 litteris
3346 1899 3475 1961 non

1893 1996 2277 2059 mandassent,
2329 1995 2746 2064 transfugissent
2796 1995 2862 2046 ad
2908 1995 3126 2046 oracula
3159 1993 3452 2046 divinatio-

1891 2101 2091 2153 nesqne
2130 2087 2392 2153 gentium,
2445 2097 2537 2137 aut
2579 2085 2757 2138 simile
2795 2085 3070 2152 quidpiam
3115 2083 3252 2151 aptnd
3278 2098 3335 2152 se
3366 2085 3452 2133 in-
3499 2085 3502 2088 ’

1888 2175 2111 2228 stituere
2151 2177 2329 2228 conati
2381 2175 2630 2227 fuissent.
2685 2172 2872 2240 Itaque
2910 2177 3040 2228 nihil
3084 2171 3280 2239 mirum
3311 2175 3451 2242 apud

1889 2264 2102 2316 illorum
2151 2267 2442 2333 prophetas
2492 2266 2653 2319 etiam
2698 2266 2766 2318 de
2800 2265 3110 2331 vulgaribus
3143 2268 3308 2319 rebus
3330 2280 3453 2320 esse

1888 2357 2164 2420 vaticinia,
2212 2358 2278 2410 ad
2329 2372 2516 2411 eorum
2566 2357 2805 2411 solamen
2829 2359 2928 2425 ,qui
2961 2347 3224 2425 ejusmodi
3261 2374 3448 2414 rerum

1887 2448 2151 2501 desiderio
2188 2457 2522 2501 tenerentur.
2570 2448 2894 2517 IIujusmodi
2933 2444 3183 2502 vaticinia
3235 2451 3450 2502 luerunt

1888 2539 2154 2593 Samuelis
2201 2540 2266 2593 de
2313 2540 2482 2593 asinis
2529 2539 2858 2607 perditis",
2903 2551 2957 2592 et
2989 2540 3141 2593 Abite
3166 2541 3230 2593 de
3262 2541 3450 2594 morbo

1886 2628 1976 2681 ﬁlii
2036 2632 2196 2697 regis,
2251 2631 2407 2698 eujus
2449 2631 2695 2683 meminit
2741 2630 2876 2684 liber
2908 2633 3100 2684 tertius
3148 2631 3446 2699 “Qum”.
3501 2613 3508 2619 ’

1881 2718 2130 2786 Alioquin
2155 2723 2420 2786 quomodo
2449 2720 2743 2787 potuissent
2775 2719 2908 2789 legis
2957 2720 3197 2774 Judaicm
3244 2735 3449 2789 pta-eo-

1885 2823 1981 2860 nes
2010 2809 2286 2874 increpare
2319 2826 2439 2862 eum
2472 2811 2562 2879 qui
2596 2811 2863 2864 idolorum
2905 2811 3126 2864 oracula
3159 2811 3448 2864 consulere

1887 2900 2161 2966 voluisset,
2193 2903 2645 2971 quemadmodum
2664 2903 2809 2956 Elias
2839 2905 2921 2956 his
2950 2904 3126 2956 verbis
3153 2901 3446 2956 Oclioziam

1884 2995 2185 3063 increpasse
2215 2996 2525 3047 invenitur:
2567 3013 2583 3044 ι
2625 2996 2702 3046 An
2737 3006 3021 3061 propterea
3059 2996 3202 3064 quod
3236 3009 3344 3046 non
3373 2994 3446 3046 sit

1883 3085 2022 3140 Deus
2068 3086 2118 3137 in
2168 3083 2353 3149 Israel,
2390 3101 2480 3138 vos
2514 3086 2602 3137 itis
2634 3085 2684 3136 in
2719 3082 2847 3134 Uaal
2893 3084 3164 3151 inquirere
3195 3098 3438 3136 muscam
3478 3083 3481 3086 ’

199 3145 574 3214 ἐπιπλήσσων,
609 3153 702 3203 καὶ
735 3153 904 3222 λέγων
929 3175 943 3188 ·
977 3180 993 3208 t
1031 3162 1092 3213 Εἰ
1125 3163 1274 3233 παρὰ
1299 3165 1358 3216 τὸ
1392 3164 1463 3234 μὴ
1493 3162 1629 3218 εἷναι
1649 3145 1777 3222 Θεὸν

201 3238 215 3254 π
317 3237 353 3254 η
471 3237 481 3254 ι
500 3237 518 3254 κ
618 3241 631 3254 ο
717 3249 738 3254 -
965 3250 973 3254 -
1054 3252 1066 3254 -

1887 3179 2048 3232 Deum
2079 3178 2318 3231 Acearon
2350 3178 2437 3230 97?
2475 3195 2494 3228 ι

195 3238 258 3334 ἐν
317 3237 561 3308 Ἰσραὴλ,
610 3241 766 3311 ὑμεῖς
812 3250 1105 3319 πορεύεσθε
1141 3254 1432 3327 ἐκζητήσαι
1463 3260 1570 3332 (89.)
1608 3265 1666 3314 ἐν
1707 3266 1773 3334 τῇ

199 3330 347 3384 Βάαλ
377 3341 538 3405 μυῖαν
572 3336 690 3391 θεὸν
727 3339 1041 3409 Ἀκκαρῶν;
1084 3362 1103 3393 ι
1461 3353 1468 3356 ’

313 3426 471 3478 Δοκεῖ
543 3447 631 3498 μοι
714 3426 806 3482 οὖν
875 3434 1111 3502 μετρίως
1173 3435 1641 3506 κατεσκευάσθαι,
1713 3445 1774 3496 οὐ

197 3514 363 3582 μόνον
432 3517 513 3568 ὅτι
585 3520 971 3592 γεννηθήσεται
1045 3525 1109 3577 ἐκ
1176 3528 1445 3598 παρθένου
1499 3533 1527 3582 6
1584 3533 1773 3606 Σωτὴρ

193 3603 375 3672 ήμῶν,
425 3607 539 3660 ἀλλ’
589 3610 670 3662 ’ότι
715 3614 806 3665 καὶ
860 3617 1133 3687 προφῆται
1180 3614 1318 3688 ἦσαν
1364 3621 1423 3673 ἐν
1485 3622 1769 3688 Ἰουδαίοις,

190 3693 553 3764 προλέγοντες
613 3702 671 3752 o6
726 3703 883 3771 μόνον
947 3706 1015 3758 τὰ
1069 3708 1327 3763 καθολικὰ
1379 3714 1505 3784 περὶ
1558 3715 1774 3784 μελλόν-

187 3802 325 3849 των,
365 3788 441 3850 ὼς
485 3789 556 3842 τὰ
609 3795 738 3864 περὶ
765 3797 1023 3866 Χριστοῦ,
1072 3801 1164 3854 καὶ
1209 3802 1276 3854 τὰ
1310 3805 1438 3872 περὶ
1486 3805 1771 3873 βασιλειῶν

186 3878 506 3946 κοσμικῶν,
561 3882 658 3934 καὶ
712 3886 839 3955 περὶ
890 3888 998 3940 τῶν
1065 3892 1492 3961 συμϐησομένων
1535 3897 1607 3964 τῷ
1672 3900 1771 3950 Ἰσ-

186 3966 360 4037 ραὴλ,
408 3970 501 4021 καὶ
545 3971 673 4042 περὶ
717 3974 825 4028 τῶν
873 3980 1233 4033 πιστευόντων
1274 3982 1382 4052 (85)
1432 3984 1508 4053 τῷ
1557 3987 1768 4058 Σωτῆρι

183 4055 395 4120 ἐθνῶν,
428 4060 519 4112 καὶ
559 4062 768 4117 πολλῶν
811 4065 987 4120 ἄλλων
1034 4069 1140 4121 τῶν
1188 4073 1314 4142 περὶ
1355 4075 1518 4125 αὑτοῦ
1551 4055 1766 4145 λεχθέν-

180 4162 332 4197 τωνο
380 4147 514 4202 ἀλλὰ
574 4153 669 4204 καὶ
707 4153 776 4207 τὰ
826 4156 947 4208 καθ’
993 4157 1117 4219 ἕνα,
1177 4160 1252 4220 ὼς
1301 4162 1427 4230 περ).
1473 4163 1580 4213 τῶν
1632 4165 1766 4218 ὄνων

181 4233 295 4295 Κὶς
336 4235 715 4307 ἀπολομένων,
749 4243 884 4316 πῶς
917 4245 1328 4316 εὑρεθήσονται,
1372 4251 1463 4301 καὶ
1498 4253 1624 4321 περὶ
1666 4253 1766 4321 τῆς

174 4324 377 4386 νόσου,
423 4323 492 4397 ἦς
520 4330 775 4400 ἐνόσησεν
825 4337 852 4387 6
896 4336 989 4387 τοῦ
1051 4337 1312 4405 βασιλέως
1370 4341 1582 4412 Ἰσραὴλ
1629 4343 1763 4406 υἱὸς,

178 4414 212 4485 ἢ
258 4414 318 4469 ετ
345 4419 404 4468 τι
440 4417 566 4469 ἄλλο
606 4421 1019 4492 ἀναγέγραπται
1055 4415 1312 4481 τοιοῦτον.
1366 4433 1484 4483 Ἔτι
1527 4417 1583 4484 δὲ
1629 4436 1765 4507 πρὸς

1947 3417 2035 3470 57.
2076 3415 2167 3470 llis
2214 3416 2463 3469 omnibus
2500 3415 2626 3492 mihi
2664 3417 2797 3468 satis
2830 3418 3116 3484 probatum
3153 3419 3363 3472 videtur
3385 3428 3442 3474 et

1877 3509 2209 3560 Salvatorem
2253 3517 2494 3559 nostrum
2543 3523 2609 3559 ex
2643 3508 2847 3574 virgine
2901 3510 3047 3562 nasei
3089 3510 3360 3574 debuisse,
3386 3521 3439 3563 et

1875 3601 2011 3668 apud
2042 3598 2256 3651 Iudaeos
2289 3597 2460 3650 fuisse
2498 3598 2806 3665 prephetas,
2836 3599 2929 3666 qui
2960 3601 3025 3651 de
3050 3601 3208 3655 rebus
3237 3601 3437 3655 futuris

1875 3695 2232 3760 praedicerent
2278 3708 2382 3745 non
2433 3709 2494 3746 ea
2544 3700 2749 3746 tantum
2795 3706 2914 3759 qua:
2958 3706 3148 3745 onmes
3194 3695 3438 3748 homines

1873 3798 2023 3850 arque
2071 3784 2385 3849 spectabant
2412 3823 2426 3846 ,
2483 3794 2536 3834 ut
2568 3798 2686 3851 quae
2734 3783 2800 3835 de
2837 3783 3075 3846 Christo,
3117 3784 3178 3837 de
3208 3785 3438 3859 terrenis

1876 3875 2050 3942 regnis
2079 3915 2091 3937 ,
2137 3877 2200 3927 de
2243 3876 2310 3928 iis
2353 3891 2474 3943 quae
2525 3877 2704 3929 lsraeli
2778 3877 3079 3928 adventura
3129 3886 3325 3938 erant,
3367 3881 3435 3930 de

1870 3970 2118 4035 gentibus
2183 3984 2300 4034 qua:
2378 3969 2644 4021 Salvatori
2709 3969 2995 4022 creditura:
3049 3977 3232 4035 erant,
3285 3970 3432 4022 aliis-

1871 4075 1972 4125 que
2013 4060 2076 4109 ad
2110 4059 2385 4110 Christum
2422 4058 2816 4126 pertinentibus
2863 4060 3007 4112 dicta
3052 4070 3212 4124 Sunt;
3244 4076 3429 4115 verum

1869 4150 2025 4201 etiam
2054 4165 2171 4217 qua:
2207 4149 2540 4216 singulorum
2575 4151 2717 4202 seire
2763 4151 3048 4215 intererat,
3100 4163 3155 4205 ut
3183 4169 3288 4218 quo
3317 4153 3435 4208 loco

1868 4241 2084 4305 perditae
2130 4242 2219 4293 Cis
2268 4241 2433 4293 asinae
2501 4242 2728 4306 inveniri
2782 4253 3033 4309 poterant
3073 4245 3241 4312 ;quis
3289 4244 3431 4295 futu-
3479 4279 3483 4283 ε

1868 4346 1958 4383 rus
2003 4341 2119 4382 erat
2166 4331 2360 4394 morbi,
2408 4347 2513 4398 quo
2559 4334 2856 4399 a-grotabat
2890 4334 3034 4385 lilius
3069 4335 3207 4400 regis
3238 4333 3427 4396 Israel,

1866 4423 2078 4486 exitus;
2109 4431 2198 4474 aut
2231 4422 2274 4474 si
2305 4423 2431 4489 quid
2465 4424 2608 4474 aliud
2641 4422 2878 4488 ejusdem
2915 4426 3129 4488 generis
3179 4428 3230 4474 in
3257 4425 3429 4476 sacris

143 4506 453 4583 λ”Ελληνας
517 4508 736 4563 λεκτέον
791 4513 1149 4576 ἀπειθοῦντας
1213 4520 1280 4586 τῇ
1354 4521 1418 4571 ὲκ
1490 4506 1757 4591 παρθένου

1885 4514 2057 4564 itteris
2107 4522 2344 4565 notatur.
2400 4514 2451 4564 Id
2502 4516 2662 4565 etiam
2721 4514 3004 4565 dicendum
3048 4515 3292 4578 Graecis,
3336 4515 3426 4583 qui

175 4595 396 4664 γενέσει
423 4597 518 4650 τοῦ
554 4593 850 4682 Ἰησοῦ,ίξτι
880 4604 908 4652 6
935 4605 1276 4674 Δημιουργὸς
1309 4607 1365 4657 ἐν
1396 4611 1460 4677 τῇ
1494 4610 1600 4661 τῶν
1631 4629 1750 4662 ποι-

173 4688 522 4755 κίλωνξώων
554 4693 765 4761 γενέσει
797 4694 1026 4759 ἔδειξεν,
1061 4698 1143 4750 ὅτι
1173 4695 1239 4767 ἦν
1266 4701 1414 4769 αὐτῷ
1446 4702 1752 4772 βουληθέντι

168 4778 402 4836 δυνατὸν
428 4785 650 4855 ποιῆσαι
684 4786 820 4857 ὅπερ
851 4787 936 4854 ἐφ’
964 4787 1082 4850 ἐνὸς
1114 4787 1252 4850 ζὼου
1276 4831 1288 4852 ,
1325 4792 1419 4843 καὶ
1446 4794 1533 4843 ἐπ’
1555 4794 1750 4857 ἄλλων,

166 4874 272 4927 καὶ
303 4874 390 4925 ἐπ’
418 4876 596 4937 αὐτῶν
637 4878 746 4931 τῶν
785 4877 1106 4948 ἀνθρώπων.
1149 4882 1479 4952 Εὑρίσκεται
1521 4873 1592 4937 δέ·
1630 4903 1750 4939 τινα

164 4962 286 5016 τῶν
314 4963 468 5027 ζώων
491 4967 677 5038 θήλεα,
699 4969 773 5040 μὴ
802 4969 992 5040 ἔχοντα
1021 4970 1247 5040 ἄῤῥενος
1273 4976 1574 5040 κοινωνίαν,
1603 4977 1677 5038 ὡς
1701 4979 1750 5030 οἱ

163 5055 305 5124 περὶ
335 5054 488 5118 ζώων
514 5060 925 5132 ἀναγράψαντες
954 5062 1170 5131 λέγουσι
1210 5065 1336 5134 περὶ
1381 5067 1568 5133 γυπῶν
1604 5068 1711 5137 (84)
1733 5085 1747 5100 ο

1861 4601 2022 4668 355
2069 4601 2488 4654 noluutcredere
2531 4603 2712 4655 Jesum
2755 4622 2874 4658 esse
2897 4615 3077 4657 natum
3098 4621 3162 4659 ex
3185 4604 3423 4673 Virgine,

1859 4692 2202 4745 Conditorem
2263 4695 2314 4745 itt
2365 4695 2642 4748 variormn
2711 4699 3025 4750 animalium
3078 4700 3427 4765 generatione

1858 4785 2168 4838 declarasse
2228 4785 2375 4838 hanc
2431 4787 2530 4839 sibi
2599 4787 2765 4841 fuisse
2823 4797 3171 4855 potestatein,
3235 4798 3328 4851 ut,
3375 4788 3420 4840 si

1858 4880 2128 4944 libuisset,
2161 4880 2306 4948 quod
2349 4894 2473 4948 erga
2509 4896 2670 4932 unum
2691 4880 2837 4943 fecit,
2870 4882 2918 4932 id
2953 4882 3003 4933 in
3036 4888 3227 4932 caetera
3257 4890 3422 4946 atque

1857 4972 2020 5026 etiam
2055 4986 2178 5038 erga
2210 4971 2482 5022 hominem
2553 4973 2770 5024 laceret.
2797 4970 2867 5023 At
2929 4971 3070 5023 inter
3120 4969 3422 5024 animantes

1857 5063 2107 5132 qumdam
2151 5061 2364 5114 feminae
2412 5069 2556 5125 sunt,
2590 5075 2728 5129 quae,
2757 5061 2966 5112 tametsi
2998 5075 3120 5112 eum
3166 5059 3419 5114 masculis

247 5207 297 5239 “
327 5207 487 5263 Deut.
511 5226 673 5280 ινιιῐ,
699 5215 906 5282 14,15.
981 5218 1029 5250 θ’
1066 5216 1245 5289 IReg.
1281 5236 1358 5283 ix,
1390 5220 1478 5274 20.
1555 5225 1601 5255 ³⁸
1632 5223 1697 5277 III
1725 5225 1777 5277 Rt

1883 5220 2110 5317 XIV,/I2.
2185 5219 2230 5250 ’7
2261 5217 2327 5271 IV
2364 5218 2496 5286 Reg.
2530 5235 2571 5280 t,
2600 5218 2650 5272 5.

259 5361 372 5432 (79)

162 5433 358 5488 ἔδωκε.

243 5503 384 5584 (80).
418 5503 1016 5584 ’Exanellpyérwr,
1071 5513 1164 5584 Sic
1210 5522 1352 5568 recte
1401 5515 1567 5568 codex
1633 5517 1731 5568 Bas

161 5570 431 5654 albensis.
481 5587 559 5654 et“
581 5570 694 5654 tres
737 5570 1040 5654 Aiiglieani.
1085 5583 1270 5644 Alias,
1323 5584 1738 5654 ἀπαγγελλομέ.

160 5656 297 5717 vein,
326 5642 488 5717 male.
518 5641 685 5717 Paulo
723 5641 855 5717 post
889 5647 1020 5704 libb.
1054 5654 1180 5704 editi
1231 5641 1460 5717 habent,
1486 5641 1734 5708 ¹Ἰουδαίοι

161 5709 216 5763 ιι
248 5710 519 5792 μηδεμίαν
547 5705 739 5792 εἶχον-ξ
763 5715 856 5792 sed
891 5731 1015 5769 cuin
1053 5721 1313 5775 redundet
1342 5724 1388 5774 εἰ
1407 5705 1554 5786 ,ἠθέ

162 5781 358 5836 codice
376 5781 616 5848 Joliano,
653 5781 785 5838 illud
811 5797 844 5840 e
871 5794 1021 5842 textu
1046 5781 1426 5857 exponimus.

444 5361 825 5436 liteschelius,
883 5371 1099 5442 εἴρηται
1159 5372 1253 5429 sed
1316 5389 1505 5429 omnes
1568 5393 1738 5442 mss.,

1920 5376 2032 5446 (8l)
2062 5375 2215 5446 Lihb.
2249 5377 2377 5429 editi
2405 5417 2418 5438 ,
2467 5379 2529 5430 ἂν
2557 5376 2821 5444 ἔγραψαν,
2853 5378 2946 5429 sed
2979 5385 3240 5443 pt':est:ire
3270 5379 3316 5420 vi
3341 5393 3409 5432 ie.

1851 5456 1935 5500 tur
1959 5448 2114 5498 lectio
2138 5445 2469 5514 ἀνέγραψαν.
2552 5481 2559 5508 ,

1918 5516 2026 5583 (8‘2)
2059 5515 2226 5575 Alias,
2256 5518 2599 5586 ἐπιζητῆσαι.

1915 5586 2024 5653 (85)
2061 5584 2492 5638 manum-my.
2540 5584 2892 5639 Scribendum
2933 5585 3143 5638 videtur
3188 5601 3406 5640 πιστευ-

1848 5653 1931 5704 σόν
1939 5671 2058 5704 των.

1912 5722 2023 5791 (84)
2067 5721 2409 5778 ΗωεοΙιειίιιε
2431 5736 2483 5778 et
2506 5724 2810 5794 Speneerus
2828 5723 2888 5794 in
2921 5733 3063 5774 textu
3095 5721 3398 5794 yom'iw,_ad

1842 5795 2141 5861 marginem
2178 5810 2306 5848 vero
2344 5792 2762 5860 habenti-rum;
2810 5793 3064 5846 Ambros.
3101 5794 3195 5846 lib.
3233 5807 3258 5838 ν
3292 5792 3402 5846 Ηεεο
