4096 6304
270 436 382 490 735

1446 428 1723 490 CONTRA
1754 425 2030 485 CELSUI
2062 425 2190 484 LIB.
2225 425 2266 481 Ι.

3361 415 3465 473 πι

276 565 456 626 κτέον,
475 548 733 618 ὄτιτᾰῦτα
745 557 1032 632 βωμολὸχῳ
1055 555 1252 630 ἔπρεπε
1279 555 1346 609 τὰ
1375 557 1611 626 ῥήματα,
1642 552 1735 606 καὶ
1756 554 1818 604 οὐ

1921 567 2054 620 quas
2082 551 2147 605 de
2181 551 2380 620 Danae,
2408 545 2728 613 Melanippe,
2773 543 2918 610 Auge
2945 550 2996 596 et
3039 509 3264 610 Antiope
3292 539 3462 595 Graeci

268 650 624 714 σπουδάζοντι
649 652 704 702 ἐν
729 653 795 720 τῇ
823 647 1146 718 ἀπαγγελίᾳ.

356 825 473 877 Ἔτι
507 824 562 876 δὲ
590 821 762 876 λαϐὼν
798 822 905 875 ἀπὸ
929 821 1030 890 τῆς
1060 817 1446 890 γεγραμμένης
1483 817 1538 869 ἐν
1569 815 1646 886 τῷ
1681 815 1820 869 κατὰ

267 913 552 968 Ματθαίον
579 911 885 982 Εὐαγγελίῳ
919 910 1156 982 ἱστορίας
1183 909 1309 980 περὶ
1339 907 1430 962 τοῦ
1457 910 1534 970 είς
1552 905 1819 973 Αἴγυπτον

268 1003 735 1074 ἀποδεδημηκέναι
757 1003 847 1055 τὸν
884 999 1106 1070 Ἰησοῦν,
1131 1003 1244 1062 τοῖς
1277 999 1372 1069 μὲν
1400 994 1713 1066 παραδόξοις
1742 995 1821 1057 είς

268 1093 436 1146 τοῦτο
461 1095 560 1147 οὐκ
597 1093 930 1156 ἐπίστευσεν,
958 1089 1068 1144 οὗθ’
1099 1091 1182 1143 ὅτι
1207 1088 1432 1157 ἄγγελος
1470 1086 1625 1140 τοῦτο
1657 1086 1819 1156 ἐχρη-

266 1201 393 1248 σεν,
429 1183 550 1237 οὔτε
577 1184 630 1238 εί
651 1201 702 1237 τι
729 1182 973 1253 ᾐνίσσετο
1009 1183 1038 1234 ὁ
1087 1179 1396 1235 καταλιπὼν
1423 1178 1520 1248 τὴν
1569 1177 1820 1230 Ἰουδαίαν

282 1273 514 1344 Ἰησοῦς,
560 1274 650 1326 καὶ
675 1275 733 1326 ἐν
763 1273 1020 1343 Αἰγύπτῳ
1055 1269 1332 1341 ἐπιδημῶν
1352 1286 1365 1299 ·
1383 1268 1661 1343 ,ἀνέπλασε
1684 1266 1740 1318 δέ
1769 1282 1822 1317 τι

266 1367 480 1440 ἕτερον,
515 1363 976 1434 συγκαταθέμενος
1001 1361 1097 1433 μέν
1127 1359 1240 1422 πως
1263 1361 1380 1420 ταῖς
1401 1355 1714 1428 παραδόξοις
1740 1356 1824 1408 δυ-

265 1456 522 1526 νάμεσιν,
556 1453 622 1517 ἃς
664 1453 865 1523 Ἰησοῦς
893 1451 1162 1521 ἐποίησεν,
1195 1449 1265 1502 ’ἐν
1306 1441 1393 1512 αἷς
1428 1447 1553 1508 τοὺς
1600 1445 1821 1506 πολλοὺς

263 1545 486 1598 ἔπεισεν
523 1543 830 1598 ἀκολουθεῖν
874 1539 1018 1611 αὐτῷ
1046 1539 1120 1602 ὡς
1147 1536 1364 1610 Χριστῷ
1387 1553 1400 1567 ’
1432 1534 1733 1589 διαϐάλλειν
1777 1534 1820 1587 δ’

265 1635 442 1698 αὑτὰς
471 1634 780 1705 βουλόμενος
811 1635 884 1696 ὡς
911 1631 1017 1686 ἀπὸ
1047 1630 1288 1702 μαγείας,
1314 1630 1404 1682 καὶ
1435 1629 1495 1680 οὐ
1525 1625 1822 1699 θείᾳνδυνά-

269 1741 368 1795 μει
388 1723 771 1794 γεγενημέναςν
790 1722 920 1792 φησὶ
937 1720 1043 1791 γὰρ
1061 1740 1077 1772 ι
1100 1720 1259 1772 αὐτὸν
1287 1719 1494 1773 σκότιον
1522 1720 1817 1791 τραφέντα,

263 1814 713 1886 μισθαρνήσαντα
758 1813 836 1874 είς
880 1810 1171 1879 Αἴγυπτον,
1214 1810 1488 1880 δυνάμεων
1513 1825 1671 1862 τινων
1701 1825 1819 1861 πει-

277 1902 536 1975 ραθέντα,
574 1901 778 1956 ἐκεῖθεν
818 1902 1151 1964 ἐπανελθεῖν,
1181 1901 1310 1954 Θεδν
1354 1901 1420 1953 δι’
1466 1900 1678 1960 ἐκείνας
1715 1897 1820 1962 ¹τὰς

260 1995 526 2064 δυνάμεις
561 1993 748 2046 ἑαυτὸν
789 1992 1200 2062 άναγορεύοντα.
1245 2011 1270 2053 ι,
1325 1989 1467 2058 Ἐγὼ
1513 1990 1556 2042 δ’
1583 1989 1682 2042 οὐκ
1724 1983 1817 2042 οἷδ’

260 2085 419 2148 ὅπως
460 2085 526 2138 ἂν
568 2084 737 2154 μάγος
771 2083 882 2153 (89)
915 2084 1214 2152 ἠγωνίσατο
1241 2079 1444 2144 διδάξαι
1490 2081 1664 2148 λόγον,
1699 2080 1818 2131 πεί-

260 2173 431 2228 θοντα
470 2173 640 2248 πάντα
676 2174 952 2245 πράττειν,
983 2173 1056 2236 ὡς
1089 2171 1225 2226 Θεοῦ
1258 2170 1562 2242 κρινοῦντος
1593 2169 1819 2222 ἕκαστον

261 2264 368 2318 ἐπὶ
411 2266 542 2318 πᾶσι
577 2267 688 2326 τοῖς
729 2262 1157 2335 πεπραγμένοις·
1213 2263 1305 2314 καὶ
1343 2260 1481 2313 οῦτω
1519 2259 1820 2312 διατιθέντα

260 2356 396 2419 τοὺς
424 2353 613 2408 ἑαυτοῦ
650 2355 914 2426 μαθητὰς,
946 2350 1026 2417 οἷς
1053 2353 1249 2424 ἤμελλε
1296 2349 1597 2423 χρήσασθαι
1637 2351 1819 2404 διακό-

260 2462 381 2508 νοις
404 2447 497 2515 τῆς
523 2425 711 2499 ἑαυτοῦ
740 2425 1097 2506 διδασκαλίας.
1129 2439 1272 2515 Ἀιρα
1291 2443 1396 2513 γὰρ
1428 2443 1662 2495 κάκεῖνοι
1681 2425 1820 2493 οὕτω

259 2535 598 2604 διδαχθέντες
625 2537 793 2588 ποιεῖν
818 2534 1089 2604 δυνάμεις,
1119 2535 1279 2604 ᾕρουν
1297 2534 1417 2594 τοὺς
1442 2533 1754 2593 ἀκούοντας,
1782 2531 1816 2601 ἢ

260 2624 390 2677 οὐδέ
418 2625 667 2693 δυνάμεις
693 2624 904 2677 ἐποίουν
929 2640 943 2687 ;
977 2623 1047 2675 Τὸ
1083 2623 1176 2692 μὲν
1209 2619 1300 2673 οὖν
1334 2619 1530 2688 λέγειν,
1555 2622 1635 2672 ὅτι
1664 2620 1819 2671 οὐδα-

267 2714 392 2784 μῶς
434 2713 686 2782 δυνάμεις
728 2712 960 2774 ἐποίουν,
1006 2711 1140 2763 ἀλλὰ
1178 2709 1556 2770 πιστεύσαντες
1596 2709 1819 2779 οὐδεμιᾷ

267 2804 449 2871 λόγων
503 2801 804 2871 ίκανότητι,
861 2800 1250 2873 παραπλησίως
1292 2802 1357 2870 τῇ
1405 2800 1460 2852 ἐν
1512 2799 1816 2870 διαλεκτικῇ

273 2894 541 2965 Ἐλλήνων
583 2893 763 2964 σοφίᾳ,
801 2893 1076 2946 ἐπέδωκαν
1109 2893 1330 2955 ἑαυτοὺς
1364 2891 1439 2962 τῷ
1467 2893 1649 2946 καινὸν
1678 2891 1820 2944 διδά-

271 3002 428 3039 σκειν
451 2986 603 3054 λόγον
637 2979 716 3047 οἷς
753 2985 818 3038 ἂν
839 2984 1207 3056 ἐπιδημήσωσι
1225 3023 1239 3047 ,
1271 2985 1408 3037 πάνυ
1435 2985 1579 3038 ἐστὶν
1607 2984 1816 3052 ἄλογον.

263 3079 389 3132 Τίνι
412 3078 517 3150 γὰρ
541 3076 862 3150 θαρροῦντες
881 3077 1149 3130 ἐδίδασκον
1165 3077 1254 3130 τὸν
1281 3077 1455 3144 λόγον,
1487 3079 1581 3129 καὶ
1608 3078 1817 3129 ἐκαινο-

1921 642 2220 695 (iunxerunt:
2255 640 2306 693 id
2324 652 2565 693 scurram
2600 636 2826 705 agentis,
2877 649 2980 687 non
3013 632 3154 687 serio
3185 632 3466 685 scribentis

1920 734 2150 788 hominis
2176 741 2278 786 est.

1987 823 2150 894 356
2172 823 2260 878 38.
2291 823 2552 877 Praeterea
2583 835 2647 874 ex
2683 818 2969 886 Evangelia
3003 812 3291 871 secundum
3327 811 3464 866 Mat-

1922 915 2117 970 tbaautn
2138 914 2373 982 decerpit
2388 913 2664 968 historiam
2687 912 2751 964 de
2766 909 2887 964 Jesu
2910 910 2961 962 in
2981 907 3268 977 Egyptum
3283 907 3476 978 migra-

1923 1007 2089 1062 tione.
2137 1005 2241 1058 Sed
2275 1003 2548 1058 miraculis
2602 1014 2728 1055 tunc
2770 1000 2994 1070 patratis
3023 1009 3076 1064 et
3116 994 3464 1050 admonitioni

1920 1097 1989 1151 ab
2000 1095 2186 1165 angelo
2199 1094 2355 1149 facta:
2371 1093 2636 1162 denegans
2655 1092 2833 1157 iidem,
2850 1105 2946 1144 nec
2970 1087 3298 1156 investigans
3333 1098 3471 1137 nun-

1920 1187 2046 1256 quid
2073 1184 2311 1256 mysterii
2343 1185 2530 1238 innuat
2555 1179 2888 1246 baeeJudmze
2912 1178 3190 1234 derelictio
3223 1177 3348 1231 etin
3370 1174 3467 1245 £7

1923 1286 2142 1348 gyptum
2181 1275 2591 1346 fuga,quiddam
2617 1273 2866 1341 contingit
2890 1271 3052 1336 aliud,
3082 1271 3466 1335 asscnsnmque

1921 1367 2314 1436 quodammodo
2367 1365 2570 1434 praebet
2600 1362 2873 1416 miraculis
2907 1375 3026 1429 quae
3053 1358 3205 1412 Jesus
3236 1357 3379 1421 fecit,
3413 1366 3469 1409 et

1920 1456 2115 1525 quibus
2141 1455 2334 1509 multos
2371 1454 2610 1518 adduxit,
2633 1464 2694 1506 ut
2716 1454 2886 1519 ipsum
2918 1454 3170 1520 tanquam
3197 1449 3466 1502 Christum

1921 1555 2297 1613 sequerentur.
2329 1546 2399 1597 At
2443 1543 2697 1597 miracula
2740 1542 2828 1595 illa
2869 1555 2970 1594 non
3023 1541 3200 1593 divina
3249 1540 3467 1601 virtute,

1920 1636 2014 1690 sed
2035 1636 2260 1704 magicis
2279 1635 2486 1690 artibus
2513 1634 2652 1687 facta
2674 1647 2793 1686 esse
2815 1632 3185 1688 calumniatur.
3207 1629 3298 1682 Ait
3324 1628 3468 1681 enim

1925 1747 1944 1778 ι
1990 1727 2138 1782 illum
2188 1727 2327 1781 clam
2381 1726 2688 1788 educatum,
2749 1739 2870 1777 eum
2931 1723 2985 1775 in
3038 1720 3273 1790 Egypto
3317 1732 3471 1774 suam

1922 1819 2152 1885 locasset
2198 1831 2417 1886 operam
2468 1824 2718 1883 artesque
2753 1813 3013 1867 eﬂiciendi
3046 1812 3298 1864 miracula
3334 1810 3472 1863 didi-

1921 1911 2104 1976 cisset,
2142 1908 2267 1962 hinc
2294 1922 2570 1961 reversum
2615 1921 2732 1960 esse
2763 1907 3011 1972 denique,
3041 1913 3094 1958 et
3121 1894 3337 1972 propter
3383 1901 3470 1954 illa

1921 1998 2178 2053 miracula
2241 2012 2297 2052 se
2349 2013 2451 2067 pro
2496 1999 2606 2052 Deo
2645 1996 2969 2048 venditasse.
3002 2012 3018 2044 ι
3047 1994 3154 2062 Ego
3200 2007 3326 2046 vero
3367 2005 3470 2044 non

1911 2089 2157 2161 intelligo
2222 2091 2492 2160 quomodo
2549 2102 2734 2155 magns
2789 2087 3061 2139 docuisset
3120 2086 3362 2139 homines
3418 2084 3472 2136 in

1917 2183 2166 2238 omnibus
2215 2182 2327 2238 suis
2354 2180 2565 2236 actibus
2591 2177 2846 2246 cogitare,
2878 2177 3042 2230 Deutn
3083 2175 3207 2229 olim
3261 2175 3470 2228 illorum

1919 2273 2166 2348 omnium.
2199 2271 2436 2340 judieem
2466 2272 2766 2337 lore,atque
2794 2268 2865 2320 ita
2891 2281 3016 2320 suos
3045 2265 3332 2334 discipulos
3363 2266 3473 2318 ins—

1919 2366 2173 2431 tituisset,
2205 2363 2400 2432 quibus
2455 2374 2565 2414 sua:
2596 2357 2852 2413 doctrinae
2901 2357 3228 2411 administris
3281 2371 3474 2410 usurus

1925 2464 2064 2508 erat.
2095 2451 2227 2507 Nam
2252 2467 2321 2505 an
2371 2449 2614 2516 discipuli
2655 2449 2732 2502 sic
2763 2447 2992 2500 instituti
3023 2447 3295 2500 miraculis
3327 2448 3472 2513 capi-

1918 2545 2079 2598 ebant
2109 2542 2402 2604 auditores,
2448 2550 2540 2592 aut
2578 2541 2696 2592 sine
2746 2537 3056 2590 miraculis?
3112 2539 3299 2590 Dicere
3331 2537 3468 2590 nulla

1918 2647 2010 2686 eos
2044 2630 2234 2686 fecisse
2273 2619 2547 2695 miracula,
2608 2630 2702 2684 sed
2773 2631 3068 2684 credidisse
3112 2628 3372 2680 duntaxat
3418 2638 3474 2680 et

1921 2721 2065 2806 nulla
2105 2719 2316 2788 adiutos
2375 2719 2727 2787 persuadendi
2766 2719 2996 2786 peritia,
3065 2718 3275 2785 qualem
3334 2715 3471 2784 apud

1920 2791 2135 2867 Graecos
2187 2810 2469 2869 dialectica
2495 2807 2678 2876 tdocet,
2740 2822 2932 2862 novam
2974 2810 3292 2872 doctrinam,
3333 2821 3472 2876 quo-

1919 2918 2129 2972 cunque
2175 2902 2300 2955 ituri
2362 2897 2559 2979 eranti
2605 2899 2946 2968 promulgare
2998 2913 3278 2967 aggressos
3315 2912 3432 2951 esse
3451 2912 3476 2962 ,'

1919 2994 2308 3064 perabsurdum
2331 3001 2433 3046 est.
2449 2983 2723 3063 Quaenitn
2743 2989 2936 3044 ﬁducia
2963 2989 3097 3042 banc
3119 2989 3472 3057 praedicarent

1920 3084 2242 3148 doctrinam,
2272 3091 2328 3135 et
2371 3088 2631 3136 uovarent
2656 3080 2871 3134 omnia?
2923 3079 2978 3132 Si
3007 3091 3181 3132 autem
3214 3078 3471 3132 miracula

260 3171 494 3240 τόμουν;
536 3170 598 3221 El
635 3169 691 3222 δὲ
729 3168 980 3239 δυνάμεις
1008 3169 1216 3222 ἐτέλουν
1254 3171 1512 3232 κάκεῖνοι,
1559 3168 1680 3222 τίνα
1711 3167 1818 3238 ἔχει

1920 3175 2220 3245 ροιιοὺτιιιί,
2239 3189 2305 3227 an
2328 3173 2504 3228 simile
2519 3173 2630 3225 veri
2660 3180 2741 3225 est
2770 3185 2954 3238 magos
2973 3185 3030 3223 se
3052 3178 3127 3223 tot
3160 3170 3210 3222 in
3237 3170 3472 3238 pericula

261 3261 598 3331 πιθανότητα
641 3259 701 3312 τὸ
739 3260 940 3329 μάγους
977 3260 1244 3322 τοσούτοις
1282 3260 1540 3321 κινδύνοις
1593 3261 1814 3322 ἑαυτοὺς

264 3352 737 3423 παραϐεϐληκέναι
766 3352 1076 3418 εἰσάγοντας
1095 3351 1556 3421 (90),διδασκαλίαν
1587 3351 1816 3420 μαγείας

262 3441 711 3512 ἀπαγορεύουσαν
727 3458 742 3505 ;

342 3534 415 3586 Οὐ
460 3534 605 3586 δοκεῖ
650 3549 738 3602 μοι
777 3531 1138 3599 ἀγωνίσασθαι
1186 3532 1319 3601 πρὸς
1360 3532 1513 3600 λόγον
1555 3534 1627 3604 μὴ
1682 3533 1815 3603 μετὰ

266 3623 527 3693 σπουδῆς,
550 3622 682 3676 ἀλλὰ
723 3624 856 3693 μετὰ
876 3622 1067 3692 χλεύης
1098 3623 1398 3693 εἰρημένον·
1425 3643 1441 3673 ι
1467 3625 1527 3675 Ei
1549 3620 1655 3693 ἆρα
1682 3625 1817 3696 καλὴ

263 3711 340 3789 ἦν
366 3718 397 3786 ἡ
436 3717 613 3788 μήτηρ
639 3713 730 3768 τοῦ
782 3715 973 3785 Ἰησοῦ,
1011 3714 1101 3768 καὶ
1132 3713 1206 3776 ὡς
1237 3714 1370 3784 καλῇ
1402 3715 1535 3784 αὐτῇ
1565 3715 1818 3784 ἐμίγνυτο

264 3808 300 3861 ὁ
336 3807 482 3872 Θεὸς,
519 3807 577 3859 οὐ
607 3805 858 3874 πεφυκὼς
887 3806 1014 3874 ἐρᾷν
1042 3805 1277 3876 φθαρτοῦ
1311 3805 1590 3874 σώματος;
1631 3807 1700 3858 Ἢ
1738 3807 1816 3858 ὅτι

265 3898 378 3950 οὐδ’
395 3898 537 3959 είκὸς
555 3892 623 3966 ῆν
646 3894 1035 3966 ἐρασθήσεσθαι
1055 3895 1220 3965 αὐτῆς
1246 3896 1334 3948 τὸν
1355 3895 1502 3959 Θεὸν,
1520 3895 1682 3966 οὔσης
1709 3896 1817 3950 οὔτ’

264 3987 580 4054 εὐδαίμονος
619 3985 740 4037 οὔτε
770 3985 1045 4055 βασιλικῆς
1072 4025 1086 4046 ,
1121 3987 1242 4038 ἐπεὶ
1273 3985 1457 4055 μηδεὶς
1481 3987 1647 4056 αὐτὴν
1685 3987 1815 4056 ᾔδει,

269 4076 405 4147 μηδὲ
432 4076 539 4128 τῶν
566 4076 816 4146 γειτόνων
838 4092 852 4141 ;
891 4096 909 4126 ›
931 4075 1118 4140 Παίζει
1149 4076 1205 4127 δὲ
1237 4076 1428 4143 λέγων,
1455 4077 1546 4128 καὶ
1578 4078 1658 4128 ὅτι
1685 4096 1702 4126 ι
1730 4095 1822 4144 μι-

265 4168 535 4239 σουμένην
550 4167 715 4238 αὐτὴν
737 4167 840 4220 ὑπὸ
875 4165 968 4219 τοῦ
998 4168 1261 4228 τέκτονος,
1289 4167 1380 4218 καὶ
1405 4167 1816 4236 ἐκϐαλλομένην,

261 4259 366 4311 οὐκ
395 4257 563 4310 ἔσωσε
588 4256 707 4310 θεία
720 4257 943 4327 δύναμις
961 4257 1091 4326 (91),
1118 4256 1235 4308 οὐδὲ
1256 4255 1410 4321 λόγος
1434 4254 1816 4325 πιστικός(92).

264 4346 432 4401 Οὐδὲν
461 4341 574 4406 οῦν,
591 4345 923 4414 φησὶ,ταῦτα
938 4347 1068 4413 πρὸς
1086 4345 1183 4414 τὴν
1196 4343 1288 4395 τοῦ
1315 4342 1448 4394 Θεοῦ
1469 4342 1757 4412 βασιλείαν.
1797 4363 1814 4394 ι

262 4433 334 4489 Τί
362 4431 452 4489 οῦν
480 4435 650 4487 ταῦτα
676 4434 915 4504 διαφέροι
941 4432 1004 4492 ἂν
1028 4432 1134 4484 τῶν
1161 4434 1218 4483 ἐν
1255 4435 1374 4494 ταῖς
1404 4433 1631 4503 τριόδοις
1659 4433 1824 4487 λοιδο-

1917 3267 2237 3335 conjecisse,
2269 3274 2326 3319 ut
2374 3264 2678 3320 doctrinam
2711 3262 3043 3330 evulgarent,
3073 3274 3190 3329 quae
3236 3263 3471 3330 magicas

1912 3368 2055 3414 artes
2095 3361 2280 3412 vetat?

1987 3542 2075 3595 59.
2112 3540 2240 3606 Quae
2269 3540 2410 3592 dicta
2447 3545 2570 3591 sunt
2601 3551 2700 3589 non
2735 3534 2897 3597 serio,
2933 3535 3025 3588 sed
3050 3535 3186 3588 risus
3212 3533 3481 3600 captandi'

1917 3630 2105 3701 gratia
2141 3637 2388 3686 tantum,
2449 3642 2513 3678 ea
2572 3623 2815 3677 refellere
2869 3638 2974 3676 non
3040 3623 3248 3674 videtur
3291 3636 3472 3690 operte

1915 3721 2164 3788 pretium.
2217 3717 2520 3783 llujusmodt
2574 3724 2697 3769 sunt
2759 3716 2904 3768 haec:
2942 3732 2959 3764 t
2996 3713 3293 3766 Pulchrane
3357 3710 3474 3766 et'at

1915 3809 2039 3862 Jesu
2073 3819 2261 3871 mater,
2311 3817 2472 3875 atque
2520 3794 2724 3859 idcirco
2781 3804 2926 3856 illam
2959 3803 3119 3867 Deus,
3165 3817 3324 3871 quem
3374 3817 3472 3856 sua

1920 3908 2110 3952 natura
2175 3911 2278 3950 non
2329 3897 2532 3965 patitur
2581 3895 2826 3948 humanae
2868 3894 3053 3946 forma:
3105 3909 3288 3947 amore
3328 3893 3500 3967 capia

1919 3988 2200 4054 amplexus
2218 3985 2342 4040 est?
2368 3986 2446 4037 An
2481 3985 2625 4038 illum
2661 3998 2764 4037 non
2806 3984 3032 4038 decebat
3056 3985 3300 4053 deperire
3326 3984 3477 4037 muli-

1919 4091 2088 4140 erem,
2133 4091 2252 4145 qua:
2298 4090 2396 4129 nee
2446 4077 2637 4143 opibus
2684 4075 2939 4144 pollebat,
2993 4089 3091 4129 nec
3157 4076 3308 4144 regio
3359 4084 3476 4130 erat

1922 4181 2135 4234 genere,
2184 4161 2368 4234 utpote
2410 4151 2576 4234 quam
2623 4181 2688 4219 ne
2739 4166 2791 4219 in
2848 4165 3039 4219 vicinia
3087 4167 3300 4235 quidem
3336 4167 3477 4221 ullus

1923 4258 2370 4325 cognoscebat?»
2408 4255 2588 4328 Pergit
2632 4268 2860 4324 nugator
2914 4257 3037 4311 ille:
3107 4277 3125 4309 t
3174 4259 3317 4311 Illam
3376 4271 3477 4313 nec

1922 4349 2099 4402 divina
2127 4358 2366 4417 potestas
2396 4364 2493 4403 nee
2516 4347 2690 4402 oratio
2713 4342 3107 4400 ad'faciendam
3138 4347 3293 4401 fidem
3320 4361 3479 4415 appo-

1925 4440 2023 4492 sita
2056 4439 2316 4501 servavit,
2347 4438 2640 4506 quominus
2660 4440 2785 4492 odio
2811 4439 2989 4492 habita
3018 4453 3048 4491 a
3072 4437 3222 4491 labro
3255 4435 3479 4504 expelle-

263 4525 541 4598 ρουμένων
578 4523 706 4588 τισὶ,
736 4523 830 4576 καὶ
857 4522 1008 4576 οὐδὲν
1038 4521 1271 4590 σπουδῆς
1305 4521 1453 4585 ἄξιον
1483 4521 1778 4590 λεγόντων;

1924 4541 2089 4582 retur.
2147 4526 2289 4579 Nihil
2348 4529 2511 4595 igitur
2567 4527 2760 4581 horum
2813 4530 3093 4594 omnium,
3154 4527 3357 4596 inquit,
3410 4525 3480 4578 ad

266 4633 490 4687 regnum
549 4617 640 4671 Dei
673 4618 922 4687 pertinet.
953 4636 971 4668 ι
1027 4615 1211 4668 Nonne
1247 4619 1340 4671 tibi
1384 4617 1581 4672 videris
1630 4623 1818 4677 audire
1843 4639 1959 4688 eos,
1990 4624 2080 4691 qui
2109 4621 2318 4688 injuriis
2357 4622 2616 4690 quosdam
2665 4623 2718 4674 in
2769 4625 2944 4678 triviis
2995 4625 3285 4689 lacessunt,
3331 4620 3474 4675 nulla

267 4707 451 4764 habita
477 4705 686 4761 honesti
717 4711 773 4759 et
803 4704 983 4759 decori
1018 4705 1262 4758 ratione?

349 4794 502 4867 Ἑξῆς
534 4796 591 4849 δὲ
621 4794 827 4859 τούτοις
870 4795 977 4849 ἀπὸ
1025 4793 1119 4849 τοῦ
1157 4796 1298 4848 κατὰ
1335 4797 1630 4861 Ματθαῖον,
1680 4799 1817 4868 τάχα

261 4887 327 4942 δὲ
354 4885 576 4942 καὶτῶν
604 4885 802 4942 λοιπῶν
833 4886 1194 4957 Εὑαγγελίων,
1227 4887 1404 4940 λαϐὼν
1450 4886 1515 4939 τὰ
1559 4888 1683 4957 περὶ
1721 4890 1822 4959 τῆς

338 5063 595 5118 "Matth.
633 5077 718 5130 ut,
763 5062 854 5120 16.

263 5217 442 5292 Αἶπυ.
467 5219 780 5292 Βαρυτὸνως
813 5219 1063 5292 λεκτέον-ο
1117 5218 1285 5292 δνομα
1311 5220 1419 5291 γάρ
1451 5222 1564 5275 ἐστι
1591 5190 1814 5286 πόλεως.

481 5288 891 5360 ὀξυτονούμενον
922 5288 1167 5369 ἐπίθετύν
1190 5288 1330 5355 ἐστι,
1355 5288 1448 5344 καὶ
1479 5292 1729 5363 σημαίνει
1759 5293 1819 5346 τὸ

263 5359 664 5499 υψῖὲὶέῧνῖἰοάει
688 5426 1030 5492 Basileensis.
1047 5399 1194 5493 ὅπως
1222 5428 1289 5483 ἂν
1309 5430 1499 5499 μάγος,
1520 5447 1622 5484 non
1654 5431 1815 5485 male.

265 5499 436 5554 Paulo
468 5508 590 5570 post
626 5499 956 5570 Anglicanus
976 5500 1192 5570 tertius,
1214 5499 1298 5570 ib;
1319 5499 1450 5552 Θεοῦ
1483 5500 1814 5570 κρινοῦντος,

265 5580 434 5624 recte.
465 5567 620 5623 Libb.
655 5567 808 5640 editi,
844 5567 919 5640 ᾡς
966 5567 1100 5640 Θεοῦ
1132 5569 1434 5640 κρίνοντοςε
1483 5567 1650 5640 Paulo
1680 5570 1815 5624 inita

263 5651 452 5693 omnes
485 5652 640 5702 mss.,
671 5637 777 5708 ἄρα
809 5637 913 5708 γὰρ
950 5637 1206 5693 κάκεῖνοι.
1230 5639 1379 5694 Alias
1406 5639 1513 5709 ἄρα
1537 5639 1642 5710 γὰρ
1676 5641 1816 5691 ἐκεῖ-

261 5721 444 5847 Ἴου)
481 5772 870 5843 Εισάτοντας.
904 5775 1061 5832 Deest
1090 5776 1226 5846 apud
1252 5751 1642 5832 llwscbelium.

1899 5423 1906 5430 ’
1929 5435 2074 5495 dum,

2000 4797 2084 4853 ιο.
2131 4798 2330 4852 Deinde
2346 4814 2408 4852 ex
2437 4772 2722 4868 Evangelia
2753 4800 3047 4855 secundum
3082 4798 3382 4853 Mattltzeum
3405 4800 3472 4865 ⁸⁸,

1931 4889 2088 4960 357
2121 4889 2364 4968 lortasse
2395 4899 2448 4945 et
2479 4907 2545 4946 ex
2590 4891 2712 4946 aliis
2755 4891 3074 4960 Evangeliis,
3106 4891 3297 4960 arripit
3334 4893 3477 4961 quod

1998 5224 2106 5294 (9|)
2149 5223 2239 5277 Sic
2271 5237 2454 5294 omnes
2484 5235 2610 5294 mss.
2637 5219 3088 5294 cxcepto_Joliano
3119 5220 3206 5287 qui
3245 5220 3293 5294 in
3324 5229 3467 5294 textu

1928 5289 2110 5356 habet,
2144 5295 2204 5344 οὐ
2233 5290 2368 5361 μετὰ
2403 5289 2655 5358 σπουδῆς,
2675 5292 2778 5361 ξω
2813 5289 3211 5361 ad-tnajgiuem,
3238 5289 3310 5359 μὴ
3340 5290 3474 5358 μετὰ

1931 5353 2204 5429 σπουδῆςζ
2222 5353 2394 5429 Paulo!
2416 5370 2554 5429 post,
2586 5353 2634 5410 εί
2671 5355 2776 5429 ἆρα
2803 5358 2940 5428 καλὴ
2968 5353 3055 5426 ῆν.
3103 5353 3263 5429 Forte
3297 5353 3474 5425 legen-

2173 5426 2283 5498 ἆρα
2313 5424 2449 5497 καλῆ
2475 5424 2542 5497 ῆν
2562 5468 2577 5492 ,
2633 5424 2818 5498 sicque
2850 5424 3042 5495 lcgisSe
3070 5427 3280 5498 videtur
3304 5424 3473 5498 inter-

1929 5493 2070 5570 pres;
2097 5493 2558 5570 Ce_|ettitts._litfra
2595 5493 2784 5570 omnes
2828 5493 2966 5570 mss:
3000 5493 3268 5570 fama}:
3304 5494 3473 5562 λέγων

1923 5565 2014 5622 καὶ
2038 5568 2136 5621 ὅτι.
2165 5567 2318 5620 Libb.
2347 5567 2497 5627 editi,
2530 5567 2624 5620 καὶ
2654 5565 2835 5628 παίζει
2875 5565 2932 5617 δὲ
2954 5565 3146 5631 λέγων,
3173 5565 3273 5616 ὅτι.

1993 5636 2105 5706 (92)
2145 5637 2332 5704 Λόγος
2360 5635 2921 5706 πιστικόςελιιοιιίςθ
2971 5629 3164 5706 dicitur
3209 5647 3238 5682 a
3291 5629 3469 5684 Celso.

1919 5699 2322 5825 Agl'ntargiu'eni
2365 5707 2565 5762 codicis
2599 5699 2792 5760 Joliuni
2841 5705 3055 5774 legitur,
3099 5699 3251 5770 λόγος
3286 5713 3474 5770 μυστι-

1919 5791 1950 5825 κ
1984 5792 2028 5825 ς.

1919 5791 2028 5837 κος.
