4126 6314
240 433 345 489 7H

1414 436 1695 506 "CONTRA
1724 438 2003 495 ,CELSUM
2048 440 2172 495 Li‘B.
2213 439 2252 495 I.

3347 446 3446 502 742

234 552 273 623 ἢ
310 549 662 614 ἀκουσθέντα,
698 549 810 613 καὶ,
842 549 915 612 ὡς
961 549 1142 616 ἔδοξας
1169 552 1540 621 τετηρηκέναι,
1577 555 1668 605 καὶ
1697 554 1798 606 ὑπὸ

1903 554 2123 609 ﬁnxisse
2152 553 2507 617 Ezechielem,
2541 565 2664 608 cum
2708 554 2782 606 ait
2810 562 3022 622 apertos
3065 554 3230 610 fuisse
3258 558 3449 628 caelos,

236 641 362 702 ἑνὸς
393 639 495 690 τῶν
529 637 911 690 κολασθέντων
946 637 996 689 τί
1040 638 1156 707 οὐχ).
1194 636 1387 706 μᾶλλον
1432 639 1524 690 καὶ
1573 640 1661 691 τὸν
1704 642 1799 692 Ἰε-

235 729 432 800 ζεκιὴλ
459 728 702 798 φήσομεν
733 726 1148 797 τερατευόμενον
1183 727 1458 798 εἰρηκέναι
1484 729 1562 790 τὺ,
1591 745 1607 776 ι
1642 727 1807 781 ἸΙνοί-

238 817 772 890 χθησανοὶούρανοὶ,
802 837 820 868 ι
849 818 939 870 καὶ¹
991 817 1058 870 τὰ
1110 817 1269 886 ἐξῆς;
1317 820 1452 871 Ἀλλ’
1485 820 1578 873 ἐὰν
1635 821 1725 872 καὶ
1775 823 1802 872 ὁ

247 911 484 972 Ἡσαΐας
524 910 728 979 φάσκῃ,
771 927 789 957 ι
835 904 986 960 Εἶδον
1017 907 1105 960 τὸν
1137 907 1334 977 Κύριον
1376 909 1598 962 Σαϐαὼθ
1638 910 1804 981 καθή-

241 1017 408 1069 μενον
451 1001 544 1050 ἐπὶ
594 986 778 1068 θρόνου
826 997 1025 1069 ὑψηλοῦ
1072 999 1162 1050 καὶ
1205 999 1550 1070 ἐπηρμένου·
1590 1002 1682 1054 καὶ
1736 1002 1802 1054 τὰ

241 1091 489 1160 σεραφὶμ
524 1090 866 1158 εἱστήκεισαν
899 1088 1079 1158 κύκλῳ
1109 1089 1271 1141 αὑτοῦ
1291 1106 1304 1119 °
1342 1089 1399 1155 ἐξ
1423 1090 1685 1161 πτέρυγες
1727 1090 1803 1160 τῷ

239 1178 346 1241 ἐνί,
364 1177 456 1228 καὶ
483 1176 542 1239 ἒξ
574 1176 839 1246 πτέρυγες
864 1175 938 1244 τῷ
969 1176 1067 1239 ἑνὶ,
1099 1194 1117 1225 ι
1138 1177 1229 1228 καὶ
1255 1178 1321 1229 τὰ
1350 1177 1504 1247 ἑξῆςσ
1541 1179 1698 1230 πόθεν
1729 1180 1800 1249 (6)

229 1267 326 1320 ὅτι
376 1267 589 1336 ἀληθῶς
620 1267 861 1336 έὼρακε;
895 1267 1265 1330 Πεπίστευκας
1305 1265 1432 1338 γὰρ,
1476 1263 1521 1322 ὧ
1561 1259 1799 1335 Ἰουδαῖε,

233 1357 450 1421 τούτοις
481 1359 557 1421 ὡς
593 1358 864 1427 ἀψευδέσι,
900 1360 992 1412 καὶ
1037 1359 1140 1411 ὑπὸ
1185 1354 1452 1429 Θειοτέρου
1489 1362 1802 1431 Πνεύματος

233 1447 303 1502 οὗ
350 1448 508 1517 μόνον
551 1449 878 1518 ἑωραμένοις
929 1448 1018 1519 τῷ⁸
1036 1451 1307 1521 προφήτῃ,
1342 1450 1475 1503 ἀλλὰ
1508 1451 1600 1504 καὶ
1649 1456 1800 1522 εἰρη-

237 1538 429 1608 μένοις
475 1540 567 1592 καὶ
601 1542 1121 1612 ἀναγεγραμμένοις.
1160 1541 1271 1595 Τίνι
1309 1543 1365 1595 δέ
1404 1544 1497 1595 καὶ
1532 1545 1801 1598 πιστεύειν

237 1629 444 1698 μᾶλλον
481 1629 647 1695 ἄξιον,
683 1631 939 1699 φάσκοντι
971 1631 1235 1701 ἀνεῷχθαι
1275 1633 1421 1700 αύτῷ
1468 1636 1592 1697 τοὺς
1639 1636 1802 1706 ούρα-

234 1719 387 1782 νοὺς,
413 1720 506 1772 καὶ
534 1721 715 1787 φωνῆς
751 1721 1061 1792 ἀκηκοέναι,
1097 1720 1129 1790 ἦ
1158 1720 1452 1791 ἑωρακέναι
1481 1721 1567 1775 τὸν
1601 1722 1800 1792 Κύριον

235 1808 467 1862 Σαϐαὼθ
497 1809 797 1879 καθήμενον
825 1811 1117 1880 ἐπὶθρόνόυ
1145 1808 1348 1879 ὑψηλοῦ
1379 1810 1471 1863 καὶ
1491 1804 1798 1882 ἐπηρμένου

247 1903 452 1974 Ἡσαΐᾳ
500 1904 591 1956 καὶ
650 1903 990 1973 Ἰεζεκιὴλ,ἢ
1038 1903 1114 1972 τῷ
1165 1902 1374 1972 Ἰησοῦ;
1423 1904 1670 1980 Ἐκείνων
1701 1906 1797 1976 μὲν

235 1994 350 2064 γὰρ
378 1995 534 2064 ἔργον
567 1995 714 2046 οὐδὲν
746 1993 1054 2064 τηλικοῦτον
1091 1994 1397 2064 εὑρίσκεται
1417 2012 1429 2023 ·
1482 1993 1569 2046 τοῦ
1603 1994 1657 2048 δὲ
1695 1997 1800 2065 ἰη-

238 2084 336 2137 σοῦ
384 2084 444 2136 τὸ
475 2083 868 2154 ἀνδραγάθημα
897 2085 956 2136 ού
1011 2084 1148 2136 κατὰ
1189 2087 1314 2146 τοὺς
1351 2086 1544 2148 αὐτοὺς
1579 2087 1675 2156 τῆς
1716 2089 1800 2138 ἐν·

238 2172 615 2242 σωματὼσεως
643 2173 829 2242 μόνους
863 2173 1048 2242 γέγονε
1080 2173 1321 2242 χρόνους,
1359 2172 1492 2226 ἀλλὰ
1512 2175 1602 2225 καὶ
1640 2173 1797 2244 μέχρι
1831 2169 1836 2174 ’

234 2263 332 2316 τοῦ
362 2263 517 2334 δεῦρο
545 2263 764 2333 ήἸησοῦ
793 2262 1017 2333 δύναμίς
1048 2265 1192 2315 ἐστιν
1231 2263 1518 2334 ἐνεργοῦσα
1553 2264 1648 2333 τὴν
1679 2266 1796 2316 ἐπι-

237 2354 478 2423 στροφὴν
504 2355 596 2406 καὶ
613 2353 708 2423 τὴν
726 2353 1000 2422 βελτίωσιν
1028 2355 1083 2405 ἐν
1107 2356 1215 2417 τοῖς
1233 2347 1539 2406 πιστεύουσι
1555 2353 1620 2404 δι’
1637 2353 1796 2405 αὐτοῦ

233 2441 316 2510 τῷ
333 2440 468 2509 Θεῷ.
501 2442 751 2511 Ἐναργές
781 2443 836 2494 δέ
857 2442 1051 2512 δεῖγμα
1077 2441 1170 2508 τρῦ
1201 2441 1602 2510 δυνάμειαύτοῦ
1630 2441 1801 2495 ταῦτα

233 2533 505 2600 γίνεσθαι,
526 2534 606 2597 τὸ,
624 2535 698 2597 ὡς
726 2534 884 2596 αύτός
918 2551 1068 2603 φησι,
1089 2534 1180 2586 καὶ
1209 2533 1676 2602 καταλαμϐάνεται
1701 2533 1796 2603 (7),

238 2624 319 2693 μὴ
342 2623 507 2675 ὄντων
528 2624 771 2692 ἐργατῶν
794 2623 899 2675 τῶν
915 2624 1292 2692 ἐργαζομένων
1309 2625 1396 2676 τὸν
1423 2623 1800 2692 θερισμὸντῶν

234 2712 449 2780 ψυχῶν,
481 2712 727 2764 τοσοῦτον
761 2709 898 2764 εἶναι
933 2713 1186 2780 θερισμὸν
1210 2712 1685 2780 συγκομιζομένων
1708 2714 1799 2764 καὶ

242 2801 631 2871 συναγομένων
653 2803 731 2863 είς
755 2802 854 2862 τὰς
881 2801 1152 2870 πανταχοῦ
1183 2801 1392 2863 ἅλωνας
1428 2800 1518 2852 τοῦ
1548 2800 1677 2852 Θεοῦ
1709 2801 1799 2852 καὶ

248 2888 593 2958 Ἐκκλησίας.

309 2977 421 3030 Καὶ
450 2979 619 3031 ταῦτα
659 2977 793 3049 πρὸς
807 2977 896 3029 τὸν
937 2976 1181 3029 Ἰουδαῖον
1215 2976 1373 3042 λέγω,
1404 2977 1501 3028 οὐκ
1534 2976 1797 3039 ἀπιστῶν,

233 3073 263 3122 ὁ
303 3069 644 3139 Χριστιανὸς,
686 3069 762 3139 τῷ
824 3069 1078 3138 Ἰεζεκιὴλ
1124 3069 1217 3120 καὶ
1261 3068 1337 3137 τῷ
1393 3068 1584 3138 Ἡσαΐᾳ
1611 3084 1623 3096 ·
1671 3067 1800 3120 ἀλλὰ

231 3160 498 3213 δυσωπῶν
545 3162 607 3212 ἐκ
654 3159 762 3212 τῶν
811 3162 962 3228 κοινῇ
1016 3161 1143 3228 ἡμῖν
1193 3159 1667 3221 πεπιστευμένων,
1717 3157 1798 3208 ὃτι

235 3249 420 3319 πολλῷ
473 3242 625 3311 οὗτος
677 3249 898 3300 ἐκείνων
949 3247 1096 3310 ἄξιός
1147 3249 1259 3299 ἐστι
1315 3247 1407 3298 τοῦ
1457 3244 1798 3297 πιστεύεσθαι

232 3338 463 3390 τοιαῦτα
504 3338 672 3405 λέγων
707 3339 1023 3407 ἑωρακέναι,
1058 3338 1171 3402 καὶ,
1208 3338 1283 3398 ὼς
1330 3337 1492 3399 εἰκὸς,
1534 3335 1799 3405 παραδοὺς

233 3431 354 3490 τοῖς
386 3429 648 3497 μαθηταῖς
697 3429 762 3497 ἢν
815 3423 950 3480 εἶδεν
992 3425 1133 3495 ὄψιν,
1168 3427 1260 3479 καὶ
1304 3425 1398 3495 τὴν
1427 3425 1604 3494 φωνὴν
1635 3426 1706 3494 (8)
1735 3421 1801 3494 ἧς

233 3522 488 3588 ἤκουσεν.
536 3516 723 3577 ’Ἄλλος
753 3517 797 3567 δ’
839 3517 902 3569 ἄν
933 3531 1015 3576 τις
1045 3513 1206 3578 εἴποι,
1251 3515 1332 3568 ὅτι
1377 3515 1436 3565 οὐ
1479 3515 1676 3576 πάντες
1707 3514 1798 3566 τοῦ

248 3607 430 3676 Ἰησοῦ
460 3608 695 3675 ἥκουσαν
726 3604 893 3658 ταῦτα
921 3601 1271 3675 διηγουμένου
1304 3605 1351 3656 οἱ
1393 3603 1799 3672 ἀναγράψαντες

232 3698 313 3749 τὰ
345 3697 468 3766 περὶ
498 3694 587 3747 τοῦ
618 3691 788 3756 εἴδους
819 3694 916 3762 τῆς
950 3693 1274 3764 περιστερᾶς
1313 3693 1402 3744 καὶ
1433 3693 1528 3762 τῆς
1554 3693 1611 3755 ἐξ
1639 3695 1799 3764 ούρα-

232 3785 333 3839 νοῦ
378 3785 578 3854 φωνῆς,
618 3783 750 3836 ἀλλὰ
792 3784 851 3836 τὸ
894 3783 1104 3846 ὄιδάξαν
1156 3781 1390 3835 Μωῦσέα
1425 3781 1644 3851 Πνεῦμα
1701 3783 1797 3853 τὴν

237 3874 613 3944 πρεσϐυτέραν
657 3874 818 3926 αὑτοῦ
878 3873 1131 3942 ἱστορίαν,
1188 3871 1500 3942 ἀρξαμένην
1552 3873 1656 3924 ἀπὸ
1701 3873 1797 3942 τῆς

233 3965 623 4034 κοσμογενείας
665 3964 823 4035 μέχρι
853 3964 949 4032 τῆς
991 3963 1128 4015 κατὰ
1153 3963 1241 4015 τὸν
1299 3962 1535 4031 Ἀϐραὰμ
1593 3962 1667 4030 (9)
1702 3962 1793 4014 τὸν

233 4052 453 4121 πατέρα
479 4052 660 4116 αὑτοῦ,
700 4052 839 4102 τοῦτ’
873 4052 1072 4114 ἐδίδαξε
1116 4053 1205 4102 καὶ
1243 4051 1364 4110 τοὺς
1387 4051 1698 4119 γράψαντας
1740 4052 1798 4103 τὸ

233 4141 586 4207 Εὐαγγέλιον,
633 4142 692 4192 τὸ
729 4142 1008 4210 γενόμενον
1051 4139 1344 4211 παράδοξον
1383 4140 1489 4206 (10)
1538 4141 1675 4192 κατὰ
1709 4141 1796 4192 τὸν

231 4229 427 4297 χρόνον
457 4227 547 4280 τοῦ
575 4228 942 4297 βαπτίσματος
983 4228 1174 4297 Ἰησοῦ.
1219 4229 1276 4279 Ὀ
1305 4227 1358 4278 δὲ
1386 4228 1674 4295 κοσμηθεὶς
1702 4247 1798 4297 χα-

235 4319 481 4389 ρίσματι,
516 4318 828 4386 καλουμένῳ
859 4336 876 4367 ί
909 4317 1052 4386 λόγῳ
1085 4318 1290 4384 σοφίας,
1323 4335 1340 4367 ι
1378 4316 1469 4368 καὶ
1498 4316 1592 4385 τὴν
1618 4318 1794 4369 αἰτίαν

232 4410 551 4477 διηγήσεται
580 4409 677 4477 τῆς
706 4409 956 4472 ἀνοίξεως
979 4407 1082 4459 τῶν
1109 4407 1369 4475 οὐρανῶν,
1393 4406 1593 4460 καὶτοῦ
1625 4407 1792 4470 εἴδους

1904 653 1958 697 et
2005 654 2196 699 czctera
2246 661 2366 713 qua:
2411 645 2742 714 sequuntur?
2781 644 2847 698 Et
2887 645 2998 700 hmc
3043 644 3190 700 Isaite
3223 663 3236 700 ι
3273 664 3291 698 ι
3332 647 3449 702 Vidi

1906 733 2188 788 Dmninnm
2245 737 2480 790 Sabaoth
2527 737 2798 789 sedentem
2838 751 2997 804 super
3035 737 3223 790 solium
3264 741 3450 793 excel-

1903 840 2020 878 sum
2049 834 2104 878 et
2127 826 2414 892 elevatum,
2439 837 2490 881 et
2530 825 2800 895 seraphim
2831 827 3044 880 stabant
3088 829 3232 882 circa
3279 829 3448 895 illum,

1905 912 2008 964 Sex
2041 913 2137 966 ala:
2175 914 2287 974 uni,
2324 924 2376 967 et
2400 929 2493 967 sex
2528 913 2622 966 alae
2651 915 2805 967 alteri
2840 917 2882 979 ‘,
2933 934 2953 968 ι
2987 927 3038 969 et
3066 926 3284 981 caetera,
3309 919 3449 972 unde

1902 1003 2067 1058 habes
2095 1019 2217 1057 vere
2248 1006 2315 1058 ab
2348 1005 2440 1059 illo
2471 1005 2639 1060 fuisse
2674 1008 3004 1074 conspecta?
3035 1006 3174 1063 Nihil
3211 1009 3375 1073 enim,
3415 1023 3452 1066 ο

1901 1092 2102 1160 Iudaee,
2133 1095 2294 1166 360
2333 1096 2382 1148 in
2421 1097 2485 1150 iis
2520 1098 2680 1151 rebus
2711 1097 2986 1166 suspicare
3022 1099 3304 1162 mendacii,
3333 1115 3446 1154 crc-

1903 1183 1986 1237 dis
2027 1199 2133 1237 non
2170 1186 2327 1239 modo
2356 1200 2446 1238 cas
2484 1200 2513 1238 a
2549 1187 2748 1254 Spiritu
2791 1196 2979 1240 sancto
3009 1196 3252 1242 ostensas
3282 1191 3447 1245 fuisse

1903 1278 2197 1346 prophetae,
2229 1277 2321 1330 sed
2365 1276 2507 1330 illum
2541 1277 2703 1329 etiam
2754 1277 2819 1330 ab
2849 1279 3036 1331 eodem
3084 1280 3270 1348 spiritu
3299 1272 3446 1333 allia-

1905 1375 2014 1420 tum
2043 1383 2137 1422 eas
2166 1376 2220 1420 et
2257 1366 2451 1421 dixisse
2481 1377 2533 1422 et
2556 1366 2748 1420 litteris
2779 1368 3149 1436 consignasse.
3178 1369 3290 1425 Utri
3320 1386 3448 1425 vero

1903 1458 2074 1525 magis
2114 1456 2449 1525 adjungenda
2479 1456 2610 1510 lides
2643 1467 2725 1509 est
2757 1472 2770 1508 :
2798 1457 2869 1509 illi
2889 1459 2981 1525 qui
3007 1459 3106 1512 sibi
3136 1460 3265 1512 dicit
3295 1475 3451 1528 aper-

1901 1553 1985 1599 tos
2008 1545 2174 1598 fuisse
2196 1545 2382 1609 caelos,
2413 1559 2595 1599 vocem
2625 1545 2981 1611 exaudivisse,
3012 1548 3212 1602 vidisse
3257 1550 3445 1604 Domi-

1903 1651 2028 1690 num
2055 1636 2292 1690 Sabaoth
2319 1639 2590 1690 sedentem
2634 1649 2795 1703 super
2841 1637 3030 1690 solium
3079 1638 3350 1694 excelsum
3390 1647 3448 1693 et

1900 1726 2196 1790 elevatum;
2228 1740 2294 1778 an
2338 1723 2503 1780 Iesu?
2551 1723 2691 1778 Nihil
2720 1729 2862 1780 enim
2912 1726 3154 1780 fecerunt
3194 1727 3358 1781 Isaias
3395 1737 3451 1782 et

1900 1815 2166 1881 Ezechiel,
2194 1816 2474 1884 quodcum
2498 1817 2583 1883 iis,
2625 1833 2743 1886 qua:
2771 1817 2926 1871 Jesus
2959 1817 3102 1880 fecit,
3145 1817 3448 1887 comparari

1899 1917 2095 1974 queat;
2148 1906 2305 1975 hujus
2345 1916 2521 1960 autem
2560 1894 2789 1960 virtutes
2833 1923 2938 1962 non
2988 1909 3234 1963 enituere
3275 1909 3446 1963 solum

1901 2008 2137 2067 tempore
2167 1999 2274 2062 illo,
2309 2013 2412 2066 quo
2460 2012 2651 2065 corpus
2704 1999 2920 2052 indutus
2969 2015 3094 2053 cum
3137 2000 3448 2055 hominibus

1899 2099 2141 2142 versatus
2166 2097 2276 2151 est;
2313 2089 2404 2140 sed
2439 2101 2606 2154 usque
2643 2089 2816 2142 adhuc
2844 2089 2958 2157 ejus
2982 2097 3245 2156 potestate
3274 2089 3350 2154 iit,
3385 2097 3445 2142 ut

1899 2179 1987 2246 qui
2016 2178 2120 2230 Deo
2147 2191 2241 2245 per
2267 2177 2410 2229 illum
2435 2176 2695 2241 credunt,
2726 2193 2754 2230 a
2787 2177 2933 2231 vitiis
2965 2181 3029 2231 ad
3060 2181 3331 2234 meliorem
3366 2183 3446 2234 vi-

1904 2277 2006 2320 tam
2059 2275 2394 2337 revocentur.
2454 2264 2621 2329 Quam
2670 2262 2877 2319 morum
2929 2269 3275 2322 mulationem
3329 2268 3446 2337 ejus

1902 2366 2166 2426 potestate
2213 2356 2324 2410 ﬁeri
2361 2357 2577 2425 planum
2623 2364 2676 2409 et
2718 2357 2939 2411 evidens
2983 2358 3106 2411 hinc
3140 2367 3242 2423 est,
3277 2360 3445 2427 quod,

1903 2461 2043 2510 cum,
2078 2457 2134 2499 ut
2164 2446 2278 2514 ipse
2305 2445 2438 2498 dixit
2471 2455 2524 2499 et
2550 2443 2879 2513 experientia
2907 2445 3304 2513 comprobatur,
3329 2461 3448 2499 om~

1902 2535 2030 2590 nino
2050 2535 2302 2590 deﬁciant
2329 2535 2418 2602 qui
2462 2534 2621 2589 messi
2663 2535 2964 2589 animarum
3007 2536 3372 2604 dent0peram
3402 2537 3445 2601 ',

1907 2633 1978 2677 tot
2006 2626 2196 2679 animae
2241 2634 2417 2679 tamen
2448 2624 2500 2678 in
2527 2639 2680 2679 areas
2711 2624 2827 2691 Dei,
2851 2639 2970 2694 quae
3005 2636 3129 2679 sunt
3173 2626 3443 2691 Ecclesia,

1889 2723 2306 2783 'comportentur
2330 2700 2831 2786 et‘congregentur.

1966 2979 2054 3032 4-4.
2095 2979 2268 3046 Atque
2297 2977 2379 3030 his
2415 2973 2653 3058 Jqdzeum
2680 2990 2865 3044 urgeo,
2903 2991 3006 3030 non
3031 2979 3172 3045 quod
3194 2977 3441 3033 Ezechiel

1903 3078 1957 3122 et
1988 3067 2134 3122 Isaia:
2162 3067 2476 3121 testimonio
2508 3067 2666 3120 [idem
2706 3067 2990 3132 abrogem;
3035 3081 3155 3118 nam
3184 3066 3446 3120 Christia-

1903 3177 2004 3213 nus
2033 3174 2131 3231 ego
2155 3173 2305 3223 sum;
2335 3158 2427 3210 sed
2471 3171 2600 3211 usus
2641 3170 2758 3209 sum
2796 3156 2880 3220 iis,
2924 3170 3039 3222 qua:
3088 3171 3188 3208 una
3232 3169 3440 3209 mecum

1902 3231 2090 3316 credit,
2129 3259 2183 3304 ut
2233 3249 2608 3318 persuaderent
2652 3246 2833 3301 Jcsum
2879 3245 3067 3313 magis,
3115 3260 3271 3312 quam
3317 3260 3441 3313 pro—

1902 3342 2093 3410 phetae,
2130 3340 2230 3391 fide
2274 3352 2390 3392 esse
2437 3337 2677 3405 dignum,
2709 3350 2830 3388 cum
2873 3336 3024 3398 dixit,
3053 3343 3107 3386 et
3137 3335 3247 3386 suis
3282 3334 3441 3387 disci-

1899 3430 2059 3498 pulis,
2090 3438 2148 3482 ut
2178 3425 2434 3481 credibile
2466 3433 2567 3490 est,
2599 3424 2841 3477 narravit
2882 3438 2940 3477 se
2985 3423 3110 3476 talia
3151 3424 3349 3478 vidisse
3387 3433 3444 3478 et

1900 3501 2084 3572 vocem
2128 3517 2380 3570 audiisse.
2422 3514 2625 3568 Dixerit
2666 3513 2897 3568 fortasse
2936 3513 3094 3574 alius,
3143 3515 3230 3580 qui
3270 3514 3440 3566 histo-

1905 3608 2044 3672 riam,
2078 3611 2142 3662 de
2167 3610 2343 3676 specie
2382 3607 2645 3662 columbae
2668 3613 2721 3656 et
2744 3607 2809 3660 de
2835 3606 3037 3661 cmlesti
3069 3621 3198 3659 voce
3226 3604 3440 3670 scriptis

1862 3746 1865 3747 ν
1901 3701 2242 3764 mandarunt,
2271 3715 2375 3754 non
2409 3715 2499 3754 cos
2539 3717 2728 3756 omnes
2769 3699 3001 3754 adfuisse
3039 3697 3274 3764 quidem,
3315 3711 3437 3758 cum

1899 3791 2010 3843 haec
2062 3789 2807 3857 diseipulisenarraretzsed
2852 3788 3098 3855 spiritum
3146 3786 3312 3849 illum,
3346 3785 3452 3855 qui,

1899 3878 2130 3948 Moyscm
2176 3879 2392 3933 edocuit
2416 3880 2696 3933 historiam
2729 3879 2881 3946 longe
2928 3877 3043 3945 ipso
3074 3874 3434 3942 antiquiorem

1898 3982 2122 4037 quaeque
2174 3983 2201 4019 a
2272 3969 2545 4022 creatione
2605 3965 2786 4020 mundi
2821 3966 2888 4018 ad
2943 3964 3223 4017 Abraham
3268 3976 3436 4030 usque

1899 4059 2072 4126 gentis
2133 4055 2368 4111 Iudaicae
2429 4066 2701 4110 auctorem
2769 4057 3038 4122 pertinet,
3089 4054 3438 4122 scriptoribus

1905 4145 2308 4213 Evangeliorum
2357 4144 2622 4198 revelasse
2655 4143 2975 4212 prodigium,
3009 4143 3146 4211 quod
3201 4152 3438 4208 tempore

1900 4233 2146 4301 baptismi
2176 4231 2300 4286 Jesu
2336 4244 2675 4302 apparuerat.
2706 4233 2833 4299 Quae
2857 4241 3026 4285 autem
3059 4245 3218 4284 causa
3250 4229 3432 4288 fuerit,

1898 4321 2246 4388 quamobrem
2285 4321 2456 4387 aperti
2494 4320 2686 4374 fuerint
2723 4320 2864 4384 caeli,
2904 4334 2997 4371 cur
3027 4319 3282 4371 columbae
3315 4331 3437 4384 spe-

1900 4412 2010 4462 cies
2041 4410 2155 4463 visa
2188 4409 2367 4473 fuerit,
2406 4425 2503 4464 cur
2533 4409 2812 4473 columbae,
2845 4419 2894 4461 et
2925 4423 3026 4461 non
3063 4408 3284 4460 alterius
3318 4407 3437 4458 ani-

230 4499 335 4566 τῆς
355 4499 694 4566 περιστερᾶς,
729 4498 820 4548 καὶ
843 4498 923 4548 ὅτι
959 4498 1056 4548 οὐκ
1090 4497 1246 4548 ἄλλου
1269 4497 1408 4557 τινὸς
1439 4495 1574 4557 ζώου
1607 4496 1732 4547 εῖδει
1759 4497 1789 4564 ἦ

1901 4500 2094 4552 mantis
2140 4501 2317 4566 specie
2362 4499 2597 4566 Spiritus
2634 4507 2844 4551 sanctus
2887 4496 3012 4549 Jcsu
3061 4495 3432 4564 aspcctabilcm

231 4587 422 4639 τούτου
459 4587 628 4654 ἐφάνη
653 4587 711 4636 τὸ
742 4585 890 4651 ἆγιον
925 4585 1145 4652 Πνεῦμα
1169 4584 1244 4651 τῷ
1290 4584 1479 4653 Ἰησοῦ.
1519 4584 1651 4649 Περὶ
1679 4584 1790 4633 τού-

229 4695 329 4730 του
370 4677 424 4727 δέ
463 4677 562 4727 οὐκ
596 4677 811 4727 ἀπαιτεῖ
842 4675 933 4725 νῦν
966 4675 1112 4741 ἡμᾶς
1145 4673 1173 4723 ὁ
1206 4672 1358 4740 λόγος
1399 4671 1782 4741 διηγήσασθαι’

228 4767 295 4817 τὸ
325 4765 434 4836 γὰρ
484 4764 836 4834 προκείμενόν
879 4766 1044 4825 ἐστιν,
1088 4762 1297 4830 ἐλέγξαι
1332 4764 1419 4814 τὸν
1453 4763 1651 4813 Κέλσον
1692 4763 1786 4829 οὐχ

231 4855 402 4922 ὑγιῶς
440 4855 670 4924 Ἰουδαίῳ
718 4853 1000 4924 περιθέντα
1054 4853 1160 4920 (II)
1203 4851 1338 4921 μετὰ
1379 4851 1588 4903 τοιῶνδε
1621 4851 1787 4917 λόγων

736 5046 755 5074 ²
780 5043 966 5097 Matth.
1000 5060 1072 5107 tx,
1102 5046 1190 5099 57.

309 5045 323 5074 ‘
349 5044 472 5098 Isai.
505 5060 580 5109 vt,
610 5045 659 5096 I.
736 5046 755 5074 ²
780 5043 966 5097 Matth.
1000 5060 1072 5107 tx,
1102 5046 1190 5099 57.
1266 5044 1285 5072 ³
1310 5044 1323 5096 l
1350 5044 1474 5096 Cor.
1510 5057 1601 5108 xtl,
1625 5042 1676 5096 8.

237 5266 245 5298 ί
303 5219 381 5298 (6)
423 5218 540 5272 Post
569 5217 1227 5298 adoeytlecsaguippiam,
1277 5214 1356 5294 vel
1391 5211 1662 5277 οἶδας,νει
1689 5214 1777 5284 δῆ-

226 5287 342 5348 λον,
358 5287 618 5355 'quamvis
643 5287 772 5338 nihil
806 5287 978 5355 simile
1004 5287 1298 5352 reperiatur
1326 5287 1532 5355 inmss.

300 5351 1088 5429 (7)'Kal_xa_ra1qp6’drstai.
1159 5355 1313 5406 Deest
1355 5353 1432 5424 _in
1502 5351 1776 5407 codicibus

232 5425 404 5495 Regio
428 5425 822 5481 ctBasileeusi.
968 5489 1008 5495 η
1130 5492 1141 5495 _
1199 5489 1230 5495 ,Α
1526 5488 1536 5495 ·
1727 5451 1731 5453 .

302 5488 378 5566 (Β)
418 5495 511 5571 Sic
555 5507 742 5571 omnes
795 5505 921 5544 mss.
968 5489 1299 5543 llmschelius
1342 5503 1468 5541 vero
1526 5488 1576 5540 in
1628 5498 1772 5542 textu
1820 5519 1822 5522 ν

229 5563 410 5626 habet,
454 5563 549 5631 τῆς
579 5563 776 5630 φωνῆς.

301 5635 376 5703 (9)
402 5625 950 5703 'Dubitabat'iiuietus
980 5641 1046 5679 an
1080 5627 1418 5681 scribendum
1441 5625 1577 5679 foret
1609 5625 1767 5695 μέχρι

222 5697 332 5756 τῶν
360 5697 504 5755 ’κατὰ
532 5701 621 5751 τὸν
666 5697 924 5767 Ἁϐραάμ.

293 5775 403 5840 (ιθ)
445 5763 778 5824 Ilwschelius
823 5763 879 5820 et
923 5773 1222 5834 Spcnccrus
1252 5764 1308 5813 τὸ
1347 5763 1630 5830 γενόμενον
1676 5765 1764 5815 καὶ

1895 4602 1951 4639 sc
1984 4587 2289 4652 praebuerit,
2325 4588 2369 4639 is
2404 4597 2656 4652 exponet,
2686 4587 2773 4654 qui
2809 4586 2967 4647 dono,
3000 4587 3136 4652 quod
3174 4604 3192 4636 ι
3227 4586 3433 4652 sapien-

1905 4673 1988 4724 tiae
2025 4687 2204 4726 sermo
2231 4672 2250 4702 ³
2287 4690 2304 4722 ι
2342 4683 2582 4736 vocatur,
2613 4684 2835 4725 ornatus
2881 4673 3059 4725 fuerit.
3098 4672 3218 4724 Ilaec
3262 4671 3431 4737 expli-

1893 4776 2016 4814 care
2043 4762 2209 4814 nostri
2244 4776 2347 4815 non
2378 4771 2458 4815 est
2501 4762 2744 4815 instituti.
2798 4760 2850 4814 Id
2885 4762 3022 4815 enim
3058 4760 3210 4813 nobis
3241 4773 3430 4827 propo-

1893 4848 2053 4900 situm
2090 4857 2192 4912 est,
2217 4849 2498 4903 ostendere
2533 4863 2562 4901 a
2601 4847 2752 4903 Celso
2792 4846 2927 4900 male
2966 4845 3234 4898 inductum
3268 4842 3428 4895 Iuissc

1886 5214 2223 5286 παράδοξον,
2253 5213 2349 5286 sed
2382 5214 2503 5265 illud
2548 5212 3139 5286 mirespuuntppnaes
3188 5222 3341 5286 mss”
3370 5210 3421 5286 _si

1884 5276 2158 5350 exceperis
2200 5284 2544 5350 Anglicanutn
2577 5276 2801 5350 primum
2839 5288 2889 5330 et
2920 5279 3208 5350 1loliannm.
3257 5276 3422 5328 Paulo

1885 5361 2001 5417 post
2020 5346 2123 5418 'pro
2156 5346 2465 5418 καλουμένῳ
2497 5349 2636 5418 λόγῳ
2669 5348 2883 5418 σοφίας,
2907 5348 3420 5418 Guietoperperam

1881 5415 2088 5472 videtur
2116 5415 2452 5472 scribendum
2487 5416 2794 5484 καλουμένῳ
2825 5415 2978 5483 δώρῳ
3007 5416 3209 5480 σοφίας.

1951 5489 2060 5556 (Η)
2103 5485 2430 5540 ΠιεεοΙιρΙὶυε
2473 5494 2527 5537 et
2570 5484 2975 5556 Spen_c_eru3_in
3015 5491 3198 5556 textu,
3233 5494 3420 5556 gap:-

1880 5549 2055 5617 θέντα,
2089 5559 2178 5609 sed
2207 5569 2390 5610 omnes
2419 5568 2543 5605 mss.
2570 5553 2871 5622 περιθέντα.
2897 5551 3062 5622 Paulo
3082 5558 3197 5616 post
3225 5549 3414 5622 Guiezu

1877 5614 2211 5676 scribendum
2255 5624 2457 5678 videtur
2495 5614 2687 5690 μᾶλλον
2733 5623 2866 5674 κατὰ
2907 5621 2970 5671 τὰ
3018 5614 3413 5682 πεπιστευμένα

1876 5710 1947 5742 υπ
1990 5709 2214 5743 ἐκεινου.
