4096 6304
182 472 285 524 7ζὸ

1360 462 1636 519 CONTRA
1674 460 1948 516 CELSUM
1993 459 2116 511 LIB.
2166 456 2204 512 Ι.

3296 451 3397 502 74'6

179 592 286 658 μὲν
332 589 398 638 τὰ
430 587 650 658 πάτρια,
679 583 1077 656 παραδέξασθαι
1102 583 1158 634 δὲ
1179 584 1314 650 μετά
1350 581 1604 634 κινδύνων
1631 580 1736 656 τῶν

1844 594 1964 632 cum
2016 589 2227 630 summo
2263 572 2452 626 mortis
2507 571 2745 640 periculo
2803 572 3037 639 ipsorum
3089 571 3403 623 documenta

184 679 350 750 μέχρι
377 677 602 730 θανάτου
631 676 698 727 τὰ
715 675 916 728 τούτων
937 674 1251 744 μαθήματα.
1281 673 1388 724 Καὶ
1405 670 1482 724 ἔτι
1505 672 1620 740 ἴχνη
1643 669 1736 722 τοῦ

176 769 335 836 ἁγίου
352 768 557 820 ἐκείνου
571 766 706 819 Πνεύ
714 782 897 836 ματος,
911 764 1160 833 ὀφθέντος
1182 765 1238 814 ὲν
1254 763 1379 815 εῖδει
1395 762 1735 832 περιστερᾶς,

177 859 332 930 παρὰ
363 860 701 930 Χριστιανοῖς
726 854 970 919 σώζεται.
1011 855 1290 920 Ἐξάγουσι
1321 853 1428 922 (18)
1458 852 1735 921 δαίμονας,

175 952 274 1003 καὶ
303 950 499 1011 πολλὰς
531 951 698 1012 ἰάσεις
724 947 1042 1009 ἐπιτελοῦσι,
1061 948 1152 1000 καὶ
1167 946 1335 1018 ὁρῶσί
1359 962 1479 998 τινα
1509 943 1648 996 κατὰ
1681 943 1739 994 τὸ

181 1042 429 1111 βούλημα
447 1041 538 1093 τοῦ
560 1037 730 1108 Λόγου
761 1041 885 1111 περ).
919 1040 1232 1110 μελλόντων.
1281 1037 1396 1091 Κᾶν
1437 1038 1668 1107 χλευάσῃ
1684 1035 1738 1086 δὲ

182 1132 392 1193 Κέλσος
421 1132 481 1183 τὸ
515 1130 926 1200 λεχθησόμενον,
969 1129 999 1198 ἢ
1038 1128 1096 1183 ὃν
1129 1129 1421 1198 εἰσήγαγεν
1459 1127 1704 1186 Ἰουδαῖος
1724 1163 1737 1186 ,

178 1224 334 1291 ὅμως
358 1223 644 1287 λελέξεται,
679 1226 758 1275 ὅτι
784 1223 982 1284 πολλοὶ,
1017 1221 1255 1291 ὡσπερεὶ
1275 1221 1515 1283 ἀκοντες,
1547 1235 1742 1290 προσε-

174 1313 438 1383 ληλύθασι
466 1314 893 1383 Χριστιανισμῷ,
945 1312 1250 1382 πνεύματός
1277 1329 1419 1375 τινος
1445 1311 1741 1380 τρέψαντος

174 1402 356 1454 αὐτῶν
395 1402 456 1455 τὸ
496 1404 815 1473 ἡγεμονικὸν
854 1403 1113 1472 αἰφνίδιον
1145 1403 1253 1454 ἀπὸ
1289 1401 1386 1454 τοῦ
1431 1404 1610 1471 μισεῖν
1651 1401 1742 1454 τὸν

183 1492 346 1560 λόγον
385 1495 476 1546 ἐπὶ
515 1495 575 1546 τὸ
613 1494 1046 1564 ὐπεραποθανεῖν
1082 1493 1268 1556 αὑτοῦ,
1302 1495 1392 1545 καὶ
1435 1495 1740 1559 φαντασιω-

178 1598 370 1644 σαντος
423 1583 617 1645 αὐτοὺς
667 1582 812 1652 ῦπαρ
851 1583 883 1651 ἢ
937 1572 1071 1652 δνᾶρ
1114 1581 1244 1652 (19).
1293 1580 1468 1634 Πολλά
1518 1581 1622 1652 γὰρ
1652 1583 1744 1634 καὶ

174 1672 401 1725 τοιαῦτα
435 1673 808 1742 ἱστορήσαμεψ
830 1672 982 1726 ἆτινα
1007 1673 1100 1726 ἐὰν
1128 1673 1442 1742 γράφωμεν,
1473 1672 1622 1724 αὐτοὶ
1651 1672 1744 1722 αὑ-

177 1765 291 1824 τοῖς
319 1763 716 1833 παρατυχόντες
742 1764 833 1816 καὶ
864 1764 1078 1826 ἰδόντες,
1107 1762 1317 1829 γέλωτα
1351 1761 1555 1812 πλατὺν
1581 1761 1744 1831 ὀφλή-

181 1869 347 1923 σομεν
375 1857 485 1918 τοῖς
515 1855 782 1919 ἀπίστοις,
816 1855 1078 1924 οἰομένοις
1113 1854 1252 1922 ἡμᾶς
1275 1853 1472 1921 ὁμοίως
1500 1847 1581 1914 οἷς
1608 1853 1742 1902 ὑπο-

1841 668 2300 734 amplexarentur.
2336 664 2473 728 Quin
2505 673 2556 715 et
2588 663 2880 714 etiamnum
2909 661 3046 728 apud
3067 659 3406 712 Clu-iStianos

1842 755 2090 810 nonnulla
2150 762 2438 822 supersunt
2487 752 2630 804 illius
2683 751 2917 820 Spiritus
2948 752 3142 816 sancti,
3196 753 3284 819 qui
3317 766 3410 804 co-

1839 845 2036 898 lumba:
2099 842 2276 911 specie
2325 840 2596 908 apparuit,
2654 839 2893 906 vestigia.
2958 837 3088 889 Nam
3145 839 3406 890 daemonia

1839 934 2080 1001 ejiciunt,
2141 932 2356 984 morbos
2388 941 2601 994 curant,
2662 937 2715 981 et
2757 927 2970 980 volente
3001 928 3176 980 Verbo
3228 928 3406 980 futura

1841 1023 2159 1092 prmvident.
2197 1021 2422 1075 Irrideat
2456 1021 2583 1072 licet
2623 1020 2810 1074 Celsus
2863 1029 2952 1072 aut
2988 1018 3201 1073 Judaaus
3244 1031 3408 1084 quem

1844 1115 2165 1175 introduxit,
2199 1114 2337 1180 quod
2371 1112 2603 1174 dicetur,
2657 1111 2830 1164 dicam
2865 1111 3234 1177 nihilominus,
3265 1110 3405 1164 mul-

1847 1216 1925 1259 los
1968 1206 2033 1258 ad
2074 1205 2392 1271 religionem
2433 1201 2796 1255 Christianam
2834 1205 3125 1257 aceesslsse
3155 1201 3433 1281 velutinﬁ

1846 1299 2012 1351 vitos:
2049 1297 2239 1365 Spiritu
2275 1296 2503 1362 quodam
2543 1282 2761 1360 repente
2795 1294 2908 1348 sive
2927 1308 3020 1362 per
3053 1296 3220 1348 visum
3244 1293 3406 1364 362

1846 1389 1960 1442 sive
1988 1403 2081 1455 per
2112 1388 2381 1439 somnium
2422 1383 2711 1441 in_illorum
2745 1385 2954 1439 animos
3002 1396 3191 1454 agente
3245 1398 3407 1454 atque

1847 1480 1917 1531 ita
1959 1478 2078 1531 illos
2111 1480 2447 1540 inunutante,
2496 1483 2552 1526 ut
2584 1475 2802 1541 quodin
2849 1475 2992 1528 illam
3047 1487 3408 1544 coaceperant

1845 1570 2026 1622 odium
2081 1570 2436 1635 deponerent,
2487 1573 2541 1619 et
2589 1579 2684 1632 pro
2743 1566 2830 1619 illa
2880 1577 3108 1622 mortem
3159 1580 3409 1639 oppetere

1846 1668 2168 1714 statuerent.
2205 1657 2371 1710 Multa
2419 1655 2682 1724 ejusmodi
2736 1657 3002 1721 novimus,
3039 1674 3159 1726 qua:
3194 1661 3238 1712 si
3276 1662 3411 1712 scri-

1847 1751 2124 1815 beremus,
2156 1748 2369 1802 tametsi
2429 1747 2637 1801 illorum
2694 1747 2890 1802 oculati
2927 1758 3092 1805 testes
3123 1750 3406 1812 fuerimus,

1844 1838 2131 1907 benignam
2179 1839 2319 1891 risus
2366 1837 2645 1891 materiam
2695 1837 3058 1904 praeberemus
3097 1837 3410 1900 incredulis,

177 1943 514 2014 λαμϐάνουσι
543 1944 693 1996 ταῦτ’
723 1945 1178 2007 ἀναπεπλακέναι,
1212 1945 1303 1995 καὶ
1339 1943 1532 2003 αὐτοὺς
1567 1942 1674 1994 πλά
1687 1957 1736 1991 3-

1842 1931 1929 1998 qui
1951 1944 2047 2000 nos
2069 1943 2132 1982 ex
2165 1943 2352 1982 eorum
2386 1928 2769 1996 ingeniisquos
2791 1928 2913 1980 talia
2947 1928 3170 1982 tinxisse
3191 1939 3408 1990 norunt,

178 2051 314 2088 σειν.
357 2036 516 2088 Ἀλλά
538 2035 646 2105 γὰρ
673 2035 802 2097 Θεὸς
839 2035 1045 2105 μάρτυς
1081 2034 1172 2085 τοῦ
1213 2034 1478 2103 ἡμετέρου
1510 2033 1741 2085 συνειδό-

175 2142 303 2189 τος,
355 2125 676 2195 βουλομένου
713 2127 774 2178 οὐ
812 2125 899 2176 διὰ
940 2125 1145 2193 ψευδῶν
1184 2125 1557 2192 ἀπαγγελιῶν,
1608 2124 1740 2177 ἀλλὰ

171 2215 262 2270 διά
296 2233 437 2278 τινος
475 2216 753 2289 ἐναργείας
795 2217 1040 2287 ποικίλης
1070 2216 1398 2268 συνιστάνειν
1424 2216 1525 2284 τὴν
1566 2196 1738 2286 Ἰησοῦ

174 2308 328 2360 θείαν
346 2307 705 2360 διδασκαλίαν.
749 2307 898 2359 Ἐπεὶ
924 2308 980 2360 δὲ
1011 2307 1256 2370 Ἰουδαῖός
1285 2309 1430 2360 ἐστιν
1449 2309 1477 2360 6
1499 2309 1624 2377 περὶ
1647 2308 1737 2359 τοῦ

172 2397 661 2467 ἀναγεγραμμένον
697 2397 849 2463 ἁγίου
887 2398 1198 2469 Πνεύματος
1237 2389 1649 2466 κατεληλυθέναι
1684 2401 1738 2450 ἐν

173 2487 306 2539 εῖδει
345 2493 670 2559 περιστερᾶς
713 2491 848 2562 πρὸς
873 2492 963 2544 τὸν
1003 2491 1207 2561 Ἰησοῦν
1241 2489 1483 2558 ἀπορῶν,
1520 2477 1739 2540 λεκτέὁν

173 2576 237 2628 ἂν
262 2576 352 2648 εἴη
386 2579 499 2649 (ΞΟ)
525 2581 658 2652 πρὸς
697 2583 858 2635 αὐτόν
877 2598 893 2612 ο
917 2578 988 2633 Ὦ
1023 2576 1196 2644 οὗτος,
1237 2579 1318 2641 τίς
1345 2582 1488 2630 ἐστιν
1512 2581 1539 2632 6
1571 2580 1627 2631 ὲν
1661 2579 1738 2646 τῷ

184 2667 389 2739 Ἡσαΐᾳ
420 2669 612 2738 λέγων’
654 2673 762 2739 Καὶ
794 2671 888 2726 νῦν
927 2671 1128 2745 Κύριος
1170 2669 1450 2723 ἀπέστειλέ
1493 2686 1560 2738 με
1603 2670 1736 2737 (‘21),

172 2759 270 2808 καὶ
309 2757 375 2809 τὸ
420 2760 639 2828 Πνεῦμα
681 2761 866 2814 αὑτοῦ.
911 2762 998 2812 Ἐν
1038 2755 1082 2841 ᾧ
1120 2760 1416 2828 ἀμφιϐόλου
1453 2758 1604 2821 ὄντος
1645 2758 1737 2810 τοῦ

174 2847 366 2915 ῥητοῦ,
405 2849 626 2918 πότερον
666 2850 695 2900 6
735 2849 921 2921 Πατὴρ
953 2851 1046 2902 καὶ
1082 2849 1143 2900 τὸ
1164 2849 1317 2916 ἅγιον
1345 2847 1570 2917 Πνεῦμα
1599 2848 1734 2901 ἀπέ-

173 2936 391 2989 στειλαν
417 2937 527 3008 (29)
554 2938 644 2990 τδν
684 2939 909 3010 Ἰησοῦν,
941 2939 973 3008 ἦ
997 2942 1023 2992 6
1041 2938 1227 3010 Πατὴρ
1257 2939 1534 2992 ἀπέστειλε
1560 2939 1652 2992 τόν
1680 2957 1736 2990 τε

171 3026 412 3095 Χριστὸν
438 3029 531 3080 καὶ
554 3029 614 3080 τὸ
637 3030 788 3096 ἅγιον
813 3030 1056 3099 Πνεῦμα,
1086 3029 1146 3081 τὸ
1175 3029 1425 3099 δεύτερόν
1448 3030 1595 3081 ἐστιν
1625 3029 1736 3098 (25)

171 3117 394 3188 ἀληθές.
418 3119 525 3171 Καὶ
546 3119 667 3172 ἐπεὶ
695 3120 967 3190 ἀπεστάλη
991 3123 1019 3173 ό
1049 3119 1256 3190 Σωτὴρ,
1288 3116 1402 3172 εἶτα
1433 3120 1493 3174 τὸ
1519 3122 1737 3189 Πνεῦμα

171 3207 236 3259 τὸ
260 3208 440 3275 ἅγιον,
481 3209 566 3261 ῐνα
592 3209 849 3280 πληρωθῇ
880 3210 941 3261 τὸ
963 3211 1248 3281 εἰρημένον
1283 3209 1386 3262 ὑπὸ
1415 3209 1506 3261 τοῦ
1529 3211 1711 3279 προφή

171 3316 294 3363 του,
324 3300 492 3370 ἐχρῆν
531 3299 587 3352 δὲ
628 3300 726 3369 τὴν
748 3301 846 3369 τῆς
883 3301 1212 3371 προφητείας
1243 3302 1518 3371 πλήρωσιν
1572 3301 1739 3367 ἐγνῶ-

175 3388 306 3441 σθαι
338 3389 452 3458 (24)
484 3391 708 3453 καὶτοῖς
734 3390 880 3460 ἑξῆς·
923 3392 1011 3444 διὰ
1037 3392 1192 3446 τοῦτο
1219 3394 1529 3461 ἀνέγραψαν
1555 3395 1605 3445 οἰ
1639 3395 1740 3462 Ἰη-

173 3479 269 3530 σοῦ
305 3478 544 3548 μαθηταὶ
575 3481 635 3532 τὸ
655 3481 1037 3550 γεγενημένον.

255 3567 587 3637 Ἐϐουλόμην
625 3568 669 3619 δ’
703 3569 769 3622 ἂν
808 3569 1030 3636 Κέλσῳ,
1081 3572 1623 3639 προσωποποιήσαντι
1651 3572 1739 3622 τὸν

183 3657 441 3709 Ἰουδαῖον
459 3658 889 3728 παραδεξάμενόν
915 3677 1031 3722 πως
1057 3661 1304 3730 Ἰωάννην
1319 3662 1393 3724 ὡς
1410 3663 1738 3732 Βαπτιστὴν,

173 3747 508 3815 βαπτίζοντα
545 3749 636 3801 τὸν
669 3745 892 3819 Ἰησοῦν,
931 3752 1121 3815 εἰπεῖν,
1169 3752 1249 3802 ὅτι
1287 3750 1347 3801 τὸ
1379 3753 1625 3820 Ἰωάννην
1652 3769 1743 3817 γε-

169 3839 391 3902 γονέναι
424 3839 749 3910 Βαπτιστὴν,
792 3842 871 3902 εἰς
895 3840 1084 3908 ἄφεσιν
1112 3843 1518 3912 ἁμαρτημάτων
1546 3843 1738 3911 βαπτί-

169 3929 362 3992 ζοντα,
398 3930 667 4001 άνέγραψέ
699 3949 782 3993 τις
821 3931 928 3984 τῶν
965 3933 1078 4002 μετ’
1106 3934 1166 3984 οὐ
1194 3934 1328 3984 πολὺ
1356 3933 1446 3985 τοῦ
1492 3934 1736 3986 Ἰωάννου

167 4023 268 4072 καὶ
293 4021 392 4072 τοῦ
433 4021 602 4089 Ἰησοῦ
631 4025 1026 4092 γεγενημένων.
1059 4024 1145 4076 Ἐν
1173 4023 1280 4093 γάρ
1310 4024 1388 4093 τῷ
1411 4026 1735 4077 ὀκτωκαιδε-

169 4109 330 4175 κάτῳ
345 4110 445 4177 τῆς
488 4112 783 4179 Ἰουδαϊκῆς
819 4113 1194 4184 ἀρχαιολογίας
1225 4115 1254 4164 6
1293 4113 1548 4182 Ἰώσηπος
1597 4132 1736 4183 μαρ-

164 4200 332 4266 τυρεί
359 4197 437 4265 τῷ
470 4199 706 4268 Ἰωάννῃ,
734 4201 808 4262 ὠς
839 4202 1108 4271 Βαπτιστῇ
1140 4204 1503 4271 γεγενημένῳ,
1534 4204 1627 4254 καὶ
1654 4220 1741 4253 κα-

166 4288 400 4357 θάρσιον
438 4291 546 4351 τοῖς
591 4289 1010 4358 βαπτισαμένοις
1063 4274 1531 4360 ἐπαγγελλομένῳ.
1589 4292 1644 4342 Ὀ
1695 4291 1737 4341 δ’

161 4377 360 4443 αὐτὸς,
394 4378 565 4430 καίτοι
593 4396 654 4444 γε
682 4380 922 4431 ἀπιστῶν
946 4380 1022 4448 τῷ
1059 4380 1229 4449 Ἰησοῦ
1247 4381 1321 4443 ὡς
1350 4380 1568 4451 Χριστῷ
1601 4383 1735 4450 (25),

1837 2019 2166 2087 iudicantes,
2203 2020 2318 2071 hanc
2348 2018 2511 2069 etiam
2551 2033 2577 2069 2
2619 2018 2770 2073 nobis
2797 2016 3025 2070 conﬁcta
3075 2030 3196 2071 esse
3223 2017 3410 2069 existi-

1841 2117 2072 2163 marent.
2106 2107 2286 2160 Testis
2329 2116 2507 2160 tamen
2533 2116 2616 2160 est
2651 2107 2809 2172 Deus,
2839 2107 2924 2159 cui
2972 2123 3171 2159 arcana
3201 2108 3415 2160 consci-

1841 2191 2000 2253 entiae
2043 2207 2242 2251 nostra:
2271 2206 2485 2265 patent,-
2540 2211 2640 2250 nos
2677 2197 2909 2250 divinam
2941 2196 3068 2250 Jesu
3109 2199 3409 2251 doctrinam

1842 2305 1947 2343 non
1991 2288 2143 2342 falsis
2172 2287 2618 2350 narratiunculis,
2651 2288 2742 2339 sed
2782 2287 2943 2340 variis
2983 2288 3158 2354 iisque
3185 2288 3437 2362 evideng

1845 2378 1985 2432 tibus
2016 2377 2352 2446 argumentis
2391 2377 2716 2430 conﬁrmare
2761 2375 2911 2428 velle.
2970 2374 3234 2439 Quoniam
3276 2390 3412 2427 vero

1839 2469 2056 2522 Judtcus
2095 2478 2196 2540 est,
2225 2468 2313 2534 qui
2359 2468 2660 2519 duhitatan
2713 2465 2946 2532 Spiritus
2983 2475 3203 2517 sanctus
3229 2467 3408 2533 specie

1842 2561 2104 2611 tolumbaa
2150 2559 2200 2609 in
2237 2556 2422 2609 Jesum
2454 2556 2814 2619 descenderit,
2848 2556 3192 2622 quazreudum
3224 2556 3290 2607 ab
3317 2556 3409 2607 illo

1841 2662 1943 2712 est,
1979 2652 2231 2718 quisnam
2276 2650 2362 2702 ille
2391 2649 2462 2703 sit
2506 2650 2595 2716 qui
2639 2649 2778 2717 apud
2814 2649 3006 2703 Isaiam
3067 2651 3136 2702 ita
3165 2664 3221 2703 se
3278 2651 3410 2702 dicit

1846 2740 2068 2791 missmn
2113 2756 2141 2791 a
2185 2739 2408 2792 Domino
2429 2731 2558 2806 ,λυι
2612 2739 2920 2808 ambiguum
2973 2741 3043 2794 sit
3091 2739 3321 2794 Paterne
3352 2749 3412 2794 et

1844 2827 2078 2893 Spiritus
2109 2836 2331 2880 sanctus
2379 2819 2625 2922 miserint
2680 2827 2882 2894 Jesum,
2916 2846 2982 2882 an
3011 2829 3169 2884 Pater
3205 2831 3414 2885 miserit

1845 2914 2119 2970 Christum
2149 2925 2202 2969 et
2229 2914 2777 3028 Spiritumsanetutn.
2810 2918 2919 2972 Hoc
2933 2919 3200 2995 posueritis
3223 2934 3410 2972 verum

1845 3016 1917 3028 Α-.
1999 3006 2063 3028 17·
2104 3006 2217 3028 ..ηξΑ
2280 3007 2474 3028 _..2..-.-_
2536 3019 2610 3028 Α-.
2661 3010 2825 3028 ___9,,,_
2880 3010 2910 3028 Π
2958 3010 3127 3028 1-.-.Α..
3221 3009 3299 3028 ,ΩΑ
3362 3011 3404 3028 Ι-

1841 3016 1946 3060 est.
1999 3006 2067 3059 Et
2099 3006 2223 3075 quia
2280 3007 2478 3061 missus
2524 3006 2615 3088 ‘pst
2661 3010 2834 3077 primo
2879 3010 3149 3073 Salvator,
3215 3009 3412 3064 deinde
3465 3033 3470 3039 -

1843 3096 2078 3165 Spiritus
2113 3106 2349 3158 sanctus,
2383 3106 2443 3150 ut
2471 3101 2612 3165 quod
2637 3114 2664 3151 a
2701 3099 2958 3167 propheta
2981 3097 3183 3152 dictum
3232 3099 3410 3154 fuerat

1847 3190 2198 3262 impleretur;
2247 3189 2534 3256 oportebat
2593 3200 2768 3242 autem
2824 3199 2880 3241 ut
2945 3190 3257 3242 vaticinium
3303 3189 3406 3244 hoc

1793 3295 1808 3312 ι
1846 3281 2047 3346 posteri
2076 3279 2352 3347 impletum
2383 3281 2550 3333 fuisse
2592 3291 3014 3345 cognoscerent:
3045 3281 3244 3335 idcirco
3264 3286 3406 3349 quod

1848 3369 2045 3423 lat-tum
2082 3372 2276 3434 l'uerat,
2307 3370 2498 3424 litteris
2524 3370 2847 3422 mandarunt
2879 3369 3006 3424 Jesu
3034 3370 3304 3441 discipul-

1915 3565 2004 3618 47.
2052 3540 2318 3618 Praeterea
2353 3564 2613 3616 monitum
2683 3563 2962 3615 voluerim'
2996 3567 3229 3635 Celsum,
3268 3574 3411 3640 apud

1847 3670 2003 3722 quem
2067 3652 2284 3712 Judzeus
2361 3655 2752 3719 quodammodo
2825 3656 3058 3709 admittit
3145 3658 3327 3714 Jesum
3377 3678 3408 3714 a

1851 3727 2053 3796 Joanne
2086 3742 2323 3809 Baptista
2349 3741 2519 3795 fuisse
2547 3741 2900 3808 baptizatum,
2938 3747 3280 3816 scriptorem,
3315 3739 3408 3819 qui

1851 3848 2036 3888 recens
2062 3833 2127 3886 ab
2145 3841 2301 3886 aetate
2331 3829 2554 3886 Joannis
2582 3840 2636 3884 et
2675 3830 2801 3886 Jesu
2851 3834 2967 3898 fuit,
3004 3835 3225 3894 Joannis
3259 3856 3412 3895 men-

1849 3925 2047 3979 tionem
2075 3923 2269 3977 fecisse
2297 3931 2354 3976 et
2387 3921 2639 3990 baptismi
2674 3923 2743 3974 ab
2763 3925 2950 3978 eodem
2970 3928 3020 3979 in
3042 3929 3408 3986 remissionem

1845 4028 2189 4087 peccatorum
2251 4010 2449 4068 collati.
2501 4014 2634 4069 Nam
2681 4016 2968 4086 Josephus,
3020 4021 3157 4075 libro
3199 4023 3409 4078 decimo

1843 4117 2033 4160 octavo
2071 4105 2475 4173 Antiquitatum,
2511 4107 3015 4163 testaturJoannem
3047 4111 3210 4167 fuisse
3238 4115 3412 4182 bapti-

1847 4206 2009 4258 stam,
2029 4195 2229 4262 quique
2265 4193 2350 4256 iis,
2374 4196 2464 4261 qui
2489 4196 2815 4263 baptismum
2849 4201 3169 4268 reciperent,
3196 4205 3412 4270 pollice-

1847 4289 2007 4339 batur
2069 4285 2181 4338 lore
2217 4295 2274 4337 ut
2322 4299 2507 4338 eorum
2563 4298 2785 4352 peccata
2847 4287 3202 4346 diluerentur.
3240 4293 3407 4360 Idem,

1846 4377 2091 4446 quamvis
2115 4376 2301 4431 Jesum
2348 4389 2444 4444 pro
2490 4374 2711 4430 Christo
2757 4392 2861 4430 non
2897 4393 3234 4448 agnosceret,
3275 4387 3404 4441 dum

238 4511 360 4583 (18)
413 4511 750 4583 Ῐεξάγουσι.
779 4510 853 4583 lt_a
879 4512 1036 4564 codd.
1071 4511 1274 4583 Regius
1299 4521 1353 4583 et
1381 4511 1728 4583 Basileensis.
1769 4518 1808 4568 D
1840 4511 1982 4583 Idem
2001 4509 2439 4583 habetOrigenes
2461 4510 2512 4562 in
2536 4527 2653 4580 cap.
2679 4529 2778 4583 xm
2813 4511 3028 4583 Matth..
3061 4522 3221 4582 atque
3237 4530 3302 4569 ex
3322 4517 3406 4572 his

164 4579 522 4638 Haasehelius
558 4596 687 4634 vero
715 4590 768 4632 et
801 4579 1126 4646 Spencerus,
1160 4580 1496 4646 ὲξεπᾴδουσι,
1539 4581 1730 4646 sicque

162 4633 374 4717 Etiam
401 4665 556 4711 mss.,
582 4649 738 4700 modo
767 4633 1006 4717 excipias
1030 4633 1264 4717 veterem
1284 4633 1612 4717 Vaticanum
1642 4633 1730 4714 qui

161 4721 231 4844 it:l
267 4715 525 4839 margige
562 4717 740 4779 habet,
771 4715 1142 4783 κατεξάγουσι.
1196 4715 1330 4769 Vide
1373 4729 1528 4768 notas
1572 4731 1732 4783 supra

161 4806 192 4844 ιι
264 4803 424 4840 num.
495 4822 510 4837 .

264 4803 424 4840 llUlﬂ.
453 4803 510 4839 Ζ.

157 4806 231 4845 αα
264 4806 424 4840 1111111.
453 4806 510 4839 Σο

233 4858 369 4928 (19)-
405 4852 688 4928 ’Ὑπειρμῆ
719 4850 900 4928 ’όν-ἀρ.
951 4850 1154 4928 Confer
1208 4867 1330 4928 qua:
1386 4855 1451 4906 de
1499 4853 1734 4928 Basilith

156 4921 401 4994 scripsit
433 4921 811 4994 Eusebiuslib.
846 4936 1062 4994 vt,cap.
1099 4922 1152 4994 5,
1187 4923 1403 4994 ληὶδιον.
1437 4923 1564 4973 eccl.
1604 4922 1731 4974 Vide

155 4990 339 5052 etiain
362 4994 637 5064 Cypriani
684 4990 1378 5064 epi_stol._1_0,’adelerum,
1410 5000 1541 5051 etc.;
1569 4995 1729 5064 epist.

155 5069 214 5131 8,
235 5065 337 5131 34,
357 5060 447 5127 54,
463 5060 518 5116 et
539 5062 696 5129 epist.
719 5061 888 5131 69,,ad
908 5060 1232 5131 Florentium
1251 5060 1546 5131 Pupianum
1569 5077 1583 5123 ;
1604 5061 1734 5111 Ter-

159 5129 329 5196 ηομ,
371 5134 445 5184 De
489 5129 823 5193 spectaculis,
864 5143 984 5195 cap.
1027 5130 1127 5193 26;
1181 5131 1252 5182 De
1298 5130 1560 5190 idololat.,
1610 5145 1731 5195 cap.

156 5206 270 5267 25;
333 5201 410 5255 De
455 5200 738 5268 virginibus
781 5197 1044 5260 vetandis,
1099 5213 1220 5265 cap.
1263 5197 1367 5261 27;
1413 5197 1490 5249 De
1535 5199 1735 5258 anima,

154 5287 284 5339 cap.
309 5271 373 5323 9.

229 5333 656 5412 (ἳολΛεῃτέον
696 5336 774 5390 ἂν
814 5337 930 5402 εἴη.
967 5337 1023 5389 In
1071 5335 1229 5390 codd.
1283 5334 1418 5401 Reg.
1466 5341 1519 5386 et
1571 5333 1735 5386 Basil.

152 5407 322 5466 deest
357 5407 426 5459 ἂν
447 5407 552 5477 εἴη.

233 5479 358 5550 (21)
401 5472 738 5550 ξιφέεῂειίιις
773 5475 824 5550 in
853 5483 997 5550 textu
1026 5472 1451 5550 ἀπέσταλκε-ἔμε.

399 5545 542 5599 Idem
577 5546 906 5620 inmargin‘e,
939 5541 1278 5620 ἀπέστειλαν.
1320 5543 1519 5595 Omnes
1553 5549 1733 5595 tamen

153 5613 342 5674 nostri
377 5615 724 5679 manuscripti
756 5613 1066 5666 ἀπέστειλε.

229 5687 355 5762 (2.5)
401 5685 622 5762 ξβσζίν.
657 5683 900 5762 Deestjn
928 5684 1096 5762 Regio.
1119 5689 1172 5734 et
1200 5679 1511 5762 Basileensi.

251 5750 355 5822 ’24)
399 5755 596 5822 Regius
623 5759 677 5804 et
703 5751 1045 5822 Basileepsis,
1065 5750 1425 5822 6vsyvéisfnt.

252 5761 330 5813 ’24
399 5761 596 5822 Regius
623 5761 677 5804 et
703 5761 1045 5812 liasileensns,
1075 5761 1425 5815 ἀνεγνωσθαι.

399 5825 679 5890 Καίτοιγε
714 5809 984 5885 ἀπιστῶν
1015 5820 1096 5884 τῷ
1149 5818 1340 5887 Ἰησοῦ
1364 5819 1442 5884 ὡς
1479 5818 1728 5887 Χριστῷ.

492 5923 756 5978 Ρηιιοῐ..
801 5915 915 5977 Gtt.
965 5915 1068 5975 ΧΙ.

1842 4581 2196 4634 duobusloeis
2222 4581 2484 4646 colligunt
2506 4582 2746 4633 nonnulli
2773 4582 2945 4634 critici
2968 4581 3234 4635 celebrem
3261 4587 3407 4638 illum

1842 4649 2060 4721 Josephi
2129 4651 2193 4701 de
2226 4647 2350 4721 Jnesu
2381 4648 2613 4711 Christo]
2641 4649 2816 4702 iocum
2865 4651 2953 4721 lib.
3020 4665 3150 4721 xvtu
3205 4653 3409 4721 Antiq.,

1845 4732 1962 4781 cap.
1996 4719 2050 4780 4,
2083 4732 2206 4783 pag.
2235 4716 2365 4776 62H,
2395 4730 2458 4764 ea
2493 4725 2650 4769 aetate
2695 4729 2787 4769 aut
2817 4720 3053 4769 nondum
3088 4718 3138 4770 in
3185 4716 3404 4786 Juscphi

1846 4786 1996 4837 libris
2040 4787 2335 4843 exs;itisse,
2388 4795 2482 4836 aut
2520 4788 2564 4836 si
2608 4787 2898 4844 exstiterit.
2952 4802 3048 4850 pro
3097 4790 3404 4842 adulterino

1848 4855 2086 4906 habitum
2145 4852 2343 4915 fuisse;
2398 4868 2570 4920 neque
2622 4854 2788 4911 enim.
2825 4856 3094 4920 inquiunt,
3129 4856 3172 4906 si
3207 4866 3300 4910 aut
3346 4873 3407 4910 ea

1839 4932 1998 4975 actate
2017 4923 2419 4990 esstitissetztttt
2440 4938 2534 4988 pro
2552 4922 2794 4990 legitimo
2815 4923 3034 4990 habitus
3058 4923 3244 4977 fuisset
3262 4927 3411 4980 locus

1842 4992 1894 5040 in
1922 5006 2028 5062 quo
2055 4989 2210 5062 Jesus
2227 5005 2323 5055 pro
2340 4989 2557 5062 Christo
2580 4989 2909 5062 agnoscitur,
2931 4989 3194 5062 Origenes
3211 5009 3376 5062 negas
3398 5029 3406 5036 -

1841 5058 2113 5110 setJesum
2134 5074 2161 5109 a
2179 5056 2412 5124 Joscpho
2429 5070 2484 5110 ιιι
2503 5056 2744 5110 Messiam
2763 5060 2996 5125 agnitum
3019 5056 3410 5117 lttisse.0b'ser-

1841 5138 1970 5179 vant
2005 5128 2230 5195 insuper
2264 5128 2541 5179 silentium
2573 5137 2812 5178 veterum
2846 5131 3123 5193 omnimn,
3158 5135 3246 5194 qui
3279 5144 3406 5186 ante

1846 5196 2131 5248 Eusebium
2180 5197 2362 5247 vixere
2406 5205 2460 5247 et
2505 5212 2566 5247 ex
2615 5196 2857 5261 professo
2888 5198 3147 5251 adversus
3189 5199 3403 5255 Judreos

1845 5267 2203 5330 scripserunt.
2230 5265 2380 5316 Licet
2433 5267 2572 5316 enim
2615 5263 2826 5328 Josephi
2876 5264 3042 5319 libros
3078 5283 3405 5333 memorent,

1847 5337 1948 5386 hoc
1975 5345 2151 5387 tamen
2181 5337 2245 5406 de
2269 5333 2394 5385 Jesu
2421 5333 2784 5406 testimonium
2816 5349 3092 5400 nunquam
3123 5349 3404 5406 usurpant,

1846 5419 1950 5472 non
1982 5404 2264 5462 omissuri,
2296 5404 2618 5472 utvidetur,
2669 5402 2712 5452 si
2753 5411 2893 5472 tunc
2952 5405 3211 5472 temporis
3253 5402 3405 5460 inter

1840 5470 2011 5537 ipsius
2036 5487 2198 5540 Opera
2231 5470 2550 5524 exstitisset.
2581 5471 2786 5536 Reponi
2817 5480 2988 5536 potest
3015 5470 3078 5525 in
3101 5476 3251 5528 Actis
3274 5491 3404 5527 sau-

1839 5542 1911 5592 cti
1959 5540 2147 5593 Donati
2197 5541 2572 5592 Tlnnuitarum
2628 5540 2864 5607 episcopi
2917 5543 3002 5594 die
3040 5558 3148 5596 xm
3204 5543 3325 5597 Maii
3371 5560 3398 5595 a

1839 5610 2307 5681 continuatot'ihus
2352 5607 2589 5659 Bollattdi
2622 5608 2825 5681 relatis,
2861 5609 2961 5676 legi
3013 5611 3154 5665 hunc
3182 5611 3402 5681 Josepbi

1839 5680 2034 5730 locum.
2070 5681 2175 5730 Sed
2203 5695 2304 5730 non
2341 5685 2553 5728 constat
2589 5677 2848 5743 ejusmodi
2893 5682 3150 5733 Actorum
3181 5677 3404 5733 sinceri-

1842 5761 1943 5800 tas.
2017 5747 2144 5798 Utut
2187 5759 2289 5809 est,
2337 5745 2570 5798 Joannes
2603 5747 2798 5799 Malala
2833 5750 2882 5800 iu
2911 5766 3005 5802 sua
3025 5748 3395 5813 Chronologia,

1841 5833 1962 5885 pag.
1994 5816 2116 5880 διν,
2156 5817 2380 5887 Joscphi
2428 5816 2789 5868 testimonium
2837 5821 2915 5872 sic
2962 5820 3124 5870 refert
3157 5835 3169 5867 :
3203 5816 3397 5879 Καθὼς

2979 5911 3054 5968 2h
