4126 6314
201 429 309 485 789

1375 430 1648 492 (ΖΟΧἸἪΑ
1682 432 1955 489 CELSUM
1992 432 2119 489 LIB.
2149 433 2192 488 l.

3294 432 3394 485 750

196 542 478 614 γεγονέναι
506 546 599 600 ἐπὶ
625 547 733 601 τῶν
766 549 1077 621 προφητῶν,
1103 549 1190 603 ὅτε
1210 549 1620 621 ἀναγέγραπται
1652 550 1739 601 ἐω-

1853 546 2037 615 Neque
2072 549 2217 602 enim
2265 548 2502 601 arbitror
2531 562 2748 601 necesse
2776 562 2895 602 esse
2942 557 3189 616 apertum
3234 547 3398 603 luerit

202 639 429 709 ρακέναι
458 638 581 693 τινὰ
603 640 801 704 αὐτοὺς
828 641 1245 712 παραδοξότερα,
1283 636 1315 711 ἢ
1343 640 1633 710 ἀκηκοέναι
1664 641 1751 692 λό-

200 744 333 796 γους
361 729 585 800 Κυρίου,
618 730 651 801 ἢ
671 730 1065 801 τεθεωρηκέναι
1084 733 1340 802 οὐρανοὺς
1358 732 1747 801 ἀνοιγομένους.

211 816 356 883 Ἐγὼ
396 817 503 889 γὰρ
542 820 659 889 οὐχ
690 821 1052 892 ὑπολαμϐάνω
1100 822 1192 875 τὸν
1234 822 1487 892 αἰσθητὸν
1530 822 1752 893 οὐρανὸν

197 907 487 978 ἀνεῷχθαι,
509 910 673 965 καὶτὸ
695 911 852 981 σῶμα
871 912 1033 965 αὑτοῦ
1052 913 1427 983 ἀνοιγνύμενον
1444 913 1748 984 διῃρῆσθαι,

198 998 292 1052 ἵνα
316 999 603 1071 ἀναγρὼψῃ
633 1001 692 1054 τὸ
718 1002 953 1056 τοιοῦτον
994 1003 1265 1074 Ἰεζεκιήλ.
1295 1004 1503 1074 Μήποτ’
1536 999 1627 1055 οὖν
1660 1007 1752 1058 καὶ

194 1088 292 1141 ἐπὶ
312 1089 404 1142 τοῦ
430 1091 678 1161 Σωτῆρος
700 1092 791 1145 τὸν
819 1092 1089 1162 φρονίμως
1112 1092 1374 1148 ἀκούοντα
1393 1092 1498 1144 τῶν
1515 1093 1751 1160 Εὑαγγε-

193 1178 326 1233 λίων
353 1180 414 1233 τὸ
438 1181 618 1250 ὅμοιον
649 1183 943 1249 ἐκδεκτέονς
974 1182 1073 1236 κᾶν
1098 1184 1409 1255 προσκόπτῃ
1434 1182 1493 1235 τὸ
1517 1183 1749 1235 τοιοῦτον

190 1276 309 1336 τοῖς
350 1274 749 1346 ἁπλουστέροις,
785 1278 833 1329 οἳ
878 1278 963 1330 διὰ
1004 1277 1198 1347 πολλὴν
1232 1278 1503 1346 ἁπλότητα
1544 1277 1749 1330 κινοῦσι

192 1364 290 1417 τὸν
318 1366 538 1435 κόσμον,
571 1368 842 1436 σχίζοντες
862 1369 923 1420 τὸ
951 1368 1258 1438 τηλικοῦτον
1285 1368 1439 1438 σῶμα
1480 1370 1750 1438 ἡνωμένον

191 1453 293 1507 τοῦ
345 1456 541 1519 παντὸς
586 1458 834 1529 ούρανοῦ.
887 1460 943 1511 '0
981 1459 1038 1510 δέ
1086 1458 1373 1528 βαθύτερον
1411 1460 1471 1511 τὸ
1520 1460 1749 1511 τοιοῦτον

192 1544 463 1608 ἐξετάζων
502 1549 645 1619 ἐρεῖ,
698 1550 777 1601 ὃτι
825 1547 1025 1617 οὔσης,
1057 1549 1130 1612 ὡς
1168 1552 1201 1618 ὴ
1248 1550 1434 1619 Γραφὴ
1482 1550 1746 1618 ὠνόμασε,

193 1634 347 1698 θείας
376 1637 516 1700 τινὸς
541 1640 757 1705 γενικῆς
780 1639 1098 1706 αἰσθήσεως,
1132 1640 1197 1709 ἢν
1232 1640 1384 1709 μόνος
1424 1643 1451 1692 ό
1487 1641 1749 1710 μακάριος

192 1726 440 1796 εὑρίσκει
470 1728 568 1797 ῆδη
616 1729 745 1797 (50),
781 1728 919 1781 κατὰ
950 1728 1009 1781 τὸ
1040 1722 1321 1799 λεγόμενον
1361 1732 1450 1782 καὶ
1482 1730 1629 1801 παρά
1672 1730 1750 1800 τῷ

192 1814 516 1884 Σολομῶντι,
545 1818 624 1870 ὅτι
652 1836 672 1868 ι
713 1817 969 1886 Αίσθησιν
997 1819 1143 1871 θείαν
1169 1821 1435 1891 εὑρήσεις·
1473 1842 1491 1872 ι
1524 1823 1614 1874 καὶ
1658 1822 1746 1874 ὀν-

189 1922 302 1957 των
332 1906 484 1959 είδῶν
505 1908 704 1975 ταύτης
722 1908 822 1976 τῆς
846 1908 1164 1979 αἰσθήσεως,
1188 1913 1426 1981 ὁράσεως
1446 1913 1746 1980 πεφυκυίας

194 1995 412 2064 βλέπειν
438 1997 504 2049 τά
535 1999 811 2067 κρείττονα
845 2000 1105 2068 σωμάτων
1133 2001 1447 2072 πράγματα,
1476 2006 1531 2055 ἐν
1553 2000 1632 2066 οἷς
1658 2004 1749 2075 δη-

190 2085 382 2139 λοῦται
405 2087 473 2139 τά
496 2088 809 2160 χερουϐὶμῆ
842 2091 910 2144 τὰ
939 2094 1190 2163 σεραφίμ·
1224 2095 1316 2147 καὶ
1345 2094 1509 2163 ἀκοῆς
1536 2095 1747 2165 ἀντιλη-

190 2177 392 2247 πτικῆς
423 2178 534 2249 (51)
561 2183 750 2248 φωνῶν
789 2182 909 2252 οὐχὶ
940 2185 997 2235 ἐν
1020 2185 1139 2253 ἀέρι
1162 2184 1260 2255 τὴν
1280 2184 1461 2237 ούσίαν
1490 2187 1741 2254 ἐχουσῶν·

190 2268 286 2319 καὶ
312 2266 549 2335 γεύσεως
580 2274 864 2342 χρωμένης
890 2274 1037 2344 ἄρτῳ
1066 2273 1245 2339 ζῶντι,
1282 2275 1372 2327 καὶ
1422 2275 1480 2338 ἐξ
1518 2276 1744 2351 ούρανοῦ

186 2357 583 2429 καταϐεϐηκότι
602 2400 615 2423 ,
645 2365 735 2415 καὶ
762 2364 902 2435 ζωὴν
930 2365 1119 2423 διδόντι
1150 2366 1225 2434 τῷ
1249 2367 1451 2435 κόσμῳ⁸
1498 2367 1666 2431 οὕτως
1691 2369 1746 2422 δὲ

186 2447 283 2498 καὶΙ
305 2448 620 2518 ὀσφρήσεως
647 2450 1067 2522 ὃσφραινομένης
1087 2454 1323 2516 τοιῶνδε,
1355 2455 1485 2507 καθὸ
1512 2457 1745 2527 Χριστοῦ

183 2537 386 2590 εὐωδία
423 2540 566 2607 λέγει
597 2538 733 2595 εἶναι
753 2543 829 2613 τῷ
862 2544 978 2613 Θεῷ
1010 2544 1235 2607 Παῦλος
1272 2546 1365 2597 καὶ
1402 2546 1543 2615 ἁφῆς
1567 2586 1581 2607 ,
1624 2538 1743 2599 καθ’

182 2625 255 2693 ῆν
299 2626 548 2697 Ἰωάννης
569 2632 699 2698 φησι
722 2634 839 2691 ταῖς
869 2634 1049 2700 χερσὶν
1076 2632 1474 2699 ἐψηλαφηκέναι
1504 2630 1743 2699 περὶτοῦ

183 2712 362 2780 Λόγου
385 2715 483 2784 τῆς
506 2715 668 2785 ζωῆς·
699 2720 748 2768 oi
780 2718 1033 2787 μακάριοι
1052 2714 1341 2787 προφῆται,
1368 2720 1464 2785 τὴν
1495 2718 1643 2770 θείαν
1661 2718 1743 2769 αἷ-

186 2799 381 2868 σθησιν
408 2803 673 2872 εὑρόντες,
709 2805 803 2857 καὶ
835 2804 1115 2873 βλέποντες
1133 2802 1307 2867 θείως,
1334 2806 1427 2856 καὶ
1458 2805 1742 2867 ἀκούοντες

181 2890 367 2954 θείως,
400 2893 493 2943 καὶ
520 2893 796 2962 γευόμενοι
829 2895 1043 2964 ὁμοίως,
1080 2896 1171 2947 καὶ
1200 2895 1608 2964 ὀσφραινόμενοι
1654 2896 1740 2963 (ἶν’

179 2980 360 3043 οὕτως
390 2982 659 3052 ὀνομάσω)
701 2982 944 3053 αἰσθήσει
971 2984 1068 3035 οὐκ
1109 2983 1355 3053 αἰσθητῇ,
1386 2985 1479 3037 καὶ
1509 2985 1741 3055 ἀπτόμε-

181 3088 264 3123 νοι
293 3070 389 3123 τοῦ
419 3073 592 3139 Λόγου
628 3073 762 3143 μετὰ
803 3074 1051 3136 πίστεως,
1085 3073 1210 3126 ὥστ’
1256 3076 1528 3145 ἀπορροὴν
1577 3074 1740 3128 αὑτοῦ

181 3164 267 3224 εἰς
305 3160 497 3226 αὐτοὺς
529 3166 681 3234 ἥκειν
719 3165 1115 3235 θεραπεύουσαν
1150 3166 1260 3235 (3‘2)
1296 3166 1522 3227 αὐτοὺς,
1570 3166 1739 3229 οὕτως

178 3251 372 3321 ἐώρων
402 3252 848 3324 άάναγράφουσιν
873 3257 1191 3324 ἑωρακέναι,
1224 3256 1315 3307 καὶ
1347 3256 1538 3324 ἤκουον
1590 3256 1626 3308 ἃ
1651 3257 1739 3308 λέ‹

178 3358 371 3411 γουσιν
408 3344 716 3413 ἀκηκοέναι,
744 3346 836 3397 καὶ
872 3347 940 3397 τὰ
968 3346 1320 3415 παραπλήσια
1352 3345 1585 3413 ἔπασχον
1605 3386 1619 3408 ,
1666 3348 1740 3409 ὼς

176 3432 506 3500 ἀνέγραφον,
540 3432 798 3499 κεφαλίδα
849 3432 1111 3494 ἐσθίοντες
1140 3432 1415 3501 διδομένην
1449 3434 1628 3494 αὐτοῖς
1663 3434 1740 3501 βι-

176 3521 353 3573 ϐλίου.
386 3519 541 3573 (δύτω
567 3521 623 3573 δέ
656 3522 749 3573 καὶ
794 3520 975 3573 Ἰσαὰκ
996 3521 1287 3591 ὠσφράνθη
1310 3522 1406 3590 τῆς
1436 3523 1612 3590 ὀσμῆς
1632 3522 1738 3574 τῶν

172 3610 275 3663 τοῦ
298 3610 413 3663 υίοῦ
440 3610 721 3683 θειοτέρων
755 3612 1000 3681 ἱματίων,
1032 3612 1122 3664 καὶ
1150 3612 1341 3663 ἐπεῖπε
1398 3615 1734 3681 πνευματικῇ

173 3701 403 3771 εὐλογίᾳ
438 3702 518 3765 τὺ,
564 3720 583 3753 ι
636 3701 765 3755 Ἰδοὺ
808 3703 951 3772 ὀσμὴ
999 3702 1092 3755 τοῦ
1138 3701 1250 3754 υίοῦ
1296 3718 1431 3771 μοι,
1472 3702 1545 3764 ὡς
1594 3703 1734 3774 ὀσμὴ

172 3788 352 3858 ἀγροῦ
382 3790 634 3862 πλήρους,
663 3790 722 3843 ὃν
748 3789 1029 3861 εὐλόγησεν
1056 3791 1085 3842 ό
1114 3789 1332 3860 Κύριος.
1377 3808 1395 3840 ι
1444 3789 1735 3859 Παραπλη-

174 3881 311 3944 σίως
348 3882 406 3934 δὲ
442 3882 681 3946 τούτοις,
732 3882 823 3935 καὶ
866 3881 1067 3948 νοητῶς
1120 3882 1317 3952 μᾶλλον
1354 3880 1386 3951 ἢ
1434 3880 1731 3951 αἰσθητῶς,

186 3972 396 4040 Ἰησοῦς
431 3973 605 4042 ἥψατο
635 3972 727 4024 τοῦ
760 3973 957 4043 λεπροῦ
977 4012 992 4035 ,
1034 3972 1099 4025 ἶν’
1144 3973 1304 4025 αὐτὸν
1339 3972 1609 4043 καθαρίσῃ
1640 3972 1735 4040 (ὡς

170 4060 289 4127 ἐγὼ
309 4057 481 4130 οἶμαι)
508 4060 689 4131 διχῶς,
720 4061 1072 4115 ἀπαλλάττων
1087 4061 1259 4114 ιαύτὸν
1278 4063 1339 4114 οὐ
1366 4062 1542 4130 μόνον,
1580 4061 1654 4122 ὡς
1685 4061 1733 4111 oi

170 4152 361 4206 πολλοὶ
378 4154 648 4218 ἀκούουσι,
679 4156 882 4226 λέπρας
909 4155 1169 4226 αἰσθητῆς
1186 4156 1252 4209 δι’
1279 4156 1538 4226 αἰσθητῆς
1569 4156 1729 4226 ἁφῆς,

167 4242 312 4297 ἀλλά
343 4244 439 4296 καὶ
467 4244 566 4312 τῆς
592 4226 755 4314 ἄλλης
782 4245 867 4298 διὰ
893 4246 994 4313 τῆς
1028 4245 1105 4307 ὡς
1142 4244 1352 4314 άληθῶς
1383 4245 1532 4308 θείας
1567 4246 1730 4298 αὑτοῦ

166 4334 339 4402 ἁφῆς.
369 4332 552 4395 Οὕτως
578 4329 670 4385 οὖν
700 4334 1073 4404 ἐμαρτύρησεν
1110 4335 1377 4403 Ἰωάννης,
1412 4336 1581 4402 λέγων
1604 4374 1619 4397 ,
1650 4336 1729 4387 ὅτι

172 4445 192 4475 ι
232 4423 508 4492 Τεθέαμαι
532 4423 592 4475 τὸ
621 4424 838 4492 Πνεῦμα
863 4425 1183 4477 καταϐαῖνον
1212 4424 1289 4484 ὡς
1319 4424 1642 4493 περιστερὰν
1669 4424 1729 4487 ἐξ

163 4512 423 4582 ούρανοῦ,
455 4514 548 4564 καὶ
576 4512 783 4582 ἔμεινεν
815 4512 899 4565 ἐπ’
926 4513 1103 4563 αὐτόν.
1138 4511 1307 4576 Κάγὼ
1329 4512 1427 4563 οὐκ
1456 4511 1600 4577 ⁴ᾔδειν
1632 4512 1728 4562 αύ-

1847 4506 1917 4559 tic
1946 4518 2029 4559 est
2064 4507 2227 4558 Filius
2256 4507 2345 4558 Dei

161 4602 279 4654 τόν
313 4601 427 4654 ἀλλ’
458 4605 487 4654 ό
528 4602 745 4671 πέμψας
778 4619 843 4671 με
890 4600 1163 4669 βαπτίζειν
1197 4600 1303 4667 (35)
1350 4600 1407 4651 ἐν
1437 4598 1512 4667 τῷ
1553 4598 1721 4665 ὕδατι,

162 4691 380 4752 ἐκεῖνός
418 4707 506 4760 μοι
529 4685 698 4743 εἶπεν
742 4691 854 4759 Ἐφ’
882 4688 939 4743 ὃν
968 4688 1030 4742 ἂι·
1068 4688 1181 4758 ἴδῃς
1207 4688 1269 4738 τὸ
1307 4686 1527 4755 Πνεῦμα
1561 4704 1725 4740 κατα-

160 4781 375 4841 ϐαῖνον,
394 4781 493 4833 καὶ
520 4778 676 4849 μένον
698 4780 781 4831 ἐπ’
818 4778 996 4841 αὑτὸν,
1031 4772 1181 4839 οὗτός
1214 4779 1357 4828 ἐστιν
1381 4777 1408 4828 ό
1453 4775 1723 4843 βαπτίζων

157 4875 220 4924 ἐν
248 4860 523 4940 Πνεύματι
550 4870 706 4940 ἀγίῳ.
734 4870 902 4938 Κάγὼ
928 4868 1165 4941 ἑώρακα,
1194 4867 1285 4919 καὶ
1308 4866 1720 4937 μεμαρτύρηκα,

1850 638 2104 693 sensibile
2128 639 2229 693 hoc
2251 637 2447 692 cmlum
2482 646 2575 691 aut
2598 638 2717 707 ejus
2745 653 2939 707 corpus
2969 640 3178 701 lissam,
3203 650 3264 694 ut
3286 642 3399 695 hac

1851 726 2092 781 Ezechiel
2122 726 2360 781 scribere
2386 726 2643 794 potuerit.
2678 725 2810 782 Vide
2841 742 2970 795 ergo
3009 744 3074 782 ne
3121 728 3263 783 forte
3296 728 3400 784 hoc

1848 817 2008 871 etiam
2041 817 2220 881 modo,
2250 817 2389 886 quod
2412 816 2475 870 de
2499 815 2779 872 Salvatore
2808 830 3079 882 narratur,
3106 819 3401 890 intelligere

1850 905 2099 970 debeant,
2132 907 2220 974 qui
2252 906 2545 974 prudenter
2572 906 2919 975 Evangelium
2950 909 3131 977 legunt
3160 927 3175 963 :
3210 926 3400 980 quam-

1848 996 1932 1050 vis
1963 996 2016 1049 id
2039 996 2295 1050 seandalo
2324 1011 2446 1049 esse
2478 995 2646 1063 possit
2694 997 3129 1064 simplicioribus,
3174 1001 3264 1069 qui
3303 1016 3399 1069 pro

1850 1100 1911 1139 ea
1935 1100 2039 1154 qua
2067 1096 2195 1141 sunt
2236 1084 2624 1155 simplicitate,
2670 1090 2924 1142 mundum
2957 1090 3116 1143 istum
3160 1105 3400 1145 commo-

1852 1187 1995 1240 vent,
2037 1178 2305 1246 totiusque
2351 1180 2471 1232 ειηΙί
2505 1195 2700 1249 corpus
2744 1191 3077 1248 compactum
3123 1168 3397 1239 scindunt.

1851 1266 1954 1321 Sed
1980 1269 2069 1336 qui
2101 1268 2262 1323 altius
2290 1270 2405 1323 hzee
2432 1270 2593 1342 364
2625 1270 2925 1336 rimabitur,
2958 1272 3003 1325 is
3032 1274 3174 1347 dicet
3208 1288 3400 1342 quem-

1850 1360 1971 1411 dam
2000 1374 2067 1413 ex
2097 1359 2379 1428 Scriptura
2402 1362 2709 1428 generalem
2740 1358 3102 1419 essesensum
3132 1364 3397 1431 divinum,

1848 1460 2007 1514 quem
2042 1447 2190 1500 solus
2216 1448 2404 1501 beatus
2438 1448 2678 1503 invenire
2720 1452 2870 1505 novit
2894 1491 2909 1514 ,
2955 1454 3095 1506 sicut
3143 1455 3399 1509 Salomon

1849 1536 1924 1589 ait
1953 1558 1964 1591 :
1998 1554 2016 1586 ι
2048 1535 2274 1590 Sensum
2306 1538 2541 1591 divinttm
2570 1539 2806 1592 invenies
2827 1541 2881 1605 ‘;‘
2901 1560 2922 1591 ι
2949 1555 3181 1609 cumque
3208 1558 3398 1597 sensus

1850 1626 2008 1693 hujus
2037 1628 2242 1696 species
2268 1628 2410 1692 sint,
2460 1630 2607 1683 visus
2642 1643 2797 1697 aptus
2840 1629 2906 1682 ad
2959 1634 3399 1701 contemplandas

1850 1733 1945 1772 res
1963 1719 2281 1786 corporibus
2312 1721 2732 1787 praastantiores,
2772 1728 2831 1773 ut
2856 1722 3134 1775 cherubim
3169 1732 3220 1777 et
3248 1738 3399 1777 sera-

1849 1809 2017 1876 phim;
2046 1810 2261 1863 auditus
2284 1811 2373 1880 qui
2396 1825 2555 1864 voces
2586 1811 2766 1880 capiat
2812 1810 2945 1867 alias
2986 1813 3053 1866 ab
3084 1813 3151 1867 iis
3193 1829 3314 1882 qua:
3345 1816 3399 1869 in

1848 1914 1973 1953 aere
2000 1898 2317 1964 formantur;
2342 1910 2548 1969 gustus,
2582 1902 2663 1955 cui
2690 1902 2842 1970 panis
2880 1894 3033 1957 vivus
3062 1913 3116 1957 et
3163 1904 3229 1959 de
3262 1905 3399 1960 caelo

1829 1990 2099 2063 [delapsus
2127 1989 2395 2057 vitamque
2427 1984 2624 2045 mundo
2652 1992 2940 2047 conferens
2964 1994 3138 2063 sapiat
3167 1995 3207 2060 ';
3256 1996 3399 2050 olfa-

1849 2086 1987 2137 ctus,
2016 2078 2106 2147 qui
2151 2079 2266 2132 haec
2296 2078 2377 2132 vel
2411 2077 2497 2132 illa
2542 2079 2797 2141 odoretnr
2844 2098 2912 2135 ex
2954 2084 3152 2150 quibus
3192 2085 3397 2141 Christi

1847 2168 2044 2221 bonum
2071 2168 2292 2222 odorem
2338 2168 2447 2223 Deo
2480 2167 2672 2224 Paulus
2701 2185 2759 2224 se
2789 2185 2907 2225 esse
2937 2172 3068 2227 dicit
3103 2174 3161 2238 ';
3216 2184 3394 2230 tactus
3428 2184 3429 2187 ‘

1848 2260 2096 2328 denique,
2128 2259 2337 2327 qualem
2368 2259 2826 2324 habuitJoannes,
2849 2263 2937 2329 qui
2965 2264 3041 2316 ait
3067 2278 3125 2317 se
3151 2265 3397 2321 manibus

1828 2347 2074 2401 “Verbum
2110 2349 2230 2401 vita:
2255 2357 2620 2402 contrectasse
2646 2348 2687 2413 ⁸;
2724 2348 2909 2403 beatos
2937 2351 3241 2419 prophetas,
3272 2368 3394 2408 Cltlll

1846 2438 2081 2491 divinum
2120 2438 2265 2491 illum
2292 2454 2509 2494 sensum
2539 2440 2766 2494 assecuti
2799 2451 3016 2505 essent,
3061 2454 3221 2509 atque
3260 2446 3397 2500 adeo

1845 2527 2023 2581 divine
2050 2530 2317 2594 viderent,
2345 2530 2523 2585 divine
2552 2531 2793 2584 audirent
2815 2571 2833 2597 ,
2871 2532 3051 2586 divine
3091 2544 3391 2603 gustarent,

1841 2629 1895 2669 et
1922 2618 2213 2673 olfacerem
2246 2635 2432 2685 sensu,
2464 2630 2523 2674 ut
2561 2622 2631 2674 ita
2666 2620 2876 2689 loquar,
2923 2636 3111 2677 sensus
3143 2619 3392 2693 experte,

1840 2714 1894 2759 et
1916 2705 2017 2760 fide
2044 2707 2275 2761 Verbum
2308 2710 2377 2762 ita
2410 2714 2711 2781 tangerent,
2740 2721 2796 2764 ut
2825 2712 2941 2779 ejus
2967 2712 3254 2767 deliuvium
3280 2730 3394 2769 ma-

1843 2808 1997 2849 naret
2028 2798 2079 2851 in
2108 2798 2252 2866 ipsos
2278 2801 2562 2873 sanitatem
2593 2801 2900 2868 conferens,
2941 2803 3138 2858 vidisse
3183 2819 3302 2873 qua:
3334 2820 3395 2861 se

1840 2884 2038 2940 vidisse
2061 2887 2325 2952 scribunt,
2359 2884 2600 2947 audiisse
2632 2904 2751 2958 quae
2781 2889 2881 2943 sibi
2922 2890 3101 2944 audita
3141 2906 3261 2945 esse
3306 2892 3388 2945 di-

1840 2990 1992 3042 cunt,
2020 2979 2234 3048 aliaque
2262 2968 2512 3051 expertos
2534 2996 2652 3037 esse
2693 2982 2909 3045 similia,
2946 2984 3388 3050 quemadmodum

1838 3069 2164 3144 scribunt_,se
2187 3071 2309 3126 libri
2340 3074 2443 3127 sibi
2470 3074 2637 3127 oblati
2664 3074 2959 3127 comedisse
2987 3073 3197 3128 initium
3228 3075 3270 3127 ’.
3298 3073 3389 3129 Sic

1841 3159 1987 3213 Isaae
2015 3161 2257 3223 odorem,
2283 3164 2371 3231 qui
2401 3178 2431 3217 e
2456 3163 2650 3218 divinis
2682 3165 2775 3217 lilii
2805 3166 3042 3218 vestibus
3081 3163 3385 3234 aﬂlabatur,

1842 3250 2058 3317 oil'ecit,
2113 3262 2276 3320 atque
2331 3255 2468 3307 hanc
2518 3254 2815 3322 spiritalem
2867 3255 3127 3322 impertiit
3169 3255 3387 3311 benedi-

1841 3342 2131 3411 ctionem;
2185 3362 2204 3393 ι
2253 3342 2390 3397 Ecce
2428 3345 2560 3399 odor
2601 3344 2692 3397 lilii
2726 3344 2867 3409 mei,
2914 3347 3051 3399 sieut
3090 3347 3224 3401 odor
3269 3350 3383 3417 agri

1840 3428 1982 3497 pleni
2019 3430 2104 3482 cui
2144 3429 2416 3485 benedixit
2453 3431 2708 3485 Dominus
2757 3430 2821 3483 ‘°.
2881 3451 2900 3481 ι
2952 3432 3042 3486 Sic
3090 3434 3251 3488 etiam
3294 3432 3386 3489 Je-

1838 3518 2181 3588 snsspiritaii
2212 3522 2379 3588 magis
2402 3535 2563 3588 quam
2605 3534 2863 3589 corporeo
2908 3520 3177 3589 leprosum
3214 3524 3384 3592 tetigit

1839 3622 1998 3661 sensu
2030 3608 2091 3670 “,
2119 3617 2178 3661 ut
2206 3610 2353 3663 illum
2391 3624 2505 3662 mea
2528 3610 2743 3677 quidem
2787 3610 3053 3663 sententia
3097 3611 3384 3679 dupliciter

1837 3709 2109 3765 purgaret,
2145 3713 2175 3752 ιι
2203 3700 2348 3767 lepra
2391 3700 2605 3769 quidem
2636 3699 2880 3768 corporis
2906 3714 3166 3768 corporeo
3208 3710 3379 3767 tactu,

1836 3798 1891 3841 ιιι
1922 3788 2076 3842 multi
2104 3788 2429 3859 intelligunt;
2464 3798 2519 3843 et
2547 3790 2614 3842 ab
2644 3789 2748 3843 alia
2774 3790 2921 3861 lepra
2948 3801 3097 3849 tactu
3133 3806 3260 3848 vere
3290 3793 3376 3847 di-

1834 3878 1980 3933 vino.
2014 3877 2104 3932 Sic
2128 3878 2295 3948 igitur
2332 3863 2386 3933 et
2409 3876 2642 3935 Joannes
2669 3889 2895 3938 testatus
2925 3894 3046 3947 est,
3090 3897 3212 3937 cum
3252 3884 3325 3938 ait
3356 3899 3376 3938 :

1839 3987 1857 4018 ι
1895 3969 2015 4023 Vidi
2049 3970 2308 4039 Spiritum
2342 3970 2753 4027 descendentem
2786 3975 2941 4041 quasi
2969 3974 3270 4030 columbam
3312 3976 3381 4033 de

1832 4060 1989 4125 CtBIO,
2007 4069 2063 4115 et
2089 4062 2461 4131 mansitsuper
2485 4077 2629 4115 eum.
2664 4062 2735 4129 Et,
2756 4078 2856 4133 ego
2880 4066 3190 4120 nesciebam
3215 4079 3337 4121 eum
3358 4078 3377 4118 :

1830 4151 1923 4205 sed
1952 4150 2041 4219 qui
2067 4151 2214 4205 misit
2235 4164 2319 4204 me
2339 4150 2613 4219 baptizare
2638 4157 2690 4205 in
2714 4166 2876 4221 aqua,
2906 4153 2994 4207 ille
3034 4152 3165 4208 mihi
3198 4152 3334 4208 dixit
3360 4170 3373 4207 τ

1832 4241 2006 4312 Super
2025 4258 2184 4312 quem
2215 4241 2414 4297 videris
2444 4240 2708 4312 Spiritum
2740 4242 3155 4299 descendentem
3176 4253 3231 4298 et
3263 4256 3380 4297 ma-

1830 4340 2043 4385 nentem
2070 4346 2235 4399 super
2257 4344 2404 4393 eum,
2452 4330 2541 4384 hic
2572 4338 2657 4385 est
2696 4330 2788 4398 qui
2820 4332 3051 4399 baptizat
3081 4332 3133 4385 in
3170 4331 3376 4401 Spiritu

1829 4428 2036 4473 sancto.
2086 4420 2149 4472 Et
2183 4432 2283 4487 ego
2314 4404 2419 4470 vidi
2450 4427 2506 4471 et
2549 4419 2913 4471 testimonium
2958 4419 3206 4486 perhibui
3248 4419 3375 4487 quia

2379 4510 2444 4561 ¹².
2486 4526 2505 4557 ι
2549 4508 2612 4557 Ει
2642 4506 2768 4560 Jesu
2802 4508 3018 4574 quidem
3047 4508 3171 4561 caali
3200 4509 3371 4575 aperti

1829 4603 1975 4656 sunt,
2014 4610 2111 4647 nec
2140 4596 2277 4647 ullus
2305 4605 2431 4649 tunc
2461 4607 2657 4663 printer
2678 4596 2942 4651 Joannem
2968 4597 3228 4651 scribitur
3264 4610 3373 4650 cas-

1828 4682 1909 4738 los
1937 4693 2151 4752 apertos
2174 4683 2393 4748 vidisse;
2422 4688 2516 4740 sed
2545 4687 2791 4741 Salvator
2814 4687 2926 4739 suis
2954 4686 3209 4754 apostolis
3230 4701 3375 4755 pne:

1829 4774 2013 4829 dicens
2036 4772 2171 4837 fore,
2196 4784 2254 4825 ut
2280 4775 2448 4829 caelos
2478 4785 2694 4843 apertos
2718 4785 2773 4828 et
2797 4776 2895 4842 ipsi
2923 4785 3223 4838 cernerent,
3251 4776 3325 4827 ait
3352 4793 3366 4827 :

1833 4882 1852 4914 ι
1884 4866 2074 4925 Amen.
2100 4878 2255 4917 amen
2278 4864 2400 4919 dico
2421 4868 2590 4932 vobis,
2610 4864 2863 4921 videbitis
2886 4863 3079 4919 cmlum
3100 4873 3365 4934 apertum,

154 4964 243 5015 ᾰει
273 4954 431 5024 οὗτός
461 4964 605 5013 ἐστιν
624 4964 655 5013 ό
688 4961 811 5024 Υἱὸς
840 4960 933 5013 τοῦ
961 4959 1113 5013 Θεοῦ.
1150 4978 1169 5009 ι
1199 4958 1305 5011 Καὶ
1347 4955 1423 5025 τῷ
1457 4956 1625 5023 Ἰησοῦ
1660 4972 1721 5022 γε

1844 4952 1881 5007 ιι
1914 4954 2133 5022 angelos
2174 4954 2265 5009 Dei
2300 4956 2653 5036 ascendentes
2695 4964 2751 5009 et
2780 4955 3164 5028 descendentes
3207 4970 3369 5023 super

154 5049 491 5120 ἠνοίχθησαν
515 5052 563 5102 οἱ
595 5051 827 5121 οὐρανοί*
855 5051 948 5102 καὶ
977 5050 1097 5103 τότε
1122 5050 1238 5118 μὲν,
1276 5045 1413 5117 πλὴν
1454 5046 1717 5109 Ἰωάννου,

1844 5044 2016 5099 e‘ilium
2069 5047 2302 5102 hominis
2349 5047 2411 5102 ¹⁸.
2454 5068 2471 5098 ι
2507 5048 2597 5102 Sic
2635 5058 2690 5103 et
2735 5048 2932 5103 Paulus
2972 5055 3152 5114 raptus
3192 5057 3277 5101 est
3312 5048 3367 5101 in

151 5142 338 5203 οὐδεὶς
392 5140 799 5211 ἀναγέγραπται
864 5140 1158 5212 ἑωρακέναι
1210 5138 1550 5207 ἀνοιχθέντας
1593 5138 1719 5198 τοὺς

1846 5139 2039 5191 ertium
2070 5140 2265 5193 caelum
2296 5156 2417 5193 cum
2460 5139 2585 5192 illud
2616 5140 2766 5207 prius
2811 5146 3058 5206 apertum
3080 5137 3325 5215 ’vidisset
3349 5177 3365 5201 ,

150 5232 424 5304 οὐρανούς
448 5246 460 5258 ·
488 5230 643 5284 τοῦτο
660 5233 716 5287 δέ
735 5232 796 5286 τὸ
823 5232 1129 5303 ἀνοιχθῆναι
1160 5231 1283 5293 τοὺς
1308 5228 1565 5300 οὐρανοὺς
1594 5244 1715 5297 προ-

1844 5236 2004 5297 Itpote
2030 5228 2155 5283 Jesu
2183 5230 2499 5299 discipulus.
2530 5228 2806 5296 Explicare
2831 5238 3009 5282 autem
3030 5242 3129 5281 cur
3147 5228 3363 5292 dixerit,

2271 5391 2293 5421 ⁹
2320 5388 2515 5442 Ezech.
2540 5402 2622 5454 ιιι,
2651 5386 2704 5441 2.

1254 5396 1273 5426 ⁷
1298 5392 1342 5447 lt
1375 5392 1499 5447 Cor.
1527 5408 1615 5445 xv.
1734 5392 1754 5423 ⁸
1788 5389 1987 5446 iloan.
2017 5407 2055 5454 ι,
2090 5390 2142 5444 l.

1404 5464 1448 5494 ¹³
1478 5462 1639 5516 Joan.
1676 5478 1716 5525 I,
1751 5461 1839 5514 5i.

222 5587 349 5654 (30)
375 5588 655 5655 Εὑρίσκω
706 5586 836 5653 ἤδη.
869 5585 1060 5641 Gnieto
1105 5587 1442 5641 scribendum
1478 5586 1708 5647 videtur,

150 5658 438 5727 εὑρίσκειν
458 5653 604 5720 ήοίδε,
648 5657 733 5709 vel
759 5655 1199 5728 EOPIGXEW,ﬂ6€t,
1234 5657 1372 5724 quod
1410 5655 1561 5708 valde
1600 5655 1711 5723 pla-

150 5737 345 5865 cet“)
373 5793 526 5848 ΗΜ).
553 5793 678 5847 editi
708 5796 773 5847 ad
808 5795 1119 5861 marginem,
1149 5793 1692 5874 ἀντιλαμϐανομένης.

223 5397 437 5468 'Prov.
497 5411 557 5461 ιι,
584 5396 647 5468 5ἒ
743 5395 1147 5468 f‘Joan.vr,_#33_.
1254 5392 1342 5447 'lt
1375 5392 1508 5468 C_or._
1527 5408 1615 5445 xv.
1734 5394 1739 5421 ‘

1844 5389 1987 5446 loan.
2017 5407 2055 5454 ι,
2090 5390 2142 5444 l.
2271 5391 2293 5421 ⁹
2320 5388 2515 5442 Ezech.
2540 5402 2622 5454 ιιι,
2651 5386 2704 5441 2.
2805 5386 2847 5416 ¹⁶
2878 5384 3017 5441 Gen.
3058 5384 3361 5468 xxvn,‘27.

159 5467 421 5525 “ﬂatth.
466 5459 584 5529 vtit,
617 5466 672 5521 5.
750 5465 793 5497 ⁸⁸
817 5464 974 5519 Joan.
1007 5459 1147 5528 ἡδὶ
1176 5479 1326 5533 seqq.

1888 5584 1999 5655 (32)
2031 5584 2198 5639 Codd.
2228 5586 2361 5655 μσς.
2382 5593 2443 5655 et
2470 5581 2657 5644 Basil.,
2684 5578 3136 5655 θεραπεύσουσαν.
3258 5645 3287 5655 υ

1886 5646 2351 5727 Βαπςιζειγῖ.
2373 5654 2461 5707 Sic
2488 5646 2839 5727 recteornites
2871 5648 3174 5727 IIISSLLillb.
3205 5646 3363 5727 edit?

1819 5716 2111 5791 βαπτίζων.
2157 5723 2318 5777 Paulo
2357 5731 2473 5791 post
2514 5719 2672 5791 codd.
2707 5718 2840 5788 Reg.
2884 5730 2937 5773 et
2981 5716 3160 5777 Basil.,
3207 5716 3361 5779 καγὼ

1804 5782 2037 5864 ἑώρακα.
2070 5791 2224 5848 Libb.
2255 5782 2407 5859 editi,
2432 5791 2523 5843 καὶ
2550 5788 2781 5860 ἑώρακα.
