4126 6314
771 395 874 465 ⁸131

2214 414 2531 472 omoems
3262 473 3270 481 ,
3692 388 3701 394 ’
3883 416 3984 470 752

779 542 801 577 ι
837 527 948 594 sive
968 523 1021 580 in
1047 540 1296 594 corpore,
1327 529 1530 596 nescio;
1564 531 1676 586 sive
1699 543 1849 589 extra
1875 548 2092 604 corpus,
2119 538 2318 594 nescio.

2424 534 2593 601 λέγων
2636 536 2745 596 τοῖς
2793 534 3057 604 μαθηταῖς
3113 536 3141 586 ό
3186 534 3369 604 Σωτὴρ
3413 534 3664 605 ἐσόμενον
3701 534 3986 606 όψομένως

775 616 915 670 Deus
939 619 1039 672 scit
1061 618 1124 683 “,
1163 638 1180 669 ι
1211 636 1316 674 non
1344 631 1426 675 est
1444 627 2020 694 prmsentistemporis.
2043 626 2320 697 365lloc

777 707 944 771 addo,
987 707 1097 760 falli
1139 708 1374 776 Celsum,
1413 727 1532 766 cum
1582 725 1730 781 putat
1763 715 1946 770 Jesnm
1987 717 2159 783 ipsum
2212 718 2324 769 suis

770 797 1046 866 discipulis
1079 810 1334 854 narrasse
1354 802 1614 858 cuelorum
1649 807 1981 873 apertionem
2011 817 2065 861 et
2088 807 2323 874 Spiritus

771 889 944 942 sancti
975 890 1025 940 in
1057 904 1114 941 se
1144 893 1331 968 specie.
1376 893 1639 949 columbae
1667 896 1732 948 ad
1763 893 2050 950 Jordanem
2101 900 2322 951 descen-

771 992 916 1031 sum;
938 977 1096 1034 Nullo
1129 980 1536 1051 Scripturarum
1573 987 1693 1040 loco
1712 984 1872 1040 Jesus
1901 988 2014 1041 bere
2038 1002 2095 1042 se
2120 987 2323 1043 vidisse

770 1080 979 1124 narrat.
1015 1070 1126 1126 Nec
1154 1075 1288 1128 vidit
1310 1077 1506 1132 nubilis
1539 1070 1628 1131 ille
1657 1079 1740 1132 vir
1765 1077 1906 1132 male
1933 1080 2221 1135 convenire
2249 1082 2321 1144 ei,

768 1159 859 1225 qui
897 1159 962 1212 de
986 1159 1189 1213 visione
1219 1177 1338 1230 qua:
1387 1166 1439 1218 in
1489 1147 1677 1221 monte
1719 1167 2019 1235 contigerat
2048 1165 2324 1234 discipulis

768 1248 982 1302 dixerat
1009 1268 1023 1303 :
1053 1269 1072 1300 ι
1102 1250 1314 1306 Nemini
1348 1240 1603 1310 dixeritis
1636 1245 1920 1319 visionem,
1953 1254 2126 1309 donec
2153 1253 2322 1309 Filius

767 1337 1003 1395 hominis
1039 1355 1067 1394 a
1096 1344 1325 1398 mortuis
1361 1353 1611 1413 resurgat
1632 1347 1696 1411 ",
1721 1364 1742 1400 ο
1784 1355 1843 1399 ut
1873 1346 2157 1414 discipulis
2179 1347 2320 1416 quod

765 1430 940 1485 visum
991 1447 1022 1484 a
1061 1431 1268 1488 Joanne
1309 1437 1372 1488 ad
1407 1437 1695 1490 Iordanem
1740 1446 1794 1492 et
1843 1438 2087 1491 auditum
2123 1437 2318 1502 fuerat,

765 1532 1170 1577 commemoret.
1209 1525 1385 1593 Atque
1429 1539 1494 1578 ex
1543 1534 1653 1580 tota
1687 1527 1890 1581 Christi
1918 1527 2027 1581 vita
2062 1527 2216 1582 facile
2245 1530 2319 1580 vi-

764 1611 892 1665 dere
918 1620 1006 1666 est
1035 1623 1292 1681 quantum
1347 1615 1413 1669 de
1449 1631 1507 1671 se
1549 1616 1693 1684 loqui
1733 1616 2006 1685 eﬂ'ugerit.
2056 1618 2318 1684 Quocirca

764 1701 979 1756 dicebat
1005 1719 1020 1754 :
1050 1722 1068 1754 ι
1096 1702 1153 1758 Si
1183 1719 1283 1775 ego
1309 1707 1678 1760 testimonium
1726 1708 1983 1776 perbibeo
2005 1707 2072 1762 de
2095 1708 2317 1776 meipso,

768 1793 1138 1847 teetimonium
1179 1809 1359 1849 meum
1411 1812 1517 1849 non
1564 1809 1649 1853 est
1700 1815 1885 1853 verum
1910 1799 2019 1851 “.i
2073 1796 2182 1852 Nec
2213 1798 2318 1851 alia

2425 623 2572 685 αὐτὸ,
2611 623 2789 693 φησίν·
2831 641 2851 686 ι
2903 623 3091 692 Ἀμὴν,
3119 621 3262 692 ἀμὴν
3287 622 3426 690 λέγω
3450 625 3577 693 ὑμῖν
3600 666 3615 690 ,
3658 624 3853 694 ὄψεσθε
3893 628 3985 679 τὸν

2422 713 2645 782 οὐρανὸν
2671 714 2968 783 ἀνεῳγότα,
3001 715 3094 766 καὶ
3122 716 3246 776 τοὺς
3269 714 3527 782 ἀγγέλους
3551 717 3646 769 τοῦ
3673 715 3812 769 Θεοῦ
3851 719 3983 770 ἁνα-

2424 805 2702 866 ϐαίνοντας
2728 806 2821 857 καὶ
2850 803 3267 866 καταϐαίνοντας
3291 804 3381 856 ἐπὶ
3400 805 3490 857 τὸν
3509 804 3637 859 Υίὺν
3660 804 3756 858 τοῦ
3775 807 3985 878 ἀνθρὼ-

2422 910 2546 945 που.
2577 911 2596 944 ι
2621 893 2730 945 Καὶ
2751 892 2920 955 οὕτως
2947 892 3156 956 Παῦλος
3180 892 3402 964 ἡρπάγη
3429 896 3508 956 είς
3530 894 3709 963 τρίτον
3735 897 3982 965 οὐρανὸν,

2423 978 2682 1046 πρότερον
2706 977 2826 1030 ἰδὼν
2853 979 3014 1032 αὑτὸν
3034 979 3366 1048 άνοιχΘέντα,
3387 981 3508 1034 ἐπεὶ
3533 981 3779 1054 μαθητὴς
3801 980 3870 1054 ἦν
3889 985 3982 1038 τοῦ

2435 1067 2625 1137 Ἰησοῦ.
2651 1069 3017 1139 Διηγήσασθαι
3045 1070 3101 1123 δὲ
3133 1069 3228 1123 νῦν
3254 1070 3341 1123 διά
3355 1061 3411 1124 ττί
3436 1073 3466 1125 6
3489 1071 3699 1136 Παῦλος
3728 1073 3875 1142 λέγει
3899 1075 3982 1138 τὺ,

2427 1175 2446 1207 ι
2475 1157 2596 1208 Εἴτε
2627 1159 2685 1211 ὲν
2718 1158 2946 1227 σώματι,
2971 1160 3070 1212 οὐκ
3113 1155 3249 1223 οἶδα,
3279 1160 3388 1213 εἴτε
3415 1162 3570 1225 ἐκτὸς
3585 1162 3680 1215 τοῦ
3711 1163 3981 1234 σώματος,

2421 1248 2520 1300 οὐκ
2533 1243 2668 1316 οῖδα,
2690 1250 2719 1300 6
2748 1250 2878 1312 Θεὸς
2906 1247 3062 1315 οἶδεν,
3092 1269 3112 1302 ›
3133 1251 3194 1302 οὐ
3215 1250 3309 1303 τοῦ
3336 1252 3596 1322 παρόντος
3625 1255 3742 1306 ἐστὶ
3767 1257 3980 1327 καιροῦ.

2423 1340 2547 1392 Ἐτι
2587 1340 2643 1392 δὲ
2683 1341 2971 1413 προσθήσω
2999 1342 3077 1412 τῷ
3131 1343 3293 1412 λόγῳ,
3327 1345 3421 1396 καὶ
3464 1344 3622 1408 αὐτὰ,
3670 1346 3706 1400 ἃ
3752 1345 3925 1399 οἴεται
3953 1350 3983 1398 6

2419 1430 2650 1501 Κέλσος.
2683 1432 2765 1484 ὅτι
2790 1433 2950 1496 αὐτὸς
2987 1433 3194 1504 Ἰησοῦς
3236 1429 3358 1487 εἷπε
3390 1433 3458 1486 τὰ
3487 1436 3614 1504 περὶ
3654 1435 3750 1506 τὴν
3779 1436 3982 1502 ἄνοιξιν

2418 1519 2526 1573 τῶν
2557 1521 2815 1592 οὐρανῶν,
2855 1524 2949 1576 καὶ
2978 1523 3039 1574 τὸ
3067 1523 3306 1576 καταϐὰν
3336 1524 3558 1594 Πνεῦμα
3584 1524 3736 1592 ἆγιον
3766 1527 3852 1578 ἐπ’
3885 1528 3981 1580 αὑ-

2416 1610 2508 1663 τὸν
2539 1611 2667 1663 εῐδει
2696 1613 3025 1682 περιστερᾶς
3057 1613 3206 1684 παρά
3229 1611 3308 1683 τῷ
3339 1613 3609 1686 Ἰορδάνῃο
3635 1616 3731 1685 τῆς
3755 1616 3976 1686 Γραφῖκ

2418 1699 2576 1752 τοῦτο
2603 1701 2664 1752 οὐ
2681 1701 3128 1771 παραστησάσης,
3159 1703 3240 1754 ὅτι
3273 1702 3440 1765 αὐτὸς·
3467 1699 3587 1755 εἷπε
3613 1704 3773 1756 τοῦτο
3799 1706 3978 1775 ἑωρα-

2421 1791 2592 1844 κέναι.
2648 1791 2723 1843 υύ
2768 1777 2968 1845 συνεῖδε
3009 1792 3055 1844 δ’
3080 1794 3109 1844 6
3150 1792 3544 1859 γενναιότατος,
3577 1795 3660 1847 ὅτι
3711 1796 3812 1846 οὐκ
3861 1793 3978 1847 ἐστι

765 1894 950 1947 causa,
973 1879 1077 1937 nisi
1108 1885 1236 1952 quia
1271 1888 1336 1939 de
1368 1901 1426 1941 se
1468 1889 1614 1958 loqui
1668 1890 1931 1958 fugiebat,
1956 1898 2013 1943 et
2043 1887 2314 1942 Christum

2421 1882 2562 1935 κατὰ
2591 1882 2682 1934 τὸν
2714 1880 2948 1934 εἰπόντα
2979 1883 3090 1945 τοῖς
3127 1876 3506 1954 μαθηταῖςὲπὶ
3548 1888 3615 1956 τῇ
3651 1888 3710 1938 ὲν
3739 1884 3817 1954 τῷ
3857 1884 3978 1955 ὄρει

765 1984 826 2025 se
851 1985 971 2024 esse
1011 1975 1244 2028 malebat
1275 1977 1527 2043 Operibus
1556 1993 1718 2047 quam
1743 1980 1902 2034 dictis
1938 1981 2314 2046 comprobare,

765 2061 816 2113 ei
847 2060 1016 2116 Judaei
1060 2063 1316 2121 dicebant
1350 2085 1363 2119 :
1396 2086 1414 2118 ι
1439 2067 1494 2122 Si
1532 2076 1586 2121 tu
1622 2083 1681 2123 es
1708 2068 1978 2137 Christus,
2027 2070 2114 2124 dic
2163 2072 2318 2124 nobis

767 2149 943 2216 palam
965 2151 1028 2204 ".
1055 2169 1074 2204 ι
1117 2153 1384 2219 Quoniam
1418 2169 1544 2208 vero
1583 2156 1968 2225 apud.Celsum
2000 2155 2212 2212 Iudaeus
2236 2167 2319 2210 est

766 2239 858 2305 qui
904 2239 1136 2309 loquens
1164 2244 1246 2296 'de
1289 2243 1494 2310 Spiritu
1525 2250 1718 2300 sancto
1742 2247 1795 2299 in
1818 2246 2083 2300 columbae
2113 2247 2316 2314 specie,

777 2331 958 2385 Iesum
985 2333 1063 2386 sic
1090 2321 1382 2402 alloquitur
1411 2353 1424 2387 :
1463 2354 1481 2386 ι
1510 2334 1680 2391 Nemo
1717 2337 1769 2390 id
1799 2337 1934 2407 vidit
1963 2347 2156 2405 printer
2184 2344 2237 2390 te
2265 2345 2320 2389 et

767 2413 930 2488 quem
955 2424 1015 2475 in
1029 2425 1395 2478 testimonium
1413 2425 1646 2482 advocas
1665 2427 1737 2480 tui
1755 2427 2005 2496 supplicii
2030 2416 2265 2490 socium;
2297 2447 2314 2478 ο

768 2523 992 2564 necesse
1031 2522 1117 2565 est
1159 2514 1441 2567 ostendere
1479 2529 1638 2582 quam
1675 2525 1730 2569 et
1781 2516 1895 2569 haec
1929 2515 2108 2583 inepte
2146 2513 2317 2569 Judaei

768 2612 1014 2671 personae
1068 2601 1331 2653 attributa
1399 2604 1470 2655 sit
1519 2604 1719 2656 oratio.
1773 2602 1884 2656 Nec
1941 2605 2084 2655 enim
2144 2600 2316 2656 Judaei

762 2685 1024 2742 Joannem
1055 2702 1174 2741 eum
1211 2686 1336 2744 Je'su
1369 2675 1706 2757 consociant,
1734 2706 1834 2746 nec
1857 2688 2082 2745 Joannis
2111 2691 2321 2759 suppli-

765 2778 909 2832 cium
933 2793 1053 2831 cum
1093 2778 1219 2833 Jesu
1263 2781 1531 2850 supplicio
1562 2779 1918 2858 coniungunt.
1958 2780 2111 2847 Quod
2153 2796 2314 2851 argu-

767 2877 950 2923 mento
986 2879 1085 2932 est,
1131 2869 1218 2937 qui
1261 2885 1331 2923 se.
1358 2871 1536 2924 omnia
1569 2873 1710 2926 scire
1753 2863 2041 2943 gloriatur,
2063 2885 2185 2924 eum
2219 2885 2316 2924 ne-

766 2956 994 3011 scivisse
1040 2972 1159 3026 qua:
1198 2960 1362 3014 verba
1399 2958 1569 3014 Judaei
1616 2958 1797 3014 Jesuui
1837 2957 2162 3029 a‘lioquentis
2192 2973 2316 3027 per-

767 3058 915 3130 some
952 3048 1223 3117 assignari
1249 3050 1564 3127 oportuerit.
1877 3066 1883 3071 ‘

2421 1972 2676 2041 ὀπτασίᾳ,
2713 1989 2732 2022 ι
2760 1971 2963 2042 Μηδενὶ
2990 1975 3177 2043 εἴπητε
3206 1974 3271 2026 τὸ
3298 1975 3501 2045 ὅραμα,
3531 1976 3636 2039 ἓως
3662 1978 3691 2028 6
3732 1977 3849 2040 Υἱὸς
3877 1977 3976 2029 τοῦ

2422 2059 2704 2131 ἀνθρώπου
2738 2062 2803 2113 ἐκ
2833 2062 3040 2131 νεκρῶν
3085 2064 3292 2133 ἀναστῇ
3312 2079 3326 2092 ν
3348 2081 3367 2113 ι
3403 2063 3676 2135 εἰρηκέναι
3708 2069 3818 2128 τοῖς
3868 2085 3975 2134 μα-

2423 2149 2612 2219 θηταῖς
2642 2151 2702 2203 τὸ
2734 2150 2884 2220 παρὰ
2911 2150 2990 2220 τῷ
3036 2150 3277 2221 Ἰορδάνῃ
3293 2151 3452 2220 ὁφθὲν
3469 2153 3572 2206 ὑπὸ
3597 2153 3690 2205 τοῦ
3729 2154 3979 2206 Ἰωάννου

2379 2244 2381 2248 ’
2421 2240 2514 2293 καὶ
2556 2239 2833 2292 ἀκουσθέν.
2877 2239 3092 2292 Ἐνιδεῖν
3123 2239 3181 2291 δὲ
3231 2238 3346 2312 ἐστι
3393 2242 3486 2293 καὶ
3539 2241 3618 2310 τῷ
3663 2241 3757 2294 τοῦ
3801 2243 3980 2311 Ἰησοῦ

2419 2332 2538 2402 ἤθει
2570 2319 2842 2401 πανταχοῦ
2897 2331 3320 2404 περιισταμένου
3354 2333 3467 2403 (54)
3493 2332 3592 2401 τὴν
3626 2333 3979 2403 περιαυτολο-

2418 2422 2562 2488 γίαν,
2602 2422 2694 2474 καὶ
2720 2421 2806 2474 διὰ
2837 2422 2993 2475 τοῦτο
3019 2406 3299 2489 λέγοντοςο
3342 2440 3360 2472 ι
3385 2407 3502 2477 Κᾶν
3533 2417 3642 2490 ἐγὼ
3679 2425 3814 2477 etme
3847 2427 3981 2493 περὶ

2422 2509 2680 2579 ἐμαυτοῦ,
2732 2513 2766 2580 ἡ
2819 2513 3089 2583 μαρτυρία
3114 2522 3213 2582 μου
3239 2511 3341 2565 οὐκ
3372 2512 3519 2566 ἔστιν
3557 2514 3781 2585 ἀληθής.
3807 2532 3828 2566 ι
3864 2516 3981 2568 Καὶ

2423 2599 2542 2649 ἐπεὶ
2574 2600 2888 2666 περιίστατο
2940 2601 3038 2669 τὴν
3091 2602 3556 2669 περιαυτολογίαν,
3601 2606 3696 2655 καὶ
3735 2605 3846 2666 τοῖς
3883 2605 3980 2673 ἔρ-

2423 2703 2539 2755 γοις
2575 2687 2770 2758 μᾶλλον
2804 2687 3051 2741 ἐϐούλετο
3082 2688 3273 2760 δηλοῦν
3305 2687 3442 2742 εἶναι
3472 2692 3698 2762 Χριστὸς
3730 2692 3874 2763 ἥπερ
3909 2698 3978 2764 τῇ

2420 2776 2586 2843 λέξει,
2645 2777 2732 2830 διὰ
2785 2777 2942 2831 τοῦτό
3003 2795 3163 2846 φασιν
3208 2781 3257 2830 οἱ
3301 2781 3538 2834 Ἰουδαῖοι
3585 2781 3722 2852 πρὸς
3775 2783 3975 2836 αὐτόν’

2427 2883 2444 2917 ι
2470 2867 2533 2919 Et
2561 2865 2623 2918 σὺ
2654 2861 2705 2917 εῐ
2732 2867 2760 2916 δ
2785 2866 3035 2936 Χριστὸς,
3071 2868 3190 2919 εἰπὲ
3218 2869 3346 2937 ἡμῖν
3379 2868 3674 2939 παρρησίᾳ.
3699 2855 3980 2924 »Ἐπειδὴ

2432 2956 2684 3018 Ἰουδαῖός
2714 2958 2858 3008 ἔστιν
2908 2959 2938 3009 6
2975 2959 3124 3030 παρὰ
3153 2958 3231 3028 τῷ
3272 2959 3466 3029 Κέλσῳ
3489 2959 3659 3026 λέγων
3682 2960 3759 3030 τῷ
3796 2948 3978 3031 Ἰησοῦ

2421 3049 2547 3118 περί
2575 3049 2683 3101 τῶν
2712 3049 2853 3125 κατὰ
2870 3050 2931 3101 τὸ
2963 3050 3185 3118 Πνεῦμα
3213 3051 3274 3103 τὸ
3304 3050 3454 3118 ἅγιον
3480 3054 3537 3104 ὲν
3564 3053 3690 3104 εῖδει
3714 3069 3978 3122 περιστεο

771 3122 888 3206 ρᾶς,
914 3137 995 3202 τὸ,
1035 3136 1216 3210 «Πλὴν
1237 3122 1316 3190 δτί
1359 3137 1422 3190 σὺ
1461 3138 1584 3208 φῂς,
1609 3140 1701 3191 καί
1731 3139 1972 3192 τιναεὲνα
2007 3139 2188 3211 ἐπάγῃ
2244 3138 2353 3190 τῶν
2411 3135 2547 3208 μετὰ
2590 3137 2684 3190 σοῦ
2712 3122 3170 3208 κεκολασμένων·
3199 3156 3218 3190 ›
3256 3140 3545 3208 ἀναγκαῖον
3597 3140 3743 3211 αὐτῷ
3793 3157 3978 3214 παρα-

684 3288 688 3292 ,
769 3225 986 3295 στῆσαι,
1015 3226 1095 3277 ὅτι
1127 3227 1218 3279 καὶ
1248 3225 1404 3278 τοῦτο
1425 3227 1524 3279 οὐκ
1541 3227 1754 3291 οἰκείως
1771 3227 1849 3297 τῷ
1891 3227 2162 3297 Ἰουδαῖκῷ
2199 3227 2475 3298 προσώπῳ
2527 3227 2866 3302 περιέθηκεν.
2931 3228 3064 3281 Οὐδὲ
3115 3227 3223 3298 γάρ
3291 3229 3615 3283 συνάπτουσι
3658 3230 3749 3282 τὸν
3788 3233 3977 3286 Ἰωάν‹

769 3335 868 3388 νην
898 3319 948 3371 οἰ
985 3318 1224 3371 Ἰουδαῖοι
1251 3317 1329 3388 τῷ
1372 3318 1565 3390 Ἰησοῦ,
1604 3321 1696 3372 καὶ
1717 3319 1814 3391 τὴν
1854 3321 2098 3374 Ἰωάννου
2128 3322 2195 3390 τῇ
2226 3321 2319 3371 τοῦ
2362 3319 2531 3391 Ἰησοῦ
2566 3320 2801 3376 κολάσει.
2855 3320 2963 3373 Καὶ
2992 3323 3049 3375 ὲν
3080 3321 3250 3392 τούτῳ
3305 3317 3398 3375 οῦν
3455 3323 3731 3393 ἐλέγχεται
3757 3325 3786 3376 6
3810 3325 3978 3378 πάντ’

768 3410 1263 3480 ἀλαζονευσάμενος
1293 3409 1512 3477 εἰδέναι,
1535 3409 1611 3480 μὴ
1642 3409 1895 3478 ἐγνωκὼς
1921 3411 2042 3464 τίνα
2074 3409 2328 3481 προσάψῃ
2355 3411 2572 3480 ῥήματα
2603 3409 2680 3479 τῷ
2718 3403 3144 3483 Ἰουδαϊκᾷῖπρὸς
3169 3413 3260 3466 τὸν
3303 3412 3507 3482 Ἰησοῦν
3536 3409 3828 3485 προσώπῳ.

838 3504 928 3558 49.
964 3502 1210 3558 Poetbmc
1258 3503 1441 3557 nescio
1481 3503 1750 3572 quomodo
1791 3502 1936 3558 velut
1974 3505 2117 3558 data
2155 3517 2314 3570 opera

2485 3500 2638 3555 Μετὰ
2669 3501 2841 3569 ταῦτ’,
2874 3503 2974 3555 οὐκ
3005 3500 3100 3556 οἷδ’
3132 3503 3295 3568 ὅπως,
3329 3503 3390 3556 τὸ
3418 3503 3668 3574 μέγιστον
3701 3504 3809 3574 (55)
3845 3501 3982 3575 περὶ

775 3593 1141 3663 praetermittit
1170 3602 1566 3662 argumentum,
1598 3608 1706 3662 quo
1740 3594 1979 3649 maxime
2003 3608 2066 3648 ea
2100 3608 2218 3663 qua:
2251 3594 2316 3646 ad

766 3680 952 3738 Iesum
998 3689 1282 3749 spectant,
1357 3681 1779 3746 conﬁrmantur;
1838 3695 2052 3749 nempe,
2088 3681 2240 3734 illum
2287 3696 2317 3732 a

768 3771 1074 3826 Judaeorum
1092 3771 1388 3838 prophetis,
1418 3785 1448 3823 a
1475 3770 1674 3841 Moyse,
1708 3781 1760 3827 et
1792 3773 1860 3827 ab
1883 3772 1950 3826 iis
1983 3771 2077 3840 qui
2100 3779 2224 3825 ante
2263 3781 2318 3823 ct

767 3870 891 3932 post
923 3859 1158 3929 Moysem
1184 3861 1461 3924 vixerunt,
1503 3860 1674 3916 fuisse
1698 3862 2141 3931 praenuntiatum.
2184 3862 2316 3929 Opi-

769 3965 891 4016 nor,
953 3965 1060 4004 non
1098 3950 1270 4018 potuit
1323 3949 1569 4004 refellere
1628 3962 2001 4020 argumentum
2052 3952 2172 4004 inde
2218 3952 2310 4004 du-

770 4051 944 4106 ctum,
972 4041 1112 4109 quod
1144 4055 1319 4110 neque
1351 4039 1544 4106 Judaei,
1574 4055 1744 4110 neque
1775 4041 1882 4094 ulla
1907 4056 2130 4108 usquam
2150 4043 2318 4095 haere-

770 4134 847 4188 sis
871 4132 1146 4186 Christum
1183 4132 1500 4198 praedictum
1539 4144 1661 4185 esse
1702 4132 2034 4198 negaverint.
2064 4129 2319 4184 Fortasse

767 4224 930 4278 etiam
957 4223 1046 4293 illa
1081 4223 1147 4276 de
1180 4220 1305 4275 Jesu
1343 4220 1598 4277 vaticinia
1649 4220 1943 4273 nesciebat.
1982 4219 2233 4288 Alioquin
2272 4221 2315 4272 si

777 4316 972 4368 scisset
993 4328 1113 4381 qua:
1144 4312 1442 4367 Christiani
1475 4311 1683 4374 dicunt,
1719 4309 1913 4363 multos
1935 4309 2223 4379 prophetas
2252 4309 2317 4362 de

771 4401 1074 4456 Salvatoris
1103 4404 1332 4455 adventu
1361 4401 1532 4456 fuisse
1561 4398 1908 4466 praelocutos,
1951 4412 2054 4451 non
2090 4398 2324 4452 tribuis?

770 4502 854 4546 set
885 4491 1065 4545 Judaeo
1083 4491 1406 4554 orationem,
1428 4504 1535 4558 qua
1566 4487 1834 4542 Samarita
1869 4499 1963 4540 aut
1988 4487 2316 4541 Sadducaaus

771 4600 901 4638 usus
925 4583 1115 4654 luisset
1153 4580 1324 4632 multo
1363 4579 1811 4643 convenientius;
1861 4591 2032 4646 neque
2085 4577 2313 4631 lictitius

769 4675 859 4729 ille
891 4672 1105 4727 Iudaeus
1147 4673 1358 4724 locutus
1405 4677 1551 4723 esset
1585 4669 1701 4722 sic:
1734 4668 1922 4721 «Meus
1963 4677 2140 4722 autem
2191 4683 2314 4735 pro-

772 4767 934 4834 pheta
980 4764 1117 4817 dixit
1154 4761 1282 4817 olim
1312 4762 1362 4814 in
1391 4759 1741 4829 Jerosolymis
1771 4770 2053 4814 venturum
2084 4773 2204 4812 esse
2231 4758 2318 4810 Fi-

2424 3594 2521 3664 τῆς
2555 3595 2858 3657 συστάσεως
2888 3593 2982 3646 τοῦ
3027 3592 3200 3664 Ἰησοῦ
3231 3594 3540 3661 κεφάλαιον,
3573 3596 3650 3659 ὡς
3690 3597 3772 3649 ὄτι.
3811 3613 3982 3668 προε-

2424 3684 2662 3754 φητεύθη
2706 3683 2810 3736 ὑπὸ
2837 3682 2944 3748 τῶν
2976 3681 3126 3751 παρὰ
3168 3683 3437 3746 Ἰουδαίοις
3462 3685 3771 3756 προφητῶν,
3803 3686 3980 3739 Meui-

2425 3773 2559 3833 σέως
2588 3772 2680 3824 καὶ
2708 3771 2816 3822 τῶν
2848 3769 2964 3839 μετ’
2996 3769 3176 3832 αὑτὸν,
3215 3769 3248 3837 ἢ
3279 3769 3373 3820 καὶ
3401 3770 3508 3840 πρὸ
3544 3770 3844 3834 Μωῦσέως,
3873 3789 3982 3823 πα.-

2425 3861 2701 3931 ραπέμπει
2752 3860 2863 3928 (56)
2914 3858 3080 3912 ἑκών
3119 3860 3194 3921 ὡς
3243 3854 3416 3928 οἶμαι,
3454 3857 3535 3928 τῷ
3580 3860 3656 3930 μὴ
3708 3859 3983 3914 δύνασθαι

2423 3951 2664 4018 ἀπαντᾷν
2698 3949 2834 4016 πρὸς
2863 3947 3039 4012 λόγον,
3067 3946 3141 4006 ὼς
3170 3947 3288 3997 οὐδὲ
3328 3946 3570 3996 Ἰουδαῖοι
3605 3946 3716 3997 οὐδ’
3741 3947 3867 3997 ὅσαι.
3897 3951 3986 3998 a1-

2425 4039 2598 4109 ρέσεις
2618 4039 2679 4090 οὺ
2714 4036 2984 4105 βούλονται
3017 4033 3451 4105 προφητευθῖψαι
3473 4032 3584 4100 (57)
3602 4032 3692 4084 τὸν
3718 4034 3979 4104 Χριστόν.

2423 4127 2573 4196 Τάχα
2604 4127 2660 4179 δὲ
2690 4126 2810 4178 οὐδὲ
2848 4125 2960 4195 ᾔδει
2991 4123 3089 4186 τάς
3119 4122 3245 4193 περὶ
3276 4119 3370 4173 τοῦ
3405 4119 3578 4190 Ἰησοῦ
3611 4124 3977 4192 προφητείας.

2424 4218 2534 4270 υὺκ
2561 4217 2626 4270 ἂν
2656 4215 2785 4286 γὰρ,
2810 4213 3124 4269 καταϐαλὼν
3157 4212 3267 4283 (58)
3294 4211 3363 4264 τὰ
3395 4211 3498 4264 ὑπὸ
3526 4213 3870 4281 Χριστιανῶν
3900 4215 3985 4266 λε-

2423 4305 2645 4373 γόμενα,
2666 4305 2749 4356 ὅτι
2782 4303 2962 4356 πολλοὶ
2993 4302 3264 4372 προφῆται
3306 4302 3563 4371 προεῖπον
3605 4301 3851 4370 περὶτῆς
3880 4302 3982 4354 τοῦ

2422 4395 2670 4464 Σωτῆρος
2730 4393 3036 4464 ἐπιδημίας,
3094 4390 3385 4462 περιέθηκε
3441 4389 3522 4460 τῷ
3564 4389 3658 4442 τοῦ
3725 4391 3984 4444 Ἰουδαίου

2422 4483 2714 4552 προσώπῳ,
2748 4481 2786 4534 ἃ
2813 4484 3017 4550 ἥρμοζε
3049 4483 3293 4551 Σαμαρεῖ
3315 4480 3523 4549 »μᾶλλον
3561 4481 3734 4532 εἰπεῖν
3758 4479 3792 4548 ἢ
3840 4481 3982 4534 Σαδ-

2422 4572 2679 4641 δουκαίῳο
2710 4571 2802 4622 κα)⁴
2826 4573 2922 4624 οὐκ
2943 4571 3007 4624 ἂν
3041 4573 3289 4634 Ἰουδαῖος
3314 4573 3344 4623 6
3369 4573 3427 4623 ὲν
3466 4574 3531 4638 τῇ
3561 4572 3985 4640 προσωποποιίᾳ

2423 4663 2674 4731 ἔφασκεν·
2711 4682 2730 4713 ι
2765 4661 2901 4713 Ἀλλ’
2929 4658 3077 4715 εἶπεν
3112 4665 3139 4716 6
3181 4662 3310 4731 ἐμὸς
3339 4662 3623 4731 προφήτης
3652 4661 3710 4710 ὲν
3752 4661 3985 4727 Ἰεροσο-

2423 4752 2609 4823 λύμοις
2638 4753 2788 4814 ποτὲ,
2823 4753 2902 4805 ὅτι
2935 4751 3053 4821 ἥξει
3086 4750 3220 4803 Θεοῦ
3254 4749 3399 4812 Υίὸς,
3429 4747 3534 4800 τῶν
3562 4745 3725 4798 ὁσίων
3750 4747 3968 4816 κριτὴς,

772 4830 903 4908 lium
939 4853 1055 4915 Dei,
1078 4853 1289 4919 piorum
1317 4849 1572 4916 judicent,
1607 4861 1659 4903 et
1689 4850 2054 4917 improborum
2105 4849 2314 4917 punito-

2422 4845 2514 4896 καὶ
2544 4844 2653 4895 τῶν
2692 4843 2891 4895 ἀδίκων
2939 4842 3221 4912 κολαστής.
3248 4858 3266 4891 ι
3301 4840 3376 4891 Οὐ
3423 4836 3530 4906 γὰρ
3562 4830 3644 4898 εἷς
3691 4838 3984 4907 προφήτης

774 4959 908 4999 rem.
938 4963 957 4995 ι
997 4942 1105 4996 Nec
1125 4942 1274 5032 .enim
1315 4957 1344 4994 e
1371 4940 1650 5010 prophetis
1675 4953 1812 4992 unus
1839 4938 1907 4993 de
1939 4937 2154 5040 Christo
2184 4953 2317 5005 prae-

2423 4936 2490 4987 τὰ
2528 4937 2656 5005 περὶ
2684 4932 2916 5003 Χριστοῦ
2948 4933 3337 5002 προεφήτευσε.
3356 4927 3470 4982 Κᾶν
3499 4927 3550 4979 οὶ
3583 4925 3742 4996 μόνου
3759 4926 3819 4980 δὲ
3846 4929 3981 5004 Mui-

857 5100 902 5136 "
931 5099 975 5153 ll
997 5097 1122 5154 Cor.
1148 5074 1322 5164 111,2.
1400 5101 1442 5130 ’⁸
1471 5098 1659 5153 Matth.
1696 5111 1829 5161 xm,
1883 5098 1933 5149 9.
2014 5097 2058 5127 “
2084 5094 2238 5149 Joan.
2290 5110 2338 5160 ν,
2374 5097 2464 5153 51.
2541 5098 2759 5151 "Joan.
2802 5112 2854 5160 χ,
2887 5095 2978 5148 9.8.

851 5252 966 5321 (54)
994 5252 1082 5305 Sic
1125 5250 1459 5316 stehe‘lius
1497 5250 1547 5302 in
1579 5259 1749 5321 textu,
1781 5247 1875 5301 sed
1915 5248 1979 5321 ad
2012 5244 2312 5321 marginem

777 5315 962 5384 habet,
992 5315 1411 5390 περιισταμένῳ,
1445 5333 1566 5388 qua:
1603 5320 1760 5390 lectio
1800 5315 2065 5385 reperitur
2102 5315 2157 5368 in
2194 5328 2310 5368 om-

777 5393 937 5443 nibus
967 5387 1094 5458 mss.
1124 5387 1486 5458 praeterquam
1523 5390 1576 5458 in
1597 5387 1827 5440 Joliano.

844 5458 958 5532 (55)
996 5457 1064 5509 Τὸ
1085 5452 1639 5532 gertqzoi',_etc._lta
1668 5468 1777 5532 tres
1818 5452 1976 5532 codd.
2012 5452 2310 5532 Anglicani,

782 5523 999 5596 Regius,
1031 5535 1086 5596 et
1117 5523 1456 5596 Basileensis.
1484 5526 1651 5596 Alias,
1678 5524 1740 5596 το
1769 5523 2021 5596 μέγιστον
2044 5523 2154 5596 τῶν
2187 5524 2314 5592 περὶ

774 5591 889 5668 τῆς*
908 5594 1213 5668 συστάς-τως
1243 5595 1336 5668 τοῦ
1372 5594 1543 5664 Ἰησοῦ
1575 5592 1899 5661 κεφαλαίων,
1925 5591 1999 5654 ὡς
2041 5592 2120 5644 ὅτι
2153 5591 2318 5666 apes.

775 5661 1171 5741 φήτε9,θη,πρὺε
1200 5661 1329 5741 τῶνα
1798 5730 1850 5741 ..
1901 5729 1937 5741 ..
2015 5731 2024 5741 .

846 5729 958 5811 (56)
985 5729 1380 5801 Ῐιαραζττέμπει.
1413 5729 1490 5785 ita
1533 5743 1680 5788 recte
1717 5730 1868 5785 codd.
1899 5729 2099 5798 Regius
2130 5729 2320 5784 et.-Ba-

2421 5248 2686 5304 sileensis.
2733 5247 2889 5300 Libb.
2927 5247 3053 5299 editi
3101 5245 3151 5297 in
3188 5252 3335 5296 textu
3378 5241 3574 5315 habent
3601 5241 3976 5315 παραπίπτει,

2420 5318 2592 5380 male;
2635 5318 2699 5368 ad
2738 5316 3033 5381 marginem
3071 5328 3194 5366 vero
3225 5310 3614 5384 παραρρίπτει,
3644 5326 3766 5378 qua-
3809 5312 3976 5362 lectio

2423 5386 2758 5441 tolerabilior
2785 5394 2923 5437 erat.

2493 5455 2606 5525 (57)
2653 5453 2993 5525 Hmscbeljus
3031 5461 3084 5504 et
3121 5449 3422 5520 Spencerus
3445 5450 3512 5503 ad
3539 5448 3843 5515 marginem
3877 5448 3982 5500 ba-

2419 5521 3095 5600 bee1.eezt?°m765?9a‘-_
3165 5589 3197 5600 ..
3277 5589 3320 5600 ..
3883 5583 3902 5600 ,

2494 5593 2604 5662 (58)
2639 5587 3013 5647 καταϐαλών.
3063 5589 3415 5647 Scribendum
3463 5587 3696 5652 videtur,
3739 5587 3980 5644 καταλα-

2423 5662 2548 5715 ϐῶν.
