4126 6314
158 446 268 502 753

1342 441 1618 500 CONTRA
1643 441 1918 499 CELSUM
1952 440 2077 497 LIB.
2117 439 2156 494 1.

3266 431 3369 491 ⁸η.

162 563 303 626 σέως
322 561 746 634 παραδεχόμενοι
771 561 870 626 τὰς
885 547 1112 650 νὲίὸλους
1139 562 1408 633 Σαμαρεῖς
1442 563 1477 634 ἣ
1502 563 1724 650 Σαδδου-

1845 561 2143 616 lixit.Etut
2176 555 2458 612 Samaritre
2489 552 2870 619 etSadducaai,
2894 551 2984 622 qui
3013 553 3158 608 solos
3178 549 3375 624 lloysis

161 656 311 707 καῖοι
335 653 615 722 φάσκωσιν
644 653 702 708 ὲν
724 642 947 717 ἐκείνοις
970 651 1450 723 πεπροφητεῦσθαι
1480 653 1573 706 τὸν
1591 642 1725 724 Χρι-

161 742 325 795 στόνο
367 741 480 795 ἀλλ’
512 741 630 796 ούτι
673 759 738 812 γε
791 744 850 797 ὲν
890 742 1298 814 Ἱεροσολύμοις,
1344 746 1458 807 τοῖς
1502 743 1724 814 μηδέπω

159 830 511 900 ὀνομασθεῖσι
555 832 697 886 κατὰ
730 833 825 887 τὸν
871 833 1150 897 Μωῦσέως
1189 833 1402 905 χρόνον,
1445 835 1480 904 ἡ
1517 837 1726 905 προφη-

161 921 287 974 τεία
303 921 541 975 λέλεκτο.
560 924 662 994 Εῐη
679 925 880 990 τοίνυν,
905 925 1112 989 πάντας
1138 927 1264 988 τοὺς
1281 925 1376 979 τοῦ
1407 924 1565 993 λόγου
1598 941 1728 979 κατ-

163 1011 401 1083 ηγόρους
425 1013 484 1065 ἑν
506 999 741 1085 τοσαύτῃ
771 1009 909 1067 εἶναι
948 1015 1137 1085 ἀγνοίᾳ
1171 1014 1233 1066 οὐ
1266 1013 1421 1084 μόνον
1444 1012 1552 1067 τῶν
1582 1030 1724 1084 πρα-

162 1103 412 1173 γμάτων,
436 1102 571 1157 ἀλλὰ
583 1106 676 1160 καὶ
699 1105 867 1175 ψιλῶν
883 1106 991 1159 τῶν
1006 1093 1345 1176 γραμμάτων
1369 1105 1466 1175 τῆς
1485 1106 1726 1176 Γραφῆς,

164 1195 264 1248 καὶ
290 1199 616 1269 κατηγορεῖν
646 1199 1091 1268 Χριστιανισμοῦ,
1118 1200 1206 1252 ἵνα
1234 1199 1368 1268 μηδὲ
1403 1201 1501 1269 τὴν
1539 1197 1730 1268 τυχοῦ-

168 1303 272 1340 σαν
300 1285 633 1356 πιθανότητα
676 1289 706 1341 6
755 1287 912 1357 λόγος
942 1289 1120 1342 αὐτῶν
1152 1285 1250 1361 ἔχῃ
1279 1288 1578 1358 δυναμένην
1607 1290 1731 1352 τοὺς

167 1378 600 1449 άνερματίστους
629 1379 725 1432 καὶ
752 1380 886 1450 πρὸς
914 1380 1102 1451 καιρὸν
1133 1379 1480 1443 πιστεύοντας
1503 1381 1721 1449 ἀφιστά-

168 1485 289 1521 νειν
304 1469 368 1521 οὐ
386 1469 485 1539 τῆς
514 1467 764 1535 πίστεως,
792 1470 927 1524 ἀλλὰ
956 1471 1054 1540 τῆς
1079 1470 1469 1537 ὀλιγοπιστίαςί
1488 1469 1734 1533 Ἰουδαῖος

169 1555 236 1609 δὲ
263 1555 367 1616 οὐκ
390 1556 456 1609 ἂν
483 1556 810 1629 ὁμολογήσαι
842 1559 922 1612 ὅτι
962 1559 1245 1629 προφήτης
1280 1575 1364 1621 τις
1405 1554 1556 1611 εἶπεν
1586 1557 1734 1629 ἥξειν

169 1645 312 1699 Θεοῦ
336 1647 493 1704 Υίόν·
520 1647 549 1700 ὃ
576 1647 684 1719 γὰρ
710 1649 978 1717 λέγουσιν,
1009 1650 1174 1713 ἐστὶν,
1202 1649 1282 1701 ὅτι
1312 1649 1431 1719 ἥξει
1451 1652 1479 1702 6
1507 1650 1738 1721 Χριστὸς

169 1728 270 1789 τοῦ
302 1736 460 1789 Θεοῦ.
503 1738 614 1791 Kal
653 1739 908 1804 πολλάκις
946 1757 1010 1808 γε
1062 1739 1282 1811 ζητοῦσι
1314 1740 1450 1810 πρὸς
1475 1741 1623 1811 ἡμᾶς
1654 1743 1740 1794 εὑ-

173 1827 319 1890 θέως
374 1829 502 1900 περὶ
528 1829 657 1882 Υίοῦ
704 1830 862 1893 Θεοῦ,
894 1831 969 1893 ὡς
1010 1831 1220 1895 οὐδενὸς
1265 1832 1416 1894 ὖντος
1471 1832 1733 1897 τοιούτου,

1826 653 1997 707 libros
2036 650 2326 718 recipiunt,
2361 649 2603 703 dicerent
2655 647 2933 702 Christum
2985 646 3036 704 in
3097 646 3202 700 illis
3256 661 3378 702 esse

1827 741 2286 812 praenuntiatum;
2324 749 2472 795 certe
2515 755 2621 795 non
2662 739 2868 794 editum
2917 749 2999 793 est
3043 738 3145 793 hoc
3181 738 3376 809 vatici-
3459 769 3462 772 ~

1826 835 1997 892 nium,
2038 830 2395 903 Jerosolymis
2445 832 2598 899 oujus
2643 831 2794 884 urbis
2838 844 3031 885 nomen
3065 843 3130 884 ne
3182 829 3379 902 Moysis

1827 924 2040 994 quidem
2081 923 2459 1006 aetate'fnerit.
2485 921 2650 992 366
2690 920 2905 976 Utinam
2951 934 3138 975 omnes
3184 928 3380 975 nostra:

1828 1012 2088 1067 doctrina:
2110 1012 2532 1067 calumniatores
2563 1012 2617 1065 in
2649 1011 2838 1066 eadem
2859 1025 2964 1064 non
2992 1010 3151 1066 modo
3173 1024 3378 1075 rerum,

1829 1107 1928 1161 sed
1961 1106 2125 1162 etiam
2150 1105 2453 1160 litterarum
2497 1104 2793 1172 Scriptura:
2828 1102 3132 1172 ignorantia
3165 1087 3406 1156 versen-.

1834 1209 1941 1263 tur,
1962 1207 2036 1252 aut
2070 1196 2282 1253 illorum
2313 1200 2492 1252 oratio
2523 1210 2593 1251 ne
2618 1195 2916 1250 minimam
2952 1194 3169 1262 quidem
3194 1191 3388 1262 proba-
3439 1193 3442 1196 ’

1832 1288 2098 1343 bilitatem
2144 1274 2360 1350 habeat;
2398 1299 2518 1355 qua)
2554 1271 2866 1355 pervertere
2911 1283 3081 1352 possit
3123 1296 3228 1335 non
3264 1281 3387 1334 dico

1837 1379 2022 1442 ﬁdem,
2046 1378 2142 1432 sed
2166 1377 2516 1445 exiguitatem
2545 1375 2670 1430 ﬁdei
2699 1388 2886 1431 eorum
2905 1374 2996 1442 qui
3016 1386 3207 1442 parum
3243 1369 3387 1424 ﬁrmi

1835 1472 1901 1524 ad
1933 1481 2144 1538 tempus
2184 1469 2450 1524 credunt!
2477 1466 2663 1536 Neque
2709 1479 2840 1520 vero
2886 1463 3102 1519 Judaaus
3130 1461 3390 1516 fatebitur

1837 1560 2146 1629 prazdictum
2181 1573 2209 1611 a
2239 1559 2488 1628 quopiam
2516 1557 2801 1626 propheta,
2846 1554 2965 1609 fore
2992 1565 3050 1608 ut
3085 1553 3257 1607 Filius
3293 1550 3388 1606 Dei
3457 1551 3460 1554 ’

1838 1650 2040 1704 veniat.
2067 1649 2222 1715 Quod
2263 1649 2404 1703 enim
2436 1649 2644 1712 dicunt,
2667 1647 2795 1701 illud
2827 1654 2931 1712 est,
2958 1652 3236 1700 venturum
3267 1657 3390 1697 esse

1837 1739 2115 1794 Christum
2144 1740 2260 1796 Dei.
2289 1739 2440 1794 Unde
2463 1739 2543 1805 ﬁt,
2571 1749 2633 1794 ut
2656 1754 2802 1808 saepe
2829 1752 2929 1793 nos
2955 1733 3388 1804 'interrogent‘de

1845 1831 1980 1886 Filio
2012 1830 2129 1895 Dei,
2155 1832 2306 1900 quasi
2347 1830 2524 1884 nullus
2545 1823 2643 1893 sit,"
2665 1840 2758 1884 aut
2787 1829 2931 1884 illius
2966 1843 3238 1896 nunquam
3267 1842 3393 1896 pro-

174 1917 300 1969 ούδὲ
339 1920 969 1990 πῳφητευθέντοςεΚαὶ
1016 1922 1075 1972 ού
1129 1921 1284 1974 τοῦτό
1323 1939 1525 1992 φαμεν,
1559 1924 1644 1976 ὅτι
1679 1926 1738 1976 οὐ

1845 1922 2018 1993 phetae
2071 1923 2296 1977 fecerint
2338 1923 2681 1976 mentionem.
2735 1921 2911 1990 Atque
2965 1921 3079 1974 haec
3118 1919 3383 1983 dicimus,

176 2011 580 2081 προφητεύεται
619 2011 728 2081 (59)
763 2011 888 2074 Υίδς
923 2011 1093 2064 Θεοῦ·
1143 2011 1258 2066 ἀλλ’
1290 2013 1372 2065 ὅτι
1420 2013 1518 2083 οὐχ
1568 2015 1740 2085 ἁρμο-

173 2098 381 2164 ζόντως
415 2101 494 2172 τῷ
533 2101 807 2172 Ἰουδαῖκῷ
855 2101 1148 2174 προσώπῳ,
1176 2103 1250 2174 μὴ
1303 2104 1650 2175 ὁμολογοῦντι
1681 2105 1742 2157 τὸ

173 2191 409 2255 τοιοῦτο,
462 2191 752 2262 περιέθηκε
803 2193 883 2245 τόο
921 2188 1127 2245 «Εἶπεν
1175 2193 1305 2264 ἐμὸς
1361 2195 1645 2266 προφήτης
1686 2197 1743 2247 ὲν

187 2284 578 2356 Ἰεροσολύμοις
607 2284 756 2350 ποτὲ,
786 2285 868 2337 ὅτι
893 2283 1015 2354 ἥξει·
1040 2283 1172 2339 Θεοῦ
1208 2284 1391 2347 Υἱός.)
1442 2306 1452 2316 ·

252 2370 409 2437 Εἶτα,
429 2374 504 2437 ὡς
532 2374 689 2443 μόνου
723 2373 834 2444 (40)
857 2374 1320 2445 προφητευθέντος
1351 2374 1564 2438 τούτου,
1582 2374 1744 2426 ὁσίων

176 2465 346 2519 αὑτὸν
379 2461 515 2518 εἶναι
543 2465 771 2537 κριτὴν,
813 2466 907 2520 καὶ⁵
937 2465 1045 2518 τῶν
1076 2465 1274 2518 ἀδίκων
1308 2465 1576 2536 κολαστὴν
1601 2504 1617 2529 ,
1653 2466 1744 2519 καὶ

179 2559 326 2629 μήτε
355 2558 519 2611 τόπου
543 2559 806 2627 γενέσεως
853 2559 1038 2623 αὑτοῦ,
1077 2561 1210 2629 μήτε
1241 2557 1444 2621 πάθους
1466 2555 1653 2620 αὐτοῦ,
1685 2549 1744 2608 οὗ

179 2647 298 2697 ὑπὸ
360 2648 625 2702 Ἰουδαίων
670 2649 937 2709 πείσεται,
985 2650 1106 2716 μήτ’
1159 2648 1505 2708 ἀναστάσεως
1558 2645 1742 2708 αὐτοῦ,

180 2735 328 2803 μήτε
372 2736 668 2805 τεραστίων
724 2730 799 2788 ὧν
837 2738 1048 2805 ποιήσει
1092 2736 1370 2805 δυνάμεων
1421 2734 1747 2806 προειρημέ-

177 2841 316 2885 νων,
345 2824 504 2893 φησί·
539 2843 556 2874 ι
578 2823 641 2893 Τί
679 2824 876 2893 μᾶλλον
908 2825 991 2888 σὺ,
1028 2823 1061 2892 ἢ
1109 2823 1257 2876 ἄλλοι
1307 2823 1510 2894 μυρίοι,
1528 2823 1576 2876 οἳ
1612 2822 1746 2894 μετὰ

177 2913 284 2984 τὴν
342 2915 674 2984 προφητείαν
727 2915 1026 2984 γενόμενοι,
1082 2916 1207 2978 εἰσὶ,
1255 2916 1382 2985 περὶ
1438 2908 1512 2967 ὧν
1577 2914 1746 2968 ταῦτα

181 3002 588 3072 προεφητεύετο
620 3002 730 3074 (Μ)
755 3020 770 3068 ;
797 3024 815 3055 ι
848 3006 958 3059 Kal
980 3004 1078 3058 οὐκ
1116 2999 1212 3058 οἶδ’
1242 3006 1389 3068 ὅπως
1435 3005 1748 3076 βουλόμενος

179 3090 284 3143 καὶ
334 3090 542 3158 ἑτέροις
596 3091 894 3158 περιθεῖναι
951 3092 1013 3144 τὸ
1062 3092 1318 3152 δύνασθαι
1381 3095 1747 3158 ὑπονοεῖσθαι,

181 3181 272 3232 ὅτι
338 3181 491 3234 αὐτοὶ
557 3176 696 3262 ἦσαν
764 3183 813 3234 οί
891 3185 1396 3254 προφητευθὲντες,
1452 3188 1612 3256 φησὶν
1670 3189 1749 3240 ὃτι

188 3291 209 3321 ο
234 3273 286 3322 οί
332 3271 431 3340 μὲν
462 3241 862 3336 ἐνθουσιῶντες,
897 3241 948 3326 oi
991 3241 1400 3346 δὲ1ἀγείροντες
1427 3241 1560 3345 (λέ),
1591 3279 1749 3345 φασὶν
1777 3241 1816 3295 C

180 3362 344 3427 ἥκειν
375 3360 578 3414 ἄνωθεν
601 3360 730 3414 Υἱὺν
760 3362 947 3414 Θεοῦ.»
973 3365 1048 3415 Οὐ
1065 3363 1172 3435 γὰρ
1207 3366 1566 3435 ἱστορήσαμεν
1597 3365 1748 3418 ταῦθ’

179 3449 565 3519 ὁμολογεῖσθαι
625 3450 776 3522 παρὰ
833 3453 948 3513 τοῖς
989 3450 1259 3513 Ἰουδαίοις
1303 3449 1608 3518 γεγονέναιέ
1648 3455 1750 3506 Λε-

183 3540 346 3594 κτέον
377 3537 470 3592 οὖν
497 3540 732 3610 πρῶτον,
763 3541 846 3593 ὅτι
881 3541 1066 3593 πολλοὶ
1103 3526 1372 3611 προφῆται
1405 3543 1752 3604 παντοδαπῶς

185 3632 452 3699 προεῖπον
478 3629 547 3681 τά
586 3631 713 3702 περὶ
733 3630 990 3702 Χριστοῦ,
1020 3633 1069 3683 οί
1106 3632 1203 3700 μὲν
1230 3633 1296 3685 δι’
1328 3633 1679 3704 αἰνιγμάτων,
1705 3635 1752 3686 οἱ

182 3721 244 3772 δὲ
273 3720 342 3771 δι’
371 3719 714 3790 ἀλληγορίας,
742 3721 774 3791 ἢ
805 3722 947 3793 ἄλλῳ
977 3723 1178 3793 τρόπῳ,
1213 3724 1355 3786 τινὲς
1378 3724 1434 3776 δὲ
1465 3725 1558 3778 καὶ
1594 3727 1752 3778 αύτο-

180 3809 356 3892 λεξεί.
381 3810 488 3862 Kal
542 3812 664 3864 ἐπεὶ
687 3813 744 3864 ὲν
775 3816 887 3876 τοῖς
918 3812 1044 3883 ἑξῆς
1081 3831 1241 3883 φησιν
1276 3816 1332 3866 ὲν
1376 3818 1440 3885 τῇ
1485 3815 1580 3869 τοῦ
1625 3817 1752 3869 Ἰου-

182 3901 342 3955 δαίου
377 3902 514 3971 πρὸς
557 3903 684 3966 τοὺς
731 3904 838 3958 άπὸ
883 3905 977 3958 τοῦ
1012 3905 1140 3958 λαοῦ
1170 3895 1520 3970 πιστεύοντας
1548 3924 1756 3979 προσω-

186 3990 440 4059 ποποιίᾳ,
470 3992 568 4058 τὰς
604 3995 685 4055 είς
712 3993 782 4046 τὰ
814 3997 940 4065 περὶ
971 3995 1156 4048 ταύτου
1202 3998 1605 4068 ἀναφερομένας
1635 4016 1759 4069 προ-

186 4076 422 4147 φητείας
461 4077 717 4154 δύνασθαι
753 4084 846 4135 καὶ
873 4084 1052 4148 ἄλλοις
1082 4087 1411 4158 ἐφαρμόζειν
1448 4089 1756 4159 πράγμασι,

183 4164 382 4229 δεινῶς
433 4166 529 4220 καὶ
579 4169 900 4239 κακούργως
954 4172 1110 4227 τοῦτο
1170 4175 1373 4244 λέγων·
1418 4177 1603 4245 ὀλίγας
1650 4179 1758 4230 ἀπὸ

186 4256 455 4310 πλειόνων
478 4257 839 4328 ἐκθησόμεθα,
860 4262 989 4332 περὶ
1025 4257 1100 4316 ὧν
1123 4267 1151 4317 6
1174 4265 1491 4337 βουλόμενος
1522 4269 1758 4336 ἀναγκα-

185 4347 383 4401 στικόν
397 4364 449 4400 τι
466 4348 546 4410 είς
563 4349 872 4420 ἀνατροπὴν
902 4349 1080 4403 αὐτῶν
1109 4354 1332 4418 εἰπάτω,
1361 4355 1455 4408 καὶ
1469 4355 1758 4425 δυνάμενον

185 4439 464 4511 ἐντρεχῶς
512 4437 859 4503 πιστεύοντας
881 4441 1212 4510 μεταστῆσαι
1241 4439 1348 4496 ἀπὸ
1374 4444 1472 4513 τῆς
1507 4437 1753 4508 πίστεως.

1842 2029 1947 2068 non
1987 2027 2095 2082 quo
2124 2027 2380 2083 negemus
2401 2011 2595 2067 Filium
2621 2011 2714 2066 Dei
2743 2012 3158 2081 praenuntiatum
3187 2010 3390 2075 fuisse;
3448 1985 3463 2064 ί

1832 2108 1933 2162 sed
1959 2113 2017 2160 ut
2046 2106 2396 2160 ostendamus
2425 2103 2613 2157 Judaao
2660 2105 2785 2157 huic
2817 2103 2892 2156 rei
2938 2104 3158 2156 minime
3204 2117 3392 2157 assen-

1844 2199 1997 2254 tienti
2026 2196 2167 2253 male
2205 2195 2400 2250 ascribi
2433 2196 2597 2253 haec:
2631 2212 2650 2245 ι
2679 2193 2825 2249 Meus
2865 2195 3123 2264 propheta
3154 2194 3207 2246 in
3237 2191 3393 2247 δεινο-

1843 2289 2068 2361 solymis
2095 2287 2223 2343 olim
2257 2285 2411 2348 dixit,
2438 2293 2725 2340 venturum
2755 2297 2876 2340 esse
2905 2284 2997 2338 Dei
3034 2283 3251 2337 Filium.
3277 2301 3296 2335 ι
3354 2322 3358 2325 .

1914 2379 2240 2436 50..Deinde
2267 2377 2419 2447 quasi
2462 2379 2563 2433 hoc
2599 2377 2769 2432 solum
2833 2377 2899 2430 de
2934 2375 3149 2431 Christo
3203 2373 3398 2443 praedi-

1846 2462 1993 2528 ctum
2025 2471 2240 2535 fuisset,
2267 2469 2414 2522 illum
2440 2467 2554 2523 fore
2581 2477 2637 2524 et
2665 2470 2872 2537 piorum
2897 2467 3130 2534 iudicem
3158 2475 3212 2521 et
3235 2466 3399 2534 puni-

1853 2573 2026 2617 torem
2057 2561 2444 2630 improborum,
2479 2568 2534 2612 et
2560 2559 2836 2627 propheta:
2861 2559 2927 2611 de
2965 2558 3109 2610 illius
3145 2566 3292 2622 ortu,
3323 2557 3419 2611 de'
3473 2590 3478 2596 -

1848 2650 2110 2719 supplicio
2135 2663 2240 2717 quo
2266 2648 2417 2701 illum
2449 2648 2688 2701 necaturi
2722 2655 2879 2701 erant
2903 2645 3094 2709 Judaei,
3121 2647 3187 2700 de
3209 2658 3398 2700 resur-
3510 2644 3515 2653 “

1849 2739 2091 2793 rectione
2139 2738 2526 2804 miraculisque
2579 2735 2646 2790 ah
2701 2736 2792 2788 illo
2852 2722 3134 2804 patrandis
3177 2737 3403 2790 omnino

1849 2830 2142 2895 siluisSent,
2175 2830 2248 2881 ait
2280 2843 2337 2882 τι
2362 2825 2464 2892 Qui
2508 2826 2675 2893 magis
2722 2827 2775 2878 in
2813 2835 2866 2879 te
2904 2823 3219 2879 vaticinium
3253 2824 3398 2880 istud

1850 2923 2117 2986 convenit,
2150 2935 2310 2988 quam
2353 2920 2404 2973 in
2453 2926 2740 2973 sexcentos
2777 2917 2930 2981 alios,
2971 2918 3061 2987 qui
3099 2925 3222 2984 post
3267 2915 3399 2970 illud

1852 3015 1961 3067 nati
2013 3013 2223 3067 sunt?»
2262 3010 2397 3064 Tum
2451 3013 2604 3077 quasi
2663 3009 2986 3075 persuadere
3044 3007 3202 3061 vellet
3262 3005 3331 3059 ali
3375 3021 3401 3060 ς
3502 3017 3508 3022 ’

1853 3094 2046 3164 fuisse.
2075 3102 2270 3169 quibus
2300 3101 2404 3153 hoc
2424 3098 2735 3150 vaticinium
2767 3096 3164 3150 accommodari
3192 3099 3342 3164 potui
3382 3125 3406 3137 ν

1852 3204 1953 3259 set,
1981 3193 2173 3245 asserit
2198 3191 2380 3244 nescio
2412 3203 2518 3257 quo
2566 3195 2888 3256 argumento
2922 3185 3118 3250 fretus,
3159 3207 3176 3238 ι
3200 3187 3392 3241 ίεηιιιη

1853 3301 1945 3338 cos
1979 3293 2035 3336 et
2081 3283 2404 3351 impostorcs
2442 3294 2584 3341 esse,
2616 3281 2706 3347 qui
2758 3294 2818 3333 se
2857 3279 3036 3333 dicant
3081 3279 3273 3333 Filium
3307 3280 3401 3334 Dei

1850 3385 1971 3424 esse
2005 3370 2176 3435 illum,
2211 3368 2301 3436 qui
2339 3367 2552 3422 coalitus
2602 3367 2827 3421 venerit.
2857 3385 2874 3417 ι
2910 3365 3096 3434 Neque
3126 3367 3268 3432 enim
3306 3381 3403 3419 au-

1853 3459 2084 3511 divimus
2140 3458 2193 3510 in
2243 3454 2492 3510 confesso
2524 3469 2643 3510 esse
2688 3455 2792 3508 tale
2832 3455 3104 3523 quippiam
3139 3456 3280 3523 apud
3313 3453 3404 3508 Ju-

1854 3549 1996 3602 dmos
2025 3546 2310 3602 accidisse.
2359 3546 2600 3600 Primum
2653 3544 2812 3614 igitur
2849 3544 3278 3612 respondendum
3317 3553 3402 3597 est

1856 3633 2043 3691 multis
2071 3650 2099 3688 a
2135 3635 2413 3705 prophetis
2447 3633 2594 3687 varia
2623 3633 2691 3686 de
2718 3633 2936 3687 Christo
2976 3632 3119 3686 edita
3151 3646 3272 3686 esse
3307 3646 3400 3685 va-

1858 3728 2061 3791 ticinia,
2095 3742 2213 3796 qum
2249 3726 2338 3779 alii
2391 3724 2698 3793 mnigmatis
2748 3723 3160 3789 occultaverint,
3194 3723 3289 3778 alii
3321 3725 3406 3777 in-

1855 3818 2118 3872 volverint
2151 3815 2418 3883 allegoriis
2441 3823 2532 3867 aut
2557 3813 2662 3867 alio
2689 3813 2868 3877 modo,
2900 3812 2990 3866 alii
3038 3811 3252 3867 disertis
3283 3826 3407 3869 ver-

1859 3909 1938 3962 bis
1964 3907 2333 3974 conceperint.
2366 3904 2429 3957 Et
2449 3903 2573 3972 quia
2600 3904 3004 3970 comme‘ntitius
3028 3902 3166 3958 Celsi
3188 3902 3406 3958 Judmus

1859 4003 1910 4051 in
1936 3999 2287 4067 sequentibus
2315 3995 2556 4061 improbe
2581 4004 2637 4049 et
2666 3995 2808 4049 malo
2844 3994 3026 4047 animo
3056 3993 3185 4046 dicit
3219 3993 3286 4046 iis
3312 3994 3402 4060 qui

1857 4108 1887 4145 e
1915 4105 2013 4144 suo
2044 4090 2241 4159 populo
2269 4088 2521 4151 credunt,
2565 4086 2776 4155 vulgata
2810 4084 2877 4140 de
2902 4083 3118 4139 Christo
3150 4085 3402 4138 vaticinia

1861 4194 2019 4248 posse
2059 4190 2113 4231 et
2145 4178 2212 4231 ad
2245 4177 2348 4230 alia
2390 4176 2602 4245 negotia
2634 4176 2932 4244 pertinere;
2966 4187 3130 4240 pauca
3165 4190 3195 4228 e
3226 4174 3414 4228 multis

1859 4282 2216 4336 exponemus,
2244 4280 2361 4333 quae
2396 4264 2440 4318 si
2494 4263 2618 4331 quis
2648 4270 2962 4330 pervertere
2995 4263 3246 4328 voluerit,
3275 4276 3403 4329 pro-

1862 4359 1999 4410 ferat
2032 4356 2292 4425 quidquid
2325 4355 2486 4407 habet
2519 4354 2747 4406 validius
2775 4353 3023 4419 quodque
3051 4363 3200 4420 putat
3237 4353 3408 4422 magis
3469 4418 3471 4420 η

1861 4456 2016 4509 posse
2045 4457 2072 4493 a
2099 4441 2200 4492 [ide
2229 4441 2506 4493 deterrere
2545 4453 2638 4493 eos
2679 4438 2772 4506 qui
2803 4440 3095 4505 prudenter
3123 4440 3368 4494 credunt.

127 4586 131 4588 _
173 4526 238 4582 Ι
265 4525 496 4596 Εἴρηται
518 4527 582 4597 δὴ
624 4527 752 4598 περὶ
793 4527 890 4597 μὲν
925 4526 1017 4579 τοῦ
1050 4529 1214 4580 τόπου
1234 4531 1334 4598 τῆς
1363 4533 1628 4597 γενέσεως
1661 4533 1746 4583 αύ-

1931 4530 2017 4582 51.
2051 4531 2128 4580 Ac
2163 4530 2228 4580 de
2263 4528 2383 4581 loco
2411 4528 2629 4594 quidem
2661 4527 2750 4580 ubi
2777 4529 3079 4582 nasciturus
3109 4541 3246 4592 erat,
3273 4542 3415 4598 pra:-

182 4615 311 4681 τοῦ,
340 4616 420 4669 ὅτι
451 4618 560 4670 ἀπὸ
589 4618 832 4688 Βηθλεὲμ
864 4618 1198 4684 ἐξελεύσεται
1230 4621 1259 4670 6
1286 4620 1601 4689 ἡγούμενος,
1630 4621 1753 4671 τοῦ-

130 4776 132 4780 τ
183 4723 288 4760 τον
306 4706 400 4758 τὸν
423 4707 650 4777 τρόπον’
694 4727 710 4758 ι
731 4708 839 4763 Kal
864 4708 927 4760 σὺ
960 4708 1227 4779 Βηθλεὲμ,
1260 4705 1409 4772 οἶκος
1427 4710 1520 4763 τοῦ
1557 4711 1754 4779 Ἐφρα-

185 4794 286 4859 θὰ,
314 4796 413 4848 οὐκ
438 4795 710 4865 ὀλιγοστὸς
741 4794 791 4850 εἶ
823 4798 932 4870 (45)
957 4800 1053 4853 τοῦ
1096 4799 1234 4857 εἷναι
1268 4803 1322 4855 ὲν
1356 4802 1589 4872 χιλιάσιν
1628 4802 1757 4854 Ἰού-

180 4890 292 4944 δαο
328 4893 393 4942 ὲκ
425 4890 519 4943 σοῦ
548 4891 654 4961 γάρ
688 4909 778 4962 μοι
808 4891 1141 4956 ἐξελεύσεται
1166 4894 1258 4947 τοῦ
1292 4892 1425 4948 εἶναι
1455 4898 1534 4957 εἰς
1567 4895 1757 4966 ἄρχον-

180 4999 263 5036 τα
290 4983 350 5034 ὲν
379 4982 457 5052 τῷ
488 4984 731 5056 Ἰσραήλο
766 4985 859 5037 καὶ
898 4988 952 5038 αἱ
986 4984 1151 5049 ἔξοδοι
1175 4986 1335 5038 αὐτοῦ
1362 4986 1455 5038 ἀπ’
1488 4985 1659 5055 ἀρχῆς
1700 4987 1758 5049 ἐξ

182 5073 422 5146 ἡμερῶν
452 5076 676 5139 αἰῶνοςθ
698 5094 719 5128 ι
752 5076 889 5148 αὕτη
916 5077 958 5129 δ’
993 5080 1024 5147 ἡ
1059 5076 1358 5148 προφητεία
1394 5075 1567 5128 οὐδενὶ
1593 5078 1759 5147 ἁρμό-

267 5187 314 5220 ι·
348 5187 510 5240 ιιίυιι.
549 5203 601 5252 v,
633 5188 690 5242 ε.

264 5280 382 5350 (39)
428 5283 881 5348 Προφητεύεται.
943 5281 1196 5337 Gelenius
1241 5282 1508 5348 interpres
1554 5281 1763 5334 videtur

189 5352 400 5420 legisse
426 5353 890 5420 πεπροφήτευται.

272 5369 400 5418 ςιςδθ
426 5369 604 5418 πεπρο
649 5370 890 5420 ητευται.

272 5417 393 5559 (4οζ
425 5369 752 5501 (Σοιωῖἰεες.
779 5419 1207 5502 et.Basileensis,
1232 5417 1306 5498 ᾡς
1328 5418 1386 5469 οὐ
1422 5417 1606 5497 μόνου.

273 5490 362 5559 (41
423 5486 557 5541 'l‘res
575 5488 877 5559 Anglicani,
901 5489 1120 5558 Reg.,et
1150 5488 1498 5551 Basdeensns,
1525 5488 1606 5558 ἐπι

273 5491 393 5574 (ιι)

186 5574 408 5616 τευετο.

272 5628 389 5702 (42)
419 5626 572 5702 Libh.
605 5626 737 5702 editi
777 5628 846 5702 ad
876 5629 1198 5699 marginem,
1231 5625 1551 5697 ἐγείροντες,
1575 5625 1758 5694 sicque

189 5695 319 5759 tre‘s
358 5695 490 5752 mss.
525 5695 827 5762 Anglicani.
999 5695 1024 5699 ⁷
1353 5695 1361 5697 ⁷
1452 5703 1456 5706 ‘

277 5768 392 5838 (45)
437 5769 556 5838 Οὐκ
589 5767 902 5833 ὀλιγοστὸς
932 5763 1002 5838 εἴ,
1038 5769 1076 5819 A
1127 5767 1331 5820 duobus
1367 5764 1676 5838 Anglicanis
1703 5772 1756 5838 et

192 5834 432 5911 utroque
462 5837 722 5892 Vaticano
767 5838 919 5891 abest
946 5837 1064 5899 οὐκ,
1100 5837 1549 5904 quemadmodum
1578 5852 1606 5887 ιι
1641 5834 1754 5888 νιιιο

423 5486 557 5541 'l‘res
575 5486 877 5559 Anglicani,
901 5489 1120 5558 Reg.,et
1150 5488 1498 5551 Basileensis,
1525 5488 1762 5558 ἐπροφηυ

1859 4616 2191 4669 diciturt‘ore
2225 4627 2281 4668 ut
2331 4633 2394 4668 ex
2448 4615 2727 4670 Bethleem
2765 4618 3012 4688 prodeat,
3044 4619 3131 4685 qui
3159 4619 3407 4688 princeps

1861 4705 2071 4759 futuru‘s
2100 4715 2238 4758 erat.
2288 4705 2570 4775 Prophetas
2607 4710 2768 4761 verba
2811 4717 2938 4762 sunt
2975 4729 2987 4762 :
3022 4708 3129 4775 (Et
3163 4718 3214 4762 tu
3247 4707 3411 4762 Beth-

1860 4798 2020 4860 leem,
2061 4797 2255 4851 domus
2304 4797 2601 4865 Ephratha,
2637 4814 2742 4851 non
2792 4799 3013 4853 minima
3061 4814 3118 4853 es
3161 4807 3219 4851 ut
3249 4800 3324 4853 sis
3355 4800 3408 4852 in

1861 4876 2283 4943 millibusluda.
2327 4890 2401 4942 Ex
2439 4901 2490 4943 te
2517 4893 2658 4943 enim
2693 4890 2823 4944 mihi
2861 4891 3167 4961 egredietur
3215 4892 3304 4958 qui
3339 4891 3409 4943 sit

1864 4980 2168 5034 dominator
2220 4980 2274 5033 in
2325 4979 2510 5043 Israel,
2544 4989 2596 5033 et
2643 4995 2896 5050 egressus
2924 4979 3037 5048 ejus
3077 4979 3144 5032 ab
3175 4979 3348 5042 initio,
3375 4994 3408 5032 a

1867 5073 2058 5125 diebus
2105 5071 2506 5125 aiternitatis”.
2533 5090 2550 5121 ι
2599 5069 2709 5126 lloc
2737 5072 2895 5143 367
2931 5069 3239 5125 vaticinium
3277 5063 3407 5123 nulli

1873 5287 1996 5346 galo
2033 5284 2174 5329 textu
2223 5273 2330 5325 τῶν
2380 5276 2454 5326 0'.
2488 5273 2689 5346 Neque
2718 5274 2898 5346 etiarn
2934 5272 3072 5324 hanc
3123 5279 3405 5346 negantem

1871 5339 2184 5415 particulam
2235 5347 2479 5410 agnoscit
2539 5339 2797 5396 Eusebius
2849 5340 2936 5392 lib.
2974 5356 3011 5392 ιι
3042 5349 3094 5415 ει
3125 5339 3409 5415 vn__lt_‘van-

1868 5408 2046 5483 'gelicaz
2077 5408 2566 5483 demonstrationis,
2590 5422 2644 5464 at
2671 5417 3000 5483 agnoverunt
3042 5408 3407 5483 Tertullianus

1867 5476 1922 5538 et
1968 5480 2404 5554 Cyprianus_lib.
2453 5497 2497 5554 ιι
2527 5476 2836 5554 Τεξιιηιόηι,
2890 5478 3047 5554 cujus
3079 5479 3239 5554 verba
3276 5476 3405 5530 libet

1866 5548 2174 5606 ascribere:
2207 5568 2225 5600 ι
2255 5549 2313 5602 ΕΙ
2354 5560 2433 5615 tu,
2466 5551 2759 5611 Bethleem,
2791 5552 2979 5600 domus
3010 5548 3267 5615 Ephrata,
3297 5562 3402 5599 non

1864 5623 2051 5688 exigua
2087 5633 2165 5683 es,
2204 5630 2261 5671 ut
2293 5621 2643 5672 constituaris
2688 5619 2740 5670 in
2792 5617 3028 5688 millibus
3067 5615 3319 5688 JmlaJﬂx
3351 5624 3402 5667 te

1865 5685 1994 5745 mihi
2019 5691 2294 5758 procedet,
2324 5697 2383 5741 ut
2413 5688 2485 5743 sit
2518 5691 2770 5757 princeps
2802 5685 2948 5758 apud
2978 5685 3169 5758 Israel;
3203 5694 3404 5758 etpro.

1865 5754 2136 5813 cessiones
2172 5754 2289 5827 ejus
2331 5773 2360 5810 a
2404 5754 2670 5826 principio
2702 5754 2728 5808 τι
2762 5756 2947 5827 diebus
2981 5754 3180 5827 saeculi.
3209 5770 3226 5800 ο
3261 5755 3404 5827 Mat-

1867 5831 2032 5885 thueus
2084 5823 2414 5897 evangelista
2452 5843 2508 5894 ιι,
2541 5823 2599 5894 6,
2635 5829 2774 5882 nunc
2830 5823 3061 5879 Michaeae
3112 5823 3287 5876 locum
3321 5824 3402 5877 sic
