4096 6304
677 392 780 449 ’159

2123 395 2444 471 ORIGENIS

3793 396 3896 448 τσο

668 521 851 564 natum
894 493 976 562 est
1005 527 1016 560 :
1048 508 1114 561 ab
1139 525 1240 560 una
1274 511 1412 561 tribu
1451 526 1614 575 penes
1648 528 1804 575 quam
1839 527 2056 578 regnum
2087 526 2212 565 erat.

2332 510 2707 579 γεννηθέντες,
2754 509 2968 581 ἄρξουσι
3001 506 3096 588 τοῦ
3123 505 3390 561 λαοῦο-διδ
3415 510 3506 562 καὶ
3545 511 3575 561 6
3613 510 3719 571 πᾶς
3767 509 3897 572 λαὸς

667 599 1008 652 denominata
1027 609 1184 666 gente
1199 599 1362 668 369
1381 601 1647 654 universa.
1682 601 1791 655 lloc
1818 603 1978 656 etiam
1997 605 2231 657 admira-

666 684 812 739 bitur
870 687 1130 740 candidus
1160 687 1301 740 illius
1331 688 1696 754 praedictionis
1721 690 1907 754 lector,
1938 692 2230 760 quomodo,

664 786 946 844 postquam
975 776 1239 830 dixerate
1273 778 1414 830 tribu
1460 776 1594 831 Juda
1651 781 1910 835 oriun‘dos
1971 781 2087 835 fore
2137 784 2228 850 qui

663 867 842 934 populi
874 867 1145 933 principes
1173 875 1352 918 essent
1383 881 1444 919 ac
1475 868 1669 930 duces,
1704 871 2046 924 constituerit
2085 871 2230 924 illius

631 950 633 953 ’
662 959 945 1022 potestatis
978 955 1152 1021 tinem
1211 958 1291 1008 his
1349 958 1525 1010 verbis
1555 973 1570 1010 :
1606 978 1620 1008 ι
1667 959 1780 1015 Non
1833 962 2048 1016 deﬁciet
2081 963 2230 1030 prin-

657 1062 788 1118 ceps
819 1063 881 1102 ex
922 1046 1054 1101 Juda
1082 1057 1133 1101 et
1165 1048 1266 1099 dux
1303 1063 1332 1100 e
1376 1047 1664 1103 femoribus
1715 1050 1852 1120 ejus,
1919 1053 2101 1113 donec,
2138 1069 2229 1108 ve-

658 1139 840 1191 nerint
889 1153 1008 1206 quae
1051 1139 1281 1206 reposita
1337 1149 1461 1192 sunt
1495 1142 1578 1202 ei;
1632 1153 1684 1194 et
1732 1145 1843 1210 ipse
1894 1147 2226 1212 exspectatio

655 1227 978 1293 gentium".
1010 1246 1029 1277 ›
1065 1226 1218 1279 Venit
1249 1228 1390 1280 enim
1423 1229 1509 1282 cui
1541 1231 1772 1296 reposita
1801 1213 1945 1296 sunt,
1972 1233 2225 1287 Christus

657 1316 775 1382 Dei,
801 1320 1215 1387 promissionum
1250 1321 1337 1372 Dei
1373 1320 1640 1389 princeps.
1679 1323 1840 1376 Solus
1892 1323 1979 1377 ille
2020 1342 2124 1379 non
2158 1341 2222 1378 ex

655 1410 726 1464 iis
753 1412 1018 1466 duntaxat
1072 1413 1160 1478 qui
1218 1422 1341 1463 ante
1393 1412 1692 1474 illum,sed
1726 1418 1910 1479 etiam,
1963 1420 2225 1472 audacter

653 1502 852 1560 dicam,
893 1517 956 1553 ex
1005 1501 1069 1556 iis
1120 1503 1210 1570 qui
1241 1513 1357 1568 post
1407 1504 1679 1568 vixerunt,
1718 1504 1838 1569 init,
1884 1518 1941 1559 ut
1997 1503 2224 1563 manife-

650 1604 796 1649 stum
821 1604 920 1658 est,
954 1612 972 1644 ι
1005 1597 1335 1661 exspectatio
1369 1598 1626 1664 gentium.
1661 1617 1677 1647 ι
1712 1596 1955 1652 Fuerunt
1984 1601 2128 1654 enim
2155 1616 2218 1656 ex

647 1686 903 1738 onmibus
937 1686 1208 1754 gentibus,
1244 1688 1333 1754 qui
1367 1703 1463 1755 per
1494 1689 1640 1743 illum
1690 1689 1798 1744 Deo
1823 1693 2125 1757 crederent,
2169 1703 2222 1747 et

648 1781 839 1840 gentes
871 1775 920 1826 in
950 1775 1068 1842 ejus
1099 1777 1313 1830 nomine
1362 1793 1509 1843 spem
1545 1795 1703 1834 suam
1757 1781 2164 1839 collocaverunt
2201 1800 2216 1836 :

2348 599 2584 653 Ἰουδαῖοι
2617 600 2983 670 ὀνομάζονται,
3011 599 3112 668 τῆς
3139 597 3519 670 βασιλευούσης
3550 599 3720 670 φυλῆς
3743 600 3894 663 δντες

2334 687 2627 758 ἐπώνυμοι.
2660 689 2768 740 Ka‘t
2795 686 3042 758 δεύτερον
3066 687 3111 739 δ’
3131 687 3197 741 ἂν
3222 687 3493 757 θαυμάσαι
3531 690 3630 760 τὴν
3676 707 3892 760 προφη-

2331 778 2479 830 τείαν
2505 781 2533 832 6
2562 779 2912 847 εὐγνωμόνως
2949 779 3083 847 αὐτῇ
3110 778 3475 848 ἐντυγχάνων,
3506 780 3628 832 τ-ίνα
3669 783 3891 852 τρόπον,

2330 869 2498 921 εἰπὼν
2519 869 2630 922 ἀπὸ
2645 869 2742 939 τῆς
2755 869 2921 922 Ἰούδα
2972 869 3142 938 φυλῆς
3161 868 3372 936 ἔσεσθαι
3392 871 3517 931 τοὺς
3532 871 3788 940 ἄρχοντας
3800 875 3894 924 καὶ

2330 960 2595 1029 ἡγεμόνας
2630 960 2722 1012 τοῦ
2757 958 2906 1026 λαοῦ,
2944 959 3136 1030 ἔστησε
3167 962 3260 1012 καὶ
3295 960 3358 1014 τὸ
3395 960 3546 1024 τέλος
3583 961 3686 1030 τῆς
3726 962 3895 1031 αὐτῆς

2328 1051 2521 1120 ἀρχῆς,
2556 1049 2759 1116 εἰπών,
2814 1069 2833 1104 ι
2878 1052 2980 1120 οὐκ
3019 1050 3285 1118 ἐκλείψειν
3332 1050 3563 1120 ἄρχοντα
3585 1048 3647 1115 ἐξ
3700 1050 3890 1113 Ἰούδα,

2329 1142 2418 1192 καὶ
2443 1139 2736 1210 ἡγούμενον
2758 1141 2822 1194 ἐκ
2846 1141 2952 1194 τῶν
2984 1141 3170 1212 μηρῶν
3209 1139 3371 1194 αὐτοῦ
3396 1181 3411 1205 ,
3441 1140 3545 1204 ἕως
3573 1141 3639 1194 ἂν
3661 1141 3788 1210 ἔλθῃ
3821 1140 3894 1193 τὰ

2310 1230 2661 1299 ,ἀποκείμενα
2689 1229 2797 1302 (56)
2818 1230 2993 1300 αὐτῷ·
3021 1232 3114 1284 καὶ
3143 1231 3304 1294 αὐτὸς
3336 1231 3624 1301 προσδοκία
3653 1231 3842 1284 ἐθνῶν.
3866 1248 3888 1281 ο

2325 1313 2495 1368 ’Ἦλθε
2522 1316 2629 1387 γὰρ
2648 1310 2693 1384 ᾧ
2717 1321 2826 1370 ἐστι
2853 1320 2918 1371 τὰ
2950 1320 3302 1388 ἀποκείμενα,
3318 1321 3346 1371 6
3371 1320 3599 1388 Χριστὸς
3621 1320 3714 1372 τοῦ
3732 1319 3889 1381 Θεοῦ,

2324 1406 2352 1455 6
2381 1405 2562 1475 ἅρχων
2589 1405 2694 1458 τῶν
2730 1406 3066 1475 ἐπαγγελιῶν
3103 1408 3195 1460 τοῦ
3232 1408 3386 1460 Θεοῦ.
3424 1409 3531 1460 Kal.
3585 1408 3770 1477 σαφῶς
3800 1408 3891 1476 γέ-

2323 1514 2478 1563 γονεν
2504 1491 2656 1558 οὗτος
2685 1497 2840 1566 μόνος
2869 1499 3016 1568 παρὰ
3041 1501 3166 1562 τοὺς
3191 1501 3295 1570 πρὸ
3315 1498 3479 1552 αὑτοῦ
3508 1501 3733 1561 πάντας,
3767 1498 3893 1570 θαρ-

2325 1587 2432 1659 ρῶν
2469 1587 2513 1639 δ’
2542 1586 2606 1639 ἂν
2639 1585 2846 1656 εἴποιμι
2886 1589 2978 1641 καὶ
3023 1591 3146 1654 τοὺς
3183 1589 3298 1660 μετ’
3326 1590 3485 1644 αὐτὸν
3504 1631 3520 1654 ,
3548 1607 3567 1641 ι
3598 1589 3891 1659 προσδοκία

2322 1677 2490 1730 ἐθνῶν
2510 1694 2522 1706 ·
2570 1696 2587 1729 ν
2621 1677 2750 1728 Ἀπὸ
2782 1676 2889 1746 γὰρ
2910 1678 3122 1732 πάντων
3152 1679 3259 1733 τῶν
3302 1678 3468 1732 ἐθνῶν
3495 1678 3889 1732 πεπιστεύκασι

2320 1769 2396 1837 τῷ
2436 1767 2554 1837 Θεῷ
2580 1768 2649 1820 δι’
2682 1768 2875 1832 αὑτοῦ,
2924 1771 3043 1838 καὶ,
3070 1772 3207 1824 κατά
3246 1772 3305 1823 τὸ
3330 1770 3614 1842 εἰρημένον
3661 1770 3765 1825 ὑπὸ
3794 1771 3888 1823 τοῦ

648 1861 793 1928 quod
829 1862 896 1914 ab
942 1861 1078 1915 Isaia
1139 1867 1662 1932 prmdictumiuerat
1707 1870 1791 1922 his
1835 1872 2013 1926 verbis
2047 1889 2064 1925 :
2095 1891 2113 1923 ι
2157 1873 2212 1926 In

2333 1859 2574 1923 Ἡσαΐου,
2625 1859 2716 1912 ἐπὶ
2751 1859 2827 1928 τῷ
2868 1860 3088 1929 ὀνόματι
3132 1861 3291 1915 αὑτοῦ
3340 1861 3465 1930 ἔθνη
3497 1861 3760 1930 ἤλπισαν,
3811 1863 3892 1912 είς-

649 1945 868 2000 noniine
900 1947 1016 2014 ejus
1047 1963 1234 2019 gentes
1271 1956 1560 2019 sperabunt
1584 1955 1647 2006 “.
1686 1974 1703 2005 ι
1750 1956 1865 2024 Ipse
1909 1968 1992 2012 est
2022 1961 2111 2027 qni
2143 1962 2218 2014 di-

615 2039 726 2089 ‘xit
757 2039 821 2089 iis
848 2041 938 2105 qui
980 2039 1033 2092 in
1073 2041 1302 2095 vinculis
1347 2052 1504 2096 erant
1535 2043 1680 2110 (nam
1731 2060 1888 2099 nemo
1931 2059 2034 2112 est,
2084 2049 2215 2117 quin

643 2130 758 2180 imis
783 2133 1018 2197 peccatis
1041 2132 1186 2187 velut
1217 2136 1424 2189 catenis
1440 2138 1862 2208 constringatur)
1892 2153 1906 2190 :
1945 2157 1962 2188 ι
1989 2140 2142 2193 Exite
2167 2158 2212 2206 i;

644 2231 699 2272 et
749 2223 834 2285 iis,
873 2224 1045 2289 quiin
1091 2225 1391 2292 ignorantia
1434 2245 1444 2280 :
1483 2245 1502 2277 ι
1543 2228 1735 2282 Venite
1782 2231 1847 2282 ad
1905 2231 2159 2284 lucem".
2191 2250 2209 2281 ι

647 2308 770 2362 llam
799 2312 943 2365 enim
975 2316 1333 2380 prtenuntiata
1368 2317 1586 2371 fuerant
1614 2319 1718 2371 hoc
1772 2322 1930 2374 modo
1969 2338 1984 2374 :
2023 2339 2041 2372 ι
2079 2322 2208 2375 Dedi

646 2411 700 2454 te
735 2404 786 2454 in
823 2403 996 2457 ftedus
1029 2407 1291 2473 gentium,
1343 2419 1400 2461 ut
1426 2409 1722 2463 suscitares
1752 2420 1956 2464 terram
2006 2423 2062 2465 et
2093 2427 2212 2480 pos-

643 2493 854 2548 sideres
888 2495 1229 2551 hereditates
1287 2499 1607 2567 dissipatas,
1646 2511 1702 2554 ut
1734 2502 1945 2555 diceres
1993 2504 2076 2558 his
2120 2505 2210 2572 qui

647 2583 814 2636 vincti
853 2594 979 2637 sunt
1009 2603 1020 2637 :
1054 2585 1233 2649 Exite;
1265 2597 1318 2640 et
1356 2587 1439 2641 his
1479 2591 1568 2656 qui
1615 2591 1666 2641 in
1708 2592 1957 2646 tenebris
1987 2611 2000 2645 :
2033 2592 2230 2652 Reve-,

643 2671 912 2724 lamini".
947 2690 964 2721 ι
998 2672 1062 2725 Ει
1086 2675 1267 2726 videre
1314 2686 1395 2731 est
1427 2678 1476 2729 in
1517 2679 1671 2743 hujus
1708 2681 1936 2734 adventu
1988 2692 2211 2750 propter

643 2776 737 2817 eos
786 2761 876 2829 qui
911 2763 1107 2829 ubique
1146 2772 1411 2817 terrai-nm
1447 2768 1765 2838 simpliciter
1791 2771 2040 2836 credunt,
2091 2773 2206 2825 exi-

645 2863 754 2904 tum
787 2851 1040 2925 habnissc
1070 2851 1197 2904 illud
1227 2870 1238 2902 :
1276 2871 1294 2901 ι
1329 2853 1499 2922 Super
1542 2873 1728 2912 omnes
1756 2860 1871 2913 vias
1897 2868 2207 2928 pascentur,

641 2953 697 2995 et
724 2942 779 2996 in
805 2942 1052 2996 omnibus
1084 2944 1290 2995 semitis
1323 2959 1519 3010 pascua
1561 2951 1827 3004 eorum".
1867 2969 1886 3002 ι

711 3103 799 3168 ιιι.
840 3116 973 3181 Quia
1009 3131 1156 3167 -vero
1200 3113 1418 3178 Celsus,
1464 3117 1552 3184 qui
1605 3128 1842 3172 nostram
1906 3123 2206 3176 doctrinam

641 3206 740 3260 sibi
773 3208 983 3273 penitus
1018 3216 1360 3274 perspectam
1400 3220 1521 3259 esse
1560 3209 1879 3275 proiitetur,
1918 3215 2209 3278 exprobrat

638 3295 929 3362 Salvatori,
955 3300 1113 3365 quod,
1147 3297 1272 3352 dum
1309 3281 1607 3367 pateretur,
1637 3298 1734 3368 ipsi
1760 3298 1921 3354 Pater
1941 3316 2043 3355 non
2072 3305 2210 3358 tule-

643 3387 715 3439 rit
744 3386 1021 3453 auxilium,
1057 3398 1148 3441 aut
1177 3391 1289 3456 ipse
1323 3390 1424 3444 sibi
1457 3389 1662 3444 auxilio
1699 3405 1817 3444 esse
1863 3406 1969 3444 non
2030 3405 2209 3460 potue-

641 3476 756 3538 rit;
827 3479 1252 3545 respomlendmn
1303 3479 1608 3546 passionem
1671 3476 1787 3544 ejus
1849 3476 2015 3531 fuisse
2067 3494 2206 3546 prte-

643 3566 871 3630 dietain,
915 3582 1013 3620 nec
1048 3569 1098 3621 id
1138 3569 1343 3632 solum,
1395 3571 1487 3624 sed
1548 3571 1713 3622 etiam
1763 3569 2030 3636 passionis
2083 3584 2209 3622 cau-

641 3673 756 3710 sam
805 3676 818 3711 :
861 3673 1052 3727 nempe
1085 3662 1208 3727 quia
1248 3663 1299 3714 in
1333 3677 1445 3716 rem
1492 3662 1770 3716 hominum
1815 3672 1955 3726 erat,
2001 3673 2059 3714 ut
2111 3677 2208 3728 pro

645 3744 751 3797 illis
781 3756 1005 3798 mortem
1040 3751 1269 3812 subiret,
1301 3760 1353 3804 et
1397 3753 1683 3804 damnatus
1737 3751 1956 3806 vulnera
2002 3751 2208 3821 perfer-

646 3842 749 3885 ret.
795 3834 1117 3889 Przedictuin
1156 3853 1366 3904 quoque
1409 3849 1491 3892 est
1543 3839 1678 3903 fore,
1723 3848 1779 3891 ut
1827 3855 1892 3894 ex
1937 3839 2206 3907 gentibus,

643 3925 785 3991 apud
812 3940 947 3992 quas
973 3939 1076 3978 non
1113 3926 1323 3980 fuerant
1370 3930 1663 3995 prophetae,
1705 3938 1887 3983 essent
1939 3931 2029 3998 qui
2059 3929 2204 3983 illum

642 4026 1024 4081 agnoscerent,
1054 4017 1309 4083 illumque
1346 4023 1486 4072 inter
1514 4021 1763 4076 homines
1785 4024 1958 4076 visum
1989 4024 2052 4076 iri
2083 4038 2207 4091 spe-

640 4107 726 4158 cie
757 4120 875 4172 qua:
902 4105 1005 4158 illis
1036 4109 1427 4160 contemnenda
1458 4111 1751 4165 videretur.
1800 4112 1891 4166 Sic
1915 4115 2059 4167 enim
2109 4115 2206 4167 lia-

641 4198 772 4250 bent
846 4197 1140 4264 prophetiac
1197 4199 1357 4251 verba
1415 4215 1428 4251 :
1497 4219 1515 4249 ‹
1569 4201 1705 4256 Ecce
1755 4203 2021 4271 intelliget
2071 4221 2205 4273 puer

643 4301 814 4346 meus,
861 4294 914 4338 et
965 4285 1312 4349 exaltabitur,
1342 4296 1395 4337 et
1429 4286 1838 4354 gloriﬁcabitur,
1878 4301 1933 4344 et
1958 4292 2205 4347 sublimis

639 4375 744 4428 erit
765 4374 934 4426 valde.
972 4374 1437 4441 Sicutstupebunt
1489 4390 1649 4442 super
1677 4386 1726 4430 te
1762 4379 1935 4442 multi,
1987 4381 2066 4434 sic
2118 4382 2203 4434 in—

2319 1950 2508 2020 πόντος
2527 1949 2636 2018 (57)
2658 1966 2672 1980 ο
2701 1969 2719 2001 ι
2757 1951 2876 2002 Ἐπὶ
2896 1951 2971 2019 τῷ
2990 1942 3210 2019 ὀνόματι
3232 1951 3393 2004 αὑτοῦ
3411 1951 3536 2021 ἔθνη
3553 1950 3849 2004 ἐλπιοῦσιν.
3865 1970 3883 2001 ι

2319 2030 2484 2098 Οὗτος
2505 2038 2560 2088 δὲ
2585 2038 2678 2089 καὶ
2706 2033 2824 2090 εἷπε
2853 2040 2965 2100 τοῖς
2993 2040 3050 2090 ἐν
3076 2039 3323 2109 δεσμοῖς,
3363 2040 3497 2092 καθὸ
3539 2042 3746 2110 σειραῖς
3775 2039 3892 2114 τῶν

2317 2126 2504 2179 ἑαυτοῦ
2520 2120 2800 2197 ἁμαρτιῶν
2815 2128 3038 2190 ἕκαστος
3055 2130 3356 2198 σφίγγεται,
3381 2130 3460 2192 τὸ,
3483 2149 3502 2181 ι
3542 2130 3836 2194 Ἐξέλθετε,
3864 2147 3884 2179 ι

2317 2217 2408 2266 καὶ
2435 2218 2544 2278 τοῖς
2572 2217 2627 2269 ἐν
2654 2219 2718 2286 τῇ
2758 2217 2981 2287 ἀγνοίᾳ,
3004 2217 3097 2279 τὸ,
3130 2237 3148 2268 ι
3187 2220 3281 2280 Είς
3337 2219 3450 2286 φῶς
3500 2220 3676 2288 ἥκειν.
3723 2238 3743 2270 ι
3775 2219 3886 2271 Καὶ

2313 2306 2515 2358 τούτων
2541 2306 2682 2359 οὕτω
2723 2308 3203 2377 προφητευθέντων
3228 2326 3242 2338 ·
3287 2329 3304 2359 ι
3338 2311 3445 2361 Kal.
3489 2309 3664 2362 ἔδωκά
3695 2325 3754 2363 σε
3801 2311 3888 2372 είς

2312 2397 2573 2467 διαθήκην
2599 2397 2797 2459 ἐθνῶν,
2826 2396 2920 2448 τοῦ
2950 2399 3283 2467 καταστῆσαί
3313 2399 3411 2468 τὴν
3451 2388 3551 2467 γῆν
3572 2438 3586 2463 ,
3621 2400 3716 2451 καὶ
3754 2399 3890 2476 κλη-

2313 2488 2607 2558 ρονομῆσαι
2651 2488 3010 2557 κληρονομίαν
3052 2489 3256 2558 ἐρήμου
3277 2529 3292 2554 ,
3325 2488 3551 2556 λέγοντα
3575 2491 3684 2551 τοῖς
3715 2489 3774 2542 ἐν
3797 2489 3887 2542 δε-

2311 2573 2487 2644 σμοῖς,
2530 2579 2799 2639 Ἐξέλθετε
2839 2580 2970 2646 (58),
3007 2581 3231 2638 καὶτοῖς
3255 2581 3311 2628 ἐν
3354 2581 3554 2641 σκότει,
3594 2576 3885 2629 ’Δνακαλύ-

2312 2669 2502 2737 φθητε.
2546 2686 2564 2717 ›
2602 2667 2712 2719 Καὶ
2737 2666 2881 2717 ἐστιν
2915 2666 3040 2719 ίδεῖν
3061 2665 3151 2717 ἐπὶ
3169 2667 3235 2735 τῇ
3256 2651 3442 2716 τούτου
3473 2667 3742 2736 παρουσίᾳ
3758 2705 3774 2729 ,
3794 2665 3884 2719 διὰ

2310 2759 2436 2818 τοὺς
2471 2752 2744 2824 πανταχοῦ
2787 2755 2885 2823 τῆς
2912 2754 3230 2823 οἰκουμένης
3269 2751 3628 2823 ἁπλούστερον
3671 2753 3885 2806 πιστεύ-

2309 2865 2486 2910 οντας,
2518 2846 2884 2917 πληρούμενον
2921 2846 3011 2897 τό’
3054 2864 3072 2896 ι
3111 2847 3219 2900 Καὶ
3255 2849 3313 2899 ἐν
3348 2847 3544 2907 πάσαις
3588 2847 3706 2908 ταῖς
3745 2845 3883 2905 ὁδοῖς

2313 2937 2736 3008 βοσκηθήσονται
2759 2977 2773 2993 .
2803 2937 2895 2988 καὶ
2927 2937 2984 2988 ἐν
3019 2937 3215 2998 πάσαις
3277 2939 3396 3016 ταῖς
3427 2933 3632 3005 τρίϐοις
3665 2936 3698 3002 ὴ
3741 2933 3880 3003 νομὴ

2309 3027 2508 3080 αὐτῶν.
2543 3049 2561 3078 ι
3559 3060 3567 3064 -

2394 3118 2545 3169 Ἐπεὶ
2573 3117 2629 3168 δὲ
2675 3117 2702 3167 6
2743 3116 3202 3185 ἐπαγγελλόμενος
3243 3115 3438 3168 ειδέναι
3476 3111 3545 3166 τὰ
3582 3112 3678 3167 τοῦ
3716 3113 3881 3180 λόγου

2311 3211 2488 3291 way:
2517 3208 2719 3269 Κέλσος
2741 3206 2980 3270 ὀνειδίζει
3022 3206 3097 3276 τῷ
3121 3208 3330 3278 Σωτῆρι
3354 3206 3446 3258 ἐπὶ
3469 3205 3548 3276 τῷ
3582 3205 3768 3266 πάθει,
3804 3205 3880 3268 ὠς

2313 3300 2386 3370 μὴ
2412 3298 2727 3368 βοηθηθέντι
2751 3299 2853 3350 ὑπὸ
2877 3297 2966 3350 τοῦ
2994 3297 3222 3369 Πατρὸς,
3247 3298 3281 3368 ἢ
3306 3298 3381 3367 μὴ
3402 3295 3679 3367 δυνηθέντι
3700 3293 3880 3365 ἐαυτῷ

2311 3389 2604 3458 βοηθῆσαι,
2666 3388 3026 3459 παραθετέον,
3073 3389 3152 3440 ὅτι
3193 3389 3253 3441 τὸ
3285 3389 3454 3451 πάθος
3507 3387 3673 3441 αὐτοῦ
3715 3404 3879 3456 προεο

2310 3479 2570 3548 φητεύετο
2597 3481 2742 3548 ξμετὰ
2782 3481 2877 3548 τῆς
2920 3478 3114 3541 αἰτίας,
3147 3479 3229 3530 ὅτι
3264 3479 3529 3548 χρήσιμον
3563 3472 3632 3546 ἦν
3669 3474 3880 3546 ἀνθρὼ-

2310 3587 2429 3631 ποις
2452 3569 2516 3620 τὸ
2559 3541 2758 3621 ἐκεῖνον
2803 3571 2939 3638 ὑπὲρ
2971 3568 3144 3621 αὐτῶν
3169 3570 3476 3632 ἀποθανεῖν,
3505 3568 3599 3619 καὶ
3634 3567 3879 3636 μώλωπα

2309 3659 2396 3711 τὸν
2434 3659 2525 3710 ἐπὶ
2555 3658 2630 3727 τῷ
2655 3658 3100 3710 καταδεδικάσθαι
3129 3658 3337 3711 παθεῖν.
3370 3658 3669 3727 Προείρητο
3698 3655 3755 3707 δὲ
3783 3657 3880 3706 καὶ

2308 3752 2388 3803 ὅτι
2427 3751 2740 3820 συνήσουσιν
2773 3749 2931 3803 αὑτὸν
2963 3750 3010 3800 οἱ
3041 3749 3148 3800 ἀπὸ
3183 3749 3286 3803 τῶν
3317 3748 3504 3811 ἐθνῶν,
3540 3749 3668 3816 παρ’
3698 3741 3781 3808 οἷς
3814 3746 3876 3798 οὑ

2309 3842 2589 3909 γεγόνασιν
2614 3841 2662 3892 oi
2690 3839 2981 3909 προφῆται,
3012 3829 3106 3900 καὶ·
3135 3837 3350 3890 λέλεκτο
3391 3839 3474 3889 ὅτι
3517 3832 3657 3896 εἶδος
3682 3835 3878 3904 ἄτιμον

2308 3935 2365 3985 ἐν
2405 3930 2708 4000 ἀνθρώποις
2747 3930 3062 3996 φαινόμενον
3095 3928 3230 3995 έχων
3261 3916 3585 3995 (ὀφθήσεται.
3627 3918 3784 3992 Οὕτω
3829 3923 3875 3972 δ’

2308 4027 2418 4094 ἔχει
2448 4027 2480 4094 ή
2514 4023 2689 4088 λέξιςο
2728 4040 2744 4071 ι
2799 4020 2927 4072 ’1δοῦ
2963 4021 3179 4090 συνήσει
3206 4019 3235 4069 6
3259 4014 3402 4078 ’παῖς
3445 4032 3567 4084 μου,
3607 4013 3705 4065 καὶ
3730 4013 3878 4080 ὑψω-

2308 4117 2560 4186 θήσεται,
2617 4114 2709 4164 καὶ
2739 4109 3166 4180 δοξασθήσεται,
3207 4109 3317 4161 ’καὶ
3381 4103 3877 4176 μετεωρισθήσεται

2309 4200 2528 4276 σφόδρα.
2569 4204 2661 4256 ⁸ον
2704 4201 2897 4272 τρόπον
2936 4201 3288 4270 ἐκστήσονται
3321 4199 3412 4249 ἐπὶ
3452 4197 3510 4248 σὲ
3549 4195 3751 4257 πολλοὶ,
3780 4193 3878 4263 οὖ-

2305 4315 2411 4359 τως
2439 4296 2683 4365 ἀδοξήσει
2715 4293 2820 4346 ἀπὸ
2850 4291 3145 4362 ἀνθρώπων
3171 4291 3229 4343 τὸ
3254 4287 3389 4352 εἶδός
3413 4300 3530 4352 σου,
3560 4289 3656 4343 καὶ
3684 4291 3718 4357 ἡ
3749 4287 3878 4352 δόξα

2309 4403 2400 4438 σου
2428 4386 2535 4437 ἀπὸ
2557 4383 2663 4436 τῶν
2697 4381 2996 4455 ἀνθρώπων
3024 4380 3150 4448 (59).
3175 4378 3327 4432 Οὕτω
3352 4379 3718 4448 θαυμάσονται
3744 4377 3876 4448 ἔθνη

640 4466 808 4534 gloria
837 4465 940 4517 erit
968 4463 1035 4516 ab
1059 4464 1361 4517 hominibus
1389 4466 1595 4531 species
1636 4475 1745 4527 tua,
1775 4477 1826 4519 et
1857 4470 2022 4532 gloria
2051 4480 2138 4522 tua
2172 4487 2200 4521 ι

2315 4475 2475 4525 πολλὰ
2494 4476 2579 4524 ἐπ’
2601 4473 2765 4540 αὐτῷ,
2793 4473 2882 4522 καὶ
2915 4471 3188 4532 συνέξουσι
3221 4469 3456 4538 βασιλεῖς
3481 4471 3540 4523 τὸ
3569 4471 3744 4540 στόμα
3772 4470 3876 4522 αὺ-

640 4558 765 4609 tiliis
788 4557 1089 4609 hominum.
1121 4555 1211 4607 Sic
1251 4555 1592 4607 mirabuntur
1619 4565 1805 4622 gentes
1834 4557 2012 4608 multae
2042 4573 2204 4625 super

639 4662 726 4710 eo,
755 4657 806 4700 et
834 4661 984 4713 reges
1015 4647 1366 4699 continebunt
1392 4661 1453 4697 os
1491 4661 1683 4706 suum;
1717 4647 1841 4710 quia
1870 4646 2066 4711 quibus
2093 4662 2197 4697 non

639 4748 721 4789 est
754 4737 1126 4790 annnntiatutn
1158 4736 1220 4789 de
1245 4751 1329 4796 eo,
1358 4735 1651 4798 videbunt;
1679 4743 1735 4787 et
1763 4734 1852 4800 qui
1887 4750 1988 4785 non
2018 4736 2206 4787 audie-

641 4839 801 4886 runt,
882 4828 1197 4895 intelligent.
1267 4827 1513 4888 Domine,
1563 4824 1941 4893 quiscredidit
2001 4827 2202 4878 auditui

642 4919 864 4969 nostro?
908 4919 971 4969 Et
1024 4918 1304 4971 brachium
1369 4918 1577 4970 Domini
1622 4921 1705 4970 cui
1758 4915 2052 4968 revelatum
2083 4919 2208 4970 est?

643 5009 1092 5061 Annuntiuvimus
1122 5011 1276 5079 quasi
1325 5011 1603 5077 parvulum
1632 5010 1680 5060 in
1707 5020 1998 5079 conspectu
2042 5009 2157 5075 ejus
2187 5027 2200 5072 ;

2313 4563 2447 4614 τῶν·
2481 4563 2559 4613 ὅτι
2591 4557 2668 4622 οἷς
2704 4563 2800 4612 οὐκ
2828 4559 3095 4627 ἀνηγγέλη
3138 4559 3265 4627 περὶ
3293 4558 3476 4620 αὑτοῦ,
3509 4559 3748 4625 ὄψονται,
3779 4558 3879 4612 καὶ

2311 4654 2359 4703 οἳ
2391 4652 2489 4702 οὐκ
2514 4651 2800 4720 ἀκηκόασι,
2839 4650 3142 4718 συνήσουσι.
3171 4646 3362 4716 Κύριε,
3389 4647 3471 4707 τίς
3495 4647 3780 4698 ἐπίστευσε
3806 4650 3875 4716 τῇ

2312 4744 2446 4811 ἀκοῇ
2473 4741 2628 4810 ἡμῶν
2650 4760 2662 4804 ;
2691 4742 2796 4791 Καὶ
2820 4741 2848 4790 6
2874 4740 3107 4808 βραχίων
3134 4739 3335 4807 Κυρίου
3355 4737 3458 4789 τίνι
3481 4736 3873 4804 ἀπεκαλύφθη;

2327 4831 2745 4899 Ἀνηγγείλαμεν
2769 4831 2840 4892 ὡς
2865 4830 3072 4880 παιδίον
3097 4828 3332 4880 ἐναντίον
3357 4826 3542 4889 αὐτοῦ,
3563 4826 3638 4887 ὡς
3667 4826 3791 4895 ῥίζα
3817 4828 3876 4876 ἐν

2314 4921 2380 4986 γῇ
2410 4919 2634 4990 διψώσῃ.
2663 4921 2773 4971 Οὐκ
2798 4908 2942 4969 ἐστιν
2965 4914 3100 4979 εἶδος
3127 4917 3274 4986 αὐτῷ
3301 4917 3430 4985 (60),
3456 4917 3575 4968 οὐδὲ
3596 4916 3711 4980 δόξα
3737 4933 3752 4946 ·
3780 4917 3876 4970 κα“.

2313 5009 2522 5075 εἴδομεν
2547 5009 2726 5071 αὑτὸν,
2750 5010 2840 5060 καὶ
2863 5001 2966 5059 οὐκ
2987 5004 3126 5074 εἶχεν
3153 5007 3308 5072 εἶδος,
3342 5009 3460 5061 οὐδὲ
3486 5009 3676 5072 κάλλος
3693 5026 3704 5038 ⁸
3735 5010 3873 5063 ἀλλὰ

718 5161 760 5189 ’³
793 5161 922 5214 Gen.
957 5166 1216 5229 xux,10.
1292 5165 1337 5196 ’δ
1372 5165 1491 5220 Isai.
1519 5183 1647 5230 xui,
1675 5166 1728 5236 4.
1808 5166 1851 5195 ²⁵
1888 5164 1990 5218 lsa.
2029 5179 2174 5228 xm,
2207 5165 2257 5218 9.
2339 5167 2380 5194 ’δ
2409 5164 2536 5218 inid.
2563 5163 2615 5228 8,
2649 5164 2701 5216 9.
2777 5164 2819 5193 ’⁷
2850 5162 2950 5217 lsa.
2985 5179 3126 5229 xux,
3150 5164 3236 5249 9..

741 5325 828 5392 56)
857 5324 1024 5379 Codd.
1056 5325 1265 5392 [leget
1299 5329 1639 5386 Basileensis,
1678 5339 1734 5380 ut
1769 5342 1952 5394 supra.

742 5396 830 5464 57)
887 5395 1221 5466 Ηωεοὶιειίυε
1275 5399 1327 5450 in
1386 5407 1552 5462 textu,
1595 5399 1830 5460 εἰπόντι,
1874 5396 2017 5466 quod
2064 5407 2210 5450 recte

649 5464 1256 5534 Spencerusrejecitad
1291 5469 1607 5534 marginem.

720 5533 828 5603 (58)
858 5532 1012 5585 Libb.
1061 5532 1283 5603 editiad
1321 5532 1636 5603 mai-ginem,
1669 5534 1940 5598 ἐξέλθατε,
1976 5534 2116 5603 quod
2153 5535 2205 5587 iii

648 5601 856 5656 duobus
897 5615 1027 5654 mss.
1060 5601 1367 5668 Anglicanis
1399 5601 1643 5668 primoet
1677 5604 1912 5657 set-undi)
1962 5601 2015 5657 et
2060 5613 2206 5656 utro-

648 5690 753 5740 que
779 5672 1033 5724 Vaticano
1057 5671 1269 5741 legitur;
1296 5673 1508 5741 ibidem
1543 5675 1696 5726 codd.
1741 5673 1936 5741 Regius
1967 5684 2022 5726 et
2051 5673 2201 5741 Basi-

649 5739 842 5797 leetisis
875 5749 1036 5801 i'cctc,
1072 5740 1499 5800 livaxaiciqmrta.
1548 5742 1699 5796 Lthb.
1736 5739 1882 5798 editi.
1935 5739 2203 5795 ἀνακαλύ-

2308 5326 2788 5478 ῗθιᾝεῧιθνυιεοιυε
2844 5392 3132 5448 Bibliorum
3182 5403 3392 5465 textus,
3433 5398 3542 5452 ἀπὸ
3596 5398 3728 5452 υίῶν
3782 5401 3876 5454 ἀν-

2739 5531 2901 5610 Recte
2931 5532 3097 5587 codex
3146 5534 3489 5590 Basileensis.
3525 5536 3701 5614 Minus
3732 5539 3872 5591 bene

2305 5603 2374 5656 lib
2419 5645 2430 5656 .
2464 5603 2612 5656 editi.
2647 5603 2830 5653 αὐτου.
2879 5602 3039 5654 Paulo
3089 5616 3205 5656 post
3262 5607 3518 5656 \‘ulaatus
3572 5605 3869 5656 Bibliorum

2303 5603 2430 5657 libb.
2464 5603 2612 5664 editi,
2647 5603 2830 5653 αὑτοῦ.
2879 5603 3039 5654 Paulo
3089 5616 3205 5671 post
3262 5607 3518 5675 Vulgatus
3572 5605 3869 5659 Bibliorum

2300 5683 2478 5795 sextus
2535 5674 2728 5740 habet,
2783 5672 3025 5726 ἐκλεῖπον
3074 5675 3221 5746 παρὰ
3272 5676 3395 5738 τοὺς
3447 5676 3592 5739 υἱοὺς
3627 5674 3731 5726 τῶν
3776 5677 3871 5728 ἀν-

2335 5760 2547 5795 οωπιυν.

2335 5760 2411 5807 po)
2421 5761 2528 5793 πων
2538 5781 2547 5792 .
