4126 6314
232 411 326 466 761

1451 409 1731 468 CONTRA
1763 410 2036 468 CELSUM
2071 413 2198 466 LIB.
2235 412 2276 467 1.

3329 410 3433 466 763

226 526 291 579 τὸ
318 522 453 588 εἶδος
483 524 645 579 αὐτοῦ
672 526 862 596 ἄτιμον
895 528 987 580 καὶ
1011 527 1256 580 ἐκλεῖπον
1285 527 1432 598 παρά
1456 528 1661 589 πάντας
1690 527 1765 580 ἁν-

1885 528 2027 580 sicut
2059 527 2211 580 radix
2243 527 2295 579 in
2328 538 2474 598 terra
2499 523 2722 580 sitienti.
2748 523 2865 600 Non
2887 534 2970 580 est
2999 526 3206 594 species
3233 523 3308 590 ei,
3335 539 3432 579 ne-

131 684 134 686 ,
176 658 181 663 .
226 614 496 684 θρὼπους.
530 615 842 687 Ἄνθρωπος
874 618 931 669 ὲν
958 617 1136 687 πληγῇ
1163 615 1258 681 ὢν,
1292 619 1384 670 καὶ
1415 615 1568 678 είδὼς
1597 615 1780 684 φέρειν

227 710 519 782 μαλακίαν
548 710 628 764 δτι
651 711 1030 782 ἀπέστραπται
1055 711 1117 763 τὸ
1142 710 1428 782 πρόσωπον
1454 708 1639 773 αὑτοῦ,
1665 710 1781 779 ἡτι-

225 801 433 872 μάσθη,
460 802 553 854 καὶ
574 802 674 855 οὐκ
705 802 977 874 ἐλογίσθη.
1006 795 1171 872 Οὗτος
1201 802 1300 865 τάς
1329 803 1599 877 ἁμαρτίας
1618 801 1778 880 ῂμῶν

221 891 402 961 φέρει,
418 891 513 944 καὶ
527 893 653 963 περὶ
677 894 831 964 ἡμῶν
844 893 1090 947 ὀδυνᾶται
1107 909 1121 923 ·
1143 894 1236 946 καὶ
1249 895 1406 963 ἡμεῖς
1425 891 1780 960 ἐλογισάμεθα

219 982 385 1035 αὐτὸν
413 977 550 1052 εἶναι
572 984 630 1035 ὲν
652 985 798 1052 πόνῳ
813 985 907 1037 καὶ
927 986 983 1036 ἐν
1002 984 1178 1054 πληγῇ
1200 983 1294 1036 καὶ
1311 983 1369 1036 ὲν
1387 979 1652 1034 κακώσει·
1677 981 1776 1032 αὐ-

219 1071 317 1134 τὸς
345 1071 400 1125 δὲ
422 1073 819 1144 ἐτραυματίσθη
840 1073 925 1144 διὰ
951 1073 1049 1137 τάς
1075 1073 1345 1144 ἁμαρτίας
1369 1073 1543 1143 ἡμῶν,
1571 1072 1662 1143 καὶ
1683 1088 1779 1141 με-

220 1162 551 1234 μαλάκισται
585 1164 672 1217 διὰ
703 1164 802 1228 τὰς
829 1164 1055 1234 ἀνομίας
1088 1163 1264 1233 ἡμῶν.
1307 1163 1528 1218 Παιδεία
1556 1162 1777 1234 εἰρήνης
1808 1176 1811 1179 ’

216 1253 382 1322 ἡμῶν
413 1255 500 1307 ἐπ’
536 1252 717 1318 αὑτὸν,
749 1254 827 1325 τῷ
869 1253 1092 1324 μώλωπι
1133 1253 1298 1307 αὑτοῦ
1331 1253 1488 1325 ἡμεῖς
1528 1254 1772 1324 ίάθημεν.

216 1342 430 1406 Πάντες
449 1344 524 1408 ὡς
552 1343 797 1414 πρόϐατα
821 1343 1089 1415 ἐπλανήθη
1098 1361 1213 1415 μεν.
1245 1344 1560 1414 Ἀνθρωπος
1584 1347 1649 1414 τῇ
1675 1342 1776 1414 ὁδῷ

215 1430 385 1484 αὑτοῦ
422 1431 715 1502 ἐπλανήθη,
753 1431 846 1484 καὶ
877 1432 1080 1501 Κύριος
1117 1433 1431 1503 παρέδωκεν
1465 1433 1624 1486 αὑτὸν
1658 1437 1774 1498 ταῖς

216 1520 511 1591 ἁμαρτίαις
545 1521 722 1592 ἡμῶν,
757 1522 854 1574 καὶ
880 1523 1042 1585 αὐτὸς
1073 1523 1161 1576 διὰ
1199 1523 1259 1576 τὸ
1301 1523 1641 1577 κεκακῶσθαι
1675 1526 1775 1577 οὐκ

212 1609 422 1678 ἀνοίγει
456 1611 515 1663 τὸ
555 1613 727 1681 στόμα
762 1611 944 1664 αὑτοῦ.
982 1611 1104 1682 [Ὡς
1137 1613 1400 1684 πρόϐατον
1433 1613 1524 1666 ἐπὶ
1565 1615 1774 1684 σφαγὴν

212 1699 381 1769 ἤχθη,
409 1699 595 1763 καὶὼς
621 1700 789 1770 ἀμνὸς
811 1700 921 1771 (61)
952 1701 1191 1756 ἐναντίον
1217 1701 1309 1756 τοῦ
1335 1703 1602 1774 κείροντος
1627 1704 1775 1772 ἄφω-

157 1857 160 1860 ,
211 1805 328 1854 νος,
360 1789 526 1853 οὕτως
559 1791 657 1843 οὐκ
682 1792 884 1858 ἀνοίγει
916 1790 978 1844 τὺ
1001 1792 1170 1862 στόμα
1198 1791 1422 1864 αὐτοῦ.]
1456 1793 1543 1846 Ἐν
1581 1796 1646 1864 τῇ
1679 1811 1774 1846 τα-

212 1877 468 1932 πεινώσει
501 1880 662 1933 αὐτοῦ
695 1883 729 1951 ἡ
763 1883 940 1952 κρίσις
969 1882 1130 1936 αὐτοῦ
1163 1882 1320 1954 ἤρθη.
1360 1883 1468 1953 Τὴν
1501 1883 1557 1935 δὲ
1581 1882 1771 1951 γενεὰν

209 1966 378 2019 αὐτοῦ
401 1968 485 2031 τίς
506 1969 818 2039 διηγήσεται
838 1986 852 2034 ;
880 1971 1000 2022 Ὅτι
1021 1972 1228 2041 αἴρεται
1245 1972 1352 2024 ἀπὸ
1374 1971 1637 2041 τῆςγῆςὴ
1660 1971 1770 2040 ζωὴ

207 2057 400 2123 αὐτοῦ,
428 2059 536 2112 ἀπὺ
561 2058 668 2112 τῶν
693 2061 929 2139 ἀνομιῶν
949 2061 1040 2115 τοῦ
1065 2062 1194 2116 λαοῦ
1221 2080 1319 2133 μου
1344 2062 1485 2132 ἢχθη
1506 2065 1584 2126 είς
1606 2062 1770 2115 θάνα-

205 2164 321 2202 τον.
352 2167 375 2202 ι

278 2323 578 2395 Μέμνημαι
615 2326 672 2379 δέ
700 2344 850 2394 ποτε,
879 2327 937 2381 ἐν
973 2344 1078 2380 τινι
1118 2325 1253 2396 πρὸς
1290 2326 1413 2388 τοὺς
1451 2324 1770 2394 λεγομένους

205 2414 359 2483 παρὰ
396 2415 664 2479 Ἰουδαίοις
703 2419 893 2486 σοφοὺς
927 2415 1228 2487 ὲνζητήσει,
1256 2417 1376 2478 ταῖς
1419 2415 1770 2485 προφητείαις

200 2504 433 2568 ταύταις
481 2508 846 2578 χρησάμενος·
905 2509 990 2575 ἐφ’
1044 2503 1125 2569 οἷς
1173 2506 1355 2573 ἔλεγεν
1405 2507 1434 2557 ό
1499 2506 1765 2568 Ἰουδαῖος,

201 2583 379 2641 ταῦτα
413 2595 888 2661 πεπροφητεῦσθαι
915 2595 1005 2653 ὠςθ
1026 2596 1152 2661 περὶ
1191 2595 1307 2653 ἑνὸς
1340 2593 1432 2643 τοῦ
1464 2593 1584 2644 ὅλου
1615 2593 1766 2655 λαοῦ,

202 2677 302 2728 καὶ
337 2679 627 2748 γενομένου
670 2681 728 2732 ὲν
765 2682 830 2750 τῇ
869 2681 1154 2751 διασπορᾷ,
1198 2681 1290 2733 καὶ
1324 2681 1633 2750 πληγέντος,
1683 2682 1768 2735 ἴνα

145 2793 148 2798 -
201 2766 392 2819 πολλοὶ
419 2769 758 2840 ,προσήλυτοι
790 2770 1070 2839 γένωνται,
1110 2773 1175 2842 τῇ
1208 2771 1473 2842 προφάσει
1506 2770 1597 2824 τοῦ
1644 2774 1770 2825 ὲπε-

200 2855 446 2926 σπάρθαι
482 2857 900 2922 Ἰουδαίουςτοῖς
924 2858 1132 2920 πολλοῖς
1151 2859 1260 2928 (62)
1284 2857 1477 2920 ἔθνεσι,
1505 2859 1598 2910 καὶ
1629 2859 1770 2912 οὕτω

196 2945 442 3016 διηγεῖτο
461 2945 541 3010 τὸ,
563 2965 582 2998 ‹
624 2945 896 3016 Ἀδοξήσει
919 2947 1025 2999 ἀπὸ
1048 2945 1144 3002 ἀνθ
1153 2945 1344 3018 ρώπων
1359 2945 1419 2998 τὸ
1443 2941 1578 3009 εἶδός
1605 2962 1716 2998 σουο
1743 2965 1762 2996 ι

191 3036 299 3089 καὶ
336 3035 416 3098 τὸ,
448 3055 468 3086 ι
503 3031 598 3098 Οἷς
629 3036 729 3090 οὐκ
759 3036 1028 3106 ἀνηγγέλη
1049 3035 1188 3105 ,περὶ
1219 3033 1403 3098 αὑτοῦ,
1443 3034 1658 3104 ὄψονται
1679 3049 1692 3059 ·
1742 3051 1762 3085 t

195 3126 298 3177 καὶ
319 3125 408 3188 τὸ,
448 3143 468 3176 ι
510 3126 824 3198 ΙἌνθρωπος
845 3129 910 3180 ὲν
939 3127 1120 3196 πληγῇ
1148 3125 1239 3179 ὧν.
1278 3145 1296 3177 ι
1325 3125 1502 3178 Πολλά
1540 3126 1639 3196 μὲν
1671 3120 1764 3178 οὖν

191 3215 312 3268 τότ’
343 3216 403 3268 ἐν
430 3219 497 3286 τῇ
538 3216 758 3287 ζητήσει
789 3217 1053 3282 λέλεκται,
1083 3217 1150 3270 τὰ
1184 3217 1487 3287 ἐλέγχοντα,
1522 3219 1601 3270 ὅτι
1637 3217 1762 3288 περί

191 3320 344 3367 τινος
376 3305 492 3368 ἑνὸς
518 3305 688 3360 ταῦτα
719 3307 1162 3377 προφητευόμενα
1183 3308 1282 3360 οὑκ
1305 3307 1540 3376 εὐλόγως
1570 3311 1761 3361 ἐκεῖνοι

190 3393 493 3461 ἀνάγουσιν
520 3396 612 3447 ὲπὶ
631 3395 749 3447 ὅλον
779 3395 870 3448 τὸν
895 3395 1040 3448 λαόν.
1082 3395 1483 3466 Ἐπυνθανόμην
1514 3395 1590 3461 δὲ,
1625 3395 1762 3459 τίνος

189 3481 265 3536 ἂν
304 3484 390 3554 εῐη
424 3485 712 3554 πρόσωπον
745 3486 807 3538 τὸ
836 3486 1020 3554 λέγονο
1076 3507 1096 3539 ‹
1143 3480 1311 3552 Οὗτος
1354 3487 1450 3550 τὰς
1491 3487 1762 3557 ἁμαρτίας

189 3571 376 3641 ἡμῶν⁵
405 3572 578 3642 φέρει,
623 3576 717 3626 καὶ
763 3576 892 3647 περὶ
937 3576 1090 3647 ήμῶν
1135 3578 1413 3632 ὀδυνᾶταιο
1471 3597 1490 3628 ι
1542 3579 1635 3631 καὶ
1678 3578 1758 3642 τὸ,

193 3682 216 3713 ι
261 3662 440 3727 Αὐτὸς
471 3664 526 3716 δὲ
564 3665 968 3738 ἐτραυματίσθη
1010 3668 1098 3722 διὰ
1142 3668 1242 3731 τὰς
1279 3669 1550 3739 ἁμαρτίας
1579 3668 1756 3738 ἡμῶν,

189 3753 294 3806 καὶ
325 3754 722 3824 μεμαλάκισται
751 3755 838 3808 διὰ
862 3756 958 3820 τὰς
982 3749 1209 3827 ἀνομίας
1229 3758 1405 3827 ἡμῶνο
1442 3775 1461 3809 ›
1500 3758 1591 3810 καὶ
1620 3756 1761 3819 τίνος

186 3844 488 3912 πρόσωπον
519 3841 585 3915 ἦν
610 3845 670 3897 τὸ
704 3846 928 3913 φάσκον,
966 3864 986 3897 t
1026 3847 1114 3916 Τῷ
1152 3846 1375 3917 μώλωπι
1401 3847 1564 3901 αὑτοῦ
1601 3851 1760 3919 ἡμεῖς

189 3935 448 4002 ίάθημεν.
489 3955 506 3984 ι
545 3936 737 4002 Σαφῶς
763 3937 870 4005 γὰρ
896 3940 944 3990 οἱ
977 3939 1034 3991 ὲν
1055 3941 1174 4000 ταῖς
1207 3939 1498 4008 ἁμαρτίαις
1536 3941 1762 4008 γενόμε-

184 4041 296 4086 νοι,
325 4023 418 4075 καὶ
447 4023 680 4086 ῑαθέντες
708 4025 770 4076 ὲκ
798 4025 890 4078 τοῦ
916 4025 1005 4079 τὸν
1031 4026 1258 4096 Σωτῆρα
1280 4028 1625 4092 πεπονθέναι,
1660 4028 1758 4081 εἴτ’

178 4113 304 4166 ἀπὸ
347 4112 443 4166 τοῦ
489 4114 616 4169 λαοῦ
654 4116 880 4179 ἐκείνου,
927 4116 1037 4170 εἴτε
1085 4117 1179 4169 καὶ
1211 4118 1259 4170 οἱ
1298 4118 1404 4170 ἀπὸ
1441 4117 1546 4170 τῶν
1569 4117 1757 4182 ἐθνῶν,

177 4202 372 4255 ταῦτα
397 4203 609 4270 λέγουσι
647 4207 794 4276 παρὰ
824 4206 904 4276 τῷ
952 4209 1200 4280 προφήτῃ
1244 4209 1643 4280 προεωρακότι,ο
1668 4209 1761 4262 καὶ

177 4290 304 4342 ἀπὸ
335 4290 428 4340 τοῦ
461 4291 617 4358 ἁγίου
658 4293 968 4363 Πνεύματος
993 4295 1165 4347 ταῦτα
1198 4299 1754 4366 προσωποποιήσαντι.

175 4381 445 4449 Μάλιστα
471 4381 516 4435 δ’
546 4381 800 4452 ἐδόξαμεν
827 4383 1027 4437 θλίϐειν
1059 4385 1165 4438 ἀπὸ
1195 4387 1292 4456 τῆς
1322 4389 1633 4460 φασκούσης
1669 4392 1756 4442 λέ-

1801 1857 1845 1909 Β

1879 631 1984 685 que
2011 617 2213 685 gloria;
2249 627 2303 671 et
2331 618 2562 670 vidimus
2605 628 2752 679 eum,
2785 624 2844 668 et
2883 630 2990 670 non
3048 614 3280 670 habebat
3302 628 3421 684 spe-

1879 707 2036 769 ciem,
2067 721 2240 775 neque
2263 707 2542 775 decorem;
2571 710 2666 762 sed
2702 708 2908 776 species
2944 706 3108 776 370
3136 705 3252 776 ejus
3275 702 3430 760 inho-

1878 807 2065 852 norata
2094 805 2152 851 et
2174 797 2430 854 deﬁciens
2455 813 2564 866 pm
2606 799 2858 854 omnibus
2903 797 3231 852 hominibus.
3257 796 3430 852 Homo

1878 888 1932 941 in
1962 887 2372 958 plagapositus,
2410 887 2668 958 et,sciens
2689 888 2834 942 ferre
2867 885 3235 950 inﬁrmitatem
3259 903 3278 952 ;
3299 887 3424 956 quia

1877 990 2066 1030 aversa
2100 983 2186 1029 est
2233 975 2400 1030 facies
2443 976 2596 1046 ejus,
2644 976 2893 1045 despecta
2935 982 3120 1027 etnon
3157 975 3444 1038 reputata.‘

1875 1069 1983 1122 Iste
2009 1074 2228 1136 peccata
2281 1073 2468 1123 nostra
2501 1073 2704 1136 portat,
2739 1077 2795 1120 et
2836 1079 2934 1135 pro
2971 1065 3126 1120 nobis
3165 1061 3338 1127 dolet;
3370 1069 3427 1114 et
3487 1090 3492 1092 -

1875 1173 1971 1213 nos
1998 1157 2368 1228 reputavimus
2393 1171 2514 1212 eum
2545 1170 2667 1210 esse
2692 1155 2745 1209 in
2768 1155 2969 1216 labore,
3003 1162 3057 1209 et
3088 1153 3140 1207 in
3171 1152 3346 1227 plaga,
3371 1157 3430 1204 et

1875 1251 1926 1303 in
1960 1249 2284 1313 afﬂictione;
2327 1249 2443 1316 ipse
2470 1231 2664 1300 autem
2715 1246 3035 1301 vulneratus
3081 1253 3165 1297 est
3209 1248 3450 1311 propter

1875 1349 2092 1408 peccata
2124 1349 2326 1404 nostra,
2355 1348 2410 1394 et
2433 1338 2741 1392 infirmatus
2763 1344 2845 1390 est
2869 1325 3094 1404 propter
3115 1332 3428 1402 iniquitates

1876 1440 2102 1483 nostras.
2143 1427 2433 1496 Disciplina
2467 1427 2618 1497 pacis
2648 1435 2848 1480 nostra:
2884 1437 3047 1492 super
3067 1437 3211 1488 eum,
3258 1421 3428 1475 livore

1872 1519 1986 1583 eius
2017 1519 2189 1573 sanati
2227 1532 2434 1572 sumus.
2473 1517 2671 1573 Omnes
2719 1516 2886 1584 quasi
2918 1529 3047 1570 oves
3102 1512 3422 1569 erravimus.

1872 1606 2040 1660 llomo
2061 1609 2114 1660 in
2141 1609 2223 1659 via
2252 1622 2347 1660 sua
2374 1606 2597 1671 erravit,
2633 1612 2691 1659 et
2732 1594 2992 1658 Dominus
3026 1601 3251 1657 tradidit
3297 1613 3425 1654 eum

1870 1701 2088 1760 propter
2117 1691 2428 1759 iniquitates
2452 1699 2684 1756 nostras,
2711 1698 2766 1744 et
2789 1690 2904 1758 ipse
2933 1697 3152 1760 propter
3179 1686 3424 1742 afﬂictio-

1873 1798 1991 1836 neut
2022 1797 2124 1834 non
2159 1783 2338 1850 aperit
2356 1797 2417 1836 os
2441 1797 2620 1837 suum.
2638 1781 2792 1839 Sicut
2808 1781 2924 1835 ovis
2939 1780 3005 1833 ad
3030 1780 3298 1857 victimam
3327 1779 3427 1838 due

1875 1887 1994 1929 ctus
2024 1886 2127 1937 est,
2152 1885 2207 1928 et
2239 1875 2392 1941 quasi
2417 1888 2586 1942 agnus
2621 1887 2804 1927 coram
2837 1873 3092 1927 tondente
3119 1879 3321 1933 mutus,
3347 1869 3426 1923 sic

1876 1979 1982 2018 non
2017 1965 2184 2033 aperit
2199 1979 2259 2018 os
2276 1979 2451 2017 suum.
2479 1964 2533 2016 In
2559 1963 2858 2017 humilitate
2875 1963 3137 2030 judicium
3159 1959 3274 2028 ejus
3296 1958 3428 2013 sub-
3504 1955 3506 1957 ’

1866 2052 2038 2107 ‘latum
2066 2065 2166 2108 est.
2195 2052 2611 2106 Geuerationem
2644 2052 2760 2122 ejus
2790 2053 2915 2120 quis
2939 2049 3262 2105 enarrabit?
3285 2047 3425 2114 Quia

1876 2142 2170 2196 tolliturde
2191 2151 2333 2195 terra
2362 2142 2471 2195 vita
2496 2141 2648 2209 ejus;
2692 2139 2913 2208 propter
2968 2138 3276 2208 iniquitates
3331 2149 3427 2205 po-

1875 2231 1984 2301 puli
2019 2231 2122 2284 mei
2151 2231 2344 2286 ductus
2379 2232 2549 2286 estad
2574 2229 2880 2284 mortem".
2908 2245 2930 2279 ι
2998 2263 3003 2267 .

1943 2321 2030 2374 55.
2060 2319 2276 2374 Memini
2303 2334 2386 2373 me
2415 2320 2567 2385 olim,
2614 2333 2737 2373 cum
2787 2317 3121 2387 disputarem
3166 2316 3430 2372 adversus

1875 2413 1996 2467 illos
2019 2407 2082 2466 ex
2111 2410 2310 2466 Judaeis
2338 2412 2431 2481 qui
2485 2412 2755 2480 sapientes
2796 2419 3080 2474 vocantur,
3105 2423 3260 2465 usum
3300 2422 3425 2463 esse
3458 2463 3461 2465 ι

1877 2503 1980 2556 illis
2015 2502 2308 2557 vaticiniis.
2356 2503 2562 2568 Quibus
2613 2517 2754 2557 unus
2800 2515 2869 2555 ex
2912 2500 3302 2569 eisrreposuit,
3334 2498 3422 2553 illa

1875 2596 2216 2665 intelligenda
2243 2610 2365 2661 esse
2391 2598 2457 2650 de
2497 2612 2605 2651 uno
2634 2612 2807 2665 eoque
2845 2597 3056 2664 integro
3094 2592 3310 2664 populo,
3342 2593 3424 2652 di-

1830 2741 1833 2744 ;
1874 2699 2057 2763 spersa
2080 2692 2135 2737 et
2157 2699 2436 2754 percusso,
2462 2695 2522 2737 ut
2540 2685 2827 2738 occasione
2849 2683 3200 2751 dispersionis
3219 2680 3426 2735 Judao-

1793 3175 1834 3232 C

1874 2789 1992 2827 rum
2017 2773 2158 2828 inter
2192 2773 2450 2841 plurimas
2477 2783 2664 2841 gentes
2689 2772 2840 2826 multi
2869 2771 3124 2841 proselyti
3183 2770 3373 2823 fierent
3404 2786 3420 2833 ;

1876 2874 2040 2929 atque
2087 2862 2158 2913 ita
2210 2861 2669 2927 interpretabatur
2706 2858 2836 2914 illud
2863 2873 2880 2912 :
2909 2877 2929 2910 ι
2957 2859 3189 2927 lngloria
3221 2859 3327 2912 erit
3354 2857 3424 2911 ab

1873 2950 2178 3004 hominibus
2217 2953 2422 3018 species
2454 2959 2575 3014 tua;
2609 2970 2628 3003 ι
2657 2962 2713 3004 et
2742 2938 2908 3004 illud:
2930 2968 2950 3001 ι
2983 2949 3186 3015 Quibus
3210 2964 3314 3002 non
3338 2957 3424 3002 est
3498 2955 3500 2957 ’

1871 3042 2243 3095 annuntiatutn
2268 3042 2333 3093 de
2349 3056 2434 3103 eo,
2469 3041 2746 3106 videbunt;
2783 3059 2801 3092 ι
2831 3051 2886 3095 et
2915 3040 3084 3094 illud:
3119 3058 3139 3090 ι
3175 3038 3345 3094 Homo
3367 3038 3421 3092 in

1871 3129 2026 3198 plaga
2057 3130 2276 3196 positus.
2318 3148 2336 3179 ι
2367 3127 2464 3181 Hic
2498 3129 2662 3182 multa
2687 3128 2904 3195 quidem
2937 3128 3048 3180 dixi
3077 3139 3136 3180 ut
3163 3127 3422 3181 ostende-

1869 3235 1978 3275 rem
2001 3235 2160 3288 quam
2187 3219 2479 3285 immerito,
2505 3234 2624 3287 qua:
2646 3217 2711 3272 de
2747 3233 2855 3271 uno
2882 3219 3134 3286 quopiam
3171 3218 3422 3286 prazdicta

1864 3313 2094 3373 fuerant,
2131 3311 2198 3363 ad
2228 3309 2538 3362 universum
2564 3308 2816 3380 populum
2842 3307 3129 3362 referrent.
3148 3306 3424 3377 Rogabam

1863 3402 1982 3470 quis
2018 3410 2160 3472 esset
2203 3399 2291 3452 ille
2341 3398 2432 3467 qui
2483 3399 2696 3454 dicebat
2731 3421 2743 3454 :
2779 3415 2799 3449 t
2829 3397 2934 3452 Iste
2970 3406 3193 3468 peccata
3237 3409 3422 3452 nostra

1864 3494 1965 3546 fcl‘l
2007 3502 2062 3546 et
2107 3507 2202 3559 pro
2242 3492 2396 3545 nobis
2431 3491 2608 3556 dolet;
2647 3510 2666 3543 ι
2699 3499 2754 3545 et
2797 3490 2982 3544 istud:
3019 3506 3041 3542 ι
3083 3489 3200 3559 lpse
3242 3499 3420 3544 autem

1862 3582 2174 3652 vulneratus
2202 3589 2285 3634 est
2308 3590 2525 3649 propter
2550 3588 2768 3648 peccata
2807 3588 3015 3642 nostra,
3040 3589 3095 3631 et
3119 3579 3421 3630 inﬁrmatus

1860 3681 1944 3725 est
1979 3681 2198 3738 propter
2250 3670 2560 3738 iniquitates
2608 3679 2852 3734 nostras;
2903 3686 2922 3720 ι
2967 3678 3020 3722 et
3075 3669 3176 3724 hoc
3229 3668 3419 3724 aliud:

1866 3779 1884 3811 ι
1919 3759 2110 3814 Livore
2132 3760 2249 3830 ejus
2278 3760 2456 3813 sanati
2489 3773 2699 3813 sumus.
2740 3761 2778 3810 ι·
2793 3761 3010 3817 Clarum
3038 3769 3120 3815 est
3141 3761 3282 3814 enim
3303 3775 3418 3824 eos,

1860 3851 1948 3918 qui
1975 3850 2114 3919 apud
2144 3850 2454 3918 prophetam
2488 3862 2575 3902 res
2600 3848 2812 3903 futuras
2873 3851 3142 3904 videntem
3171 3851 3422 3918 ,taliaque

1864 3943 2010 3995 velut
2032 3944 2279 4010 personis
2319 3940 2500 3995 atllatu
2526 3943 2700 3996 sancti
2737 3941 2976 4012 Spiritus
3004 3943 3419 3998 accommodan-

1857 4043 1967 4086 tetn
2001 4033 2119 4086 haec
2153 4033 2461 4102 loquuntur,
2502 4047 2621 4087 esse
2664 4033 2910 4087 homines
2951 4035 3069 4089 sive
3109 4049 3176 4089 ex
3227 4035 3420 4104 pupulo

1859 4123 2082 4178 Iudaico
2113 4125 2226 4179 sive
2272 4139 2338 4177 ex
2365 4124 2614 4193 gentibus
2635 4163 2649 4188 ,
2686 4123 2776 4191 qui
2818 4124 3056 4191 peccatis
3095 4123 3294 4176 dudum
3319 4125 3420 4176 ob-

1861 4217 2004 4270 noxii
2032 4216 2328 4271 Salvatoris
2363 4199 2615 4285 passione
2633 4214 2813 4268 sanati
2838 4222 2984 4268 sunt.
3020 4213 3124 4268 Sed
3156 4213 3274 4266 illos
3302 4227 3420 4264 ma-

1859 4310 2000 4361 xime
2030 4323 2280 4377 premere
2317 4307 2490 4360 visum
2540 4316 2624 4360 est
2650 4305 2827 4360 istud:
2863 4322 2882 4356 ‹
2915 4303 3139 4371 Propter
3162 4303 3419 4373 iniquita-

1862 4409 1939 4451 tes
1983 4398 2160 4466 p0puli
2223 4398 2324 4451 mei
2376 4397 2574 4451 ductus
2612 4405 2694 4451 est
2732 4398 2798 4450 ad
2836 4405 3084 4450 mortem.
3117 4413 3137 4445 ›
3168 4394 3226 4448 Si
3273 4395 3418 4449 enim

149 4472 328 4538 ’ξεως
351 4473 433 4537 τὸ,
474 4489 494 4523 t
533 4473 662 4526 Ἀπὸ
689 4473 797 4526 τῶν
829 4474 1065 4544 ἀνομιῶν
1096 4475 1187 4525 τοῦ
1221 4476 1348 4526 λαοῦ
1389 4494 1486 4546 μου
1521 4479 1658 4548 ήχθη
1681 4484 1760 4542 είς

1866 4487 2088 4552 populus
2135 4497 2237 4550 est,
2279 4496 2335 4537 ut
2389 4487 2606 4551 volunt,
2652 4488 2718 4540 de
2759 4501 2866 4555 quo
2911 4487 3281 4555 prophetatum
3325 4485 3417 4553 sit,

173 4561 439 4631 θάνατον.
474 4578 493 4612 ι
529 4563 594 4614 Et
625 4561 731 4630 γὰρ
761 4563 790 4613 ό
813 4561 938 4622 λαὸς
971 4561 1090 4612 κατ’
1124 4560 1520 4630 ὲκείνουςγείσὶν
1547 4566 1595 4616 οί
1625 4582 1757 4637 προι-

1863 4576 2126 4641 quomodo
2196 4584 2415 4643 propter
2490 4576 2798 4644 iniquitates
2846 4578 3022 4645 populi
3081 4577 3172 4630 Dei
3221 4579 3306 4629 hic
3349 4576 3418 4627 ad

171 4653 566 4722 φητευόμενοι,
619 4650 738 4714 πῶς
784 4651 890 4704 ἀπὸ
933 4650 1040 4704 τῶν
1082 4651 1315 4722 ἀνομιῶν
1358 4653 1450 4706 τοῦ
1488 4653 1616 4708 λαοῦ
1658 4657 1751 4710 τοῦ

1866 4675 2086 4718 mortem
2117 4668 2306 4720 ductus
2339 4668 2555 4731 dicitur,
2599 4669 2700 4721 nisi
2732 4669 2802 4720 sit
2833 4668 2970 4720 alius
2997 4683 3024 4719 a
3059 4669 3146 4720 Dei
3177 4665 3418 4734 populo?

171 4740 324 4795 Θεοῦ
356 4742 571 4810 λέγεται
607 4737 768 4812 ἦχθαι
801 4743 880 4804 είς
919 4741 1143 4794 θάνατον
1176 4736 1349 4808 οὗτος,
1384 4747 1431 4797 εί
1463 4747 1537 4817 μὴ
1570 4746 1753 4818 ἕτερος

166 4835 255 4887 ὣν
284 4834 440 4903 παρά
470 4834 560 4886 τὸν
591 4834 714 4888 λαὸν
746 4835 839 4887 τοῦ
870 4832 1033 4896 Θεοῦ;
1063 4831 1157 4895 Τίς
1187 4832 1232 4884 δ’
1263 4827 1435 4898 οὗτος,
1460 4839 1509 4889 εί
1539 4838 1612 4906 μὴ
1650 4838 1752 4909 ’11;-

166 4923 314 4984 σοῦς
340 4923 606 4992 Χριστός;
628 4942 646 4974 ι
680 4915 742 4976 οὗ
766 4924 843 4994 τῷ
869 4922 1090 4994 μώλωπι
1114 4921 1338 4992 ἰάθημεν
1369 4942 1388 4975 ι
1417 4927 1466 4976 οἱ
1492 4929 1572 4988 είς
1592 4928 1749 4980 αὑτὸν

162 5011 556 5077 πιστεύοντες,
588 5033 608 5065 t
634 5015 1073 5085 ἀπεκδυσαμένου
1102 5013 1200 5076 τὰς
1225 5015 1281 5066 ὲν
1304 5015 1430 5084 ἡμῖν
1457 5016 1628 5086 ἀρχὰς
1657 5021 1751 5070 καὶ

163 5102 456 5166 ἐξουσίας,
490 5106 582 5156 καὶ
617 5106 1207 5176 παραδειγματίσαντος
1241 5106 1348 5177 (65)
1383 5107 1549 5168 αὑτὰς
1586 5110 1645 5160 ὲν
1675 5109 1751 5177 τῷ

167 5193 349 5261 ξύλῳ.
386 5211 404 5242 ι
443 5193 703 5246 Ἕκαστον
729 5196 785 5248 δὲ
808 5196 913 5248 τῶν
937 5198 996 5248 ὲν
1017 5199 1080 5266 τῇ
1109 5194 1409 5266 προφητείᾳ
1433 5196 1720 5265 σαφηνίσαι
1737 5236 1751 5261 ,

248 5330 303 5362 ’⁸
337 5328 440 5381 lsa.
471 5339 566 5392 LII,
599 5327 666 5379 i3
705 5344 856 5398 seqq.
933 5329 975 5359 ⁸³
1006 5329 1216 5383 Coloss.
1251 5342 1310 5392 ιι,
1344 5326 1432 5380 15.

243 5491 377 5563 (61)
412 5488 510 5563 Ὠς
544 5488 839 5563 πρόϐατρις
869 5497 1142 5563 et__caztera
1175 5506 1295 5563 quae
1326 5500 1432 5546 tum
1471 5492 1522 5546 in
1562 5502 1743 5546 nostra

159 5558 292 5620 tuiit
326 5558 382 5614 in
414 5558 681 5627 prioribus
713 5558 1038 5611 cditionibus
1061 5558 1214 5614 uncis
1248 5562 1448 5615 inclusa
1480 5571 1622 5624 sunt,
1656 5564 1748 5614 de-

156 5636 503 5691 sicmrantur
537 5631 589 5681 in
616 5627 866 5682 omnibus
893 5642 1021 5679 mss.

242 5700 369 5782 g6?)
405 5698 540 5782 Reg.
569 5705 633 5782 ει
668 5695 1003 5782 Βέιείίεειιείε,
1032 5695 1126 5782 τριξ
1153 5697 1421 5782 ἑσπάρθλαι
1466 5699 1746 5782 ξίουδαίους

153 5764 290 5826 τοῖὲ
315 5764 538 5831 λοιποῖς.
569 5766 680 5821 Duo
704 5766 966 5832 Vaticani,
988 5764 1080 5820 τοῦ
1101 5764 1436 5837 ιπσπᾶρθαι
1471 5768 1748 5830 Ἰουδαίους

1859 4757 1991 4822 Quis
2022 4757 2217 4811 ille.est
2247 4769 2448 4823 autem,
2495 4759 2594 4811 nisi
2640 4760 2796 4812 Jesus
2822 4757 3087 4817 Christus,
3120 4775 3137 4805 ι
3172 4755 3323 4820 cujus
3354 4756 3419 4808 li-

1857 4860 1985 4900 vore
2035 4848 2211 4901 sanati
2258 4862 2444 4901 sumus
2495 4866 2513 4897 ι
2573 4857 2835 4915 quotquot
2869 4848 2921 4898 in
2957 4861 3078 4898 eum
3123 4845 3418 4909 credimus,

1861 4953 1880 4984 ι
1911 4936 1999 5002 qui
2026 4935 2330 5003 exspolians
2357 4936 2682 5002 principatus
2712 4945 2762 4988 et
2785 4945 3082 5004 potestates
3103 4935 3283 5004 371,
3310 4945 3419 4987 tra-

1857 5023 2010 5076 duxit
2050 5037 2145 5076 eos
2189 5023 2525 5076 confidenter
2575 5023 2625 5074 in
2666 5024 2807 5092 ligno
2825 5025 2889 5077 ‘9.
2929 5044 2945 5073 ι
2986 5007 3233 5092 Singulas
3263 5025 3419 5090 hujus

1861 5114 2151 5182 prophetia:
2202 5125 2382 5181 partes
2433 5115 2724 5181 explanare
2778 5117 3019 5182 nihilque
3064 5118 3415 5169 indiscussum

1863 5203 2297 5268 praetermittere,
2326 5219 2428 5256 non
2457 5188 2547 5258 est
2573 5206 2730 5274 hujus
2781 5207 3052 5273 temporis.
3085 5204 3207 5258 licet:
3236 5213 3414 5257 tamen

1852 5495 2721 5632 1oiszifiiZEQem-paz{narum
2781 5563 2942 5615 Recte
2987 5562 3203 5615 omnino
3226 5560 3408 5632 codex

1857 5628 2055 5700 Regius
2085 5628 2522 5698 et'anileeusis;
2556 5635 2679 5689 libb.
2725 5645 2901 5687 autem
2952 5632 3102 5696 editi,
3134 5628 3408 5699 παρρησίᾳ

1852 5701 1962 5768 δειγ
1973 5702 2305 5770 ματίσαντος.
