4096 6304
633 411 736 468 763

2067 401 2385 461 OﬂlGENlS

3729 390 3832 449 πει

631 528 791 597 paulo
809 530 1029 586 uberius
1051 531 1353 600 disceptare
1391 523 1750 584 necessarium
1780 526 1952 581 visum
1990 535 2092 589 est,
2130 539 2174 579 ut

2286 524 2377 575 καὶ
2434 521 2598 591 μηδὲν
2649 519 3018 583 ἀϐασάνιστον,
3051 517 3227 572 αὐτῶν
3282 513 3622 587 παραλιπεῖν,
3678 509 3836 600 ἄλλου

630 634 753 688 quae
772 618 985 680 Judaeus
1012 624 1150 692 apud
1181 622 1394 677 Celsum
1420 623 1572 685 dicit,
1603 619 1993 674 refellerentur.

698 882 788 937 56.
816 881 872 937 ld
899 889 1079 936 autem
1108 888 1165 935 et
1191 877 1404 934 Celsum
1423 885 1478 932 et
1509 876 1652 932 illius
1680 876 1922 932 Judaeum
1948 883 2004 930 et
2024 882 2180 945 quot-

627 979 760 1034 quot
780 968 908 1024 Iesu
935 983 1038 1024 non
1071 968 1299 1023 credunt
1323 965 1499 1032 latuit,
1526 968 1657 1022 duos
1683 982 1712 1020 a
1741 966 2014 1036 pr0phetis
2045 979 2180 1032 prae-

629 1058 802 1113 dictos
839 1072 957 1113 esse
1012 1057 1212 1113 Christi
1239 1058 1495 1112 adventus
1540 1074 1554 1110 :
1587 1058 1815 1125 priorem
1845 1055 2096 1110 humilem
2126 1063 2181 1110 et

630 1144 880 1200 humanis
906 1145 1310 1200 inﬁrmitatibus
1351 1145 1668 1210 obnoxium,
1715 1153 1771 1198 ut
1798 1159 1917 1198 cum
1951 1143 2181 1198 homini—

629 1237 728 1291 bus
752 1236 952 1305 degens
989 1250 1084 1291 eos
1109 1237 1325 1292 doceret
1356 1238 1494 1290 viam
1536 1251 1656 1304 qua:
1698 1235 1848 1288 ducit
1879 1235 1946 1288 ad
1990 1234 2175 1302 Deum,

628 1324 866 1393 nullique
910 1325 1184 1379 hominum
1233 1326 1553 1395 relinqueret
1578 1325 1752 1379 locum
1782 1324 2070 1379 excusandi
2122 1337 2181 1378 se

627 1412 792 1466 futuri
812 1399 998 1479 judicii
1027 1414 1360 1482 ignoratione
1390 1434 1402 1468 :
1438 1415 1666 1468 alterum
1695 1413 2011 1482 gloriosum,
2036 1412 2180 1471 divi-2

627 1519 752 1558 num
779 1506 1166 1570 tantummodo,
1192 1515 1248 1560 et
1277 1507 1364 1560 ubi
1395 1505 1652 1559 divinitas
1679 1505 1811 1559 nihil
1834 1504 2078 1558 humana:
2096 1504 2208 1558 in-‘

628 1595 901 1649 ﬁrmitatis
961 1597 1246 1650 admistnm
1286 1607 1366 1653 est
1413 1597 1688 1650 habitura.
1743 1595 1984 1663 Longum
2033 1603 2180 1651 esset

625 1688 935 1752 prophetias
965 1687 1015 1738 in
1057 1688 1285 1741 medium
1315 1687 1576 1756 proferre.
1612 1687 1756 1741 Satis
1787 1687 1876 1742 hic
1920 1685 2083 1740 fuerit
2110 1701 2177 1740 ex

627 1772 836 1840 psalmo
913 1775 1320 1841 quadragesimo
1398 1787 1633 1844 quarto,
1689 1776 1843 1842 cujus
1906 1775 1956 1829 in
2020 1776 2179 1831 titulo

625 1861 738 1916 haec
779 1862 920 1915 inter
956 1865 1056 1917 alia
1089 1865 1336 1934 leguntur
1364 1883 1376 1918 :
1408 1866 1683 1919 Canticum
1703 1881 1799 1931 pro
1827 1865 2040 1928 dilecto,
2069 1865 2183 1919 haec
2213 1871 2255 1926 B

625 1952 789 2005 verba
815 1953 1112 2018 adducere,
1137 1955 1226 2009 ubi
1266 1955 1354 2010 ille
1384 1956 1660 2010 evidenter
1703 1955 1842 2009 Deus
1865 1955 2177 2025 pronuntia-

626 2047 795 2094 turzc
833 2041 1031 2095 Diﬂ‘usa
1069 2051 1152 2096 est
1193 2044 1366 2112 gratia
1407 2045 1459 2098 in
1499 2043 1654 2098 labiis
1707 2043 1845 2110 tuis,
1893 2055 2174 2113 propterea

621 2128 894 2182 benedixit
950 2141 1003 2184 te
1053 2131 1192 2186 Deus
1234 2132 1286 2187 in
1332 2142 1613 2186 veternum.
1659 2131 1953 2203 Accingere
1998 2133 2174 2200 gladio

621 2228 712 2271 tuo
740 2234 899 2288 super
913 2219 1088 2275 femur
1113 2231 1278 2290 tuum,
1306 2233 1518 2293 potens,
1545 2226 1720 2294 specie
1747 2237 1832 2278 tua
1859 2233 1913 2277 et
1940 2224 2175 2292 pulchri-

621 2310 802 2365 tudine
851 2322 939 2364 tua
994 2312 1239 2378 intende,
1301 2329 1555 2384 prospere
1596 2317 1826 2384 procede
1871 2323 1926 2367 et
1989 2330 2170 2382 regna.

619 2397 845 2469 Propter
888 2405 1172 2457 veritatem
1221 2413 1274 2459 et
1307 2407 1771 2460 mansuetudinem
1800 2419 1856 2460 et
1879 2407 2170 2475 justitiam,

617 2497 673 2542 et
693 2490 920 2544 deducet
957 2500 1004 2544 te
1031 2492 1352 2546 mirabiliter
1396 2496 1615 2548 dextera
1659 2505 1769 2548 tua.
1800 2495 2023 2562 Sagitta:
2073 2505 2174 2548 tua

619 2587 812 2640 aetttze,
847 2587 1056 2645 potens,
1091 2582 1269 2647 populi
1294 2584 1390 2635 sub
1416 2593 1466 2637 te
1491 2584 1682 2636 cadent
1709 2585 1761 2635 iu
1790 2586 1950 2636 corde
1999 2587 2174 2634 inimi-

618 2681 804 2718 corum
827 2666 1057 2734 Regis”.
1084 2687 1102 2719 ι
1129 2669 1359 2722 Adverte
1379 2671 1613 2724 animum
1631 2671 1696 2723 ad
1717 2686 1777 2724 ea
1796 2686 1914 2739 qua:
1943 2686 2172 2739 sequun-

621 2766 728 2822 tur,
763 2766 817 2809 et
857 2772 976 2824 quae
1027 2758 1172 2812 illum
1235 2759 1400 2830 Deum
1431 2762 1716 2814 euuntiant
1748 2779 1762 2814 ε
1798 2780 1816 2812 ι
1859 2761 2025 2817 Sedes
2055 2772 2168 2829 tua,

618 2849 781 2911 Dens,
811 2845 862 2902 in
881 2849 1128 2903 sacculum
1161 2851 1358 2914 smculi,
1396 2851 1541 2921 virga
1567 2852 1874 2906 directionis
1905 2854 2050 2922 virga
2084 2868 2170 2906 re-

618 2939 707 3006 gni
738 2939 833 2993 tui.
857 2939 1381 3006 Dilexistijustitiam
1405 2951 1460 2994 et
1480 2943 1642 2995 odisti
1672 2942 2026 3010 iniquitatem;
2049 2958 2170 3012 pro-

617 3041 799 3098 pterea
841 3033 992 3084 unxit
1037 3041 1086 3083 te
1123 3032 1282 3097 Deus,
1316 3031 1455 3087 Deus
1514 3042 1655 3099 tuus,
1687 3034 1804 3088 oleo
1833 3035 2029 3086 laetitia:
2059 3048 2168 3101 pra

618 3121 962 3175 conSortibus
1010 3123 1196 3175 tuis“.
1240 3141 1260 3174 ›
1292 3124 1669 3178 Animadverte
1710 3126 1852 3194 quod
1909 3125 2165 3193 propheta

2282 611 2469 681 καιροῦ
2507 613 2642 664 ἐστι.
2690 611 2799 663 Καὶ
2837 609 3006 663 ταῦτα
3053 608 3096 661 δ’
3137 609 3229 661 ἐπὶ
3269 607 3450 659 πλεῖον
3485 603 3717 681 εἴρηται,
3761 599 3837 662 ὡς

2281 701 2502 770 νομίζω,
2532 699 2837 767 ἀναγκαίως
2861 698 2949 752 διὰ
2976 694 3076 764 τὴν
3107 695 3426 764 ἐκκειμέντν
3456 692 3548 746 τοῦ
3581 689 3728 757 παρά
3757 687 3835 757 τῷ

2282 789 2473 859 Κέλσῳ
2508 788 2754 842 Ἰουδαίου
2785 788 2944 853 λέξιν.

2353 898 2551 952 Ἔλαθε
2585 899 2641 962 δὲ
2683 899 2775 952 τὸν
2821 900 3044 965 Κέλσον,
3078 901 3170 953 καὶ
3207 899 3299 953 τὸν
3338 898 3469 970 παρ’
3496 885 3658 966 ἀὐτῷ
3709 894 3837 946 Ἰου-

2281 988 2446 1051 δαῖον,
2489 989 2581 1042 καὶ
2615 989 2819 1051 πάντας
2849 990 2962 1043 ὅσοι
3003 989 3082 1060 τῷ
3139 986 3313 1059 Ἰησοῦ
3353 987 3427 1060 μὴ
3473 983 3838 1040 πεπιστεύκα-

2285 1093 2368 1134 σιν
2393 1077 2529 1149 (64),
2562 1079 2647 1132 ὅτι
2691 1080 2749 1132 αί
2783 1083 3107 1151 προφητεῖαι
3148 1079 3241 1132 δύο
3282 1079 3529 1147 λέγουσιν
3559 1072 3696 1129 εἶναι
3736 1072 3837 1136 τὰς

2282 1169 2517 1240 Χριστοῦ
2561 1169 2884 1239 ἐπιδημίας*
2929 1169 3028 1238 τὴν
3079 1169 3179 1238 μὲν
3222 1167 3513 1239 προτέραν,
3559 1164 3838 1237 ἀνθρωπο-

2283 1258 2618 1329 παθεστέραν
2641 1258 2735 1311 καὶ
2763 1259 3164 1330 ταπεινοτέραν,
3196 1259 3280 1310 ἵνα
3304 1259 3400 1310 σὺν
3423 1254 3724 1326 ἀνθρώποις
3757 1252 3837 1306 ῶν

2282 1349 2312 1400 6
2343 1348 2594 1418 Χριστὸς,
2619 1349 2803 1421 διδάξῃ
2832 1351 2929 1419 τὴν
2957 1349 3223 1420 φέρουσαν
3257 1347 3393 1418 πρὸς
3421 1345 3552 1398 Θεὸν
3581 1345 3715 1409 ὁδὸν,
3742 1343 3839 1397 καὶ

2286 1439 2470 1510 μηδενὶ
2493 1439 2600 1493 τῶν
2631 1439 2688 1493 ἐν
2720 1440 2797 1509 τῷ
2825 1440 2922 1510 βίῳ
2953 1441 3058 1493 τῶν
3089 1437 3391 1509 ἀνθρώπων
3421 1435 3710 1503 ἀπολογίας
3744 1451 3840 1487 κα-

2281 1529 2480 1603 ταλίπῃ
2511 1529 2691 1593 τόπον,
2733 1530 2808 1592 ὡς
2837 1531 2935 1583 οὐκ
2976 1531 3233 1598 ἐγνωκότι
3266 1530 3392 1599 περὶ
3434 1529 3533 1598 τῆς
3572 1526 3836 1596 ἐσομένης

2281 1620 2513 1690 κρίσεως
2531 1635 2544 1650 ·
2571 1619 2668 1689 τὴν
2688 1619 2732 1672 δ’
2761 1620 2966 1690 ἐτέραν,
2996 1619 3202 1684 ἔνδοξον
3228 1620 3321 1672 καὶ
3352 1619 3512 1688 μόνον
3536 1616 3830 1686 θειοτέραν,

2280 1707 2429 1761 οὐδὲν
2456 1707 2917 1780 ἐπιπεπλεγμένον
2950 1712 3016 1781 τῇ
3045 1709 3276 1780 θειότητι
3302 1709 3527 1779 ἔχουσαν
3558 1708 3836 1779 ἀνθρωπο-

2281 1796 2466 1860 παθές.
2499 1798 2840 1877 Παραθέσθαι
2868 1800 2924 1852 δὲ
2946 1801 3039 1854 καὶ
3072 1799 3171 1863 τὰς
3221 1799 3553 1870 προφητείας
3591 1799 3723 1852 mli;
3766 1797 3834 1852 ἂν
3901 1847 3912 1851 _.

2282 1887 2394 1957 εἴη·
2420 1889 2579 1959 ἀρκεῖ
2607 1890 2652 1942 δ’
2685 1890 2778 1942 ἐπὶ
2803 1891 2896 1943 τοῦ
2934 1891 3196 1962 παρόντος
3219 1891 3280 1944 τὸ
3303 1891 3409 1945 ἀπὸ
3439 1890 3533 1944 τοῦ
3565 1906 3831 1960 τεσσαρα-

2282 1977 2475 2030 κοστοῦ
2517 1979 2611 2032 καὶ
2649 1981 2903 2050 τετάρτου
2937 1981 3169 2052 ψαλμοῦ,
3207 1982 3266 2045 6;
3311 1981 3404 2034 καὶ
3437 1981 3831 2051 ἐπιγέγραπται

2281 2069 2416 2140 πρὸς
2436 2069 2613 2133 ἄλλοις
2633 2065 2766 2123 εῖναι
2786 2071 2879 2123 καὶ
2907 2071 3038 2140 ᾯδὴ
3059 2072 3206 2139 ὑπὲρ
3228 2071 3334 2125 τοῦ
3353 2069 3681 2140 ἀπιπητοῦ,
3704 2069 3834 2122 ἔνθα

2280 2159 2370 2210 καὶ
2396 2158 2526 2221 Θεὸς
2551 2159 2904 2230 ἀνηγόρευται
2926 2159 3111 2227 σαφῶς
3133 2159 3224 2212 διὰ
3247 2159 3448 2213 τούτων
3466 2176 3480 2189 ·
3508 2178 3526 2210 ι
3575 2158 3831 2228 Ἐξεχύθη
3872 2149 3882 2158 ’

2280 2250 2312 2318 ἡ
2345 2249 2500 2320 χάρις
2530 2251 2590 2317 ἐν,
2617 2250 2816 2318 χείλεσί
2849 2266 2962 2312 σου,
2989 2250 3077 2303 διὰ
3106 2251 3262 2304 τοῦτο
3285 2250 3542 2320 εὐλόγησέ
3567 2267 3624 2303 σε
3651 2253 3680 2303 6
3700 2251 3834 2312 Θεὸς

2279 2338 2358 2398 είς
2387 2337 2475 2390 τὸν
2506 2337 2692 2390 αἰῶνα.
2727 2336 3031 2408 Περίζωσαι
3064 2338 3160 2410 τὴν
3193 2340 3463 2410 ῥομφαίαν
3495 2357 3589 2392 σου
3619 2340 3710 2391 ἐπὶ
3739 2338 3832 2391 τὸν

2281 2425 2451 2494 μηρόν
2484 2442 2600 2489 σου,
2635 2425 2845 2489 δυνατέ,
2875 2429 2941 2497 τῇ
2973 2426 3262 2498 ὡραιότητί
3296 2444 3389 2482 σου
3424 2428 3513 2480 καὶ
3537 2426 3614 2496 τῷ
3647 2425 3830 2479 κάλλει

2279 2533 2392 2578 σου,
2417 2516 2508 2568 καὶ
2534 2515 2762 2568 ἔντεινον
2783 2517 2875 2570 καὶ
2897 2517 3183 2570 κατευοδοῦ
3206 2518 3300 2570 καὶ
3318 2516 3583 2587 βασίλευε.
3608 2517 3833 2568 Ἕνεκεν

2224 2661 2234 2666 _
2277 2606 2527 2670 ἀληθείας
2553 2606 2644 2654 καὶ
2676 2606 2981 2672 πραότητος
3009 2609 3100 2656 καὶ
3120 2607 3479 2671 δικαιοσύνης,
3508 2605 3599 2656 καὶ
3631 2603 3830 2672 ὁδηγή-

2279 2709 2359 2745 σει
2393 2709 2452 2744 σε
2485 2692 2804 2762 θαυμαστῶς
2839 2695 2873 2764 ἠ
2907 2692 3054 2756 δεξιά
3085 2709 3197 2745 σου.
3229 2692 3310 2745 Τά
3343 2690 3468 2762 βέλη
3503 2708 3594 2744 σου
3627 2693 3826 2760 ⁴Ιιιιονη-

2279 2781 2433 2851 μένα,
2467 2780 2673 2833 δυνατέ·
2710 2780 2825 2833 λαοὶ
2860 2782 3114 2834 ὑποκάτω
3157 2797 3250 2833 σου
3279 2779 3568 2833 πεσοῦνται
3601 2783 3659 2833 ἐν
3693 2796 3830 2847 καρ-

2274 2870 2361 2940 δίᾳ
2391 2870 2498 2923 τῶν
2543 2869 2748 2942 ἐχθρῶν
2782 2869 2874 2922 τοῦ
2909 2871 3190 2940 βασιλέως.
3228 2889 3247 2922 ι
3286 2870 3528 2942 Πρόσχες
3554 2871 3597 2922 δ’
3636 2872 3831 2938 ἐπιμε-

2275 2959 2380 3022 λῶς
2401 2962 2510 3023 τοῖς
2542 2960 2683 3030 ἐξῆς,
2709 2961 2835 3013 ἔνθα
2853 2960 2984 3023 Θεὸς
3020 2960 3259 3031 είρηται’
3311 2978 3328 3012 ι
3381 2961 3438 3012 Ὀ
3466 2959 3651 3030 θρόνος
3675 2976 3768 3011 σου
3804 2978 3822 3010 ο

2275 3051 2378 3120 γάρ
2405 3068 2561 3120 φησιν
2593 3069 2611 3100 ι
2634 3053 2662 3102 6
2688 3049 2818 3113 Θεὸς
2845 3051 2924 3112 είς
2955 3050 3044 3103 τὸν
3069 3049 3240 3103 αἰῶνα
3259 3049 3352 3103 τοῦ
3384 3049 3597 3110 αἰῶνος
3634 3047 3829 3116 ῥάϐδος

2276 3139 2560 3208 εὐθύτητος
2593 3141 2626 3209 ὴ
2677 3138 2866 3210 ῥάϐδος
2903 3140 3000 3210 τῆς
3033 3138 3304 3208 βασιλείας
3343 3155 3458 3190 σου.
3511 3138 3833 3205 Ἠγάπησας

618 3211 784 3265 Deum
815 3211 1109 3279 alloquens,
1135 3212 1282 3280 cujus
1311 3215 1464 3267 sedes
1496 3225 1580 3295 est
1609 3217 1659 3268 in
1693 3216 1942 3269 smeulum
1969 3214 2170 3279 saeculi,

2275 3203 2631 3300 δικαιοσύνην,
2655 3203 2753 3282 καὶ
2772 3203 3043 3300 ἐμίσησας
3062 3229 3288 3298 ἀνομίαν
3307 3245 3321 3259 °
3347 3226 3436 3280 διὰ
3465 3203 3618 3280 τοῦτο
3646 3203 3830 3296 ἔχρισέ

593 3297 766 3363 ’cujus
796 3297 945 3367 virga
987 3300 1300 3354 directionis
1327 3310 1409 3354 est
1450 3288 1597 3369 virga
1649 3305 1795 3370 regni
1842 3305 1982 3372 ejus,
2023 3305 2167 3356 hunc

617 3385 790 3457 ipsum
820 3387 984 3442 Deum
1008 3391 1085 3442 ait
1113 3392 1276 3444 fuisse
1299 3401 1515 3446 unctum
1543 3407 1569 3444 a
1603 3393 1730 3454 Deo,
1759 3395 1849 3462 qui
1877 3405 1992 3447 erat
2025 3394 2167 3447 illius

614 3476 786 3544 Deus;
815 3491 1032 3534 unctum
1064 3482 1226 3537 fuisse
1274 3493 1476 3546 autem,
1503 3485 1627 3552 quia
1675 3499 1786 3551 pra:
1825 3483 2168 3538 consortibus

616 3571 733 3622 suis
759 3572 946 3625 dilexit
965 3572 1233 3641 justitiam
1259 3583 1312 3626 et
1333 3575 1668 3643 iniquitatem
1698 3576 1822 3630 odio
1845 3576 2048 3630 habuit.
2075 3574 2168 3628 llis

617 3665 794 3717 verbis
843 3667 1059 3718 memini
1091 3681 1174 3720 me
1208 3667 1335 3719 olim
1396 3669 1616 3724 multum
1678 3669 1938 3722 molestia:
1981 3681 2168 3722 creare

612 3752 797 3806 Jud:eo
828 3757 918 3823 qui
955 3757 1169 3824 sapiens
1201 3757 1499 3810 habebatur
1550 3758 1686 3825 apud
1727 3773 1851 3813 suos
1884 3775 1897 3820 ;
1928 3757 2016 3825 qui
2044 3771 2164 3810 cum

613 3858 670 3895 se
699 3845 982 3898 admodum
1012 3847 1270 3910 torsisset,
1324 3847 1461 3900 dixit
1513 3849 1724 3902 tandem
1771 3863 1890 3915 qua:
1926 3865 1953 3901 a
1981 3846 2165 3900 Judmo

615 3945 929 4003 exspectare
950 3936 1127 3999 debui,
1153 3953 1375 4005 nempe:
1397 3940 1462 3990 de
1493 3939 1600 3991 Deo
1634 3941 2010 3990 universorum
2029 3937 2166 3990 scri-

614 4037 760 4092 ptum
785 4039 904 4077 esse
935 4042 947 4076 :
982 4043 1000 4075 ι
1035 4026 1200 4079 Sedes
1227 4035 1336 4089 tua,
1372 4027 1533 4087 Deus,
1573 4029 1622 4079 in
1662 4022 2119 4084 Steculumsaaculi
2151 4045 2166 4092 ;

615 4116 760 4183 virga
793 4116 1104 4168 directionis
1146 4115 1293 4184 virga
1340 4117 1485 4185 regni
1521 4117 1630 4182 tui;
1672 4135 1691 4166 ι
1724 4117 1789 4170 de
1815 4117 2028 4172 Christo
2073 4135 2168 4172 au-

616 4217 718 4260 tem
763 4219 778 4258 :
823 4223 842 4256 ι
897 4206 1140 4258 Dilexisti
1191 4207 1449 4273 justitiam
1490 4219 1544 4260 et
1588 4207 1750 4260 odisti
1806 4210 2163 4277 iniquitatem,

612 4307 891 4366 propterea
943 4299 1093 4350 unxit
1125 4305 1176 4350 te
1208 4298 1366 4362 Deus,
1403 4297 1539 4352 Deus
1577 4306 1719 4360 tuus,
1758 4315 1778 4349 ι
1811 4307 1864 4351 et
1900 4299 2124 4368 reliqua.

2275 3336 2333 3371 σε
2361 3321 2389 3371 6
2427 3319 2619 3383 Θεὸς,ό
2655 3319 2785 3382 Θεός
2810 3336 2902 3372 σου
2937 3319 3111 3372 ἔλαιον
3137 3318 3511 3386 ἀγαλλιάσεως,
3531 3316 3683 3386 παρά
3701 3316 3831 3378 τοὺς

2275 3408 2530 3477 μετόχους
2554 3425 2667 3462 σου.
2703 3429 2722 3460 ι
2754 3409 2862 3462 Καὶ
2889 3409 3155 3473 κατανόει,
3181 3409 3260 3461 ὃτι
3288 3406 3404 3476 Θεῷ
3425 3404 3623 3477 ὁμιλῶν
3651 3407 3679 3457 6
3703 3420 3834 3476 προ»

2273 3499 2467 3567 φήτης,
2499 3493 2557 3552 οῦ
2577 3500 2624 3572 τό
2662 3498 2846 3570 θρόνος
2880 3501 3025 3552 ἐστὶν
3053 3500 3132 3563 είς
3161 3499 3252 3551 τὸν
3284 3497 3453 3550 αἰῶνα
3476 3497 3571 3550 τοῦ
3612 3495 3827 3562 αἰῶνος,

2274 3590 2368 3641 καὶ
2395 3579 2584 3658 ῥάϐδος
2618 3590 2907 3661 εὐθύτητος
2932 3593 2964 3661 ἡ
2993 3590 3184 3661 ῥάϐδος
3215 3589 3313 3659 τῆς
3347 3589 3618 3658 βασιλείας
3640 3587 3826 3651 αὐτοῦ,

2270 3678 2452 3730 τοῦτον
2481 3680 2570 3732 τὸν
2595 3678 2724 3733 Θεὸν
2753 3683 2884 3751 φησὶ
2923 3680 3203 3751 κεχρῖοθαι
3231 3679 3334 3731 ὐπὸ
3358 3677 3518 3743 Θεοῦ,
3552 3678 3610 3740 6;
3639 3675 3705 3749 ἦν
3734 3678 3832 3730 αὐ-

2271 3766 2362 3819 τοῦ
2401 3767 2565 3829 Θεός·
2606 3770 2889 3836 κεχρῖσθαι
2936 3772 3010 3830 δὲ,
3053 3770 3174 3823 ἐπεὶ
3214 3770 3365 3840 παρά
3401 3769 3526 3831 τοὺς
3572 3769 3835 3837 μετόχους

2274 3855 2434 3907 αὐτοῦ
2462 3850 2614 3918 οὗτος
2635 3857 2888 3928 ἠγάπησε
2913 3859 3274 3929 δικαιοσύνην,
3302 3861 3394 3911 καὶ
3418 3859 3675 3928 ἐμίσησεν
3705 3861 3834 3912 ἀνο-

2276 3945 2423 4014 μίαν.
2459 3945 2568 3997 Kal
2609 3947 2887 4014 μέμνημαί
2931 3964 2994 4013 γε
3038 3949 3178 3998 πάνυ
3218 3948 3409 4012 θλίψας
3449 3948 3539 3995 τὸν
3578 3947 3834 3995 Ἰουδαῖον

2272 4031 2618 4103 νομιζόμενον
2659 4033 2818 4100 σοφὸν
2856 4034 2921 4086 ἐκ
2953 4034 3048 4104 τῆς
3089 4034 3287 4099 λέξεως
3326 4034 3556 4103 ταύτης⁸
3599 4038 3658 4096 6;
3692 4035 3836 4104 πρὸς

2269 4121 2437 4190 αὐτὴν
2481 4120 2722 4195 ἀπορῶν,
2764 4117 2883 4175 εῐπε
2915 4123 2984 4176 τὰ
3010 4121 3088 4192 τῷ
3123 4121 3312 4175 ἐαυτοῦ
3362 4121 3676 4191 Ἰουδαϊσμῷ
3703 4123 3836 4176 ἀκό-

2266 4209 2443 4262 λουθα·
2473 4209 2611 4274 εἷπε,
2629 4211 2763 4279 πρὸς
2787 4210 2884 4280 μὲν
2917 4211 3006 4263 τὸν
3027 4209 3139 4264 τῶν
3151 4211 3285 4263 ὅλων
3313 4210 3443 4263 Θεὸν
3469 4211 3718 4282 εἰρῆσθαι
3747 4211 3834 4272 τὸ,

2269 4319 2285 4350 ι
2326 4301 2384 4354 Ὀ
2411 4300 2596 4370 θρόνος
2622 4318 2712 4353 σου
2737 4303 2764 4355 6
2789 4301 2919 4364 Θεὸς
2946 4303 3024 4364 είς
3046 4302 3134 4354 τὸν
3151 4302 3318 4354 αίῶνα
3345 4301 3436 4355 τοῦ
3459 4303 3670 4364 αἰῶνος·
3705 4299 3842 4369 ῥάϐ-

607 4393 697 4454 δος
735 4390 1022 4461 εὐθύτητος
1061 4393 1115 4462 ὴ,
1139 4391 1327 4462 ῥάϐδος
1356 4394 1452 4464 τῆς
1482 4393 1751 4462 βασιλείας
1786 4411 1876 4446 σου
1903 4410 1917 4425 ο
1962 4413 1981 4446 ι
2017 4395 2150 4464 πρὸς
2183 4395 2237 4447 δὲ
2270 4394 2360 4446 τὸν
2384 4395 2613 4464 Χριστὸν
2646 4395 2724 4459 τὸ,
2791 4386 3168 4466 ι”Ηγάπησας
3195 4394 3555 4464 δικαιοσύνην,
3591 4395 3683 4448 καὶ⁵
3706 4396 3837 4465 ἐμί-

613 4501 782 4552 σησας
813 4483 1063 4554 ἀνομίαν
1100 4484 1187 4536 διά
1215 4485 1369 4536 τοῦτο
1415 4485 1596 4553 ἕχρισέ
1627 4504 1686 4537 σε
1731 4490 1759 4537 6
1798 4487 1982 4549 Θεὸς,ὁ
2010 4486 2140 4545 Θεός
2163 4503 2276 4544 σου,
2308 4506 2325 4536 ι
2356 4487 2448 4537 καὶ
2471 4487 2538 4538 τά
2567 4487 2710 4554 ἐξῆς.
2798 4527 2800 4530 μ

679 4579 770 4634 57.
809 4579 1002 4632 Adhuc
1057 4580 1197 4646 apud
1223 4578 1436 4632 Celsum
1477 4577 1689 4634 Judaeus
1724 4579 2057 4634 Salvatorem
2097 4579 2174 4632 sic
2206 4583 2250 4636 D

611 4668 937 4737 alloquitur:
965 4686 983 4719 ι
1009 4667 1064 4721 Si
1088 4669 1305 4731 iddicis,
1324 4669 1612 4738 quemlibet
1635 4667 1899 4722 hominem
1915 4666 2168 4736 quijuxta

608 4760 844 4812 divinam
870 4761 1260 4826 providentiam
1298 4767 1452 4813 natus
1483 4757 1662 4823 fuerit,
1693 4771 1812 4810 esse
1837 4755 2027 4809 Filium
2054 4755 2168 4814 Dei,

610 4865 711 4916 qua
740 4853 788 4904 in
821 4865 877 4904 re
914 4852 1080 4904 distas
1138 4853 1292 4907 aliis?
1344 4873 1362 4904 ι
1409 4853 1505 4908 Cui
1554 4847 1994 4918 respondebimus
2049 4859 2170 4900 esse

611 4944 824 5008 quidem
870 4943 960 4998 Dei
1022 4936 1216 5008 iilium,
1248 4946 1510 5015 quisquis,
1560 4953 1618 4998 ut
1658 4941 1855 4996 Paulus
1892 4941 2066 5002 docet,
2097 4939 2170 4992 ti-

613 5048 759 5086 more
792 5033 894 5098 hon
923 5036 1150 5102 ducitur,
1185 5037 1342 5105 372
1362 5037 1454 5089 sed
1479 5036 1728 5088 virtutem
1756 5026 1971 5101 propter
1994 5030 2164 5096 ipsam

614 5115 980 5188 amplectitur;
1013 5125 1154 5179 hunc
1185 5141 1309 5179 vero
1350 5127 1504 5195 longe
1546 5126 1851 5191 discrepare
1882 5122 1948 5174 ab
1979 5120 2044 5173 iis
2072 5117 2162 5186 qui

616 5223 829 5279 propter
869 5217 1116 5270 virtutem
1145 5218 1233 5270 lilii
1262 5217 1355 5271 Dei
1381 5217 1744 5276 nominantur,
1775 5220 1832 5266 ut
1859 5209 1949 5280 qui
1975 5222 2159 5262 eorum

684 5369 727 5399 ³⁸
766 5368 908 5422 Psal.
948 5386 1090 5432 ιιιν,
1113 5374 1165 5438 5,
1189 5375 1251 5439 ‘4,
1278 5377 1331 5438 5,
1359 5376 1410 5428 6.
1490 5373 1530 5403 ³¹
1563 5372 1692 5445 ibid.
1728 5371 1778 5435 7,
1815 5371 1866 5422 8.

687 5531 795 5599 (GM
844 5531 1011 5602 Codd.
1057 5533 1251 5598 Regius
1284 5545 1333 5587 et
1375 5536 1693 5591 Basileensis
1721 5575 1733 5594 ,
1784 5535 1854 5602 μὴ
1891 5533 2170 5585 πιστεύου-

617 5619 718 5653 σιν.
753 5601 971 5674 llt_i_detn,
1019 5602 1108 5674 δύο
1146 5603 1386 5668 λέγουσιν
1429 5603 1563 5656 εἶναι
1599 5608 1690 5667 τὰς
1729 5601 1954 5674 Χριστοῦ
1998 5605 2169 5674 ἐπιδη-

621 5674 764 5738 μίας.
797 5670 924 5720 \'ide
959 5669 1092 5721 infra
1125 5688 1265 5722 nutu.
1297 5675 1385 5725 ‘29.
1441 5675 1576 5727 Just.
1609 5676 1746 5726 Dial.
1782 5669 1920 5724 'rum
1976 5669 2162 5740 'l'ryph'.

619 5756 650 5806 ιι
696 5744 818 5805 ζῑίῖ,
861 5741 982 5801 ⁸263,
1031 5740 1163 5802 5ἷὲ0;
1229 5740 1361 5794 lrcu.
1409 5744 1496 5795 lib.
1539 5760 1606 5805 tv,
1652 5761 1766 5810 εισι).
1809 5745 1908 5805 33;
1937 5745 2159 5796 '[crlulL

2349 4577 2467 4629 Ἔτι
2496 4576 2552 4629 δὲ
2586 4577 2720 4647 πρὸς
2745 4577 2835 4629 τὸν
2864 4576 3090 4648 Σωτῆρα
3117 4578 3264 4646 αὐτῷ
3288 4580 3316 4629 6
3351 4578 3597 4640 Ἰουδαῖός
3630 4593 3799 4644 φησιν
3817 4595 3832 4607 ·

2274 4667 2354 4718 ὅτι
2384 4685 2400 4716 ι
2441 4667 2490 4717 εί
2518 4667 2671 4718 τοῦτο
2708 4667 2904 4733 λέγεις,
2939 4667 3020 4719 ὅτι
3052 4668 3157 4728 πᾶς
3189 4667 3468 4735 ἄνθρωπος
3504 4665 3645 4716 κατά
3681 4664 3838 4717 θείαν

2277 4757 2528 4825 πρόνοιαν
2569 4740 2802 4824 γεγονὼς
2833 4757 2945 4819 υἱός
2988 4757 3101 4808 ἐστι
3147 4755 3315 4817 Θεοῦ,
3348 4754 3402 4805 τί
3450 4755 3515 4806 ἂν
3561 4755 3623 4805 σὺ
3667 4752 3836 4805 άλλου

2275 4847 2564 4917 διαφέρῃς;
2589 4867 2605 4896 ι
2628 4847 2766 4917 Πρὸς
2784 4848 2840 4900 6v
2857 4845 3106 4917 ἐροῦμεν,
3129 4847 3209 4897 ὅτι
3230 4847 3338 4907 πᾶς
3357 4845 3453 4914 μὲν
3475 4844 3524 4905 6,
3554 4844 3671 4905 ὼςό
3686 4844 3837 4896 Παῦ-

2275 4936 2361 4998 λος
2379 4937 2429 5003 (6
2439 4937 2488 5005 5)
2500 4937 2605 4988 ὠνό
2613 4955 2768 5005 μασε,
2793 4937 2985 5006 μηκέτι
3003 4935 3104 4987 ὑπὸ
3119 4933 3283 5000 φόϐου
3298 4933 3834 5003 παιδαγωγούμενος,

2273 5027 2406 5080 άλλά
2439 5029 2502 5078 δι’
2536 5029 2665 5081 αὐτὸ
2691 5029 2748 5080 τὸ
2779 5028 2938 5081 καλὸν
2969 5026 3305 5097 αἱρούμενος,
3346 5026 3458 5090 υίός
3503 5029 3617 5081 ἐστι
3655 5029 3796 5082 Θεοῦ
3819 5048 3832 5061 ·

2269 5112 2420 5179 οὗτος
2447 5120 2501 5170 δὲ
2535 5118 2711 5186 πολλῷ
2752 5101 2842 5170 καὶ
2872 5117 3065 5187 μακρῷ
3098 5117 3338 5187 διαφέρει
3370 5118 3566 5183 παντὸς
3609 5120 3702 5173 τοῦ
3742 5121 3838 5174 διὰ

2268 5208 2365 5275 τὴν
2404 5209 2600 5288 ἀρετὴν
2622 5207 3042 5277 χρηματίζοντος
3074 5206 3190 5259 υίοῦ
3224 5208 3313 5261 τοῦ
3357 5208 3510 5273 Θεοῦ,
3547 5211 3691 5272 ὅστις
3725 5212 3838 5264 ῶσ-

2277 5537 2492 5604 Apolog.
2525 5551 2642 5603 cap.
2675 5535 2762 5588 2i.
2812 5535 3066 5591 Eumdem
3112 5539 3249 5590 vide.
3280 5547 3458 5592 contra
3497 5536 3741 5600 Juda’os,
3778 5547 3832 5589 et

2278 5607 2365 5658 lib.
2401 5623 2455 5658 ιιι
2487 5618 2664 5657 contra
2689 5606 3026 5664 Marciourm.
3061 5609 3320 5662 δρεκειειι.

2348 5676 2456 5745 (θεὲ)
2493 5675 2821 5731 lloescltelitts
2850 5677 2899 5729 in
2933 5688 3095 5744 textu,
3131 5678 3186 5732 6v
3213 5679 3285 5741 ὡς
3316 5695 3343 5730 ο
3366 5676 3592 5738 Παῦλος,
3629 5675 3795 5729 male.
