4126 6314
672 421 772 479 πι

2095 384 2412 472 ORICENlS

3773 421 3886 476 772

673 559 792 599 mus
808 542 930 608 fuit,
955 541 1218 598 haberent
1238 540 1490 597 vaticinia
1515 557 1551 595 a.
1569 538 1751 611 Moyse
1770 555 1983 610 quoque
1999 542 2221 609 scriptis

2332 537 2557 607 Μωῡσῆς
2578 536 2870 608 ἀνέγραψε,
2891 538 3233 609 προφητείας,
3254 539 3328 602 ὡς
3355 539 3448 594 καὶ
3472 537 3633 604 αὑτοῦ
3663 539 3787 606 περὶ
3808 539 3885 592 τὰ

672 634 898 698 tradita,
916 641 969 687 et
995 632 1103 688 illic
1130 634 1196 688 de
1217 631 1373 688 stella
1399 633 1651 702 legissent
1682 633 1854 686 istud:
1885 650 1904 683 ι
1923 630 2214 686 Ostendam

2332 627 2538 680 τοιαῦτα
2568 627 2854 698 γενομένου
2879 629 3072 695 δεινοῦ,
3093 629 3185 682 καὶ
3211 629 3460 699 εὑρόντες
3487 631 3601 683 ἐκεῖ
3626 631 3753 700 περὶ
3781 628 3882 682 τοῦ

670 726 748 790 ei,
775 735 832 779 et
861 739 964 778 non
996 724 1195 789 modo;
1229 724 1444 779 beatum
1477 723 1620 778 facio
1663 733 1717 776 et
1747 737 1850 776 non
1885 724 2218 792 propinqua-

671 814 752 869 bit
782 814 864 878 “;
903 834 922 868 ι
983 815 1332 882 coniecerunt
1383 813 1662 871 hominem
1725 813 1917 879 illum,
1950 814 2044 883 qui
2099 829 2222 869 cum

647 903 826 959 stella
853 904 1243 971 praenuntiatus
1266 903 1469 968 fuerat,
1492 903 1544 956 in
1572 904 1713 956 hanc
1737 902 1910 956 lucem
1937 902 2220 970 prodiissc;

672 1008 907 1062 cumque
937 993 1046 1062 jam
1104 994 1228 1049 inde
1274 994 1454 1047 animo
1502 991 1885 1061 praecepissent
1912 992 2058 1046 illum
2106 1007 2226 1050 esse

673 1085 953 1138 ilazinoniis
979 1094 1034 1138 et
1079 1083 1362 1152 spiritibus
1391 1084 1509 1152 qui,
1538 1083 1670 1151 ipsis
1700 1096 1961 1152 apparere
1983 1092 2037 1135 et
2069 1081 2226 1135 mini-

672 1185 846 1227 strare
877 1174 1143 1239 solebant,
1173 1177 1626 1238 praestantiorem,
1660 1176 1887 1228 adorare
1921 1173 2082 1243 375
2116 1183 2226 1226 sta-

674 1261 909 1320 luerunt.
947 1266 1000 1320 lu
1031 1265 1266 1321 Judznam
1296 1250 1462 1337 igitur
1498 1275 1781 1329 venerunt,
1813 1281 1911 1336 pro
1949 1276 2097 1319 certo
2126 1267 2222 1318 lia-

674 1357 863 1409 bentes
895 1358 1201 1424 quempiam
1240 1372 1417 1425 regem
1451 1365 1636 1410 natum
1669 1371 1812 1426 esse,
1870 1357 2116 1424 quamvis
2171 1365 2226 1408 et

672 1447 939 1511 quodnam
975 1437 1124 1515 regni
1175 1461 1343 1514 genus
1371 1447 1677 1511 habiturus,
1711 1457 1762 1500 et
1795 1448 1880 1502 ubi
1919 1447 2226 1500 nasciturus

672 1544 839 1597 esset,
891 1535 1241 1602 ignorarent;
1277 1535 1615 1603 sumptisque
1665 1549 1847 1588 secum
1888 1537 2222 1600 muneribus,

672 1637 791 1691 qua:
815 1621 974 1676 veluti
1005 1622 1242 1691 symbola
1273 1621 1346 1675 illi
1373 1623 1462 1691 qui
1489 1636 1552 1672 ex
1574 1621 1682 1675 Deo
1702 1633 1755 1674 et
1773 1623 1989 1675 homine
2014 1621 2224 1674 mortali

673 1723 837 1774 esset,
872 1723 927 1765 ut
956 1713 1027 1764 ita
1062 1713 1257 1775 dicam,
1288 1714 1640 1780 compositus,
1673 1714 1908 1777 darent;
1941 1723 2224 1781 postquam

673 1803 978 1855 didicerunt
1016 1803 1234 1854 ubinam
1267 1811 1424 1856 natus
1456 1803 1669 1867 fuisset,
1701 1814 1758 1856 ut
1786 1804 1897 1870 regi
1927 1819 2139 1866 aurum,
2168 1813 2225 1856 ut

674 1892 935 1945 morituro
966 1893 1262 1962 myrrham,
1309 1901 1366 1944 ut
1426 1891 1532 1946 Deo
1568 1893 1691 1945 thus
1738 1891 2074 1945 obtulerunt.
2120 1893 2225 1946 Sed

2322 720 2522 789 ἄστρου
2552 718 2645 770 καὶ
2672 720 2733 771 τό
2764 735 2777 748 ο
2815 737 2834 770 ι
2865 719 3031 785 Δείξω
3058 718 3223 791 αὐτῷ,
3245 721 3340 774 καὶ
3366 721 3487 791 οὐχὶ
3533 720 3628 774 νῦν
3654 737 3668 751 ο
3703 737 3880 791 μακα-

2326 807 2458 878 ρίζω
2479 849 2493 873 ,
2528 811 2620 864 καὶ
2657 809 2756 862 οὑκ
2783 811 2982 877 ὲγγιεί·
3022 829 3041 862 ι
3073 811 3432 880 ἑστοχάσαντο
3462 812 3552 864 τὸν
3601 809 3735 881 μετά
3784 811 3880 863 τοῦ

2323 899 2519 970 ἄστρου
2541 901 3009 972 προφητευόμενον
3030 900 3314 972 ἄνθρωπον
3335 901 3783 972 ἐπιδεδημηκέναι
3800 901 3884 969 τῷ

2327 989 2425 1059 βίῳ
2453 993 2547 1044 καὶ
2573 993 2648 1053 ὼς
2680 992 2897 1046 πάντων
2925 993 3191 1062 δαιμόνων
3223 994 3316 1045 καὶ
3345 992 3453 1045 τῶν
3479 995 3535 1045 ὲν
3566 991 3676 1044 έθει
3702 992 3884 1054 αὐτοῖς

2326 1077 2742 1149 φανταζομένων
2774 1083 2867 1134 καὶ
2892 1080 3253 1153 ἐνεργούντων
3280 1080 3560 1150 κρείττονα
3590 1079 3883 1150 προλαϐόν-

2324 1185 2433 1230 τες,
2459 1171 2825 1241 προσκυνῆσαι
2858 1171 3144 1241 ἠθέλησαν.
3179 1164 3350 1223 ’Ἧκον
3378 1166 3468 1223 οὖν
3499 1173 3590 1223 ἐπὶ
3617 1172 3715 1238 τὴν
3751 1170 3882 1221 Ἰου-

2324 1260 2477 1312 δαίαν
2502 1300 2515 1324 ,
2549 1261 2629 1312 ὅτι
2681 1263 2775 1331 μὲν
2808 1263 3057 1331 βασιλεύς
3108 1280 3190 1325 τις
3218 1253 3504 1330 γεγένηται
3535 1262 3841 1331 πειθόμενοι
3865 1299 3881 1322 ,

2325 1351 2443 1402 τίνα
2475 1351 2529 1403 δὲ
2560 1350 2829 1419 βασιλείαν
2864 1352 3189 1421 βασιλεύσων
3224 1352 3358 1422 (79),
3388 1353 3486 1404 ούκ
3512 1353 3879 1421 ἐπιστάμενοι,

2325 1441 2357 1509 ἢ
2386 1438 2486 1491 ποῦ
2515 1440 2897 1510 γεννηθήσεται
2915 1482 2929 1505 ,
2960 1444 3018 1494 ού
3047 1443 3434 1510 γιγνώσκοντες
3457 1461 3470 1473 ·
3507 1439 3756 1514 φέροντες
3785 1445 3884 1513 μὲν

2324 1529 2488 1599 δῶρα,
2514 1530 2547 1582 ἀ
2577 1529 2865 1600 (ἴν⁹ούτὼς
2894 1533 3182 1603 ὀνομάσω)
3219 1534 3452 1604 συνθέτῳ
3495 1534 3598 1586 τινὶ
3648 1536 3710 1586 ἐκ
3747 1532 3884 1586 Θεοῦ

2326 1623 2418 1672 καὶ
2447 1618 2735 1690 ἀνθρώπου
2774 1621 2966 1690 θνητοῦ
2996 1625 3367 1692 προσήνεγκαν
3419 1623 3655 1692 σύμϐολα
3677 1623 3886 1694 μὲν,ὠς

2329 1711 2530 1779 βασιλεῖ
2552 1711 2640 1763 τὸν
2669 1712 2865 1781 χρυσὸν
2891 1712 3107 1781 (80),ὠς
3127 1713 3182 1764 δὲ
3203 1713 3571 1784 τεθνηξομένῳ
3590 1716 3684 1784 τὴν
3716 1713 3888 1784 σμύρ-

2325 1819 2441 1865 ναν,
2468 1803 2542 1864 ὡς
2573 1802 2629 1853 δὲ
2654 1800 2771 1870 Θεῷ
2793 1802 2886 1854 τὸν
2915 1802 3207 1856 λιϐανωτόν
3230 1821 3242 1835 ·
3269 1806 3644 1876 προσήνεγκαν
3669 1806 3745 1867 δὲ,
3781 1822 3882 1874 μα-

2327 1892 2508 1954 θόντες
2529 1893 2618 1944 τὸν
2641 1893 2805 1945 τόπον
2822 1893 2919 1962 τῆς
2939 1893 3198 1958 γενέσεως
3227 1895 3408 1948 αὑτοῦ.
3454 1895 3587 1948 Ἀλλ’
3610 1896 3727 1949 ἐπεὶ
3754 1895 3888 1958 Θεὸς

677 1983 931 2050 quoniam
982 1984 1118 2035 Deus
1157 1992 1273 2036 erat
1308 1981 1569 2036 Servator
1616 1983 1705 2035 ille
1738 1982 1953 2050 generis
1982 1981 2220 2045 humani,

2332 1979 2410 2052 ἣν,
2466 1986 2494 2036 ὁ
2543 1984 2682 2054 ὑπὲρ
2730 1985 2856 2046 τοὺς
2903 1982 3223 2054 βοηθοῦντας
3277 1985 3577 2056 ἀνθρώποις
3625 1985 3890 2055 ἀγγέλους

675 2073 880 2142 angelis
911 2079 1000 2141 qui
1035 2073 1341 2126 hominibus
1371 2072 1632 2124 auxilium
1665 2080 1921 2139 praestant
1954 2069 2109 2138 longe
2137 2080 2229 2124 su‘-

646 2163 920 2228 .bliinior;
947 2165 1169 2233 angelus
1195 2180 1492 2233 magorum,
1518 2164 1606 2233 qui
1632 2163 1816 2217 Jesum
1842 2167 2224 2224 adoraveraut,

676 2253 857 2321 pietati
912 2254 1188 2322 praemium
1237 2256 1420 2308 retulit
1470 2255 1768 2308 admonens
1809 2272 1827 2304 ι
1889 2269 1954 2307 ne
1989 2254 2226 2306 redirent

675 2344 742 2397 ad
773 2343 1058 2412 Herodem,
1093 2345 1191 2398 sed
1217 2360 1312 2413 per
1352 2346 1513 2399 aliam
1546 2346 1690 2398 viam
1722 2354 2126 2397 reverterentur
2173 2343 2225 2396 in

677 2433 949 2503 regionem
980 2449 1132 2487 suam
1163 2435 1232 2487 δι.
1268 2454 1286 2485 ι

743 2521 832 2576 61.
877 2522 1105 2577 Insidias
1145 2536 1272 2576 vero
1307 2523 1373 2576 ab
1408 2522 1614 2578 Herode
1649 2523 1773 2579 Iesu
1810 2533 1934 2578 nato
1989 2533 2225 2578 structas

673 2624 812 2673 esse,
869 2611 1081 2663 tametsi
1128 2610 1180 2662 id
1209 2626 1312 2664 non
1349 2613 1534 2665 credat
1573 2615 1712 2680 apud
1742 2613 1958 2668 Celsum
1985 2613 2223 2672 Iudaeus,

676 2697 899 2751 minime
933 2697 1234 2757 mirandum
1269 2707 1372 2750 est.
1404 2698 1559 2752 Czeca
1593 2701 1736 2752 enim
1769 2714 1854 2752 res
1884 2709 1967 2752 est
1996 2700 2224 2760 malltia,

675 2801 726 2843 ct
764 2789 929 2843 fatum
962 2789 1158 2855 ipsum,
1186 2789 1338 2857 quasi
1376 2789 1568 2842 fortior
1592 2799 1754 2853 esset,
1786 2804 2047 2859 superare
2091 2790 2223 2843 vult.

675 2879 792 2956 Quo
826 2895 891 2932 ex
921 2878 1108 2932 morbo
1135 2879 1385 2932 laborans
1409 2872 1671 2944 llerodes,
1696 2889 1751 2935 et
1776 2880 2004 2950 credidit
2027 2879 2226 2934 Judazis

677 2978 860 3022 uatum
895 2982 1014 3023 esse
1044 2984 1247 3038 regem,
1283 2980 1336 3022 et
1362 2970 1644 3023 consilium
1681 2961 1824 3036 cepit
1851 2969 1974 3022 huic
2005 2983 2227 3037 persua-

676 3061 811 3114 sioni
845 3061 986 3114 nullo
1011 3062 1167 3114 modo
1194 3071 1630 3114 consentaneum.
1666 3057 1930 3114 Nimirum
1959 3075 2061 3114 non
2095 3060 2228 3114 vidit

676 3164 768 3207 aut
795 3155 1011 3207 omnino
1059 3169 1239 3223 regem
1285 3168 1428 3215 esse,
1476 3163 1529 3204 et
1568 3164 1915 3222 regnaturum
1945 3169 1959 3217 ;
1995 3162 2089 3206 aut
2121 3168 2226 3207 non

678 3251 1058 3313 regnaturum,
1107 3253 1159 3295 et
1213 3243 1411 3295 frustra
1465 3239 1810 3295 interfectum
1856 3242 1942 3295 iri.
1991 3242 2225 3297 lnterlici

681 3333 842 3403 igitur
872 3333 1075 3395 voluit,
1108 3342 1406 3401 pugnantes
1442 3333 1493 3385 in
1543 3334 1839 3385 sententias
1889 3332 2232 3400 improbitate

686 3433 869 3494 raptus
901 3424 1241 3493 agitatusque
1271 3440 1298 3475 a
1330 3439 1474 3477 caeco
1503 3421 1854 3492 improboqne
1881 3423 2121 3488 diabolo,
2145 3426 2235 3491 qui

678 3515 945 3570 Salvatori
969 3513 1079 3581 jam
1103 3515 1172 3568 ab
1198 3515 1350 3568 initio
1382 3514 1669 3569 insidiatus
1699 3525 1802 3578 est,
1832 3514 2083 3582 opinatus
2113 3529 2232 3568 eum

676 3612 734 3655 et
763 3616 882 3656 esse
907 3610 961 3655 et
997 3600 1112 3657 fore
1147 3619 1420 3672 magnum.
1457 3604 1635 3671 Quare
1666 3603 1922 3674 angelus,
1957 3603 2072 3671 qui,
2111 3603 2238 3658 licet

679 3693 733 3746 id
765 3691 952 3744 Celsus
979 3706 1083 3746 non
1111 3695 1318 3758 credat,
1353 3695 1527 3748 ordini
1565 3710 1744 3750 rerum
1773 3679 1896 3749 isese
1931 3710 2236 3751 accommo-

678 3782 863 3845 dabat,
912 3779 1203 3850 Josephum
1255 3785 1464 3838 monuit
1508 3793 1564 3838 ut
1594 3765 1716 3838 cum
1765 3799 1930 3852 puero
1975 3793 2029 3838 et
2061 3797 2234 3838 matre

676 3873 796 3941 ejus
826 3875 878 3926 in
903 3871 1196 3944 z‘Egyptum
1225 3873 1451 3944 fugeret.
1475 3874 1716 3939 Herodes
1743 3885 1947 3938 autem,
1972 3883 2236 3945 quotquot
2283 3902 2287 3906 -

678 3976 830 4023 erant
856 3968 905 4020 in
930 3966 1203 4022 Bethleem
1223 3967 1419 4037 oppido
1437 3967 1664 4037 ejusque
1693 3967 1888 4022 finibus
1911 3982 2099 4021 recens
2121 3967 2234 4020 nali

681 4057 942 4111 trucidari
970 4057 1172 4123 jussit,
1201 4056 1356 4124 quasi
1389 4071 1512 4110 cum
1546 4057 1626 4110 eis
1673 4053 2063 4109 interfecturus
2089 4064 2234 4107 esset

681 4156 865 4202 natum
897 4146 1202 4202 Judaaorum
1248 4161 1463 4217 regem:
1497 4147 1592 4202 sed
1643 4162 1750 4201 non
1780 4145 2013 4200 advertit
2046 4154 2238 4213 poten-

684 4239 814 4292 tiam
841 4251 981 4301 esse,
1013 4251 1133 4306 quae
1150 4247 1410 4306 perpetuo
1445 4235 1687 4305 invigilat
1711 4235 1889 4304 dignis
1923 4233 2014 4303 qui
2042 4233 2109 4288 ad
2136 4233 2234 4286 lio-

681 4330 887 4386 niinum
916 4327 1142 4382 salutem
1172 4322 1454 4382 serventur
1476 4367 1493 4394 ,
1529 4337 1584 4380 et
1625 4327 1766 4381 inter
1799 4340 1893 4379 eos
1934 4325 2232 4394 principem

680 4428 738 4474 et
789 4417 1048 4488 dignitate
1095 4425 1150 4470 et
1191 4417 1503 4487 przestantia
1559 4416 1734 4471 locum
1783 4425 1965 4470 tenere
2015 4414 2230 4481 Iesum;

681 4509 774 4578 qui
805 4509 1020 4578 quidem
1051 4521 1142 4562 rex
1168 4517 1287 4562 erat
1325 4508 1562 4570 futurus,
1597 4522 1700 4560 non
1733 4517 1913 4560 tamen
1954 4515 2013 4559 ut
2043 4505 2232 4559 existi-

684 4603 866 4658 mabat
891 4599 1153 4664 llerodes,
1181 4599 1276 4654 sed
1306 4596 1758 4666 quemadmodum
1791 4595 2021 4647 decebat
2054 4608 2230 4658 regem
2271 4615 2309 4668 ο

684 4707 828 4757 esse,
862 4694 944 4746 cui
972 4692 1113 4746 Deus
1148 4704 1368 4758 regnum
1400 4688 1692 4741 contulerit
1718 4703 1736 4753 ;
1772 4694 1964 4755 nempe
1987 4687 2080 4754 qui
2111 4686 2235 4739 sub-

685 4785 814 4840 ditis
840 4784 976 4838 bene
1002 4782 1225 4846 faceret,
1255 4795 1358 4834 non
1383 4779 1687 4833 tribuendis
1711 4777 2132 4841 mediaepaturaz
2162 4785 2234 4841 et,

687 4886 750 4930 ut
796 4875 866 4928 ita
911 4873 1102 4944 loquar
1126 4914 1141 4937 ,
1194 4868 1622 4926 iudilferentibus
1658 4865 1959 4928 beneﬁciis,
1988 4865 2082 4919 sed
2111 4879 2236 4918 eru-

684 4968 882 5021 diendo
911 4981 1003 5019 eos
1041 4964 1384 5032 regendoquc
1423 4960 1626 5030 legibus
1668 4970 1796 5010 vere
1825 4955 2045 5009 divinis.
2086 4956 2237 5020 Quod

687 5060 869 5112 sciens
902 5056 1057 5111 Jesus
1082 5067 1387 5124 negansque
1414 5067 1472 5105 se
1501 5064 1567 5105 eo
1584 5061 1746 5103 sensu
1772 5061 1893 5101 esse
1923 5059 2241 5114 regenrquo

689 5149 930 5219 plerique
957 5145 1278 5215 intelligunt,
1314 5159 1376 5198 ac
1415 5143 1615 5196 docens
1642 5146 1848 5208 quanto
1876 5137 1946 5190 sit
1973 5134 2244 5190 excellen-

692 5241 795 5292 tius
830 5251 1050 5304 regnum
1072 5237 1205 5302 ejus,
1231 5237 1349 5289 ait:
1382 5253 1399 5286 ι
1441 5234 1499 5287 Si
1525 5247 1590 5287 ex
1624 5232 1729 5285 hoc
1757 5230 1956 5283 mundo
1983 5235 2128 5282 esset
2156 5240 2242 5279 re-

689 5341 854 5392 gnum
886 5340 1081 5384 meum.
1117 5325 1350 5379 ministri
1399 5325 1502 5378 mei
1546 5323 1732 5391 utique
1777 5321 2154 5388 decertarent,
2187 5325 2246 5369 ut

765 5441 810 5474 “
839 5441 994 5494 Num.
1043 5444 1189 5502 xx‘lv,
1242 5438 1332 5492 l7.
1408 5439 1450 5468 “
1487 5437 1673 5492 Matth.
1705 5451 1769 5500 ιι,
1815 5435 1903 5488 12.

696 5609 726 5660 λ
772 5536 932 5623 ,(79)
986 5535 1119 5590 Tres
1175 5533 1456 5602 Anglicani
1507 5543 1561 5586 et
1627 5529 1950 5586 Basileensis
1992 5547 2005 5581 :

729 5623 886 5660 ευων.

729 5623 886 5661 ευων.

2073 5526 2196 5596 βασι
2216 5555 2240 5565 -

770 5675 880 5745 (80)
920 5677 1014 5741 Ὠς
1059 5673 1311 5740 ,ϐασιλεῖ
1350 5672 1457 5727 τὸν
1508 5672 1768 5745 χρυιτῲο,
1822 5678 1927 5722 etc.
1971 5667 2238 5745 Eamdeui
2299 5701 2306 5707 -

701 5737 1299 5820 ωῂιιίἱιοιιίηίυηετιιιη
1336 5759 1364 5798 a
1399 5737 1572 5812 magis
1614 5739 1919 5797 oblatorum
1968 5737 2240 5808 siguillca-

2326 2074 2639 2142 ἐνυπάρχων
2674 2072 2809 2143 (81)
2839 2073 3027 2142 Σωτὴρ
3059 2072 3151 2125 τοῦ
3185 2075 3374 2141 γένους
3405 2075 3510 2127 τῶν
3563 2075 3886 2148 ἀνθρώπων,

2326 2163 2552 2231 ἄγγελος
2597 2164 2866 2234 ἠμείψατο
2913 2163 3008 2235 τὴν
3034 2163 3141 2216 τῶν
3172 2165 3360 2234 μάγων
3391 2167 3486 2218 ἐπὶ
3519 2168 3889 2238 προσκυνῆσαι

2324 2255 2414 2306 τὸν
2462 2253 2666 2323 Ἰησοῦν
2719 2254 3003 2307 εὐσέϐειαν
3032 2294 3047 2317 ,
3104 2255 3444 2325 χρηματίσας
3495 2257 3710 2321 αὑτοῖς,
3746 2277 3764 2308 ι
3807 2258 3888 2327 μὴ

2324 2343 2476 2410 ἥκειν
2502 2341 2636 2409 πρὸς
2661 2340 2750 2393 τὸν
2783 2340 3042 2412 Ἡρώδην,
3063 2341 3173 2395 ἀλλ’
3202 2343 3508 2398 ἐπανελθεῖν
3531 2344 3663 2416 ἀλλῃ
3684 2344 3785 2416 ὁδῷ
3804 2347 3890 2409 εις

2324 2432 2392 2484 τὰ
2421 2435 2615 2485 οἰκεῖα.
2650 2451 2668 2482 ι
3065 2439 3070 2444 ‘
3468 2453 3473 2459 ν

2398 2520 2457 2572 Εἰ
2507 2518 2551 2570 δ’
2597 2518 2838 2590 Ἡρώδης
2883 2521 3233 2575 ἐπεϐούλευσε
3273 2522 3351 2592 τῷ
3399 2523 3736 2594 γεννηθέντι,
3781 2523 3894 2578 κᾶν

2328 2610 2402 2675 μὴ
2453 2611 2716 2677 πιστεύσῃ
2767 2611 2980 2674 ἀληθῶς
3018 2613 3174 2665 τοῦτο
3217 2614 3493 2675 γεγονέναι
3543 2617 3572 2660 ὁ
3613 2617 3759 2679 παρὰ
3809 2615 3892 2678 τῷ

2325 2695 2515 2764 Κέλσῳ
2545 2695 2812 2758 Ἰουδαῖος,
2843 2696 2904 2747 ού
2942 2697 3263 2762 Θαυμαστόν.
3301 2697 3510 2765 Τυφλδν
3539 2698 3645 2767 γάρ
3669 2697 3718 2749 τί
3742 2700 3892 2751 ἐστιν

2327 2787 2359 2855 ἡ
2388 2786 2618 2856 πονηρία
2637 2825 2651 2849 ,
2685 2787 2778 2838 καὶ
2810 2785 3216 2858 βουλομένη.ὼς
3243 2789 3562 2860 ἰσχυροτέρα
3575 2789 3664 2842 τοῦ
3691 2789 3890 2859 χρεὼν,

2326 2879 2478 2947 νικᾷν
2517 2878 2666 2930 αὑτό.
2704 2878 2881 2948 Ὅπερ
2925 2878 3018 2929 καὶ
3061 2878 3298 2950 Ἡρώδης
3349 2879 3565 2948 παθὼν,
3599 2881 3691 2931 καὶ
3729 2879 3891 2931 πεπίο

2330 2984 2517 3020 στευκε
2547 2967 2767 3038 βασιλέα
2797 2968 3147 3038 γεγεννῆσθαι
3190 2969 3471 3033 Ἰουδαίων,
3517 2971 3608 3023 καὶ
3637 2969 3892 3040 ἀνομολο-

2327 3059 2596 3128 γουμένην
2641 3055 2751 3128 εἶχε
2803 3061 2867 3128 τῇ
2920 3058 3095 3110 πίστει
3136 3057 3305 3130 ταύτῃ
3349 3059 3773 3126 συγκατάθεσιν·
3815 3059 3892 3130 μὴ

2332 3152 2475 3217 ίδὼν,
2508 3153 2589 3205 ὅτι
2623 3152 2750 3221 ἦτοι·
2774 3151 2987 3213 πάντως
3020 3147 3128 3218 (82)
3167 3149 3416 3218 βασιλεύς
3447 3153 3583 3215 ἐστι,
3616 3152 3707 3204 καὶ
3736 3151 3893 3220 βασι·

2329 3243 2537 3307 λεύσει,
2573 3243 2604 3312 ἦ
2640 3244 2699 3294 οὑ
2737 3240 3069 3311 βασιλεύσει,
3104 3243 3198 3295 καὶ
3240 3242 3414 3312 μάτην
3458 3241 3889 3311 ἀναιρεθήσεται.

2351 3333 2642 3403 Ἐϐουλήθη
2673 3329 2766 3385 οὖν
2788 3333 2948 3384 αὑτὸν
2978 3332 3309 3397 ἀποκτεῖναι,
3346 3333 3650 3403 μαχομένας
3677 3331 3767 3386 διὰ
3791 3332 3894 3402 τὴν

2340 3423 2530 3477 κακίαν
2573 3423 2707 3493 έχων
2741 3421 2975 3497 κρίσειξ,
3022 3421 3126 3475 ὑπὸ
3156 3420 3250 3474 τοῦ
3288 3420 3486 3490 τυφλοῦ
3524 3421 3616 3475 καὶ
3655 3419 3893 3493 πονηροῦ

2336 3513 2576 3566 διαϐόλου
2607 3513 2937 3582 κινούμενος,
2970 3511 3028 3574 ὃς
3067 3510 3158 3563 καὶ
3195 3510 3429 3582 ἀρχῆθεν
3466 3510 3789 3565 ἐπεϐούλευε
3811 3512 3892 3581 τῷ

2338 3603 2566 3674 Σωτῆρι,
2602 3601 2923 3671 φαντασθεὶς
2947 3603 3106 3656 αὑτὸν
3137 3595 3271 3653 εἶναί
3297 3616 3418 3654 τινα
3445 3601 3615 3670 μέγαν
3647 3600 3740 3652 καὶ
3771 3599 3893 3653 ἐσε-

2339 3694 2478 3747 σθαι.
2511 3694 2771 3762 Ἀγγελος
2802 3692 2898 3762 μὲν
2930 3687 3022 3746 οὖν
3053 3692 3385 3764 ἐχρημάτισε
3423 3690 3500 3760 τῷ
3543 3691 3767 3762 Ἰωσὴφ,
3793 3693 3894 3759 τὴν

2334 3784 2647 3836 ἀκολουθίαν
2673 3782 2781 3835 τῶν
2810 3782 3147 3852 πραγμάτων
3177 3780 3358 3851 τηρῶν
3378 3821 3392 3844 ,
3427 3779 3528 3832 κάν
3561 3780 3636 3850 μὴ
3665 3780 3894 3852 πιστεύῃ

2335 3874 2555 3936 Κέλσος,
2590 3872 2940 3942 ἀναχωρῆσαι
2964 3871 3102 3941 μετὰ
3124 3871 3214 3923 τοῦ
3239 3869 3427 3932 παιδὸς
3451 3869 3542 3922 καὶ
3563 3869 3662 3938 τῆς
3691 3872 3894 3942 μητρὸς

2335 3961 2496 4013 αὐτοῦ
2536 3963 2616 4023 εἰς
2641 3961 2939 4025 Αἴγυπτον·
2980 3961 3008 4010 ὁ
3031 3958 3074 4009 δ’
3117 3957 3356 4026 Ἡρώδης
3407 3958 3580 4010 ἀνετλε
3619 3957 3794 4010 πάντα
3826 3959 3896 4009 τὰ

2334 4054 2391 4104 ὲν
2422 4052 2666 4123 Βηθλεὲμ
2692 4049 2911 4111 καὶτοῖς
2931 4049 3094 4119 ὁρίοις
3113 4047 3283 4116 αὐτῆς
3310 4047 3516 4110 παιδία,
3539 4045 3614 4109 ὡς
3643 4062 3896 4099 συναναι-

2337 4143 2515 4212 ρήσων
2564 4142 2654 4193 τὸν
2689 4138 3011 4208 γεννηθέντα
3054 4136 3319 4190 Ἰουδαίων
3379 4137 3615 4205 βασιλέα.
3662 4137 3737 4188 υύ
3784 4135 3894 4207 γάρ

2335 4231 2478 4302 ἑώρα
2530 4231 2626 4300 τὴν
2675 4229 2968 4297 ἀκοίμητον
3026 4225 3257 4296 φρουρὸν
3303 4225 3526 4293 δύναμιν
3572 4223 3680 4277 τῶν
3726 4223 3893 4289 ἀξίων

2336 4320 2683 4392 φρουρεῖσθαι
2729 4321 2819 4371 καὶ
2858 4315 3136 4387 τηρεῖσθαι
3179 4318 3244 4386 τῇ
3280 4315 3519 4385 σωτηρίᾳ
3544 4313 3652 4368 τῶν
3681 4313 3894 4385 ἀνθρώ-

2337 4431 2450 4466 πων
2475 4453 2489 4474 ,
2522 4405 2598 4466 ὧν
2649 4395 2862 4481 πρῶτος
2893 4409 3108 4462 πάντων
3147 4409 3277 4477 τιμῇ
3322 4405 3415 4459 καὶ
3458 4405 3697 4475 ὑπεροχῇ
3742 4404 3898 4476 πάσῃ

2337 4503 2538 4574 μείζων
2589 4499 2656 4570 ἦν
2704 4505 2732 4551 ὀ
2783 4499 3004 4566 Ἰησοῦς,
3058 4497 3338 4563 βασιλεὺς.
3379 4496 3476 4565 οὐχ
3518 4495 3594 4558 ὡς
3648 4491 3896 4564 Ἡρώδης

2336 4590 2492 4660 ᾤετο,
2515 4588 2788 4656 ἐσόμενος,
2824 4586 2934 4637 ἀλλ’
2969 4585 3043 4646 ὡς
3073 4584 3275 4653 ἔπρεπε
3307 4583 3397 4634 τὸν
3426 4583 3556 4637 Θεὸν
3581 4583 3777 4637 διδόναι
3799 4581 3899 4652 βα-

2345 4678 2546 4732 σιλείαν
2571 4714 2586 4739 ,
2641 4677 2726 4726 ἐπ’
2757 4672 3041 4742 εὐεργεσίᾳ
3082 4669 3187 4722 τῶν
3231 4666 3654 4737 βασιλευομένων
3681 4705 3697 4730 ,
3724 4669 3802 4734 τῷ
3829 4669 3898 4720 οὑ

2347 4771 2514 4840 μέσην
2562 4768 2652 4820 καὶ
2682 4765 2966 4833 ἀδιάφορον
2999 4761 3086 4829 (ἶν’
3116 4759 3282 4821 οὑτως
3314 4755 3582 4827 ὀνομάσω)
3613 4757 3903 4827 εὐεργετή-

2345 4878 2486 4914 σοντι
2507 4862 2633 4921 τοὺς
2656 4854 3134 4922 ὑποτεταγμένους,
3159 4849 3290 4903 ἀλλά
3318 4849 3500 4917 νόμοις
3532 4844 3741 4914 ἀληθῶς
3759 4845 3899 4899 Θεοῦ

2346 4944 2680 5020 παιδεύσοντι
2716 4947 2806 5000 καὶ
2841 4941 3093 5004 ὑπάξοντι
3124 4938 3314 5001 αὐτούς
3335 4954 3349 4967 ⁸
3393 4937 3526 5005 ὅπερ
3565 4935 3657 4987 καὶ
3691 4935 3898 5005 Ἰησοῦς

2346 5037 2730 5108 ἐπιστάμενος,
2769 5035 2861 5087 καὶ
2907 5029 3230 5101 ἀρνούμενος
3273 5028 3371 5097 μὲν
3415 5025 3476 5079 τὸ
3518 5021 3694 5090 εἶναι,
3722 5023 3799 5087 ὡς
3844 5026 3897 5078 οἱ

2346 5131 2526 5183 πολλοὶ
2556 5127 2882 5196 ἐκδέχονται,
2909 5121 3172 5193 βασιλεὺς,
3202 5117 3462 5172 διδάσκων
3492 5115 3550 5169 δὲ
3695 5114 3903 5186 ἐξαίρει

2345 5239 2437 5275 τον
2473 5221 2571 5290 τῆς
2621 5216 2807 5272 ἑαυτοῦ
2844 5212 3142 5284 βασιλείας,
3185 5209 3320 5279 φησὶ
3346 5207 3438 5260 τό⁸
3473 5225 3494 5258 t
3525 5207 3587 5260 Εί
3611 5203 3680 5278 ἦν
3708 5209 3772 5260 ἑκ
3804 5206 3903 5259 τοῦ

2349 5314 2551 5382 κόσμου
2595 5308 2781 5363 τούτου
2830 5308 2863 5377 ἡ
2905 5302 3146 5375 βασιλεία
3198 5302 3233 5371 ἡ
3270 5298 3410 5371 ἐμὴ,
3453 5302 3502 5353 ot
3542 5300 3808 5370 ὑπηρέται
3850 5299 3901 5350 ot

2345 5523 2546 5576 tionem
2593 5517 2750 5570 aﬂ‘ert
2779 5514 2918 5570 lren.
2945 5512 2980 5566 l.
3009 5527 3066 5564 Ill
3105 5517 3284 5562 contra
3306 5507 3472 5576 Iter”
3492 5519 3545 5576 _c.
3570 5502 3628 5576 _9,
3650 5501 3785 5555 alias
3804 5499 3875 5552 to

2436 5571 2527 5704 81)
2568 5585 2976 5704 Ἐνυπάρέῳν.
3003 5579 3224 5634 Guietus
3251 5573 3452 5627 mavult
3481 5571 3759 5698 ὑπάρχων.

2436 5661 2505 5704 aa
2557 5657 2816 5704 Πάντως.
2893 5665 2940 5702 ιο
2963 5657 3109 5704 recte
3132 5646 3303 5700 codex
3327 5651 3555 5704 uterque
3629 5649 3759 5694 auca

2436 5592 2495 5644 8t
2568 5592 2829 5652 Ἐνυπιὶρ
2873 5599 2976 5634 ων.
3003 5592 3224 5634 υιιιειιιε
3251 5592 3452 5627 ιηδνιιιι
3481 5592 3594 5624 υπα
3627 5592 3759 5650 xum

2413 5592 2527 5732 ἔξω)
2556 5657 2816 5732 ιχὰντως.
2833 5603 2940 5704 ἒὶο
2963 5657 3109 5704 recte
3132 5646 3303 5700 codex
3327 5651 3555 5711 uterque
3583 5592 3902 5698 caueant".

2346 5723 2490 5786 Libri
2510 5723 2680 5789 'editi,
2709 5723 2942 5774 πάντων.
