4096 6304
570 418 772 500 ,τις

2099 407 2418 466 ORIGENIS

3767 406 3864 466 "l6

667 537 788 585 rent
813 527 1174 583 Christianam
1207 528 1519 595 religionem
1542 535 1598 581 et
1641 526 1889 581 homines
1927 525 2091 580 verbo
2124 525 2211 579 Dei

2317 523 2496 593 μένοις
2530 521 2805 592 φρονίμως
2843 519 2935 571 καὶ
2959 520 3310 590 εὐγνωμόνως
3351 522 3620 587 ἐξετάζειν
3652 522 3718 576 τά
3747 520 3868 594 περὶ

665 620 1008 687 subiicerent.
1031 618 1146 673 Non
1167 619 1310 674 enim
1329 620 1409 675 eis
1425 607 1718 674 secundum
1739 629 1881 672 artes
1909 615 2214 671 Graecorum

665 711 974 766 dialecticas
990 719 1085 763 aut
1100 711 1399 765 rhetoricas
1414 709 1625 764 dicendi
1645 707 1874 761 facultas
1887 716 1940 761 et
1957 707 2218 760 disseren-

665 803 718 856 di
751 803 888 857 ratio
905 802 1082 856 inerat
1102 816 1206 871 qua
1224 802 1499 855 auditores
1520 801 1624 855 sibi
1641 800 2016 854 conciliarent.
2043 800 2217 869 Atque

663 893 910 958 etiam,si
933 890 1092 947 Jesus
1128 891 1382 959 elegisset
1416 899 1471 945 et
1501 891 1763 946 doctrina:
1790 904 1902 945 suae
1942 891 2216 944 ministros

660 976 992 1035 adhibuisset
1017 992 1142 1044 eos,
1181 979 1272 1048 qui
1317 977 1610 1032 multorum
1653 977 1912 1045 opinione
1942 976 2214 1043 sapientes

659 1071 822 1140 377
862 1071 1150 1133 habentur,
1210 1077 1265 1123 et
1316 1077 1411 1122 aut
1452 1069 1722 1136 cogitandi
1778 1067 2077 1121 subtilitate
2123 1077 2214 1118 aut

659 1160 932 1214 sermonis
984 1159 1239 1214 facundia
1296 1158 1659 1213 multitudinis
1715 1157 1936 1226 plausus
1991 1165 2214 1226 captare

659 1259 888 1319 possunt
914 1268 928 1316 ;
956 1250 1103 1318 justa
1132 1265 1254 1305 meo
1285 1252 1504 1320 quidem
1525 1249 1730 1317 ‘judicio
1758 1249 1993 1316 suspicio
2022 1246 2214 1300 fuisset

660 1339 822 1392 simili
851 1354 971 1394 eum
1008 1341 1221 1395 ratione
1248 1352 1415 1410 atque
1439 1340 1526 1392 via
1557 1353 1712 1392 usum
1742 1337 1930 1401 fuisse,
1965 1351 2067 1404 qua
2095 1335 2214 1403 phi-

658 1428 865 1498 losophi
897 1438 1058 1484 sectae
1086 1431 1385 1500 cuiuspiam
1417 1437 1667 1482 auctores
1715 1427 1797 1502 usi
1845 1435 1994 1487 sunt,
2043 1440 2214 1493 neque

655 1523 796 1589 quod
845 1521 1165 1590 promissum
1200 1531 1284 1576 est
1313 1523 1381 1576 de
1439 1520 1696 1574 doctrina:
1748 1517 1866 1587 ejus
1913 1516 2209 1581 divinitate,

653 1611 926 1663 videretur
973 1610 1347 1680 adimpletum.
1400 1607 1534 1661 Nam
1571 1621 1750 1661 sermo
1791 1615 1850 1660 et
1909 1607 2211 1673 praedicatio

653 1700 883 1755 fuissent
912 1703 965 1754 in
993 1700 1344 1768 persuasione
1367 1698 1514 1751 illius
1544 1696 1844 1764 sapientia},
1874 1711 1992 1763 quae
2021 1697 2210 1750 verbo-

652 1805 771 1844 rum
841 1791 1107 1844 lenocinia
1163 1798 1218 1845 et
1267 1800 1410 1858 aptae
1460 1787 1868 1856 compositionis
1927 1787 2210 1842 blanditias

651 1881 871 1934 aﬂ‘ectat
902 1896 918 1932 :
961 1890 1018 1934 et
1045 1880 1176 1935 fides
1205 1881 1319 1933 haac
1365 1888 1551 1933 nostra
1583 1879 1806 1944 perinde
1838 1893 1899 1932 ac
1929 1893 2013 1942 ea,
2048 1891 2206 1944 quam

649 1973 762 2027 suis
791 1971 1060 2041 dogmatis
1094 1970 1293 2023 habent
1317 1968 1476 2036 hujus
1499 1969 1682 2022 mundi
1721 1967 2044 2036 philosophi,
2071 1963 2208 2018 fuis-

650 2070 733 2115 set
767 2079 785 2112 ι
820 2062 871 2114 in
906 2061 1174 2126 sapientia
1206 2041 1491 2112 hominum
1523 2068 1577 2113 et
1602 2073 1707 2111 non
1737 2058 1933 2111 virtute
1967 2057 2057 2111 Dei
2085 2057 2149 2110 ⁸⁷.
2183 2076 2205 2108 ι

648 2151 801 2205 Nunc
829 2160 1007 2204 autem
1034 2150 1224 2216 ecquis
1257 2159 1362 2214 est,
1420 2149 1534 2216 qui,
1567 2163 1691 2201 cum
1738 2149 1881 2201 videt
1909 2149 2208 2217 piscatores

648 2251 706 2294 et
732 2241 1049 2308 publicanos
1072 2239 1156 2292 vel
1183 2240 1483 2308 primorum
1514 2238 1904 2292 elementorum
1935 2239 2209 2307 imperitos

651 2332 729 2402 (id
763 2330 908 2384 enim
937 2330 1005 2384 de
1027 2329 1135 2383 illis
1163 2330 1447 2396 Scriptura
1477 2336 1728 2392 testatur,
1763 2338 1818 2383 et
1839 2328 2031 2383 Celsus
2077 2330 2207 2397 ipsis

649 2421 995 2479 inscientiam
1027 2435 1178 2475 suam
1211 2434 1339 2474 vere
1363 2421 1796 2474 describentibus
1831 2420 2050 2489 credit),
2080 2436 2209 2474 con.

651 2513 880 2565 fidenter
923 2512 990 2565 de
1021 2511 1127 2564 fide
1173 2509 1298 2564 Jesu
1345 2511 1681 2580 adjungenda
1719 2527 1822 2564 non
1864 2511 2022 2565 modo
2067 2511 2205 2580 apud

649 2599 864 2654 Judmos
889 2599 1186 2666 disputare,
1227 2599 1320 2651 sed
1347 2600 1508 2651 etiam
1556 2599 1693 2665 apud
1746 2599 1982 2664 reliquas
2021 2607 2208 2667 gentes

652 2701 912 2758 prospere
961 2683 1142 2739 Jesum
1195 2685 1544 2747 annuntiare,
1604 2700 1710 2736 non
1747 2684 2021 2750 quaesierit
2063 2672 2205 2734 unde

655 2779 763 2831 illis
790 2779 987 2830 inesset
1006 2773 1373 2843 persuadendi
1411 2771 1682 2825 facultas?
1715 2785 1890 2838 neque
1916 2771 2059 2823 enim
2088 2777 2208 2822 erat

649 2865 906 2935 vulgaris.
961 2862 1164 2929 Ecquis
1217 2878 1322 2915 non
1373 2860 1571 2914 dixerit
1619 2859 1800 2915 Jesum
1845 2860 1895 2912 in
1952 2859 2208 2928 apostolis

650 2958 830 3010 divina
864 2955 1099 3025 quadam
1136 2954 1338 3006 virtute
1375 2960 1689 3007 exsecutum
1736 2951 1901 3019 fuisse
1935 2952 2078 3020 quod
2127 2950 2208 3005 his

654 3042 986 3114 prOmiserat
1003 3045 1090 3098 his
1108 3046 1287 3097 verbis
1314 3059 1328 3094 :
1357 3061 1376 3094 ι
1401 3042 1596 3096 Venite
1622 3051 1741 3110 post
1767 3056 1872 3104 me,
1900 3042 2092 3095 faciam
2115 3056 2208 3096 vos

2315 613 2438 676 τοὺς
2483 611 2808 674 ἀποστόλους
2849 609 2942 662 τοῦ
2985 610 3160 680 Ἰησοῦ
3183 652 3198 676 ,
3238 612 3515 680 φαίνεται,
3547 613 3629 666 δτι
3653 613 3872 684 δυνάμει

2315 701 2433 772 θείᾳ
2479 703 2752 755 ἐδίδασκον
2797 697 2940 756 οὗτοι
2981 701 3071 755 τὸν
3124 702 3582 773 Χριστιανισμὺν,
3629 704 3722 756 καὶ
3750 706 3869 758 ἐπι-η

2313 792 2576 861 τύγχανον
2649 793 2947 860 ὑπάγοντες
3022 791 3339 861 ἀνθρώπους
3411 791 3493 862 τῷ
3567 793 3706 863 λόγῳ
3779 792 3867 848 τοῦ

2313 883 2466 936 Θεοῦ.
2511 884 2585 936 Οὐ
2626 883 2733 955 γὰρ
2772 885 2806 953 ἡ
2851 885 2931 946 είς
2963 882 3025 934 τὸ
3068 882 3244 951 λέγειν
3290 882 3545 953 δύναμις,
3595 885 3688 937 καὶ
3722 883 3870 950 τάξις

2313 973 2646 1042 ἀπαγγελίας
2669 1013 2685 1038 ,
2727 973 2867 1027 κατά
2904 971 3004 1036 τὰς
3045 970 3306 1041 Ἑλλήνων
3336 973 3676 1036 διαλεκτικὰς
3705 974 3738 1044 ἢ
3771 976 3867 1044 ρτΓ

2312 1065 2532 1134 τορικάς
2601 1066 2829 1134 τέχνας,
2882 1059 2949 1134 ἦν
3012 1063 3068 1115 ὲν
3130 1063 3310 1126 αὐτοῖς
3377 1065 3690 1135 ὑπαγομένη
3746 1066 3869 1128 τοὺς

2313 1151 2625 1216 ἀκούοντας.
2685 1156 2843 1206 Δοκεῖ
2899 1152 2956 1205 δέ
3019 1169 3146 1223 μοι,
3204 1153 3286 1205 ὅτι
3357 1156 3550 1224 σοφοὺς
3603 1154 3711 1226 (88)
3773 1154 3869 1224 μέν

2311 1257 2460 1306 τινας
2487 1245 2563 1306 ὡς
2595 1245 2728 1314 πρὸς
2766 1243 2864 1314 τὴν
2899 1243 3006 1296 τῶν
3048 1243 3254 1297 πολλῶν
3299 1244 3583 1316 ὑπόληψιν,
3606 1246 3712 1298 ’καὶ
3754 1247 3872 1298 lxa-

2312 1332 2438 1394 νοῦς
2473 1334 2606 1404 πρὸς
2634 1334 2694 1386 τὸ
2726 1337 2862 1386 νοεῖν
2894 1333 3233 1404 ἀρεσκόντως
3274 1325 3502 1403 πλήθεσι
3540 1335 3634 1386 κα)⁵
3673 1334 3869 1402 λέγειν,

2311 1427 2709 1495 ἐπιλεξάμενος,
2748 1427 2842 1478 καὶ
2875 1427 3211 1497 χρησάμενος
3258 1426 3439 1488 αὐτοῖς
3481 1425 3742 1488 διακόνοις
3771 1428 3870 1496 τῆς

2309 1520 2650 1583 διδασκαλίας
2702 1523 2731 1573 ό
2793 1520 3025 1590 Ἰησοῦς·
3091 1519 3409 1588 εὐλογώτατ’
3469 1523 3535 1575 ἂν
3598 1522 3869 1592 ὑπενοήθη

2309 1612 2469 1682 ὁμοίᾳ
2486 1611 2789 1680 φιλοσόφοις
2813 1611 3104 1682 κεχρῆσθαι
3125 1611 3233 1681 (89)
3261 1613 3471 1682 ἀγωγῇ,
3499 1612 3762 1682 αἱρέσεώς
3784 1631 3866 1666 τι-

2309 1718 2396 1763 νος
2425 1701 2868 1770 προϊσταμένοις·
2919 1702 3010 1752 καὶ
3035 1702 3215 1754 οὐκέτι
3265 1701 3331 1753 ἂν
3367 1705 3400 1772 ἡ
3439 1703 3566 1772 περὶ
3605 1703 3697 1755 τοῦ
3727 1702 3868 1758 θεῖον

2309 1782 2445 1839 εῖναι
2470 1786 2563 1839 τὸν
2593 1786 2746 1852 λόγον
2773 1787 3066 1857 ἐπαγγελία
3093 1789 3434 1854 ἀνεφαίνετο·
3462 1791 3556 1843 ἆτε
3590 1790 3685 1842 τοῦ
3711 1790 3868 1858 λόγου

2309 1879 2457 1942 ὄντος
2482 1881 2578 1931 καὶ
2606 1879 2700 1930 τοῦ
2732 1879 3078 1949 κηρύγματος
3103 1885 3160 1935 ὲν
3182 1883 3358 1936 πειθοί
3389 1883 3497 1953 (90)
3524 1884 3623 1953 τῆς
3651 1887 3708 1938 ὲν
3735 1887 3869 1955 φρά-

2311 1985 2392 2020 σει
2419 1969 2510 2020 καὶ
2544 1968 2788 2020 συνθέσει
2825 1969 2936 2020 τῶν
2985 1969 3178 2035 λέξεων
3232 1971 3452 2039 σοφίας·
3502 1974 3596 2026 καὶ
3638 1969 3705 2045 ἦν
3735 1975 3799 2028 ἀν
3832 1979 3868 2047 η

2276 2093 2280 2098 -
2309 2059 2511 2123 πίστις,
2541 2060 2742 2128 ὁμοίως
2767 2063 2833 2129 τῇ
2865 2059 2972 2112 τῶν
3022 2060 3118 2113 τοῦ
3151 2062 3353 2132 κόσμου
3397 2064 3698 2132 φιλοσόφων
3740 2068 3872 2137 περὶ

2306 2150 2413 2202 τῶν
2439 2151 2724 2220 δογμάτων
2758 2151 2958 2212 πίστει,
2993 2152 3051 2203 ὲν
3084 2151 3242 2221 σοφίᾳ
3298 2153 3618 2224 ἀνθρώπων,
3646 2158 3737 2209 καὶ
3770 2158 3872 2210 οὐκ

2308 2243 2367 2295 ὲν
2392 2241 2620 2312 δυνάμει
2663 2239 2818 2293 Θεοῦ.
2857 2241 2989 2293 Νυνὶ
3010 2242 3065 2294 δὲ
3099 2243 3199 2305 τίς,
3236 2243 3444 2313 βλέπων
3476 2245 3644 2310 ἁλιεῖς
3664 2247 3758 2299 καὶ
3783 2264 3875 2300 τε-

2306 2333 2498 2396 λώνας,
2557 2333 2689 2403 μηδὲ
2750 2332 2820 2385 τά
2878 2334 3068 2400 πρῶτα
3131 2335 3430 2406 γράμματα
3489 2337 3873 2407 μεμαθηκότας

2308 2423 2402 2490 (ὼς
2459 2423 2520 2474 τὸ
2571 2422 2897 2491 Εὐαγγέλιον
2955 2424 3256 2494 ἀναγράφει
3309 2427 3436 2495 περὶ
3476 2426 3674 2490 αὐτῶν,
3719 2429 3811 2480 καὶ
3843 2431 3874 2482 ὀ

2306 2512 2514 2575 Κέλσος
2548 2513 2686 2565 κατά
2735 2511 2906 2565 ταῦτα
2938 2512 3048 2582 (9i)
3089 2515 3448 2569 πεπίστευκεν
3488 2518 3690 2580 αὐτοῖς,
3736 2519 3873 2588 ἀληε⁵
3911 2539 3921 2546 κ

2309 2600 2521 2654 θεύουσι
2569 2605 2698 2673 περὶ
2752 2603 2851 2673 τῆς
2905 2603 3166 2667 ἰδιωτείας
3205 2605 3402 2674 αὐτῶν)
3453 2607 3878 2678 τεθαρρηκότως

2308 2694 2367 2738 οὑ
2399 2693 2556 2756 μόνον
2600 2694 2869 2750 Ἰουδαίοις
2902 2695 3217 2758 ὁμιλοῦντας
3259 2698 3384 2758 περὶ
3411 2699 3504 2761 τῆς
3538 2700 3616 2754 εἰς
3639 2698 3731 2744 τὸν
3765 2693 3876 2761 Ἰη-

2311 2776 2435 2829 σοῦν
2479 2778 2730 2841 πίστεως,
2766 2778 2899 2831 ἀλλά
2948 2780 3040 2831 καί¹
3073 2783 3128 2833 ὲν
3177 2783 3290 2844 τοῖς
3335 2782 3538 2846 λοιποῖς
3574 2783 3751 2836 ἔθνεσι
3781 2792 3893 2854 an}:

2314 2867 2609 2939 ρύσσοντας
2638 2869 2797 2922 αὐτὸν
2830 2871 2922 2922 καὶ
2963 2869 3239 2934 ἀνύοντας,
3271 2872 3370 2925 οὐκ
3395 2871 3460 2925 ἂν
3492 2872 3744 2943 ζητήσαι,
3779 2875 3879 2926 πό-

2308 2961 2398 3014 θεν
2433 2957 2500 3031 ἦν
2532 2962 2714 3023 αὐτοῖς
2735 2960 2960 3029 δύναμις
3000 2962 3254 3031 πειστική
3282 2961 3414 3031 (92);
3453 2963 3513 3015 οὐ
3534 2963 3643 3033 γὰρ
3667 2965 3700 3032 ἡ
3732 2980 3881 3016 νενο-

2313 3052 2546 3120 μισμένη
2570 3053 2681 3113 τοῖς
2706 3049 2936 3112 πολλοῖς.
2970 3051 3075 3102 Καὶ
3100 3051 3183 3113 τίς
3227 3038 3326 3103 οὐκ
3363 3051 3429 3104 ἂν
3461 3051 3626 3121 λέγοι,
3680 3053 3762 3104 ὅτι
3791 3054 3879 3116 τὸ,

660 3141 964 3208 piscatores
987 3139 1263 3193 hominum
1299 3137 1386 3190 ‘3?
1422 3155 1440 3185 ι
1481 3136 1631 3190 Hanc
1658 3136 1900 3189 eamdem
1953 3136 2202 3188 virtutem

2315 3161 2333 3193 ι
2375 3142 2538 3195 Δεῦτε
2579 3143 2751 3194 ὀπίσω
2781 3159 2904 3210 μου,
2931 3142 3025 3194 καὶ
3055 3143 3264 3212 ποιήσω
3295 3142 3438 3211 ὑμᾶς
3468 3142 3638 3205 ἁλιεῖς
3669 3143 3882 3213 ἀνθρώ-

651 3231 1040 3284 commendans
1069 3227 1290 3290 Paulus,
1323 3237 1382 3281 ut
1429 3242 1591 3295 supra
1616 3227 1872 3290 diximus,
1911 3225 1988 3278 ait
2023 3242 2038 3278 :
2077 3244 2096 3277 ι
2142 3226 2208 3280 Et

652 3335 831 3374 sermo
857 3334 1010 3374 meus
1031 3327 1084 3373 et
1112 3318 1426 3388 praedicatio
1457 3332 1573 3388 mea
1609 3331 1716 3369 non
1756 3317 1809 3368 in
1841 3317 2211 3385 persuasibili-

651 3411 752 3463 bus
799 3410 1045 3462 humanae
1091 3408 1368 3476 sapientiae
1399 3406 1604 3467 verbis,
1647 3405 1745 3459 sed
1795 3406 1849 3459 in
1896 3407 2211 3461 ostensione

657 3497 899 3566 Spiritus
929 3505 982 3549 et
1009 3495 1246 3559 virtutis,
1291 3504 1348 3547 ut
1395 3496 1526 3547 fides
1554 3505 1736 3547 nostra
1779 3509 1884 3547 non
1924 3495 1991 3549 sit
2035 3495 2088 3547 in
2121 3509 2212 3548 sn-

651 3590 854 3658 pientia
884 3588 1183 3652 hominum,
1213 3587 1305 3639 sed
1335 3587 1387 3639 in
1416 3586 1617 3638 virtute
1648 3584 1740 3638 Dei
1771 3585 1839 3639 ⁸⁸.
1897 3604 1917 3638 ι
1959 3586 2114 3650 Nam,
2154 3596 2212 3638 ut

650 3679 962 3746 praedictum
996 3678 1175 3730 fuerat
1201 3691 1229 3729 a
1265 3679 1541 3746 prophetis
1568 3679 2004 3748 przedicationem
2035 3677 2211 3730 Evan—

650 3770 775 3839 gelii
825 3768 1336 3838 prmnuntiantihus,
1393 3788 1412 3820 ι
1472 3769 1734 3847 Dominus
1787 3769 1937 3822 dedit
1991 3771 2212 3822 verbum

648 3859 1150 3927 evangelizantibus
1203 3860 1405 3913 virtute
1443 3849 1634 3922 multa,
1661 3875 1756 3914 rex
1815 3861 2075 3914 virtutum
2127 3859 2213 3911 di-

651 3951 780 4006 lecti
817 3951 901 4014 “;
938 3967 960 4004 ι
996 3961 1054 4002 ut
1080 3951 1399 4018 impleretur
1421 3961 1477 4004 et
1506 3953 1648 4006 istud
1682 3952 1992 4008 vaticinium
2027 3969 2088 4006 ιι
2121 3951 2216 4004 Ve-

654 4041 850 4095 lociter
874 4041 1046 4094 currit
1073 4053 1254 4097 sermo
1275 4044 1390 4107 ejus
1419 4041 1489 4093 ⁸¹.
1535 4061 1555 4092 ι
1591 4041 1660 4094 Ει
1690 4041 1903 4108 quidem
1928 4043 2038 4110 jam
2068 4043 2217 4096 vide-

654 4149 779 4189 mus
805 4151 824 4184 ι
864 4134 916 4184 in
947 4147 1166 4186 omnem
1194 4141 1398 4187 terram
1434 4132 1669 4187 exivisse
1713 4146 1905 4186 sonum
1938 4149 1957 4182 ι
1995 4142 2214 4200 aposto-

549 4295 553 4298 _
653 4225 828 4278 lorum
874 4222 1022 4286 Jesu,
1057 4242 1079 4274 ί
1117 4232 1174 4277 et
1221 4225 1276 4275 in
1328 4224 1462 4277 lines
1515 4223 1664 4278 orbis
1722 4233 1881 4277 terra:
1917 4226 2078 4298 verba
2117 4240 2215 4277 eo-

650 4329 770 4367 rum
797 4315 864 4366 ⁸³.
894 4332 913 4364 ι
953 4313 1222 4379 Quocirca
1277 4315 1368 4381 qui
1401 4313 1629 4366 audiunt
1675 4314 1898 4366 verbum
1946 4329 2069 4367 cum
2103 4316 2214 4366 vir-

655 4413 774 4458 tute
825 4405 1200 4471 prtedicatum,
1240 4405 1521 4474 replentur
1567 4415 1622 4457 et
1673 4405 1772 4472 ipsi
1825 4405 2039 4467 virtute,
2087 4420 2214 4473 quae

2312 3250 2448 3294 πων,
2501 3250 2518 3282 ι
2556 3231 2779 3301 δυνάμει
2809 3233 2917 3284 τινὶ
2938 3231 3056 3301 θείᾳ
3087 3233 3148 3283 ὲν
3196 3233 3306 3293 τοῖς
3339 3231 3654 3296 ἀποστόλοις
3706 3233 3879 3285 αὑτοῦ

2309 3323 2622 3392 ἐπλήρωσεν
2667 3325 2696 3375 ὁ
2732 3321 2965 3392 ’1ησοῦς;
2995 3324 3220 3376 Ἥντινα
3249 3322 3342 3376 καὶ
3388 3325 3418 3376 ό
3457 3323 3668 3387 Παῦλος
3714 3341 3884 3394 παρι-

2313 3411 2441 3473 στὰς
2471 3411 2564 3481 (ὠς
2593 3411 2687 3463 καὶ
2746 3413 2803 3464 ὲν
2849 3413 2962 3474 τοῖς
3003 3411 3257 3480 ἀνωτέρω
3304 3411 3642 3482 εἰρήκαμεν)
3702 3414 3879 3484 φησι·

2317 3520 2335 3553 ι
2371 3501 2479 3555 Καὶ
2507 3504 2536 3554 ό
2559 3500 2711 3568 λόγος
2747 3519 2847 3571 μου
2877 3501 2971 3553 καὶ
2999 3501 3060 3553 τὸ
3088 3502 3345 3572 κήρυγμά
3378 3517 3480 3570 μου
3524 3502 3624 3553 οὐκ
3666 3501 3725 3553 ὲν
3755 3518 3886 3554 πει-τ

2313 3593 2424 3656 θοίς
2483 3593 2827 3665 ἀνθρωπίνης
2889 3581 3078 3663 σοφίας
3097 3595 3292 3662 λόγοις,
3327 3594 3453 3647 ’ἀλλ’
3506 3595 3564 3646 ὲν
3607 3580 3884 3659 ἀποδείξει

2313 3683 2624 3753 Πνεύματος
2673 3685 2765 3736 καὶ
2807 3685 3105 3754 δυνάμεως,
3145 3686 3233 3737 ἴνα
3282 3687 3315 3754 ἡ
3357 3687 3537 3744 πίστις
3581 3686 3736 3755 ἡμῶν
3763 3685 3883 3755 (93)

2316 3774 2389 3841 μὴ
2507 3777 2564 3826 ἐν
2609 3774 2768 3844 σοφίᾳ.
2799 3774 3118 3844 ἀνθρώπων,
3164 3776 3276 3828 ἀλλ’
3321 3778 3379 3828 ὲν
3405 3776 3628 3845 δυνάμει
3657 3775 3810 3828 Θεοῦ.
3858 3795 3878 3826 ι

2313 3864 2468 3915 Κατά
2503 3864 2612 3932 γὰρ
2634 3863 2700 3915 τὰ
2726 3865 2991 3933 εἰρημένα
3023 3866 3082 3917 ἐν
3127 3867 3236 3926 τοῖς
3268 3865 3588 3936 προφήταις,
3632 3880 3883 3932 προγνω-

2316 3951 2512 4017 πικῶς
2533 3953 2931 4020 ἀπαγγέλλουσι
2956 3955 3084 4025 περὶ
3100 3955 3198 4024 τῆς
3221 3953 3496 4024 κηρύξεως
3520 3953 3613 4005 τοῦ
3636 3954 3885 4021 Εὐαγγέ-

2314 4044 2466 4109 λίου,
2509 4061 2532 4102 ι
2574 4044 2777 4113 Κύριος
2820 4044 2988 4096 ἔδωκε
3037 4044 3186 4113 ῥῆμα
3227 4045 3338 4105 τοῖς
3375 4040 3884 4110 εὐαγγελιζομένοες

2313 4134 2539 4206 δυνάμει
2568 4136 2758 4206 πολλῇ,
2776 4137 2804 4187 ό
2829 4134 3078 4204 βασιλεὺς
3104 4135 3212 4186 τῶν
3240 4133 3517 4203 δυνάμεων
3541 4131 3635 4184 τοῦ
3661 4133 3888 4203 ἀγαπη-

2314 4227 2428 4291 τοῦ,
2467 4248 2484 4279 ι
2507 4229 2592 4280 ἵνα
2620 4229 2712 4280 καὶ
2745 4230 2777 4298 ἠ
2826 4227 3056 4294 λέγουσα
3093 4226 3413 4296 προφητεία,
3451 4243 3471 4277 ι
3509 4226 3653 4288 Ἕως
3679 4226 3886 4294 τάχους

2314 4319 2597 4388 δραμεῖται
2629 4320 2657 4370 ό
2683 4318 2837 4384 λόγος
2870 4316 3053 4381 αὑτοῦ,
3091 4336 3108 4367 ι
3145 4316 3421 4386 πληρωθῇ.
3467 4316 3578 4370 Καὶ
3612 4314 3886 4384 βλέπομέν

2315 4426 2399 4474 γε,
2421 4411 2502 4460 ὅτι
2541 4428 2558 4460 ι
2601 4411 2680 4471 είς
2711 4410 2891 4461 πᾶσαν
2930 4407 3029 4476 τὴν
3055 4407 3156 4477 γῆν
3188 4405 3407 4476 ἐξῆλθεν
3439 4407 3468 4458 ό
3495 4404 3605 4458 τῶν
3647 4404 3888 4458 ἀποστό-

652 4509 779 4547 cum
832 4495 886 4546 in
935 4508 1121 4546 eorum
1164 4495 1446 4550 affectibus
1473 4497 1814 4566 actibusque,
1849 4507 1956 4549 tum
1987 4498 2042 4550 in
2074 4512 2206 4550 con-

2315 4499 2421 4550 λων
2456 4498 2628 4567 Ἰησοῦ
2681 4497 2938 4564 φθόγγος,
2969 4497 3064 4548 καὶ
3095 4496 3174 4556 είς
3217 4492 3287 4546 τὰ
3317 4493 3526 4564 πέρατα
3565 4492 3666 4563 τῆς
3701 4493 3890 4544 οἰκου-

652 4584 856 4638 Stantia
887 4583 956 4635 ad
1004 4590 1232 4635 mortem
1269 4597 1366 4648 pro
1395 4584 1640 4635 veritatis
1677 4583 1987 4636 defensione
2041 4586 2210 4649 perre-

2317 4590 2482 4653 μένης
2512 4587 2578 4634 τὰ
2607 4588 2823 4652 ῥήματα
2850 4583 3025 4633 αὐτῶν
3065 4585 3192 4650 (94).
3243 4602 3260 4630 ι
3300 4584 3396 4637 Διά
3417 4583 3572 4636 τοῦτο
3598 4580 3890 4649 δυνάμεως

658 4674 880 4729 rendam
909 4656 1117 4737 elucet;
1156 4673 1378 4742 quidam
1410 4683 1590 4728 autem
1619 4673 1774 4725 vacui
1807 4683 1959 4737 sunt,
1990 4673 2204 4726 etiamsi

2317 4677 2413 4746 μὲν
2439 4673 2765 4744 πληροῦνται
2812 4674 2861 4724 οί
2913 4671 3071 4738 λόγου
3113 4668 3204 4720 τοῦ
3238 4671 3371 4736 μετὰ
3394 4671 3674 4736 δυνάμεως
3701 4671 3892 4736 ἀπαγ-

657 4766 772 4821 Deo
809 4781 903 4837 per
947 4765 1135 4820 Jesum
1185 4767 1408 4821 credere
1445 4765 1819 4829 profiteantur,
1868 4765 1958 4833 qui
2006 4767 2206 4818 virtute

2311 4765 2630 4836 γελλομένου
2661 4763 2965 4825 ἀκούοντες,
2997 4761 3062 4830 ἢν
3099 4757 3495 4811 ἐπιδείκνυνται
3525 4757 3593 4825 τῇ
3619 4770 3680 4806 τε
3703 4751 3892 4806 διαθὲ-

722 4974 768 5006 "
790 4974 812 5029 l
837 4975 961 5030 Cor.
984 4991 1045 5038 ιι,
1076 4976 1131 5028 5.
1212 4973 1261 5004 ⁸⁸
1283 4973 1470 5028 Matth.
1495 4973 1671 5038 iv,19.
1747 4972 1792 5004 "
1818 4973 1837 5025 l
1860 4974 1979 5028 Cor.
2000 4992 2057 5038 ιι,
2082 4975 2132 5030 4.
2211 4972 2410 5030 ιουεει.
2436 4973 2706 5038 ιινιλιμίὲ.
2784 4972 2826 5002 ἰ
2848 4967 2987 5023 Psal.
3016 4979 3219 5028 cxuvu,
3239 4961 3323 5015 l5.
3399 4960 3446 4990 "
3466 4957 3609 5013 Psal.
3639 4972 3792 5022 xvm,
3826 4957 3890 5012 5.

2316 5138 2654 5205 Hcesclielitis
2678 5147 2728 5197 iu
2757 5154 2926 5203 textu,
2948 5145 3004 5194 ὲν
3027 5139 3252 5202 πειθοῖς.
3275 5134 3585 5200 Philocalia,
3608 5135 3896 5190 ἑνπειθοῖ.

725 5160 837 5226 (88)
870 5158 1038 5212 Codd.
1085 5159 1281 5228 Regius
1313 5172 1370 5212 et
1399 5157 1757 5216 Basileensis,
1788 5155 1955 5228 deus!
1991 5157 2204 5228 σοφούς.

2533 5237 2739 5290 Ταῦτα.
2766 5235 2959 5288 Guieto
2993 5231 3340 5284 scribendum
3371 5229 3604 5292 videtur,
3631 5227 3677 5277 τ’
3715 5227 3892 5279 αὑτά.

653 5225 824 5283 Paulo
851 5239 967 5312 pust
994 5225 1311 5312 lihiloéalia,
1342 5229 1476 5300 πρὸς
1503 5229 1564 5281 τὸ
1593 5230 1730 5280 νοεῖν
1763 5225 1855 5277 καλ
1881 5225 2056 5293 λέγειν
2086 5225 2210 5295 ἀρέ-

2387 5237 2497 5312 (9¹)

657 5313 884 5357 σκοντας
911 5297 1187 5367 πλήθεσιν.
1387 5297 1398 5300 ’

2387 5297 2497 5380 (92)
2540 5305 2850 5361 Pliilucaiia,
2884 5300 3128 5370 πιστική.
3684 5341 3690 5349 ,

2317 5454 2344 5472 .
2384 5399 2494 5469 (95)
2530 5393 2745 5463 Ἠμῶν.
2798 5391 2951 5461 Apud
2997 5389 3218 5471 Paulum
3267 5387 3487 5455 legitur,
3520 5383 3696 5455 ὑμῶν,
3728 5384 3889 5452 quod

2432 5486 2454 5519 δ
2485 5476 2560 5518 at.

2315 5479 2496 5625 ρηέὶὲ)
2533 5555 2607 5608 Τὰ
2624 5552 2857 5625 ῥήματα
2889 5549 3105 5625 αὐτῶν.
3167 5548 3254 5602 Sic
3303 5561 3484 5625 omnes
3534 5543 3689 5595 codd.
3736 5557 3896 5625 .mss;

2317 5638 2372 5682 et
2391 5613 2718 5680 i’hilocaiia‘:
2748 5622 3090 5674 Hmschelins
3118 5635 3245 5673 vero
3274 5629 3324 5672 et
3358 5617 3691 5684 Spencerus,
3726 5613 3757 5664 ὁ
3785 5613 3904 5684 τοῦ

2315 5681 2625 5750 ἀποστόλων
2653 5694 2826 5758 λόγος.
2860 5691 3056 5741 Ibidem
3088 5681 3577 5758 Philocalia'male,
3605 5681 3895 5758 πληροῦν-

2283 5783 2290 5790 ·
2315 5784 2403 5822 ται
2437 5767 2483 5818 oi
2509 5765 2654 5833 λόγοι
2683 5751 2946 5830 τοῦ-μετά
2980 5760 3257 5826 δυνάμεως
3281 5751 3777 5821 ἐπαγγελλομένου.

728 5409 840 5483 (89)
867 5409 1224 5478 Κεχρῆσθαι.
1255 5412 1347 5466 Sic
1372 5420 1519 5483 recte
1542 5409 1858 5483 Philocalia.
1884 5407 2215 5483 ilmschelius

658 5477 842 5552 autem
867 5491 922 5533 et
948 5477 1666 5552 Spenccrus,xsxnpdxeat.
1709 5480 1869 5552 Paulo
1915 5492 2038 5552 post
2091 5477 2217 5552 Phi-

658 5549 880 5608 localia,
938 5551 1109 5604 codex
1161 5548 1362 5617 Regius
1415 5547 1468 5604 et
1519 5547 1870 5612 Basileensis,
1921 5547 2217 5617 ἐπαγγελία

662 5619 998 5691 ἀνεφαίνετο.
1054 5616 1389 5691 Ηῳεειιοιὶυε
1431 5628 1486 5674 et
1533 5621 1856 5691 Spencerus,
1913 5616 2219 5685 ἀπαγγελία

663 5688 998 5756 ἀνεφαίνετο,
1021 5689 1178 5742 male.

735 5778 848 5853 (90)
891 5781 1058 5840 Codd.
1115 5781 1244 5850 le.
1303 5780 1642 5848 Basilcensis,
1697 5780 1800 5836 duo
1832 5777 2101 5843 Vaticani,
2157 5783 2211 5832 et
