4126 6314
743 439 882 503 ’τεν

848 560 939 617 68.
965 561 1167 617 Deinde
1197 562 1382 618 Celsus
1410 564 1668 621 olfaciens
1692 565 1978 621 adductum
2002 565 2206 634 iri'quze
2233 564 2321 620 Je-
2352 574 2403 629 Α

779 671 871 712 sus
893 656 1319 725 fecitmiracula,
1348 669 1400 714 et
1426 676 1493 715 ex
1537 660 1731 729 quibus
1753 674 1923 729 pauca
1954 658 2323 725 delihavimus,

780 744 931 815 tingit
961 761 1017 801 se
1044 747 1337 802 concedere
1362 762 1487 800 vera
1528 761 1648 801 esse
1678 761 1795 816 quae
1844 745 2047 812 scripta
2081 754 2205 797 sunt
2257 744 2324 797 de

778 832 1174 902 i:urationibus,
1196 843 1261 893 de
1281 839 1695 900 resurrectione,
1721 838 1986 905 detpaucis
2009 837 2237 903 panibus
2256 851 2324 891 ex

774 927 971 995 quibus
994 938 1109 995 post
1131 927 1324 981 multos
1352 937 1619 981 saturatos
1639 927 1801 979 multa
1830 927 2232 995 superfuerunt,
2265 934 2321 981 et

774 1026 1039 1087 quotquot
1075 1019 1347 1072 existimat
1381 1019 1574 1071 mirum
1610 1018 1661 1070 in
1702 1019 1913 1071 modum
1954 1018 2021 1070 ab
2060 1016 2317 1085 apostolis

774 1107 1095 1173 ampliﬁcata
1122 1107 1302 1165 fuisse,
1326 1117 1456 1170 tum,
1483 1110 1643 1175 «Age,
1665 1107 1856 1173 inquit,
1875 1107 2062 1160 demus
2086 1108 2197 1160 hzec
2222 1116 2321 1159 ate

774 1206 942 1264 gesta.
984 1215 1002 1247 ι
1033 1196 1142 1250 Sed
1170 1196 1449 1250 confestim
1487 1199 1671 1255 eodem
1710 1197 1797 1250 illa
1828 1212 2047 1250 numero
2078 1198 2320 1251 habenda

770 1300 889 1339 esse
908 1287 979 1339 ait
993 1301 1053 1339 ac
1076 1302 1136 1341 ea
1154 1302 1271 1356 quae
1286 1286 1700 1357 prmsligiatores
1718 1288 1938 1351 faciunt,
1962 1292 2161 1353 majora
2178 1304 2318 1341 semc-

772 1391 868 1445 per
896 1392 957 1430 ac
992 1377 1193 1444 majora
1224 1378 1569 1444 pollicentes;
1602 1388 1661 1429 et
1687 1392 1804 1445 qure
1840 1379 2042 1431 faciunt
2070 1379 2158 1446 qui
2192 1388 2317 1431 sunt

763 1465 1109 1537 Egyptiacis
1127 1468 1329 1522 artibus
1358 1468 1571 1532 eruditi,
1601 1470 1687 1536 qui
1716 1470 1959 1522 meilioiu
1984 1470 2116 1533 loro,
2136 1472 2316 1536 paucis

766 1561 938 1615 obolis
979 1561 1307 1614 venerandas
1352 1576 1478 1615 suas
1516 1573 1659 1614 artes
1697 1560 1997 1624 venditant,
2051 1562 2311 1615 daemonia

766 1667 834 1709 ex
862 1652 1165 1707 hominibus
1180 1652 1483 1724 proﬂigant,
1510 1652 1793 1707 cxsutllant
1832 1654 2064 1716 morbos,
2093 1655 2313 1707 heroum

764 1745 972 1797 animas
1001 1744 1481 1812 evocant,opipara
1517 1744 1783 1809 convivia,
1805 1759 2037 1808 mensas,
2062 1742 2311 1809 bellaria,

764 1835 987 1903 opsonia
1005 1850 1122 1903 quae
1154 1850 1420 1902 nunquam
1445 1834 1659 1887 fuerunt
1684 1835 1957 1897 exhibent,
1976 1834 2313 1901 agitantani-

766 1927 923 1981 utalia
960 1942 1077 1993 quae
1101 1940 1223 1980 vere
1254 1926 1394 1979 nulla
1417 1936 1560 1987 Sunt,
1595 1927 1688 1980 sed
1721 1940 1871 1979 vanae
1911 1927 2169 1978 duntaxat
2199 1926 2312 1977 ani-

765 2018 1023 2069 mantium
1046 2018 1325 2086 imagines.
1343 2016 1461 2069 Mox
1482 2018 1554 2069 ait
1573 2036 1613 2069 ;‹
1629 2016 1703 2068 An
1721 2016 1841 2084 quia
1862 2018 1973 2069 haec
1994 2016 2063 2068 illi
2084 2015 2307 2077 faciunt,

762 2106 923 2174 383
953 2106 1151 2160 idcirco
1185 2106 1509 2159 credendum
1561 2106 1719 2159 nobis
1764 2106 1872 2159 erit
1912 2106 2031 2158 illos
2059 2120 2177 2159 esse
2213 2103 2308 2157 Dei

762 2197 940 2251 ﬁlios?
973 2198 1052 2251 An
1087 2198 1262 2265 potius
1289 2196 1575 2250 dicendum
1609 2195 1975 2265 improborum
2006 2206 2061 2249 et
2085 2196 2310 2250 nebulo-

759 2304 887 2342 num
912 2303 1031 2342 esse
1052 2288 1361 2356 huiusmodi
1391 2287 1570 2341 artes?
1594 2307 1611 2338 ι
1645 2287 1781 2342 [line
1806 2288 2070 2357 perspicis
2094 2287 2307 2342 Celsum

758 2380 828 2433 ab
862 2381 1193 2435 admittenda
1227 2382 1399 2448 magia
1431 2395 1534 2434 non
1580 2380 1816 2434 alienum
1844 2394 1965 2434 esse
1996 2381 2327 2433 admodum;

755 2471 950 2526 Nescio
982 2484 1160 2527 tamen
1206 2488 1271 2526 an
1322 2472 1411 2526 ille
1467 2472 1578 2541 ipse
1628 2472 1699 2525 sit
1730 2472 1818 2541 qui
1875 2471 2070 2525 multos
2122 2478 2304 2525 contra

756 2564 989 2631 magiam
1016 2562 1183 2618 libros
1208 2563 1613 2630 conscripserit.
1644 2560 2031 2616 Verumtamen
2057 2561 2179 2629 quia
2204 2561 2305 2615 hoc

754 2654 868 2720 ejus
893 2656 1164 2721 proposito
1193 2653 1536 2707 commodum
1564 2661 1715 2717 erat,
1751 2665 1887 2719 qua?
1902 2650 1970 2705 de
2003 2649 2125 2706 Iesu
2177 2665 2305 2703 nar-

756 2754 947 2796 rantur
1005 2751 1288 2812 comparat
1310 2758 1431 2797 cum
1463 2743 1528 2797 iis
1554 2756 1674 2809 quae
1708 2742 1880 2810 magia
1909 2739 2090 2797 eilicit.
2127 2738 2193 2791 Et
2221 2754 2305 2793 es-

754 2841 874 2888 sent
908 2833 1103 2887 similia
1137 2834 1182 2888 si
1225 2833 1403 2899 Jesus,
1442 2842 1499 2886 ut
1532 2832 1622 2899 qui
1673 2833 1910 2898 magicas
1960 2838 2105 2883 artes
2140 2828 2303 2896 proli-

757 2932 957 2985 ;entur,
1011 2922 1143 2977 nihil
1191 2933 1391 2991 praeter
1441 2936 1635 2975 vanam
1684 2919 2301 2989 specieinpstendisset.

752 3008 907 3064 Nunc
936 3024 1064 3064 vero
1105 3010 1282 3065 nullus
1308 3010 1669 3079 praestigiator
1720 3021 1815 3074 per
1860 3021 1921 3059 ea
1966 3020 2085 3073 qua:
2116 2998 2260 3056 iacit
2286 3042 2301 3065 ,

753 3111 1094 3171 spectatores
1125 3103 1191 3155 ad
1224 3116 1432 3154 morum
1484 3097 1914 3153 emendationem
1953 3095 2149 3147 excitat
2170 3132 2185 3157 ,
2213 3101 2304 3145 aut

2232 448 2546 506 ORIGENIS

3876 451 3989 508 783

2510 567 2663 638 Ἑξῆς
2702 565 2757 619 δὲ
2787 564 2990 629 τούτοις
3017 567 3045 618 ὁ
3073 566 3294 632 Κέλσος,
3324 565 3635 635 ὑπιδόμενος
3677 563 3743 617 τὰ
3774 567 3987 620 ἐπιδει-

2424 658 2727 730 χθησόμενα
2763 658 2865 709 ὑπὸ
2895 656 2985 710 τοῦ
3026 657 3195 728 Ἰησοῦ
3226 658 3557 727 γεγενημένα
3588 656 3812 724 μεγαλα,
3850 659 3986 729 περὶ

2423 745 2497 803 ὧν
2528 751 2679 818 ὀλίγα
2709 750 2813 804 ἀπὸ
2858 751 3063 803 πολλῶν
3105 750 3422 819 εἰρήκαμεν,
3452 750 3815 816 προσποιεῖται
3841 764 3984 813 συγ-

2424 847 2613 915 χωρεῖν
2646 844 2813 914 ἀληθῆ
2846 841 3002 905 εἶναι,
3038 845 3135 895 ὅσα
3162 842 3287 912 περὶ
3317 838 3637 912 θεραπειῶν,
3673 838 3704 907 ῆ
3736 840 3971 892 ἀναστά-

2424 951 2576 997 σεως,
2608 935 2639 1003 ἦ
2666 936 2789 1005 περὶ
2822 936 2997 1004 ἄρτων
3022 934 3214 1000 ὀλίγων
3246 931 3554 1002 θρεψάντων
3596 929 3815 991 πολλοὺς
3848 931 3981 982 ἀνα-

2421 1024 2740 1092 γέγραπται,
2791 1024 2881 1090 ἀφ’
2929 1017 3002 1073 ὧν
3054 1021 3277 1088 λείψανα
3320 1019 3488 1071 πολλὰ
3531 1017 3974 1079 καταλέλειπται,

2420 1113 2450 1181 ἢ
2497 1114 2592 1164 ὅσα
2627 1113 2755 1164 ἄλλα
2801 1116 2967 1164 οἴεται
3020 1110 3505 1182 τερατευσαμένους
3553 1109 3677 1171 τοὺς
3728 1108 3976 1178 μαθητὰς

2424 1202 2777 1272 ίστορηκέναι,
2809 1204 2901 1255 καὶ
2931 1203 3175 1271 ἐπιφέρει
3207 1201 3403 1263 αὐτοῖς’
3444 1217 3462 1249 ι
3499 1200 3632 1270 Φέρε
3668 1199 3973 1251 πιστεύσωςο

2421 1309 2518 1359 μεν
2554 1288 2689 1343 εἷναί
2740 1309 2819 1343 σοι
2856 1292 3003 1343 ταῦτ’
3034 1291 3382 1360 εἰργασμένα
3420 1310 3436 1341 ι
3467 1291 3560 1342 καὶ
3588 1289 3781 1351 εὐθέως
3802 1307 3975 1342 κοινο-

2418 1385 2559 1433 ποιεί
2587 1381 2721 1433 αὐτὰ
2752 1383 2883 1452 πρὸς
2912 1382 2977 1434 τά
3008 1383 3137 1452 ἔργα
3176 1382 3280 1435 τῶν
3311 1383 3538 1451 γοήτων,
3566 1381 3640 1442 ὡς
3678 1382 3973 1449 ὑπισχνουο

2419 1460 2592 1541 μένων
2632 1472 3064 1543 θαυμασιώτερα,
3108 1475 3200 1526 καὶ
3245 1474 3377 1543 πρὸς
3406 1473 3474 1525 τὰ
3508 1472 3609 1524 ὑπὸ
3638 1471 3743 1524 τῶν
3768 1471 3973 1541 μαθόν-

2414 1581 2518 1615 των
2547 1564 2651 1615 ἀπὸ
2675 1564 2977 1630 Αἰγυπτίων
2995 1564 3100 1634 (24)
3124 1563 3528 1632 ἐπιτελούμενα,
3551 1565 3607 1615 ὲν
3632 1563 3817 1633 μέσαις
3834 1564 3969 1630 ἀγο-

2419 1657 2537 1724 ραῖς
2558 1654 2746 1720 ὀλίγων
2764 1653 2963 1705 ὀϐολῶν
2987 1655 3328 1725 ἀποδομένων
3357 1654 3426 1706 τὰ
3449 1652 3616 1722 σεμνὰ
3648 1654 3964 1723 μαθήματα,

2415 1747 2504 1797 καὶ
2565 1746 2819 1815 δαίμονας
2877 1746 2983 1798 ἀπὸ
3041 1745 3333 1815 ἀνθρώπιον
3393 1744 3801 1811 ἐξελαυνόντων,
3862 1738 3967 1795 ἰαὶ

2414 1838 2597 1900 νόσους
2626 1837 3040 1905 ἀποφυσώντων,
3077 1838 3169 1890 καὶ
3209 1835 3381 1905 ψυχὰς
3411 1833 3602 1905 ἡρώων
3634 1831 3963 1886 ἀνακαλούνο

2412 1945 2537 1991 των,
2592 1929 2780 1982 δεῖπνά
2824 1947 2882 1981 τε
2937 1928 3197 1998 πολυτελῆ
3245 1929 3335 1979 καὶ
3377 1925 3651 1997 τραπέζας
3681 1925 3774 1976 καὶ
3817 1922 3965 1993 τέμ-

2415 2036 2556 2088 ματα
2583 2020 2673 2071 καὶ
2700 2019 2804 2086 ὄψα
2833 2019 2899 2070 τά
2928 2021 3025 2070 οὐκ
3055 2018 3181 2071 ὄντα
3224 2016 3563 2079 δεικνύντων,
3603 2015 3694 2067 καὶ
3737 2014 3810 2074 ὡς
3842 2011 3960 2075 ζῶα

2410 2112 2695 2165 κινούντων
2720 2113 2816 2163 οὐκ
2844 2110 3055 2178 ἀληθῶς
3078 2111 3205 2161 ὅντα
3248 2109 3379 2173 ζῶα,
3408 2108 3539 2161 ἀλλά
3569 2107 3728 2177 μέχρι
3757 2122 3962 2173 φαντα-

2411 2202 2527 2267 σίας
2556 2203 2847 2271 φαινόμενα
2875 2202 2983 2271 (25)
3016 2201 3253 2254 τοιαῦτα.
3285 2201 3392 2252 Καί
3419 2215 3597 2270 φησιν·
3627 2218 3646 2249 ι
3676 2194 3798 2267 'Ap‘
3836 2194 3962 2249 ἐπεὶ

2406 2292 2571 2345 ταῦτα
2595 2292 2831 2345 ποιοῦσιν
2859 2288 3070 2354 ἐκεῖνοι,
3094 2292 3271 2362 δεήσει
3300 2294 3443 2362 ἡμᾶς
3478 2291 3670 2353 αὐτοὺς
3705 2288 3960 2362 ἡγεῖσθαι

2408 2383 2556 2446 υἱοὺς
2607 2381 2741 2435 εἶναι
2785 2383 2951 2448 Θεοῦ;
3008 2385 3075 2435 Ἦ
3123 2382 3335 2434 λεκτέον
3366 2381 3503 2434 αὐτὰ
3555 2379 3957 2450 ἐπιτηδεύματα

2407 2468 2543 2526 εἶναι
2563 2473 2857 2544 ἀνθρώπων
2878 2472 3122 2542 πονηρῶν
3156 2472 3248 2524 καὶ
3280 2470 3715 2541 κακοδαιμόνωη
3744 2488 3763 2520 ›
3795 2470 3961 2539 Ὁρᾷς

2404 2565 2479 2627 ὠς
2522 2565 2608 2617 διὰ
2660 2565 2861 2617 τούτων
2902 2564 3061 2616 οἱονεὶ
3110 2560 3470 2633 παραδέχεται
3517 2558 3749 2630 μαγείαν
3790 2554 3955 2611 εἶναι⁹

2404 2657 2504 2708 οὐκ
2535 2651 2648 2707 οἴδα
2682 2658 2727 2706 εί
2771 2657 2799 2707 ὁ
2844 2655 3002 2716 αὐτὸς
3050 2655 3121 2705 ὢν
3153 2652 3227 2722 τῷ
3256 2652 3521 2722 γράψαντι
3554 2650 3692 2702 κατὰ
3726 2640 3958 2719 μαγείας

2407 2746 2580 2815 βιὸλία
2614 2746 2845 2799 πλείονα.
2882 2745 3025 2815 Πλὴν
3055 2745 3128 2807 ὡς
3158 2745 3425 2815 χρήσιμον
3450 2741 3595 2811 αὐτῷ
3624 2743 3704 2805 εἰς
3727 2740 3797 2793 τὰ
3818 2757 3965 2811 προ-κ

2404 2837 2649 2907 κείμενα,
2697 2839 2807 2899 τοῖς
2863 2836 2968 2889 ἀπὸ
3010 2836 3239 2905 μαγείας
3268 2835 3443 2903 ὁμοιοῖ
3484 2831 3553 2885 τὰ
3603 2832 3727 2900 περὶ
3779 2827 3954 2898 Ἰησοῦ

2405 2928 2772 2996 ἱστορούμενα.
2807 2927 2913 2978 Καὶ
2955 2922 3021 2994 ἧν
3075 2925 3139 2977 ἂν
3172 2925 3349 2993 ὃμοια,
3384 2924 3429 2974 εἰ
3458 2921 3614 2991 μέχρι
3635 2919 3957 2985 ἀποδείξεως

2401 3017 2600 3083 ὁμοίως
2635 3019 2745 3077 τοῖς
2793 3013 3216 3083 μαγγανεύουσιν
3272 3011 3466 3079 ἔφθανε
3511 3009 3707 3073 δείξας
3738 3009 3855 3061 νυνὶ
3897 3007 3957 3059 δὲ

2402 3104 2573 3167 οὐδεὶς
2615 3106 2709 3173 μὲν
2755 3103 2858 3174 τῷν
2907 3104 3115 3173 γοήτων
3145 3103 3212 3155 δι’
3244 3095 3317 3155 ὧν
3350 3086 3523 3161 ποιεῗ,
3574 3099 3666 3149 ἐπὶ
3700 3099 3799 3167 τὴν
3846 3096 3958 3148 τῶν

750 3194 849 3249 Dei
880 3196 1126 3250 timorem
1149 3194 1308 3249 docet
1332 3192 1423 3261 qui
1453 3189 1773 3260 spectaculis
1798 3196 2040 3257 stupent,
2070 3194 2162 3239 aut
2192 3194 2297 3239 stu-

2408 3196 2547 3266 ἠθῶν
2595 3196 2960 3266 ἐπανόρθωσιν
3019 3195 3173 3246 καλεῖ
3230 3194 3355 3256 τοὺς
3408 3190 3804 3260 θεασαμένους,
3835 3189 3958 3241 οὐδὲ

749 3284 841 3340 det
870 3285 1196 3354 persuadere
1224 3284 1515 3348 ut'vivant,
1548 3281 1703 3351 quasi
1727 3281 1837 3334 Deo
1874 3280 2136 3332 rationem
2174 3277 2297 3330 red-

751 3376 935 3431 dituri.
966 3372 1109 3429 Nihil
1135 3376 1325 3428 horum
1356 3373 1777 3441 praestigiatores
1805 3369 2009 3425 iaciunt
2035 3370 2157 3438 quia
2195 3382 2298 3421 non

748 3476 1010 3536 possunt,
1065 3473 1163 3518 aut
1225 3479 1330 3518 non
1361 3464 1644 3517 consilium
1701 3463 1927 3526 habent,
1971 3470 2063 3514 aut
2113 3460 2301 3514 uolunt

751 3558 1091 3626 corrigendis
1139 3554 1448 3610 hominibus
1479 3570 1698 3624 operam
1751 3554 1915 3617 dare,
1968 3552 2165 3620 quippe
2209 3551 2299 3618 qui

751 3650 854 3718 ipsi
892 3644 1223 3717 turpissimis
1265 3646 1746 3712 infamissimisque
1771 3644 1916 3697 vitiis
1936 3643 2120 3697 referti
2151 3654 2297 3696 sunt.

752 3738 853 3793 Hic
876 3752 1026 3801 vero,
1059 3737 1150 3806 qui
1178 3736 1458 3789 miraculis
1486 3735 1597 3787 suis
1622 3742 1953 3806 spectatores
1974 3746 2157 3786 eorum
2182 3746 2299 3799 quae

749 3827 887 3881 bene
921 3802 1152 3880 faciebat
1178 3824 1243 3877 ad
1290 3837 1497 3875 morum
1550 3802 1943 3874 correctionem
1981 3820 2301 3881 adducebat,

750 3915 1023 3985 quomodo
1052 3929 1157 3967 non
1192 3913 1296 3967 erit
1332 3910 1725 3965 existimandus
1770 3925 1827 3977 se
1872 3908 2162 3977 praebuisse
2192 3922 2299 3960 non

751 4007 925 4062 solum
958 4006 1061 4059 illis
1090 4004 1180 4072 qui
1234 4003 1450 4072 proprie
1481 4000 1731 4070 discipuli
1777 3999 1894 4067 ejus
1927 3998 2100 4051 vocati
2140 3992 2298 4059 ‘simt,

751 4097 847 4151 sed
881 4096 1040 4149 etiam
1096 4093 1319 4161 reliquis
1367 4092 1657 4155 omnibus,
1722 4088 2026 4157 exemplum
2082 4086 2301 4153 optimae

748 4186 908 4240 vitae?
940 4182 1222 4252 Discipulis
1248 4181 1489 4251 quidem,
1523 4189 1579 4233 ut
1608 4181 1980 4234 excitarentur
2023 4177 2087 4229 ad
2122 4174 2300 4229 homi-

751 4292 845 4332 nes
872 4276 1142 4330 docendos
1192 4287 1312 4341 quae
1342 4272 1414 4326 sit
1443 4270 1694 4324 voluntas
1735 4269 1866 4333 Dei;
1916 4267 2139 4335 reliquis
2173 4280 2301 4319 vero

751 4350 1076 4428 hominibus,
1112 4374 1170 4419 ut
1195 4367 1312 4435 ejus
1336 4364 1519 4419 verbis
1543 4370 1598 4415 et
1653 4361 1895 4414 moribus
1932 4359 2110 4425 potius
2139 4372 2299 4426 quam

752 4454 1031 4508 miraculis
1056 4454 1233 4507 edocti
1261 4450 1531 4521 quomodo
1564 4448 1747 4502 vivere
1768 4456 2014 4515 oporteat
2038 4488 2050 4511 ,
2078 4459 2141 4499 eo
2173 4458 2299 4511 spc-

2404 3286 2549 3355 φόϐῳ
2576 3286 2705 3338 Θεοῦ
2749 3286 3079 3353 παιδαγωγεῖ
3112 3286 3236 3349 τοὺς
3270 3282 3711 3349 καταπλαγέντας
3735 3280 3803 3333 τά
3838 3280 3961 3333 θεά-

2407 3397 2568 3448 ματα,
2606 3378 2723 3431 esse
2756 3378 3005 3447 πειρᾶται
3038 3375 3240 3427 πείθειν
3268 3374 3409 3427 οὕτω
3440 3375 3539 3442 ζῇν
3565 3374 3688 3434 τοὺς
3725 3371 3953 3431 ἰδόντας,

2400 3470 2474 3531 ὼς
2506 3469 3026 3539 δικαιωθησομένους
3072 3465 3175 3519 ὑπὸ
3197 3464 3356 3518 Θεοῦ;
3404 3466 3513 3517 Καὶ
3554 3463 3702 3517 οὐδὲν
3750 3461 3961 3515 τούτων

2402 3557 2611 3609 ⁴ποιοῦσι
2642 3560 2832 3628 γόητες
2850 3598 2864 3620 ,
2896 3556 3079 3624 ἐπειδὴ
3108 3556 3165 3607 ού
3202 3555 3447 3606 δύνανται
3467 3595 3483 3618 ,
3522 3553 3555 3622 ἢ
3583 3554 3714 3622 μηδὲ
3743 3545 3960 3620 βούλον-

2400 3663 2509 3709 ται,
2548 3646 2679 3716 μηδὲ
2708 3647 2914 3698 θέλουσι
2939 3641 3413 3714 πραγματεύεσθαι
3447 3640 3562 3709 (26)
3598 3641 3663 3692 τὰ
3701 3639 3828 3708 περὶ
3859 3638 3963 3707 τῆς

2401 3735 2507 3789 τῶν
2533 3733 2826 3804 ἀνθρώπων
2870 3732 3223 3801 διορθώσεως,
3261 3731 3355 3784 ἆτε
3400 3730 3495 3783 καὶ
3540 3730 3689 3779 αὐτοὶ
3731 3728 3962 3799 πλήρεις

2402 3825 2550 3887 ὄντες
2593 3824 2883 3894 αἰσχίστων
2918 3824 3012 3875 καὶ
3046 3820 3485 3891 ὲπιρῤητοτάτων
3516 3821 3961 3890 ἁμαρτημάτων.

2413 3913 2471 3963 ’0
2508 3914 2563 3964 δὲ
2608 3913 2673 3965 δι’
2712 3906 2786 3965 ὧν
2834 3912 3005 3964 ἐποίει
3031 3909 3346 3981 παραδόξων
3398 3909 3490 3961 ἐπὶ
3536 3910 3633 3979 τὴν
3674 3910 3779 3962 τῶν
3810 3910 3963 3979 ἠθῶν

2404 4001 2770 4070 ἐπανόρθωσιν
2810 4002 3144 4070 ἐπαγόμενος
3204 4004 3312 4073 (27)
3359 4003 3483 4063 τοὺς
3528 4000 3861 4071 θεωροῦντας
3888 3999 3965 4051 τὰ

2401 4091 2688 4159 γιγνόμενα
2717 4090 2915 4153 καλῶς,
2953 4092 3067 4153 πῶς
3094 4094 3193 4144 οὐκ
3226 4093 3368 4155 εἰκὸς
3390 4132 3406 4157 ,
3434 4093 3514 4143 ὅτι
3546 4092 3802 4160 παρεῖχεν
3829 4090 3961 4139 ἑαυ-

2401 4182 2489 4232 τὸν
2523 4183 2578 4232 ού
2606 4182 2761 4250 μόνον
2787 4184 2894 4243 τοῖς
2927 4182 3166 4251 γνησίοις
3197 4181 3359 4234 αὑτοῦ
3395 4182 3679 4251 μαθηταῖς,
3705 4180 3839 4232 ἀλλά
3863 4181 3962 4231 καὶ

2401 4274 2511 4333 τοῖς
2555 4271 2758 4333 λοιποῖς
2800 4271 3147 4341 παράδειγμα
3180 4270 3399 4341 ἀρίστου
3435 4271 3584 4339 βίους
3632 4271 3717 4321 ἵνα
3761 4271 3853 4321 καὶ
3906 4271 3961 4321 οἱ

2406 4360 2641 4431 μαθηταὶ
2666 4360 3047 4431 προτραπῶσιν
3074 4363 3165 4413 ἐπὶ
3191 4364 3250 4414 τὸ
3279 4361 3547 4414 διδάσκειν
3582 4358 3722 4412 κατὰ
3763 4358 3822 4410 τὸ
3861 4358 3964 4409 τοῦ

2372 4498 2373 4501 η
2404 4452 2535 4504 Θεοῦ
2566 4452 2805 4521 βούλημα
2838 4454 2961 4515 τοὺς
2998 4452 3345 4523 ἀνθρώπους,
3378 4452 3470 4505 καὶ
3492 4453 3540 4503 οἱ
3568 4452 3761 4516 λοιποὶ,
3796 4450 3963 4503 πλέον

752 4554 981 4608 ctarent,
1012 4554 1069 4598 ut
1098 4556 1432 4612 quaacunque
1464 4541 1727 4603 facerent,
1751 4538 1857 4591 Deo
1884 4537 2154 4604 placerent
2186 4548 2299 4585 om—

2408 4544 2733 4610 διδαχθέντες
2769 4543 2985 4596 ἀπὸτοῦ
3019 4544 3173 4610 λόγου
3208 4545 3298 4596 καὶ
3327 4545 3487 4613 ἤθους
3518 4544 3549 4614 ἢ
3585 4544 3676 4596 καὶ
3708 4544 3813 4595 τῶν
3848 4560 3960 4595 πα-

751 4634 862 4687 nia.
892 4630 947 4686 Si
979 4640 1157 4685 autem
1180 4630 1305 4684 Jesu
1331 4632 1441 4683 vita
1461 4629 1560 4682 fuit
1589 4628 1874 4695 ejusmodi,
1902 4642 2008 4695 quo
2031 4628 2154 4696 jure
2179 4626 2299 4695 quis

749 4736 872 4780 eum
895 4737 1016 4779 cum
1058 4719 1543 4791 priestigiatoribus
1570 4718 1842 4781 conferat,
1880 4730 1932 4770 et
1972 4733 2076 4769 non
2123 4717 2299 4783 petitis

749 4812 1041 4870 crediderit
1071 4825 1217 4875 eum,
1246 4824 1368 4863 cum
1396 4808 1535 4862 Deus
1560 4820 1727 4871 esset,
1754 4816 1808 4859 ut
1837 4807 2156 4875 promissum
2192 4806 2303 4859 fue-

755 4910 861 4967 rat,
893 4903 1067 4956 visum
1102 4900 1271 4955 fuisse
1306 4900 1357 4954 in
1384 4899 1621 4952 humano
1649 4912 1896 4965 corpore,
1926 4908 1981 4949 ut
2005 4906 2187 4949 nostro
2210 4908 2300 4963 ge-

756 4994 873 5048 neri
912 4992 1224 5062 prodesset?

826 5172 914 5227 69.
942 5168 1240 5225 Permiscet
1267 5178 1449 5237 postea
1477 5180 1780 5221 sermonem
1830 5162 2020 5219 Celsus
2042 5204 2056 5227 ,
2078 5155 2145 5217 ἐι
2183 5180 2300 5233 qua:

757 5273 789 5311 ι
817 5258 1066 5326 quapiam
1093 5264 1241 5308 secta
1271 5255 1409 5308 dicta
1444 5263 1604 5317 sunt,
1653 5252 1901 5306 omnibus
1938 5252 2301 5306 Christianam

830 5412 940 5481 (τί)
976 5409 1107 5465 Ἀπὸ
1127 5410 1475 5481 animum».
1501 5409 1635 5481 llaec
1649 5417 1731 5481 est
1757 5406 2038 5460 interlinea
2050 5409 2121 5459 ris
2143 5408 2301 5481 lectio

756 5476 956 5533 veteris
988 5479 1187 5533 codicis
1232 5476 1499 5539 Vaticani;
1542 5477 1747 5543 reliqui
1780 5490 1908 5527 mss.
1967 5491 2087 5528 cum
2142 5478 2302 5530 editis

760 5549 979 5610 habent,
1004 5548 1107 5598 ὑπὸ
1128 5545 1457 5613 Αίγυπτίων,
1491 5546 1647 5607 uitale,
1678 5553 1738 5597 ut
1769 5544 1996 5613 videtur.

852 5617 941 5681 ‘25)
978 5616 1129 5668 Lilib.
1170 5611 1298 5667 editi
1340 5616 1403 5664 ad
1438 5615 1765 5680 marginem,
1806 5611 2129 5680 βλεπόμενα.

852 5686 939 5753 26)
957 5683 1120 5753 Codd.
1140 5686 1293 5753 lleg.,
1317 5682 1637 5753 ilasileeusis
1662 5690 1715 5733 et
1744 5692 1966 5753 uterque
1987 5681 2293 5753 Vaticanus,

762 5750 1296 5821 πραγματεύσασθαι.
1335 5750 1540 5821 Reliqui
1572 5765 1689 5805 cum
1717 5751 1894 5816 editis,
1930 5750 2302 5820 πραγματεύε-

825 5839 898 5874 αι.

2408 4632 2639 4701 ραδόξων
2665 4634 2737 4693 ὡς
2771 4634 2873 4701 χρὴ
2905 4632 3067 4700 βιοῦν,
3102 4635 3274 4685 πάντα
3308 4635 3581 4701 πράττωσι
3610 4634 3727 4685 κατ’
3759 4637 3963 4701 ἀναφο-

2410 4722 2506 4792 ράν
2544 4720 2633 4771 τοῦ
2668 4722 2917 4788 ἀρέσκειν
2958 4722 3032 4788 τῷ
3074 4722 3165 4773 ἐπὶ
3202 4723 3333 4773 πᾶσι
3363 4722 3496 4791 Θεῷ.
3540 4724 3600 4773 Ei
3631 4723 3688 4773 δὲ.
3724 4724 3961 4785 τοιοῦτος

2407 4809 2431 4826 τ
2622 4812 2642 4820 -·
2694 4813 2705 4824 ι
2837 4811 2859 4820 ~
3136 4812 3159 4822 ·-
3265 4812 3275 4826 v
3742 4812 3751 4825 '
3926 4816 3953 4828 -

2404 4828 2470 4881 ην
2499 4814 2525 4863 ὀ
2556 4829 2645 4863 του
2712 4815 2862 4880 Ιησου
2911 4812 3051 4880 βίος,
3084 4829 3199 4874 πως
3228 4811 3457 4876 ευλὸγως
3489 4812 3552 4864 ἀν
3581 4828 3663 4887 τις
3695 4811 3854 4863 αυτὸν
3888 4830 3958 4882 τη

2406 4902 2719 4970 προαιρέσει
2763 4901 2869 4951 τῶν
2921 4904 3127 4971 γοήτων
3179 4901 3499 4972 παραϐάλοι,
3561 4903 3654 4953 καὶ
3713 4902 3784 4970 μὴ
3837 4920 3941 4954 κατ

2405 4988 2728 5053 ἐπαγγελίαν
2761 4988 2851 5039 τοῦ
2874 4988 3001 5039 Θεὸν
3024 4986 3156 5042 εἶναι
3181 4990 3420 5054 πιστεύοι
3437 4989 3545 5058 (28)
3565 4992 3618 5041 ὲν
3636 4989 3961 5060 ἀνθρωπίνῳ

2412 5080 2639 5144 φανέντα
2667 5080 2873 5148 σώματι
2904 5082 2985 5132 ἐπ’
3017 5083 3098 5131 εύε
3112 5082 3297 5150 ργεσία
3324 5081 3416 5132 τοῦ
3447 5081 3631 5148 γένους
3657 5081 3843 5150 ήμῶν;

2479 5169 2627 5222 Μετά
2658 5170 2822 5220 ταῦτα
2857 5169 3037 5238 φύρων
3071 5171 3155 5220 τὸν
3188 5170 3341 5235 λόγον
3371 5170 3461 5221 καὶ
3481 5170 3547 5220 τὰ
3573 5168 3674 5219 ὑπὸ
3692 5166 3959 5236 αἱρέσεώς

2409 5278 2551 5322 τινος
2603 5260 2883 5329 λεγόμενα,
2932 5260 3006 5321 ὡς
3069 5260 3218 5311 κοινὰ
3248 5260 3583 5327 Χριστιανῶν
3638 5261 3956 5328 ἐγκλήματα

2480 5415 2590 5482 (27)
2634 5414 3037 5482 Ἐπαγόμενοᾳ
3091 5412 3238 5482 llanc
3285 5428 3466 5482 vocem
3501 5414 3549 5465 in
3592 5424 3743 5467 antea
3792 5414 3953 5467 editis

2406 5484 2661 5535 omissam
2692 5481 2926 5535 restituit
2956 5484 3116 5536 codex
3146 5481 3405 5535 Julianus.
3436 5481 3553 5535 Mox
3580 5497 3770 5535 omnes
3788 5497 3950 5545 mss,

2406 5550 2781 5631 ﬁd‘Y‘t‘thSpEva
2808 5551 3003 5614 καλῶς.
3040 5551 3195 5604 Libb.
3224 5552 3349 5606 editi
3380 5564 3476 5618 pro
3519 5551 3693 5612 καλῶς
3754 5553 3954 5603 habent

2405 5634 2604 5669 καΑων.

2478 5682 2848 5758 (έὸλβιιὶεισ
2896 5689 3270 5758 scribendum_
3296 5688 3523 5749 videtur,
3562 5687 3659 5758 καὶ
3714 5688 3788 5758 μὴ
3829 5684 3953 5740 κατ’

2406 5756 2728 5823 ἐπαγγελίαν
2760 5756 2851 5808 τοῦ
2886 5755 3039 5821 Θεοῦ,
3064 5758 3192 5810 Θεὸν
3223 5754 3357 5810 εἶναι
3384 5757 3644 5812 πιστεύοι.
