  <div class='ocr_page' id='page_1' title='image "/cluster/home/n/w/nwhite01/storage/ocr_20150623/11/pst.000005711918/414.png"; bbox 0 0 4096 6304; ppageno 0'>
   <div class='ocr_carea' id='block_1_1' title="bbox 286 476 390 532">
    <p class='ocr_par' dir='ltr' id='par_1_1' title="bbox 286 476 390 532">
     <span class='ocr_line' id='line_1_1' title="bbox 286 476 390 532; baseline -0.01 0"><span class='ocrx_word' id='word_1_1' title='bbox 286 476 390 532; x_wconf 75' lang='lat'><strong>789</strong></span> 
     </span>
    </p>
   </div>
   <div class='ocr_carea' id='block_1_2' title="bbox 1464 473 2323 531">
    <p class='ocr_par' dir='ltr' id='par_1_2' title="bbox 1464 473 2323 531">
     <span class='ocr_line' id='line_1_2' title="bbox 1464 473 2323 531; baseline -0.003 0"><span class='ocrx_word' id='word_1_2' title='bbox 1464 473 1738 531; x_wconf 74' lang='lat' dir='ltr'><strong>CO&#39;NI‘RA</strong></span> <span class='ocrx_word' id='word_1_3' title='bbox 1776 475 2048 530; x_wconf 79' lang='lat' dir='ltr'><strong>CELSUM</strong></span> <span class='ocrx_word' id='word_1_4' title='bbox 2078 475 2206 531; x_wconf 86' lang='lat' dir='ltr'><strong>LIB.</strong></span> <span class='ocrx_word' id='word_1_5' title='bbox 2248 476 2288 530; x_wconf 81' lang='grc' dir='ltr'><strong>Ι.</strong></span> <span class='ocrx_word' id='word_1_6' title='bbox 2320 478 2323 479; x_wconf 62' lang='grc'><strong><em>⁷</em></strong></span> 
     </span>
    </p>
   </div>
   <div class='ocr_carea' id='block_1_3' title="bbox 3357 471 3462 528">
    <p class='ocr_par' dir='ltr' id='par_1_3' title="bbox 3357 471 3462 528">
     <span class='ocr_line' id='line_1_3' title="bbox 3357 471 3462 528; baseline 0.019 -1"><span class='ocrx_word' id='word_1_7' title='bbox 3357 471 3462 528; x_wconf 72' lang='lat'><strong>790</strong></span> 
     </span>
    </p>
   </div>
   <div class='ocr_carea' id='block_1_4' title="bbox 287 584 1812 658">
    <p class='ocr_par' dir='ltr' id='par_1_4' title="bbox 287 584 1807 658">
     <span class='ocr_line' id='line_1_4' title="bbox 287 584 1807 658; baseline 0.001 -19"><span class='ocrx_word' id='word_1_8' title='bbox 287 589 420 640; x_wconf 74' lang='grc' dir='ltr'>πᾶσι</span> <span class='ocrx_word' id='word_1_9' title='bbox 444 589 554 650; x_wconf 81' lang='grc' dir='ltr'>τοῖς</span> <span class='ocrx_word' id='word_1_10' title='bbox 576 587 680 640; x_wconf 76' lang='grc' dir='ltr'><strong>ἀπὸ</strong></span> <span class='ocrx_word' id='word_1_11' title='bbox 707 584 799 639; x_wconf 78' lang='grc' dir='ltr'>τοῦ</span> <span class='ocrx_word' id='word_1_12' title='bbox 819 585 962 640; x_wconf 79' lang='grc' dir='ltr'>θείου</span> <span class='ocrx_word' id='word_1_13' title='bbox 997 587 1282 658; x_wconf 78' lang='grc' dir='ltr'><strong>προσάγων</strong></span> <span class='ocrx_word' id='word_1_14' title='bbox 1314 585 1492 653; x_wconf 84' lang='grc' dir='ltr'><strong>λόγου,</strong></span> <span class='ocrx_word' id='word_1_15' title='bbox 1525 587 1684 656; x_wconf 72' lang='grc' dir='ltr'>φησιν</span> <span class='ocrx_word' id='word_1_16' title='bbox 1704 627 1719 650; x_wconf 93' lang='grc'><strong>,</strong></span> <span class='ocrx_word' id='word_1_17' title='bbox 1751 588 1807 640; x_wconf 82' lang='grc' dir='ltr'><strong>ὅτ</strong></span> 
     </span>
    </p>
   </div>
   <div class='ocr_carea' id='block_1_5' title="bbox 1914 584 3461 658">
    <p class='ocr_par' dir='ltr' id='par_1_5' title="bbox 1931 586 3461 656">
     <span class='ocr_line' id='line_1_5' title="bbox 1931 586 3461 656; baseline 0 -15"><span class='ocrx_word' id='word_1_18' title='bbox 1931 588 2234 642; x_wconf 76' lang='lat' dir='ltr'><strong>doctrinam</strong></span> <span class='ocrx_word' id='word_1_19' title='bbox 2265 587 2698 642; x_wconf 76' lang='lat' dir='ltr'><strong>consectantibus</strong></span> <span class='ocrx_word' id='word_1_20' title='bbox 2740 598 2798 642; x_wconf 91' lang='lat' dir='ltr'><strong>ut</strong></span> <span class='ocrx_word' id='word_1_21' title='bbox 2834 587 3140 643; x_wconf 86' lang='lat' dir='ltr'><strong>communia</strong></span> <span class='ocrx_word' id='word_1_22' title='bbox 3181 586 3461 656; x_wconf 82' lang='lat' dir='ltr'><strong>objiciens.</strong></span> 
     </span>
    </p>
   </div>
   <div class='ocr_carea' id='block_1_6' title="bbox 293 669 1819 747">
    <p class='ocr_par' dir='ltr' id='par_1_6' title="bbox 293 669 1819 747">
     <span class='ocr_line' id='line_1_6' title="bbox 293 669 1819 747; baseline -0.001 -18"><span class='ocrx_word' id='word_1_23' title='bbox 293 697 313 729; x_wconf 73' lang='grc' dir='ltr'><strong>ι</strong></span> <span class='ocrx_word' id='word_1_24' title='bbox 343 675 476 729; x_wconf 83' lang='grc' dir='ltr'><strong>Θεοῦ</strong></span> <span class='ocrx_word' id='word_1_25' title='bbox 521 676 619 728; x_wconf 81' lang='grc' dir='ltr'><strong>οὐκ</strong></span> <span class='ocrx_word' id='word_1_26' title='bbox 665 675 729 729; x_wconf 82' lang='grc' dir='ltr'><strong>ἂν</strong></span> <span class='ocrx_word' id='word_1_27' title='bbox 769 678 852 747; x_wconf 79' lang='grc' dir='ltr'>εἴη</span> <span class='ocrx_word' id='word_1_28' title='bbox 901 675 1134 728; x_wconf 79' lang='grc' dir='ltr'>τοιοῦτον</span> <span class='ocrx_word' id='word_1_29' title='bbox 1173 675 1361 745; x_wconf 81' lang='grc' dir='ltr'>σῶμα,</span> <span class='ocrx_word' id='word_1_30' title='bbox 1395 669 1504 729; x_wconf 76' lang='grc' dir='ltr'>οἷον</span> <span class='ocrx_word' id='word_1_31' title='bbox 1546 676 1604 728; x_wconf 81' lang='grc' dir='ltr'>τὸ</span> <span class='ocrx_word' id='word_1_32' title='bbox 1644 677 1754 730; x_wconf 89' lang='grc' dir='ltr'>σόν.</span> <span class='ocrx_word' id='word_1_33' title='bbox 1801 695 1819 727; x_wconf 70' lang='grc' dir='ltr'><strong>ι</strong></span> 
     </span>
    </p>
   </div>
   <div class='ocr_carea' id='block_1_7' title="bbox 299 763 1827 836">
    <p class='ocr_par' dir='ltr' id='par_1_7' title="bbox 299 763 1827 836">
     <span class='ocr_line' id='line_1_7' title="bbox 299 763 1827 836; baseline 0 -18"><span class='ocrx_word' id='word_1_34' title='bbox 299 765 434 818; x_wconf 79' lang='grc' dir='ltr'>Ἀλλ’</span> <span class='ocrx_word' id='word_1_35' title='bbox 474 767 634 835; x_wconf 72' lang='grc' dir='ltr'>ἡμεῖς</span> <span class='ocrx_word' id='word_1_36' title='bbox 676 767 809 836; x_wconf 85' lang='grc' dir='ltr'>πρὸς</span> <span class='ocrx_word' id='word_1_37' title='bbox 838 763 1026 828; x_wconf 82' lang='grc' dir='ltr'>ταῦτα,</span> <span class='ocrx_word' id='word_1_38' title='bbox 1062 763 1218 835; x_wconf 82' lang='grc' dir='ltr'>σῶμα</span> <span class='ocrx_word' id='word_1_39' title='bbox 1247 765 1404 818; x_wconf 78' lang='grc' dir='ltr'>αὑτὸν</span> <span class='ocrx_word' id='word_1_40' title='bbox 1438 765 1660 834; x_wconf 83' lang='grc' dir='ltr'>λέγομεν</span> <span class='ocrx_word' id='word_1_41' title='bbox 1687 767 1827 819; x_wconf 87' lang='grc' dir='ltr'>ἀνει-</span> 
     </span>
    </p>
   </div>
   <div class='ocr_carea' id='block_1_8' title="bbox 285 853 1828 925">
    <p class='ocr_par' dir='ltr' id='par_1_8' title="bbox 285 853 1828 925">
     <span class='ocr_line' id='line_1_8' title="bbox 285 853 1828 925; baseline 0 -18"><span class='ocrx_word' id='word_1_42' title='bbox 285 855 533 925; x_wconf 77' lang='grc' dir='ltr'>ληφέναι,</span> <span class='ocrx_word' id='word_1_43' title='bbox 566 854 640 918; x_wconf 82' lang='grc' dir='ltr'><strong>ὡς</strong></span> <span class='ocrx_word' id='word_1_44' title='bbox 669 856 774 907; x_wconf 80' lang='grc' dir='ltr'><strong>ἀπὸ</strong></span> <span class='ocrx_word' id='word_1_45' title='bbox 797 853 1032 925; x_wconf 82' lang='grc' dir='ltr'>θηλείας,</span> <span class='ocrx_word' id='word_1_46' title='bbox 1055 853 1134 923; x_wconf 82' lang='grc' dir='ltr'>τῷ</span> <span class='ocrx_word' id='word_1_47' title='bbox 1167 854 1262 924; x_wconf 84' lang='grc' dir='ltr'><strong>βίῳ</strong></span> <span class='ocrx_word' id='word_1_48' title='bbox 1288 854 1713 924; x_wconf 83' lang='grc' dir='ltr'>ἐπιδημήσαντα,</span> <span class='ocrx_word' id='word_1_49' title='bbox 1743 855 1828 907; x_wconf 87' lang='grc' dir='ltr'><strong>ἀν-</strong></span> 
     </span>
    </p>
   </div>
   <div class='ocr_carea' id='block_1_9' title="bbox 286 934 1853 1014">
    <p class='ocr_par' dir='ltr' id='par_1_9' title="bbox 286 934 1853 1014">
     <span class='ocr_line' id='line_1_9' title="bbox 286 934 1853 1014; baseline 0.002 -18"><span class='ocrx_word' id='word_1_50' title='bbox 286 945 585 1014; x_wconf 83' lang='grc' dir='ltr'>θρώπινον,</span> <span class='ocrx_word' id='word_1_51' title='bbox 632 947 726 998; x_wconf 59' lang='grc' dir='ltr'><strong>καὶ⁵</strong></span> <span class='ocrx_word' id='word_1_52' title='bbox 771 945 992 998; x_wconf 88' lang='grc' dir='ltr'>θανάτου</span> <span class='ocrx_word' id='word_1_53' title='bbox 1038 944 1372 1013; x_wconf 82' lang='grc' dir='ltr'>ἀνθρωπίνου</span> <span class='ocrx_word' id='word_1_54' title='bbox 1416 944 1522 1014; x_wconf 72' lang='grc'><strong>(29)</strong></span> <span class='ocrx_word' id='word_1_55' title='bbox 1564 934 1853 999; x_wconf 41' lang='grc' dir='ltr'>δεκτικόν(</span> 
     </span>
    </p>
   </div>
   <div class='ocr_carea' id='block_1_10' title="bbox 284 1033 1825 1106">
    <p class='ocr_par' dir='ltr' id='par_1_10' title="bbox 284 1033 1825 1106">
     <span class='ocr_line' id='line_1_10' title="bbox 284 1033 1825 1106; baseline -0.001 -19"><span class='ocrx_word' id='word_1_56' title='bbox 284 1035 374 1088; x_wconf 77' lang='grc' dir='ltr'>Διὸ</span> <span class='ocrx_word' id='word_1_57' title='bbox 422 1037 554 1106; x_wconf 73' lang='grc' dir='ltr'>πρὸς</span> <span class='ocrx_word' id='word_1_58' title='bbox 605 1040 713 1098; x_wconf 88' lang='grc' dir='ltr'>τοῖς</span> <span class='ocrx_word' id='word_1_59' title='bbox 751 1036 925 1099; x_wconf 81' lang='grc' dir='ltr'>ἄλλοις</span> <span class='ocrx_word' id='word_1_60' title='bbox 970 1036 1061 1088; x_wconf 79' lang='grc' dir='ltr'><strong>καὶ</strong></span> <span class='ocrx_word' id='word_1_61' title='bbox 1103 1035 1272 1103; x_wconf 85' lang='grc' dir='ltr'>μέγαν</span> <span class='ocrx_word' id='word_1_62' title='bbox 1312 1035 1607 1104; x_wconf 78' lang='grc' dir='ltr'>ἀγωνιστὴν</span> <span class='ocrx_word' id='word_1_63' title='bbox 1668 1033 1825 1087; x_wconf 81' lang='grc' dir='ltr'>αὐτόν</span> 
     </span>
    </p>
   </div>
   <div class='ocr_carea' id='block_1_11' title="bbox 285 1122 1828 1194">
    <p class='ocr_par' dir='ltr' id='par_1_11' title="bbox 285 1122 1828 1194">
     <span class='ocr_line' id='line_1_11' title="bbox 285 1122 1828 1194; baseline -0.001 -18"><span class='ocrx_word' id='word_1_64' title='bbox 285 1141 458 1193; x_wconf 80' lang='grc' dir='ltr'>φαμεν</span> <span class='ocrx_word' id='word_1_65' title='bbox 495 1127 788 1194; x_wconf 76' lang='grc' dir='ltr'>γεγονέναι,</span> <span class='ocrx_word' id='word_1_66' title='bbox 818 1124 902 1178; x_wconf 83' lang='grc' dir='ltr'><strong>διὰ</strong></span> <span class='ocrx_word' id='word_1_67' title='bbox 933 1125 992 1176; x_wconf 74' lang='grc' dir='ltr'><strong>τὸ</strong></span> <span class='ocrx_word' id='word_1_68' title='bbox 1021 1122 1350 1193; x_wconf 84' lang='grc' dir='ltr'>ἀνθρώπινον</span> <span class='ocrx_word' id='word_1_69' title='bbox 1381 1123 1554 1192; x_wconf 78' lang='grc' dir='ltr'>σῶμα,</span> <span class='ocrx_word' id='word_1_70' title='bbox 1595 1141 1612 1172; x_wconf 78' lang='grc' dir='ltr'><strong>ι</strong></span> <span class='ocrx_word' id='word_1_71' title='bbox 1641 1139 1828 1175; x_wconf 86' lang='grc' dir='ltr'>πεπει-</span> 
     </span>
    </p>
   </div>
   <div class='ocr_carea' id='block_1_12' title="bbox 285 1214 1828 1286">
    <p class='ocr_par' dir='ltr' id='par_1_12' title="bbox 285 1214 1828 1286">
     <span class='ocr_line' id='line_1_12' title="bbox 285 1214 1828 1286; baseline 0.002 -20"><span class='ocrx_word' id='word_1_72' title='bbox 285 1215 551 1285; x_wconf 82' lang='grc' dir='ltr'>ρασμένον</span> <span class='ocrx_word' id='word_1_73' title='bbox 597 1234 617 1267; x_wconf 74' lang='grc' dir='ltr'><strong>ι</strong></span> <span class='ocrx_word' id='word_1_74' title='bbox 673 1217 770 1286; x_wconf 81' lang='grc' dir='ltr'><strong>μὲν</strong></span> <span class='ocrx_word' id='word_1_75' title='bbox 819 1216 1015 1286; x_wconf 74' lang='grc' dir='ltr'>ὁμοίως</span> <span class='ocrx_word' id='word_1_76' title='bbox 1057 1217 1220 1267; x_wconf 84' lang='grc' dir='ltr'>πᾶσιν</span> <span class='ocrx_word' id='word_1_77' title='bbox 1276 1214 1574 1284; x_wconf 83' lang='grc' dir='ltr'>ἀνθρώποις</span> <span class='ocrx_word' id='word_1_78' title='bbox 1621 1235 1641 1268; x_wconf 70' lang='grc' dir='ltr'><strong>ι</strong></span> <span class='ocrx_word' id='word_1_79' title='bbox 1688 1216 1828 1270; x_wconf 83' lang='grc' dir='ltr'>κατά</span> 
     </span>
    </p>
   </div>
   <div class='ocr_carea' id='block_1_13' title="bbox 284 1304 1821 1376">
    <p class='ocr_par' dir='ltr' id='par_1_13' title="bbox 284 1304 1821 1376">
     <span class='ocr_line' id='line_1_13' title="bbox 284 1304 1821 1376; baseline 0.003 -22"><span class='ocrx_word' id='word_1_80' title='bbox 284 1304 457 1357; x_wconf 82' lang='grc' dir='ltr'>πάντα</span> <span class='ocrx_word' id='word_1_81' title='bbox 483 1344 497 1368; x_wconf 94' lang='grc'><strong>,</strong></span> <span class='ocrx_word' id='word_1_82' title='bbox 552 1325 570 1356; x_wconf 73' lang='grc' dir='ltr'><strong>ι</strong></span> <span class='ocrx_word' id='word_1_83' title='bbox 612 1307 790 1359; x_wconf 78' lang='grc' dir='ltr'>οὐκέτι</span> <span class='ocrx_word' id='word_1_84' title='bbox 814 1306 880 1368; x_wconf 85' lang='grc' dir='ltr'><strong>δ’,</strong></span> <span class='ocrx_word' id='word_1_85' title='bbox 909 1304 982 1368; x_wconf 87' lang='grc' dir='ltr'><strong>ὡς</strong></span> <span class='ocrx_word' id='word_1_86' title='bbox 1012 1304 1283 1375; x_wconf 82' lang='grc' dir='ltr'>ἄνθρωποι</span> <span class='ocrx_word' id='word_1_87' title='bbox 1329 1304 1468 1374; x_wconf 73' lang='grc' dir='ltr'>μετὰ</span> <span class='ocrx_word' id='word_1_88' title='bbox 1520 1306 1821 1376; x_wconf 78' lang='grc' dir='ltr'>ἁμαρτίας,</span> 
     </span>
    </p>
   </div>
   <div class='ocr_carea' id='block_1_14' title="bbox 281 1395 1824 1468">
    <p class='ocr_par' dir='ltr' id='par_1_14' title="bbox 281 1395 1824 1468">
     <span class='ocr_line' id='line_1_14' title="bbox 281 1395 1824 1468; baseline 0.003 -20"><span class='ocrx_word' id='word_1_89' title='bbox 281 1395 415 1448; x_wconf 80' lang='grc' dir='ltr'>ἀλλὰ</span> <span class='ocrx_word' id='word_1_90' title='bbox 441 1396 615 1463; x_wconf 84' lang='grc' dir='ltr'>πάντη</span> <span class='ocrx_word' id='word_1_91' title='bbox 649 1415 668 1448; x_wconf 75' lang='lat' dir='ltr'><strong>r</strong></span> <span class='ocrx_word' id='word_1_92' title='bbox 703 1397 868 1467; x_wconf 74' lang='grc' dir='ltr'>χωρὶς</span> <span class='ocrx_word' id='word_1_93' title='bbox 902 1395 1190 1465; x_wconf 81' lang='grc' dir='ltr'>ἁμαρτίας.</span> <span class='ocrx_word' id='word_1_94' title='bbox 1238 1415 1255 1447; x_wconf 77' lang='grc' dir='ltr'><strong>ι</strong></span> <span class='ocrx_word' id='word_1_95' title='bbox 1291 1397 1511 1467; x_wconf 86' lang='grc' dir='ltr'>Τρανῶς</span> <span class='ocrx_word' id='word_1_96' title='bbox 1553 1398 1659 1468; x_wconf 82' lang='grc' dir='ltr'><strong>γάρ</strong></span> <span class='ocrx_word' id='word_1_97' title='bbox 1697 1401 1824 1468; x_wconf 85' lang='grc' dir='ltr'>ἡμῖν</span> 
     </span>
    </p>
   </div>
   <div class='ocr_carea' id='block_1_15' title="bbox 282 1485 1823 1559">
    <p class='ocr_par' dir='ltr' id='par_1_15' title="bbox 282 1485 1823 1559">
     <span class='ocr_line' id='line_1_15' title="bbox 282 1485 1823 1559; baseline 0.001 -20"><span class='ocrx_word' id='word_1_98' title='bbox 282 1485 550 1553; x_wconf 80' lang='grc' dir='ltr'>φαίνεται,</span> <span class='ocrx_word' id='word_1_99' title='bbox 581 1486 666 1538; x_wconf 83' lang='grc' dir='ltr'>ὅτι</span> <span class='ocrx_word' id='word_1_100' title='bbox 698 1504 718 1537; x_wconf 71' lang='grc' dir='ltr'><strong>ι</strong></span> <span class='ocrx_word' id='word_1_101' title='bbox 754 1486 1019 1556; x_wconf 81' lang='grc' dir='ltr'><strong>ἁμαρτίαν</strong></span> <span class='ocrx_word' id='word_1_102' title='bbox 1049 1486 1146 1547; x_wconf 75' lang='grc' dir='ltr'><strong>οὐκ</strong></span> <span class='ocrx_word' id='word_1_103' title='bbox 1175 1486 1421 1555; x_wconf 79' lang='grc' dir='ltr'>ἐποίησεν</span> <span class='ocrx_word' id='word_1_104' title='bbox 1440 1525 1453 1550; x_wconf 88' lang='grc'><strong>,</strong></span> <span class='ocrx_word' id='word_1_105' title='bbox 1481 1487 1598 1540; x_wconf 74' lang='grc' dir='ltr'>οὐδὲ</span> <span class='ocrx_word' id='word_1_106' title='bbox 1631 1489 1823 1559; x_wconf 77' lang='grc' dir='ltr'>εὑρέθη</span> 
     </span>
    </p>
   </div>
   <div class='ocr_carea' id='block_1_16' title="bbox 283 1577 1824 1647">
    <p class='ocr_par' dir='ltr' id='par_1_16' title="bbox 283 1577 1824 1647">
     <span class='ocr_line' id='line_1_16' title="bbox 283 1577 1824 1647; baseline 0.003 -19"><span class='ocrx_word' id='word_1_107' title='bbox 283 1577 432 1640; x_wconf 81' lang='grc' dir='ltr'><strong>δόλος</strong></span> <span class='ocrx_word' id='word_1_108' title='bbox 459 1580 517 1631; x_wconf 82' lang='grc' dir='ltr'>ὲν</span> <span class='ocrx_word' id='word_1_109' title='bbox 545 1577 620 1646; x_wconf 83' lang='grc' dir='ltr'>τῷ</span> <span class='ocrx_word' id='word_1_110' title='bbox 653 1578 879 1647; x_wconf 87' lang='grc' dir='ltr'>στόματι</span> <span class='ocrx_word' id='word_1_111' title='bbox 907 1577 1089 1630; x_wconf 77' lang='grc' dir='ltr'>αὑτοῦ·</span> <span class='ocrx_word' id='word_1_112' title='bbox 1124 1597 1144 1630; x_wconf 72' lang='grc' dir='ltr'><strong>ι</strong></span> <span class='ocrx_word' id='word_1_113' title='bbox 1173 1579 1265 1630; x_wconf 75' lang='grc' dir='ltr'><strong>καὶ</strong></span> <span class='ocrx_word' id='word_1_114' title='bbox 1296 1597 1312 1628; x_wconf 78' lang='grc' dir='ltr'><strong>ι</strong></span> <span class='ocrx_word' id='word_1_115' title='bbox 1345 1578 1416 1647; x_wconf 83' lang='grc' dir='ltr'>μὴ</span> <span class='ocrx_word' id='word_1_116' title='bbox 1444 1580 1634 1646; x_wconf 79' lang='grc' dir='ltr'>γνόντα</span> <span class='ocrx_word' id='word_1_117' title='bbox 1666 1581 1824 1632; x_wconf 76' lang='grc' dir='ltr'>αὐτὸν</span> 
     </span>
    </p>
   </div>
   <div class='ocr_carea' id='block_1_17' title="bbox 278 1664 1823 1738">
    <p class='ocr_par' dir='ltr' id='par_1_17' title="bbox 278 1664 1823 1738">
     <span class='ocr_line' id='line_1_17' title="bbox 278 1664 1823 1738; baseline 0.001 -21"><span class='ocrx_word' id='word_1_118' title='bbox 278 1666 568 1736; x_wconf 75' lang='grc' dir='ltr'>ἁμαρτίαν,</span> <span class='ocrx_word' id='word_1_119' title='bbox 595 1687 612 1716; x_wconf 76' lang='grc' dir='ltr'><strong>ι</strong></span> <span class='ocrx_word' id='word_1_120' title='bbox 634 1667 708 1730; x_wconf 85' lang='grc' dir='ltr'><strong>ὠς</strong></span> <span class='ocrx_word' id='word_1_121' title='bbox 737 1664 970 1736; x_wconf 77' lang='grc' dir='ltr'>καθαρὸν</span> <span class='ocrx_word' id='word_1_122' title='bbox 987 1667 1420 1738; x_wconf 77' lang='grc' dir='ltr'>(50).παρέδωκεν</span> <span class='ocrx_word' id='word_1_123' title='bbox 1450 1667 1586 1738; x_wconf 82' lang='grc' dir='ltr'>ὑπὲρ</span> <span class='ocrx_word' id='word_1_124' title='bbox 1611 1667 1823 1720; x_wconf 78' lang='grc' dir='ltr'>πάντων</span> 
     </span>
    </p>
   </div>
   <div class='ocr_carea' id='block_1_18' title="bbox 278 1751 1823 1824">
    <p class='ocr_par' dir='ltr' id='par_1_18' title="bbox 278 1751 1823 1824">
     <span class='ocr_line' id='line_1_18' title="bbox 278 1751 1823 1824; baseline 0 -18"><span class='ocrx_word' id='word_1_125' title='bbox 278 1755 385 1806; x_wconf 79' lang='grc' dir='ltr'><strong>τῶν</strong></span> <span class='ocrx_word' id='word_1_126' title='bbox 397 1755 786 1824; x_wconf 80' lang='grc' dir='ltr'>ἡμαρτηκότων</span> <span class='ocrx_word' id='word_1_127' title='bbox 799 1758 826 1809; x_wconf 89' lang='lat'><strong>6</strong></span> <span class='ocrx_word' id='word_1_128' title='bbox 839 1755 984 1818; x_wconf 82' lang='grc' dir='ltr'>Θεός.</span> <span class='ocrx_word' id='word_1_129' title='bbox 998 1751 1130 1808; x_wconf 75' lang='grc' dir='ltr'>Εἶτα</span> <span class='ocrx_word' id='word_1_130' title='bbox 1144 1757 1172 1808; x_wconf 89' lang='lat'><strong>6</strong></span> <span class='ocrx_word' id='word_1_131' title='bbox 1182 1754 1383 1817; x_wconf 79' lang='grc' dir='ltr'><strong>Κέλσος·</strong></span> <span class='ocrx_word' id='word_1_132' title='bbox 1396 1771 1467 1823; x_wconf 75' lang='grc' dir='ltr'><strong>φη</strong></span> <span class='ocrx_word' id='word_1_133' title='bbox 1475 1755 1573 1817; x_wconf 79' lang='grc' dir='ltr'>σὶν,</span> <span class='ocrx_word' id='word_1_134' title='bbox 1587 1756 1665 1807; x_wconf 79' lang='grc' dir='ltr'><strong>ὅτι</strong></span> <span class='ocrx_word' id='word_1_135' title='bbox 1692 1774 1708 1806; x_wconf 72' lang='grc' dir='ltr'>ε</span> <span class='ocrx_word' id='word_1_136' title='bbox 1727 1756 1823 1807; x_wconf 80' lang='grc' dir='ltr'><strong>οὐκ</strong></span> 
     </span>
    </p>
   </div>
   <div class='ocr_carea' id='block_1_19' title="bbox 277 1843 1820 1919">
    <p class='ocr_par' dir='ltr' id='par_1_19' title="bbox 277 1843 1820 1919">
     <span class='ocr_line' id='line_1_19' title="bbox 277 1843 1820 1919; baseline 0.001 -21"><span class='ocrx_word' id='word_1_137' title='bbox 277 1844 345 1899; x_wconf 72' lang='grc' dir='ltr'><strong>ἂν</strong></span> <span class='ocrx_word' id='word_1_138' title='bbox 375 1847 461 1915; x_wconf 73' lang='grc' dir='ltr'><strong>εἴη</strong></span> <span class='ocrx_word' id='word_1_139' title='bbox 483 1847 615 1902; x_wconf 86' lang='grc' dir='ltr'><strong>Θεοῦ</strong></span> <span class='ocrx_word' id='word_1_140' title='bbox 651 1848 807 1919; x_wconf 81' lang='grc' dir='ltr'>σῶμα</span> <span class='ocrx_word' id='word_1_141' title='bbox 830 1848 888 1902; x_wconf 82' lang='grc' dir='ltr'>τὸ</span> <span class='ocrx_word' id='word_1_142' title='bbox 915 1847 1054 1901; x_wconf 77' lang='grc' dir='ltr'>οὕτω</span> <span class='ocrx_word' id='word_1_143' title='bbox 1078 1848 1299 1918; x_wconf 79' lang='grc' dir='ltr'>σπαρὲν,</span> <span class='ocrx_word' id='word_1_144' title='bbox 1338 1848 1411 1910; x_wconf 81' lang='grc' dir='ltr'><strong>ὡς</strong></span> <span class='ocrx_word' id='word_1_145' title='bbox 1440 1852 1523 1914; x_wconf 83' lang='grc' dir='ltr'><strong>σὺ,</strong></span> <span class='ocrx_word' id='word_1_146' title='bbox 1554 1843 1597 1900; x_wconf 83' lang='grc' dir='ltr'><strong>ὦ</strong></span> <span class='ocrx_word' id='word_1_147' title='bbox 1630 1848 1820 1917; x_wconf 79' lang='grc' dir='ltr'>Ἰησοῦ,</span> 
     </span>
    </p>
   </div>
   <div class='ocr_carea' id='block_1_20' title="bbox 278 1935 1816 2008">
    <p class='ocr_par' dir='ltr' id='par_1_20' title="bbox 278 1935 1816 2008">
     <span class='ocr_line' id='line_1_20' title="bbox 278 1935 1816 2008; baseline 0.003 -22"><span class='ocrx_word' id='word_1_148' title='bbox 278 1935 540 2007; x_wconf 77' lang='grc' dir='ltr'>ὲσπάρης.</span> <span class='ocrx_word' id='word_1_149' title='bbox 588 1956 606 1988; x_wconf 74' lang='grc' dir='ltr'><strong>ι</strong></span> <span class='ocrx_word' id='word_1_150' title='bbox 659 1938 802 2008; x_wconf 81' lang='grc' dir='ltr'>Πλὴν</span> <span class='ocrx_word' id='word_1_151' title='bbox 837 1938 1100 2001; x_wconf 85' lang='grc' dir='ltr'>ὑπείδετο,</span> <span class='ocrx_word' id='word_1_152' title='bbox 1127 1939 1208 1991; x_wconf 87' lang='grc' dir='ltr'>ὅτι</span> <span class='ocrx_word' id='word_1_153' title='bbox 1259 1940 1305 1991; x_wconf 87' lang='grc' dir='ltr'><strong>εί</strong></span> <span class='ocrx_word' id='word_1_154' title='bbox 1355 1939 1449 2004; x_wconf 83' lang='grc' dir='ltr'><strong>(ὡς</strong></span> <span class='ocrx_word' id='word_1_155' title='bbox 1495 1939 1816 2008; x_wconf 86' lang='grc' dir='ltr'>γέγραπται)</span> 
     </span>
    </p>
   </div>
   <div class='ocr_carea' id='block_1_21' title="bbox 277 2019 1820 2095">
    <p class='ocr_par' dir='ltr' id='par_1_21' title="bbox 277 2019 1820 2095">
     <span class='ocr_line' id='line_1_21' title="bbox 277 2019 1820 2095; baseline 0.003 -21"><span class='ocrx_word' id='word_1_156' title='bbox 277 2023 567 2095; x_wconf 81' lang='grc' dir='ltr'>γεγέννητο</span> <span class='ocrx_word' id='word_1_157' title='bbox 591 2064 605 2088; x_wconf 91' lang='grc'><strong>,</strong></span> <span class='ocrx_word' id='word_1_158' title='bbox 665 2024 882 2079; x_wconf 76' lang='grc' dir='ltr'>δύναταί</span> <span class='ocrx_word' id='word_1_159' title='bbox 915 2042 1031 2088; x_wconf 61' lang='grc' dir='ltr'>’παυς</span> <span class='ocrx_word' id='word_1_160' title='bbox 1059 2019 1195 2078; x_wconf 74' lang='grc' dir='ltr'>εἶναι</span> <span class='ocrx_word' id='word_1_161' title='bbox 1227 2025 1286 2078; x_wconf 84' lang='grc' dir='ltr'><strong>τὸ</strong></span> <span class='ocrx_word' id='word_1_162' title='bbox 1325 2025 1478 2094; x_wconf 81' lang='grc' dir='ltr'>σῶμα</span> <span class='ocrx_word' id='word_1_163' title='bbox 1522 2025 1682 2078; x_wconf 78' lang='grc' dir='ltr'>αὑτοῦ</span> <span class='ocrx_word' id='word_1_164' title='bbox 1729 2028 1820 2079; x_wconf 77' lang='grc' dir='ltr'>καὶ</span> 
     </span>
    </p>
   </div>
   <div class='ocr_carea' id='block_1_22' title="bbox 277 2110 1821 2187">
    <p class='ocr_par' dir='ltr' id='par_1_22' title="bbox 277 2110 1821 2187">
     <span class='ocr_line' id='line_1_22' title="bbox 277 2110 1821 2187; baseline 0.003 -22"><span class='ocrx_word' id='word_1_165' title='bbox 277 2110 542 2183; x_wconf 82' lang='grc' dir='ltr'>θειότερον</span> <span class='ocrx_word' id='word_1_166' title='bbox 575 2114 723 2186; x_wconf 78' lang='grc' dir='ltr'>παρὰ</span> <span class='ocrx_word' id='word_1_167' title='bbox 749 2115 859 2179; x_wconf 83' lang='grc' dir='ltr'>τοῖς</span> <span class='ocrx_word' id='word_1_168' title='bbox 893 2115 1100 2179; x_wconf 82' lang='grc' dir='ltr'>πολλοῖς</span> <span class='ocrx_word' id='word_1_169' title='bbox 1147 2115 1280 2185; x_wconf 80' lang='grc'>(51),</span> <span class='ocrx_word' id='word_1_170' title='bbox 1313 2118 1405 2169; x_wconf 74' lang='grc' dir='ltr'><strong>καὶ</strong></span> <span class='ocrx_word' id='word_1_171' title='bbox 1447 2117 1585 2169; x_wconf 85' lang='grc' dir='ltr'>κατά</span> <span class='ocrx_word' id='word_1_172' title='bbox 1625 2134 1674 2169; x_wconf 89' lang='grc' dir='ltr'><strong>τι</strong></span> <span class='ocrx_word' id='word_1_173' title='bbox 1727 2134 1821 2187; x_wconf 79' lang='grc' dir='ltr'><strong>ση-</strong></span> 
     </span>
    </p>
   </div>
   <div class='ocr_carea' id='block_1_23' title="bbox 279 2187 1821 2274">
    <p class='ocr_par' dir='ltr' id='par_1_23' title="bbox 279 2187 1821 2274">
     <span class='ocr_line' id='line_1_23' title="bbox 279 2187 1821 2274; baseline 0.006 -24"><span class='ocrx_word' id='word_1_174' title='bbox 279 2199 599 2269; x_wconf 82' lang='grc' dir='ltr'>μαινόμενον</span> <span class='ocrx_word' id='word_1_175' title='bbox 629 2200 762 2254; x_wconf 77' lang='grc' dir='ltr'>Θεοῦ</span> <span class='ocrx_word' id='word_1_176' title='bbox 780 2187 971 2274; x_wconf 76' lang='grc' dir='ltr'>σῶμα.</span> <span class='ocrx_word' id='word_1_177' title='bbox 1009 2203 1162 2258; x_wconf 75' lang='grc' dir='ltr'>Ἀλλὰ</span> <span class='ocrx_word' id='word_1_178' title='bbox 1191 2203 1296 2274; x_wconf 83' lang='grc' dir='ltr'><strong>γὰρ</strong></span> <span class='ocrx_word' id='word_1_179' title='bbox 1331 2206 1543 2258; x_wconf 82' lang='grc' dir='ltr'>ἀπιστεῖ</span> <span class='ocrx_word' id='word_1_180' title='bbox 1573 2210 1679 2269; x_wconf 85' lang='grc' dir='ltr'>τοῖς</span> <span class='ocrx_word' id='word_1_181' title='bbox 1702 2208 1821 2260; x_wconf 84' lang='grc' dir='ltr'>ἀνα-</span> 
     </span>
    </p>
   </div>
   <div class='ocr_carea' id='block_1_24' title="bbox 274 2287 1820 2364">
    <p class='ocr_par' dir='ltr' id='par_1_24' title="bbox 274 2287 1820 2364">
     <span class='ocr_line' id='line_1_24' title="bbox 274 2287 1820 2364; baseline 0.008 -29"><span class='ocrx_word' id='word_1_182' title='bbox 274 2287 530 2351; x_wconf 70' lang='grc' dir='ltr'>τραφεῖσι</span> <span class='ocrx_word' id='word_1_183' title='bbox 565 2287 815 2357; x_wconf 78' lang='grc' dir='ltr'>περὶτῆς</span> <span class='ocrx_word' id='word_1_184' title='bbox 864 2289 920 2354; x_wconf 78' lang='grc' dir='ltr'>ἐξ</span> <span class='ocrx_word' id='word_1_185' title='bbox 963 2291 1116 2358; x_wconf 86' lang='grc' dir='ltr'>ἁγίου</span> <span class='ocrx_word' id='word_1_186' title='bbox 1161 2291 1471 2360; x_wconf 79' lang='grc' dir='ltr'>Πνεύματος</span> <span class='ocrx_word' id='word_1_187' title='bbox 1516 2294 1820 2364; x_wconf 66' lang='grc' dir='ltr'>συλλήψεως</span> 
     </span>
    </p>
   </div>
   <div class='ocr_carea' id='block_1_25' title="bbox 273 2372 1820 2452">
    <p class='ocr_par' dir='ltr' id='par_1_25' title="bbox 273 2372 1820 2452">
     <span class='ocr_line' id='line_1_25' title="bbox 273 2372 1820 2452; baseline 0.008 -29"><span class='ocrx_word' id='word_1_188' title='bbox 273 2372 458 2438; x_wconf 75' lang='grc' dir='ltr'>αὑτοῦ,</span> <span class='ocrx_word' id='word_1_189' title='bbox 489 2377 580 2428; x_wconf 81' lang='grc' dir='ltr'><strong>καὶ</strong></span> <span class='ocrx_word' id='word_1_190' title='bbox 609 2375 847 2431; x_wconf 77' lang='grc' dir='ltr'>πιστὲύει</span> <span class='ocrx_word' id='word_1_191' title='bbox 873 2380 1032 2432; x_wconf 80' lang='grc' dir='ltr'>αὑτὸν</span> <span class='ocrx_word' id='word_1_192' title='bbox 1063 2380 1165 2432; x_wconf 87' lang='grc' dir='ltr'><strong>ὑπό</strong></span> <span class='ocrx_word' id='word_1_193' title='bbox 1191 2397 1330 2443; x_wconf 90' lang='grc' dir='ltr'>τινος</span> <span class='ocrx_word' id='word_1_194' title='bbox 1372 2381 1626 2452; x_wconf 78' lang='grc' dir='ltr'>Πανθήρα</span> <span class='ocrx_word' id='word_1_195' title='bbox 1674 2382 1820 2451; x_wconf 73' lang='grc' dir='ltr'>φθεί-</span> 
     </span>
    </p>
   </div>
   <div class='ocr_carea' id='block_1_26' title="bbox 277 2465 1816 2542">
    <p class='ocr_par' dir='ltr' id='par_1_26' title="bbox 277 2465 1816 2542">
     <span class='ocr_line' id='line_1_26' title="bbox 277 2465 1816 2542; baseline 0.006 -28"><span class='ocrx_word' id='word_1_196' title='bbox 277 2478 469 2531; x_wconf 85' lang='grc' dir='ltr'>ραντος</span> <span class='ocrx_word' id='word_1_197' title='bbox 496 2466 592 2534; x_wconf 83' lang='grc' dir='ltr'>τὴν</span> <span class='ocrx_word' id='word_1_198' title='bbox 620 2466 890 2536; x_wconf 77' lang='grc' dir='ltr'>Παρθένον</span> <span class='ocrx_word' id='word_1_199' title='bbox 917 2469 1182 2540; x_wconf 80' lang='grc' dir='ltr'>ὲσπάρθαι</span> <span class='ocrx_word' id='word_1_200' title='bbox 1224 2471 1358 2540; x_wconf 69' lang='grc'><strong>(52)’</strong></span> <span class='ocrx_word' id='word_1_201' title='bbox 1403 2471 1588 2542; x_wconf 80' lang='grc' dir='ltr'><strong>διόπερ</strong></span> <span class='ocrx_word' id='word_1_202' title='bbox 1633 2465 1783 2523; x_wconf 81' lang='grc' dir='ltr'>εἶπεν</span> <span class='ocrx_word' id='word_1_203' title='bbox 1802 2513 1816 2535; x_wconf 93' lang='grc'><strong>,</strong></span> 
     </span>
    </p>
   </div>
   <div class='ocr_carea' id='block_1_27' title="bbox 272 2553 1816 2638">
    <p class='ocr_par' dir='ltr' id='par_1_27' title="bbox 272 2553 1816 2632">
     <span class='ocr_line' id='line_1_27' title="bbox 272 2553 1816 2632; baseline 0.008 -28"><span class='ocrx_word' id='word_1_204' title='bbox 272 2553 356 2606; x_wconf 81' lang='grc' dir='ltr'>ὃτι</span> <span class='ocrx_word' id='word_1_205' title='bbox 391 2573 409 2604; x_wconf 74' lang='grc' dir='ltr'><strong>ι</strong></span> <span class='ocrx_word' id='word_1_206' title='bbox 447 2557 560 2608; x_wconf 81' lang='grc' dir='ltr'>Οὐκ</span> <span class='ocrx_word' id='word_1_207' title='bbox 592 2556 655 2609; x_wconf 83' lang='grc' dir='ltr'>ἂν</span> <span class='ocrx_word' id='word_1_208' title='bbox 689 2559 773 2628; x_wconf 80' lang='grc' dir='ltr'><strong>εῑη</strong></span> <span class='ocrx_word' id='word_1_209' title='bbox 809 2558 941 2612; x_wconf 88' lang='grc' dir='ltr'><strong>Θεοῦ</strong></span> <span class='ocrx_word' id='word_1_210' title='bbox 989 2560 1143 2630; x_wconf 86' lang='grc' dir='ltr'>σῶμα</span> <span class='ocrx_word' id='word_1_211' title='bbox 1185 2561 1328 2615; x_wconf 75' lang='grc' dir='ltr'>οὕτω</span> <span class='ocrx_word' id='word_1_212' title='bbox 1376 2563 1608 2632; x_wconf 83' lang='grc' dir='ltr'>σπαρὲν,</span> <span class='ocrx_word' id='word_1_213' title='bbox 1642 2562 1716 2624; x_wconf 85' lang='grc' dir='ltr'><strong>ὡς</strong></span> <span class='ocrx_word' id='word_1_214' title='bbox 1754 2564 1816 2616; x_wconf 79' lang='grc' dir='ltr'><strong>σὺ</strong></span> 
     </span>
    </p>
   </div>
   <div class='ocr_carea' id='block_1_28' title="bbox 272 2643 1816 2726">
    <p class='ocr_par' dir='ltr' id='par_1_28' title="bbox 272 2643 1816 2726">
     <span class='ocr_line' id='line_1_28' title="bbox 272 2643 1816 2726; baseline 0.007 -30"><span class='ocrx_word' id='word_1_215' title='bbox 272 2645 537 2718; x_wconf 75' lang='grc' dir='ltr'>ὲσπάρης.</span> <span class='ocrx_word' id='word_1_216' title='bbox 579 2654 596 2698; x_wconf 67' lang='grc' dir='ltr'>ὁ</span> <span class='ocrx_word' id='word_1_217' title='bbox 644 2643 796 2704; x_wconf 75' lang='grc' dir='ltr'>Ἀλλά</span> <span class='ocrx_word' id='word_1_218' title='bbox 823 2650 927 2723; x_wconf 84' lang='grc' dir='ltr'>γὰρ</span> <span class='ocrx_word' id='word_1_219' title='bbox 963 2653 1088 2723; x_wconf 78' lang='grc' dir='ltr'>περὶ</span> <span class='ocrx_word' id='word_1_220' title='bbox 1119 2652 1318 2706; x_wconf 79' lang='grc' dir='ltr'>τούτων</span> <span class='ocrx_word' id='word_1_221' title='bbox 1351 2655 1409 2706; x_wconf 79' lang='grc' dir='ltr'><strong>ὲν</strong></span> <span class='ocrx_word' id='word_1_222' title='bbox 1436 2656 1545 2716; x_wconf 84' lang='grc' dir='ltr'>τοῖς</span> <span class='ocrx_word' id='word_1_223' title='bbox 1567 2654 1816 2726; x_wconf 80' lang='grc' dir='ltr'><strong>ἀνωτέρω</strong></span> 
     </span>
    </p>
   </div>
   <div class='ocr_carea' id='block_1_29' title="bbox 238 2735 835 2811">
    <p class='ocr_par' dir='ltr' id='par_1_29' title="bbox 238 2735 835 2811">
     <span class='ocr_line' id='line_1_29' title="bbox 238 2735 835 2811; baseline 0.017 -26"><span class='ocrx_word' id='word_1_224' title='bbox 238 2810 241 2811; x_wconf 13' lang='grc' dir='ltr'><em>ν</em></span> <span class='ocrx_word' id='word_1_225' title='bbox 270 2735 490 2789; x_wconf 77' lang='grc' dir='ltr'>πλείονα</span> <span class='ocrx_word' id='word_1_226' title='bbox 511 2739 835 2811; x_wconf 84' lang='grc' dir='ltr'>ἐίρήκαμεν.</span> 
     </span>
    </p>
   </div>
   <div class='ocr_carea' id='block_1_30' title="bbox 342 2827 1809 2907">
    <p class='ocr_par' dir='ltr' id='par_1_30' title="bbox 342 2827 1809 2907">
     <span class='ocr_line' id='line_1_30' title="bbox 342 2827 1809 2907; baseline 0.008 -29"><span class='ocrx_word' id='word_1_227' title='bbox 342 2827 567 2894; x_wconf 81' lang='grc' dir='ltr'>Λέγειδ’</span> <span class='ocrx_word' id='word_1_228' title='bbox 589 2829 674 2882; x_wconf 85' lang='grc' dir='ltr'>ὃτι</span> <span class='ocrx_word' id='word_1_229' title='bbox 707 2849 724 2882; x_wconf 78' lang='grc' dir='ltr'><strong>ι</strong></span> <span class='ocrx_word' id='word_1_230' title='bbox 763 2832 880 2885; x_wconf 76' lang='grc' dir='ltr'>οὐδὲ</span> <span class='ocrx_word' id='word_1_231' title='bbox 907 2833 1127 2888; x_wconf 78' lang='grc' dir='ltr'>τοιαῦτα</span> <span class='ocrx_word' id='word_1_232' title='bbox 1160 2838 1382 2889; x_wconf 83' lang='grc' dir='ltr'>σιτεῖται</span> <span class='ocrx_word' id='word_1_233' title='bbox 1417 2837 1572 2907; x_wconf 82' lang='grc' dir='ltr'>σῶμα</span> <span class='ocrx_word' id='word_1_234' title='bbox 1605 2838 1760 2890; x_wconf 71' lang='grc' dir='ltr'><strong>Θεοῦν</strong></span> <span class='ocrx_word' id='word_1_235' title='bbox 1791 2859 1809 2890; x_wconf 78' lang='grc' dir='ltr'><strong>ι</strong></span> 
     </span>
    </p>
   </div>
   <div class='ocr_carea' id='block_1_31' title="bbox 267 2917 1817 2997">
    <p class='ocr_par' dir='ltr' id='par_1_31' title="bbox 267 2917 1817 2997">
     <span class='ocr_line' id='line_1_31' title="bbox 267 2917 1817 2997; baseline 0.01 -29"><span class='ocrx_word' id='word_1_236' title='bbox 267 2917 348 2978; x_wconf 86' lang='grc' dir='ltr'><strong>ὡς</strong></span> <span class='ocrx_word' id='word_1_237' title='bbox 379 2917 515 2986; x_wconf 77' lang='grc' dir='ltr'>ἔχων</span> <span class='ocrx_word' id='word_1_238' title='bbox 571 2921 728 2974; x_wconf 76' lang='grc' dir='ltr'>αὑτὸν</span> <span class='ocrx_word' id='word_1_239' title='bbox 775 2926 1116 2994; x_wconf 75' lang='grc' dir='ltr'>παραστῆσαι</span> <span class='ocrx_word' id='word_1_240' title='bbox 1160 2927 1267 2980; x_wconf 83' lang='grc' dir='ltr'>ἀπὸ</span> <span class='ocrx_word' id='word_1_241' title='bbox 1311 2928 1415 2979; x_wconf 80' lang='grc' dir='ltr'><strong>τῶν</strong></span> <span class='ocrx_word' id='word_1_242' title='bbox 1457 2930 1817 2997; x_wconf 75' lang='grc' dir='ltr'>εὐαγγελικῶν</span> 
     </span>
    </p>
   </div>
   <div class='ocr_carea' id='block_1_32' title="bbox 266 3009 1815 3084">
    <p class='ocr_par' dir='ltr' id='par_1_32' title="bbox 266 3009 1815 3084">
     <span class='ocr_line' id='line_1_32' title="bbox 266 3009 1815 3084; baseline 0.008 -27"><span class='ocrx_word' id='word_1_243' title='bbox 266 3009 608 3076; x_wconf 82' lang='grc' dir='ltr'>γραμμάτων</span> <span class='ocrx_word' id='word_1_244' title='bbox 641 3011 966 3079; x_wconf 78' lang='grc' dir='ltr'>σιτούμενον,</span> <span class='ocrx_word' id='word_1_245' title='bbox 1004 3015 1097 3064; x_wconf 76' lang='grc' dir='ltr'><strong>καὶ</strong></span> <span class='ocrx_word' id='word_1_246' title='bbox 1136 3017 1262 3065; x_wconf 87' lang='grc' dir='ltr'>ποῖα</span> <span class='ocrx_word' id='word_1_247' title='bbox 1308 3016 1635 3084; x_wconf 80' lang='grc' dir='ltr'>σιτούμενον.</span> <span class='ocrx_word' id='word_1_248' title='bbox 1680 3017 1815 3070; x_wconf 85' lang='grc' dir='ltr'>Ἀλλ’</span> 
     </span>
    </p>
   </div>
   <div class='ocr_carea' id='block_1_33' title="bbox 266 3091 1815 3176">
    <p class='ocr_par' dir='ltr' id='par_1_33' title="bbox 266 3091 1815 3176">
     <span class='ocr_line' id='line_1_33' title="bbox 266 3091 1815 3176; baseline 0.01 -33"><span class='ocrx_word' id='word_1_249' title='bbox 266 3091 442 3157; x_wconf 77' lang='grc' dir='ltr'>ἔστω,</span> <span class='ocrx_word' id='word_1_250' title='bbox 476 3093 677 3162; x_wconf 84' lang='grc' dir='ltr'>λεγέτω</span> <span class='ocrx_word' id='word_1_251' title='bbox 705 3098 864 3150; x_wconf 79' lang='grc' dir='ltr'>αὐτὸν</span> <span class='ocrx_word' id='word_1_252' title='bbox 897 3098 1225 3171; x_wconf 79' lang='grc' dir='ltr'>βεϐρωκέναι</span> <span class='ocrx_word' id='word_1_253' title='bbox 1263 3102 1396 3171; x_wconf 84' lang='grc' dir='ltr'>μετὰ</span> <span class='ocrx_word' id='word_1_254' title='bbox 1426 3103 1530 3155; x_wconf 84' lang='grc' dir='ltr'><strong>τῶν</strong></span> <span class='ocrx_word' id='word_1_255' title='bbox 1563 3104 1815 3176; x_wconf 78' lang='grc' dir='ltr'>μαθητῶν</span> 
     </span>
    </p>
   </div>
   <div class='ocr_carea' id='block_1_34' title="bbox 1935 675 3462 746">
    <p class='ocr_par' dir='ltr' id='par_1_34' title="bbox 1935 675 3462 746">
     <span class='ocr_line' id='line_1_34' title="bbox 1935 675 3462 746; baseline 0.001 -19"><span class='ocrx_word' id='word_1_256' title='bbox 1935 695 1954 727; x_wconf 72' lang='grc' dir='ltr'><em>ς</em></span> <span class='ocrx_word' id='word_1_257' title='bbox 1989 677 2079 732; x_wconf 89' lang='lat' dir='ltr'><strong>Dei</strong></span> <span class='ocrx_word' id='word_1_258' title='bbox 2109 691 2324 746; x_wconf 88' lang='lat' dir='ltr'><strong>corpus,</strong></span> <span class='ocrx_word' id='word_1_259' title='bbox 2344 676 2548 744; x_wconf 77' lang='lat' dir='ltr'><strong>inquit,</strong></span> <span class='ocrx_word' id='word_1_260' title='bbox 2580 691 2684 731; x_wconf 88' lang='lat' dir='ltr'><strong>non</strong></span> <span class='ocrx_word' id='word_1_261' title='bbox 2717 685 2879 742; x_wconf 82' lang='lat' dir='ltr'><strong>esset,</strong></span> <span class='ocrx_word' id='word_1_262' title='bbox 2909 675 3202 744; x_wconf 87' lang='lat' dir='ltr'><strong>cujusmodi</strong></span> <span class='ocrx_word' id='word_1_263' title='bbox 3234 686 3316 729; x_wconf 89' lang='lat' dir='ltr'><strong>est</strong></span> <span class='ocrx_word' id='word_1_264' title='bbox 3340 691 3462 729; x_wconf 57' lang='lat' dir='ltr'><strong>eor»</strong></span> 
     </span>
    </p>
   </div>
   <div class='ocr_carea' id='block_1_35' title="bbox 1925 765 3463 836">
    <p class='ocr_par' dir='ltr' id='par_1_35' title="bbox 1925 765 3463 836">
     <span class='ocr_line' id='line_1_35' title="bbox 1925 765 3463 836; baseline 0 -16"><span class='ocrx_word' id='word_1_265' title='bbox 1925 781 2026 836; x_wconf 91' lang='lat' dir='ltr'><strong>pus</strong></span> <span class='ocrx_word' id='word_1_266' title='bbox 2056 777 2227 833; x_wconf 86' lang='lat' dir='ltr'><strong>tuum.</strong></span> <span class='ocrx_word' id='word_1_267' title='bbox 2257 785 2276 817; x_wconf 73' lang='grc' dir='ltr'><strong>ι</strong></span> <span class='ocrx_word' id='word_1_268' title='bbox 2308 765 2412 820; x_wconf 76' lang='lat' dir='ltr'><strong>Nos</strong></span> <span class='ocrx_word' id='word_1_269' title='bbox 2439 767 2503 820; x_wconf 90' lang='lat' dir='ltr'><strong>ad</strong></span> <span class='ocrx_word' id='word_1_270' title='bbox 2539 767 2652 820; x_wconf 61' lang='lat' dir='ltr'><strong>bree</strong></span> <span class='ocrx_word' id='word_1_271' title='bbox 2680 786 2692 819; x_wconf 91' lang='lat'><strong>:</strong></span> <span class='ocrx_word' id='word_1_272' title='bbox 2720 765 2876 821; x_wconf 84' lang='lat' dir='ltr'><strong>Jesus</strong></span> <span class='ocrx_word' id='word_1_273' title='bbox 2912 767 2962 820; x_wconf 91' lang='lat' dir='ltr'><strong>in</strong></span> <span class='ocrx_word' id='word_1_274' title='bbox 2993 767 3092 820; x_wconf 86' lang='lat' dir='ltr'><strong>bac</strong></span> <span class='ocrx_word' id='word_1_275' title='bbox 3115 767 3230 818; x_wconf 62' lang='lat' dir='ltr'><strong>vita</strong></span> <span class='ocrx_word' id='word_1_276' title='bbox 3267 780 3463 834; x_wconf 84' lang='lat' dir='ltr'><strong>corpus</strong></span> 
     </span>
    </p>
   </div>
   <div class='ocr_carea' id='block_1_36' title="bbox 1926 856 3459 926">
    <p class='ocr_par' dir='ltr' id='par_1_36' title="bbox 1926 856 3459 926">
     <span class='ocr_line' id='line_1_36' title="bbox 1926 856 3459 926; baseline -0.001 -15"><span class='ocrx_word' id='word_1_277' title='bbox 1926 857 2215 911; x_wconf 79' lang='lat' dir='ltr'><strong>humanum</strong></span> <span class='ocrx_word' id='word_1_278' title='bbox 2244 859 2495 925; x_wconf 74' lang='lat' dir='ltr'><strong>suscepit,</strong></span> <span class='ocrx_word' id='word_1_279' title='bbox 2527 856 2682 926; x_wconf 92' lang='lat' dir='ltr'><strong>quale</strong></span> <span class='ocrx_word' id='word_1_280' title='bbox 2708 873 2737 910; x_wconf 94' lang='lat' dir='ltr'><strong>a</strong></span> <span class='ocrx_word' id='word_1_281' title='bbox 2770 858 2964 912; x_wconf 84' lang='lat' dir='ltr'><strong>femina</strong></span> <span class='ocrx_word' id='word_1_282' title='bbox 2999 858 3273 924; x_wconf 85' lang='lat' dir='ltr'><strong>suscipere</strong></span> <span class='ocrx_word' id='word_1_283' title='bbox 3306 864 3459 924; x_wconf 86' lang='lat' dir='ltr'><strong>pote-</strong></span> 
     </span>
    </p>
   </div>
   <div class='ocr_carea' id='block_1_37' title="bbox 1925 937 3465 1015">
    <p class='ocr_par' dir='ltr' id='par_1_37' title="bbox 1925 937 3465 1015">
     <span class='ocr_line' id='line_1_37' title="bbox 1925 937 3465 1015; baseline -0.001 -15"><span class='ocrx_word' id='word_1_284' title='bbox 1925 957 2029 1013; x_wconf 85' lang='lat' dir='ltr'><strong>rat,</strong></span> <span class='ocrx_word' id='word_1_285' title='bbox 2063 937 2298 1015; x_wconf 82' lang='lat' dir='ltr'><strong>illudque</strong></span> <span class='ocrx_word' id='word_1_286' title='bbox 2322 947 2479 1000; x_wconf 87' lang='lat' dir='ltr'><strong>morti</strong></span> <span class='ocrx_word' id='word_1_287' title='bbox 2503 946 2748 1000; x_wconf 66' lang='lat' dir='ltr'><strong>humanaa</strong></span> <span class='ocrx_word' id='word_1_288' title='bbox 2770 948 3083 1001; x_wconf 83' lang='lat' dir='ltr'><strong>obnoxium.</strong></span> <span class='ocrx_word' id='word_1_289' title='bbox 3111 947 3289 1012; x_wconf 85' lang='lat' dir='ltr'><strong>Quare</strong></span> <span class='ocrx_word' id='word_1_290' title='bbox 3320 949 3465 999; x_wconf 83' lang='lat' dir='ltr'><strong>inter</strong></span> 
     </span>
    </p>
   </div>
   <div class='ocr_carea' id='block_1_38' title="bbox 1927 1032 3464 1107">
    <p class='ocr_par' dir='ltr' id='par_1_38' title="bbox 1927 1032 3464 1107">
     <span class='ocr_line' id='line_1_38' title="bbox 1927 1032 3464 1107; baseline -0.002 -17"><span class='ocrx_word' id='word_1_291' title='bbox 1927 1037 2030 1090; x_wconf 89' lang='lat' dir='ltr'><strong>alia</strong></span> <span class='ocrx_word' id='word_1_292' title='bbox 2063 1038 2291 1092; x_wconf 89' lang='lat' dir='ltr'><strong>dicimus</strong></span> <span class='ocrx_word' id='word_1_293' title='bbox 2328 1037 2474 1089; x_wconf 92' lang='lat' dir='ltr'><strong>illum</strong></span> <span class='ocrx_word' id='word_1_294' title='bbox 2505 1037 2672 1092; x_wconf 87' lang='lat' dir='ltr'><strong>fuisse</strong></span> <span class='ocrx_word' id='word_1_295' title='bbox 2694 1052 2940 1105; x_wconf 78' lang='lat' dir='ltr'><strong>magnum</strong></span> <span class='ocrx_word' id='word_1_296' title='bbox 2960 1039 3212 1107; x_wconf 79' lang='lat' dir='ltr'><strong>pugilem,</strong></span> <span class='ocrx_word' id='word_1_297' title='bbox 3242 1032 3464 1104; x_wconf 77' lang='lat' dir='ltr'><strong>propter</strong></span> 
     </span>
    </p>
   </div>
   <div class='ocr_carea' id='block_1_39' title="bbox 1925 1126 3462 1204">
    <p class='ocr_par' dir='ltr' id='par_1_39' title="bbox 1925 1126 3462 1204">
     <span class='ocr_line' id='line_1_39' title="bbox 1925 1126 3462 1204; baseline -0.001 -20"><span class='ocrx_word' id='word_1_298' title='bbox 1925 1129 2218 1184; x_wconf 87' lang='lat' dir='ltr'><strong>humanum</strong></span> <span class='ocrx_word' id='word_1_299' title='bbox 2252 1145 2462 1200; x_wconf 88' lang='lat' dir='ltr'><strong>corpus,</strong></span> <span class='ocrx_word' id='word_1_300' title='bbox 2483 1148 2501 1180; x_wconf 76' lang='grc' dir='ltr'><strong>ι</strong></span> <span class='ocrx_word' id='word_1_301' title='bbox 2523 1145 2618 1204; x_wconf 87' lang='lat' dir='ltr'><strong>per</strong></span> <span class='ocrx_word' id='word_1_302' title='bbox 2651 1129 2829 1182; x_wconf 86' lang='lat' dir='ltr'><strong>omnia</strong></span> <span class='ocrx_word' id='word_1_303' title='bbox 2860 1137 3119 1182; x_wconf 87' lang='lat' dir='ltr'><strong>tentatum</strong></span> <span class='ocrx_word' id='word_1_304' title='bbox 3139 1131 3204 1192; x_wconf 75' lang='grc'><strong>⁵⁸,</strong></span> <span class='ocrx_word' id='word_1_305' title='bbox 3225 1149 3244 1180; x_wconf 84' lang='grc'>›</span> <span class='ocrx_word' id='word_1_306' title='bbox 3270 1126 3327 1183; x_wconf 87' lang='lat' dir='ltr'><strong>ut</strong></span> <span class='ocrx_word' id='word_1_307' title='bbox 3353 1143 3462 1182; x_wconf 72' lang='lat' dir='ltr'><strong>etn-</strong></span> 
     </span>
    </p>
   </div>
   <div class='ocr_carea' id='block_1_40' title="bbox 1928 1220 3460 1285">
    <p class='ocr_par' dir='ltr' id='par_1_40' title="bbox 1928 1220 3460 1285">
     <span class='ocr_line' id='line_1_40' title="bbox 1928 1220 3460 1285; baseline -0.001 -12"><span class='ocrx_word' id='word_1_308' title='bbox 1928 1221 2025 1274; x_wconf 89' lang='lat' dir='ltr'><strong>teri</strong></span> <span class='ocrx_word' id='word_1_309' title='bbox 2058 1221 2336 1285; x_wconf 86' lang='lat' dir='ltr'><strong>homines;</strong></span> <span class='ocrx_word' id='word_1_310' title='bbox 2369 1236 2470 1274; x_wconf 90' lang='lat' dir='ltr'><strong>non</strong></span> <span class='ocrx_word' id='word_1_311' title='bbox 2505 1229 2681 1276; x_wconf 90' lang='lat' dir='ltr'><strong>tamen</strong></span> <span class='ocrx_word' id='word_1_312' title='bbox 2719 1229 2776 1272; x_wconf 88' lang='lat' dir='ltr'><strong>ut</strong></span> <span class='ocrx_word' id='word_1_313' title='bbox 2815 1220 2996 1273; x_wconf 74' lang='lat' dir='ltr'><strong>cmteri</strong></span> <span class='ocrx_word' id='word_1_314' title='bbox 3045 1220 3308 1280; x_wconf 84' lang='lat' dir='ltr'><strong>homines,</strong></span> <span class='ocrx_word' id='word_1_315' title='bbox 3339 1233 3460 1272; x_wconf 85' lang='lat' dir='ltr'><strong>cum</strong></span> 
     </span>
    </p>
   </div>
   <div class='ocr_carea' id='block_1_41' title="bbox 1924 1295 3461 1378">
    <p class='ocr_par' dir='ltr' id='par_1_41' title="bbox 1924 1295 3461 1378">
     <span class='ocr_line' id='line_1_41' title="bbox 1924 1295 3461 1378; baseline -0.001 -18"><span class='ocrx_word' id='word_1_316' title='bbox 1924 1319 2177 1375; x_wconf 89' lang='lat' dir='ltr'><strong>peccato,</strong></span> <span class='ocrx_word' id='word_1_317' title='bbox 2206 1309 2296 1364; x_wconf 89' lang='lat' dir='ltr'><strong>sed</strong></span> <span class='ocrx_word' id='word_1_318' title='bbox 2329 1325 2547 1378; x_wconf 85' lang='lat' dir='ltr'><strong>prorsus</strong></span> <span class='ocrx_word' id='word_1_319' title='bbox 2577 1329 2595 1360; x_wconf 74' lang='grc' dir='ltr'><strong>ι</strong></span> <span class='ocrx_word' id='word_1_320' title='bbox 2631 1310 2748 1363; x_wconf 89' lang='lat' dir='ltr'><strong>sine</strong></span> <span class='ocrx_word' id='word_1_321' title='bbox 2773 1295 3014 1378; x_wconf 83' lang='lat' dir='ltr'><strong>peccato.</strong></span> <span class='ocrx_word' id='word_1_322' title='bbox 3042 1327 3062 1360; x_wconf 73' lang='grc' dir='ltr'><strong>ι</strong></span> <span class='ocrx_word' id='word_1_323' title='bbox 3110 1306 3461 1378; x_wconf 84' lang='lat' dir='ltr'><strong>Perspicuum</strong></span> 
     </span>
    </p>
   </div>
   <div class='ocr_carea' id='block_1_42' title="bbox 1923 1397 3457 1468">
    <p class='ocr_par' dir='ltr' id='par_1_42' title="bbox 1923 1397 3457 1468">
     <span class='ocr_line' id='line_1_42' title="bbox 1923 1397 3457 1468; baseline 0.001 -17"><span class='ocrx_word' id='word_1_324' title='bbox 1923 1397 2066 1451; x_wconf 88' lang='lat' dir='ltr'><strong>enim</strong></span> <span class='ocrx_word' id='word_1_325' title='bbox 2098 1399 2250 1451; x_wconf 90' lang='lat' dir='ltr'><strong>nobis</strong></span> <span class='ocrx_word' id='word_1_326' title='bbox 2275 1401 2509 1462; x_wconf 89' lang='lat' dir='ltr'><strong>videtur,</strong></span> <span class='ocrx_word' id='word_1_327' title='bbox 2539 1416 2659 1454; x_wconf 91' lang='lat' dir='ltr'><strong>eum</strong></span> <span class='ocrx_word' id='word_1_328' title='bbox 2699 1419 2720 1452; x_wconf 74' lang='grc' dir='ltr'><strong>ι</strong></span> <span class='ocrx_word' id='word_1_329' title='bbox 2764 1416 2871 1454; x_wconf 90' lang='lat' dir='ltr'><strong>non</strong></span> <span class='ocrx_word' id='word_1_330' title='bbox 2915 1399 3111 1454; x_wconf 81' lang='lat' dir='ltr'><strong>fecisse</strong></span> <span class='ocrx_word' id='word_1_331' title='bbox 3151 1410 3457 1468; x_wconf 86' lang='lat' dir='ltr'><strong>peccatum,</strong></span> 
     </span>
    </p>
   </div>
   <div class='ocr_carea' id='block_1_43' title="bbox 1924 1487 3462 1556">
    <p class='ocr_par' dir='ltr' id='par_1_43' title="bbox 1924 1487 3462 1556">
     <span class='ocr_line' id='line_1_43' title="bbox 1924 1487 3462 1556; baseline 0.003 -18"><span class='ocrx_word' id='word_1_332' title='bbox 1924 1500 2024 1539; x_wconf 92' lang='lat' dir='ltr'><strong>nec</strong></span> <span class='ocrx_word' id='word_1_333' title='bbox 2046 1487 2318 1541; x_wconf 87' lang='lat' dir='ltr'><strong>inventum</strong></span> <span class='ocrx_word' id='word_1_334' title='bbox 2351 1502 2469 1542; x_wconf 86' lang='lat' dir='ltr'><strong>esse</strong></span> <span class='ocrx_word' id='word_1_335' title='bbox 2502 1487 2678 1543; x_wconf 88' lang='lat' dir='ltr'><strong>dolum</strong></span> <span class='ocrx_word' id='word_1_336' title='bbox 2728 1490 2780 1542; x_wconf 89' lang='lat' dir='ltr'><strong>in</strong></span> <span class='ocrx_word' id='word_1_337' title='bbox 2812 1502 2907 1542; x_wconf 89' lang='lat' dir='ltr'><strong>ore</strong></span> <span class='ocrx_word' id='word_1_338' title='bbox 2945 1487 3152 1556; x_wconf 79' lang='lat' dir='ltr'><strong>ejus&quot;;</strong></span> <span class='ocrx_word' id='word_1_339' title='bbox 3182 1507 3203 1540; x_wconf 71' lang='grc' dir='ltr'><strong>ι</strong></span> <span class='ocrx_word' id='word_1_340' title='bbox 3235 1500 3288 1542; x_wconf 87' lang='lat' dir='ltr'><strong>et</strong></span> <span class='ocrx_word' id='word_1_341' title='bbox 3318 1489 3462 1555; x_wconf 87' lang='lat' dir='ltr'><strong>quod</strong></span> 
     </span>
    </p>
   </div>
   <div class='ocr_carea' id='block_1_44' title="bbox 1928 1578 3458 1648">
    <p class='ocr_par' dir='ltr' id='par_1_44' title="bbox 1928 1578 3458 1648">
     <span class='ocr_line' id='line_1_44' title="bbox 1928 1578 3458 1648; baseline 0.004 -23"><span class='ocrx_word' id='word_1_342' title='bbox 1928 1593 1946 1625; x_wconf 84' lang='grc'>‹</span> <span class='ocrx_word' id='word_1_343' title='bbox 1973 1585 2246 1643; x_wconf 89' lang='lat' dir='ltr'><strong>peccatum</strong></span> <span class='ocrx_word' id='word_1_344' title='bbox 2279 1592 2381 1632; x_wconf 91' lang='lat' dir='ltr'><strong>non</strong></span> <span class='ocrx_word' id='word_1_345' title='bbox 2410 1578 2798 1648; x_wconf 77' lang='lat' dir='ltr'><strong>cognoverit”,</strong></span> <span class='ocrx_word' id='word_1_346' title='bbox 2818 1597 2835 1630; x_wconf 76' lang='grc' dir='ltr'><strong>ι</strong></span> <span class='ocrx_word' id='word_1_347' title='bbox 2856 1579 2974 1633; x_wconf 87' lang='lat' dir='ltr'><strong>ideo</strong></span> <span class='ocrx_word' id='word_1_348' title='bbox 2999 1578 3146 1632; x_wconf 89' lang='lat' dir='ltr'><strong>illum</strong></span> <span class='ocrx_word' id='word_1_349' title='bbox 3175 1589 3232 1632; x_wconf 89' lang='lat' dir='ltr'><strong>ut</strong></span> <span class='ocrx_word' id='word_1_350' title='bbox 3265 1592 3458 1646; x_wconf 83' lang='lat' dir='ltr'><strong>purum</strong></span> 
     </span>
    </p>
   </div>
   <div class='ocr_carea' id='block_1_45' title="bbox 1922 1667 3458 1738">
    <p class='ocr_par' dir='ltr' id='par_1_45' title="bbox 1922 1667 3458 1738">
     <span class='ocr_line' id='line_1_45' title="bbox 1922 1667 3458 1738; baseline 0.001 -20"><span class='ocrx_word' id='word_1_351' title='bbox 1922 1682 1949 1717; x_wconf 89' lang='lat' dir='ltr'><strong>a</strong></span> <span class='ocrx_word' id='word_1_352' title='bbox 1984 1667 2090 1719; x_wconf 91' lang='lat' dir='ltr'><strong>Deo</strong></span> <span class='ocrx_word' id='word_1_353' title='bbox 2121 1668 2372 1721; x_wconf 87' lang='lat' dir='ltr'><strong>traditum</strong></span> <span class='ocrx_word' id='word_1_354' title='bbox 2394 1683 2509 1721; x_wconf 87' lang='lat' dir='ltr'><strong>esse</strong></span> <span class='ocrx_word' id='word_1_355' title='bbox 2540 1681 2755 1738; x_wconf 84' lang='lat' dir='ltr'><strong>propter</strong></span> <span class='ocrx_word' id='word_1_356' title='bbox 2803 1683 2994 1723; x_wconf 86' lang='lat' dir='ltr'><strong>omnes</strong></span> <span class='ocrx_word' id='word_1_357' title='bbox 3048 1668 3140 1738; x_wconf 89' lang='lat' dir='ltr'><strong>qui</strong></span> <span class='ocrx_word' id='word_1_358' title='bbox 3197 1682 3458 1736; x_wconf 83' lang='lat' dir='ltr'><strong>peccave-</strong></span> 
     </span>
    </p>
   </div>
   <div class='ocr_carea' id='block_1_46' title="bbox 1926 1755 3464 1832">
    <p class='ocr_par' dir='ltr' id='par_1_46' title="bbox 1926 1755 3464 1832">
     <span class='ocr_line' id='line_1_46' title="bbox 1926 1755 3464 1832; baseline 0.003 -26"><span class='ocrx_word' id='word_1_359' title='bbox 1926 1755 2298 1824; x_wconf 26' lang='lat' dir='ltr'><strong>runt.,Deinde</strong></span> <span class='ocrx_word' id='word_1_360' title='bbox 2323 1759 2398 1812; x_wconf 91' lang='lat' dir='ltr'><strong>ait</strong></span> <span class='ocrx_word' id='word_1_361' title='bbox 2424 1759 2608 1832; x_wconf 65' lang='lat' dir='ltr'><strong>Celsus</strong></span> <span class='ocrx_word' id='word_1_362' title='bbox 2645 1777 2657 1811; x_wconf 92' lang='lat'>:</span> <span class='ocrx_word' id='word_1_363' title='bbox 2695 1777 2713 1810; x_wconf 75' lang='grc' dir='ltr'><strong>ι</strong></span> <span class='ocrx_word' id='word_1_364' title='bbox 2747 1760 2836 1813; x_wconf 92' lang='lat' dir='ltr'><strong>Dei</strong></span> <span class='ocrx_word' id='word_1_365' title='bbox 2885 1774 3082 1828; x_wconf 88' lang='lat' dir='ltr'><strong>corpus</strong></span> <span class='ocrx_word' id='word_1_366' title='bbox 3126 1773 3234 1812; x_wconf 89' lang='lat' dir='ltr'><strong>non</strong></span> <span class='ocrx_word' id='word_1_367' title='bbox 3269 1758 3338 1810; x_wconf 90' lang='lat' dir='ltr'><strong>ita</strong></span> <span class='ocrx_word' id='word_1_368' title='bbox 3369 1772 3464 1811; x_wconf 79' lang='lat' dir='ltr'><strong>sa-</strong></span> 
     </span>
    </p>
   </div>
   <div class='ocr_carea' id='block_1_47' title="bbox 1926 1845 3463 1915">
    <p class='ocr_par' dir='ltr' id='par_1_47' title="bbox 1926 1845 3463 1915">
     <span class='ocr_line' id='line_1_47' title="bbox 1926 1845 3463 1915; baseline 0.003 -19"><span class='ocrx_word' id='word_1_369' title='bbox 1926 1854 2035 1898; x_wconf 88' lang='lat' dir='ltr'><strong>lum</strong></span> <span class='ocrx_word' id='word_1_370' title='bbox 2069 1845 2261 1900; x_wconf 81' lang='lat' dir='ltr'><strong>fuisset</strong></span> <span class='ocrx_word' id='word_1_371' title='bbox 2289 1863 2353 1905; x_wconf 83' lang='lat' dir='ltr'><strong>ac</strong></span> <span class='ocrx_word' id='word_1_372' title='bbox 2404 1857 2456 1900; x_wconf 92' lang='lat' dir='ltr'><strong>tu</strong></span> <span class='ocrx_word' id='word_1_373' title='bbox 2478 1887 2493 1912; x_wconf 92' lang='lat'><strong>,</strong></span> <span class='ocrx_word' id='word_1_374' title='bbox 2534 1862 2565 1902; x_wconf 93' lang='grc' dir='ltr'><strong>ο</strong></span> <span class='ocrx_word' id='word_1_375' title='bbox 2595 1848 2743 1913; x_wconf 78' lang='lat' dir='ltr'><strong>Jesu,</strong></span> <span class='ocrx_word' id='word_1_376' title='bbox 2777 1858 2927 1902; x_wconf 88' lang='lat' dir='ltr'><strong>satus</strong></span> <span class='ocrx_word' id='word_1_377' title='bbox 2960 1865 3037 1903; x_wconf 89' lang='lat' dir='ltr'><strong>es.</strong></span> <span class='ocrx_word' id='word_1_378' title='bbox 3073 1867 3091 1899; x_wconf 74' lang='grc' dir='ltr'><strong>ι</strong></span> <span class='ocrx_word' id='word_1_379' title='bbox 3138 1847 3463 1915; x_wconf 84' lang='lat' dir='ltr'><strong>Suspicaba-</strong></span> 
     </span>
    </p>
   </div>
   <div class='ocr_carea' id='block_1_48' title="bbox 1924 1937 3462 2010">
    <p class='ocr_par' dir='ltr' id='par_1_48' title="bbox 1924 1937 3462 2010">
     <span class='ocr_line' id='line_1_48' title="bbox 1924 1937 3462 2010; baseline 0.004 -21"><span class='ocrx_word' id='word_1_380' title='bbox 1924 1947 2007 1990; x_wconf 88' lang='lat' dir='ltr'><strong>tur</strong></span> <span class='ocrx_word' id='word_1_381' title='bbox 2034 1944 2211 1991; x_wconf 89' lang='lat' dir='ltr'><strong>tamen</strong></span> <span class='ocrx_word' id='word_1_382' title='bbox 2239 1937 2421 2010; x_wconf 64' lang='lat'><strong>384,</strong></span> <span class='ocrx_word' id='word_1_383' title='bbox 2452 1940 2493 1993; x_wconf 91' lang='lat' dir='ltr'><strong>si</strong></span> <span class='ocrx_word' id='word_1_384' title='bbox 2522 1950 2678 1994; x_wconf 90' lang='lat' dir='ltr'><strong>natus</strong></span> <span class='ocrx_word' id='word_1_385' title='bbox 2710 1952 2794 1995; x_wconf 91' lang='lat' dir='ltr'><strong>est</strong></span> <span class='ocrx_word' id='word_1_386' title='bbox 2830 1939 2985 1996; x_wconf 88' lang='lat' dir='ltr'><strong>Jesus</strong></span> <span class='ocrx_word' id='word_1_387' title='bbox 3011 1939 3462 2007; x_wconf 79' lang='lat' dir='ltr'><strong>quemadmodum</strong></span> 
     </span>
    </p>
   </div>
   <div class='ocr_carea' id='block_1_49' title="bbox 1919 2025 3462 2099">
    <p class='ocr_par' dir='ltr' id='par_1_49' title="bbox 1919 2025 3462 2099">
     <span class='ocr_line' id='line_1_49' title="bbox 1919 2025 3462 2099; baseline 0.001 -18"><span class='ocrx_word' id='word_1_388' title='bbox 1919 2025 2177 2095; x_wconf 88' lang='lat' dir='ltr'><strong>scriptum</strong></span> <span class='ocrx_word' id='word_1_389' title='bbox 2207 2039 2311 2094; x_wconf 86' lang='lat' dir='ltr'><strong>est,</strong></span> <span class='ocrx_word' id='word_1_390' title='bbox 2331 2031 2445 2098; x_wconf 87' lang='lat' dir='ltr'><strong>ejus</strong></span> <span class='ocrx_word' id='word_1_391' title='bbox 2474 2044 2668 2098; x_wconf 90' lang='lat' dir='ltr'><strong>corpus</strong></span> <span class='ocrx_word' id='word_1_392' title='bbox 2689 2045 2844 2099; x_wconf 81' lang='lat' dir='ltr'><strong>posse</strong></span> <span class='ocrx_word' id='word_1_393' title='bbox 2875 2029 3220 2099; x_wconf 89' lang='lat' dir='ltr'><strong>aliquomodo</strong></span> <span class='ocrx_word' id='word_1_394' title='bbox 3249 2027 3462 2085; x_wconf 69' lang='lat' dir='ltr'><strong>caeteris</strong></span> 
     </span>
    </p>
   </div>
   <div class='ocr_carea' id='block_1_50' title="bbox 1917 2117 3459 2191">
    <p class='ocr_par' dir='ltr' id='par_1_50' title="bbox 1917 2117 3459 2191">
     <span class='ocr_line' id='line_1_50' title="bbox 1917 2117 3459 2191; baseline 0.003 -20"><span class='ocrx_word' id='word_1_395' title='bbox 1917 2131 2040 2172; x_wconf 86' lang='lat' dir='ltr'><strong>esse</strong></span> <span class='ocrx_word' id='word_1_396' title='bbox 2089 2117 2341 2185; x_wconf 85' lang='lat' dir='ltr'><strong>divinius,</strong></span> <span class='ocrx_word' id='word_1_397' title='bbox 2389 2131 2443 2175; x_wconf 90' lang='lat' dir='ltr'><strong>et</strong></span> <span class='ocrx_word' id='word_1_398' title='bbox 2493 2121 2670 2190; x_wconf 85' lang='lat' dir='ltr'><strong>aliquo</strong></span> <span class='ocrx_word' id='word_1_399' title='bbox 2699 2137 2859 2176; x_wconf 89' lang='lat' dir='ltr'><strong>sensu</strong></span> <span class='ocrx_word' id='word_1_400' title='bbox 2912 2121 3005 2176; x_wconf 86' lang='lat' dir='ltr'><strong>Dei</strong></span> <span class='ocrx_word' id='word_1_401' title='bbox 3037 2136 3251 2189; x_wconf 91' lang='lat' dir='ltr'><strong>corpus.</strong></span> <span class='ocrx_word' id='word_1_402' title='bbox 3285 2122 3459 2191; x_wconf 80' lang='lat' dir='ltr'><strong>Atque</strong></span> 
     </span>
    </p>
   </div>
   <div class='ocr_carea' id='block_1_51' title="bbox 1917 2207 3458 2282">
    <p class='ocr_par' dir='ltr' id='par_1_51' title="bbox 1917 2207 3458 2282">
     <span class='ocr_line' id='line_1_51' title="bbox 1917 2207 3458 2282; baseline 0.002 -20"><span class='ocrx_word' id='word_1_403' title='bbox 1917 2207 2038 2262; x_wconf 89' lang='lat' dir='ltr'><strong>ideo</strong></span> <span class='ocrx_word' id='word_1_404' title='bbox 2075 2218 2233 2278; x_wconf 79' lang='lat' dir='ltr'><strong>negat</strong></span> <span class='ocrx_word' id='word_1_405' title='bbox 2260 2224 2441 2264; x_wconf 89' lang='lat' dir='ltr'><strong>verum</strong></span> <span class='ocrx_word' id='word_1_406' title='bbox 2468 2225 2587 2266; x_wconf 91' lang='lat' dir='ltr'><strong>esse</strong></span> <span class='ocrx_word' id='word_1_407' title='bbox 2641 2213 2781 2279; x_wconf 89' lang='lat' dir='ltr'><strong>quod</strong></span> <span class='ocrx_word' id='word_1_408' title='bbox 2815 2212 3074 2282; x_wconf 88' lang='lat' dir='ltr'><strong>scriptum</strong></span> <span class='ocrx_word' id='word_1_409' title='bbox 3102 2221 3218 2275; x_wconf 89' lang='lat' dir='ltr'><strong>est,</strong></span> <span class='ocrx_word' id='word_1_410' title='bbox 3251 2212 3399 2264; x_wconf 91' lang='lat' dir='ltr'><strong>illum</strong></span> <span class='ocrx_word' id='word_1_411' title='bbox 3427 2226 3458 2265; x_wconf 89' lang='lat' dir='ltr'><strong>e</strong></span> 
     </span>
    </p>
   </div>
   <div class='ocr_carea' id='block_1_52' title="bbox 1919 2297 3457 2372">
    <p class='ocr_par' dir='ltr' id='par_1_52' title="bbox 1919 2297 3457 2372">
     <span class='ocr_line' id='line_1_52' title="bbox 1919 2297 3457 2372; baseline 0.001 -18"><span class='ocrx_word' id='word_1_412' title='bbox 1919 2297 2122 2368; x_wconf 87' lang='lat' dir='ltr'><strong>Spiritu</strong></span> <span class='ocrx_word' id='word_1_413' title='bbox 2151 2310 2343 2356; x_wconf 89' lang='lat' dir='ltr'><strong>sancto</strong></span> <span class='ocrx_word' id='word_1_414' title='bbox 2371 2317 2490 2356; x_wconf 86' lang='lat' dir='ltr'><strong>esse</strong></span> <span class='ocrx_word' id='word_1_415' title='bbox 2520 2314 2868 2371; x_wconf 81' lang='lat' dir='ltr'><strong>conceptum,</strong></span> <span class='ocrx_word' id='word_1_416' title='bbox 2907 2303 3185 2372; x_wconf 81' lang='lat' dir='ltr'><strong>creditque</strong></span> <span class='ocrx_word' id='word_1_417' title='bbox 3221 2314 3286 2354; x_wconf 82' lang='lat' dir='ltr'><strong>ex</strong></span> <span class='ocrx_word' id='word_1_418' title='bbox 3315 2299 3457 2356; x_wconf 77' lang='lat' dir='ltr'><strong>Pan-</strong></span> 
     </span>
    </p>
   </div>
   <div class='ocr_carea' id='block_1_53' title="bbox 1919 2391 3455 2461">
    <p class='ocr_par' dir='ltr' id='par_1_53' title="bbox 1919 2391 3455 2461">
     <span class='ocr_line' id='line_1_53' title="bbox 1919 2391 3455 2461; baseline 0.003 -19"><span class='ocrx_word' id='word_1_419' title='bbox 1919 2391 2082 2444; x_wconf 65' lang='lat' dir='ltr'><strong>thera:</strong></span> <span class='ocrx_word' id='word_1_420' title='bbox 2099 2406 2217 2445; x_wconf 89' lang='lat' dir='ltr'><strong>eum</strong></span> <span class='ocrx_word' id='word_1_421' title='bbox 2236 2391 2440 2461; x_wconf 79' lang='lat' dir='ltr'><strong>virgine</strong></span> <span class='ocrx_word' id='word_1_422' title='bbox 2462 2408 2751 2460; x_wconf 79' lang='lat' dir='ltr'><strong>congressu</strong></span> <span class='ocrx_word' id='word_1_423' title='bbox 2779 2402 2962 2446; x_wconf 89' lang='lat' dir='ltr'><strong>natum</strong></span> <span class='ocrx_word' id='word_1_424' title='bbox 2991 2405 3131 2447; x_wconf 83' lang='lat' dir='ltr'><strong>esse.</strong></span> <span class='ocrx_word' id='word_1_425' title='bbox 3156 2391 3271 2457; x_wconf 88' lang='lat' dir='ltr'><strong>Qua</strong></span> <span class='ocrx_word' id='word_1_426' title='bbox 3295 2406 3455 2447; x_wconf 86' lang='lat' dir='ltr'><strong>causa</strong></span> 
     </span>
    </p>
   </div>
   <div class='ocr_carea' id='block_1_54' title="bbox 1917 2481 3456 2551">
    <p class='ocr_par' dir='ltr' id='par_1_54' title="bbox 1917 2481 3456 2551">
     <span class='ocr_line' id='line_1_54' title="bbox 1917 2481 3456 2551; baseline 0 -17"><span class='ocrx_word' id='word_1_427' title='bbox 1917 2481 2046 2535; x_wconf 88' lang='lat' dir='ltr'><strong>dicit</strong></span> <span class='ocrx_word' id='word_1_428' title='bbox 2079 2498 2094 2534; x_wconf 88' lang='lat'><strong>:</strong></span> <span class='ocrx_word' id='word_1_429' title='bbox 2133 2498 2151 2531; x_wconf 73' lang='grc' dir='ltr'><strong>ι</strong></span> <span class='ocrx_word' id='word_1_430' title='bbox 2191 2481 2394 2551; x_wconf 87' lang='lat' dir='ltr'><strong>Corpus</strong></span> <span class='ocrx_word' id='word_1_431' title='bbox 2422 2482 2510 2535; x_wconf 92' lang='lat' dir='ltr'><strong>Dei</strong></span> <span class='ocrx_word' id='word_1_432' title='bbox 2541 2497 2645 2536; x_wconf 92' lang='lat' dir='ltr'><strong>non</strong></span> <span class='ocrx_word' id='word_1_433' title='bbox 2678 2483 2751 2535; x_wconf 87' lang='lat' dir='ltr'><strong>ita</strong></span> <span class='ocrx_word' id='word_1_434' title='bbox 2780 2492 2953 2536; x_wconf 90' lang='lat' dir='ltr'><strong>satum</strong></span> <span class='ocrx_word' id='word_1_435' title='bbox 2975 2492 3122 2536; x_wconf 83' lang='lat' dir='ltr'><strong>esset</strong></span> <span class='ocrx_word' id='word_1_436' title='bbox 3143 2495 3206 2536; x_wconf 89' lang='lat' dir='ltr'><strong>ac</strong></span> <span class='ocrx_word' id='word_1_437' title='bbox 3229 2489 3283 2536; x_wconf 91' lang='lat' dir='ltr'><strong>tu</strong></span> <span class='ocrx_word' id='word_1_438' title='bbox 3309 2489 3456 2534; x_wconf 87' lang='lat' dir='ltr'><strong>satus</strong></span> 
     </span>
    </p>
   </div>
   <div class='ocr_carea' id='block_1_55' title="bbox 1916 2569 2882 2641">
    <p class='ocr_par' dir='ltr' id='par_1_55' title="bbox 1916 2569 2882 2641">
     <span class='ocr_line' id='line_1_55' title="bbox 1916 2569 2882 2641; baseline 0.002 -17"><span class='ocrx_word' id='word_1_439' title='bbox 1916 2583 1994 2625; x_wconf 88' lang='lat' dir='ltr'><strong>es.</strong></span> <span class='ocrx_word' id='word_1_440' title='bbox 2031 2589 2049 2622; x_wconf 75' lang='grc' dir='ltr'><strong>ι</strong></span> <span class='ocrx_word' id='word_1_441' title='bbox 2087 2569 2192 2626; x_wconf 87' lang='lat' dir='ltr'><strong>Sed</strong></span> <span class='ocrx_word' id='word_1_442' title='bbox 2226 2571 2292 2628; x_wconf 90' lang='lat' dir='ltr'><strong>de</strong></span> <span class='ocrx_word' id='word_1_443' title='bbox 2316 2571 2399 2628; x_wconf 86' lang='lat' dir='ltr'><strong>bis</strong></span> <span class='ocrx_word' id='word_1_444' title='bbox 2425 2571 2577 2638; x_wconf 84' lang='lat' dir='ltr'><strong>plura</strong></span> <span class='ocrx_word' id='word_1_445' title='bbox 2615 2573 2882 2641; x_wconf 86' lang='lat' dir='ltr'><strong>superius.</strong></span> 
     </span>
    </p>
   </div>
   <div class='ocr_carea' id='block_1_56' title="bbox 1984 2835 3456 2906">
    <p class='ocr_par' dir='ltr' id='par_1_56' title="bbox 1984 2835 3456 2906">
     <span class='ocr_line' id='line_1_56' title="bbox 1984 2835 3456 2906; baseline 0.001 -21"><span class='ocrx_word' id='word_1_446' title='bbox 1984 2835 2072 2890; x_wconf 85' lang='lat'><strong>70.</strong></span> <span class='ocrx_word' id='word_1_447' title='bbox 2100 2835 2318 2906; x_wconf 78' lang='lat' dir='ltr'><strong>Pergit:</strong></span> <span class='ocrx_word' id='word_1_448' title='bbox 2350 2855 2368 2887; x_wconf 76' lang='grc' dir='ltr'><strong>ι</strong></span> <span class='ocrx_word' id='word_1_449' title='bbox 2408 2835 2592 2905; x_wconf 82' lang='lat' dir='ltr'><strong>Neque</strong></span> <span class='ocrx_word' id='word_1_450' title='bbox 2619 2851 2812 2906; x_wconf 88' lang='lat' dir='ltr'><strong>corpus</strong></span> <span class='ocrx_word' id='word_1_451' title='bbox 2849 2837 2939 2890; x_wconf 88' lang='lat' dir='ltr'><strong>Dei</strong></span> <span class='ocrx_word' id='word_1_452' title='bbox 2987 2835 3180 2891; x_wconf 88' lang='lat' dir='ltr'><strong>talibus</strong></span> <span class='ocrx_word' id='word_1_453' title='bbox 3207 2835 3456 2890; x_wconf 79' lang='lat' dir='ltr'><strong>vescitur</strong></span> 
     </span>
    </p>
   </div>
   <div class='ocr_carea' id='block_1_57' title="bbox 1915 2925 3451 2996">
    <p class='ocr_par' dir='ltr' id='par_1_57' title="bbox 1915 2925 3451 2996">
     <span class='ocr_line' id='line_1_57' title="bbox 1915 2925 3451 2996; baseline -0.001 -18"><span class='ocrx_word' id='word_1_454' title='bbox 1915 2925 2080 2991; x_wconf 85' lang='lat' dir='ltr'><strong>cibis;</strong></span> <span class='ocrx_word' id='word_1_455' title='bbox 2114 2946 2134 2978; x_wconf 75' lang='grc' dir='ltr'><strong>ι</strong></span> <span class='ocrx_word' id='word_1_456' title='bbox 2169 2928 2319 2996; x_wconf 87' lang='lat' dir='ltr'><strong>quasi</strong></span> <span class='ocrx_word' id='word_1_457' title='bbox 2362 2942 2427 2980; x_wconf 77' lang='lat' dir='ltr'><strong>ex</strong></span> <span class='ocrx_word' id='word_1_458' title='bbox 2461 2927 2759 2996; x_wconf 79' lang='lat' dir='ltr'><strong>Evangeliis</strong></span> <span class='ocrx_word' id='word_1_459' title='bbox 2794 2929 3022 2996; x_wconf 85' lang='lat' dir='ltr'><strong>probare</strong></span> <span class='ocrx_word' id='word_1_460' title='bbox 3057 2936 3241 2995; x_wconf 81' lang='lat' dir='ltr'><strong>posset</strong></span> <span class='ocrx_word' id='word_1_461' title='bbox 3269 2925 3451 2981; x_wconf 83' lang='lat' dir='ltr'><strong>Jesum</strong></span> 
     </span>
    </p>
   </div>
   <div class='ocr_carea' id='block_1_58' title="bbox 1915 3014 3457 3087">
    <p class='ocr_par' dir='ltr' id='par_1_58' title="bbox 1915 3014 3457 3087">
     <span class='ocr_line' id='line_1_58' title="bbox 1915 3014 3457 3087; baseline 0.001 -16"><span class='ocrx_word' id='word_1_462' title='bbox 1915 3014 2048 3071; x_wconf 80' lang='lat' dir='ltr'><strong>cibis</strong></span> <span class='ocrx_word' id='word_1_463' title='bbox 2071 3032 2226 3070; x_wconf 89' lang='lat' dir='ltr'><strong>usum</strong></span> <span class='ocrx_word' id='word_1_464' title='bbox 2253 3031 2392 3083; x_wconf 87' lang='lat' dir='ltr'><strong>esse,</strong></span> <span class='ocrx_word' id='word_1_465' title='bbox 2413 3033 2466 3074; x_wconf 85' lang='lat' dir='ltr'><strong>et</strong></span> <span class='ocrx_word' id='word_1_466' title='bbox 2482 3020 2728 3087; x_wconf 86' lang='lat' dir='ltr'><strong>qualibus</strong></span> <span class='ocrx_word' id='word_1_467' title='bbox 2751 3019 2884 3075; x_wconf 86' lang='lat' dir='ltr'><strong>cibis</strong></span> <span class='ocrx_word' id='word_1_468' title='bbox 2910 3033 3037 3072; x_wconf 90' lang='lat' dir='ltr'><strong>usus</strong></span> <span class='ocrx_word' id='word_1_469' title='bbox 3061 3017 3240 3073; x_wconf 87' lang='lat' dir='ltr'><strong>fuerit.</strong></span> <span class='ocrx_word' id='word_1_470' title='bbox 3256 3017 3457 3073; x_wconf 80' lang='lat' dir='ltr'><strong>Verum</strong></span> 
     </span>
    </p>
   </div>
   <div class='ocr_carea' id='block_1_59' title="bbox 1914 3107 3457 3178">
    <p class='ocr_par' dir='ltr' id='par_1_59' title="bbox 1914 3107 3457 3178">
     <span class='ocr_line' id='line_1_59' title="bbox 1914 3107 3457 3178; baseline 0.003 -21"><span class='ocrx_word' id='word_1_471' title='bbox 1914 3115 2052 3169; x_wconf 92' lang='lat' dir='ltr'><strong>esto,</strong></span> <span class='ocrx_word' id='word_1_472' title='bbox 2083 3107 2226 3160; x_wconf 89' lang='lat' dir='ltr'><strong>dicat</strong></span> <span class='ocrx_word' id='word_1_473' title='bbox 2252 3121 2371 3160; x_wconf 92' lang='lat' dir='ltr'><strong>eum</strong></span> <span class='ocrx_word' id='word_1_474' title='bbox 2404 3109 2971 3176; x_wconf 82' lang='lat' dir='ltr'><strong>manducassepaseha</strong></span> <span class='ocrx_word' id='word_1_475' title='bbox 3002 3123 3123 3162; x_wconf 88' lang='lat' dir='ltr'><strong>eum</strong></span> <span class='ocrx_word' id='word_1_476' title='bbox 3157 3107 3457 3178; x_wconf 82' lang='lat' dir='ltr'><strong>discipulis.</strong></span> 
     </span>
    </p>
   </div>
   <div class='ocr_carea' id='block_1_60' title="bbox 263 3181 1812 3290">
    <p class='ocr_par' dir='ltr' id='par_1_60' title="bbox 263 3181 1812 3264">
     <span class='ocr_line' id='line_1_60' title="bbox 263 3181 1812 3264; baseline 0.01 -31"><span class='ocrx_word' id='word_1_477' title='bbox 263 3181 329 3234; x_wconf 80' lang='grc' dir='ltr'>τὸ</span> <span class='ocrx_word' id='word_1_478' title='bbox 362 3183 572 3253; x_wconf 78' lang='grc' dir='ltr'>Πάσχα,</span> <span class='ocrx_word' id='word_1_479' title='bbox 602 3185 660 3238; x_wconf 85' lang='grc' dir='ltr'><strong>οὐ</strong></span> <span class='ocrx_word' id='word_1_480' title='bbox 698 3186 853 3255; x_wconf 87' lang='grc' dir='ltr'>μόνον</span> <span class='ocrx_word' id='word_1_481' title='bbox 881 3189 1100 3246; x_wconf 73' lang='grc' dir='ltr'>εἰπόντα</span> <span class='ocrx_word' id='word_1_482' title='bbox 1141 3190 1218 3242; x_wconf 87' lang='grc' dir='ltr'>τό·</span> <span class='ocrx_word' id='word_1_483' title='bbox 1252 3207 1271 3241; x_wconf 70' lang='grc' dir='ltr'><strong>ι</strong></span> <span class='ocrx_word' id='word_1_484' title='bbox 1319 3191 1575 3264; x_wconf 78' lang='grc' dir='ltr'>ἐπιθυμίᾳ</span> <span class='ocrx_word' id='word_1_485' title='bbox 1617 3193 1812 3247; x_wconf 81' lang='grc' dir='ltr'>ἐπεθύ-</span> 
     </span>
    </p>
   </div>
   <div class='ocr_carea' id='block_1_61' title="bbox 1914 3181 3457 3290">
    <p class='ocr_par' dir='ltr' id='par_1_61' title="bbox 1917 3195 3457 3252">
     <span class='ocr_line' id='line_1_61' title="bbox 1917 3195 3457 3252; baseline 0 -2"><span class='ocrx_word' id='word_1_486' title='bbox 1917 3206 1972 3250; x_wconf 93' lang='lat' dir='ltr'><strong>et</strong></span> <span class='ocrx_word' id='word_1_487' title='bbox 2019 3212 2128 3250; x_wconf 90' lang='lat' dir='ltr'><strong>nou</strong></span> <span class='ocrx_word' id='word_1_488' title='bbox 2174 3195 2344 3251; x_wconf 79' lang='lat' dir='ltr'><strong>solum</strong></span> <span class='ocrx_word' id='word_1_489' title='bbox 2383 3196 2582 3250; x_wconf 78' lang='lat' dir='ltr'><strong>dixisse</strong></span> <span class='ocrx_word' id='word_1_490' title='bbox 2615 3213 2630 3248; x_wconf 92' lang='lat'><strong>:</strong></span> <span class='ocrx_word' id='word_1_491' title='bbox 2663 3213 2683 3247; x_wconf 75' lang='grc' dir='ltr'><strong>ι</strong></span> <span class='ocrx_word' id='word_1_492' title='bbox 2711 3196 2984 3251; x_wconf 86' lang='lat' dir='ltr'><strong>Desiderio</strong></span> <span class='ocrx_word' id='word_1_493' title='bbox 3023 3196 3321 3250; x_wconf 85' lang='lat' dir='ltr'><strong>desideravi</strong></span> <span class='ocrx_word' id='word_1_494' title='bbox 3354 3196 3457 3252; x_wconf 80' lang='lat' dir='ltr'><strong>hoc</strong></span> 
     </span>
    </p>
   </div>
   <div class='ocr_carea' id='block_1_62' title="bbox 266 3274 1812 3351">
    <p class='ocr_par' dir='ltr' id='par_1_62' title="bbox 266 3274 1812 3351">
     <span class='ocr_line' id='line_1_62' title="bbox 266 3274 1812 3351; baseline 0.01 -27"><span class='ocrx_word' id='word_1_495' title='bbox 266 3289 422 3342; x_wconf 86' lang='grc' dir='ltr'>μησα</span> <span class='ocrx_word' id='word_1_496' title='bbox 452 3274 607 3327; x_wconf 83' lang='grc' dir='ltr'>τοῦτο</span> <span class='ocrx_word' id='word_1_497' title='bbox 633 3275 692 3328; x_wconf 78' lang='grc' dir='ltr'>τὸ</span> <span class='ocrx_word' id='word_1_498' title='bbox 725 3277 911 3347; x_wconf 82' lang='grc' dir='ltr'>Πάσχα</span> <span class='ocrx_word' id='word_1_499' title='bbox 941 3283 1130 3348; x_wconf 81' lang='grc' dir='ltr'>φαγεῖν</span> <span class='ocrx_word' id='word_1_500' title='bbox 1165 3279 1280 3349; x_wconf 84' lang='grc' dir='ltr'>μεθ’</span> <span class='ocrx_word' id='word_1_501' title='bbox 1314 3282 1484 3351; x_wconf 81' lang='grc' dir='ltr'>ὑμῶν,</span> <span class='ocrx_word' id='word_1_502' title='bbox 1521 3303 1537 3334; x_wconf 83' lang='grc' dir='ltr'><strong>ι</strong></span> <span class='ocrx_word' id='word_1_503' title='bbox 1568 3284 1699 3337; x_wconf 79' lang='grc' dir='ltr'>ἀλλὰ</span> <span class='ocrx_word' id='word_1_504' title='bbox 1723 3287 1812 3338; x_wconf 82' lang='grc' dir='ltr'><strong>καὶ</strong></span> 
     </span>
    </p>
   </div>
   <div class='ocr_carea' id='block_1_63' title="bbox 265 3360 1810 3445">
    <p class='ocr_par' dir='ltr' id='par_1_63' title="bbox 265 3360 1810 3445">
     <span class='ocr_line' id='line_1_63' title="bbox 265 3360 1810 3445; baseline 0.01 -35"><span class='ocrx_word' id='word_1_505' title='bbox 265 3360 606 3431; x_wconf 79' lang='grc' dir='ltr'>βεϐρωκότα.</span> <span class='ocrx_word' id='word_1_506' title='bbox 635 3365 850 3432; x_wconf 84' lang='grc' dir='ltr'>Λεγέτω</span> <span class='ocrx_word' id='word_1_507' title='bbox 872 3367 916 3418; x_wconf 88' lang='grc' dir='ltr'><strong>δ’</strong></span> <span class='ocrx_word' id='word_1_508' title='bbox 946 3367 1105 3420; x_wconf 74' lang='grc' dir='ltr'>αὑτὸν</span> <span class='ocrx_word' id='word_1_509' title='bbox 1140 3369 1232 3420; x_wconf 74' lang='grc' dir='ltr'><strong>καὶ</strong></span> <span class='ocrx_word' id='word_1_510' title='bbox 1258 3368 1550 3440; x_wconf 71' lang='grc' dir='ltr'>διψήσαντα</span> <span class='ocrx_word' id='word_1_511' title='bbox 1575 3373 1721 3442; x_wconf 76' lang='grc' dir='ltr'>παρὰ</span> <span class='ocrx_word' id='word_1_512' title='bbox 1746 3379 1810 3445; x_wconf 85' lang='grc' dir='ltr'>τῇ</span> 
     </span>
    </p>
   </div>
   <div class='ocr_carea' id='block_1_64' title="bbox 262 3452 1812 3536">
    <p class='ocr_par' dir='ltr' id='par_1_64' title="bbox 262 3452 1812 3536">
     <span class='ocr_line' id='line_1_64' title="bbox 262 3452 1812 3536; baseline 0.01 -36"><span class='ocrx_word' id='word_1_513' title='bbox 262 3453 416 3519; x_wconf 83' lang='grc' dir='ltr'>πηγῇ</span> <span class='ocrx_word' id='word_1_514' title='bbox 455 3453 546 3504; x_wconf 79' lang='grc' dir='ltr'>τοῦ</span> <span class='ocrx_word' id='word_1_515' title='bbox 589 3452 782 3505; x_wconf 77' lang='grc' dir='ltr'>Ἰακὼϐ</span> <span class='ocrx_word' id='word_1_516' title='bbox 809 3458 1137 3510; x_wconf 77' lang='grc' dir='ltr'>πεπωκέναι’</span> <span class='ocrx_word' id='word_1_517' title='bbox 1168 3460 1218 3511; x_wconf 88' lang='grc' dir='ltr'><strong>τί</strong></span> <span class='ocrx_word' id='word_1_518' title='bbox 1250 3460 1405 3513; x_wconf 80' lang='grc' dir='ltr'>τοῦτο</span> <span class='ocrx_word' id='word_1_519' title='bbox 1429 3463 1562 3533; x_wconf 87' lang='grc' dir='ltr'>πρὸς</span> <span class='ocrx_word' id='word_1_520' title='bbox 1591 3465 1658 3518; x_wconf 72' lang='grc' dir='ltr'><strong>τά</strong></span> <span class='ocrx_word' id='word_1_521' title='bbox 1687 3466 1812 3536; x_wconf 75' lang='grc' dir='ltr'>περὶ</span> 
     </span>
    </p>
   </div>
   <div class='ocr_carea' id='block_1_65' title="bbox 258 3537 1810 3620">
    <p class='ocr_par' dir='ltr' id='par_1_65' title="bbox 258 3537 1810 3620">
     <span class='ocr_line' id='line_1_65' title="bbox 258 3537 1810 3620; baseline 0.012 -32"><span class='ocrx_word' id='word_1_522' title='bbox 258 3537 359 3589; x_wconf 76' lang='grc' dir='ltr'>τοῦ</span> <span class='ocrx_word' id='word_1_523' title='bbox 390 3538 638 3608; x_wconf 77' lang='grc' dir='ltr'>σώματος</span> <span class='ocrx_word' id='word_1_524' title='bbox 657 3543 819 3595; x_wconf 77' lang='grc' dir='ltr'>αὐτοῦ</span> <span class='ocrx_word' id='word_1_525' title='bbox 859 3545 945 3612; x_wconf 78' lang='grc' dir='ltr'><strong>ὑφ’</strong></span> <span class='ocrx_word' id='word_1_526' title='bbox 977 3547 1130 3615; x_wconf 81' lang='grc' dir='ltr'>ἡμῶν</span> <span class='ocrx_word' id='word_1_527' title='bbox 1171 3548 1465 3618; x_wconf 91' lang='grc' dir='ltr'>λεγόμενα;</span> <span class='ocrx_word' id='word_1_528' title='bbox 1516 3553 1705 3620; x_wconf 69' lang='grc' dir='ltr'>Σαφῶς</span> <span class='ocrx_word' id='word_1_529' title='bbox 1755 3554 1810 3606; x_wconf 85' lang='grc' dir='ltr'>δὲ</span> 
     </span>
    </p>
   </div>
   <div class='ocr_carea' id='block_1_66' title="bbox 260 3625 1811 3709">
    <p class='ocr_par' dir='ltr' id='par_1_66' title="bbox 260 3625 1811 3709">
     <span class='ocr_line' id='line_1_66' title="bbox 260 3625 1811 3709; baseline 0.014 -34"><span class='ocrx_word' id='word_1_530' title='bbox 260 3625 509 3694; x_wconf 77' lang='grc' dir='ltr'>φαίνεται</span> <span class='ocrx_word' id='word_1_531' title='bbox 544 3627 721 3696; x_wconf 74' lang='grc' dir='ltr'><strong>ἰχθύος</strong></span> <span class='ocrx_word' id='word_1_532' title='bbox 749 3631 884 3700; x_wconf 75' lang='grc' dir='ltr'>μετὰ</span> <span class='ocrx_word' id='word_1_533' title='bbox 913 3633 1009 3703; x_wconf 79' lang='grc' dir='ltr'><strong>τὴν</strong></span> <span class='ocrx_word' id='word_1_534' title='bbox 1036 3635 1321 3690; x_wconf 82' lang='grc' dir='ltr'>ἀνάστασιν</span> <span class='ocrx_word' id='word_1_535' title='bbox 1339 3639 1642 3709; x_wconf 79' lang='grc' dir='ltr'>βεϐρωκὼς·</span> <span class='ocrx_word' id='word_1_536' title='bbox 1674 3643 1811 3697; x_wconf 81' lang='grc' dir='ltr'>κατὰ</span> 
     </span>
    </p>
   </div>
   <div class='ocr_carea' id='block_1_67' title="bbox 257 3716 1810 3798">
    <p class='ocr_par' dir='ltr' id='par_1_67' title="bbox 257 3716 1810 3798">
     <span class='ocr_line' id='line_1_67' title="bbox 257 3716 1810 3798; baseline 0.012 -32"><span class='ocrx_word' id='word_1_537' title='bbox 257 3716 372 3787; x_wconf 66' lang='grc' dir='ltr'>γὰρ</span> <span class='ocrx_word' id='word_1_538' title='bbox 409 3718 554 3788; x_wconf 73' lang='grc' dir='ltr'>ἡμᾶς</span> <span class='ocrx_word' id='word_1_539' title='bbox 582 3717 740 3788; x_wconf 83' lang='grc' dir='ltr'>σῶμα</span> <span class='ocrx_word' id='word_1_540' title='bbox 770 3721 1053 3791; x_wconf 71' lang='grc' dir='ltr'>ἀνείληφεν</span> <span class='ocrx_word' id='word_1_541' title='bbox 1071 3764 1084 3787; x_wconf 90' lang='grc'><strong>,</strong></span> <span class='ocrx_word' id='word_1_542' title='bbox 1113 3723 1186 3788; x_wconf 82' lang='grc' dir='ltr'><strong>ὡς</strong></span> <span class='ocrx_word' id='word_1_543' title='bbox 1209 3727 1494 3796; x_wconf 85' lang='grc' dir='ltr'>γενόμενος</span> <span class='ocrx_word' id='word_1_544' title='bbox 1524 3732 1586 3782; x_wconf 78' lang='grc' dir='ltr'><strong>ἐκ</strong></span> <span class='ocrx_word' id='word_1_545' title='bbox 1627 3747 1810 3798; x_wconf 85' lang='grc' dir='ltr'>γυναι-</span> 
     </span>
    </p>
   </div>
   <div class='ocr_carea' id='block_1_68' title="bbox 258 3806 1810 3889">
    <p class='ocr_par' dir='ltr' id='par_1_68' title="bbox 258 3806 1810 3889">
     <span class='ocr_line' id='line_1_68' title="bbox 258 3806 1810 3889; baseline 0.013 -33"><span class='ocrx_word' id='word_1_546' title='bbox 258 3806 376 3870; x_wconf 84' lang='grc' dir='ltr'>κός.</span> <span class='ocrx_word' id='word_1_547' title='bbox 407 3825 426 3857; x_wconf 71' lang='grc' dir='ltr'><strong>ι</strong></span> <span class='ocrx_word' id='word_1_548' title='bbox 459 3806 596 3859; x_wconf 60' lang='grc' dir='ltr'>Ἀλλ’</span> <span class='ocrx_word' id='word_1_549' title='bbox 637 3809 755 3865; x_wconf 76' lang='grc' dir='ltr'>οὐδὲ</span> <span class='ocrx_word' id='word_1_550' title='bbox 794 3813 950 3884; x_wconf 84' lang='grc' dir='ltr'>σῶμα</span> <span class='ocrx_word' id='word_1_551' title='bbox 975 3853 990 3878; x_wconf 89' lang='grc'><strong>,</strong></span> <span class='ocrx_word' id='word_1_552' title='bbox 1030 3817 1195 3887; x_wconf 67' lang='grc' dir='ltr'>φησι,</span> <span class='ocrx_word' id='word_1_553' title='bbox 1257 3815 1388 3869; x_wconf 81' lang='grc' dir='ltr'>Θεοῦ</span> <span class='ocrx_word' id='word_1_554' title='bbox 1418 3820 1810 3889; x_wconf 79' lang='grc' dir='ltr'>χρῆταιτοιαύ-</span> 
     </span>
    </p>
   </div>
   <div class='ocr_carea' id='block_1_69' title="bbox 254 3898 1806 3982">
    <p class='ocr_par' dir='ltr' id='par_1_69' title="bbox 254 3898 1806 3982">
     <span class='ocr_line' id='line_1_69' title="bbox 254 3898 1806 3982; baseline 0.01 -34"><span class='ocrx_word' id='word_1_555' title='bbox 254 3912 329 3970; x_wconf 81' lang='grc' dir='ltr'>τῃ</span> <span class='ocrx_word' id='word_1_556' title='bbox 361 3900 531 3968; x_wconf 69' lang='grc' dir='ltr'>φωνῇ,</span> <span class='ocrx_word' id='word_1_557' title='bbox 563 3898 682 3951; x_wconf 71' lang='grc' dir='ltr'>οὐδὲ</span> <span class='ocrx_word' id='word_1_558' title='bbox 709 3901 884 3972; x_wconf 85' lang='grc' dir='ltr'>τοιᾷδε</span> <span class='ocrx_word' id='word_1_559' title='bbox 912 3902 1104 3956; x_wconf 88' lang='grc' dir='ltr'>πειθοῖ.</span> <span class='ocrx_word' id='word_1_560' title='bbox 1145 3924 1161 3955; x_wconf 76' lang='grc' dir='ltr'><strong>ι</strong></span> <span class='ocrx_word' id='word_1_561' title='bbox 1200 3907 1306 3958; x_wconf 71' lang='grc' dir='ltr'><strong>Καὶ</strong></span> <span class='ocrx_word' id='word_1_562' title='bbox 1341 3908 1507 3962; x_wconf 77' lang='grc' dir='ltr'>ταῦτα</span> <span class='ocrx_word' id='word_1_563' title='bbox 1543 3909 1586 3960; x_wconf 83' lang='grc' dir='ltr'><strong>δ’</strong></span> <span class='ocrx_word' id='word_1_564' title='bbox 1621 3912 1806 3982; x_wconf 75' lang='grc' dir='ltr'>εὐτελῆ</span> 
     </span>
    </p>
   </div>
   <div class='ocr_carea' id='block_1_70' title="bbox 180 3981 1807 4068">
    <p class='ocr_par' dir='ltr' id='par_1_70' title="bbox 180 3981 1807 4068">
     <span class='ocr_line' id='line_1_70' title="bbox 180 3981 1807 4068; baseline 0.009 -31"><span class='ocrx_word' id='word_1_565' title='bbox 180 3981 184 3984; x_wconf 51' lang='grc'><em>“</em></span> <span class='ocrx_word' id='word_1_566' title='bbox 255 3987 354 4038; x_wconf 73' lang='grc' dir='ltr'><strong>καὶ</strong></span> <span class='ocrx_word' id='word_1_567' title='bbox 393 3987 595 4056; x_wconf 77' lang='grc' dir='ltr'>σφόδρα</span> <span class='ocrx_word' id='word_1_568' title='bbox 626 3989 1090 4063; x_wconf 71' lang='grc' dir='ltr'>εὐκαταφρόνητα·</span> <span class='ocrx_word' id='word_1_569' title='bbox 1116 3990 1386 4058; x_wconf 76' lang='grc' dir='ltr'>λελέξεται</span> <span class='ocrx_word' id='word_1_570' title='bbox 1420 3999 1524 4068; x_wconf 75' lang='grc' dir='ltr'><strong>γὰρ</strong></span> <span class='ocrx_word' id='word_1_571' title='bbox 1553 4000 1684 4068; x_wconf 79' lang='grc' dir='ltr'>πρὸς</span> <span class='ocrx_word' id='word_1_572' title='bbox 1714 3981 1807 4051; x_wconf 54' lang='lat' dir='ltr'><strong>ab?</strong></span> 
     </span>
    </p>
   </div>
   <div class='ocr_carea' id='block_1_71' title="bbox 251 4075 1804 4156">
    <p class='ocr_par' dir='ltr' id='par_1_71' title="bbox 251 4075 1804 4156">
     <span class='ocr_line' id='line_1_71' title="bbox 251 4075 1804 4156; baseline 0.008 -28"><span class='ocrx_word' id='word_1_573' title='bbox 251 4075 367 4140; x_wconf 80' lang='grc' dir='ltr'>τὸν,</span> <span class='ocrx_word' id='word_1_574' title='bbox 397 4077 478 4129; x_wconf 81' lang='grc' dir='ltr'><strong>ὅτι</strong></span> <span class='ocrx_word' id='word_1_575' title='bbox 503 4078 699 4148; x_wconf 81' lang='grc' dir='ltr'>χρῆται</span> <span class='ocrx_word' id='word_1_576' title='bbox 726 4081 753 4132; x_wconf 97' lang='lat'><strong>6</strong></span> <span class='ocrx_word' id='word_1_577' title='bbox 782 4084 1210 4152; x_wconf 74' lang='grc' dir='ltr'>πεπιστευμένος</span> <span class='ocrx_word' id='word_1_578' title='bbox 1235 4088 1361 4154; x_wconf 88' lang='grc' dir='ltr'>παρ’</span> <span class='ocrx_word' id='word_1_579' title='bbox 1391 4087 1638 4156; x_wconf 79' lang='grc' dir='ltr'>Ἕλλησιν</span> <span class='ocrx_word' id='word_1_580' title='bbox 1669 4084 1804 4141; x_wconf 78' lang='grc' dir='ltr'>εἶναι</span> 
     </span>
    </p>
   </div>
   <div class='ocr_carea' id='block_1_72' title="bbox 253 4166 1805 4246">
    <p class='ocr_par' dir='ltr' id='par_1_72' title="bbox 253 4166 1805 4246">
     <span class='ocr_line' id='line_1_72' title="bbox 253 4166 1805 4246; baseline 0.007 -29"><span class='ocrx_word' id='word_1_581' title='bbox 253 4166 410 4229; x_wconf 78' lang='grc' dir='ltr'>θεὸς,</span> <span class='ocrx_word' id='word_1_582' title='bbox 438 4169 466 4219; x_wconf 91' lang='grc' dir='ltr'><strong>ό</strong></span> <span class='ocrx_word' id='word_1_583' title='bbox 497 4167 721 4232; x_wconf 78' lang='grc' dir='ltr'>Πύθιος,</span> <span class='ocrx_word' id='word_1_584' title='bbox 756 4171 848 4223; x_wconf 75' lang='grc' dir='ltr'><strong>καὶ</strong></span> <span class='ocrx_word' id='word_1_585' title='bbox 881 4174 908 4222; x_wconf 93' lang='lat'><strong>6</strong></span> <span class='ocrx_word' id='word_1_586' title='bbox 944 4173 1198 4240; x_wconf 79' lang='grc' dir='ltr'>Διδυμεὺς</span> <span class='ocrx_word' id='word_1_587' title='bbox 1229 4174 1402 4243; x_wconf 70' lang='grc' dir='ltr'>τοιᾷδε</span> <span class='ocrx_word' id='word_1_588' title='bbox 1425 4179 1568 4245; x_wconf 69' lang='grc' dir='ltr'>φωνῇ</span> <span class='ocrx_word' id='word_1_589' title='bbox 1599 4179 1662 4246; x_wconf 76' lang='grc' dir='ltr'>τῇ</span> <span class='ocrx_word' id='word_1_590' title='bbox 1707 4178 1805 4246; x_wconf 82' lang='grc' dir='ltr'><strong>τῆς</strong></span> 
     </span>
    </p>
   </div>
   <div class='ocr_carea' id='block_1_73' title="bbox 250 4254 1804 4334">
    <p class='ocr_par' dir='ltr' id='par_1_73' title="bbox 250 4254 1804 4334">
     <span class='ocr_line' id='line_1_73' title="bbox 250 4254 1804 4334; baseline 0.007 -28"><span class='ocrx_word' id='word_1_591' title='bbox 250 4254 476 4317; x_wconf 85' lang='grc' dir='ltr'>Πυθίας,</span> <span class='ocrx_word' id='word_1_592' title='bbox 504 4257 536 4325; x_wconf 81' lang='grc' dir='ltr'><strong>ἥ</strong></span> <span class='ocrx_word' id='word_1_593' title='bbox 569 4256 668 4326; x_wconf 79' lang='grc' dir='ltr'><strong>τῆς</strong></span> <span class='ocrx_word' id='word_1_594' title='bbox 696 4260 752 4309; x_wconf 85' lang='grc' dir='ltr'><strong>ὲν</strong></span> <span class='ocrx_word' id='word_1_595' title='bbox 777 4258 994 4329; x_wconf 80' lang='grc' dir='ltr'>Μιλήτῳ</span> <span class='ocrx_word' id='word_1_596' title='bbox 1023 4262 1314 4332; x_wconf 81' lang='grc' dir='ltr'>γενομένης</span> <span class='ocrx_word' id='word_1_597' title='bbox 1345 4263 1685 4334; x_wconf 69' lang='grc' dir='ltr'>προφήτιδος,</span> <span class='ocrx_word' id='word_1_598' title='bbox 1713 4266 1804 4317; x_wconf 77' lang='grc' dir='ltr'><strong>καὶ</strong></span> 
     </span>
    </p>
   </div>
   <div class='ocr_carea' id='block_1_74' title="bbox 248 4343 1803 4422">
    <p class='ocr_par' dir='ltr' id='par_1_74' title="bbox 248 4343 1803 4422">
     <span class='ocr_line' id='line_1_74' title="bbox 248 4343 1803 4422; baseline 0.008 -27"><span class='ocrx_word' id='word_1_599' title='bbox 248 4345 314 4396; x_wconf 87' lang='grc' dir='ltr'><strong>οὐ</strong></span> <span class='ocrx_word' id='word_1_600' title='bbox 341 4343 427 4396; x_wconf 75' lang='grc' dir='ltr'><strong>διὰ</strong></span> <span class='ocrx_word' id='word_1_601' title='bbox 450 4346 608 4398; x_wconf 78' lang='grc' dir='ltr'>τοῦτο</span> <span class='ocrx_word' id='word_1_602' title='bbox 628 4347 934 4413; x_wconf 75' lang='grc' dir='ltr'>ἐγκαλεῖται</span> <span class='ocrx_word' id='word_1_603' title='bbox 970 4352 1097 4421; x_wconf 85' lang='grc' dir='ltr'>παρ’</span> <span class='ocrx_word' id='word_1_604' title='bbox 1135 4351 1385 4422; x_wconf 79' lang='grc' dir='ltr'>Ἕλλησιν</span> <span class='ocrx_word' id='word_1_605' title='bbox 1416 4353 1491 4416; x_wconf 80' lang='grc' dir='ltr'><strong>ὡς</strong></span> <span class='ocrx_word' id='word_1_606' title='bbox 1531 4355 1594 4414; x_wconf 75' lang='grc' dir='ltr'><strong>οὐ</strong></span> <span class='ocrx_word' id='word_1_607' title='bbox 1623 4354 1742 4417; x_wconf 79' lang='grc' dir='ltr'>θεὸς</span> <span class='ocrx_word' id='word_1_608' title='bbox 1775 4357 1803 4408; x_wconf 90' lang='lat'><strong>6</strong></span> 
     </span>
    </p>
   </div>
   <div class='ocr_carea' id='block_1_75' title="bbox 248 4433 1803 4518">
    <p class='ocr_par' dir='ltr' id='par_1_75' title="bbox 248 4433 1803 4518">
     <span class='ocr_line' id='line_1_75' title="bbox 248 4433 1803 4518; baseline 0.007 -30"><span class='ocrx_word' id='word_1_609' title='bbox 248 4433 471 4499; x_wconf 82' lang='grc' dir='ltr'>Πύθιος,</span> <span class='ocrx_word' id='word_1_610' title='bbox 501 4436 533 4506; x_wconf 82' lang='grc' dir='ltr'>ἦ</span> <span class='ocrx_word' id='word_1_611' title='bbox 563 4440 590 4489; x_wconf 90' lang='grc' dir='ltr'>ὁ</span> <span class='ocrx_word' id='word_1_612' title='bbox 622 4439 900 4510; x_wconf 72' lang='grc' dir='ltr'>Διδυμεὺς,</span> <span class='ocrx_word' id='word_1_613' title='bbox 929 4440 960 4510; x_wconf 82' lang='grc' dir='ltr'><strong>ῆ</strong></span> <span class='ocrx_word' id='word_1_614' title='bbox 993 4457 1073 4504; x_wconf 82' lang='grc' dir='ltr'>τις</span> <span class='ocrx_word' id='word_1_615' title='bbox 1099 4441 1252 4505; x_wconf 75' lang='grc' dir='ltr'>ἄλλος</span> <span class='ocrx_word' id='word_1_616' title='bbox 1285 4445 1517 4508; x_wconf 73' lang='grc' dir='ltr'>τοιοῦτος</span> <span class='ocrx_word' id='word_1_617' title='bbox 1557 4447 1634 4498; x_wconf 79' lang='grc' dir='ltr'>ἐνὶ</span> <span class='ocrx_word' id='word_1_618' title='bbox 1658 4447 1803 4518; x_wconf 84' lang='grc' dir='ltr'>τόπῳ</span> 
     </span>
    </p>
   </div>
   <div class='ocr_carea' id='block_1_76' title="bbox 1915 3285 3456 3352">
    <p class='ocr_par' dir='ltr' id='par_1_76' title="bbox 1915 3285 3456 3352">
     <span class='ocr_line' id='line_1_76' title="bbox 1915 3285 3456 3352; baseline 0.003 -16"><span class='ocrx_word' id='word_1_619' title='bbox 1915 3285 2110 3352; x_wconf 87' lang='lat' dir='ltr'><strong>pascha</strong></span> <span class='ocrx_word' id='word_1_620' title='bbox 2148 3285 2471 3339; x_wconf 87' lang='lat' dir='ltr'><strong>manducare</strong></span> <span class='ocrx_word' id='word_1_621' title='bbox 2498 3285 2858 3349; x_wconf 79' lang='lat' dir='ltr'><strong>vobiscum“,</strong></span> <span class='ocrx_word' id='word_1_622' title='bbox 2892 3303 2913 3338; x_wconf 72' lang='grc' dir='ltr'><strong>ι</strong></span> <span class='ocrx_word' id='word_1_623' title='bbox 2951 3286 3048 3339; x_wconf 92' lang='lat' dir='ltr'><strong>sed</strong></span> <span class='ocrx_word' id='word_1_624' title='bbox 3077 3286 3235 3338; x_wconf 89' lang='lat' dir='ltr'><strong>etiam</strong></span> <span class='ocrx_word' id='word_1_625' title='bbox 3271 3300 3456 3341; x_wconf 79' lang='lat' dir='ltr'><strong>revera</strong></span> 
     </span>
    </p>
   </div>
   <div class='ocr_carea' id='block_1_77' title="bbox 1916 3367 3455 3448">
    <p class='ocr_par' dir='ltr' id='par_1_77' title="bbox 1916 3367 3455 3448">
     <span class='ocr_line' id='line_1_77' title="bbox 1916 3367 3455 3448; baseline 0.005 -22"><span class='ocrx_word' id='word_1_626' title='bbox 1916 3374 2367 3439; x_wconf 87' lang='lat' dir='ltr'><strong>manducavisse;</strong></span> <span class='ocrx_word' id='word_1_627' title='bbox 2422 3373 2589 3429; x_wconf 88' lang='lat' dir='ltr'><strong>addat</strong></span> <span class='ocrx_word' id='word_1_628' title='bbox 2635 3375 2796 3429; x_wconf 89' lang='lat' dir='ltr'><strong>etiam</strong></span> <span class='ocrx_word' id='word_1_629' title='bbox 2841 3376 3110 3431; x_wconf 88' lang='lat' dir='ltr'><strong>sitientem</strong></span> <span class='ocrx_word' id='word_1_630' title='bbox 3136 3379 3204 3432; x_wconf 92' lang='lat' dir='ltr'><strong>ad</strong></span> <span class='ocrx_word' id='word_1_631' title='bbox 3240 3367 3455 3448; x_wconf 84' lang='lat' dir='ltr'><strong>puteum</strong></span> 
     </span>
    </p>
   </div>
   <div class='ocr_carea' id='block_1_78' title="bbox 1910 3456 3457 3536">
    <p class='ocr_par' dir='ltr' id='par_1_78' title="bbox 1910 3456 3457 3536">
     <span class='ocr_line' id='line_1_78' title="bbox 1910 3456 3457 3536; baseline 0.004 -20"><span class='ocrx_word' id='word_1_632' title='bbox 1910 3461 2074 3517; x_wconf 82' lang='lat' dir='ltr'><strong>Jacob</strong></span> <span class='ocrx_word' id='word_1_633' title='bbox 2103 3465 2302 3519; x_wconf 88' lang='lat' dir='ltr'><strong>bibisse</strong></span> <span class='ocrx_word' id='word_1_634' title='bbox 2323 3466 2390 3526; x_wconf 80' lang='grc'><strong>⁷³,</strong></span> <span class='ocrx_word' id='word_1_635' title='bbox 2439 3466 2572 3535; x_wconf 86' lang='lat' dir='ltr'><strong>quid</strong></span> <span class='ocrx_word' id='word_1_636' title='bbox 2627 3456 2732 3522; x_wconf 84' lang='lat' dir='ltr'><strong>lioc</strong></span> <span class='ocrx_word' id='word_1_637' title='bbox 2760 3475 2950 3522; x_wconf 88' lang='lat' dir='ltr'><strong>contra</strong></span> <span class='ocrx_word' id='word_1_638' title='bbox 2980 3482 3042 3521; x_wconf 87' lang='lat' dir='ltr'><strong>ea</strong></span> <span class='ocrx_word' id='word_1_639' title='bbox 3073 3482 3192 3536; x_wconf 68' lang='lat' dir='ltr'><strong>qure</strong></span> <span class='ocrx_word' id='word_1_640' title='bbox 3243 3468 3305 3522; x_wconf 89' lang='lat' dir='ltr'><strong>de</strong></span> <span class='ocrx_word' id='word_1_641' title='bbox 3339 3468 3457 3534; x_wconf 80' lang='lat' dir='ltr'><strong>eius</strong></span> 
     </span>
    </p>
   </div>
   <div class='ocr_carea' id='block_1_79' title="bbox 1910 3555 3452 3628">
    <p class='ocr_par' dir='ltr' id='par_1_79' title="bbox 1910 3555 3452 3628">
     <span class='ocr_line' id='line_1_79' title="bbox 1910 3555 3452 3628; baseline 0.003 -21"><span class='ocrx_word' id='word_1_642' title='bbox 1910 3569 2138 3622; x_wconf 89' lang='lat' dir='ltr'><strong>corpore</strong></span> <span class='ocrx_word' id='word_1_643' title='bbox 2171 3555 2678 3612; x_wconf 84' lang='lat' dir='ltr'><strong>dicimus?Constat</strong></span> <span class='ocrx_word' id='word_1_644' title='bbox 2700 3573 2821 3612; x_wconf 92' lang='lat' dir='ltr'><strong>eum</strong></span> <span class='ocrx_word' id='word_1_645' title='bbox 2849 3566 2968 3628; x_wconf 87' lang='lat' dir='ltr'><strong>post</strong></span> <span class='ocrx_word' id='word_1_646' title='bbox 3001 3559 3452 3615; x_wconf 84' lang='lat' dir='ltr'><strong>resurrectionem</strong></span> 
     </span>
    </p>
   </div>
   <div class='ocr_carea' id='block_1_80' title="bbox 1911 3644 3451 3715">
    <p class='ocr_par' dir='ltr' id='par_1_80' title="bbox 1911 3644 3451 3715">
     <span class='ocr_line' id='line_1_80' title="bbox 1911 3644 3451 3715; baseline 0.004 -19"><span class='ocrx_word' id='word_1_647' title='bbox 1911 3644 2110 3712; x_wconf 88' lang='lat' dir='ltr'><strong>piscem</strong></span> <span class='ocrx_word' id='word_1_648' title='bbox 2135 3645 2391 3700; x_wconf 77' lang='lat' dir='ltr'><strong>edisse”.</strong></span> <span class='ocrx_word' id='word_1_649' title='bbox 2434 3645 2626 3701; x_wconf 86' lang='lat' dir='ltr'><strong>Nostra</strong></span> <span class='ocrx_word' id='word_1_650' title='bbox 2667 3648 2810 3702; x_wconf 84' lang='lat' dir='ltr'><strong>enim</strong></span> <span class='ocrx_word' id='word_1_651' title='bbox 2852 3647 3117 3701; x_wconf 80' lang='lat' dir='ltr'><strong>sententia</strong></span> <span class='ocrx_word' id='word_1_652' title='bbox 3153 3655 3272 3715; x_wconf 88' lang='lat' dir='ltr'><strong>est,</strong></span> <span class='ocrx_word' id='word_1_653' title='bbox 3301 3647 3451 3702; x_wconf 90' lang='lat' dir='ltr'><strong>illum</strong></span> 
     </span>
    </p>
   </div>
   <div class='ocr_carea' id='block_1_81' title="bbox 1911 3735 3454 3803">
    <p class='ocr_par' dir='ltr' id='par_1_81' title="bbox 1911 3735 3454 3803">
     <span class='ocr_line' id='line_1_81' title="bbox 1911 3735 3454 3803; baseline 0.005 -16"><span class='ocrx_word' id='word_1_654' title='bbox 1911 3735 2147 3789; x_wconf 89' lang='lat' dir='ltr'><strong>induisse</strong></span> <span class='ocrx_word' id='word_1_655' title='bbox 2175 3750 2392 3803; x_wconf 81' lang='lat' dir='ltr'><strong>corpus,</strong></span> <span class='ocrx_word' id='word_1_656' title='bbox 2422 3745 2606 3803; x_wconf 87' lang='lat' dir='ltr'><strong>utpote</strong></span> <span class='ocrx_word' id='word_1_657' title='bbox 2647 3746 2829 3790; x_wconf 88' lang='lat' dir='ltr'><strong>natum</strong></span> <span class='ocrx_word' id='word_1_658' title='bbox 2878 3751 2908 3790; x_wconf 87' lang='lat' dir='ltr'><strong>e</strong></span> <span class='ocrx_word' id='word_1_659' title='bbox 2943 3736 3163 3794; x_wconf 87' lang='lat' dir='ltr'><strong>femina.</strong></span> <span class='ocrx_word' id='word_1_660' title='bbox 3206 3755 3226 3789; x_wconf 84' lang='grc'><em>‹</em></span> <span class='ocrx_word' id='word_1_661' title='bbox 3268 3739 3454 3794; x_wconf 84' lang='lat' dir='ltr'><strong>Attali</strong></span> 
     </span>
    </p>
   </div>
   <div class='ocr_carea' id='block_1_82' title="bbox 1909 3823 3456 3895">
    <p class='ocr_par' dir='ltr' id='par_1_82' title="bbox 1909 3823 3456 3895">
     <span class='ocr_line' id='line_1_82' title="bbox 1909 3823 3456 3895; baseline 0.004 -19"><span class='ocrx_word' id='word_1_662' title='bbox 1909 3839 2060 3886; x_wconf 88' lang='lat' dir='ltr'><strong>voce,</strong></span> <span class='ocrx_word' id='word_1_663' title='bbox 2087 3824 2279 3890; x_wconf 86' lang='lat' dir='ltr'><strong>inquit,</strong></span> <span class='ocrx_word' id='word_1_664' title='bbox 2311 3837 2414 3874; x_wconf 87' lang='lat' dir='ltr'><strong>non</strong></span> <span class='ocrx_word' id='word_1_665' title='bbox 2451 3823 2618 3876; x_wconf 82' lang='lat' dir='ltr'><strong>utitur</strong></span> <span class='ocrx_word' id='word_1_666' title='bbox 2649 3824 2739 3877; x_wconf 91' lang='lat' dir='ltr'><strong>Dei</strong></span> <span class='ocrx_word' id='word_1_667' title='bbox 2767 3838 2962 3892; x_wconf 89' lang='lat' dir='ltr'><strong>corpus</strong></span> <span class='ocrx_word' id='word_1_668' title='bbox 2991 3840 3089 3879; x_wconf 91' lang='lat' dir='ltr'><strong>nec</strong></span> <span class='ocrx_word' id='word_1_669' title='bbox 3115 3825 3308 3880; x_wconf 89' lang='lat' dir='ltr'><strong>talibus</strong></span> <span class='ocrx_word' id='word_1_670' title='bbox 3337 3841 3456 3895; x_wconf 87' lang='lat' dir='ltr'><strong>per-</strong></span> 
     </span>
    </p>
   </div>
   <div class='ocr_carea' id='block_1_83' title="bbox 1909 3912 3454 3991">
    <p class='ocr_par' dir='ltr' id='par_1_83' title="bbox 1909 3912 3454 3991">
     <span class='ocr_line' id='line_1_83' title="bbox 1909 3912 3454 3991; baseline 0.005 -26"><span class='ocrx_word' id='word_1_671' title='bbox 1909 3912 2162 3965; x_wconf 77' lang='lat' dir='ltr'><strong>suadendi</strong></span> <span class='ocrx_word' id='word_1_672' title='bbox 2194 3912 2384 3991; x_wconf 81' lang='lat' dir='ltr'><strong>modis.</strong></span> <span class='ocrx_word' id='word_1_673' title='bbox 2425 3931 2443 3962; x_wconf 84' lang='grc'>›</span> <span class='ocrx_word' id='word_1_674' title='bbox 2478 3912 2602 3966; x_wconf 68' lang='lat' dir='ltr'><strong>Hmc</strong></span> <span class='ocrx_word' id='word_1_675' title='bbox 2650 3914 2815 3968; x_wconf 87' lang='lat' dir='ltr'><strong>etiam</strong></span> <span class='ocrx_word' id='word_1_676' title='bbox 2846 3913 2968 3965; x_wconf 83' lang='lat' dir='ltr'><strong>vilia</strong></span> <span class='ocrx_word' id='word_1_677' title='bbox 3020 3927 3144 3968; x_wconf 91' lang='lat' dir='ltr'><strong>sunt</strong></span> <span class='ocrx_word' id='word_1_678' title='bbox 3188 3931 3251 3970; x_wconf 89' lang='lat' dir='ltr'><strong>ae</strong></span> <span class='ocrx_word' id='word_1_679' title='bbox 3298 3917 3454 3971; x_wconf 81' lang='lat' dir='ltr'><strong>valde</strong></span> 
     </span>
    </p>
   </div>
   <div class='ocr_carea' id='block_1_84' title="bbox 1908 4002 3448 4078">
    <p class='ocr_par' dir='ltr' id='par_1_84' title="bbox 1908 4002 3448 4078">
     <span class='ocr_line' id='line_1_84' title="bbox 1908 4002 3448 4078; baseline 0.005 -23"><span class='ocrx_word' id='word_1_680' title='bbox 1908 4003 2319 4057; x_wconf 82' lang='lat' dir='ltr'><strong>contemnenda.</strong></span> <span class='ocrx_word' id='word_1_681' title='bbox 2350 4002 2480 4056; x_wconf 78' lang='lat' dir='ltr'><strong>Nam</strong></span> <span class='ocrx_word' id='word_1_682' title='bbox 2513 4005 2670 4059; x_wconf 79' lang='lat' dir='ltr'><strong>Celso</strong></span> <span class='ocrx_word' id='word_1_683' title='bbox 2700 4006 2818 4071; x_wconf 86' lang='lat' dir='ltr'><strong>quis</strong></span> <span class='ocrx_word' id='word_1_684' title='bbox 2845 4006 3042 4060; x_wconf 78' lang='lat' dir='ltr'><strong>dixerit</strong></span> <span class='ocrx_word' id='word_1_685' title='bbox 3072 4005 3322 4075; x_wconf 81' lang='lat' dir='ltr'><strong>Pythium</strong></span> <span class='ocrx_word' id='word_1_686' title='bbox 3354 4012 3448 4078; x_wconf 89' lang='lat' dir='ltr'><strong>qui</strong></span> 
     </span>
    </p>
   </div>
   <div class='ocr_carea' id='block_1_85' title="bbox 1906 4091 3452 4166">
    <p class='ocr_par' dir='ltr' id='par_1_85' title="bbox 1906 4091 3452 4166">
     <span class='ocr_line' id='line_1_85' title="bbox 1906 4091 3452 4166; baseline 0.006 -22"><span class='ocrx_word' id='word_1_687' title='bbox 1906 4107 1934 4144; x_wconf 91' lang='lat' dir='ltr'><strong>a</strong></span> <span class='ocrx_word' id='word_1_688' title='bbox 1969 4091 2166 4148; x_wconf 64' lang='lat' dir='ltr'><strong>Graecis</strong></span> <span class='ocrx_word' id='word_1_689' title='bbox 2210 4095 2338 4148; x_wconf 90' lang='lat' dir='ltr'><strong>deus</strong></span> <span class='ocrx_word' id='word_1_690' title='bbox 2380 4096 2624 4158; x_wconf 84' lang='lat' dir='ltr'><strong>habetur,</strong></span> <span class='ocrx_word' id='word_1_691' title='bbox 2656 4103 2709 4148; x_wconf 90' lang='lat' dir='ltr'><strong>et</strong></span> <span class='ocrx_word' id='word_1_692' title='bbox 2741 4095 3054 4164; x_wconf 85' lang='lat' dir='ltr'><strong>Didymeum</strong></span> <span class='ocrx_word' id='word_1_693' title='bbox 3086 4098 3345 4166; x_wconf 89' lang='lat' dir='ltr'><strong>ejusmodi</strong></span> <span class='ocrx_word' id='word_1_694' title='bbox 3375 4101 3452 4154; x_wconf 85' lang='lat' dir='ltr'><strong>uti</strong></span> 
     </span>
    </p>
   </div>
   <div class='ocr_carea' id='block_1_86' title="bbox 1905 4183 3453 4257">
    <p class='ocr_par' dir='ltr' id='par_1_86' title="bbox 1905 4183 3453 4257">
     <span class='ocr_line' id='line_1_86' title="bbox 1905 4183 3453 4257; baseline 0.008 -26"><span class='ocrx_word' id='word_1_695' title='bbox 1905 4195 2056 4243; x_wconf 84' lang='lat' dir='ltr'><strong>voce,</strong></span> <span class='ocrx_word' id='word_1_696' title='bbox 2092 4198 2284 4251; x_wconf 86' lang='lat' dir='ltr'><strong>nempe</strong></span> <span class='ocrx_word' id='word_1_697' title='bbox 2316 4183 2515 4252; x_wconf 73' lang='lat' dir='ltr'><strong>Pythia:</strong></span> <span class='ocrx_word' id='word_1_698' title='bbox 2557 4193 2652 4236; x_wconf 90' lang='lat' dir='ltr'><strong>aut</strong></span> <span class='ocrx_word' id='word_1_699' title='bbox 2676 4183 2925 4241; x_wconf 72' lang='lat' dir='ltr'><strong>Miletinm</strong></span> <span class='ocrx_word' id='word_1_700' title='bbox 2957 4188 3319 4257; x_wconf 81' lang='lat' dir='ltr'><strong>propltctidis;</strong></span> <span class='ocrx_word' id='word_1_701' title='bbox 3355 4204 3453 4244; x_wconf 88' lang='lat' dir='ltr'><strong>nec</strong></span> 
     </span>
    </p>
   </div>
   <div class='ocr_carea' id='block_1_87' title="bbox 1905 4271 3452 4347">
    <p class='ocr_par' dir='ltr' id='par_1_87' title="bbox 1905 4271 3452 4347">
     <span class='ocr_line' id='line_1_87' title="bbox 1905 4271 3452 4347; baseline 0.006 -23"><span class='ocrx_word' id='word_1_702' title='bbox 1905 4271 2108 4327; x_wconf 90' lang='lat' dir='ltr'><strong>idcirco</strong></span> <span class='ocrx_word' id='word_1_703' title='bbox 2140 4287 2314 4327; x_wconf 89' lang='lat' dir='ltr'><strong>tamen</strong></span> <span class='ocrx_word' id='word_1_704' title='bbox 2343 4290 2373 4328; x_wconf 91' lang='lat' dir='ltr'><strong>e</strong></span> <span class='ocrx_word' id='word_1_705' title='bbox 2421 4289 2642 4328; x_wconf 85' lang='lat' dir='ltr'><strong>munero</strong></span> <span class='ocrx_word' id='word_1_706' title='bbox 2683 4277 2906 4330; x_wconf 88' lang='lat' dir='ltr'><strong>deorum</strong></span> <span class='ocrx_word' id='word_1_707' title='bbox 2939 4279 3154 4332; x_wconf 76' lang='lat' dir='ltr'><strong>excludi</strong></span> <span class='ocrx_word' id='word_1_708' title='bbox 3202 4278 3452 4347; x_wconf 82' lang='lat' dir='ltr'><strong>Pythium</strong></span> 
     </span>
    </p>
   </div>
   <div class='ocr_carea' id='block_1_88' title="bbox 1905 4365 3456 4435">
    <p class='ocr_par' dir='ltr' id='par_1_88' title="bbox 1905 4365 3456 4435">
     <span class='ocr_line' id='line_1_88' title="bbox 1905 4365 3456 4435; baseline 0.008 -21"><span class='ocrx_word' id='word_1_709' title='bbox 1905 4372 1995 4416; x_wconf 90' lang='lat' dir='ltr'><strong>aut</strong></span> <span class='ocrx_word' id='word_1_710' title='bbox 2028 4365 2338 4432; x_wconf 79' lang='lat' dir='ltr'><strong>Didymeum</strong></span> <span class='ocrx_word' id='word_1_711' title='bbox 2370 4367 2450 4419; x_wconf 83' lang='lat' dir='ltr'><strong>vel</strong></span> <span class='ocrx_word' id='word_1_712' title='bbox 2486 4370 2779 4435; x_wconf 89' lang='lat' dir='ltr'><strong>quemlibet</strong></span> <span class='ocrx_word' id='word_1_713' title='bbox 2801 4371 2962 4425; x_wconf 86' lang='lat' dir='ltr'><strong>alium</strong></span> <span class='ocrx_word' id='word_1_714' title='bbox 2987 4372 3214 4424; x_wconf 90' lang='lat' dir='ltr'><strong>similem</strong></span> <span class='ocrx_word' id='word_1_715' title='bbox 3246 4371 3456 4426; x_wconf 61' lang='lat' dir='ltr'><strong>Graeca-</strong></span> 
     </span>
    </p>
   </div>
   <div class='ocr_carea' id='block_1_89' title="bbox 1903 4453 3452 4524">
    <p class='ocr_par' dir='ltr' id='par_1_89' title="bbox 1903 4453 3452 4524">
     <span class='ocr_line' id='line_1_89' title="bbox 1903 4453 3452 4524; baseline 0.011 -21"><span class='ocrx_word' id='word_1_716' title='bbox 1903 4453 2077 4504; x_wconf 88' lang='lat' dir='ltr'><strong>nicum</strong></span> <span class='ocrx_word' id='word_1_717' title='bbox 2114 4455 2274 4506; x_wconf 86' lang='lat' dir='ltr'><strong>Deum</strong></span> <span class='ocrx_word' id='word_1_718' title='bbox 2307 4455 2358 4507; x_wconf 86' lang='lat' dir='ltr'><strong>in</strong></span> <span class='ocrx_word' id='word_1_719' title='bbox 2391 4471 2496 4509; x_wconf 89' lang='lat' dir='ltr'><strong>uno</strong></span> <span class='ocrx_word' id='word_1_720' title='bbox 2528 4458 2646 4512; x_wconf 92' lang='lat' dir='ltr'><strong>loco</strong></span> <span class='ocrx_word' id='word_1_721' title='bbox 2673 4461 3046 4514; x_wconf 85' lang='lat' dir='ltr'><strong>constitutum.</strong></span> <span class='ocrx_word' id='word_1_722' title='bbox 3079 4460 3452 4524; x_wconf 5' lang='lat' dir='ltr'><strong>Multopautent</strong></span> 
     </span>
    </p>
   </div>
   <div class='ocr_carea' id='block_1_90' title="bbox 245 4516 1812 4619">
    <p class='ocr_par' dir='ltr' id='par_1_90' title="bbox 245 4516 1800 4604">
     <span class='ocr_line' id='line_1_90' title="bbox 245 4516 1800 4604; baseline 0.008 -27"><span class='ocrx_word' id='word_1_723' title='bbox 245 4516 707 4598; x_wconf 69' lang='grc' dir='ltr'>ὶγκαθιδρυμένοζ</span> <span class='ocrx_word' id='word_1_724' title='bbox 757 4529 1059 4600; x_wconf 76' lang='grc' dir='ltr'>Ἑλληνικὸς</span> <span class='ocrx_word' id='word_1_725' title='bbox 1109 4532 1245 4597; x_wconf 84' lang='grc' dir='ltr'>θεός.</span> <span class='ocrx_word' id='word_1_726' title='bbox 1295 4535 1479 4604; x_wconf 85' lang='grc' dir='ltr'>Πολλῴ</span> <span class='ocrx_word' id='word_1_727' title='bbox 1521 4536 1576 4588; x_wconf 77' lang='grc' dir='ltr'><strong>δὲ</strong></span> <span class='ocrx_word' id='word_1_728' title='bbox 1615 4516 1800 4590; x_wconf 67' lang='grc' dir='ltr'>τούτου</span> 
     </span>
    </p>
   </div>
   <div class='ocr_carea' id='block_1_91' title="bbox 1914 4516 3452 4619">
    <p class='ocr_par' dir='ltr' id='par_1_91' title="bbox 1914 4541 3452 4619">
     <span class='ocr_line' id='line_1_91' title="bbox 1914 4541 3452 4619; baseline 0.011 -27"><span class='ocrx_word' id='word_1_729' title='bbox 1914 4541 2078 4594; x_wconf 84' lang='lat' dir='ltr'><strong>satius</strong></span> <span class='ocrx_word' id='word_1_730' title='bbox 2108 4542 2208 4595; x_wconf 83' lang='lat' dir='ltr'><strong>fuit</strong></span> <span class='ocrx_word' id='word_1_731' title='bbox 2240 4543 2403 4598; x_wconf 90' lang='lat' dir='ltr'><strong>Deum</strong></span> <span class='ocrx_word' id='word_1_732' title='bbox 2436 4549 2510 4600; x_wconf 92' lang='lat' dir='ltr'><strong>uti</strong></span> <span class='ocrx_word' id='word_1_733' title='bbox 2553 4563 2684 4602; x_wconf 86' lang='lat' dir='ltr'><strong>voce</strong></span> <span class='ocrx_word' id='word_1_734' title='bbox 2705 4564 2821 4616; x_wconf 70' lang='lat' dir='ltr'><strong>qua:</strong></span> <span class='ocrx_word' id='word_1_735' title='bbox 2848 4559 3126 4618; x_wconf 79' lang='lat' dir='ltr'><strong>propterea</strong></span> <span class='ocrx_word' id='word_1_736' title='bbox 3160 4554 3298 4619; x_wconf 88' lang='lat' dir='ltr'><strong>quod</strong></span> <span class='ocrx_word' id='word_1_737' title='bbox 3329 4569 3452 4610; x_wconf 89' lang='lat' dir='ltr'><strong>cum</strong></span> 
     </span>
    </p>
   </div>
   <div class='ocr_carea' id='block_1_92' title="bbox 239 4614 1797 4696">
    <p class='ocr_par' dir='ltr' id='par_1_92' title="bbox 239 4614 1797 4696">
     <span class='ocr_line' id='line_1_92' title="bbox 239 4614 1797 4696; baseline 0.004 -23"><span class='ocrx_word' id='word_1_738' title='bbox 239 4614 460 4686; x_wconf 76' lang='grc' dir='ltr'>βέλτιον</span> <span class='ocrx_word' id='word_1_739' title='bbox 487 4614 552 4689; x_wconf 79' lang='grc' dir='ltr'>ἦν</span> <span class='ocrx_word' id='word_1_740' title='bbox 583 4620 882 4691; x_wconf 78' lang='grc' dir='ltr'>χρήσασθαι</span> <span class='ocrx_word' id='word_1_741' title='bbox 915 4623 1002 4674; x_wconf 84' lang='grc' dir='ltr'><strong>τὸν</strong></span> <span class='ocrx_word' id='word_1_742' title='bbox 1033 4622 1159 4675; x_wconf 81' lang='grc' dir='ltr'>Θεὸν</span> <span class='ocrx_word' id='word_1_743' title='bbox 1188 4627 1333 4694; x_wconf 74' lang='grc' dir='ltr'>φωνῇ</span> <span class='ocrx_word' id='word_1_744' title='bbox 1369 4627 1684 4696; x_wconf 79' lang='grc' dir='ltr'>ὲμποιούσῃ,</span> <span class='ocrx_word' id='word_1_745' title='bbox 1712 4627 1797 4680; x_wconf 77' lang='grc' dir='ltr'><strong>διὰ</strong></span> 
     </span>
    </p>
   </div>
   <div class='ocr_carea' id='block_1_93' title="bbox 243 4704 1793 4786">
    <p class='ocr_par' dir='ltr' id='par_1_93' title="bbox 243 4704 1793 4786">
     <span class='ocr_line' id='line_1_93' title="bbox 243 4704 1793 4786; baseline 0.005 -22"><span class='ocrx_word' id='word_1_746' title='bbox 243 4711 309 4764; x_wconf 77' lang='grc' dir='ltr'><strong>τὸ</strong></span> <span class='ocrx_word' id='word_1_747' title='bbox 343 4704 480 4780; x_wconf 73' lang='grc' dir='ltr'>μετὰ</span> <span class='ocrx_word' id='word_1_748' title='bbox 497 4712 773 4782; x_wconf 79' lang='grc' dir='ltr'>δυνάμεως</span> <span class='ocrx_word' id='word_1_749' title='bbox 807 4715 1254 4783; x_wconf 81' lang='grc' dir='ltr'>ἀπαγγέλλεσθαι,</span> <span class='ocrx_word' id='word_1_750' title='bbox 1291 4717 1491 4785; x_wconf 51' lang='lat' dir='ltr'><strong>agam</strong></span> <span class='ocrx_word' id='word_1_751' title='bbox 1525 4718 1636 4786; x_wconf 75' lang='grc'><strong>(55)</strong></span> <span class='ocrx_word' id='word_1_752' title='bbox 1675 4735 1793 4771; x_wconf 86' lang='grc' dir='ltr'>τινα</span> 
     </span>
    </p>
   </div>
   <div class='ocr_carea' id='block_1_94' title="bbox 242 4799 882 4866">
    <p class='ocr_par' dir='ltr' id='par_1_94' title="bbox 242 4799 882 4866">
     <span class='ocr_line' id='line_1_94' title="bbox 242 4799 882 4866; baseline 0.005 -14"><span class='ocrx_word' id='word_1_753' title='bbox 242 4799 419 4852; x_wconf 85' lang='grc' dir='ltr'>πειθὼ</span> <span class='ocrx_word' id='word_1_754' title='bbox 447 4805 558 4866; x_wconf 83' lang='grc' dir='ltr'>τοῖς</span> <span class='ocrx_word' id='word_1_755' title='bbox 581 4803 882 4855; x_wconf 81' lang='grc' dir='ltr'>ἁκούουσιν.</span> 
     </span>
    </p>
   </div>
   <div class='ocr_carea' id='block_1_95' title="bbox 314 4886 1792 4967">
    <p class='ocr_par' dir='ltr' id='par_1_95' title="bbox 314 4886 1792 4967">
     <span class='ocr_line' id='line_1_95' title="bbox 314 4886 1792 4967; baseline 0.005 -25"><span class='ocrx_word' id='word_1_756' title='bbox 314 4886 452 4943; x_wconf 78' lang='grc' dir='ltr'>Εἶτά</span> <span class='ocrx_word' id='word_1_757' title='bbox 473 4907 600 4961; x_wconf 71' lang='grc' dir='ltr'>φησι</span> <span class='ocrx_word' id='word_1_758' title='bbox 627 4892 1030 4964; x_wconf 82' lang='grc' dir='ltr'>λοιδορούμενος</span> <span class='ocrx_word' id='word_1_759' title='bbox 1061 4893 1137 4962; x_wconf 78' lang='grc' dir='ltr'><strong>τῷ</strong></span> <span class='ocrx_word' id='word_1_760' title='bbox 1177 4895 1346 4964; x_wconf 80' lang='grc' dir='ltr'>Ἰησοῦ</span> <span class='ocrx_word' id='word_1_761' title='bbox 1381 4898 1408 4948; x_wconf 86' lang='grc' dir='ltr'>ὁ</span> <span class='ocrx_word' id='word_1_762' title='bbox 1445 4896 1529 4948; x_wconf 70' lang='grc' dir='ltr'><strong>διὰ</strong></span> <span class='ocrx_word' id='word_1_763' title='bbox 1552 4897 1646 4967; x_wconf 79' lang='grc' dir='ltr'>τὴν</span> <span class='ocrx_word' id='word_1_764' title='bbox 1671 4898 1792 4951; x_wconf 75' lang='grc' dir='ltr'>ἁτέ-</span> 
     </span>
    </p>
   </div>
   <div class='ocr_carea' id='block_1_96' title="bbox 241 4980 1795 5055">
    <p class='ocr_par' dir='ltr' id='par_1_96' title="bbox 241 4980 1795 5055">
     <span class='ocr_line' id='line_1_96' title="bbox 241 4980 1795 5055; baseline 0.008 -24"><span class='ocrx_word' id='word_1_765' title='bbox 241 4980 397 5033; x_wconf 83' lang='grc' dir='ltr'>6ειαν</span> <span class='ocrx_word' id='word_1_766' title='bbox 423 4983 514 5032; x_wconf 72' lang='grc' dir='ltr'><strong>καὶ</strong></span> <span class='ocrx_word' id='word_1_767' title='bbox 543 4981 609 5034; x_wconf 78' lang='grc' dir='ltr'><strong>τά</strong></span> <span class='ocrx_word' id='word_1_768' title='bbox 635 4983 884 5055; x_wconf 75' lang='grc' dir='ltr'>μοχθηρὰ</span> <span class='ocrx_word' id='word_1_769' title='bbox 911 4984 1170 5054; x_wconf 79' lang='grc' dir='ltr'>δόγματα,</span> <span class='ocrx_word' id='word_1_770' title='bbox 1208 4987 1272 5039; x_wconf 79' lang='grc' dir='ltr'>ἵν’</span> <span class='ocrx_word' id='word_1_771' title='bbox 1304 4987 1472 5050; x_wconf 70' lang='grc' dir='ltr'>οὕτως</span> <span class='ocrx_word' id='word_1_772' title='bbox 1500 4990 1656 5052; x_wconf 81' lang='grc' dir='ltr'>εἴπω,</span> <span class='ocrx_word' id='word_1_773' title='bbox 1682 4991 1795 5042; x_wconf 82' lang='grc' dir='ltr'>θεο-</span> 
     </span>
    </p>
   </div>
   <div class='ocr_carea' id='block_1_97' title="bbox 314 5094 779 5163">
    <p class='ocr_par' dir='ltr' id='par_1_97' title="bbox 314 5094 779 5163">
     <span class='ocr_line' id='line_1_97' title="bbox 314 5094 779 5163; baseline 0.013 -16"><span class='ocrx_word' id='word_1_774' title='bbox 314 5096 364 5128; x_wconf 74' lang='grc'><strong><em>⁶³</em></strong></span> <span class='ocrx_word' id='word_1_775' title='bbox 395 5094 561 5151; x_wconf 86' lang='lat' dir='ltr'><strong>llebr.</strong></span> <span class='ocrx_word' id='word_1_776' title='bbox 588 5113 661 5163; x_wconf 80' lang='lat' dir='ltr'><strong>tv,</strong></span> <span class='ocrx_word' id='word_1_777' title='bbox 692 5098 779 5152; x_wconf 80' lang='lat' dir='ltr'><strong>l5.</strong></span> 
     </span>
    </p>
   </div>
   <div class='ocr_carea' id='block_1_98' title="bbox 240 5164 746 5232">
    <p class='ocr_par' dir='ltr' id='par_1_98' title="bbox 240 5164 746 5232">
     <span class='ocr_line' id='line_1_98' title="bbox 240 5164 746 5232; baseline 0.008 -14"><span class='ocrx_word' id='word_1_778' title='bbox 240 5167 288 5198; x_wconf 82' lang='grc'><strong>⁷³</strong></span> <span class='ocrx_word' id='word_1_779' title='bbox 330 5164 486 5219; x_wconf 82' lang='lat' dir='ltr'><strong>Joan.</strong></span> <span class='ocrx_word' id='word_1_780' title='bbox 514 5182 628 5232; x_wconf 73' lang='lat' dir='ltr'><strong>ut,</strong></span> <span class='ocrx_word' id='word_1_781' title='bbox 660 5169 746 5222; x_wconf 76' lang='grc'><strong>15.</strong></span> 
     </span>
    </p>
   </div>
   <div class='ocr_carea' id='block_1_99' title="bbox 313 5259 1786 5334">
    <p class='ocr_par' dir='ltr' id='par_1_99' title="bbox 313 5259 1786 5334">
     <span class='ocr_line' id='line_1_99' title="bbox 313 5259 1786 5334; baseline 0.004 -20"><span class='ocrx_word' id='word_1_782' title='bbox 313 5259 428 5334; x_wconf 72' lang='grc'><strong>(29)</strong></span> <span class='ocrx_word' id='word_1_783' title='bbox 464 5259 618 5334; x_wconf 64' lang='grc' dir='ltr'>μω».</span> <span class='ocrx_word' id='word_1_784' title='bbox 668 5263 821 5328; x_wconf 90' lang='lat' dir='ltr'><strong>editi,</strong></span> <span class='ocrx_word' id='word_1_785' title='bbox 859 5262 1162 5334; x_wconf 79' lang='grc' dir='ltr'>ἀνθρώπου,</span> <span class='ocrx_word' id='word_1_786' title='bbox 1216 5265 1305 5317; x_wconf 86' lang='lat' dir='ltr'><strong>sed</strong></span> <span class='ocrx_word' id='word_1_787' title='bbox 1361 5266 1595 5332; x_wconf 89' lang='lat' dir='ltr'><strong>quinque</strong></span> <span class='ocrx_word' id='word_1_788' title='bbox 1634 5283 1786 5332; x_wconf 91' lang='lat' dir='ltr'><strong>mss.,</strong></span> 
     </span>
    </p>
   </div>
   <div class='ocr_carea' id='block_1_100' title="bbox 233 5329 1789 5402">
    <p class='ocr_par' dir='ltr' id='par_1_100' title="bbox 233 5329 1789 5402">
     <span class='ocr_line' id='line_1_100' title="bbox 233 5329 1789 5402; baseline 0.003 -17"><span class='ocrx_word' id='word_1_789' title='bbox 233 5329 602 5402; x_wconf 75' lang='grc' dir='ltr'>ἀνθρωπίνου,</span> <span class='ocrx_word' id='word_1_790' title='bbox 632 5334 856 5402; x_wconf 84' lang='lat' dir='ltr'><strong>rectius.</strong></span> <span class='ocrx_word' id='word_1_791' title='bbox 882 5329 1078 5387; x_wconf 78' lang='lat' dir='ltr'><strong>Ibidem</strong></span> <span class='ocrx_word' id='word_1_792' title='bbox 1115 5342 1222 5385; x_wconf 86' lang='lat' dir='ltr'><strong>tres</strong></span> <span class='ocrx_word' id='word_1_793' title='bbox 1251 5329 1557 5400; x_wconf 63' lang='lat' dir='ltr'><strong>Anglicani.</strong></span> <span class='ocrx_word' id='word_1_794' title='bbox 1592 5329 1789 5402; x_wconf 72' lang='lat' dir='ltr'><strong>Regius</strong></span> 
     </span>
    </p>
   </div>
   <div class='ocr_carea' id='block_1_101' title="bbox 234 5400 1786 5473">
    <p class='ocr_par' dir='ltr' id='par_1_101' title="bbox 234 5400 1786 5473">
     <span class='ocr_line' id='line_1_101' title="bbox 234 5400 1786 5473; baseline 0.003 -18"><span class='ocrx_word' id='word_1_795' title='bbox 234 5411 327 5473; x_wconf 30' lang='lat' dir='ltr'><strong>et”</strong></span> <span class='ocrx_word' id='word_1_796' title='bbox 350 5400 673 5473; x_wconf 67' lang='lat' dir='ltr'><strong>Dasileensis</strong></span> <span class='ocrx_word' id='word_1_797' title='bbox 695 5440 710 5461; x_wconf 85' lang='lat'><strong>,</strong></span> <span class='ocrx_word' id='word_1_798' title='bbox 766 5402 1147 5473; x_wconf 54' lang='lat' dir='ltr'><strong>q61‘6v_f;ay.£v</strong></span> <span class='ocrx_word' id='word_1_799' title='bbox 1200 5403 1505 5473; x_wconf 46' lang='grc' dir='ltr'>γεγονέναι,</span> <span class='ocrx_word' id='word_1_800' title='bbox 1535 5401 1590 5456; x_wconf 88' lang='lat' dir='ltr'><strong>In</strong></span> <span class='ocrx_word' id='word_1_801' title='bbox 1626 5400 1786 5458; x_wconf 78' lang='lat' dir='ltr'><strong>antea</strong></span> 
     </span>
    </p>
   </div>
   <div class='ocr_carea' id='block_1_102' title="bbox 233 5468 1795 5540">
    <p class='ocr_par' dir='ltr' id='par_1_102' title="bbox 233 5468 1795 5540">
     <span class='ocr_line' id='line_1_102' title="bbox 233 5468 1795 5540; baseline 0.004 -18"><span class='ocrx_word' id='word_1_802' title='bbox 233 5468 402 5523; x_wconf 74' lang='lat' dir='ltr'><strong>editis</strong></span> <span class='ocrx_word' id='word_1_803' title='bbox 422 5468 574 5522; x_wconf 78' lang='lat' dir='ltr'><strong>deest</strong></span> <span class='ocrx_word' id='word_1_804' title='bbox 603 5471 898 5537; x_wconf 82' lang='grc' dir='ltr'>γεγονέναι.</span> <span class='ocrx_word' id='word_1_805' title='bbox 923 5468 1084 5526; x_wconf 65' lang='lat' dir='ltr'><strong>Paulo</strong></span> <span class='ocrx_word' id='word_1_806' title='bbox 1103 5482 1218 5540; x_wconf 88' lang='lat' dir='ltr'><strong>post</strong></span> <span class='ocrx_word' id='word_1_807' title='bbox 1244 5471 1577 5525; x_wconf 86' lang='lat' dir='ltr'><strong>llocsehelius</strong></span> <span class='ocrx_word' id='word_1_808' title='bbox 1602 5483 1654 5525; x_wconf 85' lang='lat' dir='ltr'><strong>et</strong></span> <span class='ocrx_word' id='word_1_809' title='bbox 1686 5483 1795 5529; x_wconf 86' lang='lat' dir='ltr'><strong>tres</strong></span> 
     </span>
    </p>
   </div>
   <div class='ocr_carea' id='block_1_103' title="bbox 233 5541 1786 5610">
    <p class='ocr_par' dir='ltr' id='par_1_103' title="bbox 233 5541 1786 5610">
     <span class='ocr_line' id='line_1_103' title="bbox 233 5541 1786 5610; baseline 0.005 -20"><span class='ocrx_word' id='word_1_810' title='bbox 233 5553 400 5610; x_wconf 75' lang='lat' dir='ltr'><strong>mss.,</strong></span> <span class='ocrx_word' id='word_1_811' title='bbox 427 5541 826 5609; x_wconf 76' lang='grc' dir='ltr'>πεπειραμένον</span> <span class='ocrx_word' id='word_1_812' title='bbox 863 5542 958 5610; x_wconf 83' lang='grc' dir='ltr'><strong>μὲν</strong></span> <span class='ocrx_word' id='word_1_813' title='bbox 983 5543 1201 5610; x_wconf 80' lang='grc' dir='ltr'>ὁμοίως.</span> <span class='ocrx_word' id='word_1_814' title='bbox 1240 5541 1542 5608; x_wconf 83' lang='lat' dir='ltr'><strong>Spencerus</strong></span> <span class='ocrx_word' id='word_1_815' title='bbox 1576 5553 1631 5596; x_wconf 88' lang='lat' dir='ltr'><strong>et</strong></span> <span class='ocrx_word' id='word_1_816' title='bbox 1664 5543 1786 5597; x_wconf 87' lang='lat' dir='ltr'><strong>reli-</strong></span> 
     </span>
    </p>
   </div>
   <div class='ocr_carea' id='block_1_104' title="bbox 233 5608 1354 5680">
    <p class='ocr_par' dir='ltr' id='par_1_104' title="bbox 233 5608 1354 5680">
     <span class='ocr_line' id='line_1_104' title="bbox 233 5608 1354 5680; baseline 0.003 -23"><span class='ocrx_word' id='word_1_817' title='bbox 233 5608 519 5680; x_wconf 71' lang='lat' dir='ltr'><strong>qui_m_ss._,</strong></span> <span class='ocrx_word' id='word_1_818' title='bbox 550 5608 982 5680; x_wconf 75' lang='grc' dir='ltr'>πεπειρασμένον</span> <span class='ocrx_word' id='word_1_819' title='bbox 1018 5608 1114 5679; x_wconf 81' lang='grc' dir='ltr'><strong>μὲν</strong></span> <span class='ocrx_word' id='word_1_820' title='bbox 1139 5611 1354 5680; x_wconf 80' lang='grc' dir='ltr'>ὁμοίως.</span> 
     </span>
    </p>
   </div>
   <div class='ocr_carea' id='block_1_105' title="bbox 230 5673 1783 5798">
    <p class='ocr_par' dir='ltr' id='par_1_105' title="bbox 230 5673 1783 5798">
     <span class='ocr_line' id='line_1_105' title="bbox 254 5673 1783 5748; baseline 0.007 -22"><span class='ocrx_word' id='word_1_821' title='bbox 254 5673 268 5674; x_wconf 32' lang='grc' dir='ltr'><strong>ί</strong></span> <span class='ocrx_word' id='word_1_822' title='bbox 311 5673 421 5742; x_wconf 83' lang='grc'><strong>(50)</strong></span> <span class='ocrx_word' id='word_1_823' title='bbox 461 5676 554 5741; x_wconf 84' lang='grc' dir='ltr'><em>Ὡς</em></span> <span class='ocrx_word' id='word_1_824' title='bbox 604 5673 882 5747; x_wconf 57' lang='grc' dir='ltr'>καθὶιρόὶο.</span> <span class='ocrx_word' id='word_1_825' title='bbox 923 5673 1115 5735; x_wconf 74' lang='grc' dir='ltr'>Ουῐοιο</span> <span class='ocrx_word' id='word_1_826' title='bbox 1163 5673 1499 5734; x_wconf 67' lang='lat' dir='ltr'><strong>scribendum</strong></span> <span class='ocrx_word' id='word_1_827' title='bbox 1553 5681 1783 5748; x_wconf 86' lang='lat' dir='ltr'><strong>videtur,</strong></span> 
     </span>
     <span class='ocr_line' id='line_1_106' title="bbox 230 5743 577 5798; baseline 0.003 0"><span class='ocrx_word' id='word_1_828' title='bbox 230 5743 295 5798; x_wconf 71' lang='grc' dir='ltr'>εν</span> <span class='ocrx_word' id='word_1_829' title='bbox 326 5743 577 5798; x_wconf 77' lang='grc' dir='ltr'>καθασόν.</span> 
     </span>
    </p>
   </div>
   <div class='ocr_carea' id='block_1_106' title="bbox 267 5761 577 5816">
    <p class='ocr_par' dir='ltr' id='par_1_106' title="bbox 267 5761 577 5816">
     <span class='ocr_line' id='line_1_107' title="bbox 267 5761 577 5816; baseline 0.013 -22"><span class='ocrx_word' id='word_1_830' title='bbox 267 5761 295 5794; x_wconf 90' lang='grc' dir='ltr'><strong>ν</strong></span> <span class='ocrx_word' id='word_1_831' title='bbox 326 5761 577 5816; x_wconf 63' lang='grc' dir='ltr'>καθαρον.</span> 
     </span>
    </p>
   </div>
   <div class='ocr_carea' id='block_1_107' title="bbox 312 5813 1778 5885">
    <p class='ocr_par' dir='ltr' id='par_1_107' title="bbox 312 5813 1778 5885">
     <span class='ocr_line' id='line_1_108' title="bbox 312 5813 1778 5885; baseline 0.005 -18"><span class='ocrx_word' id='word_1_832' title='bbox 312 5813 420 5883; x_wconf 79' lang='grc'><strong>(51)</strong></span> <span class='ocrx_word' id='word_1_833' title='bbox 446 5813 622 5885; x_wconf 28' lang='grc' dir='ltr'>Παρὰ,</span> <span class='ocrx_word' id='word_1_834' title='bbox 642 5815 765 5883; x_wconf 83' lang='grc' dir='ltr'>τοῖς</span> <span class='ocrx_word' id='word_1_835' title='bbox 795 5815 1063 5882; x_wconf 75' lang='grc' dir='ltr'><strong>πολλοῖς.</strong></span> <span class='ocrx_word' id='word_1_836' title='bbox 1095 5817 1286 5874; x_wconf 86' lang='lat' dir='ltr'><strong>Guicto</strong></span> <span class='ocrx_word' id='word_1_837' title='bbox 1327 5817 1670 5874; x_wconf 88' lang='lat' dir='ltr'><strong>scribendum</strong></span> <span class='ocrx_word' id='word_1_838' title='bbox 1699 5821 1778 5875; x_wconf 81' lang='lat' dir='ltr'><strong>vi-</strong></span> 
     </span>
    </p>
   </div>
   <div class='ocr_carea' id='block_1_108' title="bbox 856 5098 1775 5170">
    <p class='ocr_par' dir='ltr' id='par_1_108' title="bbox 856 5098 1775 5170">
     <span class='ocr_line' id='line_1_109' title="bbox 856 5098 1775 5170; baseline 0.008 -18"><span class='ocrx_word' id='word_1_839' title='bbox 856 5099 899 5131; x_wconf 81' lang='lat'><strong>“</strong></span> <span class='ocrx_word' id='word_1_840' title='bbox 933 5098 1038 5156; x_wconf 85' lang='lat' dir='ltr'><strong>lsa.</strong></span> <span class='ocrx_word' id='word_1_841' title='bbox 1105 5117 1223 5164; x_wconf 79' lang='lat' dir='ltr'>LIII,</span> <span class='ocrx_word' id='word_1_842' title='bbox 1251 5103 1315 5167; x_wconf 86' lang='lat'><strong>9;</strong></span> <span class='ocrx_word' id='word_1_843' title='bbox 1352 5103 1369 5156; x_wconf 88' lang='grc' dir='ltr'><strong>Ι</strong></span> <span class='ocrx_word' id='word_1_844' title='bbox 1405 5103 1546 5158; x_wconf 76' lang='lat' dir='ltr'><strong>l’etr.</strong></span> <span class='ocrx_word' id='word_1_845' title='bbox 1581 5121 1653 5170; x_wconf 87' lang='grc'><strong>11,</strong></span> <span class='ocrx_word' id='word_1_846' title='bbox 1686 5105 1775 5159; x_wconf 65' lang='lat'><strong>9:2.</strong></span> 
     </span>
    </p>
   </div>
   <div class='ocr_carea' id='block_1_109' title="bbox 1853 5108 2344 5170">
    <p class='ocr_par' dir='ltr' id='par_1_109' title="bbox 1853 5108 2344 5170">
     <span class='ocr_line' id='line_1_110' title="bbox 1853 5108 2344 5170; baseline 0.002 -10"><span class='ocrx_word' id='word_1_847' title='bbox 1853 5109 1896 5138; x_wconf 83' lang='grc'><strong>⁷⁰</strong></span> <span class='ocrx_word' id='word_1_848' title='bbox 1939 5108 1979 5160; x_wconf 87' lang='grc' dir='ltr'><strong>ΙΙ</strong></span> <span class='ocrx_word' id='word_1_849' title='bbox 2011 5109 2131 5162; x_wconf 68' lang='grc' dir='ltr'><strong>(Ζογ.</strong></span> <span class='ocrx_word' id='word_1_850' title='bbox 2161 5125 2214 5170; x_wconf 82' lang='lat' dir='ltr'><strong>v,</strong></span> <span class='ocrx_word' id='word_1_851' title='bbox 2257 5109 2344 5161; x_wconf 73' lang='grc'><strong>21.</strong></span> 
     </span>
    </p>
   </div>
   <div class='ocr_carea' id='block_1_110' title="bbox 1905 4640 3448 4711">
    <p class='ocr_par' dir='ltr' id='par_1_110' title="bbox 1905 4640 3448 4711">
     <span class='ocr_line' id='line_1_111' title="bbox 1905 4640 3448 4711; baseline 0.009 -25"><span class='ocrx_word' id='word_1_852' title='bbox 1905 4643 2175 4700; x_wconf 89' lang='lat' dir='ltr'><strong>potestate</strong></span> <span class='ocrx_word' id='word_1_853' title='bbox 2199 4640 2661 4707; x_wconf 83' lang='lat' dir='ltr'><strong>pronuntiaretur,</strong></span> <span class='ocrx_word' id='word_1_854' title='bbox 2699 4640 2950 4695; x_wconf 79' lang='lat' dir='ltr'><strong>ineﬂ&#39;abili</strong></span> <span class='ocrx_word' id='word_1_855' title='bbox 2981 4644 3207 4711; x_wconf 77' lang='lat' dir='ltr'><strong>quadam</strong></span> <span class='ocrx_word' id='word_1_856' title='bbox 3243 4647 3448 4701; x_wconf 82' lang='lat' dir='ltr'><strong>ratione</strong></span> 
     </span>
    </p>
   </div>
   <div class='ocr_carea' id='block_1_111' title="bbox 1905 4730 2571 4793">
    <p class='ocr_par' dir='ltr' id='par_1_111' title="bbox 1905 4730 2571 4793">
     <span class='ocr_line' id='line_1_112' title="bbox 1905 4730 2571 4793; baseline 0.011 -16"><span class='ocrx_word' id='word_1_857' title='bbox 1905 4730 2256 4793; x_wconf 88' lang='lat' dir='ltr'><strong>persuaderet</strong></span> <span class='ocrx_word' id='word_1_858' title='bbox 2281 4732 2571 4786; x_wconf 84' lang='lat' dir='ltr'><strong>auditores.</strong></span> 
     </span>
    </p>
   </div>
   <div class='ocr_carea' id='block_1_112' title="bbox 1973 4905 3437 4978">
    <p class='ocr_par' dir='ltr' id='par_1_112' title="bbox 1973 4905 3437 4978">
     <span class='ocr_line' id='line_1_113' title="bbox 1973 4905 3437 4978; baseline 0.004 -23"><span class='ocrx_word' id='word_1_859' title='bbox 1973 4906 2057 4956; x_wconf 84' lang='lat'><strong>7|.</strong></span> <span class='ocrx_word' id='word_1_860' title='bbox 2098 4905 2294 4957; x_wconf 71' lang='lat' dir='ltr'><strong>Deinde</strong></span> <span class='ocrx_word' id='word_1_861' title='bbox 2322 4906 2623 4958; x_wconf 84' lang='lat' dir='ltr'><strong>convicium</strong></span> <span class='ocrx_word' id='word_1_862' title='bbox 2650 4906 2773 4958; x_wconf 66' lang='lat' dir='ltr'><strong>.Iesu</strong></span> <span class='ocrx_word' id='word_1_863' title='bbox 2801 4906 3004 4962; x_wconf 81' lang='lat' dir='ltr'><strong>faciens</strong></span> <span class='ocrx_word' id='word_1_864' title='bbox 3040 4907 3149 4971; x_wconf 82' lang='lat' dir='ltr'><strong>ille,</strong></span> <span class='ocrx_word' id='word_1_865' title='bbox 3192 4910 3281 4975; x_wconf 90' lang='lat' dir='ltr'><strong>qui</strong></span> <span class='ocrx_word' id='word_1_866' title='bbox 3313 4922 3437 4978; x_wconf 84' lang='lat' dir='ltr'><strong>pro-</strong></span> 
     </span>
    </p>
   </div>
   <div class='ocr_carea' id='block_1_113' title="bbox 1901 4997 3442 5066">
    <p class='ocr_par' dir='ltr' id='par_1_113' title="bbox 1901 4997 3442 5066">
     <span class='ocr_line' id='line_1_114' title="bbox 1901 4997 3442 5066; baseline 0.004 -19"><span class='ocrx_word' id='word_1_867' title='bbox 1901 5006 2019 5063; x_wconf 88' lang='lat' dir='ltr'><strong>pter</strong></span> <span class='ocrx_word' id='word_1_868' title='bbox 2055 4997 2379 5062; x_wconf 86' lang='lat' dir='ltr'><strong>impietatem</strong></span> <span class='ocrx_word' id='word_1_869' title='bbox 2420 5001 3056 5066; x_wconf 82' lang='lat' dir='ltr'><strong>pravaqne&#39;opinamenta</strong></span> <span class='ocrx_word' id='word_1_870' title='bbox 3095 4999 3202 5052; x_wconf 89' lang='lat' dir='ltr'><strong>Deo</strong></span> <span class='ocrx_word' id='word_1_871' title='bbox 3229 5036 3244 5062; x_wconf 91' lang='lat'><strong>,</strong></span> <span class='ocrx_word' id='word_1_872' title='bbox 3278 5010 3334 5051; x_wconf 88' lang='lat' dir='ltr'><strong>ut</strong></span> <span class='ocrx_word' id='word_1_873' title='bbox 3363 5001 3442 5053; x_wconf 74' lang='lat' dir='ltr'><strong>sic</strong></span> 
     </span>
    </p>
   </div>
   <div class='ocr_carea' id='block_1_114' title="bbox 2423 5109 3436 5175">
    <p class='ocr_par' dir='ltr' id='par_1_114' title="bbox 2423 5109 3436 5175">
     <span class='ocr_line' id='line_1_115' title="bbox 2423 5109 3436 5175; baseline 0.003 -11"><span class='ocrx_word' id='word_1_874' title='bbox 2423 5112 2463 5140; x_wconf 86' lang='lat'>&#39;”</span> <span class='ocrx_word' id='word_1_875' title='bbox 2507 5112 2635 5165; x_wconf 80' lang='lat' dir='ltr'><strong>Luc.</strong></span> <span class='ocrx_word' id='word_1_876' title='bbox 2678 5127 2821 5174; x_wconf 72' lang='lat' dir='ltr'><strong>xm,</strong></span> <span class='ocrx_word' id='word_1_877' title='bbox 2855 5110 2938 5164; x_wconf 81' lang='grc'><strong>15.</strong></span> <span class='ocrx_word' id='word_1_878' title='bbox 3013 5110 3055 5140; x_wconf 75' lang='grc'><strong>’⁷³</strong></span> <span class='ocrx_word' id='word_1_879' title='bbox 3094 5109 3246 5164; x_wconf 82' lang='lat' dir='ltr'><strong>Joan.</strong></span> <span class='ocrx_word' id='word_1_880' title='bbox 3275 5127 3350 5175; x_wconf 83' lang='lat' dir='ltr'><strong>Iv,</strong></span> <span class='ocrx_word' id='word_1_881' title='bbox 3381 5111 3436 5167; x_wconf 80' lang='lat' dir='ltr'><strong>G.</strong></span> 
     </span>
    </p>
   </div>
   <div class='ocr_carea' id='block_1_115' title="bbox 1897 5267 2669 5336">
    <p class='ocr_par' dir='ltr' id='par_1_115' title="bbox 1897 5267 2669 5336">
     <span class='ocr_line' id='line_1_116' title="bbox 1897 5267 2669 5336; baseline -0.003 -14"><span class='ocrx_word' id='word_1_882' title='bbox 1897 5269 2071 5328; x_wconf 84' lang='lat' dir='ltr'><strong>detur,</strong></span> <span class='ocrx_word' id='word_1_883' title='bbox 2098 5267 2243 5336; x_wconf 76' lang='grc' dir='ltr'>παρὰ</span> <span class='ocrx_word' id='word_1_884' title='bbox 2271 5267 2396 5328; x_wconf 74' lang='grc' dir='ltr'>τοὺς</span> <span class='ocrx_word' id='word_1_885' title='bbox 2430 5267 2669 5331; x_wconf 79' lang='grc' dir='ltr'>πολλούς.</span> 
     </span>
    </p>
   </div>
   <div class='ocr_carea' id='block_1_116' title="bbox 1967 5335 3435 5407">
    <p class='ocr_par' dir='ltr' id='par_1_116' title="bbox 1967 5335 3435 5407">
     <span class='ocr_line' id='line_1_117' title="bbox 1967 5335 3435 5407; baseline -0.001 -17"><span class='ocrx_word' id='word_1_886' title='bbox 1967 5339 2077 5407; x_wconf 70' lang='lat'><strong>(32)</strong></span> <span class='ocrx_word' id='word_1_887' title='bbox 2111 5335 2217 5390; x_wconf 73' lang='grc' dir='ltr'><strong>Καὶ</strong></span> <span class='ocrx_word' id='word_1_888' title='bbox 2248 5338 2511 5407; x_wconf 75' lang='grc' dir='ltr'>πιστεύει</span> <span class='ocrx_word' id='word_1_889' title='bbox 2556 5337 2748 5407; x_wconf 70' lang='grc' dir='ltr'>αὑτὸν</span> <span class='ocrx_word' id='word_1_890' title='bbox 2789 5335 2907 5407; x_wconf 72' lang='grc' dir='ltr'>ὑπό</span> <span class='ocrx_word' id='word_1_891' title='bbox 2953 5353 3114 5402; x_wconf 83' lang='grc' dir='ltr'>τινος</span> <span class='ocrx_word' id='word_1_892' title='bbox 3160 5339 3435 5407; x_wconf 78' lang='grc' dir='ltr'>Πανθήρσ</span> 
     </span>
    </p>
   </div>
   <div class='ocr_carea' id='block_1_117' title="bbox 1894 5404 3434 5475">
    <p class='ocr_par' dir='ltr' id='par_1_117' title="bbox 1894 5404 3434 5475">
     <span class='ocr_line' id='line_1_118' title="bbox 1894 5404 3434 5475; baseline 0.001 -14"><span class='ocrx_word' id='word_1_893' title='bbox 1894 5404 2238 5475; x_wconf 69' lang='grc' dir='ltr'>φθείραντος</span> <span class='ocrx_word' id='word_1_894' title='bbox 2265 5406 2374 5472; x_wconf 71' lang='grc' dir='ltr'><strong>τὴν</strong></span> <span class='ocrx_word' id='word_1_895' title='bbox 2401 5408 2693 5474; x_wconf 57' lang='grc' dir='ltr'>παρθέιαοιιι</span> <span class='ocrx_word' id='word_1_896' title='bbox 2728 5404 3036 5471; x_wconf 52' lang='grc' dir='ltr'>ἐσπίίδοθαι.</span> <span class='ocrx_word' id='word_1_897' title='bbox 3086 5408 3208 5460; x_wconf 71' lang='grc' dir='ltr'><strong>ΙΙωο</strong></span> <span class='ocrx_word' id='word_1_898' title='bbox 3254 5410 3303 5460; x_wconf 87' lang='lat' dir='ltr'><strong>in</strong></span> <span class='ocrx_word' id='word_1_899' title='bbox 3346 5404 3434 5462; x_wconf 74' lang='lat' dir='ltr'><strong>ve-</strong></span> 
     </span>
    </p>
   </div>
   <div class='ocr_carea' id='block_1_118' title="bbox 1900 5477 3429 5532">
    <p class='ocr_par' dir='ltr' id='par_1_118' title="bbox 1900 5477 3429 5532">
     <span class='ocr_line' id='line_1_119' title="bbox 1900 5477 3429 5532; baseline 0.003 -4"><span class='ocrx_word' id='word_1_900' title='bbox 1900 5478 2000 5530; x_wconf 90' lang='lat' dir='ltr'><strong>teri</strong></span> <span class='ocrx_word' id='word_1_901' title='bbox 2024 5479 2206 5530; x_wconf 82' lang='lat' dir='ltr'><strong>codice</strong></span> <span class='ocrx_word' id='word_1_902' title='bbox 2236 5477 2488 5530; x_wconf 84' lang='lat' dir='ltr'><strong>Vaticano</strong></span> <span class='ocrx_word' id='word_1_903' title='bbox 2526 5490 2675 5528; x_wconf 82' lang='lat' dir='ltr'><strong>erasa</strong></span> <span class='ocrx_word' id='word_1_904' title='bbox 2715 5487 2837 5528; x_wconf 79' lang='lat' dir='ltr'><strong>sunt</strong></span> <span class='ocrx_word' id='word_1_905' title='bbox 2883 5489 2934 5528; x_wconf 89' lang='lat' dir='ltr'><strong>et</strong></span> <span class='ocrx_word' id='word_1_906' title='bbox 2973 5478 3348 5530; x_wconf 85' lang='lat' dir='ltr'><strong>desiderantur</strong></span> <span class='ocrx_word' id='word_1_907' title='bbox 3379 5481 3429 5532; x_wconf 90' lang='lat' dir='ltr'><strong>in</strong></span> 
     </span>
    </p>
   </div>
   <div class='ocr_carea' id='block_1_119' title="bbox 1897 5543 3427 5612">
    <p class='ocr_par' dir='ltr' id='par_1_119' title="bbox 1897 5543 3427 5612">
     <span class='ocr_line' id='line_1_120' title="bbox 1897 5543 3427 5612; baseline 0.001 -13"><span class='ocrx_word' id='word_1_908' title='bbox 1897 5547 2119 5600; x_wconf 85' lang='lat' dir='ltr'><strong>recenti.</strong></span> <span class='ocrx_word' id='word_1_909' title='bbox 2153 5547 2283 5599; x_wconf 83' lang='lat' dir='ltr'><strong>Vide</strong></span> <span class='ocrx_word' id='word_1_910' title='bbox 2315 5561 2474 5612; x_wconf 83' lang='lat' dir='ltr'><strong>supra</strong></span> <span class='ocrx_word' id='word_1_911' title='bbox 2507 5544 2597 5597; x_wconf 91' lang='lat' dir='ltr'><strong>lib.</strong></span> <span class='ocrx_word' id='word_1_912' title='bbox 2636 5560 2650 5596; x_wconf 88' lang='grc' dir='ltr'><strong>ι</strong></span> <span class='ocrx_word' id='word_1_913' title='bbox 2686 5555 2867 5597; x_wconf 81' lang='lat' dir='ltr'><strong>contra</strong></span> <span class='ocrx_word' id='word_1_914' title='bbox 2901 5543 3127 5605; x_wconf 77' lang='lat' dir='ltr'><strong>Celsum,</strong></span> <span class='ocrx_word' id='word_1_915' title='bbox 3159 5560 3305 5598; x_wconf 88' lang='lat' dir='ltr'><strong>num.</strong></span> <span class='ocrx_word' id='word_1_916' title='bbox 3337 5547 3427 5604; x_wconf 75' lang='grc'><strong>52.</strong></span> 
     </span>
    </p>
   </div>
   <div class='ocr_carea' id='block_1_120' title="bbox 1965 5613 3425 5686">
    <p class='ocr_par' dir='ltr' id='par_1_120' title="bbox 1965 5613 3425 5686">
     <span class='ocr_line' id='line_1_121' title="bbox 1965 5613 3425 5686; baseline 0.003 -19"><span class='ocrx_word' id='word_1_917' title='bbox 1965 5615 2073 5686; x_wconf 75' lang='lat'><strong>(53)</strong></span> <span class='ocrx_word' id='word_1_918' title='bbox 2101 5617 2367 5686; x_wconf 54' lang='grc' dir='ltr'>Ἄρατον.</span> <span class='ocrx_word' id='word_1_919' title='bbox 2396 5615 2484 5666; x_wconf 77' lang='lat' dir='ltr'><strong>Sic</strong></span> <span class='ocrx_word' id='word_1_920' title='bbox 2511 5623 2653 5686; x_wconf 79' lang='lat' dir='ltr'><strong>recte</strong></span> <span class='ocrx_word' id='word_1_921' title='bbox 2679 5613 3011 5686; x_wconf 70' lang='lat' dir='ltr'><strong>lloesrhclius</strong></span> <span class='ocrx_word' id='word_1_922' title='bbox 3037 5623 3089 5667; x_wconf 88' lang='lat' dir='ltr'><strong>et</strong></span> <span class='ocrx_word' id='word_1_923' title='bbox 3119 5614 3268 5666; x_wconf 90' lang='lat' dir='ltr'><strong>codd.</strong></span> <span class='ocrx_word' id='word_1_924' title='bbox 3298 5632 3425 5672; x_wconf 85' lang='lat' dir='ltr'><strong>mss.</strong></span> 
     </span>
    </p>
   </div>
   <div class='ocr_carea' id='block_1_121' title="bbox 1891 5684 3421 5755">
    <p class='ocr_par' dir='ltr' id='par_1_121' title="bbox 1891 5684 3421 5755">
     <span class='ocr_line' id='line_1_122' title="bbox 1891 5684 3421 5755; baseline 0.002 -17"><span class='ocrx_word' id='word_1_925' title='bbox 1891 5684 2178 5755; x_wconf 69' lang='lat' dir='ltr'><strong>Malevero</strong></span> <span class='ocrx_word' id='word_1_926' title='bbox 2211 5685 2515 5755; x_wconf 85' lang='lat' dir='ltr'><strong>Spenccrus</strong></span> <span class='ocrx_word' id='word_1_927' title='bbox 2540 5684 2590 5755; x_wconf 83' lang='lat' dir='ltr'><strong>in</strong></span> <span class='ocrx_word' id='word_1_928' title='bbox 2629 5693 2772 5736; x_wconf 76' lang='lat' dir='ltr'><strong>textu</strong></span> <span class='ocrx_word' id='word_1_929' title='bbox 2797 5685 3014 5752; x_wconf 56' lang='grc' dir='ltr'>ἄφανον,</span> <span class='ocrx_word' id='word_1_930' title='bbox 3045 5697 3216 5755; x_wconf 86' lang='lat' dir='ltr'><strong>neque</strong></span> <span class='ocrx_word' id='word_1_931' title='bbox 3239 5699 3421 5740; x_wconf 76' lang='lat' dir='ltr'><strong>asseu-</strong></span> 
     </span>
    </p>
   </div>
   <div class='ocr_carea' id='block_1_122' title="bbox 1891 5752 3100 5822">
    <p class='ocr_par' dir='ltr' id='par_1_122' title="bbox 1891 5752 3100 5822">
     <span class='ocr_line' id='line_1_123' title="bbox 1891 5752 3100 5822; baseline -0.004 -14"><span class='ocrx_word' id='word_1_932' title='bbox 1891 5757 1993 5810; x_wconf 87' lang='lat' dir='ltr'><strong>tior</strong></span> <span class='ocrx_word' id='word_1_933' title='bbox 2026 5753 2303 5810; x_wconf 75' lang='lat' dir='ltr'><strong>Boltet&#39;cllo</strong></span> <span class='ocrx_word' id='word_1_934' title='bbox 2324 5754 2514 5821; x_wconf 57' lang='lat' dir='ltr'><strong>legenti</strong></span> <span class='ocrx_word' id='word_1_935' title='bbox 2540 5752 2766 5822; x_wconf 50' lang='grc' dir='ltr'>ἄφωνον.</span> <span class='ocrx_word' id='word_1_936' title='bbox 3095 5762 3100 5768; x_wconf 83' lang='grc'><em>’</em></span> 
     </span>
    </p>
   </div>
  </div>
