4126 6314
342 451 445 511 m

1480 465 1757 522 CONTRA
1792 468 2064 526 CELSUM
2102 469 2230 529 LIB.
2262 472 2327 528 ll.

3414 476 3517 535 798

344 565 594 659 Ἵουδαῖον
624 566 847 637 λέγοντα
894 570 1028 641 πρὸς
1077 574 1199 637 τοὺς
1244 576 1352 630 ἀπὸ
1418 581 1742 653 Ίουδαῖσμοῦ
1789 601 1869 637 πι-

1984 587 2464 656 deciperemini,et
2492 603 2521 642 a
2551 603 2702 643 nonis
2741 589 2790 643 in
2837 589 2982 643 aliud
3031 604 3219 645 nomen
3257 587 3521 659 aliamque

332 655 620 720 στεύεγτας
659 660 753 711 τό⁹
793 678 812 711 ι
840 661 903 714 Τί
952 662 1238 730 παθόντες,
1283 661 1327 720 ὦ
1368 670 1610 737 πολῖται,
1668 674 1877 726 κατελί-

1986 677 2143 729 vitam
2181 678 2634 748 transfugeretis?
2667 682 2701 732 ι’

331 763 467 844 ττετε
504 749 600 844 τὸν
630 752 853 822 πάτριον
910 755 1103 826 νόμον,
1144 761 1237 812 καὶ
1305 762 1395 815 ὑπ’
1440 766 1667 830 ἐκείνου,
1713 768 1848 836 πρὸς
1892 769 1951 821 ὃν
1984 770 2107 841 ἄρτι
2152 772 2507 842 διειλέγμεθα,
2551 774 3064 844 ψυχαγωγηθέντες,
3123 775 3257 827 πάνυ
3304 774 3522 842 γελοίως

332 838 733 935 ἑξηπατήθητε,
796 847 889 905 καὶ
942 849 1032 915 ἀφ’
1064 852 1230 920 ήμῶν
1276 855 1753 929 ἀπηυτομολήσατε
1796 865 1874 925 εἰς
1918 838 2043 917 ἄλλο
2069 866 2235 935 ὄνομα
2266 838 2363 919 καὶ-
2386 868 2463 930 είς
2496 838 2658 920 ἄλλον
2696 838 2803 934 βίον
2825 838 2844 930 ξ.
2877 888 2895 919 ³

322 928 331 965 ⁵
387 933 566 1022 ,Ἐπεὶ
612 935 656 987 δ’
684 934 828 1000 ἅπαξ
876 939 1168 1011 γεγόναμεν
1206 946 1263 996 ὲν
1287 946 1361 1014 τῷ
1391 951 1515 1019 περὶ
1543 928 1634 1002 τοῦ
1676 952 1878 1022 Πέτρου

330 1021 475 1111 λόγῳ
508 1024 600 1076 καὶ
626 1024 737 1076 τῶν
758 1025 1075 1091 διδαξάντων
1118 1034 1242 1095 τοὺς
1284 1036 1343 1088 ὲν
1384 1042 1449 1107 τῇ
1491 1044 1757 1111 περιτομῇ
1790 1042 1879 1095 τὸν

332 1110 774 1183 Χριστιανισμὸν,
803 1116 899 1169 οὐκ
924 1118 1116 1173 ἄτοπον
1143 1123 1378 1194 ἡγοῦμαι
1422 1130 1755 1196 παραθέσθαι
1787 1133 1877 1186 τοῦ

346 1200 521 1289 Ἰησοῦ
550 1220 667 1256 τινα
695 1206 871 1278 φωνὴν
904 1210 1007 1261 ἀπὸ
1049 1211 1140 1264 τοῦ
1181 1214 1322 1267 κατά
1362 1218 1606 1288 Ἰωάννην
1636 1222 1877 1289 Εὑαγγε-

331 1286 448 1342 λίου
498 1291 589 1345 καὶ
634 1293 730 1364 τὴν
768 1296 1012 1368 διήγησιν
1050 1301 1234 1371 αὐτῆς.
1274 1286 1578 1375 Γέγραπται
1610 1310 1672 1379 δὴ
1718 1286 1877 1363 αὑτὸν

332 1382 641 1453 εἰρηκέναιο
679 1402 697 1436 ι
742 1387 859 1439 Ἔτι
906 1388 1072 1443 πολλὰ
1112 1390 1220 1461 ἔχω
1265 1393 1439 1462 λέγειν
1497 1398 1643 1467 ὑμῖν,
1674 1398 1785 1451 ἀλλ’
1814 1399 1874 1450 οὑ

328 1468 561 1525 δύνασθε
615 1473 894 1543 βαστάζειν
941 1480 1081 1551 ἄρτι.
1115 1483 1279 1537 Ὅταν
1304 1484 1359 1538 δὲ
1381 1485 1505 1556 ἔλθῃ
1542 1489 1778 1552 ἐκεῖνος,
1817 1491 1878 1543 τὸ

338 1560 559 1652 Πνεῦμα
585 1565 683 1634 τῆς
729 1567 1011 1638 ἀληθείας,
1042 1574 1289 1644 ὁδηγήσει
1322 1577 1463 1645 ὑμᾶς
1496 1581 1574 1642 είς
1606 1580 1702 1650 τὴν
1744 1582 1876 1652 ἀλή-

330 1649 483 1707 θειαν
527 1657 735 1739 πᾶσαν*
766 1659 826 1711 οὺ
872 1661 979 1732 γὰρ
1007 1661 1225 1734 λαλήσει
1264 1666 1354 1734 ἀφ’
1378 1669 1590 1732 ἑαυτοῦ,
1635 1649 1747 1723 ἀλλ’
1780 1649 1878 1723 ὅσα

336 1740 401 1794 ἂν
450 1744 668 1798 ἀκούσει
700 1747 807 1817 (45)
833 1788 846 1812 ,
902 1750 1133 1823 λαλήσει.
1165 1773 1184 1806 ι
1251 1757 1356 1809 Kal
1394 1757 1655 1828 ζητοῦμεν
1702 1761 1757 1813 ὲν
1797 1760 1879 1830 τῷ

2051 957 2106 1009 2.
2151 956 2253 1011 Sed
2302 960 2424 1025 quia
2474 974 2649 1010 sermo
2702 960 2884 1010 incidit
2937 967 3002 1014 de
3049 960 3205 1014 Petro
3248 970 3300 1014 et
3330 960 3394 1013 iis
3427 958 3537 1027 qui,

1980 1046 2341 1101 Christianam
2375 1048 2686 1115 religionem
2718 1064 2807 1101 eos
2857 1050 2945 1115 qui
2992 1064 3056 1107 ex
3112 1048 3521 1103 circumcisione

1982 1147 2181 1202 erant,
2210 1138 2506 1189 docuerunt
2530 1178 2544 1200 ,
2578 1154 2681 1190 non
2703 1139 2931 1191 alienqu
2960 1138 3119 1190 fuerit
3149 1140 3234 1192 hic
3258 1154 3322 1192 ex
3346 1139 3523 1191 Evan-

1982 1225 2120 1299 gelio
2150 1224 2439 1277 secundum
2467 1221 2729 1278 Joannem
2763 1225 3026 1292 quoddam
3062 1224 3184 1279 Jesu
3213 1226 3409 1279 dictum
3437 1242 3522 1280 re-

1983 1314 2126 1368 ferre
2156 1326 2208 1369 et
2236 1330 2510 1368 enarrare.
2540 1314 2629 1369 Sic
2665 1326 2838 1368 autem
2870 1316 3032 1369 habet
3059 1332 3073 1368 :
3114 1332 3133 1365 ‹
3161 1317 3341 1369 Adhuc
3359 1314 3522 1370 multa

1984 1406 2160 1460 habeo
2182 1407 2338 1459 vobis
2366 1407 2563 1469 dicere,
2596 1406 2688 1458 sed
2722 1421 2824 1458 non
2851 1407 3071 1473 potestis
3099 1415 3315 1475 portare
3342 1407 3519 1467 modo.

1980 1492 2113 1547 Cum
2140 1500 2314 1545 autem
2341 1493 2549 1547 venerit
2588 1493 2672 1545 ille
2702 1492 2931 1560 Spiritus
2960 1492 3223 1556 veritatis,
3248 1493 3407 1548 ducet
3428 1507 3523 1548 vos

1983 1580 2034 1632 in
2066 1594 2279 1633 omnem
2317 1585 2613 1638 veritatem.
2660 1581 2775 1645 Non
2808 1583 2949 1633 enim
2980 1581 3229 1647 loquetur
3260 1598 3287 1634 a
3327 1592 3523 1636 semet-

1983 1670 2119 1738 ipso,
2145 1670 2237 1723 sed
2267 1684 2595 1737 quacunque
2619 1670 2796 1723 audiet
2824 1669 3070 1738 loquetur
3096 1672 3160 1722 ⁸¹.
3197 1690 3215 1723 ι
3260 1671 3355 1725 llic
3379 1670 3523 1740 ἐμπιε-

1981 1763 2149 1815 rimus
2179 1776 2485 1829 ecquaenam
2516 1761 2715 1813 fuerint
2742 1758 2909 1812 multa
2946 1758 3031 1812 illa
3065 1775 3183 1828 qua:
3211 1760 3366 1815 Jesus
3407 1762 3520 1816 dis-

331 1831 511 1904 τόπῳ,
536 1836 654 1890 τίνα
677 1833 743 1908 ἦν
770 1838 837 1892 τά
865 1841 1051 1905 πολλὰ,
1084 1844 1119 1897 ἀ
1145 1841 1254 1915 εἶχε
1287 1848 1381 1915 μὲν
1406 1848 1577 1914 λέγειν
1606 1852 1633 1901 ὁ
1674 1851 1869 1919 Ἰησοῦς

1976 1852 2172 1919 cipulis
2196 1853 2309 1905 suis
2325 1852 2504 1904 dicere
2534 1850 2782 1913 habebat,
2809 1858 2862 1901 et
2891 1865 3007 1916 qua:
3035 1858 3143 1902 tum
3176 1861 3390 1917 portare
3414 1866 3520 1905 non

332 1926 448 1987 τοῖς
492 1927 763 1999 μαθηταῖς
779 1932 992 1995 ἑαυτοῦ,
1023 1936 1121 1988 οὑκ
1157 1937 1411 2005 ἠδύναντο
1436 1940 1489 1991 δὲ
1516 1942 1659 2016 αέὺτᾲῒ
1680 1941 1875 2011 βαστά-

332 2012 449 2078 ζειν
491 2016 630 2070 τότε.
686 2020 792 2073 Καὶ
824 2022 994 2092 φημί·
1042 2026 1252 2096 Μήποθ’
1298 2028 1372 2092 ὡς
1439 2008 1734 2097 ἰουὲὲἶὲιρ
1782 2034 1874 2086 καὶ

332 2110 677 2176 συντραφεῖσι
700 2110 775 2181 τῷ
802 2113 938 2166 κατά
958 2114 1017 2167 τὸ
1038 2118 1265 2188 γράμμα
1296 2122 1565 2185 Μωῦσέως
1595 2123 1738 2193 νόμῳ
1765 2128 1874 2187 τοῖς

330 2194 674 2265 ἀποστόλοις,
704 2196 812 2270 εἶχε
862 2203 956 2273 μὲν
988 2204 1161 2273 λέγειν
1190 2208 1272 2272 τίς
1298 2212 1326 2261 ό
1349 2210 1548 2281 ἀληθὴς
1575 2212 1751 2281 νόμος,
1782 2215 1873 2267 καὶ

326 2282 491 2337 τίνων
523 2287 850 2358 ἐπουρανίων
878 2293 1225 2365 ὑποδείγματι
1256 2300 1347 2351 καὶ
1386 2303 1563 2372 σκιᾷή
1596 2303 1743 2371 παρὰ
1764 2307 1874 2369 τοῖς

340 2372 627 2438 Ἰουδαίοις
654 2377 871 2449 λατρεία
917 2383 1232 2461 ὲπετελεῖτο,
1265 2390 1357 2441 καὶ
1391 2391 1549 2443 τίνων
1580 2393 1873 2461 μελλόντων

325 2461 546 2540 ἀγαθῶν
590 2469 743 2521 σκιάν
789 2477 1054 2545 περιεῖχεν
1098 2478 1126 2529 ὁ
1164 2450 1289 2549 περὶ
1346 2450 1597 2551 βρώσεως
1641 2486 1732 2537 καὶ
1781 2486 1875 2538 πό-

327 2570 469 2616 σεως
492 2556 601 2627 (46)
644 2560 734 2612 καὶ
775 2562 971 2633 ἑορτῶν
1011 2568 1101 2620 καὶ
1130 2572 1429 2641 νουμηνιῶν
1463 2575 1553 2625 καὶ
1585 2574 1873 2637 Σαϐϐάτων

323 2644 661 2743 vdeam-Kal
690 2652 855 2743 πολλὰ
878 2650 966 2727 ἦν
1006 2658 1185 2743 ταῦθ’,τ
1209 2660 1244 2714 ἀ
1273 2657 1415 2731 εῖχεν
1444 2665 1626 2728 αὐτοῖς
1660 2666 1867 2734 λέγειν’

1972 1952 2242 2011 poterant.
2266 1942 2330 1995 Et
2357 1942 2474 1995 dico
2509 1958 2522 1993 :
2555 1941 2733 2005 Forte,
2762 1943 2885 2008 quia
2914 1940 3077 1995 Judrei
3107 1950 3259 1994 erant
3293 1939 3520 2011 apostoli

1973 2040 2025 2084 et
2045 2029 2272 2083 Mosaiea
2302 2029 2416 2096 lege
2441 2029 2732 2081 secundum
2762 2029 2993 2083 litteram
3014 2039 3226 2097 accepta
3258 2026 3518 2091 innutriti,

1974 2122 2086 2175 haec
2112 2122 2325 2174 fuerunt
2350 2135 2468 2187 qua:
2494 2120 2597 2172 illis
2623 2121 2798 2172 dicere
2826 2120 3044 2173 haberet
3072 2138 3084 2172 :
3117 2134 3356 2186 quaenam
3378 2125 3518 2171 esset

1977 2227 2103 2266 vera
2135 2212 2241 2272 lex,
2267 2225 2494 2278 quarum
2525 2224 2705 2263 rerum
2727 2209 3022 2263 cmlesdum
3044 2210 3229 2262 umbra
3246 2208 3518 2278 signisque

1972 2303 2147 2368 cultus
2176 2302 2437 2355 Judaicus
2466 2308 2769 2365 constaret,
2822 2314 2938 2367 qua:
2980 2300 3158 2353 futura
3213 2300 3347 2353 bona
3382 2314 3517 2366 prte-

1973 2394 2157 2462 scripti
2209 2392 2275 2445 de
2315 2392 2434 2446 cibo
2477 2401 2531 2444 et
2574 2400 2735 2457 potu,
2792 2391 2857 2443 de
2910 2392 3086 2452 festis,
3135 2389 3430 2449 neomeuiis
3462 2395 3519 2441 et

1973 2483 2220 2538 Sabbatis
2240 2485 2374 2536 ritus
2395 2482 2796 2535 adumbrarent.
2834 2481 3144 2549 llujusmodi
3178 2481 3341 2533 multa
3364 2488 3518 2534 erant

1972 2590 2087 2645 quae
2126 2576 2359 2629 habebat
2388 2575 2469 2630 eis
2490 2575 2703 2639 dicere;
2734 2588 2855 2627 cum
2899 2582 3077 2626 autem
3111 2574 3362 2641 dogmata
3396 2586 3517 2639 ηοω

1968 2682 2105 2738 pene
2134 2666 2412 2736 congenita
2445 2676 2500 2720 et
2529 2668 2595 2719 ad
2628 2666 2838 2718 virilem
2873 2678 3038 2732 usque
3071 2674 3283 2718 aetatem
3320 2662 3515 2716 coalita

322 2733 468 2803 ὁρῶν
509 2735 553 2786 δ’
577 2736 657 2789 ὅτι
682 2740 819 2794 πάνυ
847 2744 1076 2814 χαλεπόν
1108 2733 1248 2801 ἐστιν
1288 2750 1395 2803 ἀπὸ
1432 2752 1610 2823 ψυχῆς
1648 2733 1869 2828 ἀνατρέ-

1970 2733 2161 2820 erant,
2187 2733 2416 2824 quaeque
2439 2764 2492 2808 et
2512 2754 2696 2806 ‘divina
2730 2767 2847 2807 esse
2873 2762 2927 2807 et
2962 2754 3079 2807 sine
3104 2751 3381 2820 impietate
3405 2748 3514 2803 tolli

323 2840 447 2876 πειν
511 2829 692 2895 σχεδὸν
745 2836 1165 2902 συγγιννηθέντα
1214 2840 1307 2913 καὶ
1375 2845 1738 2913 συντραφέντα
1788 2846 1869 2899 δό-

1970 2861 2074 2901 non
2107 2860 2262 2915 posse
2288 2846 2389 2899 sibi
2415 2832 2793 2914 persuaserant
2820 2843 2855 2896 ii
2886 2844 2977 2913 qui
3010 2843 3121 2913 ipsa
3148 2850 3513 2909 susceperant,

322 2926 511 2979 γματα
551 2915 708 2985 μέχρι
737 2918 833 2988 τῆς
870 2919 963 2975 τοῦ
996 2922 1183 2991 ἀνδρὸς
1212 2924 1424 2993 ήλικίας
1445 2968 1457 2989 ,
1488 2930 1577 2980 καὶ
1614 2930 1869 2983 πείσαντα

322 3001 451 3059 τοὺς
480 3003 827 3059 ἀνειληφότας
864 3009 1020 3059 αὐτὰ.
1049 3011 1129 3059 δτι
1154 3013 1322 3059 ταῦτα
1353 3017 1450 3059 meo
1479 3020 1592 3059 tm
1635 3019 1747 3059 agr...
1812 3021 1869 3059 ηρλ

1970 2935 2281 3007 perdiliicile
2326 2948 2447 2989 esse
2499 2926 2749 3059 ctpneret
2796 2948 2862 2985 ex
2908 2932 3087 2985 anima
3141 2930 3413 2991 revellere,
3460 2939 3514 2984 et

1970 3043 2083 3059 ιη’-ω
2119 3026 2399 3059 Δνηοηοιιίῖ
2428 3038 2544 3059 unum
2573 3023 2864 3059 cannnﬂnm
2900 3021 3171 3059 Clu-ictum
3230 3020 3279 3059 ill
3314 3029 3389 3059 pel
3424 3034 3513 3059 ea-

320 3001 451 3097 τοὺς
480 3003 827 3073 ἀνειληφότας
864 3009 1020 3081 αὐτὰ,
1049 3011 1129 3065 δτι
1154 3013 1322 3066 ταῦτα
1351 3017 1450 3086 μέν
1479 3020 1593 3070 ἐστι
1635 3019 1768 3083 θεῖα,
1812 3021 1869 3073 τὸ

1970 3001 2083 3097 prae
2119 3026 2400 3079 excellenti
2428 3001 2865 3092 qumlsecundum
2900 3021 3196 3085 Christum,
3230 3020 3280 3072 id
3314 3029 3395 3073 est
3422 3034 3513 3074 se-

320 3087 384 3181 δὲ
435 3093 809 3158 μετασαλεύειν
866 3098 1024 3164 αὐτὰ,
1072 3100 1214 3154 ιστὶν
1269 3104 1493 3168 ἀσεϐές·
1552 3106 1644 3159 καὶ
1691 3110 1749 3160 ὲν
1802 3111 1867 3178 τῇ

1970 3118 2201 3169 cundum
2237 3114 2516 3167 veritatem
2544 3124 2657 3179 est,
2692 3113 2995 3181 cognitione
3019 3112 3299 3165 ostendere
3330 3119 3384 3163 et
3416 3125 3511 3162 au—

321 3179 559 3273 ύπεροχῇ
606 3185 699 3255 τῆς
728 3187 865 3242 κατὰ
914 3190 1162 3262 Χριστὸν,
1184 3196 1425 3273 τουτέστι
1451 3196 1550 3266 τὴν
1592 3196 1866 3267 ἀλήθειαν,

1970 3206 2236 3259 ditoribus
2264 3186 2591 3273 persdadere
2638 3206 2725 3258 illa
2774 3216 2895 3256 esse
2947 3220 2966 3252 ι
2991 3211 3228 3255 stercora
3263 3210 3316 3255 et
3349 3200 3514 3254 detri-

318 3268 573 3337 γνὼσεως
608 3276 843 3347 ἐλέγχειν
867 3278 1005 3334 αὑτά
1034 3284 1301 3337 σκύϐαλα
1322 3268 1437 3337 ’καὶ
1477 3285 1702 3353 ζημίαν,
1728 3287 1866 3341 ὥστε

320 3361 607 3431 πεισθῆναι
654 3366 776 3429 τοὺς
839 3368 1155 3431 ἀκούονταςθ
1226 3374 1565 3443 ὑπερετίθετο
1620 3377 1696 3439 εἰς
1749 3377 1867 3431 ἐπι-

316 3448 654 3520 τηδειότερον
686 3454 870 3524 καιρὸν
911 3460 999 3510 τὸν
1040 3460 1172 3528 μετά
1204 3461 1263 3513 τὸ
1288 3462 1454 3525 πάθος
1480 3464 1571 3515 καὶ
1608 3465 1705 3536 τὴν
1739 3468 1868 3520 ἀνά-

320 3554 512 3591 στασιν
541 3541 724 3596 αὑτοῦ.
763 3546 869 3597 Καὶ
914 3546 1018 3619 γὰρ
1058 3549 1265 3619 ἀληθῶς
1303 3548 1369 3622 ἦν
1404 3554 1641 3624 ἀκαίρως
1672 3576 1868 3628 προσα-

315 3627 549 3719 γόμενον
598 3632 656 3684 τὸ
704 3632 1097 3706 βοήθημα,τοίς
1142 3641 1361 3709 μηδέπω
1407 3647 1666 3716 χωροῦσιν
1714 3627 1864 3719 αὑτό,

315 3718 712 3789 ἀνατρεπτικὸν
744 3726 839 3795 τῆς
869 3729 992 3797 περὶ
1028 3730 1120 3783 τοῦ
1176 3733 1345 3803 Ἰησοῦ
1378 3736 1690 3806 ὑπολήψεως
1740 3718 1868 3808 τυγ-

316 3810 505 3899 χάνον,
557 3813 622 3882 ἢν
670 3815 767 3885 ἤδη
816 3818 1163 3892 ἀνειλήφεσαν
1207 3825 1281 3887 ὡς
1334 3829 1458 3896 περὶ
1497 3830 1727 3899 Χριστοῦ
1774 3833 1866 3885 καὶ

319 3898 457 3951 Υίοῦ
485 3901 575 3953 τοῦ
604 3902 735 3956 Θεοῦ
759 3907 851 3960 τοῦ
881 3909 1093 3974 ζῶντος.
1131 3914 1236 3968 Καὶ
1266 3916 1495 3985 πρόσχες
1544 3898 1591 3969 εἰ
1639 3920 1710 3989 μὴ
1745 3922 1866 3972 νοῦν

320 3990 441 4059 ἔχει
494 3994 589 4046 οὐκ
638 3996 1099 4069 εὐκαταφρόνητον
1151 4002 1211 4055 τὸ
1258 4004 1426 4067 οὓτως
1467 4006 1691 4059 ἀκοῦσαι
1735 4009 1860 4061 τοῦ·

304 4098 345 4132 ἰ
373 4083 546 4135 Πολλά
591 4086 695 4155 ἔχω
723 4089 848 4157 ὑμῖν
880 4090 1075 4159 λέγειν,
1101 4092 1211 4145 ἀλλ’
1235 4096 1294 4146 οὑ
1324 4096 1545 4148 δύνασθε
1582 4098 1864 4165 βαστάζειν

312 4171 447 4243 ἄρτι
470 4190 483 4203 ⁸
508 4193 525 4225 ι
564 4176 730 4229 πολλὰ
754 4179 861 4249 γὰρ
884 4180 949 4233 τὰ
986 4183 1083 4252 τῆς
1122 4184 1213 4235 τοῦ
1243 4186 1422 4253 νόμου,
1447 4187 1584 4237 κατὰ
1619 4188 1685 4239 τά
1710 4206 1866 4241 πνευ-

1969 3304 2150 3350 menta
2165 3296 2232 3359 ",
2260 3314 2278 3346 ι
2305 3305 2516 3363 tempus
2539 3294 2888 3364 opportunius
2912 3292 3261 3358 exspectavit,
3281 3291 3402 3344 dum
3435 3291 3512 3343 vi-

1968 3386 2157 3439 delicet
2186 3393 2239 3439 et
2271 3399 2483 3438 crucem
2518 3397 2704 3451 passus
2734 3390 2873 3434 esset
2900 3389 2953 3432 et
2986 3380 3172 3433 fuisset
3204 3393 3233 3432 e
3286 3379 3511 3432 mortuis

1967 3475 2279 3529 suscitatus.
2347 3474 2634 3526 Enimvero
2688 3469 2942 3522 auxilium
3007 3468 3386 3536 intempestive
3444 3468 3511 3522 iis

1967 3560 2265 3629 praestitum
2286 3560 2376 3627 qui
2410 3558 2536 3610 illud
2564 3556 2795 3608 nondum
2828 3569 3018 3624 capere
3050 3566 3329 3623 poterant,
3358 3570 3511 3608 ever-

1970 3661 2082 3704 tere
2114 3651 2373 3716 potuisset
2401 3647 2725 3715 opinionem,
2756 3662 2915 3713 quam
2950 3640 3015 3701 de
3039 3647 3163 3701 Jesu
3199 3655 3509 3713 conceptam

1968 3742 2148 3794 animo
2180 3738 2473 3802 habebant,
2493 3753 2616 3793 eum
2643 3752 2761 3790 esse
2782 3737 3051 3791 Christum
3085 3749 3139 3793 et
3164 3736 3397 3790 viventis
3415 3737 3509 3791 Dei

1965 3827 2129 3896 388
2176 3826 2391 3879 Filium.
2458 3827 2523 3879 Et
2575 3828 2693 3879 vide
2738 3844 2918 3881 annon
2957 3840 3096 3881 recta
3148 3830 3215 3879 sit
3245 3828 3507 3879 sententia

1968 3918 2126 3983 hujus
2178 3917 2278 3970 loci
2314 3935 2326 3970 :
2364 3935 2391 3977 ι,
2408 3916 2568 3969 Multa
2619 3916 2791 3971 habeo
2822 3918 2974 3970 vobis
3014 3919 3219 3979 dicere,
3269 3918 3359 3970 sed
3402 3931 3506 3971 non

1966 4007 2187 4074 potestis
2219 4017 2433 4075 portare
2468 4007 2625 4060 modo
2642 4007 2707 4058 ⁸³.
2742 4026 2759 4058 ι
2796 4007 2956 4059 Multa
2989 4015 3112 4059 sunt
3135 4008 3274 4057 enim
3311 4006 3360 4057 in
3392 4004 3507 4076 lege

1966 4110 2084 4166 quae
2115 4112 2271 4150 sensu
2304 4096 2531 4165 spiritali
2562 4097 2782 4151 edisseri
2836 4107 2889 4148 et
2946 4095 3197 4163 explicari
3245 4096 3505 4161 debeant;

1964 4200 2062 4240 nec
2085 4201 2145 4238 ea
2184 4186 2290 4240 ullo
2314 4186 2471 4241 modo
2498 4194 2621 4240 tunc
2654 4183 2950 4251 intelligere
2990 4189 3235 4251 poterant
3260 4185 3504 4252 apostoli,

320 4265 544 4333 μτικά,
576 4267 872 4338 διηγήσεως
902 4272 994 4324 καὶ
1026 4274 1315 4341 σαφηνείας
1334 4292 1346 4302 ·
1376 4276 1467 4327 καί
1490 4276 1586 4327 οὐκ
1611 4277 1864 4345 ήδύναντό

1970 4277 2079 4331 nati
2114 4278 2253 4331 inter
2281 4276 2491 4332 Judaeos
2513 4284 2567 4331 et
2601 4276 2829 4329 educati.
2864 4276 3033 4330 Credo
3089 4276 3337 4343 equidem
3370 4291 3504 4343 quo-

316 4371 437 4416 πως
467 4354 747 4423 βαστάζειν
779 4358 915 4428 αὑτᾲ
972 4361 1020 4409 οἱ
1059 4361 1321 4430 μαθηταὶ,
1377 4365 1429 4414 ὲν
1464 4365 1732 4430 Ἰουδαίοις
1774 4386 1864 4436 γε-

1970 4368 2107 4422 niam
2143 4370 2309 4437 ﬁgura
2337 4377 2491 4422 erant
2530 4366 2737 4421 Judaici
2772 4365 2845 4419 illi
2888 4367 3045 4430 ritus,
3084 4370 3284 4421 veritas
3325 4376 3502 4419 autem

313 4446 635 4514 γεννημένοι
675 4447 766 4503 καὶ
806 4448 1265 4519 ἀνατεθραμμένοι
1308 4454 1446 4507 τότε.
1492 4454 1653 4527 Οἶμαι
1694 4460 1737 4511 δ’
1782 4462 1861 4513 ὃτι

1970 4473 2083 4525 qua:
2129 4459 2363 4525 Spiritus
2406 4468 2624 4513 sanctus
2667 4474 2759 4513 eos
2799 4459 3053 4511 docturus
3086 4465 3237 4521 erat,
3291 4466 3505 4525 propter

314 4533 415 4585 καὶ
456 4533 572 4584 ἐπεὶ
599 4533 763 4597 τύπος
793 4534 889 4603 μιν
924 4532 991 4606 ἦν
1022 4538 1221 4602 ἐκεῖνα,
1253 4540 1472 4610 ἀλήθεια
1506 4546 1561 4597 δὲ
1602 4546 1637 4599 ἂ
1674 4548 1861 4616 ἔμελλε

313 4621 585 4675 διδάσκειν
624 4624 817 4687 αὐτοὺς
847 4624 909 4677 τὸ
950 4626 1099 4695 ἅγιον
1134 4630 1386 4701 Πνεῦμα,
1439 4633 1522 4685 διὰ
1569 4636 1721 4688 τοῦτο
1758 4637 1857 4687 -λέα

313 4712 535 4767 λεκται·
577 4733 593 4764 ι
622 4715 785 4768 Ὅταν
814 4714 936 4787 non
966 4719 1193 4783 ἐκεῖνος,
1236 4721 1294 4773 τὸ
1324 4722 1545 4791 Πνεῦμα
1586 4726 1680 4791 τῆς
1727 4725 1858 4792 ἀλη-

317 4802 503 4867 θείας,
554 4805 806 4876 ὁδηγήσει
851 4807 991 4877 ὑμᾶς
1031 4811 1108 4873 είς
1155 4812 1250 4880 τήν
1300 4812 1548 4881 ἀλήθειαν
1598 4816 1807 4864 πᾶσαν*
1837 4833 1854 4864 ι

315 4900 393 4961 ὡς
424 4902 467 4951 εί
496 4901 697 4967 ἔλεγεν,
737 4904 817 4965 είς
860 4905 1035 4957 πᾶσαν
1072 4905 1165 4973 τὴν
1194 4907 1444 4976 ἀλήθειαν
1474 4907 1579 4959 τῶν
1618 4911 1864 4978 πραγμά-

313 5009 445 5053 των,
476 4986 550 5045 ὦν
589 4997 644 5045 ὲν
683 4998 793 5058 τοῖς
823 4997 1009 5060 τύποις
1041 4998 1333 5065 γενόμενοι,
1372 4996 1536 5065 ᾤεσοε
1565 4999 1661 5066 τὴν
1692 5000 1859 5070 ἀληθῆ

317 5082 565 5152 λατρείαν
613 5084 887 5157 λατρεύειν
936 5088 1011 5156 τῷ
1053 5086 1184 5155 Θεῷ.
1260 5088 1366 5139 Καὶ
1399 5089 1533 5139 κατά
1564 5088 1657 5155 τὴν
1703 5091 1862 5157 ἐπαγ-

319 5171 502 5251 γελίαν
530 5171 621 5225 τοῦ
663 5174 829 5243 Ἰησοῦ
858 5172 985 5245 ἦλθε
1013 5176 1071 5226 τὸ
1114 5174 1333 5243 Πνεῦμα
1362 5176 1457 5243 τῆς
1494 5177 1739 5245 ἀληθείας
1771 5179 1859 5228 ἐπὶ

316 5264 410 5315 τὸν
440 5264 661 5333 Πέτρον,
686 5263 837 5331 λέγον
864 5266 998 5335 πρὸς
1027 5264 1333 5333 αὑτὸν,περ“ι
1376 5265 1479 5316 τῶν
1520 5265 1854 5333 τετραπόδων

315 5353 413 5406 καὶ
450 5355 684 5422 ἑρπετῶν
730 5358 828 5424 τῆς
874 5357 973 5425 γῆς
1024 5358 1113 5407 καὶ
1162 5355 1415 5407 πετεινῶν
1457 5356 1545 5407 τοῦ
1596 5356 1851 5427 ούρανοῦο

320 5463 341 5494 ι
379 5444 670 5510 Ἀναστάς,
718 5446 908 5516 Πέτρε,
962 5446 1119 5498 θῦσον
1162 5447 1254 5497 καὶ
1306 5438 1461 5514 φάγε.
1490 5468 1507 5496 ι
1574 5449 1677 5498 Καὶ
1728 5444 1853 5515 ἦ).οε

388 5573 432 5605 ⁶¹
466 5572 620 5627 Joan.
653 5590 762 5637 m,
796 5576 861 5629 12
880 5584 930 5629 et
955 5577 1038 5629 l5.
1115 5577 1156 5607 ⁸³
1197 5576 1419 5650 Philipp.
1454 5595 1531 5640 ιιι,
1568 5581 1618 5633 8.
1695 5580 1738 5609 ⁸³
1777 5577 1869 5630 Joa

1970 5596 2067 5645 τινι,
2100 5581 2184 5631 ιίὲ.
2256 5579 2302 5608 ⁸⁸
2339 5579 2581 5631 lbid.15.

389 5684 503 5751 (45)
654 5698 838 5739 omnes
871 5682 996 5758 mss.
1030 5688 1358 5743 llmsehelius
1382 5705 1507 5741 vero
1541 5690 1603 5742 ad
1648 5692 1841 5758 margi-

310 5768 440 5826 nem
456 5762 523 5826 Aet
538 5754 843 5826 _Spencerus
862 5756 927 5826 _in
960 5765 1105 5810 textu
1123 5800 1138 5819 ,
1164 5760 1259 5810 ὅσα
1288 5757 1351 5808 ἂν
1375 5759 1598 5826 ἀκούσῃ.
1767 5754 1811 5823 ⁷,

387 5822 497 5891 (46)
537 5820 607 5879 ιιι
652 5820 806 5879 codd.
860 5824 1054 5895 Regius
1116 5838 1169 5883 et
1225 5820 1577 5883 Parisiensis:
1634 5820 1839 5897 Reliqui

1965 4547 2101 4599 hanc
2136 4562 2247 4598 rem
2279 4548 2479 4602 dictum
2510 4562 2626 4601 esse
2654 4563 2668 4599 ι
2702 4563 2719 4595 ι
2741 4547 2963 4612 Quando
2996 4548 3207 4611 venerit
3253 4545 3338 4598 ille
3388 4545 3502 4613 Spio

1965 4640 2113 4689 ritus.
2137 4638 2396 4700 veritatis,
2439 4638 2595 4689 ducet
2627 4651 2721 4690 vos
2755 4637 2805 4690 in
2839 4651 3048 4690 omnem
3081 4636 3355 4708 veritatem
3372 4634 3449 4698 “;
3477 4653 3496 4686 ο

1964 4729 2114 4793 quasi
2143 4729 2367 4788 diceret,
2404 4728 2453 4779 in
2482 4741 2691 4779 omnem
2723 4727 3007 4779 veritatem
3036 4742 3243 4787 rerum,
3274 4740 3499 4791 quarum

1962 4816 2089 4869 licet
2113 4817 2293 4884 ﬁgura:
2322 4826 2523 4868 tantum
2552 4816 2688 4883 apud
2716 4831 2809 4870 vos
2842 4816 3061 4879 fuerint,
3094 4829 3276 4866 verum
3310 4813 3499 4865 nihilo-

1965 4908 2138 4958 minus
2158 4906 2264 4957 Deo
2287 4903 2484 4957 cultum
2502 4921 2529 4957 a
2553 4906 2703 4958 vobis
2723 4905 2964 4959 exhiberi
2992 4902 3277 4969 putabatis.
3308 4902 3498 4969 Atque,

1965 5008 2021 5051 ut
2043 4998 2197 5051 Jesus
2227 4981 2568 5065 promiserat,
2604 4997 2751 5049 venit
2788 4996 3016 5063 Spiritus
3046 4994 3284 5045 veritatis
3316 4994 3367 5045 in
3405 4994 3498 5045 Pe-

1965 5097 2122 5149 trum,
2160 5087 2317 5152 eique
2348 5087 2411 5138 de
2454 5085 2906 5151 quadrupedibus,
2956 5082 3291 5149 serpentibus
3343 5090 3499 5134 terra)

1960 5187 2011 5229 et
2042 5176 2352 5229 volatilibus
2380 5177 2499 5229 κωιί
2526 5176 2657 5227 dixit
2697 5192 2705 5223 :
2747 5193 2763 5223 ι
2792 5174 2981 5240 Surge,
3017 5171 3191 5235 Petre,
3233 5174 3415 5227 occide
3444 5182 3497 5226 et

1962 5268 2219 5321 manduca
2243 5268 2309 5320 ⁸⁸.
2342 5286 2360 5317 ι
2406 5267 2467 5318 Et
2502 5268 2642 5317 venit
2675 5266 2737 5313 ad
2761 5278 2881 5315 eum
2919 5264 3296 5329 superstitione
3321 5258 3494 5314 adhuc

1962 5356 2321 5413 laborari-rem.
2383 5360 2460 5408 Ad
2497 5358 2729 5407 divinam
2767 5355 2905 5407 enim
2943 5370 3123 5406 vocem
3172 5357 3491 5419 respondet:

1969 5464 1985 5495 ι
2019 5448 2204 5510 Absit,
2236 5449 2478 5509 Domine,
2507 5449 2627 5511 quia
2648 5462 2942 5523 ⁴ιιιιιιιμιιιιιι
2990 5443 3304 5497 ltlatttlucavi
3334 5453 3493 5493 omne

2660 5579 2702 5606 ⁸⁵
2742 5579 2858 5630 Act.
2895 5593 2946 5634 Χ.
2996 5577 3073 5629 l5.

1948 5706 2075 5742 vero
2101 5708 2223 5744 cum
2246 5690 2403 5744 editis
2445 5690 2661 5752 habent,
2706 5690 2825 5757 περὶ
2854 5686 3101 5757 βρώσεων
3141 5685 3230 5734 καὶ
3260 5682 3490 5743 πόσεων.

1951 5760 2109 5811 Paulo
2139 5772 2256 5828 post
2286 5775 2469 5815 omnes
2496 5777 2646 5822 tnss.,
2680 5754 3097 5824 συγγεννηθέντα
3135 5756 3225 5805 καὶ
3260 5767 3484 5824 συπρα-

1949 5831 2131 5896 φέντα.
