4096 6304
637 495 743 556 799

2105 484 2437 555 omcmts;

3746 468 3863 526 800

642 599 927 672 commune
947 625 1042 669 aut
1070 611 1430 668 immundum.
1458 627 1476 662 ι
1555 609 1954 679 'l‘um'Spiritus
1983 619 2201 678 sanctus
2231 660 2232 663 η

2330 603 2437 675 ιρδς
2465 601 2621 655 αὐτὸν
2648 599 2725 652 ἔτι
2755 593 3235 665 δεισιδαιμονοῦντα
3260 607 3274 622 ·
3314 589 3442 661 φησὶ
3466 589 3572 660 γὰρ
3602 588 3694 640 καὶ
3722 587 3869 658 πρὸς

645 706 846 760 ducens
873 705 1130 774 quidnam
1159 704 1224 758 de
1251 704 1386 757 cibis
1424 716 1492 757 ex
1519 701 1752 756 veritate
1799 709 1856 755 et
1898 699 2211 769 spiritaliter

645 804 790 850 esset
831 795 1168 849 sentiendum
1198 813 1212 848 :
1254 813 1273 848 ι
1296 795 1446 861 Quae,
1487 791 1684 861 inquit,
1717 791 1858 845 Deus
1883 789 2207 860 puriﬁcavit,

651 892 706 939 tu
734 886 1037 940 communia
1065 899 1131 938 ne
1158 884 1383 939 dixeris.
1411 901 1430 934 ι
1466 882 1599 937 Post
1625 884 1764 937 hanc
1793 880 2056 936 visionem
2089 877 2210 948 Spi-

605 1014 608 1016 η
651 978 790 1031 ritus
829 975 1069 1030 veritatis
1111 973 1333 1028 Petrum
1376 973 1429 1027 in
1461 987 1678 1026 onmem
1727 971 2005 1026 veritatem
2037 969 2212 1032 duxit,

654 1063 815 1131 eique
845 1062 984 1116 dixit
1011 1062 1202 1127 multa,
1228 1077 1350 1130 quae
1392 1061 1520 1113 dum
1559 1060 1738 1114 adhuc
1767 1073 1890 1113 cum
1926 1059 2016 1113 illo
2059 1057 2216 1114 Jesus

652 1155 946 1208 secundum
969 1169 1187 1208 carnem
1211 1160 1786 1231 versareturkportarc
1811 1166 1914 1204 non
1942 1159 2212 1220 potuerat.

658 1240 856 1297 Verum
887 1245 953 1299 de
980 1245 1064 1298 his
1105 1243 1209 1296 alia
1232 1258 1290 1297 se
1315 1240 1792 1307 dabitdisserendi
1817 1242 2061 1306 occasio,
2091 1257 2214 1294 cum

653 1341 844 1402 agetur
877 1333 942 1386 de
987 1333 1054 1387 iis
1095 1348 1213 1402 quae
1239 1333 1306 1387 ad
1331 1331 1627 1391 litteralem
1658 1331 1791 1404 legis
1821 1332 2063 1386 Mosaica:
2095 1347 2218 1386 sen-

653 1435 772 1475 sum
811 1423 1104 1492 pertinent.

728 1685 795 1739 5.-
825 1683 976 1740 Nunc
1009 1695 1189 1740 autem
1224 1685 1562 1756 propositum
1601 1693 1684 1740 est
1707 1685 1859 1739 nobis
1881 1685 2026 1761 Celsi
2066 1685 2217 1753 igno-

660 1776 894 1830 rantiam
923 1776 1270 1844 redarguere,
1301 1777 1439 1844 apud
1467 1789 1627 1856 quem
1660 1773 1879 1830 Judacus
1916 1776 2003 1827 his
2043 1774 2221 1827 verbis

661 1886 790 1927 suos
823 1870 1114 1939 pepulares
1144 1879 1198 1924 et
1224 1869 1639 1939 lsraelitas,qui
1669 1871 1721 1924 in
1751 1867 1933 1924 Iesum
1973 1870 2218 1932 credunt,

663 1959 951 2028 compellat
1000 1976 1014 2012 :
1074 1958 1247 2026 «Quae
1297 1975 1396 2014 vos
1448 1959 1786 2028 intemperiae
1848 1958 2109 2028 agebant,

663 2051 892 2120 patriam
924 2051 1096 2120 legem
1127 2049 1558 2118 relinqueretis?
1593 2067 1612 2100 ι
1633 2039 1702 2103 ⁵οι
1740 2045 1966 2115 reliqua.
2007 2047 2078 2100 At
2100 2060 2230 2114 quo-

665 2142 826 2196 modo
867 2155 897 2194 a
948 2141 1064 2208 lege
1110 2141 1283 2209 patria
1336 2139 1686 2204 defecerunt,
1739 2137 1829 2206 qui
1861 2137 1993 2206 ejus
2039 2151 2227 2206 parum

665 2231 943 2286 studiosos
1000 2231 1288 2299 objurgant
1331 2231 1409 2285 sic
1440 2251 1451 2284 :
1495 2248 1512 2280 ι
1540 2229 1711 2282 Dicite
1737 2227 1867 2280 mihi
1891 2267 1906 2292 ,
1936 2227 2024 2296 qui
2054 2228 2225 2296 legem

664 2321 886 2392 legitis,
939 2321 1111 2390 legem
1161 2337 1267 2375 non
1314 2319 1556 2374 auditis?
1619 2319 1892 2386 Scriptum
1941 2326 2022 2373 est
2060 2319 2227 2381 enim,

666 2411 922 2478 quoniam
956 2409 1228 2463 Abraham
1261 2410 1393 2464 duos
1427 2409 1567 2478 ﬁlios
1619 2407 1892 2473 habuit“,
1924 2425 1942 2459 ι
2006 2417 2059 2462 et
2111 2423 2230 2477 qua:

666 2511 996 2571 sequuntur,
1034 2503 1099 2556 ad
1128 2503 1244 2556 haec
1275 2503 1440 2556 verba
1477 2519 1492 2556 :
1537 2519 1556 2552 ‹
1580 2500 1710 2568 Qua:
1743 2511 1871 2556 sunt
1899 2516 1995 2570 per
2024 2499 2229 2569 allego-

622 2582 626 2588 λ
668 2589 805 2649 riam
836 2592 999 2646 dicta.
1028 2610 1046 2642 ι
1090 2591 1170 2645 Αη
1197 2593 1428 2661 patriam
1452 2593 1742 2646 deseruere
1771 2593 1962 2661 legem,
1992 2592 2081 2661 qui
2112 2607 2227 2646 eam

670 2696 945 2752 nunquam
976 2697 1079 2736 non
1112 2683 1164 2736 in
1195 2697 1289 2738 ore
1321 2684 1543 2748 habent,
1571 2683 1814 2738 dicentes
1850 2699 1865 2736 :
1909 2700 1928 2735 ι
1948 2683 2027 2736 An
2058 2693 2110 2738 et
2143 2683 2228 2736 lex

671 2773 786 2828 haze
819 2787 922 2826 non
954 2773 1122 2828 dicit?
1155 2773 1415 2841 scriptum
1457 2781 1539 2827 est
1568 2775 1713 2828 enim
1767 2776 1819 2827 in
1862 2773 1976 2843 lege
2015 2772 2181 2842 Moysi
2213 2791 2227 2828 :

670 2859 786 2914 Non
818 2861 1060 2931 alligabis
1093 2877 1152 2917 os
1183 2863 1305 2917 bovi
1335 2863 1639 2916 trituranti.
1679 2862 1928 2932 Nunquid
1967 2863 2032 2916 de
2060 2864 2231 2916 bobus

673 2965 801 3006 cura
837 2961 922 3006 est
971 2953 1125 3006 Deo?
1179 2967 1243 3006 an
1299 2963 1522 3022 propter
1561 2968 1658 3007 nos
1687 2953 1880 3021 utique.
1916 2954 2029 3006 haze
2059 2953 2232 3019 dicit?

667 3039 804 3095 Nam
849 3051 1076 3112 propter
1109 3057 1206 3098 nos
1250 3043 1452 3111 scripta
1489 3043 1702 3107 sunt",
1745 3062 1763 3093 ι
1822 3052 1926 3096 etc.
1978 3041 2082 3095 Sed
2117 3043 2231 3095 haec

671 3132 849 3186 omnia
882 3131 1096 3187 Iudaeus
1139 3133 1277 3201 apud
1307 3133 1522 3187 Celsum
1569 3131 1880 3197 confundit;
1925 3147 2046 3185 cum
2078 3130 2231 3197 longe

671 3223 1001 3293 probabilior
1050 3223 1169 3292 ejus
1233 3223 1424 3276 fuisset
1485 3221 1793 3286 accusatio,
1847 3223 1892 3275 si
1963 3221 2299 3308 dixisset:C

677 3331 697 3365 ι
730 3313 957 3379 Quidam
989 3327 1053 3366 ex
1094 3311 1246 3364 vobis
1295 3311 1552 3380 pristinos
1585 3313 1724 3366 ritus
1766 3307 2104 3381 reliquerunt
2134 3328 2229 3366 cx-

671 3401 1028 3473 plicationum
1093 3413 1148 3459 et
1214 3403 1598 3472 allegoriarum
1666 3405 1912 3468 nomine;
1993 3403 2230 3458 nonnulli

673 3493 797 3548 illos
830 3494 1206 3562 interpretati,
1239 3504 1294 3547 ut
1339 3493 1482 3560 loqui
1530 3495 1759 3562 amatis,
1793 3495 2018 3563 spiritali
2050 3511 2232 3559 sensu,

671 3583 844 3640 nihilo
881 3583 1056 3637 secius
1091 3585 1263 3652 patria
1297 3584 1599 3639 observatis
1651 3585 1932 3648 instituta;
1987 3585 2076 3640 alii
2115 3586 2236 3655 qui-

674 3674 799 3730 dam
834 3673 1056 3727 litterali
1087 3688 1246 3727 sensu
1287 3674 1525 3728 contenti
1558 3674 1609 3727 in
1646 3688 1816 3743 coque
1847 3685 2016 3728 totum
2056 3677 2234 3730 conli-

675 3764 1129 3836 neripspiritalem
1163 3780 1378 3819 sensum
1422 3765 1776 3830 arbitrantes,
1800 3767 1964 3821 vultis
1994 3766 2153 3820 simul
2183 3777 2236 3820 et

676 3857 859 3918 Jesnm
904 3855 1119 3926 agnosci
1157 3870 1254 3922 pro
1275 3872 1339 3911 eo
1369 3871 1527 3925 quem
1549 3845 1716 3926 389
1747 3859 2238 3925 prrenuntiaverunt

678 3950 975 4018 prophetae,
1009 3955 1063 3999 et
1084 3945 1372 3999 Mosaicam
1406 3945 1575 4022 legem
1607 3962 1673 3999 ex
1700 3947 1947 4016 instituto
1975 3947 2234 4015 majorum

679 4053 899 4093 suorum
934 4038 1246 4091 observare.
1279 4055 1296 4087 ι
1341 4037 1410 4088 At
1443 4037 1584 4089 unde
1611 4037 1768 4092 Celso
1792 4046 1939 4090 tanta
1968 4037 2157 4091 fuisset
2188 4038 2236 4090 in

679 4130 764 4184 his
793 4128 1190 4197 distinguendis
1226 4127 1614 4196 perspicacitas
1636 4167 1650 4190 ,
1676 4130 1766 4196 qui
1803 4129 1854 4182 in
1890 4131 2237 4198 sequentibus

680 4219 966 4284 impiarum
1007 4219 1335 4286 omninoque
1390 4233 1419 4271 a
1462 4217 1588 4272 Jesu
1632 4218 1928 4273 alienarum
1963 4221 2237 4276 haereseon

680 4310 962 4376 meminit,
989 4310 1094 4363 imo
1117 4318 1170 4362 et
1200 4310 1577 4376 quarumdam,
1612 4326 1731 4380 qua:
1759 4325 2066 4379 supremum
2091 4328 2242 4380 pror-

681 4416 773 4454 sus
841 4401 1110 4467 abnegant
1146 4400 1515 4463 conditorem;
1573 4413 1749 4468 neque
1783 4400 1930 4454 novit
1973 4400 2242 4455 lsraelitas

679 4483 799 4555 qni,
827 4494 1044 4538 servata
1077 4478 1248 4554 patria
1270 4484 1408 4554 lege,
1445 4485 1498 4538 in
1524 4483 1704 4540 Jesum
1737 4485 2109 4544 crediderint?
2136 4488 2245 4543 Nec

2167 1928 2298 2009 utB

2310 697 2408 766 τὴν
2451 694 2599 747 θείαν
2630 691 2810 761 φωνήν
2834 707 2848 720 ο
2889 707 2908 740 ‹
2937 685 3233 756 Μηδαμιῖκ,
3271 681 3461 752 Κύριε,
3490 682 3570 733 ὅτι
3607 679 3864 731 οὐδέποτε

2312 784 2508 853 ἔφαγον
2543 783 2650 834 πᾶν
2683 779 2856 832 κοινὸν
2885 778 2918 847 ἢ
2947 775 3263 845 ἀκάθαρτον.
3293 791 3310 821 ι
3368 771 3478 824 Καὶ
3523 768 3722 833 ἐδίδαξε
3766 769 3866 824 τὸν

2312 874 2439 944 περὶ
2478 871 2776 944 βρωμάτων
2807 868 3016 940 ἀληθῶν
3039 866 3132 919 καὶ
3157 861 3534 932 πνευματικῶν
3559 861 3664 930 (ιη
3702 861 3867 928 λόγον

2313 967 2369 1018 ἐν
2399 965 2506 1036 τῷ·
2545 983 2563 1015 ‹
2597 965 2663 1015 ’Ἄ
2695 963 2722 1013 6
2745 961 2873 1023 Θεὸς
2900 957 3208 1028 ἐκαθάρισε,
3242 955 3304 1006 σὺ
3349 953 3421 1024 μὴ
3454 953 3651 1005 κοίνου.
3678 970 3696 1002 ι
3748 951 3869 1003 Καὶ

2315 1053 2439 1124 ἑξῆς
2481 1035 2664 1122 ἐκείνῃ
2688 1053 2754 1120 τῇ
2789 1046 3020 1115 ὀπτασίᾳ
3068 1046 3129 1096 τὸ
3177 1042 3398 1112 Πνεῦμα
3431 1042 3531 1111 τῆς
3575 1040 3868 1111 ἀληθείας,

2314 1142 2534 1213 όδηγοῦν
2587 1143 2664 1203 είς
2732 1139 2828 1210 τὴν
2874 1135 3125 1208 ἀλήθειαν
3173 1135 3348 1186 πᾶσαν
3391 1131 3480 1184 τὸν
3509 1132 3739 1203 Πέτρον,
3799 1130 3874 1183 τὰ.

2317 1233 2485 1287 πολλὰ
2524 1232 2704 1299 ἐλεγεν
2738 1228 2916 1298 αὐτῷ,
2961 1227 2996 1281 ἃ
3039 1227 3138 1278 οὐκ
3181 1224 3398 1277 ἐδύνατο
3426 1222 3729 1293 βαστάζειν,
3775 1223 3873 1274 ὅτε

2317 1324 2456 1378 κατά
2476 1325 2650 1394 σάρκα
2678 1319 2824 1390 αὐτῷ
2845 1319 2922 1372 ἔτι
2949 1321 2978 1372 6
2999 1316 3198 1387 Ἰησοῦς
3222 1314 3402 1383 συνῆν.
3433 1313 3590 1366 Ἀλλά
3612 1313 3736 1383 περὶ
3765 1313 3875 1383 μὲν

2318 1412 2521 1465 τούτων
2582 1411 2738 1472 ἄλλος
2785 1409 2934 1461 ἔσται
2996 1405 3182 1476 καιρὸς
3230 1405 3366 1476 πρὸς
3410 1404 3470 1458 τὸ
3511 1403 3876 1475 διηγήσασθαι

2319 1505 2445 1571 περὶ
2499 1503 2604 1555 τῶν
2667 1502 2806 1555 κατὰ
2872 1502 2964 1570 τὴν
3022 1497 3236 1568 ἐκδοχὴν
3283 1495 3391 1568 (48)
3445 1496 3538 1550 τοῦ
3595 1495 3875 1557 Μωῦσέως

2319 1593 2506 1662 νόμου.

2389 1684 2501 1737 Νῦν
2523 1685 2578 1737 δὲ
2610 1684 2886 1754 πρόκειται
2912 1679 3118 1748 ἐλέγξαι
3142 1679 3237 1749 τὴν
3267 1677 3359 1730 τοῦ
3386 1678 3588 1731 Κέλσου
3613 1675 3877 1746 ἀμαθίαν,

2323 1780 2448 1849 παρ’
2478 1770 2522 1845 ᾧ
2573 1780 2600 1830 ὁ
2641 1776 2884 1838 Ἰουδαῖος
2947 1775 3092 1842 λέγει
3140 1777 3249 1838 τοῖς
3327 1773 3566 1835 πολίταις
3623 1771 3715 1824 καὶ
3758 1773 3882 1832 τοῖς

2337 1869 2690 1940 Ἰσραηλίταις
2735 1866 3081 1919 πιστεύσασιν
3109 1859 3197 1917 ἐπὶ
3237 1864 3327 1916 τὸν
3365 1861 3566 1932 Ἰησοῦν
3610 1863 3702 1915 τό·
3763 1881 3785 1912 ι
3811 1862 3882 1914 Τί

2328 1944 2586 2022 παθόντες
2619 1958 2933 2011 κατελίπετε
2979 1957 3068 2008 τὸν
3115 1955 3339 2026 πάτριον
3377 1956 3571 2024 νόμον;
3596 1973 3612 2004 ι
3673 1954 3763 2007 καὶ
3810 1951 3887 2004 τὰ

2326 2052 2470 2121 ἑξῆς.
2514 2050 2636 2112 Πῶς
2676 2049 2732 2100 δὲ
2763 2047 3172 2101 καταλελοίπασι
3218 2045 3307 2099 τόν
3353 2046 3576 2115 πάτριον
3619 2045 3778 2114 νόμον
3831 2044 3886 2095 οἱ

2327 2141 2682 2211 ἐπιτιμῶντες
2711 2141 2821 2200 τοῖς
2853 2139 2924 2209 μὴ
2960 2137 3242 2191 ἀκούουσιν
3267 2135 3452 2197 αὑτοῦ,
3476 2136 3568 2187 καὶ
3597 2130 3880 2201 λέγοντες·

2332 2253 2350 2284 ‹
2379 2232 2575 2305 Λέγετέ
2604 2247 2712 2305 μοι,
2753 2231 2798 2281 οἱ
2824 2229 2914 2280 τὸν
2950 2229 3110 2297 νόμον
3149 2225 3632 2294 ἀναγινώσκοντες,
3667 2226 3756 2279 τὸν
3800 2224 3886 2277 νό-

2331 2341 2427 2394 μον
2454 2303 2552 2376 οῦκ
2594 2303 2852 2384 ἀ’κοῦετε;
2885 2318 3191 2388 Γέγραπται
3216 2318 3343 2388 γὰρ,
3377 2317 3456 2368 ὃτι
3503 2315 3745 2386 ’Δϐραὰμ
3785 2313 3886 2369 δύο

2330 2414 2479 2475 υἱοὺς
2522 2411 2645 2481 ἐσχε
2666 2427 2679 2440 ο
2709 2431 2727 2463 ι
2769 2409 2928 2480 μέχρι
2969 2407 3062 2460 τοῦ
3081 2448 3093 2471 ,
3151 2427 3167 2458 ι
3195 2407 3348 2460 ἆτινά
3380 2407 3524 2458 ἐστιν
3553 2404 3888 2476 ἀλληγορού-

2332 2520 2498 2574 μενα,
2527 2522 2544 2554 ι
2586 2503 2679 2555 καὶ
2733 2500 2802 2553 τὰ
2845 2501 2989 2568 ἑξῆς.
3030 2496 3141 2551 Καὶ
3189 2495 3301 2558 πῶς
3331 2495 3742 2549 καταλελοίπασι
3789 2494 3900 2573 τὸν,

2330 2598 2554 2667 πάτριον
2605 2593 2764 2663 νόμον
2820 2593 2868 2644 οἱ
2929 2589 3014 2643 ἀεὶ
3077 2587 3408 2657 μεμνημένοι
3447 2589 3503 2640 ἐν
3548 2590 3658 2650 τοῖς
3705 2586 3890 2653 λόγοις

2331 2687 2533 2740 ἑαυτῶν
2584 2684 2694 2736 τῶν
2753 2683 3024 2753 πατρίων;
3077 2682 3168 2734 καὶ
3211 2678 3488 2746 λέγοντες·
3566 2680 3675 2730 «Ἥ
3727 2679 3824 2731 καὶ
3861 2680 3892 2730 6

2329 2777 2490 2847 νόμος
2531 2773 2701 2828 ταῦτα
2730 2773 2789 2826 οὐ
2832 2772 3010 2839 λέγεις
3062 2771 3119 2823 ἑν
3157 2770 3263 2839 γὰρ
3307 2767 3385 2837 τῷ
3426 2768 3691 2830 Μωῦσέως
3733 2768 3890 2838 νόμῳ

2330 2867 2672 2935 γέγραπται’
2716 2864 2788 2917 Οὐ
2835 2861 3097 2932 φιμώσεις
3153 2859 3275 2930 βοῦν
3320 2858 3579 2910 ἀλοῶντα.
3636 2857 3727 2928 Μὴ
3773 2858 3893 2910 τῶν

2333 2958 2468 3027 βοῶν
2516 2955 2772 3026 μέλειτῷ
2804 2954 2942 3024 Θεῷ,
2981 2953 3109 3025 ἢδι’
3150 2953 3293 3021 ἡμᾶς
3343 2951 3553 3012 πάντως
3599 2950 3772 3016 λέγεις
3819 2948 3893 3002 δι’

2331 3049 2473 3116 ἡμᾶς
2506 3047 2613 3116 γὰρ
2645 3047 2874 3115 ἐγράφη,
2930 3065 2946 3094 ι
2983 3045 3074 3096 καὶ
3103 3043 3170 3096 τὰ
3202 3043 3345 3112 ἑξῆς.
3387 3044 3495 3095 Καὶ
3528 3042 3599 3105 ὡς
3626 3059 3897 3111 συγκεχυ-

2335 3137 2507 3208 μένως
2547 3155 2609 3205 γε
2643 3137 2790 3190 ταῦθ’
2831 3139 2858 3189 6
2892 3136 3039 3206 παρά
3070 3134 3147 3205 τῷ
3193 3135 3382 3203 Κέλσῳ
3426 3134 3671 3196 Ἰουδαῖος
3717 3133 3892 3200 λέγει,

2333 3225 2622 3296 δυνάμενος
2676 3225 3034 3294 πιθανώτερον
3099 3225 3305 3287 εἰπεῖν,
3369 3225 3450 3275 ὅτι
3508 3242 3527 3272 ι
3568 3224 3723 3285 Τινὲς
3790 3224 3895 3292 μὲν

2335 3315 2486 3385 ὑμῶν
2513 3314 2620 3384 (49)
2655 3315 3074 3368 καταλελοίπασι
3119 3313 3189 3366 τὰ
3221 3313 3336 3384 ἔθη,
3388 3314 3653 3383 προφάσει
3704 3313 3899 3385 διηγή-

2337 3421 2470 3457 σεων
2502 3405 2594 3458 καὶ
2632 3403 2962 3475 ἀλληγοριῶν
2985 3421 2998 3434 ο
3031 3404 3175 3466 τινὲς
3202 3402 3257 3455 δέ
3291 3402 3383 3454 καὶ
3413 3401 3776 3472 διηγούμενοι,
3817 3402 3897 3464 ὡς

2335 3493 2748 3562 ἐπαγγέλλεσθε,
2785 3487 3160 3564 πνευματικῶς
3183 3533 3196 3558 ,
3221 3494 3366 3547 οὐδὲν
3395 3489 3554 3565 ἦττον
3582 3493 3652 3547 τά
3684 3494 3900 3564 πάτρια

2335 3589 2577 3657 τηρεῖτε·
2613 3587 2756 3649 τινές
2805 3587 2860 3638 δὲ
2913 3586 3031 3638 οὐδὲ
3080 3585 3450 3655 διηγούμενοι,
3499 3585 3747 3656 βούλεσθε
3796 3585 3899 3639 καὶ

2335 3677 2425 3728 τὸν
2474 3674 2679 3746 Ἰησοῦν
2714 3675 3112 3746 παραδέξασθαι
3162 3675 3236 3736 ὠς
3289 3675 3762 3746 προφητευθέντα,
3798 3676 3902 3729 καὶ

2335 3766 2423 3818 τὸν
2447 3767 2720 3828 Μωῦσέως
2751 3766 2909 3834 νόμον
2942 3766 3171 3835 τηρῆσαι
3197 3765 3337 3819 κατά
3368 3766 3434 3819 τά
3474 3767 3675 3836 πάτρια
3695 3783 3709 3796 ·
3737 3767 3811 3829 ὡς
3835 3769 3902 3820 ἐν

2335 3861 2399 3928 τῇ
2448 3856 2588 3919 λέξει
2632 3855 2841 3926 ἔχοντες
2881 3857 2969 3908 τὸν
3013 3855 3186 3909 πάντα
3226 3845 3316 3909 τοῦ
3353 3857 3655 3927 meditato;
3698 3857 3844 3911 νοῦν.
3875 3878 3935 3910 )-

2351 3947 2508 3999 ⁹Αλλά
2541 3945 2646 4016 γὰρ
2673 3945 2831 3998 πόθεν
2864 3946 3051 4015 Κέλσῳ
3081 3945 3151 3998 τὰ
3189 3945 3328 3999 κατά
3358 3947 3446 3999 τὸν
3491 3948 3652 4000 τόπον
3681 3948 3870 4017 τρανῶ

2341 4053 2463 4099 σαι,
2520 4037 2577 4098 ὃς
2625 4038 2718 4089 καὶ
2775 4037 3032 4107 αἱρέσεων
3070 4039 3163 4109 μὲν
3211 4036 3380 4089 ἀθέων
3428 4038 3519 4088 καὶ
3571 4037 3665 4089 τοῦ
3721 4038 3902 4108 Ἰησοῦ

2343 4125 2514 4192 πάντη
2540 4122 2827 4192 ἀλλοτρίων
2853 4126 2908 4176 ἐν
2931 4127 3041 4186 τοῖς
3073 4125 3197 4194 ἑξῆς
3234 4124 3624 4194 ἐμνημόνευσε,
3667 4125 3762 4178 καὶ
3807 4126 3911 4179 ἄ.λέ

2326 4213 2444 4274 ,λων
2472 4213 2906 4267 καταλειπουσῶν
2938 4213 3028 4266 τὸν
3061 4213 3382 4283 δημιουργόν
3403 4230 3416 4242 ”
3443 4215 3543 4266 οὐκ
3570 4211 3683 4267 οἶδε
3716 4214 3772 4267 δὲ
3803 4215 3905 4268 καὶ

2353 4302 2689 4373 Ἰσραηλίτας
2722 4304 2800 4364 είς
2855 4301 3056 4370 Ἰησοῦν
3091 4301 3436 4365 πιστεύοντας
3457 4343 3472 4365 ,
3515 4305 3608 4356 καὶ
3641 4306 3701 4356 οὐ
3736 4322 3907 4356 κατα-

2340 4391 2592 4453 λιπόντας
2624 4391 2714 4443 τὸν
2741 4390 2966 4458 πάτριον
2998 4388 3187 4458 νόμον;
3223 4390 3294 4441 Οὐ
3318 4389 3423 4460 γὰρ
3450 4390 3732 4462 προέκειτο
3754 4391 3906 4463 αὑτῷ

2345 4468 2646 4553 φιλαλησῶς
2672 4482 2765 4535 ὅλα
2784 4483 2850 4535 τά
2874 4480 3014 4534 κατά
3042 4482 3133 4535 τὸν
3159 4483 3317 4536 τόπον
3349 4484 3598 4548 ἐξετάσαι
3621 4526 3636 4550 ,
3670 4486 3739 4538 ἵν’
3763 4485 3817 4538 ετ
3848 4503 3906 4539 τι

679 4578 822 4632 enim
868 4579 916 4631 ei
962 4579 1294 4646 propositum
1343 4577 1444 4630 fuit
1492 4577 1704 4632 sincero
1766 4581 2012 4638 veritatis
2059 4582 2232 4637 studio

2341 4576 2604 4646 χρήσιμον
2660 4575 2921 4644 εὑρίσκοι,
2957 4574 3352 4656 παραδέξηταιε
3405 4576 3516 4628 ἀλλ’
3544 4577 3620 4640 ὡς
3671 4577 3905 4648 ἐχθρὸς,

679 4668 861 4725 omnia
904 4669 1003 4721 huc
1044 4667 1160 4723 loco
1190 4668 1535 4738 investigare,
1573 4679 1631 4722 ut
1663 4672 1706 4724 si
1746 4671 1872 4739 quid
1922 4673 2052 4728 utile
2101 4687 2239 4726 nan-

681 4761 998 4821 cisceretur,
1042 4759 1094 4813 id
1127 4759 1475 4824 admitteret;
1527 4761 1619 4814 sed
1654 4761 1834 4815 anlmo
1870 4763 2076 4826 infenso
2127 4765 2242 4819 haec

682 4852 920 4921 scripsit,
955 4859 1099 4904 totus
1129 4850 1193 4902 ad
1224 4853 1574 4904 evertendum
1606 4853 1846 4908 intentus
1880 4855 2041 4909 simul
2083 4865 2244 4924 atque

684 4943 933 4997 audierit.

753 5033 807 5086 4.
851 5031 1051 5086 Deinde
1084 5030 1226 5084 illius
1253 5029 1469 5085 Iudaeus
1501 5034 1604 5099 eos;
1636 5034 1725 5101 qui
1754 5049 1784 5089 e
1836 5037 2030 5105 populo
2057 5035 2237 5090 Jesum

687 5124 860 5181 secuti
905 5131 1065 5186 sunt,
1109 5123 1187 5177 sic
1233 5122 1562 5193 alloquitur:
1595 5141 1613 5174 ι
1647 5123 1772 5179 Heri
1802 5135 1856 5179 et
1891 5129 2088 5182 nudius
2126 5136 2234 5181 ter-

688 5215 794 5272 tius
815 5254 832 5282 ,
863 5228 983 5267 cum
1010 5214 1064 5266 in
1093 5230 1215 5268 eum
1243 5217 1335 5284 qui
1362 5215 1514 5270 vobis
1541 5231 1602 5271 os
1631 5217 1963 5281 sublinebat,
1993 5218 2236 5274 animad-

755 5327 801 5359 “
830 5328 1004 5382 Galat.
1033 5344 1108 5393 ιν,
1132 5328 1220 5393 ﬁt,
1246 5329 1336 5385 22.
1412 5331 1454 5362 ⁸⁷
1489 5329 1510 5384 l
1538 5329 1662 5385 Cor.
1694 5347 1772 5397 ix,
1802 5333 1864 5398 8;
1917 5331 2069 5386 Deut.
2097 5349 2224 5401 xxv,
2253 5335 2307 5388 4.

918 5443 1180 5510 Ἀληθῶν
1205 5444 1300 5496 καὶ
1339 5447 1767 5514 πνευματικῶν.
1823 5448 1962 5500 Bene
1989 5448 2242 5504 Velserus

688 5512 830 5583 apud
852 5512 1218 5586 'Hcesehelittm
1241 5512 1598 5586 scribendum
1633 5527 1818 5570 ll'lOllel-
1854 5516 2101 5586 ἀληθινὸν
2147 5521 2241 5573 καὶ

691 5581 1072 5652 πνευματικόν.
1126 5581 1289 5636 Paulo
1318 5584 1567 5648 post'dtto
1594 5588 1748 5638 codd.
1796 5581 2031 5640 Vaticani
2057 5597 2110 5640 et
2139 5587 2242 5640 Ba-

693 5652 958 5714 sileensis,
1012 5652 1048 5706 ἃ.
1096 5653 1124 5701 6
1174 5651 1301 5714 Θεὸς
1335 5651 1644 5721 ἐκαθάρισε,
1695 5666 1745 5707 et
1794 5659 1861 5708 ita
1917 5657 2239 5721 Anglicanus

693 5673 958 5714 sucensus,
1012 5673 1048 5706 (7⁴
1096 5673 1124 5701 ο
1174 5673 1301 5714 υεος
1335 5673 1644 5721 εκαυαρισε,
1695 5673 1745 5707 et
1794 5673 1861 5708 Ita
1917 5673 2238 5724 Attgtlcatltts

693 5722 898 5840 Erimus
929 5721 994 5772 ad
1043 5722 1356 5788 marginem.
1411 5721 1622 5789 Reliqui
1665 5739 1785 5778 cum
1815 5726 1973 5780 editis
2016 5726 2238 5792 habent,

767 5790 796 5840 ὁ
837 5788 965 5840 Θεὸς
993 5790 1245 5840 ἐκάθηρε.

767 5790 796 5841 ὁ
837 5790 965 5852 Θεὸς
993 5790 1245 5866 ἐκάθηρε.
2223 5790 2230 5792 ὴ

767 5857 874 5927 (48)
912 5860 1045 5926 Περὶ
1100 5877 1210 5912 των
1257 5862 1406 5915 κατὰ
1446 5861 1559 5929 τὴν
1595 5861 1869 5932 ἐκδοχήν.
1928 5864 2236 5924 Boberellus

2336 4668 2430 4721 καὶ
2473 4666 2590 4729 ὅλος
2641 4664 2734 4716 τοῦ
2783 4665 3099 4736 ἀνατρέπειν
3149 4665 3263 4735 ἃμα
3300 4665 3378 4735 τῷ
3428 4665 3655 4719 ἀκοῦσαι
3686 4668 3910 4737 γενόμεο

2337 4776 2456 4828 νος,
2491 4758 2560 4812 τὰ
2588 4755 2810 4811 τοιαῦτα
2839 4756 3163 4828 ἀνέγραψεν.

2413 5034 2544 5093 Εἶτα
2580 5039 2724 5106 λέγει
2762 5041 2788 5091 6
2826 5041 2952 5110 παρ’
2991 5036 3135 5108 αὑτῷ
3186 5039 3428 5103 Ἰουδαῖος
3463 5043 3598 5113 πρὸς
3639 5045 3765 5108 τοὺς
3795 5044 3917 5101 ἀτὼ

2341 5129 2433 5180 τοῦ
2461 5128 2587 5181 λαοῦ
2614 5129 3030 5192 πιστεύσανταςο
3065 5131 3145 5182 ὅτι
3179 5121 3198 5181 ἱ
3237 5130 3378 5194 Χθές
3406 5133 3497 5184 καὶ
3528 5133 3736 5203 πρώην,
3765 5139 3914 5206 ὀπη-

2341 5219 2668 5272 νίκατοῦτον
2695 5219 3015 5290 ἐκολάζομεν
3044 5221 3394 5291 βουκολοῦντα
3422 5223 3586 5294 ὑμᾶς,
3626 5226 3911 5298 ἀπέστητε

2344 5452 2453 5532 τῶν
2500 5452 2864 5532 masculinum
2883 5469 3001 5510 esse
3034 5462 3220 5532 putat,
3257 5461 3313 5508 et
3353 5455 3480 5520 τοὺς
3509 5457 3650 5512 κατά
3677 5457 3781 5532 τὴν
3815 5461 3921 5518 ἑπο-

2342 5521 2500 5601 ξοχὴν
2527 5523 2629 5601 ’τοῦ
2663 5525 2958 5601 Μωῡσέως-
2991 5525 3153 5601 νόμου
3207 5525 3592 5595 interpretatur
3625 5546 3644 5579 c
3675 5521 3783 5585 eo's
3813 5532 3918 5601 qui

2344 5591 2630 5646 litteralem
2663 5594 2911 5649 Mosaicae
2947 5591 3077 5662 legis
3110 5609 3327 5648 sensum
3348 5591 3673 5655 'sectantur.
3700 5617 3722 5650 ι

2415 5663 2525 5733 (49)
2586 5662 2794 5734 Ὑμῶν.
2837 5665 3183 5734 Βοιειειηεεη
3230 5664 3651 5734 etitadegisse
3689 5668 3924 5723 videtur

2343 5730 2609 5855 iligegpres
2650 5730 2936 5790 Gelenius.
3008 5733 3166 5790 Libb.
3221 5733 3353 5788 editi
3414 5730 3656 5800 habent,
3709 5736 3919 5807 ἡμῶν,
