4076 6310
193 430 309 489 309

1373 429 1648 485 CONTRA
1680 430 1956 487 CELSUM
1992 431 2119 487 LIB.
2157 431 2219 487 ll.

3297 432 3405 491 8iu

197 550 296 603 καὶ
327 550 360 619 ή
399 548 623 620 ἀλήθεια
655 549 748 602 καὶ
779 550 812 620 ἡ
845 549 993 621 ζωήο
1031 567 1050 602 ι
1087 549 1178 602 καί
1213 551 1292 613 16,
1339 568 1358 601 ι
1402 551 1540 617 Ἐγὼ
1571 552 1685 620 είμι
1714 553 1738 621 ἦ

1848 561 1902 607 et
1930 554 2040 607 vita
2065 553 2119 619 °;
2146 571 2164 604 ι
2194 561 2249 604 et
2275 549 2458 605 istud:
2495 567 2515 600 ι
2546 547 2659 619 Ego
2687 562 2802 602 sum
2832 552 3030 603 ostium
3063 549 3084 580 τ
3112 566 3133 602 ι
3166 566 3181 613 ;
3214 558 3271 603 et
3301 551 3407 607 hoc

198 636 368 708 θύρα·
411 655 429 686 ι
461 637 554 689 καὶ⁸
585 637 665 700 τό,
699 655 718 690 ι
759 635 897 704 Ἐγώ
928 639 1040 706 είμι
1067 637 1096 687 6
1120 636 1281 707 ἄρτος
1304 639 1332 690 6
1364 638 1490 701 ζῶν,
1519 639 1548 688 6
1571 640 1634 690 ἐκ
1656 638 1750 691 τοῦ

194 724 418 796 οὐρανοῦ
446 725 686 789 κατασὰς
707 743 720 755 ·
755 745 775 776 ι
800 727 892 778 καὶ
916 726 1039 778 εἴτι
1069 726 1194 780 ἄλλο
1219 727 1427 789 τούτοις
1458 727 1751 800 παραπλή-

195 831 329 869 σιον.
373 815 738 888 Ἐγκαλοῦμεν
759 813 850 870 οῦν
890 817 1156 880 Ἰουδαίοις
1183 817 1369 869 τοῦτον
1396 818 1470 889 μὴ
1503 820 1750 889 νομίσασι
1780 853 1787 857 -

191 906 345 970 Θεὸν,
375 905 478 960 ὑπὸ
504 907 610 959 τῶν
644 903 947 977 προφητῶν.
962 905 1224 976 πολλαχοῦ
1259 910 1750 980 μεμαρτυρημένον

189 996 270 1058 ὡς
315 997 552 1067 μεγάλην
593 997 718 1048 ὅντα
756 996 1002 1067 δύναμιν,
1043 998 1136 1051 καὶ
1177 999 1309 1051 Θεὸν
1347 999 1485 1052 κατὰ
1521 1001 1610 1052 τὸν
1643 999 1750 1053 τῶν

190 1087 326 1139 ὅλων
360 1087 490 1139 Θεὸν
512 1088 604 1139 καὶ
629 1087 845 1157 Πατέρα
872 1087 1003 1157 (74).
1029 1087 1212 1158 Τούτῳ
1242 1090 1349 1160 γάρ
1389 1106 1568 1159 φαμεν
1601 1092 1657 1143 ἐν
1681 1094 1746 1161 τῇ

192 1177 332 1228 κατὰ
362 1177 596 1230 Μωῦσέα
628 1178 944 1247 κοσμοποιία
971 1178 1364 1247 προστάττοντα
1399 1181 1488 1232 τὸν
1536 1180 1750 1251 Πατέρα

191 1265 468 1335 εἰρηκέναι
487 1268 566 1328 τὸ,
599 1284 616 1316 ι
643 1266 925 1336 Γενηθήτω
947 1267 1059 1336 φῶς
1078 1309 1091 1332 ,
1107 1287 1124 1319 ι
1145 1270 1255 1331 καὶ,
1280 1287 1296 1319 t
1329 1270 1612 1339 Γενηθήτω
1633 1287 1750 1322 στε-

192 1359 402 1427 ρέωμα,
447 1376 464 1406 ι
501 1356 594 1408 καὶ
625 1356 692 1408 τὰ
723 1356 901 1421 λοιπὰ,
921 1358 1028 1410 ,ὅσα
1059 1359 1384 1426 προσέταξεν
1426 1362 1454 1412 6
1494 1360 1624 1422 Θεὸς
1656 1377 1747 1427 γε-

189 1448 373 1500 νέσθαι
390 1464 404 1477 ·
441 1450 532 1501 καὶ
549 1448 720 1519 τούτῳ
743 1448 1124 1518 είρηκέναιτὸ,
1153 1467 1171 1498 t
1195 1450 1510 1520 Ποιήσωμεν
1539 1449 1747 1521 ἄνθρω-

189 1555 292 1591 πον
325 1543 441 1593 κατ’
477 1541 657 1593 εἰκόνα
690 1541 782 1594 καὶ
825 1543 1079 1610 ὁμοίωσιν
1119 1541 1411 1611 ἡμετέρανο
1453 1559 1470 1590 ι
1516 1557 1749 1610 προστα-

188 1631 385 1701 χθέντα
411 1626 467 1685 δέ
498 1632 587 1684 τὸν
628 1632 794 1699 Λόγον
829 1631 939 1700 (75)
977 1631 1330 1701 πεποιηκέναι
1367 1629 1541 1682 πάντα
1573 1632 1670 1682 ὅσα
1721 1632 1750 1698 6

176 1721 377 1792 ’Πατὴρ
427 1721 571 1790 αύτῷ
624 1721 940 1774 ἐνετείλατο.
992 1717 1102 1774 Καὶ
1146 1720 1317 1774 ταῦτα
1356 1720 1601 1790 λέγομεν,
1651 1723 1749 1774 οὐκ

187 1811 345 1863 αὐτοὶ
383 1811 755 1873 ἐπιϐάλλοντες
790 1810 922 1881 (76),
957 1811 1091 1865 ἀλλὰ
1136 1815 1255 1875 ταῖς
1286 1812 1432 1883 παρὰ
1485 1813 1749 1877 Ἰουδαίοις

1850 641 2043 696 aliud:
2093 659 2111 691 ι
2145 640 2256 708 Ego
2287 654 2402 692 sum
2453 639 2607 707 panis
2649 637 2816 696 _vivus
2872 639 2964 705 qui
3011 638 3077 691 de
3123 636 3261 690 coelo
3308 637 3404 691 de-

1849 729 2033 784 scendi
2063 729 2085 762 ⁸
2108 746 2123 794 ;
2149 749 2168 781 ι
2206 738 2260 783 et
2286 729 2330 782 si
2355 728 2480 796 quid
2505 727 2649 781 aliud
2683 727 2769 783 his
2792 726 2987 780 simile.
3017 724 3215 779 Damus
3245 725 3408 795 igitur

1849 818 2048 875 Judaeis
2076 820 2323 882 crimini,
2378 820 2522 888 quod
2570 815 2755 872 Jesum
2808 833 2914 871 non
2969 816 3406 896 existimaverunt

1852 910 2016 963 Deum
2045 925 2189 972 esse,
2222 909 2471 977 quamvis
2515 909 2794 977 prophetae
2838 907 2989 960 illum
3031 920 3278 974 magnam
3311 919 3406 972 poo

1853 999 2141 1054 tentiamet
2159 1001 2398 1053 secundo
2424 1009 2544 1067 post
2565 1013 2742 1051 rerum
2772 999 3011 1067 omnium
3034 1000 3197 1049 Deum
3226 1006 3279 1050 et
3303 996 3406 1050 Pa-

1849 1087 2138 1141 trem‘loco
2173 1088 2336 1141 Deum
2387 1102 2505 1142 esse
2545 1086 2809 1140 testiﬁcati
2855 1085 3075 1140 iuerint.
3103 1088 3405 1140 Asserimus

1849 1177 1993 1230 enim
2021 1176 2234 1231 Patrem
2291 1177 2344 1230 in
2402 1177 2746 1230 creatione-a
2791 1175 2971 1245 Moyse
3009 1177 3277 1239 descripta
3316 1178 3404 1248 ju:

1851 1265 2022 1319 bendo
2072 1265 2146 1318 illi
2209 1264 2407 1319 dixisse
2443 1283 2456 1318 :
2498 1282 2516 1314 ι
2550 1264 2667 1318 Fiat
2707 1255 2834 1326 iu'x,
2878 1283 2896 1315 ι
2931 1273 2986 1317 et
3025 1281 3038 1317 :
3075 1282 3094 1315 ι
3144 1265 3266 1319 Fiat
3312 1267 3405 1318 ﬁr-

1849 1365 2177 1408 mamentum
2210 1355 2254 1418 ⁹,
2279 1374 2298 1406 ι
2321 1363 2370 1408 et
2394 1370 2724 1424 quaecunque
2743 1355 2880 1407 Deus
2911 1354 3010 1428 alia
3035 1354 3148 1408 ﬁeri
3173 1355 3406 1424 impera-

1860 1444 1974 1508 vit;
2032 1446 2210 1500 eidem
2255 1445 2330 1498 illi
2391 1446 2636 1499 dixisse:
2716 1463 2734 1496 ι
2772 1445 3059 1499 Faciamus
3130 1447 3402 1501 hominem

1849 1536 1916 1588 ad
1936 1535 2222 1602 imaginem
2247 1544 2302 1589 et
2325 1535 2728 1588 similitudinem
2753 1547 2990 1595 nostram
3017 1537 3082 1602 ¹⁰;
3117 1554 3135 1588 ι
3170 1535 3401 1590 Verbum

1850 1631 2025 1680 autem
2052 1666 2066 1692 ,
2098 1637 2155 1679 ut
2177 1626 2385 1696 jussum
2421 1626 2494 1680 illi
2529 1625 2722 1688 fuerat,
2766 1616 3169 1682 fecisseiomuia
3195 1644 3311 1696 qute
3340 1629 3403 1682 ii-

1850 1716 1958 1769 ium
1999 1714 2158 1769 Pater
2205 1717 2384 1770 facere
2419 1715 2603 1782 jussit.
2648 1715 2822 1784 Atque
2868 1718 2982 1770 inec
3021 1717 3249 1773 dicimus
3293 1733 3398 1773 non

1849 1804 2002 1874 quasi
2037 1806 2349 1874 conjectura
2395 1805 2538 1858 ducti
2569 1821 2582 1868 ;
2615 1807 2707 1858 sed
2745 1806 2987 1872 ipsismct
3017 1808 3397 1876 prephetarum

188 1901 515 1970 φερομέναις
544 1901 895 1970 προφητείαις
928 1902 1290 1965 πιστεύοντες,
1331 1881 1388 1956 ἐν
1416 1899 1502 1965 αἷς
1534 1904 1738 1971 λέγεται

1851 1895 2175 1950 testimoniis
2203 1897 2364 1964 etiam
2390 1897 2527 1962 apud
2569 1894 2782 1950 Judmos
2811 1899 3044 1967 receptis
3073 1899 3319 1967 nitimur,
3343 1903 3400 1956 in

187 1991 316 2060 περὶ
347 1988 502 2052 Θεοῦ,
546 1990 641 2042 καὶ¹
668 1989 799 2042 τῶν·
820 1990 1119 2061 δημιουργη
1130 1993 1311 2060 μάτων
1335 1993 1529 2056 αὑταῖς
1570 1993 1744 2057 λέξεσι

185 2079 256 2131 τὰ
281 2077 450 2142 οὕτως
478 2078 669 2148 ἔχοντα
693 2096 706 2108 ·
742 2079 824 2131 ὅτι
859 2098 878 2130 ι
909 2080 1077 2143 Αὐτὸς
1101 2077 1242 2143 εἶπε,
1271 2081 1362 2133 καὶ
1384 2083 1739 2153 ἐγενήθησανο

187 2169 349 2231 αὐτὸς
375 2170 690 2234 ἐνετείλατο,
725 2170 819 2222 κα)⁵
849 2170 1191 2241 ἐκτίσθησαν.
1232 2191 1249 2222 ι
1296 2173 1357 2224 Ei
1391 2172 1500 2243 γὰρ
1547 2174 1743 2226 ἐνετείυ

185 2259 316 2314 λατο
349 2261 378 2312 6
402 2260 552 2325 Θεὸς,
583 2261 674 2312 καὶ
706 2260 922 2332 ἐκτίσθη
950 2262 1019 2314 τὰ
1049 2262 1503 2332 δημιουργήματα
1522 2281 1536 2294 ο
1572 2265 1654 2325 τίς
1680 2263 1744 2318 ἂν

185 2348 326 2402 κατὰ
354 2350 412 2403 τὸ
441 2350 668 2422 ἀρέσκον
694 2350 770 2420 τῷ
798 2351 1114 2422 προφητικῷ
1154 2351 1422 2421 πνεύματι
1465 2345 1548 2422 εἴη
1588 2355 1615 2405 6
1647 2353 1764 2424 τὴν,

184 2442 517 2512 τηλικαύτην
531 2441 622 2495 τοῦ
644 2444 850 2513 Πατρὸς
872 2444 1087 2514 ἐντολὴν
1109 2429 1458 2513 ἐκπληρῶσαι
1477 2444 1741 2516 δυνηθεὶς,

183 2534 217 2603 ἢ
253 2536 282 2587 6
305 2529 393 2604 (ἵν’
417 2533 588 2596 οὕτως
614 2534 902 2604 ὀνομάσω),
926 2533 1162 2604 ἔμψυχος
1197 2537 1365 2604 Λόγος
1398 2537 1490 2588 καὶ
1523 2537 1744 2607 ἀλήθεια
1773 2596 1777 2600 η

183 2623 501 2692 τυγχάνων;
551 2625 670 2676 Ὅτι
714 2625 770 2676 δέ
814 2626 905 2677 τὸν
949 2625 1007 2677 ὲν
1048 2623 1124 2692 τῷ
1177 2625 1349 2694 Ἰησοῦ
1392 2626 1616 2693 λέγοντα
1663 2627 1740 2687 τὸ,

189 2732 210 2763 ι
259 2712 398 2780 Ἐγὼ
427 2714 540 2782 είμι
574 2715 606 2783 ἡ
634 2714 748 2776 ὁδὸς
781 2715 872 2767 καὶ
903 2717 935 2785 ἡ
972 2714 1192 2784 ἀλήθεια
1220 2716 1312 2767 καὶ
1337 2719 1369 2784 ὴ
1405 2715 1540 2786 ζωὴ,
1577 2737 1594 2766 ι
1623 2716 1741 2768 οὐδὲ

183 2800 253 2854 τὰ
277 2794 588 2870 Εὐαγγέλια
619 2801 724 2856 οἶδε
755 2803 1261 2874 περιγεγραμμένον
1291 2805 1410 2858 τινὰ
1447 2807 1738 2873 γεγονέναι,

182 2890 259 2954 ὡς
281 2891 517 2962 οὐδαμοῦ
547 2891 649 2956 ἔξω
674 2893 768 2963 τῆς
789 2893 962 2963 ψυχῆς
991 2894 1085 2946 καὶ
1113 2894 1206 2947 τοῦ
1238 2893 1481 2964 σώματος
1507 2896 1599 2948 τοῦ
1640 2898 1742 2966 ’1η-

186 2979 278 3033 σοῦ
315 2981 677 3050 τυγχάνονταυ
715 2982 869 3051 δῆλον
901 2983 996 3052 μὲν
1029 2984 1124 3036 καὶ
1156 2985 1262 3036 ἀπὸ
1293 2985 1520 3049 πολλῶν,
1550 2987 1643 3039 καὶ
1682 2987 1740 3052 ἐξ

180 3070 380 3139 ὀλίγων
399 3071 476 3137 δὲ,
493 3064 569 3124 ὧν
594 3072 1038 3143 παραθησόμεθα,
1061 3071 1230 3134 οὕτως
1263 3072 1511 3142 ἐχόντων.
1557 3075 1613 3127 '0
1647 3075 1740 3143 βα-

1847 1988 2043 2054 quibus
2072 1989 2138 2041 de
2163 1987 2272 2040 Deo
2311 1988 2578 2054 rebusque
2606 1989 2671 2039 ιιι»
2699 1987 2790 2050 illo
2814 1990 3050 2044 conditis
3072 1993 3181 2046 haec
3213 1994 3400 2048 dicun-

1848 2088 1935 2130 tur
1951 2077 2224 2146 conceptis
2242 2079 2420 2131 verbis
2446 2091 2460 2129 :
2483 2096 2501 2127 ι
2523 2077 2649 2153 ipse
2680 2078 2834 2142 dixit,
2861 2087 2912 2132 et
2942 2079 3081 2133 facta
3112 2092 3259 2146 sunt,
3284 2084 3399 2154 ipse

1846 2165 2118 2219 mandavit
2148 2175 2203 2220 et
2230 2177 2411 2220 creata
2444 2178 2567 2221 sunt
2595 2167 2660 2219 ¹ί.
2696 2187 2714 2220 ι
2746 2168 2803 2222 Si
2843 2169 2985 2222 eatiim
3036 2171 3173 2227 Deus
3216 2172 3397 2242 jussit.

1845 2266 1901 2308 et
1930 2269 2016 2307 res
2042 2267 2237 2310 creatae
2272 2265 2419 2320 sunt,
2478 2271 2635 2324 quem
2659 2257 2812 2326 juxta
2841 2268 3070 2314 mentem
3103 2266 3397 2332 prophetici

1845 2340 2401 2416 spiritus'putabimus
2448 2348 2558 2406 tale,
2609 2347 2782 2403 Patris
2832 2351 3113 2419 imperium
3168 2357 3395 2422 exsequi

1844 2435 2105 2506 potuisse,
2138 2447 2334 2507 praeter
2368 2452 2521 2502 eum,
2559 2442 2650 2508 qui
2696 2441 2927 2495 Verbum
2960 2452 3078 2506 est,
3115 2452 3173 2497 ut
3212 2444 3285 2498 ita
3316 2445 3397 2499 lo-

1845 2540 2000 2594 quar,
2039 2528 2335 2581 animatum
2379 2537 2433 2582 ct
2467 2518 2709 2583 veritas?
2744 2528 2862 2583 Jam
2897 2544 3017 2584 eum
3063 2531 3155 2601 qui
3188 2533 3240 2588 in
3267 2533 3398 2591 Jesu

1843 2617 1974 2683 dicit
2008 2639 2018 2672 :
2060 2635 2078 2668 ι
2109 2619 2222 2685 Ego
2243 2634 2359 2672 sum
2386 2619 2496 2682 via,
2527 2620 2748 2686 veritas,
2782 2628 2836 2674 et
2863 2623 2974 2674 vita
3008 2623 3070 2688 ”,
3099 2641 3116 2673 ι
3153 2640 3255 2679 non
3276 2639 3399 2682 esse

1842 2694 1907 2760 ex
1963 2707 2277 2776 Evangeliis
2331 2701 2801 2784 circumscriptum
2851 2714 3179 2781 quempiam,
3211 2713 3280 2767 ita
3339 2725 3398 2772 ut

1839 2807 1993 2850 extra
2030 2799 2263 2850 animam
2286 2809 2342 2852 et
2375 2787 2570 2872 corpus
2601 2815 2705 2854 non
2733 2802 2825 2866 sit,
2871 2817 2934 2856 ex
2977 2803 3216 2872 pluribus
3263 2806 3397 2862 locis

1839 2884 1976 2940 ellici
2002 2895 2179 2955 potest
2203 2903 2216 2951 ;
2239 2885 2248 2894 ”
2272 2903 2442 2956 pauca
2483 2869 2688 2956 tantum
2739 2869 2993 2947 aﬂ'eram.
3024 2893 3258 2951 Joannes
3292 2897 3395 2951 Ba-

1841 2977 2004 3046 ptista
2027 2978 2321 3045 praedicens
2348 2979 2496 3033 brevi
2519 2949 2634 3033 l'oi-e
2655 2993 2713 3034 ut
2740 2983 2832 3037 Dei
2853 2982 3021 3038 Filius
3045 2987 3416 3052 adesset,n0n-

1841 3069 1932 3123 ilio
1960 3084 2188 3138 corpore
2211 3069 2413 3137 iliaque
2443 3071 2628 3136 anima
2659 3073 3120 3143 circumscriptus,
3155 3077 3246 3130 sed
3280 3078 3396 3132 ubi-

182 3160 412 3232 πτιστὴς
470 3161 717 3231 Ἰωάννης
748 3161 1100 3232 προφητεύων
1148 3163 1269 3216 ὅσον
1302 3163 1508 3216 οὐδέπω
1551 3166 1738 3234 ἐνστή-

1840 3172 1943 3226 que
1959 3169 2213 3226 praesens,
2232 3159 2296 3213 de
2313 3159 2400 3212 illo
2424 3159 2579 3213 dicit:
2601 3160 3004 3232 39ﬁtbiedius
3030 3174 3259 3219 vestrum
3282 3177 3396 3222 ste-

182 3249 370 3303 σεσθαι
394 3251 486 3304 τὸν
515 3251 641 3304 Υἰὸν
670 3251 764 3304 τοῦ
791 3251 946 3316 Θεοῦ,
979 3254 1078 3306 οὐκ
1107 3255 1162 3305 ὲν
1191 3255 1381 3324 ἐκείνῳ
1411 3253 1488 3324 τῷ
1526 3254 1737 3324 σώματι

1842 3248 1928 3311 tit,
1960 3262 2119 3315 quem
2148 3255 2244 3302 vos
2273 3249 2516 3312 nescitis,
2542 3250 2630 3316 qui
2658 3260 2780 3317 post
2807 3268 2891 3306 me
2917 3265 3170 3310 venturus
3194 3268 3275 3311 est
3293 3259 3392 3316 ⁸³.»

152 3342 278 3394 ,καὶ
307 3343 374 3411 τῇ
400 3341 542 3412 ψυχῇ
574 3342 923 3411 τυγχάνοντα,
956 3343 1089 3396 ἀλλὰ
1117 3345 1221 3415 γὰρ
1245 3346 1508 3414 φθάνοντα
1537 3363 1740 3399 παντα-

180 3426 299 3496 χοῦ,
324 3426 471 3494 λέγει
501 3429 628 3498 περὶ
655 3427 848 3481 αὑτοῦ·
873 3448 891 3480 ι
918 3429 1095 3493 Μέσος
1123 3432 1273 3500 ὑμῶν
1305 3435 1490 3503 στήκει
1517 3434 1650 3503 (77),
1680 3434 1739 3487 ὃν

179 3516 455 3583 ύμείςεούκ
472 3515 670 3579 οἴδατε,
691 3519 720 3568 6
735 3517 908 3570 ὀπίσω
935 3537 1035 3587 μου
1056 3521 1362 3590 ἐρχόμενος·
1389 3542 1408 3572 ›
1430 3523 1586 3593 εἴπερ
1603 3525 1766 3576 sudet‘

176 3607 297 3656 ἐκεῖ
330 3605 490 3674 μόνον
520 3602 668 3683 ἐἶναι
698 3607 789 3659 τὸν
819 3606 945 3660 Υίὸν
970 3607 1062 3660 τοῦ
1097 3609 1250 3672 Θεοῦ,
1286 3611 1415 3663 ὅπου
1444 3612 1504 3664 τὸ
1545 3613 1736 3682 βλεπό-

180 3710 344 3763 μενον
365 3689 434 3763 ἦν
462 3692 620 3764 σῶμα
660 3695 852 3766 Ἰησοῦ,
883 3695 998 3759 πῶς
1027 3696 1359 3765 ἔφασκενιᾶν
1382 3701 1468 3753 τόο
1498 3720 1515 3751 ι
1558 3702 1735 3766 Μέσος

175 3782 335 3853 ὑμῶν
361 3784 565 3854 στήκει,
591 3783 650 3837 ὃν
677 3785 830 3854 ὑμεῖς
855 3785 953 3838 οὐκ
978 3785 1151 3840 οἴδατε
1175 3804 1189 3851 ;
1232 3807 1251 3838 ι
1296 3790 1403 3842 Καὶ
1433 3791 1591 3855 αὐτὸς
1622 3792 1736 3854 δὲδό

190 3873 422 3944 Ἰησοῦς,
471 3873 713 3946 ἐπαίρων
761 3874 822 3927 τὸ
865 3876 1114 3947 φρόνημα
1175 3879 1281 3930 τῶν
1329 3879 1734 3951 μαθητευόντων

175 3966 330 4037 αὐτῷ
351 3968 430 4029 είς
454 3967 516 4018 16
550 3965 768 4037 μείζονα
793 3971 1006 4038 φρονεῖν
1035 3969 1160 4038 περὶ
1191 3969 1318 4023 Υίοῦ
1356 3971 1510 4036 Θεοῦ,
1537 3973 1696 4044 φησίν
1716 3990 1729 4004 ο

181 4076 204 4110 ς
254 4059 428 4110 Ὅπου
476 4055 568 4110 δύο
590 4055 701 4128 (78)
745 4056 779 4126 ἢ
819 4059 970 4127 τρεῖς
1016 4059 1337 4129 συνηγμένοι
1378 4063 1458 4124 είς
1504 4045 1564 4114 τὸ
1604 4061 1733 4131 ἐμὸν

173 4150 370 4220 ὄνομα,
397 4150 514 4201 ἐκεῖ
549 4150 663 4217 είμι
693 4148 752 4201 ἐν
786 4147 935 4218 μέσῳ
966 4149 1158 4202 αὐτῶν.
1193 4169 1211 4200 ι
1242 4140 1469 4222 Τοιαύτη
1495 4152 1537 4204 δ’
1571 4152 1732 4206 αὑτοῦ

173 4238 418 4291 ἐστικαὶ
455 4240 488 4308 ὴ
524 4238 659 4308 πρὸς
688 4237 818 4299 ,τοὺς
853 4237 1097 4307 μαθητὰς
1131 4239 1426 4307 ἐπαγγελία
1466 4239 1728 4307 λέγοντος·

177 4345 201 4378 ‹
230 4326 344 4379 Καὶ
387 4326 495 4378 ἰδοὺ
531 4325 640 4393 ἐγὼ
675 4327 790 4395 μεθ’
823 4328 974 4395 ὑμῶν
1006 4329 1118 4398 εἰμι
1162 4328 1340 4392 πάσας
1377 4330 1474 4392 τὰς
1501 4332 1728 4401 ἡμέρας,

169 4415 284 4476 ἓως
307 4413 406 4484 τῆς
435 4413 735 4477 συντελείας
757 4413 848 4490 τοῦ
871 4415 1078 4478 αἰῶνος.
1117 4436 1134 4466 ι
1167 4417 1346 4469 Ταῦτα
1366 4417 1419 4468 δέ
1443 4435 1640 4487 φαμεν,
1670 4421 1729 4471 ού

1840 3334 1897 3389 Si
1913 3338 2212 3391 censuisset
2234 3337 2323 3391 Dei
2340 3337 2534 3391 Filium
2559 3339 2630 3390 iiii
2649 3349 2856 3393 tantum
2875 3355 2999 3395 esse
3032 3344 3120 3396 ubi
3141 3341 3263 3400 Jesu
3282 3361 3397 3402 cor-

1837 3442 1936 3496 pus
1952 3426 2523 3497 videbatur,quomodo
2537 3428 2806 3484 dixissem
2820 3428 3022 3485 Medius
3037 3443 3272 3489 vestrum
3290 3447 3396 3492 sto-

1841 3518 1924 3583 tit,
1943 3531 2102 3586 quem
2121 3532 2216 3571 vos
2234 3516 2454 3571 nescitis
2470 3517 2761 3573 'hEtJesus
2782 3520 2892 3588 ipse
2910 3533 3143 3576 mentem
3169 3525 3399 3596 discipu.

1837 3606 2102 3660 lorum-ad
2129 3598 2409 3662 s'ubiiinius
2431 3609 2500 3662 de
2513 3607 2650 3662 Filio
2672 3609 2766 3663 Dei
2815 3611 3173 3682 scntiendum_
3203 3616 3388 3688 erigit,

1837 3695 2056 3752 cum'ait
2085 3715 2097 3750 :
2126 3717 2143 3750 ι
2161 3697 2258 3753 Ubi
2283 3709 2409 3753 sunt
2427 3699 2531 3753 duo
2547 3698 2751 3753 veitres
2769 3703 3073 3770 congregati
3100 3703 3150 3760 in
3172 3705 3389 3763 nomine

1837 3801 1976 3852 meo,
2008 3787 2078 3842 ibi
2097 3803 2213 3842 sum
2243 3788 2296 3842 in
2328 3789 2508 3843 medio
2529 3803 2716 3842 eorum
2745 3790 2841 3842 ¹δ.›
2878 3790 2988 3846 Nec
3017 3792 3280 3850 absimilis
3303 3805 3392 3852 est

1835 3876 1949 3944 ejus
1977 3877 2042 3931 ad
2072 3878 2367 3947 discipulos
2387 3881 2675 3948 promissio
2705 3881 2930 3938 dicentis
2961 3900 2974 3937 :
3013 3902 3032 3936 ι
3056 3884 3123 3938 Et
3144 3899 3270 3942 ecce
3293 3902 3392 3959 ego

1836 3963 2113 4017 vobiscum
2144 3981 2262 4019 sum
2304 3967 2555 4022 omnibus
2599 3969 2787 4023 diebus
2827 3984 2995 4039 usque
3021 3972 3088 4028 ad
3132 3988 3391 4030 consum-

1837 4055 2124 4108 motionem
2150 4056 2330 4109 saeculi
2365 4058 2427 4110 ".
2455 4076 2474 4107 ι
2511 4055 2634 4110 Haec
2682 4068 2861 4112 autem
2901 4075 3005 4114 non
3050 4076 3115 4116 eo
3158 4065 3389 4122 dicimus

1835 4153 1893 4198 ut
1922 4144 2115 4200 Filium
2140 4146 2231 4200 Dei
2258 4161 2288 4199 a
2317 4145 2440 4202 Jesu
2475 4161 2807 4216 separemus.
2853 4150 3082 4205 Verbum
3115 4154 3257 4206 enim
3289 4154 3384 4208 Dei

1788 4261 1792 4264 λ
1837 4251 1956 4289 cum
1987 4237 2167 4291 anima
2199 4245 2253 4293 et
2279 4253 2509 4307 corpore
2537 4237 2663 4292 Jesu
2694 4254 2855 4292 unum
2881 4242 3113 4296 maxime
3133 4252 3254 4312 post
3277 4243 3388 4299 disc

1838 4327 2200 4392 pensationem
2253 4326 2449 4382 factum
2503 4337 2604 4380 est.
2640 4327 2772 4381 Nam
2836 4331 2878 4382 si
2934 4331 3179 4400 quisquis
3227 4334 3386 4390 intelo

1837 4415 1951 4482 iigit
2004 4417 2130 4483 quid
2183 4417 2254 4470 sit
2315 4417 2588 4470 adhaerere
2643 4418 2891 4481 Domino.
2950 4429 3007 4474 et
3052 4421 3129 4475 illi
3201 4423 3383 4478 adita:-

169 4504 501 4574 χωρίζοντες
542 4503 634 4555 τὸν
669 4503 791 4556 Υἱὸν
827 4503 920 4555 τοῦ
955 4503 1088 4556 Θεοῦ
1116 4505 1222 4558 ἀπὸ
1249 4505 1341 4558 τοῦ
1395 4507 1586 4576 Ἰησοῦ.
1637 4511 1730 4562 ’Ἑν

1840 4514 1948 4568 ret,
2006 4507 2049 4558 is
2095 4521 2220 4563 cum
2277 4507 2391 4572 ipso
2448 4521 2589 4560 unus
2631 4516 2714 4562 est
2755 4510 3019 4577 spiritus,
3077 4521 3136 4566 ut
3180 4512 3381 4570 Paulus

167 4595 286 4666 γὰρ
319 4593 548 4664 μάλιστα
576 4593 710 4664 μετὰ
737 4592 834 4662 τὴν
855 4595 1154 4664 οἰκονομίαν
1174 4595 1459 4666 γεγένηται
1487 4599 1622 4668 πρὸς
1641 4599 1730 4652 τὸν

169 4739 171 4742 ι
243 4708 267 4737 ⁸
309 4706 463 4761 Joan.
489 4720 601 4769 xu“,
631 4705 681 4759 6.
773 4705 794 4736 ⁷
826 4703 982 4760 J‘oan.
1017 4721 1068 4770 κ,
1095 4707 1146 4762 '7.
1255 4707 1277 4739 ⁸
1310 4707 1464 4762 Joan.
1491 4725 1561 4769 vr,
1598 4711 1683 4763 50.

1777 4713 1798 4743 ⁹
1835 4712 1970 4768 Gen.
1998 4729 2035 4774 ι,
2066 4710 2100 4762 5
2123 4719 2176 4764 et
2205 4709 2259 4762 6.

1837 4601 1994 4652 docet
2022 4596 2104 4651 his
2133 4599 2344 4652 verbis;
2373 4618 2391 4649 ι
2425 4598 2527 4664 Qui
2557 4601 2793 4655 adhmret
2828 4601 3073 4668 Domino,
3107 4619 3245 4660 unus
3267 4608 3382 4676 Spi-

2367 4712 2426 4785 ¹⁰Α
2451 4712 2607 4779 ibid.,
2633 4714 2720 4768 ‘26.
2829 4715 2877 4748 ”-
2906 4711 3046 4770 Psai.
3072 4731 3289 4785 curnt,
3322 4719 3376 4774 5.

169 4778 215 4809 “
259 4777 423 4833 Joan.
455 4791 565 4840 Juv,
590 4775 644 4830 6.
723 4774 767 4806 ¹³
801 4774 956 4828 Joam
988 4791 1030 4840 ι,
1057 4777 1147 4834 26.
1217 4777 1260 4808 ¹δ
1299 4776 1484 4833 Mallh.
1519 4796 1682 4844 XVIII.
1712 4779 1738 4833 9

1883 4784 1923 4814 ιδ
1963 4781 2154 4837 Matth.
2179 4795 2370 4847 xxnn,
2400 4781 2492 4834 20.
2523 4822 2545 4850 ι

304 4897 362 4955 4)
377 4897 536 4951 ’Κατὰ
548 4895 654 4950 τὸν
663 4893 778 4948 τῶν·
789 4894 945 4948 ὅλων
961 4895 1106 4949 Θεὸν
1121 4896 1213 4950 καὶ
1227 4895 1468 4964 Πατέρα.
1490 4899 1561 4951 Ex
1581 4917 1626 4950 m
1635 4915 1728 4953 en-

162 4978 221 5023 te
245 4965 524 5037 Origenis,
553 4965 725 5037 inquit
742 4965 1070 5037 Boiiereiius,
1098 4971 1433 5037 vertendum,
1455 4970 1724 5025 «secundo

117 5076 121 5077 κ
161 5046 297 5104 post
345 5036 576 5087 universi
627 5035 792 5104 D_eum
822 5035 999 5104 atque
1030 5045 1323 5104 parentem
1378 5035 1524 5100 loco;
1565 5057 1582 5086 ι
1620 5055 1722 5091 non

161 5101 297 5157 eum
327 5105 619 5170 interprete
644 5101 920 5166 Geienio,t
945 5101 1110 5170 ipsius
1142 5119 1318 5156 rerum
1353 5105 1722 5159 universarum

162 5174 265 5225 Dei
323 5178 484 5237 atque
509 5171 751 5238 parentis
791 5172 1119 5238 testimonio.
1165 5190 1182 5221 ι
1218 5171 1349 5223 Nam
1391 5173 1434 5224 si
1468 5174 1552 5225 hic
1579 5185 1723 5226 esset

157 5253 398 5309 sensus,
448 5239 647 5309 frustra
676 5246 802 5309 post
828 5237 931 5292 ὑπὸ
961 5239 1067 5292 τῶν
1093 5237 1400 5309 προφητῶν,
1433 5240 1718 5309 adderetur

157 5306 316 5362 κατὰ
345 5304 433 5356 τὸν
473 5305 623 5361 Θεόν.
671 5304 971 5370 Pmterea,
1011 5304 1417 5373 lizrc'epitheta,
1457 5308 1547 5360 τὸν
1607 5309 1714 5362 τῶν

155 5380 309 5458 ὅλων
346 5373 473 5458 Θεὸν
501 5376 598 5454 καὶ
635 5376 872 5458 Πατέρα,
909 5376 1243 5458 manifestatur
1273 5379 1716 5458 continent‘anti-

159 5445 374 5516 thesim
406 5442 470 5495 ad
501 5442 904 5516 ἱειείμεγάλην
935 5445 1059 5496 ὄντα
1083 5444 1440 5516 δύναμινρκαὶ
1472 5446 1623 5513 Θεόν,
1661 5459 1719 5502 ut

152 5515 342 5574 Pater
381 5525 538 5580 supra
573 5511 1075 5580 Fili‘umev'ehatur,
1103 5511 1551 5580 quemadmodum
1592 5511 1720 5569 eve-

153 5587 323 5640 gitur
357 5581 420 5632 ab
449 5578 680 5646 Origene
709 5579 845 5633 infra
873 5581 1006 5634 libro
1038 5578 1246 5643 Octavo,
1289 5598 1435 5639 num.
1466 5585 1549 5637 15.
1588 5585 1716 5647 Τοῦ,

154 5651 338 5715 κατὰ,
376 5647 684 5722 inferiorem
714 5649 1298 5722 ordinem‘denotautis
1347 5655 1588 5722 exempla
1639 5653 1719 5706 af-

157 5723 319 5774 ferre
345 5717 840 5790 supersedeo,_cum
870 5717 1023 5770 obvia
1055 5719 1181 5772 sint.
1212 5719 1270 5790 id
1305 5737 1464 5774 unum
1501 5717 1718 5790 insuper

156 5802 375 5845 moneo
396 5787 448 5840 in
478 5785 661 5840 codice
679 5785 974 5854 Anglicano
1000 5790 1169 5854 primo
1191 5789 1377 5849 deesse
1402 5792 1540 5849 istud
1558 5785 1716 5861 κατὰ,

449 5874 719 5938 Parnm“
755 5875 871 5938 Gtt.
909 5875 1021 5943 XL

1832 4904 1902 4954 ita
1929 4909 1985 4954 ut
2007 4915 2123 4970 una
2145 4901 2282 4970 serie
2315 4900 2541 4970 legatur,
2569 4901 2792 4970 δύναμιν
2818 4901 2909 4954 καὶ
2938 4901 3088 4964 Θεὸν,
3114 4903 3220 4957 τῶν
3241 4905 3383 4962 ὅλων

1829 4971 1960 5024 Θεὸν
1997 4969 2090 5021 καὶ
2113 4969 2351 5038 Πατέρα.
2378 4969 2520 5038 ννίιὶθ
2542 4971 2633 5022 Ιῐὶι.
2670 4969 2713 5023 lii
2736 4971 3064 5034 Oi'iuenian.,
3091 4985 3283 5038 qutest.
3322 4979 3380 5032 ιδ..

1897 5039 2006 5108 (75)
2041 5037 2496 5108 Προστάχϐέντα
2543 5039 2610 5091 δὲ
2656 5039 2783 5108 τίὲν,
2814 5041 3041 5104 Λόγον,
3090 5037 3194 5094 etc.
3245 5044 3378 5100 Vide

1826 5106 1946 5176 quae
1989 5107 2366 5228 axinotavnnus
2415 5111 2464 5174 in
2511 5123 2633 5174 cap.
2680 5110 2706 5159 1
2771 5106 2863 5159 lib.
2907 5121 2923 5160 ι
2973 5108 3110 5174 Περὶ
3155 5112 3374 5180 ἀρχῷν,

1826 5192 1972 5228 num.
2045 5211 2057 5225 .

1822 5192 1972 5228 ιιιιηι.
2001 5192 2057 5228 4.

1895 5264 2003 5334 (76)
2045 5264 2522 5335 Ἐπιϐἀλλοντες.
2552 5263 2640 5335 Sic
2669 5275 2814 5335 recte
2833 5281 3021 5322 omnes
3045 5268 3200 5324 cod'i.
3221 5286 3378 5335 mss...

1821 5346 2042 5453 gx't):t¥|ilo
2059 5334 2272 5389 .loliano
2295 5335 2385 5403 qui
2405 5350 2522 5388 cum
2541 5334 2694 5388 libris
2714 5334 2989 5403 impressis
3012 5337 3190 5403 habet,
3207 5334 3376 5409 ἀμφιὲ

1856 5419 1890 5455 α
1925 5420 2124 5465 Λοντες.
2730 5460 2733 5465 ,

1893 5494 2002 5562 (77)
2045 5493 2272 5564 Στήκει.
2305 5492 2394 5564 Sic
2415 5507 2604 5548 omnes
2628 5506 2756 5550 mss.
2787 5506 2840 5551 et
2867 5495 3221 5558 iiwscheiius,
3243 5509 3378 5564 quo-

1823 5579 1942 5615 rum
1967 5563 2206 5630 neglecta
2246 5562 2472 5634 lectione
2504 5564 2809 5632 Spencerus
2851 5569 3119 5636 vulgatum
3148 5562 3375 5622 Joannis

1827 5640 2030 5683 textum
2064 5641 2284 5686 secutus
2319 5639 2420 5686 est.
2604 5657 2607 5660 -

1892 5721 2005 5793 (τε)
2036 5723 2204 5796 _Li_bb.
2252 5728 2400 5796 editi,
2444 5729 2574 5782 ὅπου
2604 5730 2709 5784 είσὶ
2731 5729 2841 5794 δύο,
2877 5703 2968 5783 seu
2991 5742 3021 5781 ει
3047 5741 3180 5783 mss.
3211 5723 3375 5784 codd.

1823 5794 1977 5848 abest
2002 5793 2126 5848 εἰσί.

2992 5885 3072 5946 26
