4126 6314
220 437 334 494 833
1095 423 1098 426 ’
1338 482 1342 487 ,
1410 425 1686 484 CONTRA
1723 419 1998 482 CELSUI
2029 422 2159 516 tan.
2196 424 2261 481 ιι.
2346 474 2369 488 .
3108 492 3112 496 Α
3345 422 3452 481 ειιι

218 547 455 614 Παῦλος,
488 550 517 603 ὀ
546 546 789 619 μαθητὴς
817 543 1002 609 αὐτοῦ,
1022 545 1256 609 ἀκούσας
1293 546 1360 598 τά
1403 546 1787 617 συμϐησόμενα

1889 545 2053 616 igitur
2090 543 2285 599 mirum
2316 543 2483 598 videri
2520 543 2678 599 debet
2720 544 2767 600 si
2810 544 2990 612 Iesus,
3019 543 3146 602 licet
3187 546 3448 616 preseius
3542 520 3581 599 γ’

221 638 378 710 αὐτῷ
407 634 664 692 ἀναϐάντι
692 640 772 700 είς
811 636 878 690 τὰ
920 636 1288 707 Ἰεροσόλυμα,
1345 637 1509 708 ὁμόσε
1537 639 1647 699 τοῖς
1673 654 1788 689 κιν-

1890 651 2067 690 rerum
2095 651 2214 705 quae
2238 635 2340 691 sibi
2369 632 2555 690 essent
2579 636 2914 699 obventuraa,
2942 650 3005 689 ea
3036 644 3215 691 tamen
3246 636 3448 690 discri-

129 717 137 729 ’
220 729 405 792 δύνοις
433 728 728 799 ἐχώρησεν,
748 726 1093 796 ἐπιπλήσσων
1119 727 1208 779 καὶ
1234 732 1345 789 τοῖς
1372 725 1786 797 δεδακρυμένοις

1889 726 2029 779 mina
2064 727 2235 781 subiit
2262 742 2383 795 quae
2410 726 2778 796 praeviderat?
2808 726 3003 789 Paulus
3052 728 3170 795 ejus
3200 725 3447 794 discipu-

224 820 359 889 περὶ
397 819 555 873 αὐτὸν
596 817 691 892 καὶ
735 816 1028 870 κωλύουσιν
1067 808 1327 885 ἀναϐῆναι
1355 817 1434 878 είς
1459 815 1527 868 τά
1562 814 1787 887 Ίέροσό-

1889 816 1985 879 lus.
2013 832 2135 870 cum
2181 817 2442 870 audiisset
2489 832 2606 884 qum
2656 818 2758 871 sibi
2789 819 3039 890 patienda
3071 817 3445 880 imminerent,

226 909 398 979 λυμα.
434 907 622 974 Πολλοὶ⁵
646 894 821 963 δὲκαὶ
853 906 957 960 τῶν
999 906 1118 960 καθ’
1150 909 1296 976 ἡμᾶς
1340 906 1685 976 ἐπιστάμενοι
1713 906 1788 968 ὡς

227 1000 658 1070 ὁμολογήσαντες
698 998 795 1068 μὲν
865 997 1310 1067 Χριστιανισμὸν,
1357 996 1781 1050 ἀποθανοῦνται·

232 1092 599 1165 ἀρνησάμενοι
642 1090 697 1143 δὲ
740 1088 1192 1160 ἀπολυθήσονται,
1240 1088 1333 1140 καὶ
1372 1088 1439 1140 τά
1479 1088 1786 1157 ὑπάρχοντα

233 1182 619 1253 ἀπολήψονται,
650 1178 1051 1251 κατεφρόνησαν
1084 1179 1177 1247 μὲν
1216 1177 1307 1230 τοῦ
1351 1178 1498 1247 βίου,
1528 1175 1786 1239 ἑκουσίως

232 1274 291 1326 δὲ
314 1273 404 1327 τὸν
431 1272 570 1342 ὑπὲρ
597 1270 874 1332 εὐσεϐείας
903 1268 1125 1322 θάνατον
1151 1268 1368 1321 εἴλοντο.

1886 908 1930 961 si
1960 906 2256 962 Jerusalem
2301 918 2509 976 peteret
2546 908 2612 974 ³⁸,
2642 908 2885 977 periculo
2936 923 2995 962 se
3029 908 3326 972 commisit,
3362 906 3445 959 in-

1889 1012 2115 1062 crepans
2143 1011 2236 1053 eos
2262 999 2350 1068 qui
2386 999 2556 1065 ipsius
2590 1008 2789 1051 sortem
2822 998 3067 1067 lugerent
3096 998 3455 1067 impedirent-7

1890 1100 1994 1155 que
2023 1089 2310 1157 quominus
2354 1088 2480 1142 illuc
2527 1096 2799 1157 pergeret.
2832 1088 2971 1154 Quin
3022 1096 3075 1143 et
3107 1089 3255 1141 multi
3291 1103 3322 1142 e
3352 1078 3450 1140 no;

1889 1176 2041 1235 stris,
2076 1177 2321 1243 quamvis
2372 1177 2535 1244 probe
2579 1178 2783 1230 scirent
2829 1191 2906 1239 se,
2945 1176 2989 1231 si
3038 1177 3091 1228 in
3141 1164 3487 1230 confitendo'

1856 1252 2306 1322 'Christianismo
2338 1277 2667 1338 perstarent,
2698 1268 2991 1323 morituros
3021 1284 3035 1333 ;
3063 1277 3253 1337 contra
3286 1258 3450 1322 abso-

234 1366 403 1418 lutum
439 1364 504 1417 iri
549 1374 604 1417 et
657 1379 782 1417 suas
828 1362 1103 1415 facultates
1164 1369 1604 1430 recuperaturos,
1653 1358 1698 1433 si
1756 1358 2075 1415 desisterent
2115 1377 2130 1427 ;
2189 1362 2391 1425 tamen,
2445 1361 2694 1430 despecta
2737 1364 2867 1430 vita,
2905 1360 3175 1417 volentes
3220 1370 3445 1417 mortem

232 1456 453 1523 pietatis
480 1470 639 1510 causa
670 1458 1057 1509 occubuerunt.

314 1542 473 1612 Ἑξῆς
532 1543 587 1596 δὲ
637 1542 806 1614 τούτῳ
849 1543 941 1597 καὶ
996 1542 1118 1597 ἄλλο
1148 1539 1337 1610 εὔηθές
1396 1544 1607 1614 φησινὸ
1637 1542 1785 1616 παρά
1859 1563 1863 1567 ·

234 1629 312 1701 τῷ
333 1628 528 1699 Κέλσῳ
566 1629 809 1698 Ἰουδαῖος
830 1671 843 1695 ,
874 1630 955 1683 ὃτι
986 1629 1101 1692 πῶς
1120 1668 1134 1691 ,
1168 1647 1185 1679 ι
1222 1629 1391 1700 Εἴπερ
1429 1634 1654 1701 προεῖπε
1685 1632 1783 1685 καὶ

1961 1541 2046 1597 i8.
2084 1538 2340 1610 Sequitur
2365 1538 2508 1592 aliud
2538 1553 2690 1607 aeque
2735 1541 2996 1597 stultum:
3030 1561 3049 1593 ι
3086 1541 3145 1596 Si
3173 1542 3447 1613 prmdixit,

1890 1630 2063 1697 inquit
2091 1631 2230 1698 apud
2257 1630 2471 1684 Celsum
2496 1628 2729 1695 Iudaeus,
2756 1631 2917 1684 istum
2944 1630 3277 1699 proditurum
3302 1646 3446 1694 esse,

233 1720 325 1773 τὸν
344 1718 685 1791 προδώσοντα
717 1719 916 1773 καὶτὸν
936 1720 1137 1790 ἀρνησό
1145 1735 1318 1788 μενον,
1340 1720 1440 1773 οὐκ
1471 1720 1536 1773 ἂν
1566 1721 1640 1785 ὡς
1655 1721 1785 1775 Θεὸν

1893 1720 2041 1774 illum
2072 1735 2199 1775 vero
2227 1731 2550 1791 negaturum
2579 1739 2594 1789 ;
2630 1739 2729 1779 cur
2764 1722 2910 1775 illum
2946 1733 3003 1775 ut
3030 1723 3197 1777 Deum
3227 1739 3331 1778 non
3360 1737 3449 1776 ve.
3548 1719 3551 1721 ’

232 1809 597 1880 ἐφοϐήθησαν,
619 1812 691 1872 ὼς
718 1809 807 1862 τὸν
840 1810 934 1879 μὲν
964 1812 1037 1881 μὴ
1066 1810 1351 1882 προδοῦναι
1382 1811 1478 1875 ἔτι,
1506 1811 1594 1864 τὸν
1621 1813 1679 1873 ,δὲ
1712 1813 1785 1881 μὴ

1889 1812 1977 1865 riti
2025 1821 2170 1878 sunt,
2202 1824 2570 1883 eaveruntque
2617 1817 2739 1880 iste,
2779 1830 2847 1869 ne
2889 1815 3180 1885 proderet,
3237 1814 3344 1880 ille,
3380 1831 3447 1868 ne

233 1900 614 1972 ἀρνήσασθαι;
653 1919 670 1951 ι
720 1902 831 1953 Καὶ
879 1900 977 1954 οὒκ
1021 1899 1125 1953 εἶδέ
1168 1901 1275 1971 (27)
1318 1919 1381 1969 γε
1430 1904 1457 1954 ὁ
1487 1900 1789 1970 σοφώτατος

169 2009 177 2014 -
232 1989 438 2051 Κέλσος
468 1989 527 2041 ὲν
546 1987 628 2059 ςςῷ
656 1974 813 2059 ίτόπῳ
845 1989 942 2060 τήν
984 1991 1194 2061 μάχην,
1228 1994 1309 2045 ὃτι
1350 1993 1397 2044 ει
1440 1993 1535 2062 μὲν
1570 1993 1678 2063 (28)
1716 1994 1790 2054 oc

230 2080 367 2144 Θεὸς
400 2080 664 2151 προέγνω,
709 2081 803 2134 καὶ
853 2082 949 2151 οὐχ
992 2076 1102 2133 οἷόν
1150 2099 1207 2134 τε
1248 2078 1315 2152 ἦν
1344 2081 1505 2135 αὑτοῦ
1534 2084 1630 2153 τὴν
1663 2084 1791 2153 πρό-

231 2189 431 2241 γνωσιν
455 2170 752 2239 ψεύσασθαι
775 2186 788 2202 °
817 2172 914 2242 οὐχ
948 2167 1056 2225 οἶόν
1083 2189 1142 2223 τε
1170 2168 1237 2242 ἦν
1267 2172 1387 2226 οὔτε
1411 2173 1499 2226 τὸν
1528 2175 1792 2244 ἐγνωσμέ-

152 2327 157 2334 ι
231 2280 323 2317 νον
363 2263 437 2325 ὡς
480 2259 817 2333 προδώσοντα
860 2262 932 2332 μὴ
976 2260 1294 2333 προδοῦναι,
1349 2261 1469 2315 οὒτε
1506 2263 1596 2316 τὸν
1643 2263 1791 2332 ἐλεγ-

233 2355 429 2427 χθέντα
453 2354 817 2424 ἀρνησόμενον
852 2353 923 2424 μὴ
952 2350 1304 2423 ἀρνήσασθαισ
1346 2352 1395 2403 εί
1427 2346 1472 2403 δ’
1512 2347 1623 2405 οἷόν
1650 2354 1694 2421 τ’
1724 2349 1790 2424 ἦν

231 2445 383 2505 τόνδε
410 2445 506 2514 μὲν
534 2442 607 2513 μὴ
634 2441 948 2513 προδώσειν,
979 2440 1123 2495 τόνδε
1150 2440 1205 2493 δὲ
1238 2438 1311 2510 μὴ
1341 2439 1690 2509 ἀρνήσασθαι,
1716 2440 1791 2504 ὡς

232 2531 329 2589 καὶ
367 2534 616 2603 γενέσθαι
654 2532 719 2587 ἂν
741 2533 801 2585 τὸ
825 2532 899 2603 μὴ
926 2531 1208 2603 προδοῦναι
1242 2529 1332 2583 καὶ
1359 2529 1418 2581 τὸ
1447 2528 1521 2599 μὴ
1548 2529 1788 2599 ἀρνήσα-

232 2618 358 2679 σθαι
385 2626 442 2678 ὲν
470 2627 578 2688 τοῖς
610 2624 793 2683 ταῦτα
816 2621 1294 2694 προμεμαθηκόσιν
1321 2658 1334 2683 ,
1375 2619 1551 2672 οὐκέτι
1588 2609 1789 2690 ἀληθὴς

225 2710 298 2787 ἦν
326 2716 356 2766 ὁ
381 2714 571 2782 λέγων,
597 2715 677 2766 ὅτι
716 2714 803 2766 ὅδε
843 2713 938 2782 μὲν
971 2711 1254 2783 προδώσει,
1283 2710 1365 2763 ὅδε
1394 2710 1451 2763 δὲ
1478 2710 1784 2780 ἀρνήσεται.

230 2805 345 2859 Καὶ
369 2803 477 2875 γὰρ
498 2806 545 2857 εί
572 2803 816 2873 προέγνω
848 2801 1206 2873 προδώσοντα,
1235 2802 1333 2871 τὴν
1364 2800 1621 2870 πονηρίαν
1652 2795 1789 2852 οἶδεν

229 2897 327 2965 ἀφ’
363 2891 430 2966 ἦς
465 2893 760 2965 προδώσει,
794 2893 918 2962 ἥτις
952 2890 1013 2943 οὺ
1067 2889 1281 2950 πάντως
1317 2889 1503 2959 ὲκιτῆς
1547 2887 1790 2959 προγνώ-

231 3003 372 3049 σεως
392 2986 769 3055 ἀνετέτραπτο.
806 2981 970 3035 Πάλιν
997 2997 1054 3033 τε
1083 2978 1149 3032 αὖ
1181 2981 1226 3031 εί
1260 2970 1545 3045 κατείληφε
1578 2978 1668 3031 τὸν
1692 2980 1791 3046 ἀρ-

230 3078 527 3149 νησόμενω
550 3115 564 3141 ,
598 3076 695 3146 τὴν
731 3073 1009 3127 ἀσθένειαν
1047 3068 1199 3131 ίδὼν,
1233 3070 1325 3136 ἀφ’
1370 3062 1438 3137 ἧς
1475 3067 1785 3136 ἀρνήσεται,

231 3137 510 3238 προεξπεν,
550 3137 635 3217 δτι
652 3137 981 3234 ἀρνήσεται·
1018 3161 1050 3229 ή
1079 3158 1122 3210 δ’
1154 3157 1401 3210 ἀσθένεια
1431 3157 1527 3208 οὐκ
1568 3154 1787 3225 ἔμελλεν
1814 3137 1858 3197 C

230 3255 631 3325 ἀνατρέπεσθαι
672 3253 841 3316 οὕτως
873 3252 1079 3323 ἀθρόως
1124 3250 1229 3302 ἀπὸ
1276 3249 1372 3319 τῆς
1413 3245 1787 3319 προγνώσεως.

230 3346 406 3400 Πόθεν
431 3347 487 3398 δὲ
519 3346 612 3398 καὶ
643 3345 720 3397 τό·
752 3362 769 3394 ι
814 3342 947 3395 Ἀλλ’
972 3340 1122 3395 αὐτοὶ
1154 3338 1461 3410 προέδωκάν
1489 3356 1544 3390 τε
1575 3339 1668 3390 καὶ
1697 3337 1793 3408 ἠρ-

233 3437 490 3506 νήσαντο,
524 3433 685 3503 μηδὲν
708 3430 869 3486 αὐτοῦ
898 3429 1299 3501 φροντίσαντες;
1335 3447 1354 3479 ι
1394 3427 1628 3499 Ἐδείχθη
1659 3428 1788 3499 γὰρ,

230 3528 319 3581 ὅτι
350 3524 475 3597 περὶ
505 3524 600 3594 μὲν
636 3523 728 3575 τοῦ
757 3521 1039 3593 προδόντος
1081 3519 1271 3588 ψεῦδος
1307 3519 1366 3570 τὸ
1413 3520 1671 3588 μηδαμῶς
1697 3520 1792 3570 αὐ..

230 3618 325 3669 τδν
388 3613 775 3686 πεφροντικότα
830 3610 920 3663 τοῦ
982 3609 1297 3663 διδασκάλου
1361 3610 1781 3679 προδεδωκέναιο

228 3707 384 3761 οὐδὲν
412 3705 456 3757 δ’
485 3701 643 3775 ἦττον
672 3702 765 3755 καὶ
808 3700 935 3771 περὶ
984 3697 1077 3753 τοῦ
1111 3698 1479 3769 ἀρνησαμένου
1510 3698 1665 3751 τοῦτο
1691 3698 1791 3751 δει-
1874 3712 1877 3715 ·

229 3795 518 3859 κνυται,ὃς
546 3791 771 3860 ἐξελθὼν
792 3790 913 3857 ἔξω,
930 3788 1064 3860 μετά
1088 3788 1147 3841 τὸ
1174 3788 1528 3862 ἀρνήσασθαι,
1559 3788 1797 3863 ἔκλαυσεν

231 3885 468 3957 πικρῶς.
1004 3868 1011 3879 ’
1072 3918 1115 3930 μί

321 3975 661 4028 Ἐπιπόλαιον
707 3972 762 4027 δὲ
812 3971 905 4023 καὶ
936 3971 994 4024 τό
1016 3988 1030 4000 ·
1072 3989 1089 4021 ι
1120 3968 1254 4040 Ἤδη
1302 3970 1407 4040 γάρ
1438 3986 1538 4021 που
1581 3969 1671 4022 καὶ
1698 3969 1787 4022 ἄν-

231 4065 451 4136 θρωπος
484 4063 957 4132 ἐπιϐουλευόμενος
1004 4077 1061 4113 τε
1102 4060 1193 4112 καῖ¹
1221 4058 1659 4130 προαισθόμενος,
1695 4057 1787 4111 έάν

135 4154 141 4161 ’
232 4153 472 4225 προείπῃ
504 4156 614 4215 τοῖς
656 4151 1114 4213 ἐπιϐουλεύουσιν,
1154 4148 1543 4218 ἀποτρέπονται
1578 4149 1667 4201 καὶ
1700 4165 1789 4215 φυ-

227 4245 538 4298 λάσσονται.
590 4261 611 4295 ι
656 4242 846 4295 Πολλοὶ
882 4240 989 4311 γὰρ
1039 4239 1131 4292 καὶ
1182 4238 1623 4309 προαισθομένοις
1678 4241 1787 4301 τοῖς

226 4330 727 4400 ἐπιϐουλευομένοις
775 4328 1182 4382 ἐπεϐούλευσαν.
1227 4327 1383 4396 Ἑξῆς
1421 4326 1513 4391 δὲ,
1549 4327 1785 4396 ὡσπερεὶ
1823 4378 1831 4389 ,

226 4425 295 4477 τὸ
323 4422 685 4494 συμπέρασμα
716 4420 933 4489 ἐπάγων
959 4418 1036 4489 τῷ
1061 4417 1201 4488 λόγῳ
1221 4459 1235 4483 ,
1266 4418 1456 4487 φησίν·
1520 4437 1538 4468 ι
1580 4417 1783 4471 Οὔκουν

224 4510 432 4585 ὲπειδὴῖ
460 4512 747 4583 προείρητο
791 4508 995 4568 ταῦτα,
1046 4508 1299 4574 γέγονεν’
1346 4505 1602 4558 ἀδύνατον
1652 4507 1779 4576 γάρ.

236 4602 384 4679 Ἀλλ’
424 4602 608 4671 ἐπειδὴ
649 4602 869 4669 γέγονεν,
912 4596 1099 4667 ψεῦδος
1136 4595 1411 4663 ἐλέγχεται
1444 4595 1502 4647 τὸ
1536 4611 1786 4665 προειρη-

207 4696 381 4763 ⁸κέναι
400 4711 413 4724 ⁸
447 4695 619 4763 πάντη
648 4692 765 4762 γάρηι
782 4691 1055 4761 ἀμήχανον
1085 4688 1205 4747 τοὺς
1236 4683 1675 4755 προακούσαντας
1703 4684 1783 4736 ἔτι

224 4785 516 4856 προδοῦναι
550 4785 641 4837 καὶ
681 4780 1030 4853 ἀρνήσασθαι.
1079 4795 1099 4829 ι
1151 4778 1528 4845 Ἀνατραπεῐσι
1567 4775 1625 4827 δὲ
1671 4778 1783 4837 τοῖς

221 4876 643 4945 προειρημένοις
666 4871 1034 4942 συνανετράπη
1054 4868 1111 4921 τὸ
1143 4866 1506 4937 συμπέρασμα
1534 4867 1613 4927 τὸ,
1634 4884 1649 4915 ι
1677 4866 1783 4917 Καὶ

220 4964 349 5015 ἐπεὶ
382 4950 816 5033 (29)’προείρητο
855 4959 1043 5022 ταῦτα,
1082 4957 1286 5024 γέγονε.
1334 4974 1349 5004 ι
1390 4953 1569 5025 Φαμὲν
1614 4954 1657 5005 δ’
1700 4954 1780 5005 ὅτι

220 5052 324 5108 καὶ
345 5053 581 5121 γέγονεν,
607 5054 681 5116 ώς
705 5053 922 5108 δυνατόν
1076 5069 1088 5081 ⁸
1118 5049 1207 5102 καὶ
1237 5049 1357 5100 ἐπεὶ
1383 5048 1622 5116 γέγονεν,
1659 5035 1784 5115 ἀλη-

220 5142 322 5203 θὲς
346 5142 613 5195 δείκνυται
642 5143 702 5195 τὸ
728 5142 1107 5214 προειρηκέναι
1125 5157 1138 5171 ⁸
1172 5140 1231 5191 τὸ
1262 5138 1369 5208 γὰρ
1399 5136 1526 5206 περὶ
1561 5133 1776 5204 μελλόν-

217 5250 334 5289 των
367 5231 565 5302 ἀληθὲς
602 5236 721 5296 ταῖς
765 5234 1015 5287 ἐκϐάσεσι
1044 5221 1300 5305 κρίνεται.
1331 5226 1537 5289 Ψεῦδος
1582 5222 1673 5278 οὖν
1722 5224 1781 5276 τὸ

219 5326 319 5379 ὑπ’
348 5322 511 5379 αὑτοῦ
539 5322 706 5387 οὕτως
732 5325 1047 5397 εἰρημένον,
1073 5326 1152 5378 ὅτι
1189 5322 1378 5394 ψεῦδος
1418 5317 1690 5387 ἐλέγχεται
1719 5314 1779 5368 τὸ

297 5466 342 5498 ⁸⁸
377 5465 499 5518 Act.
527 5478 641 5527 ut,
674 5434 761 5518 12.
834 5465 877 5498 ³⁸
916 5465 1105 5520 Matth.
1138 5480 1287 5529 xxvr,
1330 5463 1415 5517 75.

294 5605 412 5676 (ΞἹ)
430 5600 790 5683 meaeque.
818 5601 1016 5683 Regius
1039 5602 1407 5683 2.Iiasi'leensis
1432 5608 1486 5657 et
1514 5596 1766 5670 Anglica-

221 5670 583 5758 nusnpriplus.
610 5672 754 5758 Iriliri
783 5670 959 5758 autem
988 5675 1142 5735 editi,
1168 5670 1295 5725 οἶδε.
1399 5741 1410 5754 .
1702 5736 1737 5758 ⁸.

297 5742 411 5811 (28)
447 5742 562 5794 Ὅτι
588 5744 639 5794 εὶ
664 5739 797 5810 μέν.
827 5740 917 5792 Sic
950 5753 1096 5794 recte
1119 5757 1246 5796 mss.
1284 5741 1577 5795 restituunt
1602 5739 1769 5810 parti-

210 5811 400 5875 culam
426 5811 500 5880 ei,
532 5825 651 5882 qua:
681 5811 750 5867 ab
780 5809 935 5867 editis
976 5808 1129 5866 libris
1168 5811 1375 5866 incuria
1406 5809 1767 5881 typograpbo-

1891 1905 2150 1973 negaret?
2185 1925 2203 1958 ι
2241 1904 2353 1959 Νοη
2381 1906 2511 1960 vidit
2541 1907 2728 1962 Celsus
2768 1907 2928 1961 homo
2986 1906 3075 1960 ille
3106 1906 3447 1974 sapientissi-

1871 1998 2008 2048 ‘mus
2032 1998 2348 2064 pugnantia,
2388 2013 2447 2051 se
2474 1998 2641 2068 loqui.
2673 1998 2806 2052 Nam
2863 1998 2908 2052 si
2946 2008 3002 2052 ut
3060 1998 3198 2052 Deus
3238 2013 3446 2067 pramoo

1892 2087 1991 2150 \‘it,
2037 2102 2134 2141 nec
2184 2087 2297 2142 fieri
2350 2099 2559 2157 poterat
2614 2102 2672 2144 ut
2724 2091 2987 2159 prmnotio
3042 2090 3443 2154 frustraretur;

1889 2178 2003 2233 ﬁeri
2059 2180 2243 2247 utique
2295 2195 2401 2232 non
2438 2163 2657 2248 potuit,
2701 2190 2774 2232 ιιι-
2805 2181 2896 2248 qui
2962 2181 3445 2249 prazcognosceba-

1890 2279 1977 2321 tur
2005 2269 2345 2337 proditurus,
2380 2269 2425 2323 is
2456 2283 2561 2323 non
2608 2269 2862 2338 proderet
2901 2310 2917 2336 ,
2966 2280 3059 2323 aut
3085 2285 3189 2324 non
3224 2277 3448 2339 negaret

1890 2357 1998 2422 ille,
2031 2343 2142 2428 qui.
2175 2368 2234 2413 ut
2259 2370 2570 2429 negaturus,
2604 2360 2962 2429 reprehensus
2992 2360 3187 2415 fuerat.
3220 2362 3313 2415 Sin
3346 2375 3446 2414 au-

1891 2464 1996 2507 tem
2019 2451 2157 2507 alter
2182 2467 2287 2508 non
2317 2452 2566 2524 prodere,
2611 2454 2748 2506 alter
2794 2469 2899 2508 non
2930 2468 3125 2524 negare
3156 2456 3440 2523 potuisset,

1890 2544 1961 2597 ita
1995 2553 2049 2597 ut
2084 2543 2407 2617 pramoniti,
2442 2544 2534 2597 ille
2564 2559 2670 2597 non
2708 2543 3074 2611 prodidisset,
3108 2545 3191 2598 hie
3218 2561 3319 2598 non
3350 2558 3443 2597 ne-

1887 2643 2104 2703 gasset;
2137 2648 2298 2689 verax
2328 2650 2431 2688 non
2470 2633 2660 2688 fuisset
2694 2636 2800 2701 ille,
2850 2637 2939 2704 qui
2989 2635 3217 2689 alterum
3262 2637 3444 2705 prodi-

1891 2732 2092 2787 turum,
2126 2723 2353 2777 alterum
2406 2708 2725 2792 riegaturui‘ti
2770 2740 2889 2779 esse
2922 2726 3153 2779 dixerat.
3202 2726 3258 2781 Si
3301 2727 3442 2782 enim

1889 2819 2145 2886 pramovit
2173 2794 2531 2896 prodituru‘pt,
2563 2818 2710 2872 novit
2757 2818 3017 2871 malitiam
3066 2819 3206 2871 unde
3258 2818 3443 2872 nasci-

1891 2921 2010 2963 tura
2039 2919 2156 2963 erat
2184 2886 2438 2977 proditio.
2460 2882 2738 3048 Vtramque
2769 2917 3011 2961 evertere
3042 2907 3298 2977 pra'notio
3324 2924 3445 2961 om-

1891 3000 2017 3048 nino
2044 3014 2149 3048 non
2184 3006 2412 3048 noterat.
2438 2998 2481 3048 Ο
2505 2996 2898 3048 temadmoiinm
2928 2996 2971 3048 si
2996 2996 3445 3048 Dra'seivitneaa-

1890 3000 2017 3061 nino
2044 3014 2149 3053 non
2182 3006 2412 3066 poterat.
2438 2996 2898 3062 Quemadmodum
2928 2996 2971 3049 si
2995 2996 3260 3063 pra‘seivit
3278 3011 3447 3064 nega-

1892 3094 2090 3146 turum,
2121 3070 2272 3139 novit
2298 3086 2743 3147 imbecillitatem,
2774 3099 2890 3153 qua:
2912 3085 3097 3137 datura
3127 3084 3299 3138 locum
3324 3094 3444 3140 erat

1894 3177 2191 3245 negatibni,
2226 3178 2434 3246 hacque
2482 3178 2562 3239 de.
2591 3191 2755 3232 causa
2806 3187 3125 3245 negaturum
3157 3192 3277 3233 esse
3309 3192 3442 3245 pra:-

1894 3267 2179 3321 nuntiavit.
2211 3266 2335 3322 Haec
2360 3283 2485 3321 vero
2519 3268 2856 3324 imbecillitas
2885 3269 3128 3345 coerceri
3157 3269 3441 3323 confeStitn

1895 3374 1997 3413 non
2034 3359 2204 3427 potuit
2246 3375 2278 3435 a
2316 3349 2665 3426 prmuotione.
2700 3362 2851 3417 Unde
2881 3370 3061 3414 autem
3110 3364 3252 3428 cepit
3299 3361 3444 3429 quod

1893 3452 2003 3503 ait:
2038 3469 2056 3502 ι
2082 3450 2169 3505 illi
2216 3458 2390 3505 tamen
2439 3468 2561 3506 eum
2597 3452 2750 3506 nihili
2796 3450 3059 3506 facientes
3090 3452 3444 3520 prodiderunt

1890 3551 1944 3597 ct
1970 3544 2344 3612 negaverunt?
2375 3562 2394 3595 ι
2430 3543 2599 3609 Quam
2626 3545 2767 3609 enim
2802 3544 2905 3599 hoc
2936 3544 3003 3598 de
3027 3542 3162 3597 Juda
3209 3545 3279 3597 sit
3310 3542 3443 3595 alie-

1895 3649 2022 3687 num
2047 3632 2076 3685 a
2097 3634 2345 3694 veritate.
2373 3632 2485 3699 jam
2509 3642 2634 3687 ante
2654 3620 3013 3695 ostendimus;
3037 3648 3138 3688 nec
3165 3635 3338 3702 magis
3356 3648 3446 3686 ar-

1889 3723 2050 3776 duum
2063 3732 2145 3776 est
2159 3716 2296 3775 idem
2308 3723 2372 3775 de
2385 3722 2548 3776 Petro
2558 3722 2953 3787 demonstrare,
2968 3724 3162 3791 quippe
3174 3723 3285 3791 qui,
3301 3731 3448 3790 post-

1864 3814 2047 3881 ‘qnam
2078 3816 2388 3879 negaverat,
2411 3824 2661 3880 egressus
2691 3809 2838 3868 foras
2868 3826 3052 3867 amare
3084 3810 3291 3869 ﬂeverit
3312 3812 3378 3865 ³⁹.

1960 3963 2045 4018 19.
2076 3962 2248 4017 Futile
2275 3964 2434 4017 etiam
2462 3972 2545 4018 est
2579 3964 2721 4019 istud
2749 3981 2764 4016 :
2808 3982 2825 4015 ι
2860 3962 3037 4031 Certe,
3088 3964 3282 4031 inqu‘it,
3317 3979 3438 4019 cum
3488 4003 3497 4014 .
3526 4030 3533 4035 .

1885 4054 2044 4126 5.05
2081 4052 2238 4108 humo
2271 4063 2483 4124 paratas
2508 4055 2609 4108 sibi
2648 4054 2873 4109 insidias
2918 4057 3193 4124 priesentit
3223 4066 3275 4109 et
3306 4056 3438 4111 iasi-

1886 4148 2124 4199 diatores
2154 4158 2470 4213 praemonet,
2520 4146 2574 4199 hi
2614 4146 2951 4201 deterrentur
2993 4161 3022 4198 a
3065 4148 3341 4215 proposito
3382 4156 3438 4201 et

1886 4243 2076 4289 cavent
2103 4236 2223 4287 sibi.
2262 4253 2281 4285 ι
2312 4234 2459 4288 Multi
2492 4236 2636 4288 enim
2686 4236 2850 4289 etiam
2880 4235 2948 4288 iis
2995 4237 3085 4303 qui
3124 4238 3441 4303 praesentie-

1886 4326 2035 4390 bant,
2071 4324 2419 4379 nihilominus
2463 4325 2687 4379 insidias
2714 4324 2883 4381 moliti
2919 4336 3061 4379 sunt.
3095 4327 3217 4381 llaec
3246 4327 3440 4387 deinde

1888 4414 2188 4484 quasiejus
2235 4415 2508 4468 conclusio
2552 4425 2633 4468 est
2684 4432 2698 4468 :
2737 4433 2755 4466 ι
2805 4414 2922 4468 Non
2970 4415 3137 4483 igitur
3183 4418 3435 4486 quoniam

1888 4509 1999 4562 haec
2021 4506 2277 4577 praedicta
2301 4515 2444 4571 sunt,
2471 4507 2801 4560 acciderunt.
2830 4508 2961 4560 Nam
2988 4507 3313 4576 impossibile
3329 4519 3433 4565 est.
3462 4550 3463 4555 η

1886 4595 2000 4652 Imo
2045 4598 2185 4664 quod
2239 4578 2566 4659 a’cciderint,
2612 4598 2732 4649 ideo
2776 4596 2969 4650 falsum
3014 4608 3097 4650 est
3140 4599 3229 4651 illa
3271 4599 3438 4655 fuisse

1886 4687 2159 4755 prmdicta.
2193 4684 2321 4737 Nam
2356 4686 2468 4738 ﬁeri
2503 4701 2606 4738 non
2640 4687 2811 4753 potuit
2854 4696 2909 4739 ut
2937 4687 3197 4753 prodituri
3232 4699 3323 4741 aut
3348 4705 3437 4743 ne.
3496 4752 3521 4755 _

1886 4773 2059 4840 gaturi
2107 4780 2305 4837 essent,
2354 4773 2442 4840 qui
2495 4773 2795 4841 prasinoniti
2839 4774 3076 4826 fuerant.
3115 4794 3134 4826 ι
3171 4775 3276 4828 Sed
3308 4778 3435 4831 sub-

1886 4866 2057 4917 versis
2097 4877 2213 4928 qua:
2243 4874 2366 4916 ante
2413 4866 2572 4931 dixit.
2622 4875 2839 4918 corruat
2873 4879 3092 4918 necesse
3140 4874 3221 4918 est
3249 4876 3302 4919 et
3334 4867 3433 4921 ista

1884 4954 2200 5007 conclusio:
2238 4971 2257 5004 ι
2294 4948 2409 5008 Non
2442 4956 2605 5025 igitur
2630 4958 2758 5025 quia
2789 4957 3039 5025 praedicta
3070 4967 3254 5023 erant,
3288 4961 3435 5013 acci-

1883 5044 2096 5099 derttnt.
2129 5064 2149 5094 ι
2177 5045 2333 5099 Certe
2360 5047 2674 5101 acciderunt
2696 5058 2751 5101 et
2784 5049 3001 5117 quidem
3036 5059 3091 5099 ut
3115 5051 3429 5117 possibilia;

1885 5146 1936 5190 et
1956 5137 2080 5203 quia
2110 5138 2444 5202 acciderunt,
2464 5150 2746 5208 propterea
2780 5139 3029 5209 praedicta
3058 5137 3224 5192 fuisse
3246 5156 3431 5196 verum

1882 5234 1983 5279 cst.
2013 5226 2145 5281 Nam
2181 5244 2305 5282 vera
2341 5245 2517 5284 rerum
2552 5230 2856 5284 futurarum
2886 5229 3153 5297 pr‘ndiclio
3182 5246 3247 5282 ex
3270 5246 3433 5287 even-

1885 5319 2024 5373 tibus
2049 5320 2344 5390 judicatur.
2381 5321 2511 5376 Cum
2546 5321 2709 5393 igitur
2747 5324 2827 5377 ait
2865 5320 3048 5377 Celsus
3086 5318 3280 5375 falsum
3310 5337 3433 5377 esse

1874 5610 1993 5649 rum
2029 5596 2329 5649 exciderat.

1877 5664 2054 5788 Iri5:29)
2078 5665 2185 5719 Καὶ
2212 5665 2356 5719 ἐπεί.
2388 5664 2716 5737 Legendum,
2738 5668 2837 5720 οὐκ
2863 5667 3002 5733 ἐπεὶ,
3033 5681 3098 5721 ex
3124 5666 3433 5736 praeceden-

1904 5752 1916 5788 ι
1960 5751 2042 5787 us.
2944 5764 2953 5773 .

1942 5773 2055 5875 ὅθ)
2093 5804 2184 5871 Ὡς
2213 5804 2491 5860 δυνατόν.
2547 5805 2741 5864 Guieto
2796 5804 3143 5863 scribendum
3194 5807 3426 5878 videtur,
