4076 6310
648 443 794 534 ,εει

2146 437 2466 496 ORIGENIS

3794 430 3904 489 ιω

683 571 862 626 dicum
922 568 1250 634 adhibueris,
1298 569 1413 623 sive
1466 582 1592 631 non,
1660 565 2022 637 convalesces.
2053 562 2158 634 Sed
2191 561 2236 616 si

2346 560 2635 628 ἀναστήσῃ.
2670 553 2827 609 Ἀλλά
2850 555 2944 609 καὶ
2969 556 3016 608 εἰ
3038 554 3288 626 εἵμαρται
3311 571 3392 607 σοι
3418 553 3491 625 μὴ
3518 552 3817 622 ἀναστῆναι
3837 554 3904 609 ξι

598 714 599 717 η
686 658 855 713 fatum
898 660 992 713 tibi
1020 667 1124 733 gest
1168 672 1237 712 ex
1274 657 1375 713 hoc
1420 656 1609 711 morbo
1663 670 1769 710 non
1819 654 2235 715 convalescere;

2338 649 2437 718 τῆς
2476 649 2651 711 νόσου,
2682 647 2774 700 ὲάν
2813 663 2871 698 τε
2904 646 3199 717 εἰσαγάγῃς
3221 643 3328 697 ’τὸν
3366 645 3563 714 ἰατρὸν,
3605 642 3701 696 ὲάν
3736 660 3796 697 τε
3825 643 3903 714 μὴ

685 750 799 803 sive
831 748 1145 803 adhibueris
1180 750 1467 813 medicum,
1500 748 1614 800 sive
1636 759 1739 798 non
1773 742 2103 805 adhibueris,
2135 755 2239 793 non

2346 737 2654 809 εἰσαγάγῃς,
2689 738 2787 788 ούκ
2814 736 3109 805 ἀναστήσῃ.
3133 737 3288 786 Ἤτοι
3312 734 3366 786 δὲ
3393 734 3501 805 (45)
3528 734 3785 803 εἵμαρταί
3819 750 3906 787 σοι

683 826 1050 893 convalesces.
1086 838 1277 891 Fatum
1309 846 1488 891 autem
1523 836 1616 889 tibi
1646 843 1733 889 est
1764 836 2139 888 convalescere
2176 843 2237 881 ex

687 928 789 980 isto
815 928 1022 990 morbo,
1059 938 1152 981 aut
1210 929 1375 981 fatum
1412 927 1509 980 tibi
1545 935 1625 978 est
1650 923 1769 992 Inon
1809 923 2188 975 convalescere
2223 935 2235 970 :

688 1008 885 1071 frustra
912 1017 1075 1085 igitur
1098 1017 1322 1069 adhibes
1363 1014 1652 1068 medicum.
1684 1010 1788 1063 Sed
1822 1008 2129 1079 huiusmodi
2157 1021 2245 1061 ca-

686 1106 851 1174 ptioni
881 1119 976 1172 par
1002 1113 1084 1158 est
1125 1104 1383 1173 jocularis
1413 1104 1514 1157 ista
1550 1119 1561 1153 :
1595 1100 1638 1155 si
1671 1098 1837 1153 fatum
1882 1106 1965 1153 est
2012 1098 2107 1163 ita,
2151 1095 2242 1149 tibi

687 1206 974 1249 nascentur
1000 1194 1188 1257 liberi;
1220 1193 1333 1248 sive
1364 1208 1476 1246 rem
1513 1192 1713 1245 habeas
1746 1205 1868 1245 cum
1912 1203 2099 1251 uxore,
2130 1189 2244 1241 sive

686 1298 814 1349 non,
862 1284 1016 1338 liberi
1077 1284 1169 1337 libi
1227 1292 1535 1336 nascentur.
1574 1280 1707 1333 Etsi
1745 1279 1913 1333 fatum
1944 1279 2016 1332 ita
2043 1288 2146 1344 est,
2179 1277 2242 1330 li-

685 1376 803 1431 beri
849 1389 953 1427 non
1010 1383 1305 1427 nascentur
1354 1372 1488 1435 libi;
1523 1371 1632 1424 sive
1660 1385 1781 1423 cum
1807 1370 2029 1422 muliere
2058 1368 2241 1433 lueris,

685 1467 799 1522 sive
826 1479 953 1529 non,
988 1464 1207 1516 minime
1252 1464 1349 1515 tibi
1388 1461 1543 1513 liberi
1600 1468 1923 1522 nascentur;
1952 1457 2116 1510 fatum
2147 1474 2242 1510 au-

689 1564 796 1609 tem
820 1553 1264 1618 est,habiturum
1298 1560 1348 1604 te
1378 1550 1600 1610 liberos,
1630 1558 1721 1601 aut
1756 1536 1860 1603 non
1889 1549 2194 1603 habiturum
2228 1565 2238 1599 :

691 1645 896 1697 frustra
935 1643 1096 1710 igitur
1126 1657 1247 1694 cum
1278 1656 1443 1695 uxore
1478 1639 1851 1693 concubueris.
1905 1638 2033 1691 Nam
2062 1653 2245 1706 quem-

686 1734 973 1788 admodum
1010 1731 1080 1785 ad
1136 1728 1499 1798 procreandOs
1550 1727 1763 1791 liberos,
1819 1728 2071 1794 quoniam
2118 1742 2241 1795 pro-

685 1837 870 1893 creare
899 1837 1003 1874 non
1030 1830 1204 1889 potest
1233 1835 1262 1873 a
1294 1821 1519 1873 muliere
1546 1819 1823 1874 abstinens
1846 1858 1861 1883 ,
1894 1834 1997 1871 non
2044 1818 2239 1870 frustra

686 1927 811 1968 cum
842 1913 1063 1966 muliere
1088 1912 1502 1974 concumbitur;
1542 1912 1620 1963 sic
1643 1910 1685 1964 si
1720 1909 1982 1963 medicina
2012 1908 2075 1961 ad
2111 1921 2240 1960 con-
2275 1917 2313 1970 Β

687 2002 1063 2055 valescendum
1094 2015 1160 2053 ex
1186 2001 1371 2051 morbo
1401 1998 1675 2063 conducit,
1705 1999 1943 2052 medicus
1988 1996 2243 2049 adhibea-

691 2099 776 2144 tur
802 2103 1019 2144 necesse
1045 2097 1126 2142 est
1155 2106 1170 2152 ;
1213 2090 1450 2157 adeoque
1480 2087 1671 2141 falsum
1704 2100 1791 2141 est
1828 2087 1970 2139 istud
1998 2103 2012 2141 :
2044 2085 2245 2139 frustra

688 2180 909 2235 adhibes
963 2180 1248 2233 medicum.
1303 2179 1477 2246 Atque
1533 2180 1645 2231 haec
1700 2178 2017 2231 adduximus
2069 2175 2244 2229 omnia

689 2274 908 2341 propter
934 2269 1083 2332 illud,
1116 2271 1258 2336 quod
1288 2268 1717 2335 sapientissimus
1755 2266 1842 2319 ille
1866 2266 2051 2320 Celsus
2096 2266 2246 2318 dixe—

690 2369 772 2415 rat
800 2375 815 2415 :
850 2377 868 2411 ι
900 2358 999 2423 Qui
1024 2359 1161 2410 Deus
1181 2367 1298 2409 erat
1326 2356 1566 2424 prmdixit
1604 2374 1616 2411 :
1652 2356 1871 2424 proinde
1896 2356 2115 2409 e’venire
2130 2370 2247 2406 om-

687 2452 818 2505 nino
870 2448 1107 2517 oportuit
1136 2448 1277 2516 quod
1329 2446 1639 2515 praedictum
1697 2444 1890 2497 fuerat.
1932 2461 1951 2495 ι
1995 2442 2051 2495 Si
2106 2443 2246 2495 cnim

688 2540 828 2593 hanc
889 2552 1071 2591 vocem
1134 2538 1346 2589 omnino
1396 2534 1669 2603 usurpavit
1720 2549 1816 2601 pro
1871 2548 1936 2587 eo
1983 2532 2122 2601 quod
2168 2542 2248 2585 est

688 2627 973 2680 necessaria
1023 2641 1127 2679 non
1178 2626 1444 2679 assentior
1496 2641 1511 2677 :
1568 2624 1743 2692 potuit
1783 2624 1923 2676 cnim
1968 2637 2071 2677 non
2126 2637 2250 2676 eve-

690 2716 834 2781 nire;
884 2716 965 2768 sin
998 2714 1153 2782 apud
1209 2714 1356 2766 illum
1422 2728 1525 2766 vox
1576 2712 1784 2764 omnino
1848 2711 1983 2765 idem
2046 2710 2247 2780 signiti-

690 2815 779 2862 cat
832 2820 894 2859 ac
945 2806 1063 2870 erit,
1097 2805 1238 2873 quod
1297 2818 1478 2857 verum
1518 2817 1636 2857 esse
1686 2802 1817 2855 nihil
1870 2802 2145 2871 prohibet,
2187 2803 2250 2855 li—

694 2903 784 2949 cet
840 2894 1007 2961 possit
1037 2894 1203 2946 etiam
1234 2909 1335 2946 non
1365 2888 1598 2955 evenire,
1638 2892 1771 2945 nihil
1810 2901 1995 2945 contra
2046 2907 2141 2946 nos
2171 2891 2248 2945 fa-

692 2986 767 3041 cit
790 2986 901 3054 ejus
935 2985 1361 3055 argumentatio;
1394 3000 1493 3039 uec
1526 3000 1590 3038 ex
1620 2998 1683 3039 eo
1727 2986 1866 3052 quod
1915 2983 2077 3038 desus
2114 2999 2250 3053 prte-

689 3077 887 3134 dixerit
924 3077 992 3131 ab
1020 3075 1189 3130 altero
1221 3092 1278 3130 se
1305 3076 1571 3145 proditum
1601 3075 1686 3137 iri,
1725 3075 1803 3127 vel
1836 3075 1903 3127 ab
1955 3075 2124 3129 altero
2156 3089 2249 3128 ne-

688 3167 919 3238 gandum
944 3180 1083 3229 esse,
1132 3167 1377 3233 sequitur
1410 3174 1465 3217 ut
1510 3164 1614 3217 illis
1654 3163 1941 3231 impietatis
1969 3174 2023 3216 ct
2055 3164 2245 3217 nefarii

2342 828 2635 897 ἀναστῆναι
2666 829 2729 879 ὲκ
2759 827 2858 896 τῆς
2894 828 3067 889 νόσου,
3104 826 3136 893 ἢ
3165 824 3419 895 εἵμαρται
3446 842 3526 877 σοι
3562 824 3635 893 μὴ
3671 825 3911 894 ἀναστῆ-

2343 934 2450 980 ναι,
2486 918 2661 986 μάτην
2695 916 2801 985 άρα
2847 916 3082 983 εἰσάγεις
3120 915 3210 967 τὸν
3245 915 3445 982 ἰατρόν.
3508 912 3664 965 Ἀλλὰ
3694 911 3909 982 χαριέν-

2342 1025 2449 1070 τως
2488 1007 2659 1077 τούτῳ
2697 1006 2773 1076 τῷ
2812 1006 2951 1075 λόγῳ
2989 1006 3223 1059 τοιοῦτόν
3268 1023 3321 1057 τι
3368 1004 3797 1076 παραϐάλλεται·
3843 1003 3909 1055 Et

2343 1097 2596 1171 εἵμαρται
2628 1113 2707 1149 σοι
2745 1096 3119 1165 τεκνοποῆσαι,
3152 1096 3246 1147 ἐάν
3284 1112 3343 1148 τε
3376 1094 3630 1164 συνέλθῃς
3662 1091 3907 1160 γυναικὶ,

2344 1188 2436 1239 ὲάν
2462 1205 2519 1240 τε
2551 1188 2623 1258 μὴ
2664 1187 2937 1259 συνέλθῃς,
2971 1189 3388 1257 τεκνοποιήσεις.
3440 1186 3596 1237 Ἀλλὰ
3627 1186 3719 1237 καὶ
3747 1185 3798 1236 εἰ
3826 1182 3912 1237 εἶ-

2347 1280 2547 1348 μαρταί
2587 1296 2668 1331 σοι
2704 1280 2775 1349 μὴ
2806 1279 3215 1347 τεκνοποιῆσαι,
3259 1278 3352 1330 ἐάν
3385 1293 3445 1328 τε
3499 1275 3754 1345 συνέλθῃς
3805 1291 3909 1341 γυ-

2343 1371 2506 1432 ναικὶ,
2535 1370 2567 1440 ἦ
2603 1369 2675 1440 μὴ
2704 1370 2981 1441 συνέλθῃς,
3010 1370 3069 1421 ού
3095 1369 3513 1436 τεκνοποιήσεις.
3538 1368 3692 1418 Ἤτοι
3721 1364 3909 1435 δημ)

2346 1458 2597 1528 εἵμαρται
2616 1475 2695 1510 σοι
2728 1457 3124 1525 τεκνοποιῆσαι,
3146 1458 3179 1525 ἣ
3207 1456 3279 1526 μὴ
3300 1455 3697 1523 τεκνοποιῆσαι,
3731 1454 3909 1524 μάτην

2346 1548 2451 1617 ἄρα
2477 1549 2706 1620 συνέρχῃ
2722 1550 2954 1615 γυναικί.
2986 1550 3070 1611 Ὠς
3094 1548 3202 1615 γὰρ
3216 1547 3308 1597 ετιι
3326 1544 3536 1604 τούτου,
3554 1543 3674 1594 ἐπεὶ
3693 1542 3911 1611 ἀμήχα-

2345 1656 2431 1691 νον
2458 1640 2549 1691 καὶ
2578 1638 2831 1691 ἀδύνατον
2855 1637 3234 1706 τεκνοποιῆσαι
3257 1635 3347 1688 τὸν
3377 1634 3449 1705 μὴ
3472 1631 3788 1686 συνελθόντα
3811 1647 3910 1699 τυ-

2345 1732 2507 1793 ναικὶ,
2530 1731 2587 1782 οὐ
2614 1732 2784 1799 μάτην
2802 1728 3276 1799 παραλαμϐάνεται
3296 1727 3355 1779 τὸ
3372 1724 3641 1778 συνελθεῖν
3664 1722 3904 1792 γυναικί’

2344 1819 2512 1881 οὕτως
2543 1820 2590 1870 ει
2625 1819 2683 1870 τὸ
2718 1820 3006 1887 ἀναστῆναι
3037 1820 3099 1871 ὲκ
3141 1819 3239 1889 τῆς
3270 1818 3422 1871 νόσου
3453 1815 3555 1885 ὁδῷ
3580 1819 3645 1886 τῇ
3686 1815 3794 1867 ἀπὸ
3828 1816 3910 1868 ια-

2344 1910 2532 1978 τρικῆς
2559 1910 2783 1976 γίνεται,
2804 1909 3110 1975 ἀναγκαίως
3134 1906 3617 1979 παραλαμϐάνεται
3640 1908 3669 1957 ὁ
3695 1904 3902 1975 ἰατρός·

2347 2000 2434 2051 καὶ
2471 1999 2658 2067 ψεῦδος
2688 2000 2767 2062 τὸ,
2804 2000 2993 2069 Μάτην
3032 2000 3269 2067 εἰσάγεις
3304 2000 3393 2051 τὸν
3435 1998 3631 2069 ἰατρόν.
3681 1996 3817 2050 Ὅλα
3852 1995 3911 2050 δὲ

2344 2090 2509 2142 ταῦτα
2561 2090 2991 2160 παρειλήφαμεν,
3037 2090 3099 2142 δι’
3134 2085 3168 2143 δέ
3216 2089 3479 2159 παρέθετο
3520 2098 3549 2141 o
3600 2089 3911 2156 σοφώτατος

2346 2177 2546 2240 Κέλσος
2573 2178 2767 2230 εἰπών⁹
2804 2198 2822 2229 ι
2854 2179 2985 2242 Θεὸς
3011 2178 3084 2231 ὣν
3106 2183 3352 2248 προεῖπε,
3382 2180 3477 2231 καὶ
3504 2178 3719 2239 πάντως
3743 2176 3910 2245 ἐχρῆν

2346 2268 2591 2332 γενέσθαι
2614 2268 2672 2319 τὸ
2694 2270 3098 2338 προειρημένον.
3128 2289 3145 2320 ι
3170 2271 3231 2321 El
3255 2268 3361 2339 γάρ
3385 2267 3444 2320 τὸ
3471 2267 3699 2331 πάντως
3722 2265 3911 2318 ἀκούει

2346 2357 2464 2409 ἀντί
2489 2356 2581 2409 τοῦ
2600 2358 3262 2426 κατηναγκασμένως,ού
3283 2358 3521 2427 δώσομεν
3546 2356 3693 2425 αὐτῷ
3714 2374 3725 2385 ·
3753 2356 3915 2409 δυνα-

2330 2446 2435 2509 τὸν
2465 2446 2569 2515 γάρ
2600 2434 2783 2516 ἦνκαὶ
2818 2448 2890 2518 μὴ
2929 2448 3175 2514 γενέσθαι
3196 2464 3209 2477 ’
3240 2449 3288 2499 εἰ
3322 2448 3377 2499 δὲ
3402 2447 3462 2500 τὸ
3496 2446 3730 2510 πάντως
3760 2445 3913 2513 λέγει

2347 2538 2467 2591 ἀντὶ
2492 2537 2582 2590 τοῦ
2614 2538 2803 2603 ἔσται,
2832 2539 2967 2607 ὅπερ
3008 2540 3067 2590 ού
3095 2537 3357 2591 κωλύεται
3383 2533 3520 2589 εῖναι
3555 2535 3774 2605 ἀληθὲς,
3810 2536 3913 2589 κᾶν

2348 2628 2566 2681 δυνατὸν
2673 2630 2731 2681 τὸ
2767 2630 2839 2699 μὴ
2880 2630 3156 2697 γενέσθαι·
3203 2629 3351 2705 οὐδὲν
3390 2628 3548 2681 λυπεῖ
3587 2628 3679 2680 τὸν
3720 2627 3911 2694 λόγον’

2350 2720 2457 2772 οὐδ’
2485 2719 2759 2788 ἠκολούθει
2793 2720 2868 2788 τῷ
2901 2721 3280 2791 προειρηκέναι
3319 2719 3409 2772 τὸν
3448 2718 3651 2788 Ἰησοῦν
3682 2718 3751 2771 τὰ
3783 2717 3913 2789 περὶ

2348 2809 2440 2861 τοῦ
2475 2810 2751 2878 προδότου,
2793 2811 2824 2881 ἦ
2858 2810 2924 2863 τά
2961 2810 3087 2881 περὶ
3118 2809 3210 2863 τοῦ
3261 2810 3638 2881 ἀρνησαμένου
3686 2808 3821 2879 (45),
3854 2808 3914 2861 τὸ

2351 2902 2510 2954 αὐτὸν
2558 2904 2737 2964 αὐτοῖς
2775 2904 2941 2954 αἴτιον
2975 2903 3221 2969 γενέσθαι
3264 2902 3515 2965 ἀσεϐείας
3562 2902 3655 2955 καὶ
3696 2899 3910 2952 ἀνοσίου

2350 2990 2617 3059 πράξεως.
2692 2989 2834 3042 Ἰδὼν
2867 2991 2974 3060 γάρ
3006 2991 3166 3043 αὑτοῦ
3194 2992 3253 3043 τὸ
3281 2990 3552 3061 μοχθηρὸν
3582 2985 3715 3059 ἦθος
3736 2989 3765 3041 ὁ
3786 2985 3909 3040 καθ’

2350 3079 2494 3147 ἡμᾶς
2530 3078 2844 3145 γιγνώσκων
2874 3080 2924 3130 τί
2956 3076 3021 3148 ἦν
3053 3080 3109 3132 ὲν
3145 3080 3221 3148 τῷ
3253 3079 3539 3149 ἀνθρώπῳ,
3572 3078 3666 3130 καὶ
3706 3076 3847 3147 ὁρῶν
3874 3075 3913 3130 ἃ

2349 3166 2606 3237 τολμήσει
2640 3168 2700 3219 ἐκ
2724 3186 2783 3219 τε
2820 3167 2911 3221 τοῦ
2940 3167 3267 3238 φιλάργυρος
3299 3163 3455 3228 εἶναι,
3490 3169 3582 3220 καὶ
3614 3168 3679 3218 ὲκ
3708 3166 3804 3219 τοῦ
3838 3166 3910 3238 μὴ

689 3257 949 3311 facinoris
980 3270 1138 3309 causa
1167 3256 1349 3308 fuerit.
1386 3254 1485 3318 Qui
1518 3255 1656 3307 enim
1702 3254 1853 3320 juxta
1895 3268 1990 3307 nos
2028 3264 2246 3308 noverat

2353 3256 2583 3326 βεϐαίως
2632 3259 2754 3327 περὶ
2794 3256 2884 3309 τοῦ
2922 3257 3236 3311 διδασκάλου
3266 3260 3478 3328 φρονεῖν
3506 3256 3541 3310 ἃ
3568 3256 3758 3326 ὲχρῆν,
3793 3252 3909 3309 εἷπε

620 3356 626 3363 '
689 3346 817 3414 quid
860 3353 1003 3398 esset
1034 3346 1086 3397 in
1119 3345 1354 3407 homine,
1417 3344 1605 3395 videns
1649 3360 1840 3410 pravos
1870 3344 2011 3397 illius
2065 3358 2243 3398 mores

692 3450 1020 3503 cernensque
1081 3450 1185 3503 quo
1237 3435 1381 3487 illum
1458 3433 1749 3501 impulsura
1811 3449 1956 3489 esset
2008 3436 2244 3503 pecunize

2356 3347 2491 3415 μετὰ
2537 3346 2740 3399 πολλῶν
2786 3348 2875 3400 καὶ
2913 3350 3000 3400 τόν
3048 3367 3067 3399 ‹
3116 3349 3171 3402 Ὀ
3204 3348 3452 3418 ἐμϐάψας
3494 3348 3609 3417 μετ’
3642 3345 3779 3417 ἐμοῦ
3816 3344 3915 3419 τὴν

2351 3439 2507 3506 χεῖρα
2538 3439 2615 3497 εἰς
2648 3437 2704 3489 τὸ
2728 3437 2991 3507 τρυϐλίον,
3026 3439 3227 3501 ἐκεῖνός
3256 3456 3323 3508 με
3347 3437 3670 3509 παραδώσει.
3704 3456 3725 3489 ι

690 3529 958 3597 cupiditas
1007 3538 1061 3583 et
1100 3544 1292 3597 parum
1343 3529 1495 3580 ﬁrma
1544 3530 1608 3580 de
1662 3539 1992 3596 praeceptore
2052 3530 2255 3597 opinio,
2289 3529 2420 3583 dixit
2466 3531 2606 3584 inter
2650 3532 2954 3591 casteraet‘
2998 3533 3168 3586 illud:
3203 3551 3221 3585 ι
3260 3533 3359 3598 Qui
3422 3533 3635 3602 intingit
3700 3548 3913 3589 mecum

691 3638 907 3675 manum
938 3623 991 3674 iu
1021 3621 1328 3689 paropside,
1368 3620 1455 3673 hic
1498 3634 1581 3673 me
1617 3619 1873 3674 tradet“.
1914 3639 1933 3673 ι

760 3732 846 3787 21.
879 3734 995 3787 Jam
1023 3734 1143 3786 vide
1172 3747 1326 3800 quam
1379 3747 1596 3794 vanum,
1642 3748 1800 3800 quam
1843 3731 2121 3786 manifeste
2152 3732 2251 3783 lal-

690 3838 806 3877 sum
860 3823 929 3877 sit
969 3824 1109 3876 istud
1159 3822 1298 3877 Celsi
1350 3841 1363 3874 :
1428 3840 1447 3873 ι
1498 3820 1781 3890 Nunquam
1827 3822 2027 3875 homini
2094 3823 2252 3876 homo

692 3913 864 3965 factus
912 3912 1027 3980 ejus
1079 3926 1276 3965 mensa:
1331 3912 1597 3979 particeps
1667 3912 1892 3965 insidias
1958 3913 2249 3979 paraverit.

688 4001 843 4067 Quod
876 4000 920 4053 si
952 4002 1027 4054 ita
1058 4010 1161 4064 est,
1190 4008 1389 4068 quanto
1427 4002 1603 4052 minus
1628 4001 1736 4054 Deo
1764 4001 2130 4065 insidiaretur,
2162 4002 2251 4069 qui

690 4106 811 4145 cum
853 4090 959 4144 Deo
986 4090 1159 4142 eidem
1212 4103 1413 4143 mensae
1460 4090 1841 4143 aceumberet?
1876 4108 1893 4139 ι
1931 4090 2058 4155 Quis
2110 4091 2251 4143 enim

691 4179 862 4233 nescit
891 4178 1084 4231 multos
1114 4177 1298 4241 fuisse,
1331 4178 1419 4245 qui
1447 4180 1609 4231 etiam
1650 4178 1754 4232 illis
1778 4179 2105 4247 quibuscum
2135 4180 2248 4233 sale

691 4285 982 4338 mensaque
1028 4270 1399 4323 communibus
1441 4269 1745 4330 utebantur,
1793 4271 2092 4323 struxeriut
2122 4271 2249 4322 insi-

2430 3731 2565 3801 Ὀρα
2593 3730 2648 3782 δὲ
2692 3730 2784 3782 καὶ
2837 3730 2897 3782 τὸ
2933 3731 3242 3787 ἐπιπόλαιον
3286 3729 3377 3783 κα)⁸
3423 3730 3485 3783 τὸ
3510 3731 3769 3799 ἄντικρυς
3791 3727 3916 3799 tim?-

2354 3824 2441 3885 δος
2456 3823 2555 3892 τῆς
2566 3822 2816 3891 τοιαύτης
2839 3822 2929 3874 τοῦ
2943 3822 3145 3875 Κέλσου
3159 3822 3355 3887 λέξεως
3370 3822 3806 3891 ἀποφηναμένου,
3827 3822 3907 3875 δτι

2358 3932 2377 3963 ι
2421 3911 2709 3982 Ἀνθρώπῳ
2739 3913 2833 3980 μὲν
2857 3915 2885 3964 ό
2909 3914 3234 3984 κοινωνήσας
3253 3912 3527 3983 τραπέζης
3550 3913 3650 3963 οὐκ
3671 3911 3739 3963 ἂν
3765 3910 3913 3982 αύτῷ

2351 4000 2775 4052 ἐπιϐουλεύσειεν
2794 4018 2806 4029 ·
2827 4002 2875 4051 εἰ
2902 4001 2957 4052 δὲ
2982 3999 3249 4069 ἀνθρώπῳ
3272 4001 3371 4051 οὐκ
3389 4000 3455 4052 ἂν
3488 3999 3905 4062 ἐπιϐουλεύσειε,

2352 4088 2527 4157 πολλῷ
2548 4088 2703 4140 πλέον
2727 4091 2754 4140 ό
2772 4088 2889 4156 Θεῷ
2914 4089 3299 4158 συνευωχηθεὶς
3322 4090 3420 4140 οὐκ
3443 4089 3506 4141 ἂν
3532 4088 3681 4158 αύτῷ
3706 4088 3910 4141 £12309-

2351 4181 2439 4241 λος
2464 4180 2694 4246 trivere;
2731 4198 2748 4227 ι
2790 4179 2884 4241 Τίς
2911 4179 3018 4250 γάρ
3050 4181 3147 4231 οὐκ
3173 4176 3332 4241 οἶδεν,
3366 4181 3445 4233 ὅτι
3483 4180 3685 4244 πολλοΐ,
3721 4196 3908 4234 κοινω-

2354 4271 2608 4337 νήσαντες
2627 4270 2767 4321 ἁλῶν
2792 4270 2880 4321 καὶ
2909 4270 3202 4340 τραπέζης,
3230 4271 3619 4323 ἐπεϐούλευσαν
3644 4274 3755 4334 τοῖς
3787 4287 3909 4323 συν-

692 4358 841 4411 dias?
869 4358 1083 4411 Referta
1099 4367 1180 4411 est
1213 4358 1523 4413 Grzecorum
1550 4358 2005 4426 barbarorumque
2030 4360 2246 4413 historia

2356 4360 2583 4423 εστίοις;
2618 4360 2726 4413 Καὶ
2750 4361 2957 4431 πλήρης
2980 4362 3122 4414 ἐστὶν
3143 4364 3176 4432 η
3221 4362 3481 4433 Ἑλλήνων
3507 4364 3600 4415 καὶ
3624 4361 3907 4433 βαρϐάρων

692 4446 948 4513 ejusmodi
967 4448 1241 4516 exemplis.
1259 4447 1367 4501 lloc
1387 4449 1556 4515 ipsum
1574 4446 1773 4501 crimen
1794 4457 1893 4512 est,
1907 4448 2045 4514 quod
2070 4448 2246 4500 Parius

2359 4450 2566 4520 ἱστορία
2605 4450 2857 4503 τοιούτων
2902 4452 3383 4522 παραδειγμάτων·
3421 4453 3510 4505 καὶ
3544 4451 3813 4515 ὀνειδίζων
3842 4466 3903 4517 γε

694 4537 1041 4590 iambicorum
1069 4539 1366 4591 carminum
1388 4537 1621 4606 scriptor
1653 4536 1933 4618 Lycambae
1957 4536 2122 4608 408
2148 4551 2237 4590 ex-

2346 4543 2366 4592 5
2404 4541 2603 4611 Πάριος
2660 4541 2973 4610 ἰαμϐοποιὸς
3008 4542 3117 4612 (46)
3160 4543 3250 4596 τὸν
3289 4544 3587 4619 Λυκάμϐην
3621 4542 3734 4613 (47)
3774 4539 3904 4612 μετὰ

766 4744 811 4776 ⁸³
850 4744 1034 4799 Matth.
1068 4764 1213 4815 xxw,
1245 4750 1353 4803 25.‘

790 4971 877 5037 45)
906 4969 1062 5023 Libb.
1105 4982 1260 5024 antea
1290 4972 1415 5024 editi
1452 4972 1516 5022 ad
1551 4986 1700 5023 oram
1732 4972 1953 5033 habent,
1988 4974 2096 5025 εἴτε
2123 4973 2201 5024 δέ.

796 5041 877 5109 44)
904 5042 1059 5109 Iidem
1093 5044 1143 5092 in
1181 5042 1440 5107 margine,
1472 5038 1581 5091 εἴτε
1610 5040 1683 5091 δέ.
1720 5040 1882 5093 Paulo
1908 5042 2041 5092 iulra
2070 5043 2243 5095 1³1ι11ι)⁴

699 5108 1033 5178 (αἰ-ιιιᾲᾷξεῖπερ
1061 5110 1354 5178 ἀμήχανον.
1632 5176 1639 5178 ξ
2220 5144 2223 5155 ι

764 5174 1492 5248 .(45)ᾉ1⁹1ιι’1‹ιρξιΙι-ξι“τίν’ἰησοῦν
1520 5176 1727 5246 ἀληθῶς
1752 5180 1819 5229 τὰ
1848 5179 1972 5248 περὶ
1993 5177 2084 5229 τοῦ
2117 5193 2247 5248 προ-

695 5233 841 5331 δδξέου
868 5233 1001 5331 -ἥιτά
1038 5247 1281 5331 περὶὶτού
1317 5233 1681 5331 α’ρνηταμέιὶου
1710 5233 1938 5318 iiii-pou:
1972 5250 2088 5300 Mos
2114 5233 2243 5299 libb.

703 5314 925 5384 editi‘ad
954 5314 1120 5384 (ll‘alll,
1144 5317 1202 5365 τὸ
1221 5314 1375 5367 αὐτὸν
1398 5314 1541 5384 αὺτῷ
1574 5316 1761 5369 αἴτιον.

768 5379 875 5450 (46)
994 5379 1566 5451 Πάριοςίαρϐοποιός.
1587 5388 1830 5448 Intelligit
1855 5385 2248 5438 Archilochum.

700 5448 866 5523 Clemt
899 5450 1049 5523 Alex.
1083 5448 1283 5523 Stroni'
1309 5468 1341 5504 t.
1393 5456 1498 5506 Ναὶ
1530 5448 1643 5523 μὲν
1673 5455 1862 5523 ἴαμϐον
1900 5456 1995 5523 μὲν
2028 5454 2249 5522 ἐπενόη-

702 5474 866 5501 υιιςιιι.
899 5474 1049 5502 Λινι.
1083 5474 1251 5502 atrum
1309 5474 1341 5504 ι.
1393 5474 1498 5506 ιναι
1548 5474 1643 5523 μεν
1673 5474 1862 5523 ιαμεον
1911 5474 1995 5507 ιεν
2028 5474 2249 5522 επενοη-

702 5532 793 5591 σεν
827 5518 1128 5586 Ἀρχίλοχος
1222 5521 1439 5591 Πάριος,
1472 5524 1700 5576 l’ausun.
1734 5530 1783 5575 iu
1814 5474 2076 5576 Achaicis.
2124 5523 2249 5574 Viue

702 5586 1071 5705 Eduotattones
1118 5588 1184 5640 ad
1220 5586 1320 5642 lib:
1353 5607 1410 5643 ιιι
1456 5591 1649 5644 Contra
1691 5594 1917 5660 Celsum,
1957 5609 2105 5646 num.
2153 5591 2243 5643 24.

746 5668 960 5705 esseea.

746 5668 960 5707 PENCER.

769 5724 879 5790 (Π)
919 5724 1026 5797 Τὸν
1046 5726 1384 5797 Λυκάμϐην.
1411 5728 1807 5782 Hmscbeliusiu
1836 5738 1999 5786 textu.
2027 5728 2245 5797 Λυκάμ-

702 5787 886 5850 δαντα.
910 5794 1075 5851 Codd.
1105 5787 1364 5867 llegtuset
1388 5798 1732 5867 Basileensis,
1769 5798 2083 5871 Λυκάμϐαν.
2112 5787 2242 5857 Ουἰιι

2309 5003 2315 5009 ο
2353 4974 2513 5026 ﬁliam
2540 4973 2835 5029 Neobulam
2870 4974 3191 5028 Archilocho
3238 4971 3631 5040 despondisset,
3662 4970 3777 5034 eius
3829 4971 3901 5025 rei

2353 5053 2535 5108 postea
2576 5046 2846 5108 pmnituit,
2874 5056 2923 5095 et
2966 5044 3121 5095 alteri
3151 5043 3435 5096 collocavit
3468 5059 3482 5093 :
3512 5045 3651 5093 unde
3683 5041 3897 5105 Quinti-

2352 5110 2745 5172 lianus,’lmtit.
2775 5120 2913 5167 arat.
2950 5112 3039 5165 lib.
3074 5127 3124 5172 ι,
3155 5126 3272 5178 cap.
3310 5112 3414 5163 in
3448 5111 3597 5163 Adeo
3631 5120 3689 5163 υι
3725 5110 3901 5161 videa-

2353 5189 2439 5232 tur
2470 5180 2814 5246 quihusdam,
2846 5186 2986 5247 quod
3042 5181 3257 5247 quidem
3284 5181 3472 5233 veneni
3516 5190 3618 5239 est,
3642 5178 3897 5247 materne

2350 5244 2623 5319 essanun
2653 5244 3093 5317 ingenii'vitiuni.
3133 5268 3150 5300 ι
3194 5247 3402 5319 Horat.,
3434 5252 3593 5316 epod.
3625 5246 3679 5311 6,
3730 5244 3900 5303 v.11.

2355 5316 2567 5380 12,15;

2493 5404 2647 5466 Cave,
2667 5422 2785 5461 cave
2811 5421 2829 5458 :
2861 5422 3078 5475 namque
3107 5408 3159 5459 in
3190 5409 3353 5461 malos
3379 5408 3690 5473 asperrimus

2638 5475 2835 5527 Parata
2889 5478 3012 5527 tollo
3056 5492 3286 5541 cornua;

2496 5545 2680 5609 Qualis
2707 5545 2977 5613 Lycambae
3019 5557 3220 5613 spretus
3261 5546 3421 5620 inﬁdo
3449 5559 3623 5613 gener.

2350 5657 2657 5713 OEnomaus
2686 5658 2821 5727 apud
2850 5657 3156 5723 Eusebium,
3176 5662 3269 5713 lib.
3296 5675 3350 5721 v,
3373 5673 3487 5727 cap.
3516 5648 3892 5727 55;_7Tull.ilb.

2354 5742 2411 5780 ιιι
2448 5727 2520 5781 De
2543 5724 2735 5780 nuturd
2762 5730 3011 5789 deorum;
3063 5727 3286 5784 Luciau.
3313 5730 3367 5781 in
3394 5724 3748 5792 Pseudolista,
3786 5735 3889 5780 non

2350 5796 2507 5865 longe
2546 5798 2610 5852 ab
2649 5796 2822 5852 initio.
2861 5798 3119 5854 Spsacsu.
