4076 6310
665 396 769 453 835

2123 393 2439 479 οιιιαειςιδ

3774 419 3870 473 ω

667 513 864 564 ritatur
895 520 951 563 et
976 508 1123 578 luget
1143 508 1502 579 obsecratque
1538 518 1603 565 ut
1627 512 1821 567 mortis
1850 520 1995 567 metu
2025 513 2196 570 libere

2286 566 2289 579 λ
2317 519 2537 591 ὀλέθρου
2569 522 2730 591 φόϐον
2763 524 2978 594 εὐχεται
3003 529 3399 600 παραδραμεῖν,
3422 530 3594 597 λέγων
3612 524 3717 585 ὧδέ
3739 549 3868 595 πως*

662 610 755 656 tur
777 599 862 654 his
886 599 1061 654 verbis
1088 616 1102 651 :
1134 599 1297 655 Pater
1320 601 1416 665 mi,
1440 602 1487 656 si
1516 609 1693 669 potest
1719 604 1863 657 calix
1907 605 2008 659 iste
2037 613 2216 660 trans-

659 688 742 743 ire
763 688 831 743 “.
862 707 882 740 ι
906 690 967 743 Et
988 690 1051 742 in
1075 689 1163 743 his
1196 688 1418 745 adverte
1439 690 1581 745 Celsi
1606 691 2007 760 malignitatem.
2032 693 2103 755 Is,
2122 709 2219 747 ne-

661 779 787 834 dum
812 779 1174 847 amplectatur
1221 779 1511 847 ingenuam
1560 784 1886 849 scriptorum
1942 782 2216 851 Evangelii

662 871 1055 943 sinceritatem,
1103 868 1220 938 qui,
1274 855 1398 923 cum
1430 879 1656 938 possent
1686 871 1901 926 silentio
1951 887 2214 941 premere,

659 956 1078 1025 quae,utCelsus
1092 963 1263 1026 putat,
1291 959 1577 1011 accusandi
1598 973 1782 1013 ansam
1802 964 2074 1030 praebent,
2108 976 2212 1014 non

656 1062 719 1101 ea
746 1055 923 1100 tamen
971 1047 1237 1100 siluerunt
1275 1045 1461 1103 multis
1482 1048 1549 1101 de
1565 1051 1742 1104 causis
1764 1065 1895 1118 quas
1926 1050 2123 1119 aliquis
2159 1052 2210 1105 in

654 1136 973 1206 explicando
1000 1134 1298 1204 Evangelio
1324 1146 1630 1205 Opportune
1667 1140 1887 1205 reddet;
1923 1156 2042 1209 qua:
2070 1142 2208 1195 scri-

651 1237 875 1295 pserunt
908 1228 961 1281 in
992 1228 1196 1280 crimen
1224 1234 1405 1290 vocat,
1428 1236 1505 1291 et,
1532 1237 1590 1282 ut
1624 1230 2002 1287 declamitandi
2034 1232 2205 1287 locum

650 1319 871 1383 habeat,
920 1333 1039 1387 qua:
1073 1334 1179 1373 non
1225 1321 1562 1386 scripserunt
1608 1323 1883 1389 preponit.
1915 1322 2031 1376 Non
2064 1325 2205 1378 enim

651 1409 917 1476 scriptum
987 1408 1275 1463 invenitur‘
1304 1410 1511 1465 luxisse
1553 1410 1753 1466 Jesum.
1786 1413 1864 1467 Ac
1896 1412 2049 1466 aﬂ'ert
2086 1416 2208 1481 qui-

650 1500 773 1554 dem
807 1498 935 1552 licet
958 1500 1139 1553 verbis
1164 1500 1439 1568 paululum
1469 1501 1700 1556 diversis
1738 1502 1881 1557 istud
1917 1518 1933 1557 :
1974 1520 1993 1553 ι
2023 1504 2201 1569 Pater,

648 1590 694 1643 si
741 1588 997 1657 possibile
1023 1597 1128 1653 est,
1161 1598 1401 1645 transeat
1428 1592 1570 1644 calix
1608 1593 1747 1657 iste;
1784 1611 1804 1644 ι
1840 1595 2205 1661 praetermittit

648 1686 829 1733 autem
858 1678 1000 1747 quod
1028 1679 1277 1747 proxime
1304 1682 1569 1747 sequitur,
1595 1688 1648 1734 et
1668 1696 1734 1734 ex
1759 1697 1865 1751 quo
1882 1684 2052 1751 pietas
2074 1683 2200 1739 Jesu

647 1784 777 1838 erga
807 1769 1019 1823 Patrem
1058 1770 1584 1839 magnanimitasque
1612 1772 1875 1839 imprimis
1908 1772 2196 1828 elucescit:

2320 604 2388 659 Ὦ
2401 610 2599 682 Πάτερ,
2616 615 2662 664 εί
2673 613 2886 667 δύναται
2902 616 2961 668 τὸ
2977 619 3227 687 ποτήριον
3242 618 3397 671 τοῦτο
3410 620 3695 691 παρελθεῖν
3708 622 3831 690 (54).
3846 641 3864 672 i

2320 701 2427 752 Καὶ
2465 703 2521 754 έν
2552 702 2761 766 τούτοις
2800 704 2854 757 δὲ
2904 708 3005 778 ὅρα
3036 707 3095 758 τὸ
3130 706 3223 759 τοῦ
3276 710 3480 760 Κέλσου
3533 709 3866 781 κακοῦργον,

2316 790 2417 854 ὅτι,
2447 793 2521 863 μὴ
2550 788 2949 864 ἀποδεξάμενος
2971 797 3029 849 τὸ
3063 796 3354 867 φιλάληθες
3379 799 3487 854 τῶν
3522 799 3866 869 ἀναγραψάν-

2314 898 2418 935 των
2442 883 2508 935 τά
2526 885 2830 952 Εὐαγγέλια
2855 886 3188 955 δυνηθέντων
3208 888 3304 957 μὲν
3330 889 3757 958 παρασιωπῆσαι
3782 888 3864 951 τά,

2313 972 2389 1034 ὡς
2423 973 2627 1037 Κέλσος
2670 974 2859 1038 οἴεται,
2902 976 3157 1046 ἓγκλητα,
3192 978 3253 1029 οὐ
3283 979 3671 1048 σιωπησάντων
3704 978 3760 1030 δὲ
3784 978 3866 1031 διὰ

2312 1060 2535 1125 πολλοὺς
2547 1063 2755 1131 λόγους,
2778 1058 2949 1128 οὒςὲν
2971 1066 3144 1136 καιρῷ
3159 1084 3241 1129 τις
3257 1066 3524 1120 ἀποδώσει
3542 1069 3604 1120 τὸ
3628 1068 3862 1135 Εὐαγγέ-

2310 1148 2420 1204 λιον
2441 1152 2807 1223 διηγούμενος,
2830 1159 3122 1225 κατηγορεῖ
3141 1157 3237 1226 τῆς
3262 1157 3619 1225 εὐαγγελικῆς
3650 1156 3869 1222 λέξεως,

2310 1244 2802 1313 προσεκτραγῳδῶν
2833 1245 2927 1297 καὶ
2953 1246 3120 1307 τιθεὶς
3154 1246 3227 1315 μὴ
3257 1244 3325 1297 τὰ
3374 1242 3857 1315 ἀναγεγραμμέναο

2306 1330 2366 1382 οὐ
2401 1330 2505 1401 γάρ
2534 1331 2839 1399 εὑρίσκεται
2875 1330 2988 1393 πῶς
3009 1332 3038 1382 6
3065 1331 3270 1400 Ἰησοῦς
3313 1329 3581 1399 ὀδύρεται.
3622 1331 3732 1381 Καὶ
3764 1345 3860 1379 πα-

2308 1418 2567 1487 ραφράζει
2601 1420 2697 1487 μὲν
2716 1420 2797 1481 τὸ,
2821 1438 2838 1470 ι
2865 1420 3060 1490 Πάτερ,
3080 1422 3126 1471 εί
3155 1418 3375 1471 δυνατόν
3390 1421 3525 1481 ἐστι,
3554 1417 3861 1487 παρελθέτω

2303 1508 2363 1560 τὺ
2374 1510 2625 1578 ποτήριον
2647 1508 2819 1561 τοῦτο·
2835 1528 2852 1560 ι
2874 1510 3051 1561 οὐκέτι
3066 1508 3121 1561 δὲ
3151 1508 3244 1561 καὶ
3266 1508 3326 1559 τὸ
3355 1508 3576 1559 αὐτόθεν
3606 1507 3858 1575 ἐμφαῖνον

2301 1600 2398 1669 τὴν
2432 1600 2565 1669 πρὸς
2594 1601 2680 1651 τὸν
2697 1601 2911 1669 Πατέρα
2937 1600 3214 1652 εὐσέϐειαν
3234 1598 3399 1650 αὐτοῦ
3438 1599 3532 1649 καὶ
3554 1594 3853 1665 μεγαλοψυ-

2301 1690 2443 1757 χίαν,
2491 1689 2615 1759 ἑξῆς
2634 1684 2805 1757 τούτῳ
2831 1688 2941 1758 (55)
2976 1686 3455 1757 ἀναγεγραμμένον
3486 1682 3853 1754 παρατίθεται.

2300 1776 2469 1837 οὓτως
2484 1775 2622 1844 ἔχον·
2661 1794 2678 1825 ι
2702 1774 2845 1844 Πλὴν
2866 1776 2963 1844 οὐχ
2979 1776 3052 1836 ὡς
3070 1773 3178 1841 ἐγὼ
3195 1774 3351 1838 θέλω,
3366 1773 3562 1834 ἀλλ’ὡς
3583 1771 3669 1824 σύ.
3685 1790 3704 1821 ι
3724 1770 3854 1823 Ἀλλ’

657 1879 677 1911 ι
705 1858 1086 1913 Verumtamen
1123 1872 1228 1911 non
1249 1860 1390 1913 sicut
1416 1874 1515 1929 ego
1539 1860 1678 1926 volo,
1702 1862 1795 1916 sed
1824 1862 1963 1916 sicut
1992 1871 2045 1916 tu
2074 1863 2139 1917 ιδ.
2175 1883 2193 1916 ι

2299 1864 2418 1916 οὐδὲ
2444 1864 2539 1933 τὴν
2567 1865 2700 1935 πρὸς
2714 1864 2772 1915 τὸ
2788 1863 3030 1932 βούλημα
3054 1862 3145 1914 τοῦ
3164 1862 3372 1932 Πατρὸς
3399 1862 3523 1931 περὶ
3549 1860 3657 1911 τῶν
3675 1875 3854 1927 κεκρι-

652 1950 868 2004 Dieeres
889 1950 1053 2003 etiam
1090 1948 1239 2001 illum
1270 1964 1373 2001 non
1409 1948 1607 2018 legisse
1641 1951 1801 2004 istum
1836 1951 2009 2005 locum
2031 1991 2045 2016 ,
2091 1968 2200 2021 quo

646 2038 902 2107 probatur
923 2047 1123 2106 quanta
1147 2035 1304 2091 Jesus
1333 2038 1607 2093 docilitate
1641 2039 1780 2092 mala
1804 2041 2051 2106 subierit,
2082 2058 2201 2111 quae

644 2127 807 2183 Pater
834 2128 1112 2182 subeunda
1152 2127 1231 2181 illi
1260 2141 1381 2182 esse
1407 2126 1753 2195 iudicaverat
1781 2147 1794 2184 :
1825 2148 1844 2182 ι
1879 2131 1937 2185 Si
1966 2148 2071 2186 non
2102 2146 2199 2201 po-

645 2229 750 2273 test
776 2219 865 2274 liic
896 2220 1035 2273 calix
1069 2218 1332 2283 transire,
1383 2218 1488 2273 nisi
1537 2220 1718 2273 bibam
1751 2221 1932 2288 illum,
1983 2221 2078 2275 flat
2106 2237 2201 2276 vo-

644 2310 821 2363 luntas
854 2318 943 2363 tua
968 2309 1035 2361 "'.
1076 2326 1095 2360 ι
1127 2308 1243 2373 Qua
1276 2308 1328 2360 in
1359 2322 1419 2360 re
1444 2308 1643 2361 similis
1667 2309 1774 2363 illis
1800 2319 1909 2375 est,
1942 2311 2034 2379 qui
2062 2311 2202 2365 malo

642 2398 822 2451 animo
854 2399 1062 2451 divinas
1106 2396 1421 2464 Seripturas
1452 2398 1697 2463 audiunt,
1724 2408 1781 2453 et
1806 2417 1824 2450 ι
1857 2400 2197 2468 iniquitatem

643 2488 697 2541 in
729 2487 943 2540 excelso
975 2488 1291 2552 loquuntur.
1324 2505 1343 2538 ι
1382 2486 1446 2539 lli
1484 2489 1626 2540 enim
1677 2489 1930 2543 videntur
1974 2492 2076 2544 hoc
2104 2505 2205 2543 ου·-

643 2576 836 2629 diisse:
860 2593 879 2624 ‹
910 2574 1018 2643 Ego
1047 2573 1371 2627 interficiam
1401 2573 1470 2640 ⁸⁸,
1503 2592 1522 2625 i
1560 2584 1614 2628 et
1641 2576 1692 2630 id
1718 2578 1874 2631 nobis
1904 2578 2035 2631 dant
2059 2593 2199 2647 saepe

649 2667 906 2731 crimini;
946 2667 1089 2719 istud
1137 2676 1341 2729 autem,
1384 2682 1404 2718 ι
1438 2668 1620 2721 vivere
1661 2667 1879 2734 faciam,
1910 2688 1927 2719 ι
1960 2670 2067 2722 alto
2120 2670 2195 2723 si-

639 2756 810 2812 lentio
839 2759 1115 2822 obruunt;
1150 2773 1268 2825 quae
1298 2764 1407 2811 tota
1456 2758 1725 2811 sententia
1768 2758 2034 2825 significat
2081 2772 2191 2822 eos,

640 2851 731 2919 qui
764 2850 977 2919 publico
1012 2851 1185 2905 exitio
1213 2852 1399 2905 vivunt
1434 2864 1596 2917 seque
1626 2849 2193 2918 peccatis'inquinant,

640 2957 671 2994 a
713 2942 821 2996 Deo
869 2942 1135 3008 interﬁci;
1174 2943 1266 2996 sed
1300 2944 1399 3004 ita,
1451 2948 1511 2991 ut
1556 2938 1834 2993 meliorem
1886 2940 1990 2993 illis
2029 2940 2193 2992 vitam

639 3032 903 3096 conferat,
929 3033 1139 3100 qualem
1166 3032 1417 3084 nimirum
1443 3032 1586 3085 Deus
1618 3030 1824 3083 confert
1850 3030 1915 3082 iis
1945 3029 2036 3097 qui
2070 3042 2195 3095 pec-

639 3132 761 3176 cato
792 3123 1116 3175 moriuntur.
1135 3122 1265 3177 item
1287 3122 1575 3174 audierunt
1607 3120 1743 3173 hoc:
1774 3138 1791 3169 ι
1816 3118 2120 3171 Percutiam
2141 3133 2188 3181 ;i

2304 1955 2475 2024 μένων
2500 1955 2657 2007 αὐτὸν
2682 1954 2871 2007 παθεῖν
2892 1954 3193 2006 εὐπείθειαν
3209 1952 3301 2007 τοῦ
3336 1952 3507 2021 Ἰησοῦ
3526 1949 3852 2021 δηλουμένην

2300 2046 2357 2099 ὲν
2391 2045 2484 2115 τῷ’
2514 2064 2531 2096 ι
2556 2046 2617 2097 El
2647 2046 2707 2098 οὐ
2735 2046 2951 2098 δύναται
2980 2044 3135 2096 τοῦτο
3168 2044 3475 2114 παρελθεῖν,
3509 2042 3601 2094 ὲάν
3634 2041 3707 2111 μὴ
3730 2039 3853 2091 αὐτὸ

2301 2137 2427 2200 πίω,
2455 2136 2734 2205 γενηθήτω
2764 2136 2824 2187 τὸ
2862 2134 3072 2205 Θέλημά
3115 2152 3229 2187 σουο
3267 2154 3286 2185 i
3330 2134 3702 2203 προσποιεῖται
3735 2133 3850 2183 ἀνε-

2299 2226 2580 2293 γνωκέναι,
2596 2226 2775 2296 ὅμοιόν
2794 2244 2846 2278 τι
2864 2226 3028 2278 ποιῶν
3042 2229 3151 2287 τοῖς
3165 2226 3588 2293 κακουργότερον
3604 2221 3851 2275 ἀκούουσι

2298 2315 2404 2368 τῶν
2436 2315 2590 2368 θείων
2619 2317 2657 2367 Γ
2662 2316 2843 2385 pagath
2864 2316 3100 2377 ἀσεὸέσι,
3128 2317 3220 2367 καὶ
3252 2333 3271 2364 ι
3295 2312 3502 2366 ἀδικίαν
3520 2316 3598 2374 εἰς
3628 2313 3689 2364 τὸ
3724 2310 3850 2379 ὕψος

2298 2405 2530 2458 λαλοῦσι.
2548 2424 2565 2454 ι
2582 2406 2810 2475 Καὶγάρ
2833 2406 3027 2457 ἐκεῖνοι
3046 2404 3137 2456 τοῦ
3167 2405 3283 2475 μὲν,
3308 2423 3325 2453 ι
3349 2403 3487 2471 Ἐγὼ
3514 2401 3843 2462 ἀποκτενῶ,›

2297 2492 2539 2545 δοκοῦσιν
2568 2494 2877 2563 ἀκηκοέναι,
2908 2494 3002 2546 καὶ
3022 2491 3279 2554 πολλάκις
3310 2493 3437 2561 ἡμῖν
3475 2491 3607 2541 αὐτὸ
3664 2488 3847 2542 ὀνειδί-

2300 2586 2481 2650 Const“
2517 2583 2608 2637 τοῦ
2637 2585 2712 2647 δὲ,
2750 2602 2768 2634 ι
2812 2584 2909 2655 ζῆν
2955 2585 3211 2654 ποιήσω,›
3232 2582 3350 2634 οὐδὲ
3394 2581 3725 2651 μέμνηνται·
3758 2578 3846 2631 τοῦ

2297 2676 2417 2729 ὅλου
2458 2674 2620 2745 ῥητοῦ
2646 2674 2953 2743 δηλοῦντος,
2983 2676 3107 2737 τοὺς
3133 2674 3224 2726 Eni.
3268 2674 3428 2743 κοινῷ
3466 2672 3618 2741 κακῷ
3648 2672 3847 2736 ζῶντας

2298 2768 2388 2818 καὶ
2415 2765 2764 2836 ἐνεργοῦντας
2792 2763 2929 2817 κατά
2950 2763 3143 2817 κακίαν
3169 2763 3576 2816 ἀποκτείνεσθαι
3611 2762 3719 2831 (56)
3746 2760 3848 2813 ἀπὸ

2296 2856 2387 2908 τοῦ
2427 2856 2560 2909 Θεοῦ
2581 2873 2595 2886 ο
2619 2855 2762 2925 ζωὴν
2802 2856 2845 2906 δ’
2873 2856 3054 2919 αὐτοῖς
3087 2854 3366 2923 κρείττονα
3415 2852 3844 2919 ἀντεισάγεσθαι,

2296 2948 2388 3000 καὶ
2429 2947 2497 3016 ἦν
2527 2945 2635 3016 δῴη
2665 2946 2729 2997 ἂν
2754 2947 2781 2997 6
2801 2944 2930 3006 Θεὸς
2960 2946 3071 3006 τοῖς
3112 2947 3176 3013 τῇ
3208 2944 3446 3013 ἁμαρτίᾳ
3473 2942 3842 2994 ἀποθανοῦσιν.

2297 3036 2453 3089 Οὕτω
2475 3036 2517 3087 δ’
2558 3038 2751 3087 ὲκεῖνοι
2779 3036 3014 3103 ἥκουσαν
3040 3033 3133 3102 μὲν
3161 3033 3273 3095 τοῦ,
3302 3052 3320 3083 ι
3342 3032 3589 3096 Πατάξω,
3618 3051 3636 3082 ι
3668 3032 3847 3084 οὐκέτι

2295 3125 2351 3176 δὲ
2381 3124 2545 3192 ὁρῶσι
2565 3124 2643 3185 τὸ,
2684 3141 2701 3172 ι
2734 3122 2886 3189 κάγὼ
2913 3122 3149 3191 ἰάσομαι·
3184 3141 3202 3173 ι
3237 3123 3318 3174 ὃτι
3347 3122 3525 3191 ὅμοιόν
3558 3123 3673 3172 ἐστι
3698 3121 3846 3187 λεγο-

640 3212 780 3265 istud
815 3226 944 3264 vero
976 3212 1217 3264 additum
1242 3224 1348 3262 non
1377 3209 1591 3261 vident:
1622 3224 1639 3257 ι
1666 3208 1729 3259 Et
1745 3222 1844 3275 ego
1868 3206 2071 3259 sanabo
2086 3206 2183 3270 ⁴⁷;›

2296 3189 2438 3281 μένῴ
2465 3212 2567 3262 ὑπὸ
2606 3209 2784 3279 ἰατροῦ
2817 3189 3077 3271 διελόντος
3118 3209 3341 3279 σώματα
3361 3189 3391 3273 ,ἡ
3433 3212 3525 3262 καὶ
3560 3211 3847 3279 τραύματα

640 3302 729 3355 ubi
765 3301 902 3355 Deus
935 3301 1174 3367 loquitur
1212 3308 1270 3350 ut
1298 3299 1563 3369 medicus,
1610 3299 1699 3365 qui
1752 3298 2039 3349 incidcndo
2070 3310 2191 3348 cor-

638 3404 767 3460 pore
789 3389 1131 3457 molestisque
1158 3389 1461 3443 inferendis
1485 3388 1822 3451 vulneribus,
1858 3388 2016 3439 noxia
2048 3385 2195 3438 sani-

643 3483 849 3549 tatique
875 3481 1149 3533 contraria
1175 3479 1374 3541 evellit,
1408 3479 1609 3546 quique
1635 3478 1686 3530 in
1727 3476 1975 3529 cruciatu
2007 3473 2194 3527 vulne-

642 3573 895 3638 ribusque
932 3586 1037 3625 non
1071 3569 1435 3639 conquiescit,
1490 3570 1585 3623 sed
1618 3568 1682 3622 iis
1716 3581 1914 3635 corpus
1953 3564 2191 3619 restituit

640 3662 861 3715 sanitati
913 3660 978 3713 ad
1013 3675 1179 3729 quam
1205 3658 1350 3711 velut
1380 3658 1445 3709 ad
1477 3656 1636 3712 finem
1670 3657 1857 3711 tendit.
1893 3654 2001 3707 Nec
2030 3655 2189 3706 etiam

641 3759 807 3803 totum
838 3751 980 3804 istud
1011 3749 1233 3818 legunt:
1271 3766 1290 3819 ι
1322 3749 1439 3818 Ipse
1459 3749 1706 3802 vulnerat
1741 3756 1797 3801 et
1827 3746 2183 3808 medeturiup

637 3840 733 3893 sed
758 3840 857 3892 hoc
884 3846 1129 3892 tantum:
1155 3854 1175 3887 ι
1206 3836 1323 3906 Ipse
1350 3839 1614 3893 vulnerat.
1647 3856 1664 3888 ι
1703 3834 1794 3889 Sic
1830 3836 2011 3905 itaque
2049 3834 2189 3888 Celsi

637 3929 854 3983 Judaeus
895 3928 998 3981 hoc
1040 3934 1301 3979 memorat
1344 3927 1563 3994 quidem
1596 3944 1607 3978 -.
1640 3944 1657 3977 ι
1696 3925 1740 3981 0
1770 3925 1947 3988 Pater,
1984 3924 2187 3977 utinam

638 4021 809 4088 possit
858 4017 997 4072 calix
1052 4017 1153 4070 istc
1204 4016 1475 4069 transire!
1516 4034 1534 4067 ι
1570 4017 1661 4070 sed
1716 4025 1910 4070 cartera
1941 4015 2086 4077 silet,
2120 4028 2188 4068 ex

637 4109 833 4178 quibus
866 4107 1215 4174 cognoscitur
1260 4121 1367 4174 quo
1414 4108 1596 4159 animo
1636 4116 1689 4160 et
1731 4122 1835 4174 qua
1885 4104 2187 4159 constantia

637 4214 791 4255 suam
822 4197 978 4252 Jesus
1002 4197 1307 4264 passionem
1342 4198 1647 4263 pertulerit,
1679 4195 1735 4248 lu
1767 4196 1879 4249 haze
1911 4178 2185 4249 scrutatus

638 4288 734 4343 Dei
776 4287 1098 4355 sapientiam
1142 4288 1407 4341 disserere
1437 4286 1600 4338 multa
1642 4299 1857 4352 possem
1896 4299 2014 4351 qua)
2058 4296 2187 4334 con-

640 4381 889 4435 venirent.
922 4379 987 4431 iis
1010 4392 1145 4446 quos
1179 4377 1375 4430 Paulus
1428 4376 1697 4443 perfectos
1726 4382 1905 4437 vocat,
1924 4387 2039 4425 eum
2066 4373 2139 4424 ait
2169 4387 2181 4422 :

2292 3301 2501 3369 χαλεπά
2532 3301 2875 3368 ποιήσαντος,
2924 3299 3014 3350 ἐπὶ
3050 3297 3125 3367 τῷ
3163 3298 3360 3362 ἐξελεῖν
3400 3298 3573 3349 αὐτῶν
3612 3296 3680 3349 τὰ
3722 3298 3844 3366 βλάν

2292 3406 2491 3441 πτοντα
2529 3391 2621 3441 καὶ
2651 3388 3000 3457 ἐμποδίζοντα
3034 3391 3098 3458 τῇ
3156 3388 3354 3456 ὑγιείᾳ,
3403 3387 3496 3439 καὶ
3516 3386 3577 3438 οὐ
3613 3386 3846 3454 καταλή-

2291 3477 2475 3542 ξαντος
2516 3481 2594 3539 είς
2632 3480 2753 3556 τοὺς
2787 3477 2977 3539 πόνους
3010 3478 3100 3529 καὶ
3130 3476 3226 3546 τὴν
3252 3477 3528 3546 διαίρεσιν,
3569 3476 3683 3528 ἀλλ’
3715 3477 3845 3529 ἀπο-

2290 3569 2647 3630 καθιστῶντος
2669 3569 2734 3636 τῇ
2757 3568 3015 3637 θεραπείᾳ
3036 3568 3096 3619 τὸ
3120 3566 3278 3635 σῶμα
3310 3567 3401 3619 ὲπὶ
3420 3568 3517 3636 τὴν
3554 3565 3844 3637 προκειμέ-

2288 3676 2383 3729 νην
2412 3658 2559 3728 αὐτῷ
2598 3660 2825 3727 ὑγίειαν.
2873 3658 3033 3712 Ἀλλά
3064 3658 3155 3709 καὶ
3186 3658 3285 3708 οὐκ
3310 3658 3546 3725 ἤκουσαν
3577 3656 3697 3708 ὅλου
3726 3656 3839 3717 τοῦ,
3892 3688 3897 3695 -

2294 3767 2311 3800 ι
2341 3748 2507 3809 Αὐτὸς
2556 3746 2662 3816 γὰρ
2696 3748 2875 3814 ἀλγεῖν
2933 3748 3103 3808 ποιεῖ,
3150 3746 3242 3797 καὶ
3286 3746 3445 3799 πάλιν
3478 3745 3843 3813 ἀποκαθίστη-

2290 3854 2389 3888 σιν·
2431 3855 2447 3885 ι
2484 3836 2617 3887 ἀλλὰ
2651 3835 2806 3903 μόνου
2829 3834 2942 3894 τοῦ,
2970 3853 2987 3884 ι
3020 3834 3199 3901 ἀλγεῖν
3227 3836 3383 3885 ποιεῖ.
3404 3826 3405 3829 “
3426 3851 3443 3883 ι
3486 3832 3640 3885 Οὕτω
3667 3834 3841 3884 τοίνυν

2289 3924 2381 3974 καὶ
2426 3926 2454 3974 6
2498 3922 2646 3992 παρά
2687 3922 2764 3990 τῷ
2813 3922 2999 3989 Κέλσῳ
3045 3921 3286 3979 Ἰουδαῖος
3328 3919 3696 3988 ὲκτεθειμένος
3744 3921 3840 3981 τὸ,

2293 4031 2311 4062 ι
2342 4009 2411 4062 Ὦ
2436 4012 2635 4080 Πάτερ,
2677 4010 2786 4061 εἴθε
2836 4010 3045 4061 δύναιτο
3078 4010 3137 4060 τὸ
3171 4009 3421 4078 ποτήριον
3466 4008 3623 4060 τοῦτο
3655 4009 3843 4079 παρελ-

2288 4099 2426 4151 θεῖνῐ
2465 4118 2481 4148 ι
2507 4098 2685 4150 οὐκέτι
2706 4097 2761 4149 δὲ
2785 4098 2876 4148 καὶ
2901 4098 2967 4149 τὰ
2995 4096 3135 4167 ἑξῆς,
3169 4097 3261 4148 καὶ
3291 4097 3358 4148 τά
3388 4097 3843 4167 παριστάντατὴν

2300 4187 2470 4256 Ἰησοῦ
2503 4189 2636 4257 πρὸς
2656 4188 2714 4239 τὸ
2745 4186 2913 4248 πάθος
2944 4188 3291 4257 παρασκευὴν
3321 4188 3411 4240 καλ⁵
3434 4189 3697 4240 εὐτονίαν.
3730 4181 3842 4240 Καὶ

2286 4275 2457 4328 ταῦτα
2493 4275 2568 4337 δὲ,
2608 4275 2803 4343 πολλὴν
2842 4275 3029 4343 έχοντα
3065 4275 3311 4345 διήγησιν
3340 4276 3446 4329 ἀπὸ
3488 4276 3679 4344 σοφίας
3707 4274 3841 4328 Θεοῦ

2286 4362 2366 4427 οἷς
2395 4368 2422 4417 6
2450 4364 2658 4427 Παῦλος
2684 4365 2927 4434 ὠνόμασε
2955 4366 3173 4429 τελείοις
3212 4365 3442 4433 εὐλόγως
3472 4366 3842 4437 παραδοθησορ

641 4493 663 4525 ι
710 4472 1041 4541 Sapientiam
1071 4468 1344 4535 loquimur
1370 4465 1512 4517 inter
1538 4463 1804 4532 perfectos
1825 4463 1901 4527 u’;
1946 4481 1964 4513 ›
1995 4464 2085 4515 sed
2120 4464 2185 4516 iis

2294 4456 2476 4533 μένην,
2503 4455 2692 4522 λέγων’
2723 4474 2740 4505 ι
2761 4456 2955 4523 Σοφίαν
2984 4457 3038 4507 δὲ
3054 4455 3313 4526 λαλοῦμεν
3345 4458 3402 4510 ὲν
3421 4460 3532 4520 τοῖς
3560 4457 3834 4533 τελείοιςνι

639 4565 693 4618 in
724 4563 870 4616 aliud
904 4573 1112 4628 tempus
1158 4557 1361 4619 dilatis,
1394 4557 1527 4609 satis
1556 4555 1767 4607 habebo
1793 4552 1978 4619 paucis
2006 4554 2184 4608 dicere

638 4668 756 4721 qnze
786 4651 1039 4719 prresenti
1067 4647 1343 4718 proposito
1374 4644 1524 4697 utilia
1559 4644 1902 4697 videbuntur.

708 4743 801 4796 25.
836 4740 950 4794 iam
982 4755 1147 4807 supra
1192 4737 1429 4791 diximus
1456 4734 1697 4803 quaedam
1728 4748 1845 4787 esse
1880 4733 2019 4786 dicta
2048 4733 2183 4798 ejus,

638 4834 729 4900 qui
768 4834 817 4884 in
845 4830 971 4883 Jesu
998 4839 1137 4891 erat,
1172 4845 1191 4878 ι
1222 4825 1565 4895 primugeniti
1597 4824 1773 4878 omnis
1806 4824 2182 4885 creaturte5°,i

641 4930 697 4971 ut
722 4919 861 4972 istud
896 4934 908 4969 :
948 4937 966 4967 ι
1007 4917 1118 4984 Ego
1144 4930 1260 4969 sum
1286 4917 1396 4977 via,
1426 4914 1629 4965 veritas
1652 4919 1705 4964 et
1735 4910 1841 4963 vita
1872 4910 1939 4975 ’1,
1982 4929 1999 4961 )
2026 4910 2189 4980 410

641 5015 699 5059 et
750 5007 856 5058 alia
902 5005 1142 5081 ejusdem
1180 5002 1431 5071 generis;
1457 5001 1558 5053 alia
1593 5010 1773 5052 autem
1807 5014 1929 5052 esse
1957 5000 2188 5053 hominis

644 5096 807 5157 illius,
860 5098 950 5162 qui
984 5096 1036 5147 in
1072 5109 1137 5147 eo
1167 5092 1514 5160 intelligitur,
1562 5087 1863 5155 cuiusmodi
1898 5088 1996 5142 hoc
2043 5097 2126 5142 est
2164 5104 2180 5141 :

648 5197 847 5236 «nunc
899 5192 1073 5235 autem
1122 5182 1362 5249 quaeritis
1415 5194 1498 5232 me
1535 5178 1861 5242 interficere,
1914 5179 2182 5232 hominem

644 5275 732 5343 qui
774 5273 1049 5325 veritatem
1082 5272 1233 5324 vobis
1278 5273 1488 5324 loeutus
1538 5283 1678 5332 sum,
1725 5283 1886 5336 quam
1935 5267 2116 5321 audivi
2156 5281 2186 5319 a

707 5389 753 5419 ⁸⁸
778 5386 959 5439 Matlh.
996 5399 1144 5445 XXVI,
1190 5385 1277 5437 59.
1341 5390 1346 5396 ’
1378 5385 1423 5415 ⁸⁸
1462 5382 1595 5437 Ibid.

646 5457 690 5489 ιθ
718 5456 880 5509 lCor.
914 5472 967 5515 il,
1006 5456 1061 5505 6.
1132 5453 1177 5483 ⁸ο
1210 5452 1415 5507 Coloss.
1446 5468 1488 5517 ι,
1519 5453 1604 5506 15.
1677 5454 1718 5483 ⁵¹
1747 5451 1901 5505 Joan.
1933 5465 2041 5514 xiv,
2075 5450 2126 5503 6.

720 5546 830 5615 (Si)
872 5541 1209 5615 Παρελθεῖν.
1253 5532 1553 5615 Scjipserat
1580 5538 1823 5615 fortasse
1864 5540 2050 5615 Celsus
2078 5550 2093 5588 :
2126 5538 2188 5588 Et

645 5606 863 5671 δύναται
895 5606 1227 5682 τὸ-ποτήριον
1253 5606 1407 5682 mea;
1439 5610 1739 5682 παρελθεῖν,
1759 5606 2086 5682 παρελθέτω.

719 5687 832 5752 (55)
880 5672 1270 5752 Ἐξῆςὲέὸύζιρ.
1292 5678 1379 5752 Sic
1402 5672 1541 5733 recte
1563 5681 1729 5734 codex
1755 5672 2185 5731 Jolianus.Libb.

648 5743 819 5810 antea
843 5743 1145 5810 eilitifsiii;
1184 5743 1239 5797 δὲ
1267 5743 1435 5796 τοῦτο,

1708 5384 1753 5413 ⁸⁸
1796 5383 1963 5448 lbid.,
2010 5380 2095 5433 ιε.
2166 5378 2383 5433 “Deut.
2401 5375 2674 5443 “1:11.59.
2755 5381 2927 5435 "lsa.
2969 5381 3210 5445 ινιι,17,
3243 5380 3330 5433 18.

2292 4546 2382 4598 ἐπὶ
2413 4546 2505 4598 τοῦ
2544 4547 2803 4617 παρόντος
2839 4547 3276 4617 ὑπερτιθέμενοι,
3330 4550 3414 4599 ἐπ’
3434 4548 3612 4613 ὀλίγον
3648 4550 3842 4617 ὑπομι-

2295 4638 2642 4706 μνησκόμεθα
2672 4637 2778 4688 τῶν
2800 4637 2932 4705 πρὸς
2953 4639 3012 4689 τὸ
3036 4638 3388 4708 προκείμενον
3420 4636 3719 4706 χρησίμων.
3826 4642 3833 4647 ’

2375 4728 2656 4797 Ἐλέγομεν
2694 4726 2758 4797 δὴ
2795 4727 2891 4799 καὶ
2950 4726 3006 4777 ὲν
3052 4730 3161 4789 τοῖς
3212 4726 3481 4795 ἀνωτέρω,
3531 4725 3613 4777 ὅτι.
3655 4725 3707 4777 αἰ
3736 4721 3848 4793 μέν

2288 4820 2427 4883 τινές
2444 4823 2547 4871 εἰσι
2571 4825 2741 4887 φωναὶ
2763 4816 2853 4868 τοῦ
2875 4819 2930 4867 ἐν
2950 4816 3025 4886 τῷ
3051 4816 3221 4887 Ἰησοῦ
3247 4836 3263 4867 ι
3294 4814 3635 4884 πρωτοτόκου
3663 4816 3841 4883 πάσης

2288 4912 2530 4977 κτίσεως,
2555 4931 2572 4963 ι
2593 4912 2668 4972 ὡς
2689 4913 2740 4978 ήο
2770 4932 2787 4961 ι
2817 4912 2954 4976 Ἐγώ
2973 4912 3083 4977 εἰμι
3106 4912 3138 4978 ἠ
3162 4907 3295 4969 ὁδὸς,
3317 4907 3411 4957 καὶ
3429 4908 3461 4973 ἡ
3485 4905 3725 4973 ἀλήθεια,
3747 4907 3841 4956 καὶ

2288 5004 2321 5071 ἡ
2352 5002 2481 5071 ζωὴ,
2523 5020 2541 5051 ι
2575 5002 2666 5053 καὶ
2700 5001 2754 5052 αἱ
2783 5000 2988 5060 τούτοις
3015 4995 3402 5065 παραπλήσιαι’
3430 4993 3487 5043 αἱ
3518 4991 3575 5043 δὲ
3600 4992 3689 5044 τοῦ
3717 4994 3839 5045 κατ’

2287 5093 2447 5144 αὐτὸν
2498 5090 2781 5158 νοουμένου
2814 5086 3118 5155 ἀνθρώπου,
3153 5085 3226 5145 ὠς
3259 5084 3292 5151 ἡ
3322 5081 3414 5133 τοῦ
3434 5098 3446 5110 ·
3488 5100 3505 5131 ι
3542 5082 3656 5134 Νῦν
3676 5081 3731 5133 δέ
3772 5098 3839 5150 με

2289 5180 2494 5249 ζητεῖτε
2524 5181 2851 5241 ἀποκτεῖναι,
2895 5176 3173 5245 ἄνθρωπον
3204 5172 3262 5233 ὃς
3291 5172 3388 5241 τὴν
3431 5171 3682 5242 ἀλήθειαν
3710 5173 3843 5241 ὑμῖν

2289 5272 2575 5341 λελάληκα,
2620 5271 2697 5339 ἢν
2723 5270 2927 5339 ἥκουσα
2967 5265 3113 5336 παρά
3144 5263 3235 5317 τοῦ
3266 5263 3474 5335 Πατρός
3503 5262 3646 5333 (57)·
3678 5280 3699 5313 ι
3729 5263 3841 5314 Καὶ
3916 5318 3919 5319 ν

3435 5378 3481 5410 ⁸⁸
3510 5376 3610 5432 Job
3657 5391 3711 5439 ν,
3749 5374 3835 5431 18-

2320 5504 2323 5507 ‘
2365 5532 2478 5602 (56)
2518 5530 2691 5602 Qndex
2726 5496 3059 5602 Dasilcensis,
3093 5532 3524 5586 ἀποκτίννυσθαι.

2366 5597 2474 5669 (57)
2513 5599 2680 5652 Codd.
2732 5598 2927 5669 Regius
2971 5612 3023 5653 et
3054 5601 3392 5669 Basileensis,
3437 5597 3646 5669 Πατρός
3695 5610 3832 5666 μιν.

2294 5670 2446 5725 Libb.
2478 5669 2605 5724 editi
2639 5669 2705 5722 ad
2733 5682 2881 5722 oram
2911 5668 3124 5737 habent,
3156 5670 3312 5725 Θεοῦ.
