4076 6310
139 430 223 485 ΜΒ

1287 429 1565 488 CONTRA
1603 429 1878 487 CELSUM
1912 429 2037 486 LIB.
2078 431 2140 488 ll.

3202 442 3307 500 sta
3330 522 3331 525 γ

139 548 293 601 ἐνθάδε
315 549 496 602 τοίνυν
526 550 812 623 διαγράφει
864 552 921 605 ὲν
944 553 1021 624 τῷ
1050 554 1372 626 ἀνθρωπίνῳ
1394 551 1555 606 αὐτοῦ
1580 553 1664 603 καὶ

1770 549 1930 604 Patre
1959 549 2025 606 ".
2064 568 2085 601 ι
2120 548 2222 604 llic
2257 548 2422 620 igitur
2446 549 2703 606 describit
2750 554 2909 609 Jesus
2939 569 3080 625 eam,
3112 573 3231 627 quas
3260 565 3311 616 in

138 638 187 692 τὸ
210 639 295 706 τῆς
320 639 665 713 ἀνθρωπίνης
688 644 886 713 σαρκὸς
914 645 1156 707 ἀσθενὲς,
1190 646 1279 697 καὶ
1302 646 1362 696 τὸ
1385 644 1475 696 τοῦ
1499 643 1659 696 πνεῦ-

140 745 278 796 ματος
303 730 599 800 πρόθυμον·
639 733 700 785 τὸ
731 734 826 803 μὲν
850 735 1174 798 ἀσθενὲς,⁷ὲν
1200 736 1296 805 τῷ,
1324 755 1342 785 ‹
1374 736 1553 806 Πάτερ
1575 775 1589 797 ,
1614 737 1661 786 εἰ

137 819 328 871 δυνατόν
350 823 487 884 ἐστι,
516 823 828 893 παρελθέτω
842 827 933 878 ἀπ’
952 826 1083 895 ἐμοῦ
1098 827 1158 878 τὸ
1178 829 1429 896 ποτήριον
1449 825 1621 877 τοῦτο·
1638 844 1656 873 ›

137 909 184 960 τὺ
206 909 255 960 δὲ
277 911 551 981 πρόθυμον
570 914 662 966 τοῦ
692 916 1011 985 πνεύματος,
1039 918 1097 969 ὲν
1117 918 1214 986 τῷ,
1250 937 1267 965 ι
1301 917 1445 987 Πλὴν
1468 917 1564 985 οὐχ
1589 918 1662 978 ὡς

139 998 230 1064 ἐγὼ
248 999 398 1062 θέλω,
434 1002 549 1054 ἀλλ’
576 1004 651 1066 ὼς
685 1005 769 1059 σύ.
810 1022 829 1054 t
854 1008 913 1058 Ei
942 1007 998 1058 δὲ
1023 1008 1115 1059 καὶ
1142 1008 1237 1075 τὴν
1260 1007 1408 1070 τάξιν
1440 1007 1544 1059 τῶν
1566 1007 1650 1058 λε-

138 1089 385 1159 λεγμένων
424 1093 662 1163 τηρῆσαι
711 1095 810 1157 δεῖ,
862 1096 1113 1166 πρόσχες,
1161 1096 1241 1148 ὅτι
1274 1097 1533 1166 πρότερον
1568 1098 1663 1164 μὲν

139 1179 321 1250 εἴρηται
345 1181 408 1233 τὸ
438 1182 534 1251 (ὡς
566 1182 631 1235 ἂν
658 1183 797 1237 εἴποι
815 1187 925 1251 τις)
960 1187 1098 1239 κατὰ
1138 1188 1233 1256 τὴν
1262 1188 1538 1240 ἀσθένειαν
1568 1190 1663 1258 τῆς

139 1271 311 1341 σαρκδς
343 1271 400 1323 ἓν
419 1274 685 1343 τυγχάνον
699 1276 829 1345 (58),
850 1276 971 1328 ῦστε
980 1294 1069 1347 ρον
1092 1277 1146 1329 δὲ
1167 1278 1234 1330 τὰ
1261 1279 1401 1331 κατὰ
1425 1281 1522 1350 τὴν
1543 1297 1667 1350 προ-

138 1360 306 1429 θυμίαν
326 1362 417 1415 τοῦ
451 1365 752 1434 πνεύματος
784 1367 909 1419 ὄντα
939 1368 1189 1433 πλείοναε
1210 1373 1313 1427 Ἕν,
1330 1372 1425 1440 μὲν
1454 1370 1558 1441 γὰρ
1584 1373 1663 1432 τὸ,

140 1452 348 1523 «Πάτερ,
370 1455 420 1505 εἰ
449 1454 669 1508 δυνατόν
693 1459 826 1520 ἐστι,
858 1458 1168 1528 παρελθέτω
1194 1461 1285 1512 ἀπ’
1320 1461 1449 1529 ἐμοῦ
1478 1463 1537 1513 τὸ
1568 1478 1664 1512 πο-

134 1541 295 1610 τήριον
324 1542 498 1595 τοῦτο·
531 1563 549 1593 ι
574 1544 789 1598 πλείονα
818 1545 872 1598 δὲ
902 1548 961 1599 τό
984 1565 1064 1611 τε,
1086 1566 1103 1599 t
1134 1551 1243 1618 Οὐχ
1271 1550 1343 1612 ὡς
1367 1551 1475 1618 ἐγὼ
1507 1552 1663 1613 θέλω,

135 1630 324 1692 ἀλλ’ὡς
358 1631 441 1683 σύ·
477 1652 497 1682 ›
540 1635 633 1686 καὶ
670 1636 764 1696 τὸ,
807 1654 825 1685 ι
867 1637 1047 1708 Πάτερ
1099 1657 1217 1709 μου,
1264 1642 1313 1692 εἰ
1354 1642 1414 1692 οὐ
1448 1641 1665 1694 δύναται

135 1720 267 1773 τοῦτο
292 1723 597 1792 παρελθεῖν,
619 1725 712 1778 ἐὰν
742 1727 815 1797 μὴ
852 1730 980 1781 αὐτὸ
1006 1730 1132 1794 πίω,
1179 1732 1457 1803 γενηθήτω
1484 1735 1543 1786 τὺ
1565 1736 1665 1803 Δθέ-

134 1810 260 1881 λημά
284 1830 394 1865 σου.
437 1834 455 1864 ι
482 1817 755 1885 Τηρητὲον
802 1818 856 1870 δὲ
901 1822 993 1871 καὶ
1037 1821 1096 1873 τὸ
1148 1823 1221 1892 μὴ
1265 1824 1511 1894 εἰρῆσθαι
1545 1827 1663 1894 μὲν,

1768 658 1862 698 sua
1891 643 2122 697 humana
2159 651 2347 697 natura
2377 652 2512 706 erat,
2540 645 2787 700 humana:
2817 651 3000 703 carnis
3029 651 3315 706 infirmita-

1769 742 1877 786 tem
1923 740 1978 787 et
2025 732 2361 787 alacritatem
2402 734 2666 801 spiritus:
2698 736 3068 794 inﬁrmitatem
3093 744 3318 809 quidem

1768 838 1888 877 cum
1920 824 2036 877 ait:
2075 841 2095 875 ι
2130 822 2317 887 Pater,
2352 825 2403 878 si
2435 825 2690 903 possibile
2732 836 2849 890 est,
2891 839 3134 885 transeat
3166 848 3196 885 a
3234 850 3320 890 me

1766 916 1905 969 calix
1933 916 2067 980 iste;
2110 935 2130 967 ι
2182 915 2521 971 alacritatem
2549 932 2678 972 vero
2705 919 2927 987 Spiritus
2971 922 3057 975 his
3090 924 3269 980 verbis
3296 942 3343 983 :.

1771 1025 1791 1055 ε
1840 1006 2224 1060 Verumtamen
2256 1022 2360 1060 nou
2406 1008 2547 1061 sicut
2582 1022 2683 1078 ego
2717 1009 2859 1083 volo,
2888 1010 2980 1065 sed
3002 1011 3141 1065 sicut
3173 1021 3252 1067 tu.
3293 1032 3313 1064 ι

1768 1093 1880 1147 lmo
1916 1097 1961 1147 si
1997 1095 2269 1148 dictorum
2318 1097 2511 1149 seriem
2563 1099 2902 1156 considerari
2947 1111 3180 1173 oportet,
3214 1107 3319 1167 ad-

1767 1190 1919 1234 verte
1943 1182 2191 1249 praemitti
2222 1183 2473 1250 quod,.ut
2499 1186 2577 1239 sic
2600 1187 2812 1257 loquar.
2848 1193 2913 1245 ad
2948 1195 3127 1270 carnis
3167 1193 3319 1249 inﬁr-

1770 1270 2008 1322 mitatem
2037 1269 2291 1336 pertinet,
2319 1278 2373 1323 et
2398 1270 2560 1324 unum
2598 1284 2720 1341 est;
2768 1285 2950 1343 postea
3000 1269 3152 1337 vero,
3198 1294 3322 1345 qua:

1770 1358 1993 1424 spiritus
2047 1358 2385 1415 alacritatem
2433 1369 2843 1428 reprtesentant,
2890 1372 2945 1416 et
2986 1364 3315 1432 plurasunt.

1772 1446 1948 1501 Unum
1967 1449 2111 1502 enim
2135 1461 2217 1504 est
2243 1452 2376 1503 hoc:
2400 1467 2420 1499 ι
2448 1449 2625 1513 Pater,
2657 1453 2700 1506 Si
2733 1454 2988 1522 possibile
3014 1464 3117 1517 est,
3139 1462 3321 1509 trans-

1770 1552 1860 1591 eat
1896 1554 1925 1592 a
1957 1554 2043 1593 me
2065 1540 2203 1594 calix
2233 1540 2364 1605 iste;
2392 1560 2410 1591 ι
2447 1541 2597 1608 plura
2626 1551 2807 1595 autem
2830 1548 2959 1595 sunt
2991 1541 3092 1597 hoc
3117 1560 3129 1594 :
3154 1561 3174 1594 ‹
3203 1542 3320 1597 Non

1770 1628 1915 1681 sicut
1971 1643 2072 1697 ego
2118 1629 2259 1692 volo,
2290 1630 2385 1683 sed
2434 1630 2580 1683 sicut
2613 1640 2701 1694 tu‘;
2738 1651 2757 1681 ι
2796 1640 2853 1684 et
2884 1631 3063 1685 istud:
3108 1650 3128 1683 ‹
3163 1631 3324 1686 Pater

1773 1719 1866 1781 mi,
1894 1718 1938 1771 si
1959 1727 2062 1772 no‘n
2087 1718 2372 1786 potesthic
2394 1719 2533 1772 calix
2561 1721 2792 1774 transire
2818 1720 2922 1773 nisi
2940 1720 3115 1774 bibam
3144 1720 3319 1781 illum.

1774 1809 1866 1862 fiat
1893 1809 2142 1863 voluntas
2177 1819 2287 1862 tua.
2326 1827 2344 1859 ι
2399 1809 2811 1863 Observandum
2840 1826 3057 1880 quoque
3097 1821 3180 1866 est
3213 1826 3320 1865 non

142 1918 154 1948 ι
187 1903 454 1956 ἀπελθέτω
479 1906 572 1957 ἀπ’
603 1906 736 1975 ἐμοῦ
769 1908 828 1960 τὸ
852 1911 1104 1979 ποτήριον
1128 1888 1283 1962 τοῦτο
1301 1888 1331 1940 ’⁷
1358 1888 1383 1963 »-
1419 1888 1664 1982 λελέγθαι

1767 1898 1968 1951 dictum
2001 1897 2213 1951 fuisse:
2261 1916 2281 1947 ι
2321 1897 2584 1952 Transeat
2621 1913 2649 1950 a
2696 1914 2781 1953 me
2812 1888 2952 1955 calix
2999 1901 3139 1968 iste;
3177 1921 3193 1953 I
3222 1902 3318 1957 sed

140 1990 185 2040 δὲ
210 1993 553 2055 εὐσεϐῶςίκαὶ
583 1996 699 2063 μεθ’
730 1998 1104 2069 ὑποτιμήσεως
1139 2001 1254 2053 ὅλον
1301 2003 1475 2055 τοῦτο·
1510 2023 1528 2052 ι
1561 1990 1668 2057 Πά-

135 2096 232 2148 τερ,
255 2081 301 2130 εἰ
325 2081 543 2133 δυνατόν
569 2086 705 2145 ἐστι,
735 2086 1039 2157 παρελθέτω
1059 2089 1152 2139 ἀπ’
1175 2088 1307 2159 ἐμοῦ
1334 2090 1393 2141 τὸ
1418 2093 1668 2161 ποτήριον

132 2172 287 2223 τοῦτο.
324 2192 342 2222 ι
379 2168 508 2225 Οἶδα
555 2175 611 2227 δέ
658 2192 776 2228 τινα
816 2176 908 2230 καὶ
955 2178 1206 2249 τοιαύτην
1250 2182 1329 2242 εἰς
1373 2182 1461 2234 τὸν
1506 2184 1667 2234 τόπον

128 2260 375 2331 διήγησιν·
409 2265 491 2316 ὅτι
517 2265 658 2333 ὁρῶν
691 2267 719 2317 6
749 2267 937 2337 Σωτὴρ
962 2265 1049 2319 οἷα
1073 2271 1099 2321 6
1120 2269 1244 2331 λαὸς
1272 2270 1364 2323 καὶ
1405 2271 1669 2342 Ἰερουσα-

130 2348 229 2420 λὴμ
248 2353 488 2406 πείσεται
516 2354 611 2406 ἐπὶ
644 2356 989 2426 τῇεκδικήσει
1021 2358 1126 2409 τῶν
1157 2359 1273 2411 κατ’
1292 2360 1459 2411 αὐτοῦ
1486 2361 1662 2412 τετολ-

130 2440 368 2507 μημένων
394 2437 499 2493 ὑπὸ
539 2442 825 2508 Ἰουδαίων,
861 2446 1010 2521 οὐ,δὲ
1034 2442 1157 2499 ἄλλο
1183 2465 1236 2499 τι
1329 2448 1415 2501 διὰ
1442 2442 1502 2501 τὸ
1536 2451 1669 2520 πρὸς

128 2528 349 2592 ἐκείνους
391 2531 787 2601 φιλάνθρωπον,
821 2534 989 2586 θέλων
1022 2535 1095 2603 μὴ
1130 2537 1320 2589 παθεῖν
1349 2537 1439 2591 τὸν
1481 2538 1606 2590 λαὸν
1632 2538 1669 2591 ἃ

99 2605 300 2685 Δἔμελλε
332 2622 578 2691 πάσχειν,
617 2624 748 2692 φησὶ
779 2623 861 2685 τὸ,
907 2641 925 2672 ι
966 2625 1164 2696 Πάτερ,
1194 2628 1243 2678 εξ
1278 2626 1503 2679 δυνατόν·
1523 2628 1664 2689 ἐστι,

127 2708 424 2775 παρελθέτω
444 2712 539 2763 ἀπ’
572 2712 703 2780 ἐμοῦ
734 2712 792 2763 τὸ
814 2714 1065 2781 ποτήριον
1094 2715 1270 2767 τοῦτο.
1312 2736 1331 2764 ι
1383 2717 1468 2779 Ὡς
1489 2719 1534 2767 εἰ
1556 2717 1669 2767 ἔλε-

127 2812 229 2861 γεν·
271 2799 415 2850 Ἐπεὶ
438 2802 502 2851 ἐκ
530 2800 619 2851 τοῦ
647 2818 714 2871 με
739 2805 877 2853 πιεῖν
901 2803 1007 2869 (59)
1036 2804 1184 2855 τουτὶ
1201 2805 1261 2856 τὸ
1281 2809 1377 2874 τῆς
1399 2808 1668 2870 κολάσεως

127 2889 385 2956 ποτήριον,
439 2889 559 2940 ὃλον
600 2889 749 2951 ἔθνος
790 2891 895 2941 ὑπὸ
940 2891 1031 2943 σοῦ
1080 2894 1661 2965 ὲγκαταλειφθήσεταιο

125 2976 359 3047 εὔχομαι,
395 2980 442 3030 εἰ
475 2980 694 3031 δυνατόν
728 2983 863 3043 ἐστι,
898 2982 1180 3049 παρελθεῖν
1202 2984 1294 3034 ἀπ’
1326 2983 1456 3052 ἐμοῦ
1484 2985 1541 3036 τὸ
1572 3001 1667 3037 πο-

123 3072 299 3139 τήριον
332 3069 516 3121 τοῦτο’
563 3072 648 3123 ἵνα
682 3072 754 3143 μὴ
796 3075 828 3141 ἡ
864 3073 1016 3142 μερίς
1049 3091 1161 3135 σου,
1198 3074 1510 3143 τολμήσασα
1549 3076 1664 3128 κατ’

1766 1986 2021 2053 adjuncta
2073 1988 2161 2055 pia
2211 1986 2373 2040 veluti
2425 1987 2796 2052 correctione,
2833 1990 2910 2042 sic
2945 2007 2960 2041 :
2994 2007 3013 2040 ι
3060 1987 3243 2052 Pater,
3274 1989 3323 2045 sl

1767 2078 2015 2145 possibile
2039 2089 2144 2140 est,
2172 2086 2413 2131 transeat
2441 2091 2471 2129 a
2509 2091 2595 2131 me
2619 2077 2761 2131 calix
2786 2078 2907 2132 iste.
2947 2097 2965 2129 ι
2996 2078 3122 2134 Scio
3158 2081 3322 2134 aliam

1766 2169 1881 2220 dari
1906 2168 2124 2236 hujusce
2157 2166 2263 2221 loci
2294 2167 2825 2236 interpretationem.
2861 2183 2980 2236 qua:
3010 2169 3321 2238 hujusmodi

1765 2268 1868 2312 est.
1898 2257 2037 2311 Cum
2067 2256 2318 2311 Salvator
2344 2250 2668 2326 pmvidcret
2715 2272 2852 2326 quas
2877 2258 3110 2328 populus
3140 2257 3326 2313 Iudai-

1744 2340 1863 2403 Lcus
1892 2356 1947 2403 et
1981 2345 2285 2402 Jerusalem
2317 2348 2501 2402 luituri
2536 2360 2716 2404 essent
2750 2364 2939 2418 poenas
2968 2352 3037 2405 ob
3073 2351 3317 2405 facinora

1767 2455 1887 2508 qua:
1920 2441 1973 2494 in
1999 2441 2171 2510 ipsum
2201 2440 2318 2494 ausi
2349 2440 2580 2505 fuerant,
2607 2455 2717 2509 prae
2746 2456 2844 2495 suo
2893 2442 2947 2495 in
2984 2441 3107 2496 illos
3138 2457 3324 2498 amore

1767 2530 1953 2585 volens
1981 2532 2152 2586 averti
2178 2532 2248 2586 ab
2271 2531 2360 2584 illo
2392 2530 2594 2599 populo
2625 2541 2703 2585 tot
2732 2531 2895 2595 mala,
2936 2547 3057 2601 qua:
3094 2532 3193 2601 ipsi
3222 2535 3325 2588 im-

1709 2611 1712 2614 ’
1766 2621 2096 2688 pendebant,
2130 2620 2308 2695 dixit:
2351 2639 2370 2672 ι
2404 2621 2583 2686 Pater,
2605 2622 2648 2675 si
2678 2623 2931 2690 possibile
2956 2633 3058 2683 est.
3089 2632 3325 2678 transeat

1769 2725 1799 2763 a
1840 2724 1929 2765 me
1979 2711 2121 2765 calix
2173 2712 2297 2775 iste.
2336 2731 2356 2763 ι
2395 2712 2557 2779 Qua'si
2594 2713 2865 2767 dixisset:
2899 2715 3164 2778 Quoniam
3216 2730 3321 2768 non

1767 2815 1985 2868 possum
2030 2802 2271 2876 ebibere\
2297 2803 2439 2855 hunc
2484 2802 2728 2871 supplicii
2772 2804 3016 2868 calicem,
3050 2807 3177 2873 quin
3210 2820 3240 2858 a
3271 2816 3325 2859 te

1768 2899 1875 2941 tota
1911 2904 2044 2957 gens
2066 2877 2367 2998 deseratpr,
2401 2905 2496 2945 oro
2518 2900 2575 2944 ut
2604 2900 2846 2944 transeat
2871 2907 2901 2945 a
2930 2908 3014 2946 me
3034 2894 3169 2946 calix
3198 2895 3322 2959 iste,

1766 2980 1809 3032 si
1838 2980 1950 3032 ﬁeri
1979 2979 2167 3048 possit,
2201 2995 2269 3035 ne
2290 2979 2392 3042 ‘sua
2430 2982 2543 3035 haec
2579 2980 2760 3049 portio
2785 2992 3009 3051 propter
3056 2984 3325 3039 nefarium

1768 3070 1819 3121 in
1852 3080 1937 3123 me
1975 3062 2327 3126 commissum
2383 3071 2595 3125 facinus
2633 3086 2663 3123 a
2714 3080 2767 3126 te
2812 3073 3172 3142 relinquatur.
3223 3074 3324 3130 Sin

126 3156 271 3225 ἐμοῦ,
297 3160 465 3230 πάντη
491 3160 593 3212 ὑπὸ
627 3161 718 3213 σοῦ
749 3162 1160 3232 ὲγκαταλειιξθῇ.
1200 3164 1355 3216 Ἀλλὰ
1373 3166 1461 3217 καὶ
1492 3168 1561 3225 εἰ,
1592 3165 1664 3229 ὣς

1768 3170 1971 3242 autem,
2018 3171 2078 3214 ut
2130 3162 2260 3215 dicit
2307 3161 2516 3227 Celsus,
2573 3158 2779 3233 neque
2809 3165 3096 3218 molestum
3150 3180 3325 3235 neque

124 3264 279 3316 metu
315 3251 342 3301 6
375 3250 599 3312 Κέλσος,
642 3252 765 3321 μήτ’
802 3252 1043 3320 ἀλγεινόν
1092 3270 1141 3304 τι
1187 3254 1311 3323 μήτ’
1340 3254 1559 3323 ἀνιαρὸν
1590 3255 1667 3324 τῷ

135 3335 298 3405 Ἰησοῦ
336 3341 473 3391 κατὰ
510 3340 600 3391 τὸν
640 3342 823 3412 καιρὸν
856 3340 1040 3393 τοῦτον
1086 3342 1347 3408 ἐγίγνετο,
1388 3342 1503 3404 πῶς
1529 3343 1593 3395 ἂν
1620 3346 1666 3394 οἱ

126 3428 256 3494 μετὰ
288 3428 455 3480 ταῦτα
488 3430 888 3499 παραδείγματι
908 3430 1000 3483 τοῦ
1034 3432 1319 3500 ὑπομένειν
1341 3432 1405 3482 τὰ
1422 3432 1485 3482 δι’
1517 3433 1667 3483 ει)σέ-

121 3516 266 3569 6ειαν
309 3520 537 3571 ἐπίπονα
576 3520 826 3573 ἐδύναντο
866 3521 1167 3591 χρήσασθαι
1214 3521 1406 3590 Ἰησοῦ,
1446 3522 1519 3590 μὴ
1560 3540 1664 3573 πα-

123 3604 260 3661 θόντι
305 3609 400 3677 μὲν
434 3609 503 3661 τὰ
530 3608 861 3679 ἀνθρώπινα,
895 3611 1051 3679 μόνον
1086 3610 1142 3661 δὲ
1175 3610 1379 3674 δόξαντι
1412 3611 1666 3664 πεπονθέ-

119 3712 236 3759 ναις

188 3789 309 3841 Ἔτι
364 3788 421 3841 δὲ
478 3789 625 3857 λέγει
672 3792 700 3842 6
729 3790 875 3859 παρὰ
921 3789 995 3858 τῷ
1031 3789 1219 3857 Κέλσῳ
1259 3790 1502 3851 Ἰουδαῖος
1534 3792 1666 3862 πρὸς

116 3879 235 3939 τοὺς
266 3880 435 3950 Ἰησοῦ
462 3880 704 3950 μαθητὰς
726 3880 801 3941 ὡς
830 3879 1200 3946 πλασαμένους
1216 3878 1402 3942 ταῦτα,
1425 3882 1529 3930 ὅτι(
1548 3880 1663 3932 οὐδὲ

115 3965 423 4036 ψευδόμενοι
462 3968 531 4019 τὰ
562 3967 847 4034 πλάσματα
889 3964 1041 4032 ὑμῶν
1073 3962 1308 4024 πιθανῶς
1338 3963 1665 4032 ἐπικαλύψαν-

116 4057 430 4127 ὴδυνὴθητε.
463 4076 483 4107 ι
512 4057 622 4108 Καὶ
639 4055 773 4125 πρὸς
793 4054 918 4105 τάδε
946 4052 1210 4117 λελέξεται
1240 4051 1371 4121 (60),
1400 4054 1482 4104 ὃτι
1515 4054 1665 4121 εὐχε-

115 4149 211 4216 ρὴς
240 4149 343 4217 μὲν
369 4144 435 4217 ἦν
466 4146 583 4207 ὁδδς
611 4145 745 4213 πρὸς
767 4144 827 4195 τὸ
855 4143 1183 4211 ἐπικαλύψαι
1222 4144 1289 4196 τὰ
1329 4143 1574 4205 τοιαῦτα,
1604 4145 1665 4195 τὸ

115 4237 247 4305 μηδὲ
283 4238 381 4305 τὴν
412 4235 586 4305 ἀρχὴν
637 4234 773 4285 αὐτὰ
817 4233 1144 4302 ἀναγράψαι.
1178 4234 1274 4295 Τίς
1302 4236 1407 4302 γὰρ
1440 4234 1524 4293 ἂν,
1557 4233 1664 4283 τῶν

113 4326 451 4393 Εὐαγγελίων
475 4325 647 4378 ταῦτα
679 4326 752 4395 μὴ
781 4325 1153 4395 περιεχόντων,
1177 4324 1425 4376 ὀνειδίσαι
1446 4324 1665 4378 ἐδύνατο

111 4419 239 4485 ἡμῖν
272 4418 368 4469 ἐπὶ
391 4416 470 4486 τῷ
494 4416 583 4468 τὸν
619 4414 823 4483 Ἰησοῦν
860 4414 1082 4466 τοιαῦτα
1115 4413 1263 4483 παρὰ
1293 4416 1357 4482 τῇ
1386 4413 1665 4481 οἰκονομίᾳ
1704 4434 1707 4435 ν

1720 3235 1733 3252 ⁸
1768 3235 1929 3313 grave
1962 3249 2089 3303 Jesu
2119 3248 2327 3310 fuisset,
2357 3255 2502 3319 quod
2533 3253 2633 3320 ipsi
2671 3261 2795 3307 tunc
2821 3254 3084 3322 temporis
3118 3253 3324 3310 illatum

1765 3347 1847 3389 est
1881 3339 2230 3417 supplicium;
2267 3342 2535 3407 quomodo
2561 3342 2651 3410 qui
2683 3344 2849 3397 secuti
2877 3354 3037 3417 sunt,
3085 3345 3179 3400 illo
3211 3345 3325 3402 vel-

1766 3437 1823 3479 ut
1858 3412 2100 3508 exemplo
2145 3431 2441 3485 tolerandae
2486 3442 2709 3500 propter
2746 3412 3007 3502 pietatem
3053 3436 3322 3491 molestiae

1770 3518 1845 3567 ttti
1880 3519 2203 3584 ροιυίεεοιηι,
2239 3535 2362 3574 cum
2388 3536 2493 3574 non
2534 3539 2725 3591 passus
2750 3535 2894 3581 esset
2930 3526 3191 3590 humana,
3224 3529 3322 3581 sed

1763 3617 1971 3686 tantum
1996 3609 2105 3677 pati
2127 3610 2270 3665 visus
2301 3609 2530 3666 fuisset?

1834 3782 1925 3835 26.
1957 3783 2147 3839 Adhuc
2177 3784 2304 3839 Jesu
2339 3786 2656 3855 discipulos,
2691 3802 2826 3856 quos
2859 3801 3075 3856 semper
3099 3788 3322 3844 ﬁnxisse

1766 3872 1934 3937 ponit,
1968 3872 2048 3926 sic
2079 3873 2371 3941 compellat
2393 3873 2531 3928 Celsi
2559 3872 2774 3927 Judmus
2809 3890 2823 3924 :
2858 3890 2878 3924 ι
2915 3875 3175 3940 Quamvis
3203 3892 3319 3932 me-

1767 3976 1854 4014 ras
1891 3961 2100 4016 fabulas
2134 3958 2497 4031 obtruseritis,
2537 3974 2923 4019 vestratamen
2968 3966 3222 4041 figmenta
3253 3983 3320 4022 ne

1765 4050 1948 4104 colore
1980 4052 2197 4120 quidem
2246 4052 2360 4106 veri
2407 4052 2621 4108 illinere
2668 4053 2945 4121 potuistis.
2998 4073 3018 4106 ι
3051 4057 3135 4109 Ad
3174 4059 3319 4126 quod

1766 4155 1969 4207 repono
1998 4155 2085 4195 res
2108 4141 2231 4195 illas
2267 4143 2337 4195 ab
2383 4143 2463 4195 eis
2513 4141 2659 4197 facili
2710 4144 2951 4212 potuisse
2983 4151 3320 4215 uegotiooc.

1764 4232 1981 4297 cultari,
2012 4231 2057 4283 si
2089 4230 2341 4285 videlicet
2382 4231 2587 4285 nullam
2619 4232 2685 4287 de
2719 4233 2826 4287 illis
2861 4233 3120 4290 fecissent
3161 4250 3316 4291 men-

1768 4319 1985 4373 tionem.
2019 4318 2151 4373 Nam
2186 4321 2308 4387 quis
2345 4320 2449 4375 nisi
2485 4322 2601 4376 haec
2634 4323 2687 4376 in
2724 4322 3032 4392 Evangeliis
3080 4326 3318 4395 legisset,

1766 4412 2029 4478 pctuisset
2071 4412 2228 4467 nobis
2275 4416 2614 4481 exprobrare
2665 4414 2793 4469 talia
2840 4413 3024 4472 Jesum
3079 4428 3321 4487 tempore

113 4506 218 4573 (61)
259 4505 646 4576 λελαληκέναι;
682 4506 756 4557 Οὐ
799 4505 1003 4558 συνεῖδε
1043 4505 1098 4556 δὲ
1138 4506 1167 4556 6
1198 4503 1421 4563 Κέλσος,
1450 4495 1534 4554 ὅτι
1562 4502 1661 4553 οὐκ

1766 4501 2188 4567 dispensationis
2218 4516 2329 4558 suae
2375 4504 2615 4559 dixisse?
2649 4505 2763 4559 Non
2814 4505 3081 4560 intellexit
3130 4507 3320 4562 Celsus

108 4597 220 4648 ἔστι
248 4597 391 4650 κατα
416 4597 541 4660 τοὺς
576 4596 771 4657 αὐτοὺς
802 4596 895 4647 καὶ
926 4592 1231 4663 ἠπατῆσθαι
1264 4594 1387 4662 περὶ
1414 4590 1507 4644 τοῦ
1553 4591 1659 4659 Ἰη-

108 4688 221 4750 σοῦ,
262 4688 343 4751 t’o;
378 4686 515 4740 Θεοῦ
555 4688 648 4739 καὶ
686 4685 1166 4756 προφητευθέντος,
1212 4684 1306 4736 καὶ
1352 4680 1660 4735 πλάσασθαι

106 4782 230 4851 περὶ
266 4780 430 4833 αὑτοῦ
472 4778 712 4849 δηλονότι
759 4776 1079 4844 ἐγνωκότας,
1120 4776 1201 4826 ὅτι
1241 4775 1339 4826 οὐκ
1379 4772 1549 4844 ἀληθῆ
1594 4772 1664 4824 τὰ

107 4869 419 4939 πλάσματα.
438 4869 594 4919 Ἤτοι
612 4864 704 4919 οὖν
727 4867 826 4918 οὐκ
856 4864 1097 4918 ἔπλασαν
1114 4901 1126 4924 ,
1161 4862 1273 4914 ἀλλ’
1299 4859 1469 4924 οὕτως
1496 4862 1658 4934 ἐφρό-

102 4978 247 5025 νουν,
283 4961 380 5013 καὶ
420 4961 484 5012 οὐ
516 4958 830 5028 ψευδόμενοι
876 4954 1213 5025 ἀνέγραψαν·
1256 4954 1289 5024 ἧ
1333 4954 1660 5022 ψευσάμενοι

102 5050 439 5122 ἀνέγραψαν,
473 5052 566 5104 καὶ
594 5049 763 5103 ταῦτα
787 5051 885 5101 οὐκ
907 5046 1181 5116 ἐφρόνουν,
1215 5044 1334 5096 οὐδὲ
1364 5042 1659 5109 ἀπατηθέν-

98 5156 189 5203 re;
219 5140 361 5193 Θεὸν
383 5140 540 5192 αὐτὸν
562 5138 825 5208 ἐνόμιζον.

168 5298 216 5328 ⁸¹
257 5294 417 5350 Joan.
444 5310 561 5355 rm,
585 5295 675 5347 40.

167 5455 289 5525 (38)
342 5454 449 5504 Ἐν
484 5448 801 5519 τυγχάνον.
849 5446 940 5499 Sic
975 5445 1112 5525 legi),
1144 5444 1267 5525 licet
1302 5455 1458 5525 antea
1511 5445 1649 5494 scri-

95 5513 248 5595 ptum
270 5513 364 5575 Isil
394 5513 730 5589 évzuﬁéivov,
761 5533 883 5569 nam
909 5514 1191 5568 mauifeSIe
1219 5514 1318 5565 hoc
1347 5513 1463 5566 loco
1485 5528 1646 5565 unum

95 5591 681 5665 pppoititttr‘plut-tbus.
891 5656 902 5665 _
1045 5653 1069 5661 _
1145 5652 1156 5665 η
1332 5654 1352 5665 ν

166 5651 287 5731 {59)
333 5651 483 5714 Lib'b.
520 5669 678 5731 antea
708 5656 859 5731 editi,
887 5656 951 5707 ἐκ
981 5652 1200 5731 τοῦ-μὲν
1241 5654 1401 5731 πιεῖν,
1432 5651 1529 5731 sed
1560 5666 1647 5731 re-

94 5720 240 5787 ctius
261 5720 457 5783 ori-nes
485 5742 635 5786 mss..
664 5726 727 5777 ὲκ
750 5724 841 5777 τοῦ
875 5741 939 5793 με
981 5726 1135 5801 πιεῖν.
1164 5722 1325 5801 Paulo
1353 5732 1469 5801 post
1492 5720 1651 5773 Gele-

93 5804 219 5855 nius
262 5802 538 5866 interpres
565 5796 774 5850 videtur
802 5792 1010 5858 legisse.
1042 5792 1128 5843 ἵνα
1160 5792 1231 5860 μὴ
1260 5792 1292 5857 ἡ
1322 5792 1475 5860 μερίς
1507 5804 1640 5857 pm:

1767 4591 1880 4645 haec
1916 4592 2019 4647 duo
2058 4593 2113 4647 in
2154 4596 2372 4650 eosdem
2410 4610 2517 4651 non
2561 4595 2788 4660 cadere,
2840 4597 3019 4665 decipi
3049 4599 3319 4652 credendo

1766 4678 1945 4734 Iesum
1986 4682 2155 4738 Deum
2185 4699 2305 4739 esse
2337 4698 2566 4750 eumque
2616 4698 2645 4736 a
2685 4686 2967 4753 prephetis
2998 4690 3319 4753 praenuntia-

1769 4779 1905 4835 tum,
1940 4782 1995 4826 et
2024 4771 2227 4841 ﬁngere
2250 4774 2315 4825 de
2346 4772 2440 4826 illo
2468 4786 2587 4840 quae
2622 4786 2749 4825 vera
2779 4788 2882 4825 non
2906 4788 3025 4828 esse
3049 4786 3201 4828 certo
3227 4790 3321 4831 no-

1767 4862 1959 4913 verint.
1989 4862 2098 4913 Aut
2118 4860 2278 4930 511
2313 4861 2478 4929 igitur
2504 4876 2609 4915 non
2638 4860 2932 4926 finxerunt,
2968 4865 3062 4917 scd
3091 4866 3169 4919 sic
3193 4881 3318 4921 sen-

1769 4949 1993 5013 tiebant,
2016 4956 2071 4999 et
2096 4949 2241 5002 nullo
2266 4949 2391 5003 dolo
2418 4952 2784 5018 scripserunt;
2818 4959 2910 5005 aut
2942 4956 3153 5009 mentiti
3179 4958 3314 5012 scri-

1766 5046 2010 5105 pserunt,
2053 5046 2109 5091 et
2156 5038 2272 5093 hzec
2323 5055 2435 5094 non
2481 5041 2825 5106 sentiebant,
2876 5056 3051 5110 neque
3105 5046 3313 5115 decepti

1769 5127 1932 5180 Deum
1957 5126 2102 5181 illum
2140 5130 2423 5196 putabant.

1756 5459 1878 5496 nam
1906 5444 2093 5497 vertit:
2128 5462 2144 5492 ι
2180 5440 2257 5494 Ne
2282 5448 2470 5510 portto_
2492 5452 2634 5510 mea.
2674 5457 2693 5489 ι

1825 5515 1936 5581 (60)
1979 5515 2050 5565 Ita
2087 5523 2233 5564 reelc
2255 5504 2645 5581 codd._l§egius
2678 5515 2734 5561 et
2778 5505 3133 5561 Basileensis.
3166 5504 3310 5561 Editi

1754 5577 2072 5652 vermazpb;
2106 5581 2224 5632 τόδε
2248 5577 2629 5652 δὲνλελὲξεται.

1827 5652 1937 5719 (61)
1981 5644 2178 5707 Guicto
2217 5649 2564 5705 scribendum
2594 5647 2833 5712 videtur,
2860 5645 3010 5717 παρὰ
3045 5645 3141 5713 τὴν
3174 5644 3311 5698 οἰκο-

1754 5738 1963 5790 νομιαν.
