4126 6314
256 419 354 476 M9

1436 408 1713 466 CONTRA
1750 406 2023 465 CELSUM
2059 411 2187 469 LIB.
2222 410 2283 465 11.

3352 405 3458 465 83ιο

318 539 621 602 Φθάσαντες
662 539 708 592 δ’
755 540 813 591 ἐν
853 540 963 601 τοῖς
1017 537 1269 608 ἀνωτέρω
1319 537 1621 607 εἰρήκαμεν
1676 536 1803 605 περὶ

1973 537 2133 607 612
2162 537 2253 591 29.
2281 536 2401 591 Jum
2423 541 2550 589 ante
2578 532 2815 589 diximus
2839 527 3107 599 duplicem
3141 522 3342 581 Christi
3375 523 3458 597 In-

249 627 356 681 τῶν
380 630 469 681 τὸν
493 628 724 698 Χριστὸν
749 627 1181 699 προφητεύεσθαι
1209 624 1338 695 (67),
1365 625 1457 677 δύο
1484 622 1797 693 ἐπιδημίαις

253 720 579 789 χρησόμενον
614 720 692 781 είς
722 719 782 771 τὸ
813 718 919 771 τῶν
944 716 1238 787 ἀνθρώπων
1263 716 1415 784 γένος
1435 730 1450 744 ·
1487 714 1670 784 διόπερ
1703 711 1802 763 οὐκ

253 804 327 858 ἔτι
374 807 531 876 χρεία
573 809 719 875 ἡμᾶς
763 806 1196 876 ἀπολογήσασθαι
1237 804 1373 875 πρὸς
1419 803 1479 855 τὸ
1517 802 1803 870 λεγόμενον

252 898 323 959 ὡς
372 898 475 950 ὑπὸ
512 898 605 950 τοῦ
657 898 924 962 Ἰουδαίου,
972 900 1051 950 ὅτι
1093 916 1111 948 r
1163 898 1349 964 Μέγαν
1387 895 1479 947 καὶ
1515 892 1802 962 δυνάστην,

253 987 342 1038 καὶ
374 986 550 1056 πάσης
578 988 675 1056 τῆς
708 988 829 1058 γῆς,
864 987 956 1039 καὶ
982 987 1193 1041 πάντων
1209 986 1316 1039 τῶν
1346 985 1511 1039 ἐθνῶν
1532 985 1624 1037 καὶ
1648 999 1806 1052 στρα-

250 1076 483 1129 τοπέδων
512 1077 712 1146 Κύριὸν
745 1093 904 1144 φασιν
935 1079 981 1130 οἱ
1023 1079 1294 1148 προφῆται
1336 1073 1471 1128 εἶναι
1502 1074 1593 1126 τὸν
1622 1072 1807 1141 ἐπιδη⁹

255 1167 491 1234 μήσοντα
530 1165 658 1235 (68).
694 1186 712 1217 ›
743 1167 1039 1229 Ἰουδαϊκῶς
1069 1167 1134 1228 δ’,
1164 1163 1333 1235 οἶμαι,
1376 1160 1495 1216 εἶπε
1539 1162 1631 1216 καὶ
1664 1160 1806 1213 κατά

249 1255 344 1323 τὴν
374 1255 595 1307 ἐκείνων
641 1256 799 1326 χολὴν
835 1256 970 1326 μετά
996 1254 1089 1307 τοῦ
1118 1257 1283 1325 χωρὶς
1322 1254 1665 1319 ἀποδείξεως,
1700 1250 1806 1304 κᾶν

206 1372 215 1377 ο
252 1343 488 1407 πιθανῶς
534 1344 678 1415 (69),
743 1344 999 1415 λοιδορεῖν
1056 1344 1145 1396 τὸν
1177 1341 1401 1413 Ἰησοῦν,
1451 1342 1533 1393 ὅτι
1558 1344 1656 1397 δὲ(
1687 1341 1808 1411 οὐχ).

248 1432 484 1485 τοιοῦτον
530 1432 747 1505 ὄλεθρον
781 1433 1133 1503 κατήγγειλεν
1157 1435 1289 1501 (70).
1312 1450 1330 1484 ι
1370 1431 1504 1486 Οῦτε
1545 1430 1803 1494 Ἰουδαῖοι,

247 1520 366 1574 οὔτε
416 1521 639 1587 Κέλσος,
675 1521 794 1575 οὔτε
830 1522 987 1585 ἄλλος
1034 1539 1117 1585 τις
1161 1523 1296 1591 μετά
1340 1520 1661 1587 ἀποδείξεως
1697 1520 1807 1589 ἔχει

249 1611 611 1680 παραστῆσαι,
663 1613 742 1664 ὅτι
783 1611 999 1681 δλεθρος
1036 1612 1321 1675 τοσούτους
1346 1609 1661 1681 ἀνθρώπους
1685 1611 1807 1660 ἐπι-

250 1691 468 1770 στρέφει
496 1702 603 1754 ἀπὸ
651 1703 749 1772 τῆς
780 1701 985 1771 χύσεως
1029 1702 1136 1756 τῶν
1182 1703 1367 1755 κακῶν
1394 1704 1485 1755 ἐπὶ
1523 1702 1619 1754 τὸν
1668 1697 1809 1752 κατὰ

1907 634 1993 678 ter
2041 627 2285 680 homines
2340 627 2625 679 adventum
2704 638 2733 675 a
2787 619 3069 690 prophetis
3134 607 3465 685 praedictum

1906 714 2093 768 fuisse.
2121 714 2462 783 Quapropter
2491 711 2679 766 inutile
2721 710 2890 763 fuerit
2934 702 3185 762 refellere
3234 703 3288 757 id
3319 698 3459 770 quod

1907 804 2059 857 {ictus
2084 804 2298 872 Judmus
2321 804 2468 856 addit
2500 819 2511 855 :
2546 821 2562 851 ι
2598 800 2698 866 Qui
2747 808 3004 853 venturus
3047 806 3147 860 est,
3179 808 3302 846 eum
3337 804 3462 859 pro-

1906 895 2078 964 pheta:
2114 906 2495 962 praepotentem
2518 892 2801 961 quemdam
2837 904 3037 956 regem,
3062 884 3323 938 universa:
3355 892 3462 933 ter-

1907 1000 1999 1047 rzc,
2031 986 2268 1054 gentium
2289 986 2531 1037 omnium
2573 982 3013 1046 exercituumque
3052 975 3326 1030 dominum
3346 971 3461 1025 fore

1905 1075 2278 1143 pronuntiant.
2315 1093 2334 1125 ι
2362 1072 2513 1138 Quod
2541 1086 2669 1125 vero
2698 1070 2965 1137 sequitur,
3004 1085 3023 1117 ι
3058 1074 3165 1119 tam
3198 1059 3464 1132 pernicio-

1907 1179 2021 1218 sam
2052 1174 2255 1233 pestem
2286 1164 2353 1216 ab
2384 1163 2489 1217 illis
2529 1177 2631 1215 non
2668 1159 2833 1213 fuisse
2870 1155 3301 1226 prmnuntiatam,
3335 1170 3354 1203 ι
3377 1152 3461 1203 hic
3540 1148 3541 1151 “

1908 1271 2142 1323 agnosco
2194 1253 2500 1308 Iudaeorum
2549 1251 2911 1313 stomachum,
2965 1261 3073 1315 quo
3115 1243 3175 1298 tit
3217 1251 3277 1296 ut
3318 1240 3463 1296 nullo

1909 1355 2226 1415 argumento
2258 1344 2472 1414 nullave
2498 1342 2879 1413 probabilitate
2914 1339 3099 1394 Jesum
3128 1331 3459 1403 vitup'erent.

1907 1436 2017 1492 Nec
2041 1437 2182 1490 enim
2212 1432 2401 1499 Judaei,
2430 1449 2528 1488 nec
2554 1433 2758 1495 Celsus,
2785 1444 2883 1485 nec
2928 1428 3063 1481 alius
3091 1424 3313 1495 quilibet
3342 1436 3463 1492 pro-

1910 1528 2039 1580 bare
2065 1540 2298 1594 unquam
2340 1523 2541 1593 poterit
2568 1520 2923 1590 perniciosam
2956 1527 3159 1587 pestem
3176 1529 3298 1568 eum
3320 1526 3463 1575 esse,

1908 1616 1999 1685 qui
2048 1627 2125 1669 tot
2166 1614 2412 1669 homines
2451 1628 2481 1666 a
2506 1612 2761 1665 vitiorum
2812 1607 3057 1676 proluvie
3090 1612 3345 1659 avocatos
3394 1601 3463 1654 ad

1910 1706 2074 1759 vitam
2105 1716 2313 1758 natura:
2362 1709 2786 1757 consentaneam
2820 1706 2873 1751 et
2915 1694 3270 1764 temperantia
3307 1698 3464 1745 crete-

246 1790 403 1858 φύσιν
464 1790 599 1861 μετά
652 1793 999 1863 σωφροσύνης
1052 1794 1147 1845 καὶ
1199 1793 1308 1846 τῶν
1351 1792 1551 1845 λοιπῶν
1600 1789 1806 1861 ἀρετῶν

1912 1796 2092 1863 risque
2122 1793 2412 1849 virtutibus
2437 1800 2681 1848 ornatam
2708 1787 3006 1842 advocavit.

249 1879 378 1948 βίον.

314 1967 624 2040 Παρέῥριψε
654 1970 697 2023 δ’
725 1973 754 2023 ὁ
797 1971 999 2034 Κέλσος
1030 1974 1120 2025 καὶ
1156 1973 1242 2024 τό·
1282 1989 1301 2022 r
1341 1971 1472 2024 Θεὸν
1499 1970 1554 2023 δὲ
1588 1970 1679 2022 καὶ
1711 1968 1802 2022 τοῦ

245 2059 377 2113 Θεοῦ
412 2062 537 2114 Υίὸν
563 2063 737 2125 οὐδεὶς
772 2065 836 2117 ἐκ
873 2063 1125 2115 τοιούτων
1171 2063 1449 2130 συμϐόλων
1485 2063 1585 2130 ,καὶ
1625 2077 1803 2131 παρα-

245 2150 584 2219 κουσμάτων,
615 2153 727 2205 οὐδ’
766 2153 826 2217 ἐξ
850 2152 1020 2215 οὓτως
1068 2152 1305 2220 ἀγεννῶν
1334 2152 1643 2223 τεκμηρίων
1680 2167 1803 2202 συν-

246 2235 473 2307 ίστησιν.
502 2255 521 2288 ι
567 2239 764 2309 Ἐχρῆν
794 2240 851 2293 δὲ
893 2241 1071 2304 αὑτὸν,
1101 2241 1167 2294 τὰ
1194 2241 1623 2311 παρακούσματα
1655 2239 1806 2292 ἐκθέ-

248 2344 426 2396 μενον,
468 2329 703 2397 ἐλέγξαι,
739 2333 834 2383 καὶ
874 2331 942 2384 τὰ
988 2332 1186 2402 ἀγεννῆ
1228 2334 1497 2402 τεκμήρια
1530 2332 1673 2401 λόγῳ
1701 2348 1803 2382 πα-

248 2418 535 2488 ραστῆσαι,
565 2420 630 2473 ἵν’
649 2420 701 2472 εἴ
722 2438 775 2474 τι
807 2422 1023 2476 πιθανὸν
1044 2422 1465 2490 ἐδόκειλέγειν,ό
1487 2423 1806 2493 Χριστιανὸς

246 2506 609 2573 ἀγωνίσασθαι
640 2510 773 2580 πρὸς
804 2510 935 2562 αὐτὸ
972 2510 1220 2580 πειραθῖῃ
1252 2511 1344 2563 καὶ
1385 2510 1680 2581 ἀνατρέψαι
1715 2512 1805 2564 τὸν

246 2596 421 2663 λόγον.
454 2597 630 2669 Ὅπερ
654 2599 709 2651 δὲ
730 2595 851 2652 εἷπε
867 2600 993 2670 περὶ
1020 2598 1113 2651 τοῦ
1150 2599 1344 2670 Ἰησοῦ,
1378 2602 1653 2671 ἀπήντησε
1688 2603 1803 2671 μὲν,

246 2684 322 2746 ὼς
380 2687 507 2756 περὶ
555 2688 812 2756 μεγάλου,
846 2689 945 2742 οὐκ
989 2689 1251 2759 ἐϐουλήθη
1288 2691 1344 2743 δέ
1382 2690 1526 2754 ἰδεῖν,
1558 2692 1638 2742 ὅτι
1661 2691 1804 2742 τοῦτ’

247 2775 576 2845 ἀπήντησεν,
610 2779 713 2831 κᾶν
748 2780 857 2848 (71)
884 2784 916 2850 ὴ
944 2781 1197 2851 ἐνάργεια
1235 2782 1529 2849 παρίστησι
1560 2784 1685 2849 περὶ
1712 2782 1804 2832 τοῦ

257 2864 448 2934 Ἰησοῦ.
493 2884 512 2917 ι
563 2867 648 2930 Ὠς
701 2869 809 2939 γὰρ
857 2872 886 2924 ὁ
925 2872 1104 2940 ἥλιος,
1151 2869 1313 2939 φησὶ,
1362 2869 1540 2922 πάντα
1578 2869 1647 2921 τὰ
1672 2871 1804 2923 ἀλλα

248 2951 496 3018 φωτίζων
544 2954 759 3025 πρῶτον
803 2955 964 3009 αὑτὸν
1014 2957 1261 3010 δεικνύει·
1308 2956 1479 3019 οὕτως
1524 2958 1687 3026 ἐχρῆν
1711 2975 1807 3010 πε-

248 3043 528 3111 ποιηκέναι
578 3045 669 3098 τὸν
696 3044 825 3100 Υίὸν
868 3045 962 3099 τοῦ
1002 3046 1155 3099 Θεοῦ.
1214 3066 1232 3098 ι
1282 3048 1541 3117 Εἴποιμεν
1584 3047 1648 3100 ἂν
1690 3044 1802 3113 οῦν,

248 3133 329 3186 ὅτι
363 3135 457 3223 καὶ
485 3134 808 3205 πεποίηκεν·
852 3153 872 3187 ε
912 3137 1174 3190 Ἀνέτειλε
1201 3138 1307 3207 γὰρ
1336 3139 1394 3191 ἐν
1420 3140 1538 3199 ταῖς
1569 3137 1801 3208 ἡμέραις
1830 3166 1872 3223 C

246 3222 410 3275 αὑτοῦ
465 3223 793 3295 δικαιοσύνη,
839 3226 929 3279 καὶ
982 3226 1183 3297 πλῆθος
1240 3230 1460 3297 είρήνης
1507 3227 1745 3294 γέγονεν,
1779 3248 1798 3278 ι

246 3311 542 3381 ἀρξάμενον
580 3314 689 3366 ἀπὸ
728 3315 830 3383 τῆς
879 3316 1138 3383 γενέσεως
1173 3315 1355 3378 αὐτοῦ,
1400 3314 1804 3385 εύτρεπίζοντος

243 3398 336 3451 τοῦ
379 3401 513 3453 Θεοῦ
541 3406 607 3471 τῇ
635 3403 949 3473 διδασκαλίᾳ
987 3404 1150 3459 αὑτοῦ
1184 3406 1251 3458 τὰ
1282 3404 1427 3472 ἔθνη,
1465 3405 1527 3454 ἵν’
1562 3404 1667 3456 ὑπὸ
1710 3405 1802 3455 ἕνα

244 3489 467 3559 γένηται
494 3489 601 3544 τῶν
636 3492 916 3562 Ῥωμαίων
952 3494 1188 3563 βασιλέα,
1217 3495 1309 3546 καὶ
1346 3495 1438 3563 μὴ,
1468 3495 1551 3546 διὰ
1581 3494 1640 3546 τὸ
1674 3512 1805 3565 προ-

246 3580 409 3648 φάσει
430 3580 538 3632 τῶν
572 3582 780 3635 πολλῶν
807 3583 1085 3653 βασιλειῶν
1106 3584 1215 3654 (72)
1250 3584 1477 3653 ἄμικτον
1504 3584 1611 3636 τῶν
1638 3585 1804 3637 ἐθνῶν
1836 3642 1845 3649 ,

247 3670 385 3741 πρὸς
418 3670 639 3741 ἄλληλα,
689 3673 1059 3745 χαλεπώτερον
1084 3676 1305 3747 γένηται
1342 3680 1452 3739 τοῖς
1492 3678 1803 3739 ἀποστόλοις

242 3759 338 3813 τοῦ
379 3760 551 3831 Ἰησοῦ
578 3762 640 3814 τὸ
666 3764 885 3833 ποιῆσαι
915 3764 1047 3837 ὅπερ
1082 3767 1406 3835 προσέταξεν
1426 3768 1603 3829 αὐτοῖς
1631 3768 1658 3817 ό
1701 3768 1803 3837 Ἰη-

247 3850 398 3913 σοῦς,
433 3850 630 3904 εἰπών’
669 3870 690 3904 ι
735 3854 1093 3924 Πορευθέντες
1133 3856 1499 3925 μαθητεύσατε
1530 3857 1704 3911 πάντα
1735 3859 1803 3910 τά

190 3990 193 3993 .
243 3940 392 4010 ἔθνη.
436 3957 454 3991 ι
492 3941 599 3993 Kal.
634 3942 804 4009 σαφές
847 3960 930 4010 γε,
965 3945 1045 3996 ὅτι
1079 3946 1217 3998 κατά
1245 3947 1343 4017 τὴν
1363 3947 1667 4015 Αὐγούστου
1706 3947 1803 4016 βα-

244 4032 449 4085 σιλείαν
490 4034 518 4085 ὁ
569 4031 774 4102 Ἰησοῦς
805 4033 933 4104 (75)
973 4036 1317 4105 γεγέννηται,
1370 4037 1464 4090 τοῦ
1496 4038 1581 4108 (ἵν’
1631 4024 1802 4101 οὕτως

238 4119 511 4190 ὀνομάσω)
556 4121 907 4190 όμαλίσαντος
936 4124 1023 4177 διὰ
1069 4127 1196 4194 μιᾶς
1228 4126 1498 4195 βασιλείας
1527 4129 1651 4191 τοὺς
1673 4129 1800 4182 πολ-

240 4208 367 4273 λοὺς
403 4209 509 4262 τῶν
539 4211 631 4263 ἐπὶ
660 4209 782 4281 γῆς.
814 4207 921 4265 Ἤν
975 4214 1032 4267 δὲ
1073 4214 1139 4268 ἂν
1172 4216 1422 4287 ἐμπόδιον
1451 4217 1542 4269 τοῦ
1571 4217 1803 4288 νεμηθῆ-

240 4317 329 4354 ναι
362 4300 462 4370 τὴν
493 4300 665 4371 Ἰησοῦ
692 4302 1032 4357 διδασκαλίαν
1058 4307 1137 4367 είς
1162 4307 1337 4359 πᾶσαν
1360 4308 1456 4376 τὴν
1483 4307 1801 4377 οἰκουμένην

237 4390 301 4443 τὸ
325 4389 525 4453 πολλὰς
561 4387 699 4445 εἶναι
738 4392 1029 4463 βασιλείας,
1058 4395 1117 4469 ού
1152 4396 1307 4465 μόνον
1335 4395 1421 4448 διὰ
1452 4397 1519 4449 τὰ
1548 4414 1802 4467 προειρη-

240 4482 403 4550 μένα,
452 4481 589 4535 ἀλλά
612 4484 707 4536 καὶ
745 4483 843 4537 ιδιά
872 4484 935 4536 τὸ
965 4472 1363 4551 ἀναγκάζεσθαι
1412 4486 1795 4555 στρατεύεσθαι
1828 4472 1875 4531 Ῑ)

237 4573 333 4624 καὶ
365 4573 503 4643 ὑπὲρ
531 4573 641 4627 τῶν
673 4576 942 4645 πατρίδων
976 4572 1230 4641 πολεμεῖν
1256 4575 1381 4637 τοὺς
1412 4575 1683 4645 πανταχοῦ
1706 4594 1719 4606 ο
1767 4578 1794 4629 ὅ

206 4682 289 4717 ’τι
320 4664 530 4731 ἐγίνετο
559 4664 667 4734 (74)
692 4666 800 4736 πρὸ
838 4663 946 4715 τῶν
984 4664 1293 4733 Αὐγούστου
1324 4666 1548 4736 χρόνων,
1588 4668 1681 4719 καὶ
1716 4668 1794 4725 ἔτι
1841 4714 1850 4722 .

231 4768 299 4819 γε
335 4752 611 4820 ἀνωτέρω,
667 4754 756 4807 ὅτε
792 4770 857 4820 γε
904 4753 1058 4823 χρεία
1097 4749 1184 4823 ἦν,
1237 4755 1314 4816 ὡς
1357 4754 1794 4826 Πελοποννησίων

232 4840 331 4892 καὶ
370 4837 663 4907 Ἀθηναίων
687 4835 822 4894 εἶναι
856 4841 1107 4911 πόλεμον,
1129 4841 1269 4896 οὕτω
1301 4844 1393 4896 καὶ
1429 4844 1629 4915 ἐτέρων
1660 4847 1794 4918 πρὸς

230 4928 477 4998 ἑτέρους.
512 4929 637 4992 Πῶς
687 4926 778 4985 οὖν
808 4925 919 4985 οἷόν
964 4949 1023 4985 τε
1048 4928 1115 5003 ἦν
1147 4931 1244 5004 τὴν
1282 4934 1561 5005 εἰρηνικὴν
1590 4938 1791 5009 ταύτην

228 5017 599 5086 διδασκαλίαν,
644 5024 736 5077 καὶ
772 5023 905 5095 μηδὲ
944 5024 1169 5096 ἐχθροὺς
1207 5026 1601 5098 ἐπιτρέπουσαν
1648 5029 1790 5098 ἀμύ-

305 5133 355 5164 ³³
384 5132 529 5189 Psal.
557 5151 708 5202 uxr,
732 5136 786 5192 7.
858 5137 907 5170 “
929 5137 1119 5194 Matth.
1142 5153 1337 5201 xxvnt,
1372 5139 1461 5192 l9.

304 5264 421 5330 (67)
457 5264 795 5322 Hmschelius
827 5267 879 5321 in
907 5274 1077 5330 textu,
1102 5265 1388 5329 ποιεῖσθαι,
1424 5266 1580 5321 male.

454 5332 609 5406 Liltb.
644 5337 870 5406 editi‘ad
902 5339 1217 5406 marginem,
1248 5335 1679 5406 ἐπιδημήσαντα.

306 5402 423 5473 (69)
456 5402 584 5457 Κᾶν
628 5403 907 5469 πιθανῶς.
939 5402 1251 5458 Boherellus
1289 5402 1437 5473 legit,
1476 5402 1598 5457 κᾶν
1630 5402 1789 5458 πιθα·

228 5471 361 5546 νῆςέ
375 5471 611 5546 Quietus
649 5490 797 5538 vero,
829 5473 1229 5546 x&v_dt1r£_6avoq.

333 5543 422 5610 70)
451 5542 871 5613 Κατήοητειλεν.
920 5541 1271 5613 scribendum
1316 5540 1531 5613 videtur
1588 5543 1788 5613 κατήγ-

1978 1971 2067 2026 50.
2092 1968 2302 2045 Adjecit
2339 1978 2393 2024 et
2426 1968 2531 2022 hoc
2556 1965 2744 2020 Celsus
2774 1982 2790 2018 :
2824 1981 2843 2014 ι
2878 1962 3047 2017 Nemo
3076 1958 3336 2030 ejusmodi
3382 1958 3462 2010 si-

1923 2061 2066 2131 gnis,
2096 2059 2637 2128 interpretationibus
2673 2070 2839 2124 prave
2876 2053 3119 2117 detortis,
3155 2061 3263 2104 tam
3291 2048 3464 2103 inani-

1907 2151 2008 2204 bus
2028 2149 2359 2219 argumentis
2381 2155 2437 2201 et
2462 2146 2625 2199 Deum
2657 2154 2712 2198 et
2740 2144 2830 2197 Dei
2860 2142 3055 2197 Filium
3085 2157 3205 2197 esse
3237 2146 3462 2196 demon-

1907 2238 2188 2293 straverit.
2229 2254 2249 2289 ι
2281 2235 2353 2291 Ut
2382 2249 2578 2304 pravas
2616 2234 2738 2289 illas
2770 2231 3240 2299 interpretationes
3271 2231 3461 2285 redar-

1908 2338 2123 2400 gueret,
2184 2329 2446 2383 adductas
2495 2328 2768 2397 oportuit;
2816 2326 3001 2380 debuit
3036 2333 3089 2379 et
3147 2322 3325 2377 inania
3372 2320 3464 2375 illa

1908 2430 2225 2489 argumenta
2265 2421 2545 2483 exhibere,
2600 2428 2657 2473 ut
2692 2418 2737 2473 si
2776 2416 2902 2485 quid
2949 2415 3230 2485 probabile
3273 2422 3461 2467 contra

1908 2510 2103 2565 afferre
2126 2511 2272 2564 visus
2298 2520 2464 2575 esset,
2500 2511 2551 2563 id
2584 2511 2899 2578 impugnare
2928 2506 3267 2562 Christianus
3287 2511 3462 2558 tenta-

1910 2612 2008 2663 ret,
2050 2613 2247 2669 etquae
2270 2601 2481 2669 objecta
2509 2600 3025 2654 fuissentevcrtere.
3073 2596 3227 2662 Quod
3279 2603 3457 2647 autem

1907 2692 1972 2744 de
2001 2688 2125 2744 Jesu
2170 2691 2323 2755 dixit,
2363 2691 2611 2745 debuisse
2660 2691 2808 2745 illum
2850 2687 3272 2757 magnitudinem
3306 2697 3457 2737 suam

1906 2778 2213 2841 ostendere,
2247 2777 2298 2830 id
2327 2779 2533 2831 exitum
2572 2777 2798 2841 habuit;
2831 2778 2923 2829 sed
2958 2776 3007 2828 id
3050 2773 3231 2827 videre
3265 2771 3458 2834 noluit,

1905 2866 2198 2933 quamlibet
2214 2866 2549 2921 evidentibus
2569 2867 2902 2937 argumentis
2921 2872 3243 2918 astruatum
3267 2864 3487 2935 Quem:

1908 2959 2198 3013 admodum
2253 2961 2375 3023 sol,
2417 2960 2634 3028 inquit,
2682 2975 2767 3014 res
2800 2972 2987 3013 omnes
3027 2958 3300 3011 illustraus
3347 2954 3459 3024 pri-

1909 3065 2055 3103 nmm
2104 3066 2162 3108 se
2209 3035 2649 3121 ipse-ostendit;
2701 3054 2781 3105 sic
2829 3050 3111 3118 oportebat
3148 3048 3327 3102 facere
3363 3044 3457 3099 Dei

1908 3137 2122 3193 Filium.
2168 3155 2187 3188 ›
2232 3139 2297 3191 Et
2356 3139 2485 3196 fecit
2559 3141 2774 3209 quidem
2820 3152 2836 3190 :
2885 3157 2902 3189 ι
2942 3137 3072 3192 Orta
3119 3148 3200 3190 est
3231 3139 3373 3190 enim
3404 3138 3457 3189 in

1910 3230 2094 3283 diebus
2143 3228 2258 3297 ejus
2292 3229 2504 3296 justitia
2546 3241 2599 3284 et
2652 3230 2978 3289 abundantia
3005 3226 3229 3297 pacis",
3253 3246 3270 3279 ι
3298 3227 3459 3294 idque

1907 3319 2087 3371 statim
2112 3332 2176 3373 ac
2204 3325 2362 3373 natus
2388 3328 2489 3374 est.
2515 3318 2651 3373 Deus
2676 3320 2840 3382 enim,
2875 3334 2994 3372 cum
3027 3329 3215 3384 gentes
3245 3320 3309 3370 ad
3342 3316 3457 3381 ejus
3498 3331 3503 3338 '

1906 3410 2203 3463 doctrinam
2236 3412 2758 3481 przeparatasvellet,
2794 3412 3028 3481 providit
3052 3421 3106 3463 ut
3141 3412 3228 3463 uni
3263 3409 3459 3482 Roma-

1908 3517 2103 3555 norum
2144 3504 2455 3570 imperatori
2492 3513 2747 3571 parerent
2782 3518 2795 3555 :
2834 3518 2921 3569 ne,
2970 3503 3011 3555 si
3062 3503 3243 3570 plures
3274 3509 3457 3556 essent

1906 3606 2059 3660 reges
2087 3601 2381 3661 gentesque
2407 3601 2586 3647 essent
2613 3610 2639 3646 a
2672 3608 2728 3647 se
2752 3594 2979 3646 invicem
3032 3592 3233 3655 alienae,
3269 3590 3459 3644 dillici-

1905 3680 2007 3732 lius
2047 3680 2283 3748 Apostoli
2321 3690 2748 3749 exsequerentur
2796 3678 2871 3740 id,
2905 3678 3042 3744 quod
3092 3677 3194 3752 illis
3246 3690 3274 3727 a
3326 3672 3454 3728 Jesu

1906 3782 2227 3838 praeceptum
2262 3771 2361 3824 fuit
2388 3772 2471 3824 his
2505 3773 2721 3823 verbis:
2754 3787 2770 3817 ι
2810 3769 3028 3829 Euntes,
3055 3767 3241 3819 docete
3268 3777 3454 3818 omnes

1905 3871 2093 3928 gentes
2120 3861 2185 3912 “.
2225 3878 2241 3910 ›
2271 3862 2445 3928 Atque
2473 3860 2635 3913 etiam
2666 3866 2876 3912 constat
2906 3856 3084 3910 Jesum
3123 3865 3302 3908 natum
3335 3867 3455 3907 esse

1905 3952 2003 4004 sub
2023 3950 2284 4019 Angusto,
2309 3952 2397 4019 qui
2430 3951 2481 4004 in
2506 3965 2666 4001 unum
2700 3963 2922 4016 regnum
2956 3948 3239 3999 maximam
3282 3944 3455 3997 horni-

1906 4054 2032 4091 num
2065 4040 2154 4106 qui
2186 4040 2238 4091 in
2274 4040 2404 4092 orbe
2438 4047 2703 4090 terrartnu
2728 4035 2956 4103 dispersi
2982 4044 3125 4099 sunt,
3154 4031 3452 4087 multitudi-

1905 4145 2024 4183 nem
2051 4130 2216 4183 veluti
2267 4128 2694 4181 consociaverat.
2745 4125 3049 4194 Regnorum
3099 4127 3242 4179 enim
3274 4123 3453 4177 multi-

1907 4219 2030 4271 tudo
2077 4218 2455 4286 impedimento
2484 4217 2695 4280 fuisset,
2722 4215 3119 4283 quominuslin
3159 4225 3325 4267 totum
3359 4227 3453 4266 or-

1902 4311 2022 4364 bem
2048 4308 2291 4363 doctrina
2316 4306 2441 4362 Iesu
2472 4308 2941 4361 disseminaretnr.
2988 4304 3043 4359 1d
3071 4303 3298 4358 ellicitur
3322 4314 3449 4356 cum

1903 4413 1965 4452 cx
1998 4398 2066 4452 iis
2087 4396 2336 4466 quzejam
2379 4397 2637 4460 diximus,
2679 4408 2788 4450 tum
2841 4396 2963 4449 inde
3008 4391 3263 4454 maxime,
3303 4390 3450 4458 quod

1900 4501 1995 4556 pro
2019 4487 2205 4553 patriae
2237 4485 2550 4541 defensione
2575 4486 2713 4541 bella
2740 4484 2956 4554 gerendi
2990 4482 3283 4536 necessitas
3313 4481 3450 4536 fuis-

1899 4586 2019 4642 set;
2079 4584 2133 4629 ut
2180 4576 2340 4644 paulo
2381 4588 2508 4630 ante
2548 4575 2769 4643 Augusti
2809 4582 3050 4639 tempora
3093 4571 3450 4638 superiusque

1898 4667 2098 4721 factum
2144 4667 2342 4729 fuerat,
2372 4668 2589 4734 quando
2613 4705 2628 4730 ,
2662 4673 2720 4717 ut
2764 4661 3182 4731 Peloponnesios
3214 4661 3351 4712 inter
3390 4667 3450 4713 et

1882 4756 2272 4819 Athenienses,
2294 4758 2373 4809 sic
2400 4755 2544 4808 inter
2571 4752 2706 4807 alias
2725 4758 2912 4821 gentes
2935 4751 3127 4805 bellum
3158 4762 3283 4805 esse
3307 4739 3444 4815 opus

1897 4850 2019 4904 fuit.
2071 4848 2347 4914 Quomodo
2383 4844 2547 4914 igitur
2565 4845 2786 4912 pacillca
2809 4844 2924 4897 haec
2944 4842 3209 4904 doetrina,
3232 4854 3351 4907 quae
3374 4852 3444 4894 ne

1897 4938 2234 4991 inimicorum
2264 4933 2479 5002 quidem
2532 4932 2760 5000 injurias
2794 4933 2983 4987 ulcisci
3033 4929 3315 4999 permittit,
3346 4941 3441 4995 po-

1901 5027 2091 5084 tuisset
2117 5024 2475 5093 invalescere,
2525 5026 2627 5080 nisi
2676 5034 2789 5079 toto
2818 5023 2947 5077 orbe
2985 5022 3247 5075 adventus
3278 5017 3441 5090 413

1960 5265 2075 5339 (7⁸2)-
2117 5265 2297 5339 Codex
2326 5266 2545 5339 Regius,
2579 5266 2857 5339 βασιλέων.
2894 5267 3137 5339 rGuietus
3181 5268 3439 5339 expungit

1884 5335 2090 5421 male
2139 5335 2703 5421 76,~quod;p~raacedit,
2752 5346 2806 5417 et
2861 5338 3112 5421 sic’legit
3160 5335 3321 5421 τηκαὶ
3357 5335 3434 5419 μή

1886 5406 2152 5476 προφάσει
2181 5405 2288 5476 τῶν
2309 5404 2512 5476 πολλῶν
2540 5404 2839 5476 βασιλειῶν,
2875 5404 3115 5476 ἀμίκτίυν
3140 5407 3247 5462 τῶν
3266 5404 3434 5461 ἐθνῶν

1885 5473 2020 5546 πρδς
2032 5544 2042 5546 4
2053 5474 2253 5546 ἄλληλα
2294 5474 2483 5546 όντων,
2512 5473 2785 5546 χαλεπώτε
2794 5492 2903 5546 ρον,
2916 5473 2924 5476 ’
2938 5486 3043 5531 etc.

1955 5544 2067 5613 (73)
2110 5542 2211 5613 Pro
2242 5546 2270 5595 ὁ
2314 5542 2538 5613 Ἰησοῦς,
2588 5542 2923 5613 ljmselielius
2972 5548 3023 5598 in
3076 5554 3221 5599 textu
3271 5542 3433 5613 habet

227 5606 474 5689 γειλανη
496 5618 558 5689 _ut
599 5606 878 5689 referatur
922 5612 989 5665 ad
1021 5609 1327 5689 προφῆται.
1378 5608 1507 5665 Post
1552 5606 1788 5682 sequens

1904 5606 1981 5689 .l'g',
2021 5606 2077 5666 εἰ
2129 5612 2196 5666 ad
2244 5606 2544 5681 marginem
2593 5609 2682 5684 ἦς,
2725 5615 2836 5682 sedJ
2864 5622 3099 5683 utraque
3144 5613 3303 5689 lectio
3349 5612 3431 5668 vt-

225 5678 709 5760 obfgxaddeudtlm
738 5679 951 5760 videtur
970 5678 1096 5760 γάρζ
1156 5678 1164 5679 “
1207 5736 1209 5739 τ

301 5744 592 5816 (71)Κᾶν.
629 5748 788 5806 Deest
814 5749 868 5805 in
905 5744 1155 5806 omnibus
1182 5761 1313 5804 mss.

1884 5684 2043 5736 tiosa.

1960 5747 2069 5821 (76)
2098 5746 2249 5804 Libb.
2281 5748 2409 5807 editi
2433 5748 2499 5805 ad
2534 5752 2847 5821 marginem,
2871 5750 3099 5819 ἐγένετο.
