4076 6310
805 384 905 444 831

2241 394 2555 454 ORIGENiS
3902 391 3978 447 τις

809 501 960 564 Jesu,
1014 501 1241 570 placatis
1287 504 1503 570 animis,
1560 505 1782 560 dissidia
1811 507 1987 560 omnia
2029 509 2351 575 composuis-

2459 508 2661 570 νεσθαι,
2691 508 2974 578 κρατῆσαι,
3009 502 3055 558 ἐξ
3103 505 3176 576 μὴ
3207 505 3274 558 τὰ
3450 501 3770 572 οἰκουμένης
3903 506 3976 574 Ἰτπ

807 593 926 646 set?

871 771 957 825 51.
994 770 1238 825 Postlimc
1278 789 1398 825 eum
1438 771 1758 826 Christianis
1790 775 2108 840 expostulat,
2157 794 2174 824 ε
2211 776 2353 841 quod

805 859 1056 925 captiosis
1092 861 1317 926 argutiis
1366 862 1491 914 freti
1546 861 1740 913 Filium
1794 852 1886 914 Dei
1935 876 2181 916 asset-ant
2227 879 2354 930 pro-

801 951 974 1017 prium
1018 965 1137 1005 esse
1181 951 1270 1004 Dei
1309 953 1576 1015 Verbum;
1610 970 1628 1002 ι
1683 961 1940 1019 putatque
1987 969 2046 1006 se
2093 954 2353 1006 crimina-

801 1043 931 1094 tioni
977 1043 1084 1094 vim
1135 1043 1354 1104 addere,
1399 1058 1521 1095 cum
1556 1043 1633 1095 ait
1689 1056 1807 1102 nos,
1847 1062 1865 1092 ι
1902 1059 1997 1109 pro
2035 1043 2214 1097 Verbo
2266 1045 2357 1099 illo

798 1147 932 1198 puro
966 1141 1020 1186 et
1051 1145 1242 1186 saneto
1281 1135 1421 1199 quod
1458 1131 1651 1185 Filium
1690 1135 1778 1185 Dei
1815 1146 1932 1186 esse
1979 1136 2353 1200 praedicamus,

795 1225 1054 1277 exhibere
1084 1225 1571 1289 despicatissiumm
1605 1225 1899 1289 hominem,
1934 1223 2114 1294 ﬂagris
2157 1242 2351 1280 caesum

795 1324 850 1366 et
891 1316 941 1366 in
979 1329 1190 1366 crucem
1230 1324 1428 1367 actum.
1454 1333 1469 1364 ι
1506 1313 1562 1365 In
1603 1315 1980 1382 superioribus
2009 1316 2122 1381 jam
2164 1332 2353 1370 omnes

798 1403 899 1455 hac
926 1405 990 1456 de
1028 1417 1083 1454 re
1117 1399 1434 1468 compendio
1481 1405 1706 1469 repulsae
1737 1416 1858 1458 sunt
1899 1405 2039 1458 Celsi
2087 1407 2346 1458 crimina-

803 1490 994 1544 tiones.
1048 1489 1156 1543 lliie
1192 1491 1332 1543 enim
1367 1501 1642 1545 ostensum
1682 1502 1764 1547 est
1805 1510 1999 1561 eerpus
2031 1506 2082 1547 et
2117 1498 2350 1548 animam

800 1580 1090 1632 humanam
1146 1590 1394 1647 suscepta
1444 1583 1608 1636 fuisse
1641 1599 1670 1635 a
1725 1605 1744 1631 ε
1775 1585 2133 1653 primogenita
2178 1587 2353 1640 omnis

799 1680 1066 1724 creaturae
1089 1670 1166 1733 ";
1199 1690 1216 1720 ι
1265 1672 1316 1723 in
1367 1688 1545 1725 rerum
1594 1674 1751 1740 hujus
1801 1676 1986 1728 mundi
2044 1678 2353 1730 conditione

793 1761 1025 1826 juSsisse
1059 1760 1242 1819 Deum,
1273 1761 1562 1827 statimque
1605 1762 1722 1814 illas
1754 1776 1960 1817 creatas
2001 1781 2154 1836 esse;
2198 1767 2351 1819 deui-

2457 599 2549 650 σοῦ
2584 599 2840 666 ἐπιδημίᾳ
2887 596 3243 667 μετεϐέϐλητο
3291 594 3560 664 πανταχοῦ
3595 595 3688 646 ἐπὶ
3712 594 3771 645 τὸ
3799 594 3975 664 ἡμερώ-

2452 705 2506 737 τε
2518 682 2603 756 po")
2635 688 2765 753 (72$);

2521 777 2674 826 Μετὰ
2710 777 2880 829 ταῦ-α
2929 779 3264 846 Χριστιανοῖς
3320 777 3559 843 ἐγκαλεῖ,
3602 794 3622 825 ι
3667 775 3742 836 ὡς
3799 773 3975 839 σοφιζο-

2457 864 2633 930 μένοις
2665 867 2720 917 ἐν
2758 866 2833 933 τῷ
2865 867 3036 932 λέγειν
3059 868 3146 918 τὸν
3178 865 3300 917 Υίόν
3331 865 3422 916 τοῦ
3452 864 3584 916 Θεοῦ
3615 859 3752 916 εἶναι
3779 863 3974 915 Αὐτολέ-

2454 970 2571 1018 γον·
2613 974 2631 1004 ι
2665 958 2758 1008 καὶ
2797 943 2962 1008 οἴεταί
3008 973 3068 1022 γε
3116 955 3396 1025 κρατύνειν
3437 954 3496 1006 τὸ
3530 952 3808 1021 ἔγκλημα·
3849 953 3972 1014 ἐπεὶ,

2460 1062 2477 1092 ι
2508 1043 2672 1108 Λόγον
2710 1044 3156 1112 ἐπαγγελλόμενοι
3205 1043 3330 1094 Υίδν
3375 1037 3511 1094 εἶναι
3545 1040 3637 1093 τοῦ
3681 1040 3831 1103 Θεοῦ,
3866 1042 3975 1091 ἀπο-

2453 1130 2731 1197 δείκνυμεν
2756 1131 2815 1180 οὐ
2846 1131 3012 1197 Λόγον
3049 1130 3282 1199 καθαρὸν
3323 1133 3414 1182 καὶ
3452 1131 3622 1196 ἅγιον,
3661 1129 3770 1180 ἀλλ’
3797 1129 3974 1199 ἄνθρω-

2455 1235 2556 1268 πον
2592 1220 2908 1286 ἀτιμότατον
2963 1218 3070 1286 (76)
3125 1218 3434 1285 ἀπαχθέντα
3485 1219 3576 1270 καὶ
3631 1219 3976 1286 ἀποτυμπανι-

2457 1309 2663 1361 σΟέντα.
2691 1333 2707 1358 ι
2761 1310 2867 1359 Καὶ
2900 1311 3022 1378 περὶ
3049 1309 3238 1359 τούτου
3265 1309 3308 1359 δ’
3336 1310 3392 1360 ἐν
3419 1310 3526 1368 τοῖς
3553 1309 3824 1376 ἀνωτέρω,
3850 1307 3914 1368 ὡς
3935 1309 3978 1358 ἐν

2456 1401 2717 1467 ἐπιτομῇ,
2767 1400 2900 1468 πρὸς
2940 1401 3034 1460 τὰς
3073 1392 3280 1450 ’Κέλσου
3310 1398 3637 1466 κατηγορίας
3676 1398 3906 1466 εἴρηταιο
3934 1399 3979 1448 ἐν

2454 1484 2532 1550 οἷς
2589 1490 2935 1540 ἀπεδείκνυτο
2982 1508 3000 1539 ί
3027 1492 3055 1540 6
3097 1491 3274 1558 πάσης
3329 1489 3556 1550 κτίσεως
3617 1488 3976 1556 πρωτότοκος»

2453 1578 2752 1646 ἀνειληφὼς
2785 1579 2937 1648 σῶμα
2978 1579 3069 1629 καὶ
3098 1578 3271 1647 ψυχὴν
3321 1577 3696 1647 ἀνθρωπίνηνο
3733 1577 3824 1627 καὶ
3865 1577 3979 1626 ὅτιό

2452 1670 2582 1730 Θεὸς
2634 1669 2929 1720 ἐνετείλατο
2964 1669 3087 1736 περὶ
3118 1668 3220 1719 τῶν
3269 1668 3530 1719 τοσούτων
3564 1670 3620 1718 ἐν
3664 1667 3867 1734 κόσμῳ,
3907 1667 3981 1716 καὶ

2453 1759 2698 1827 ἐκτίσθη·
2736 1759 2828 1810 καὶ
2866 1759 2943 1810 ὅτι
2974 1761 3000 1809 ὀ
3032 1759 3128 1826 τὴν
3171 1758 3384 1825 ἐντολὴν
3417 1756 3594 1809 λαϐὼν
3621 1758 3649 1807 6
3675 1756 3802 1816 Θεὸς
3841 1756 3980 1820 Λόγος

796 1868 899 1918 que
937 1852 1102 1904 Deum
1139 1851 1372 1903 Verbum
1413 1852 1598 1915 fuisse,
1643 1855 1731 1919 qui
1779 1857 2086 1909 mandatum
2123 1873 2348 1925 accepe-

2450 1845 2537 1917 ἦν.
2567 1851 2671 1900 Καὶ
2694 1853 2811 1901 ἐπεὶ
2850 1851 3089 1910 Ἰουδαῖός
3117 1851 3259 1900 ἐστιν
3285 1852 3311 1901 6
3340 1848 3486 1916 παρά
3519 1847 3594 1916 τῷ
3621 1847 3809 1915 Κέλσῳ
3836 1847 3982 1897 ταῦτα

797 1938 887 1989 rit.
919 1939 1186 2001 Quoniam
1233 1955 1361 1992 vero
1393 1941 1610 1995 JUdLEIIS
1647 1953 1726 1996 est
1772 1946 1860 2011 qui
1895 1945 2009 2000 haec
2049 1950 2189 2015 apud
2233 1948 2352 2001 Cel-

796 2041 916 2080 sum
945 2028 1092 2091 dicit,
1130 2045 1232 2082 non
1268 2032 1499 2104 alienum
1539 2031 1700 2085 fuerit
1737 2033 1810 2085 uti
1860 2035 2168 2090 testimonio
2199 2038 2353 2106 cujus

795 2132 955 2185 supra
1002 2120 1222 2172 utemini
1262 2137 1276 2171 :
1317 2139 1332 2169 ι
1375 2119 1516 2173 Misit
1551 2120 1785 2174 Verbum
1836 2137 2015 2186 suum,
2043 2133 2096 2176 et
2145 2130 2354 2178 sanavit

797 2221 910 2269 eos,
956 2217 1011 2259 et
1055 2208 1252 2276 eripuit
1303 2225 1398 2262 eos
1448 2225 1476 2261 a
1530 2211 1972 2278 corruptionibus
2027 2227 2211 2265 eorum
2236 2214 2346 2265 ⁸⁸.»

797 2294 949 2359 Quod
996 2306 1174 2349 autem
1206 2299 1390 2351 Celsus
1439 2313 1679 2366 persona:
1719 2299 1887 2353 Judaei
1938 2300 2194 2368 assignat,
2229 2319 2350 2355 eum

797 2385 876 2437 sic
943 2384 1244 2451 loquentem
1314 2389 1574 2442 inducens
1629 2407 1642 2441 :
1707 2407 1724 2438 ι
1771 2389 1826 2442 Si
1900 2388 2132 2442 Verbum
2198 2393 2350 2446 vobis

795 2483 878 2527 est
925 2473 1090 2527 Filius
1151 2475 1275 2537 Dei,
1336 2479 1664 2531 assentimur
1707 2488 1761 2531 et
1809 2491 1937 2541 nos;
1967 2496 1984 2527 ι
2032 2478 2083 2530 id
2131 2493 2158 2530 a
2207 2479 2350 2530 nullo

801 2578 1034 2630 unquam
1091 2562 1272 2617 Judazo
1327 2567 1539 2628 audivi,
1585 2569 1832 2635 quamvis
1888 2583 2010 2620 cum
2056 2568 2236 2621 multis
2267 2584 2351 2621 eo-

800 2668 949 2715 rum,
988 2652 1079 2719 qui
1120 2668 1177 2705 se
1226 2656 1495 2722 sapientes
1535 2659 1843 2725 venditant,
1877 2659 2201 2729 colloquium
2255 2661 2351 2713 ha-

797 2744 1027 2796 buerim.

870 2833 960 2889 32.
997 2833 1115 2887 1am
1151 2843 1275 2888 ante
1305 2835 1507 2890 dictum
1539 2846 1619 2892 est
1647 2838 1827 2894 Jesum
1860 2849 1956 2896 ne’e
1981 2850 2344 2907 arrogantem,

799 2939 897 2979 nec
927 2928 1375 2994 praestigiatorem
1407 2942 1526 2981 esse
1574 2943 1758 2994 posse;
1807 2933 2029 3000 proinde
2084 2919 2215 2984 nihil
2252 2945 2347 2982 ne-

796 3030 948 3071 eesse
991 3027 1075 3071 est
1121 3019 1306 3071 eadem
1339 3018 1427 3071 hic
1483 3031 1746 3086 repetere,
1781 3036 1846 3073 ne
1889 3024 2074 3076 eadem
2131 3038 2346 3091 semper

794 3107 1076 3160 occinente
1105 3107 1283 3168 Celso,
1319 3107 1508 3160 eadem
1539 3116 1593 3159 et
1633 3122 1729 3160 nos
1768 3123 1979 3174 semper
2009 3111 2338 3165 occinamus.

798 3195 933 3249 Hinc
966 3195 1327 3265 genealogiam
1374 3195 1726 3264 aggreditur:
1767 3196 1856 3248 ubi
1899 3196 2094 3248 nullam
2127 3199 2343 3251 omnino

804 3285 1126 3338 mentionem
1161 3286 1290 3338 facit
1333 3302 1517 3339 eorum
1553 3299 1671 3352 qua:
1713 3284 1790 3336 vel
1822 3283 1972 3352 ‘apud
2006 3285 2346 3342 Christianos

803 3375 854 3426 in
886 3377 1306 3430 controversiam
1339 3386 1620 3439 vocantur,
1661 3390 1886 3442 quaeque
1916 3390 1979 3427 ex
2013 3377 2347 3445 genealogia-

802 3479 917 3514 rum
953 3464 1092 3517 inter
1123 3481 1181 3518 se
1213 3466 1580 3534 discrepantia
1622 3465 1826 3519 ducunt
1855 3464 2093 3517 nonnulli
2131 3474 2186 3518 et
2217 3467 2347 3519 vitio

803 3561 1040 3608 vertunt.
1089 3553 1290 3622 Quippe
1337 3557 1420 3608 sui
1475 3564 1783 3609 ostentator
1845 3553 1933 3606 ille
1998 3553 2187 3606 Celsus
2249 3558 2336 3621 qui

800 3643 1232 3698 Christianorum
1299 3649 1479 3701 omnia
1540 3662 1599 3700 se
1675 3648 1818 3701 scire
1884 3645 2190 3713 proﬁtetur,
2249 3662 2345 3698 ne-

801 3733 1006 3785 sciebat
1046 3733 1337 3801 prudenter
1363 3751 1413 3791 e.
1441 3737 1739 3804 Scripturis
1793 3739 2082 3804 decerpere
2130 3752 2246 3804 qua:
2295 3738 2344 3787 in

801 3821 1022 3875 dubium
1091 3834 1387 3877 revocaret.
1436 3827 1525 3879 Ait
1576 3828 1757 3895 itaque
1809 3845 1828 3876 ι
1861 3829 2020 3881 nimis
2058 3829 2348 3883 insolenter

800 3912 976 3977 egisse
1014 3926 1130 3975 eos,
1165 3915 1257 3977 qui
1291 3915 1660 3983 genealogiam
1707 3916 1834 3970 .lesu
1868 3926 2172 3993 texuerunt,
2221 3934 2345 3973 cum

800 4002 949 4055 illum
980 4016 1011 4054 a
1040 4004 1211 4069 primo
1238 4004 1453 4056 homine
1481 4003 1894 4075 Judworumque
1924 4010 2141 4077 regibus
2167 4010 2349 4063 oriun-

801 4097 926 4148 dum
973 4108 1091 4149 esse
1128 4095 1492 4162 scripserunt;
1527 4113 1543 4144 ›
1583 4105 1636 4148 et
1688 4107 1965 4152 strenuum
2015 4100 2213 4166 aliquid
2260 4099 2343 4152 af-

800 4188 942 4242 ferre
978 4201 1035 4240 se
1063 4195 1235 4255 putat,
1277 4201 1401 4239 cum
1437 4187 1552 4239 ait:
1591 4206 1608 4237 ι
1638 4186 1819 4255 Neque
1861 4190 1998 4244 fabri
2033 4206 2166 4244 uxor
2201 4201 2346 4244 tanto

800 4291 998 4345 genere
1033 4285 1205 4330 ortam
1241 4291 1298 4329 se
1349 4275 1672 4342 ignorasset.
1702 4296 1720 4327 ι
1766 4278 1901 4341 Quid
1947 4281 2047 4334 hoc
2081 4283 2147 4335 ad
2189 4283 2347 4336 rem?

801 4370 952 4433 Esto,
1002 4384 1108 4422 non
1162 4369 1484 4436 ignorasset.
1515 4367 1653 4432 Quid
1701 4368 1798 4420 hoc
1836 4381 2022 4422 contra
2067 4374 2200 4426 nos?
2240 4374 2346 4426 Fac

2454 1938 2642 2004 λέγων,
2673 1940 2769 1990 οὐκ
2816 1941 3031 2001 ἀτόπως
3069 1940 3379 2008 χρησόμεθα
3425 1938 3521 2008 τῷ,
3576 1959 3593 1988 ι
3635 1938 3979 2003 Ἐξαπέστειλε

2450 2032 2538 2081 τὸν
2578 2032 2743 2097 Λόγον
2791 2031 2973 2093 αὐτοῦ,
3009 2033 3100 2082 καὶ
3151 2032 3334 2082 ἰάσατο
3371 2032 3583 2092 αὐτοὺς,
3612 2031 3704 2081 καὶ
3743 2030 3983 2100 ἐρρύσατο

2451 2122 2642 2182 αὐτοὺς
2668 2124 2730 2172 ἐκ
2762 2123 2866 2172 τῶν
2895 2120 3192 2190 διαφθορῶν
3233 2120 3434 2173 αὐτῶν·
3462 2139 3479 2170 ι
3517 2114 3577 2170 οῦ
3621 2120 3712 2172 καὶ
3753 2119 3982 2186 ἀνωτέρω

2452 2211 2815 2279 ἐμνήσθημεν.
2857 2210 2994 2276 Ἐγὼ
3018 2211 3094 2271 δέ,
3129 2211 3220 2262 καὶ
3251 2209 3460 2271 πολλοῖς
3497 2209 3762 2269 Ἰουδαίοις
3804 2209 3891 2258 καὶ
3918 2223 3981 2258 σοι

2451 2305 2567 2367 φοῐς
2615 2317 2676 2367 γε
2729 2301 3208 2368 ἐπαγγελλομένοις
3259 2295 3393 2350 εἶναι
3450 2297 3754 2366 συμϐαλὼν,
3797 2297 3981 2356 οὐδενὸς

2450 2392 2658 2458 ἀκήκοα
2689 2390 3031 2451 ἐπαινοῦντος
3071 2389 3150 2450 τὸ,
3192 2408 3208 2439 ‹
3243 2389 3409 2454 Λόγον
3443 2386 3577 2439 εἶναι
3618 2388 3706 2438 τὸν
3741 2388 3863 2438 Υίδν
3906 2386 3978 2436 τοῦ

2449 2479 2606 2542 Θεοῦ,
2635 2501 2652 2530 ι
2690 2480 2764 2542 ὡς
2804 2482 2831 2531 6
2865 2480 3067 2540 Κέλσος
3104 2479 3316 2549 εἴρηκε·
3353 2482 3446 2531 καὶ
3490 2478 3648 2531 τοῦτο
3695 2479 3982 2547 περιάκτων

2448 2571 2524 2638 τῷ
2559 2570 2651 2621 τοῦ
2693 2570 2936 2621 Ἰουδαίου
2985 2570 3274 2639 προσώπῳ,
3316 2571 3563 2636 λέγοντος
3583 2586 3599 2601 ο
3628 2570 3702 2632 ὡς
3745 2589 3760 2618 ι
3787 2570 3852 2620 Εἰ
3880 2584 3932 2634 γε
3961 2570 3981 2616 ό

2449 2662 2614 2727 Λόγος
2663 2660 2806 2712 ἐστὶν
2841 2661 2965 2729 ὑμῖν
2997 2661 3122 2722 Υἱὸς
3165 2661 3256 2713 τοῦ
3301 2661 3454 2723 Θεοῦ,
3501 2663 3592 2712 καὶ
3642 2659 3799 2732 ἡμεῖς
3849 2662 3982 2712 ἐπαι-

2447 2747 2536 2800 νοῦ
2546 2765 2662 2816 μεν.
2689 2768 2708 2799 ι

2516 2839 2840 2907 Προείρηται
2886 2839 2929 2889 δ’
2980 2841 3107 2908 ἡμῖν
3133 2878 3146 2901 ,
3197 2841 3276 2891 ὅτι
3323 2836 3436 2889 οὔτ’
3477 2837 3686 2900 ἀλαζὼν
3718 2835 3838 2887 οὔτε
3872 2837 3984 2901 γύης

2444 2927 2663 2980 δύναται
2684 2923 2816 2979 εἶναι
2838 2931 2866 2980 6
2891 2929 3091 2997 Ἰησοῦς
3112 2945 3125 2957 ·
3153 2928 3230 2980 διὸ
3258 2931 3354 2980 οὐκ
3377 2931 3668 2995 ἀναγκαῖον
3689 2925 3981 2991 ἐπαναλαμ-

2447 3019 2626 3070 ϐάνειν
2669 3018 2734 3069 τά
2784 3018 3065 3086 εἰρημένα,
3107 3019 3191 3067 ἶνα
3235 3017 3308 3084 μὴ
3338 3017 3474 3086 πρὸς
3507 3016 3607 3077 τὰς
3656 3012 3985 3079 ταυτολογίας

2446 3106 2650 3157 Κέλσου
2691 3107 2783 3157 καὶ
2828 3108 2984 3174 ἡμεῖς
3031 3103 3431 3170 ταυτολογῶμεν
3469 3103 3597 3170 (77).
3641 3099 3902 3167 Ἐγκα>.ὦν
3940 3098 3984 3147 δὲ

2448 3201 2512 3266 τῇ
2544 3195 2878 3264 γενεαλογίᾳ,
2907 3195 2974 3246 τὰ
3013 3195 3107 3263 μὲν
3137 3194 3229 3245 καὶ
3257 3193 3406 3261 παρὰ
3443 3193 3778 3260 Χριστιανοῖς
3817 3188 3988 3256 ζητοί-

2449 3303 2601 3353 μενα,
2629 3285 2720 3336 καὶ
2750 3287 2851 3337 ὑπό
2887 3302 3042 3336 τινων
3071 3285 3142 3345 ὡς
3169 3283 3484 3353 ἐγκλήματα
3520 3281 3896 3350 προσαγόμενα
3926 3282 3982 3345 τῇ

2446 3374 2704 3444 διαφωνία⁴
2748 3375 2854 3426 τῶν
2885 3373 3253 3442 γενεαλογιῶν,
3300 3373 3544 3442 οὐδαμῶς
3592 3373 3883 3440 ὠνόμασεν.
3921 3369 3983 3420 06

2446 3467 2550 3533 γὰρ
2575 3468 2688 3534 ᾔδει
2715 3470 2741 3518 ὁ
2767 3467 2840 3527 ὡς
2886 3466 3094 3535 ἀληθῶς
3126 3464 3336 3527 ἀλαζὼν
3372 3464 3576 3526 Κέλσος
3617 3464 3705 3515 καὶ
3739 3459 3985 3527 ἐπαγγελ-

2447 3555 2664 3622 λόμενος
2691 3545 3085 3609 εἰδέναι¹πάντα
3118 3557 3183 3609 τά
3210 3555 3541 3626 Χριστιανῶν
3571 3555 3840 3623 φρονίμως
3871 3554 3986 3601 ἐπα-

2449 3648 2680 3714 πορῆσαι
2725 3652 2788 3715 τῇ
2843 3649 3049 3716 Γραφῇ.
3090 3649 3223 3716 Φησὶ
3270 3647 3326 3699 δὲ
3377 3645 3824 3715 «ἀπηυθαδῆσθαι
3876 3641 3987 3697 τοὺς

2446 3737 2932 3804 γενεαλογήσαντας
2956 3738 3059 3788 ἀπὸ
3085 3737 3173 3789 τοῦ
3212 3737 3421 3806 πρώτου
3453 3736 3649 3804 φύντος
3676 3737 3767 3788 καὶ
3794 3734 3899 3785 τῶν
3936 3734 3985 3782 ἐν

2461 3827 2725 3886 Ἰουδαίοις
2757 3827 3008 3894 βασιλέων
3035 3830 3122 3878 τὸν
3167 3828 3386 3896 Ἰησοῦν.
3413 3848 3430 3878 ι
3472 3830 3581 3879 Καὶ
3613 3827 3778 3878 οἴεταί
3804 3842 3855 3874 τι
3887 3824 3987 3873 είσο

2449 3916 2631 3984 φέρειν
2676 3918 2934 3980 γενναῖον,
2964 3917 3041 3966 δτι
3092 3933 3110 3965 ι
3133 3917 3244 3966 Οὐκ
3285 3917 3348 3968 ἂν
3378 3919 3411 3986 ἡ
3439 3918 3529 3967 τοῦ
3575 3917 3818 3975 τέκτονος
3851 3908 3985 3978 ’γυνή

2447 4007 2756 4076 τηλικούτου
2811 4005 2998 4070 γένους
3055 4007 3389 4073 τυγχάνουσα
3459 4009 3662 4075 ἠγνόει.
3695 4027 3713 4057 ι
3775 4006 3837 4055 Τί
3893 4007 3986 4070 γὰρ

2448 4099 2601 4149 τοῦτο
2639 4096 2772 4166 πρὸς
2817 4095 2906 4145 τὸν
2949 4094 3132 4159 λόγον;
3175 4096 3380 4155 Ἔστω,
3432 4099 3511 4147 ὅτι
3561 4099 3660 4149 οὐκ
3706 4095 3910 4164 ἠγνόει·
3942 4091 3984 4140 τί

2449 4192 2604 4241 λυπεῖ
2644 4187 2712 4238 τὰ
2762 4187 3123 4255 προκείμενα;
3185 4185 3319 4235 Ἀλλ’
3369 4188 3651 4252 ἀγνοείτω·
3704 4188 3877 4247 πόθεν,
3917 4186 3985 4234 ὅτι

2448 4281 2648 4350 ἠγνόει,
2676 4280 2774 4330 οὐκ
2905 4277 3009 4329 ἀπὸ
3039 4275 3130 4327 τοῦ
3170 4275 3381 4344 πρώτου
3411 4276 3728 4346 ἀνθρώπουε
3770 4278 3860 4328 καὶ
3900 4275 3986 4324 οὐκ

2448 4373 2674 4441 ἀνήγετο
2711 4371 2876 4438 αὐτῆς
2900 4370 2959 4420 τὸ
2996 4368 3148 4435 γένος
3182 4367 3272 4418 ἐπὶ
3303 4366 3426 4428 τοὺς
3452 4367 3507 4416 ἐν
3546 4369 3808 4428 Ἰουδαίοις
3848 4367 3988 4435 ﬁcta:-

801 4460 1100 4526 ignorasse.
1155 4458 1363 4512 l’lincne
1416 4456 1679 4523 sequitur,
1729 4465 1860 4508 uta
1909 4459 2079 4523 primo
2131 4461 2344 4515 homine

2448 4462 2768 4522 λεύσαντας;
2801 4461 2868 4513 Ἣ
2915 4461 3202 4525 ἀναγκαῖον
3244 4456 3410 4508 οἴεται
3441 4459 3468 4508 6
3501 4457 3703 4518 Κέλσος
3738 4460 3860 4516 τοὺς
3903 4472 3985 4505 πε-

802 4567 956 4606 suam
993 4566 1099 4606 non
1133 4551 1293 4605 ducat
1333 4547 1630 4618 originem?
1657 4556 1713 4600 ut
1747 4561 1872 4600 suos
1903 4549 2111 4602 natales
2155 4552 2220 4603 ad
2257 4552 2372 4627 λιι-ν

803 4644 1037 4696 daeorum
1084 4656 1235 4710 reges
1268 4655 1372 4692 non
1429 4638 1674 4692 referat?
1731 4637 1960 4690 Putatne
2009 4636 2198 4691 Celsus
2251 4656 2348 4692 ne-

804 4747 952 4786 cesse
986 4746 1127 4797 esse,
1174 4739 1234 4783 ut
1281 4743 1545 4799 pauperes
1591 4742 1620 4780 a
1667 4727 1994 4794 pauperibus
2021 4714 2346 4793 parentibus,

806 4837 958 4887 reges
999 4837 1028 4873 a
1073 4822 1287 4889 regibus
1342 4817 1672 4872 nascantur?
1722 4817 1862 4882 Ergo
1910 4817 1960 4868 in
2014 4816 2098 4869 his
2151 4817 2351 4870 diutius

803 4910 1075 4964 immorari
1135 4923 1592 4978 supervacaneum
1653 4908 1906 4970 videtur,
1953 4922 2074 4960 cum
2144 4908 2349 4975 perspi-

801 5015 960 5053 cuum
990 5001 1059 5054 sit
1089 5001 1250 5074 etiam
1300 5008 1485 5053 nostra
1534 5007 1692 5052 tetate
1720 5014 1787 5052 ex
1830 4998 2081 5052 divitibus
2127 4997 2348 5051 iliustri-

805 5091 1009 5157 busque
1039 5094 1355 5158 patientibus
1407 5099 1563 5144 natos
1589 5105 1708 5144 esse
1736 5091 1994 5158 quosdam
2028 5089 2191 5144 Maria
2220 5104 2349 5157 pau-

2444 4552 2721 4619 νεστέρους
2750 4554 2812 4602 ἐκ
2846 4551 3057 4603 πάντων
3090 4549 3422 4618 πενεστέρων
3463 4548 3738 4617 προγόνων
3764 4547 3871 4614 (78)
3905 4561 3986 4608 γε·

2445 4642 2685 4704 γονὲναι,
2726 4641 2758 4708 ἦ
2801 4643 2924 4702 τοὺς
2984 4641 3214 4708 βασιλεῖς
3257 4643 3322 4693 ἐκ
3367 4639 3658 4708 βασιλέων;
3700 4635 3982 4706 Διατρξεειν

2446 4723 2534 4777 οὖν
2568 4730 2692 4796 περὶ
2727 4730 2815 4780 τὸν
2856 4729 3008 4795 λόγον
3041 4730 3183 4783 δοκεί
3229 4749 3316 4800 μοι
3359 4727 3494 4782 εἶναι
3533 4730 3785 4799 μάταιον;
3838 4742 3986 4794 φανε-

2450 4817 2541 4884 ροῦ
2588 4819 2752 4879 ὄντος,
2795 4821 2874 4870 ὅτι
2905 4821 2997 4870 καὶ
3036 4821 3174 4872 κατὰ
3203 4825 3327 4884 τοὺς
3349 4823 3647 4892 ἡμετέρους
3678 4822 3894 4891 xpévou;
3933 4821 3984 4868 ἐκ

2456 4906 2720 4957 πλουσίων
2759 4910 2849 4959 καὶ
2897 4908 3116 4971 ἐνδόξων
3161 4913 3410 4977 γεγόνασί
3452 4929 3596 4974 τινες
3641 4913 3733 4981 τῆς
3778 4909 3984 4979 Μαρίας

2457 4998 2786 5065 πενέστεροι,
2811 4999 2903 5048 καὶ
2927 4997 2985 5060 ἐξ
3014 5001 3384 5068 ἀσημοτάτων,
3411 5002 3693 5070 ἡγούμενοι
3716 5000 3881 5053 ἐθνῶν
3906 4999 3987 5049 καὶ

2455 5089 2708 5156 βασιλεῖς.

804 5184 1078 5251 pet-iores;
1106 5193 1160 5237 et
1197 5199 1263 5237 ex
1297 5184 1721 5253 ignobilissimis.
1757 5182 1920 5237 duces
1946 5191 2001 5237 et
2039 5198 2191 5247 reges
2218 5183 2474 5251 gentium.

874 5275 961 5328 35.
1010 5293 1028 5325 ι
1053 5275 1188 5339 Quid
1222 5277 1448 5344 insigne,
1479 5276 1673 5344 inquit,
1703 5275 1828 5330 fecit
1871 5275 2027 5330 Jesus
2056 5291 2162 5344 quo
2194 5274 2334 5328 Deus

875 5407 924 5439 ⁸⁵
952 5407 1159 5462 Coloss.
1196 5423 1232 5469 ι,
1260 5409 1345 5460 15.
1419 5411 1462 5438 ’θ
1509 5381 1651 5463 i’sal.
1695 5425 1799 5472 CVI,
1831 5411 1919 5464 20.
2006 5433 2010 5436 ·

898 5545 988 5619 25)
1029 5545 1191 5619 [idem
1223 5545 1272 5597 in
1309 5547 1563 5619 margine,
1594 5549 1872 5619 ἡμέτερον.

901 5614 989 5685 76)
1030 5614 1452 5686 Quatunr_codd.
1490 5614 1622 5668 mss.
1643 5614 1778 5686 Regi
1796 5620 2121 5673 Dasileensis
2154 5629 2206 5673 et
2239 5620 2344 5673 duo

809 5683 1104 5746 Anglieani,
1135 5683 1450 5750 ἀτιμότατα.

832 5825 838 5832 ⁸
878 5754 987 5829 (Πὶ
1023 5757 1092 5809 Ta
1103 5751 1600 5820 eralchyienSic
1620 5767 1806 5810 omnes
1827 5769 1954 5812 mss.
1974 5757 2168 5813 rectius
2186 5771 2345 5825 quam

2518 5293 2535 5323 ι
2573 5273 2632 5323 Τί
2660 5273 2737 5336 δὲ,
2791 5267 2938 5343 φησὶ,
2974 5275 3064 5325 καὶ
3127 5279 3363 5343 γενναῖον
3423 5276 3646 5346 ἔδρασεν
3691 5270 3796 5327 οἷον
3845 5274 3980 5338 Θεὸς,

2452 5548 2698 5615 impressi
2731 5548 2871 5605 libri,
2898 5546 3212 5613 ταυτολογοῦ
3223 5565 3336 5615 μεν.

2528 5612 2632 5685 [78)
2673 5617 2996 5682 Προγόνων.
3041 5612 3435 5685 Βροιειόηηιθε
3464 5615 3618 5671 codd.
3653 5627 3806 5680 mss.,
3852 5612 3980 5667 male

2449 5684 2579 5744 vero
2610 5688 2735 5740 libb.
2766 5685 2972 5750 excusi,
2999 5684 3293 5752 ἀπογόνων.
