4076 6310
212 456 323 514 837

1402 449 1681 505 CONTRA
1716 446 1987 503 CELSUM
2027 442 2247 499 LIIII].

3323 448 3427 501 8.53

206 566 435 637 Πατέρα
450 528 657 617 ⁴δικαιοῖ
679 564 827 635 (89);
881 583 899 615 ι
934 563 1169 627 λεκτέον,
1211 564 1290 616 ὅτι
1321 562 1383 615 τὸ
1409 561 1750 633 παραπλήσιά

1882 560 2093 613 scitur?
2131 578 2149 610 ι
2191 555 2482 610 Dicendum
2514 553 2701 608 eodem
2729 555 2890 610 modo
2919 554 3239 626 interrogari
3277 574 3431 623 posse

205 660 357 709 ἑστιν
391 658 563 708 εἰπεῖν
595 657 687 707 καὶ
718 656 853 724 πρὸς
878 654 1157 725 Ἕλληνας,
1178 652 1440 723 Πρόνοιαν
1466 652 1777 718 εἰσάγοντας

205 745 305 796 καὶ
338 742 664 811 Θεοσημείας
694 742 1159 813 παραδεχομένους
1188 740 1467 809 γενέσθαι·
1500 741 1551 793 τί
1581 740 1776 810 δήποτε

202 835 336 895 τοὺς
388 832 765 902 ἐνυϐρίζοντας
797 832 872 901 τῷ
903 833 1031 902 θείῳ
1085 831 1230 901 (90),
1278 832 1371 883 καὶ
1426 830 1776 899 ἀναιροῦντας

204 921 471 991 Πρόνοιαν
497 960 510 982 ,
560 922 621 973 οὐ
649 921 861 984 κολάζει
892 924 920 975 ὁ
944 922 1101 987 Θεός;
1148 923 1231 984 Ὠς
1259 921 1367 992 γὰρ
1401 921 1471 973 ἂν
1502 921 1774 994 ἀπολογή-

204 1028 407 1063 σωνται
439 1012 571 1082 πρὸς
598 1010 770 1065 ’ταῦτα
808 1012 1082 1081 Ἕλληνες,
1118 1015 1210 1066 καὶ
1245 1014 1403 1083 ἡμεῖς
1444 1011 1511 1064 τὰ
1548 1012 1707 1080 ὅμοια
1738 1011 1770 1079 ἢ

202 1101 298 1152 καὶ
336 1102 617 1170 κρείττονα
654 1102 901 1173 ἐροῦμεν.
937 1103 1126 1170 Γέγονε
1157 1103 1329 1155 δὲκαὶ
1379 1101 1639 1173 Θεοσημία
1691 1118 1774 1162 τις

200 1186 262 1253 ἐξ
292 1190 545 1264 ούρανοῦ,
580 1195 609 1244 ὁ
637 1192 871 1245 ἐκλιπὼν
900 1193 1046 1262 ἥλιος
1076 1192 1168 1245 καὶ
1196 1192 1262 1244 τά
1289 1191 1449 1244 λοιπά
1479 1191 1769 1260 παράδοξα,

200 1283 589 1351 ἐμφανίζοντα,
618 1284 700 1336 ὅτι
722 1282 861 1337 θεῖόν
881 1301 933 1335 τι
957 1284 1051 1336 καὶ
1074 1282 1254 1335 πλεῖον
1275 1282 1381 1335 τῶν
1406 1282 1611 1335 πολλῶν
1630 1278 1770 1350 εἶχεν

200 1372 230 1421 ὀ
254 1371 607 1439 σταυρωθείς.
1328 1426 1331 1429 ,
1444 1424 1447 1427 λ

268 1452 406 1511 Εἷτά
450 1476 613 1527 φησιν
656 1463 685 1513 ὁ
725 1461 954 1523 Κέλσοςο
999 1481 1017 1512 ι
1055 1462 1117 1514 Τί
1146 1464 1240 1515 καὶ
1281 1459 1769 1530 ἀνασκολοπιζομέ-

195 1564 289 1600 νου
331 1548 441 1618 (9|)
471 1550 565 1602 τοῦ
594 1549 842 1621 σώματος
866 1555 1014 1614 ποῖος
1049 1550 1180 1622 ἰχὼρ

260 1679 286 1691 λ.
324 1677 337 1690 .
362 1679 373 1692 ,
408 1674 427 1692 .
453 1635 578 1705 οἶός
608 1642 718 1708 πέρ
757 1660 819 1695 τε
858 1642 983 1709 ῥέει
1010 1642 1351 1709 μακάρεσσι
1377 1640 1636 1705 θεοῖσιν;
1674 1662 1691 1693 ι

207 1728 446 1793 Ἐκεῖνος
479 1732 574 1800 μὲν
596 1729 688 1784 οὗν
718 1732 930 1795 παίζει·
956 1736 1113 1803 ἡμεῖς
1138 1735 1193 1787 δὲ
1218 1734 1323 1784 άπὸ
1341 1733 1447 1784 τῶν
1470 1733 1766 1786 σπουδαίων

196 1818 566 1887 Εὐαγγελίων,
602 1823 704 1875 κᾶν
738 1825 811 1893 μὴ
843 1824 1046 1887 Κέλσος
1096 1824 1387 1894 βούληται,
1418 1828 1763 1894 παραστήσο-

1882 664 1976 703 eos
2009 664 2039 701 e
2072 649 2275 702 Graecis
2302 688 2314 711 ,
2368 646 2458 714 qui
2497 645 2893 714 providentiam
2918 645 3210 698 atlmittunt
3237 659 3436 697 conre-

1879 741 2117 805 duntque
2146 738 2259 791 ﬁeri
2298 736 2535 806 prodigia
2569 749 2581 782 τ
2620 749 2720 788 cur
2770 750 2874 788 non
2904 735 3045 788 Deus
3098 733 3152 786 in
3186 748 3283 787 eos
3312 733 3432 785 ani-

1878 827 2167 880 madvertit
2199 827 2290 894 qui
2322 825 2536 878 Numini
2570 825 2795 897 injurias
2828 823 3087 887 inierunt,
3123 831 3177 876 et
3203 836 3233 873 e
3255 821 3436 873 medio

1879 918 2071 970 tollunt
2100 917 2539 983 providentiam?
2577 917 2707 981 ane
2764 911 2944 966 dicent
2972 911 3163 971 Gnaei,
3212 919 3265 963 ut
3294 909 3436 964 hanc

1876 1007 2142 1076 repellant
2174 1008 2636 1070 criminationem,
2686 1008 2872 1059 eadem
2908 1013 2960 1058 et
2986 1018 3082 1057 nos
3132 1010 3185 1054 et
3211 1000 3433 1054 meliora

1874 1099 2138 1152 dicemus.
2172 1096 2391 1150 Factum
2442 1106 2529 1153 est
2580 1107 2758 1150 autem
2808 1110 2839 1148 e
2892 1089 3033 1148 caalo
3085 1092 3433 1161 prodigium,

1875 1204 2068 1257 nempe
2094 1188 2503 1255 solisdefeclio.
2528 1188 2745 1259 aliaque
2771 1184 3053 1247 miracula,
3086 1185 3279 1251 quibus
3304 1196 3437 1236 ccu-

1873 1280 2013 1333 stitit
2046 1295 2188 1341 eum,
2218 1279 2310 1346 qui
2343 1278 2490 1331 cruci
2522 1277 2713 1348 aﬂixus
2744 1285 2863 1330 erat
2903 1274 2969 1338 ⁶¹,
3009 1273 3263 1327 habuisse
3294 1268 3459 1325 divi--

1872 1386 1997 1424 num
2027 1370 2301 1437 quidpiam
2336 1379 2389 1422 et
2422 1366 2564 1437 quod
2595 1368 2871 1422 hominum
2896 1365 3090 1434 vulgus
3117 1379 3221 1417 non
3252 1362 3431 1416 habet.

1928 1440 2108 1529 [‘16
2136 1459 2227 1511 56.
2264 1478 2281 1508 ι
2313 1458 2378 1511 Et
2413 1457 2631 1525 sanguis
2664 1456 2777 1519 ille,
2809 1456 2990 1521 inquit
3017 1463 3200 1521 postea
3225 1451 3430 1515 Celsus,

1870 1551 1959 1619 qui
1990 1566 2020 1602 e
2058 1564 2285 1617 corpore
2309 1549 2359 1602 in
2389 1562 2605 1602 crucem
2634 1545 2847 1600 sublato
2873 1543 3054 1608 ﬂuxit,
3086 1544 3261 1597 fuitne

1944 1639 2085 1692 Huic
2112 1639 2314 1700 similis,
2356 1655 2505 1691 sacro
2534 1638 2623 1705 qui
2651 1646 2826 1688 manat
2865 1650 3079 1703 corpore
3111 1633 3333 1686 divum?
3370 1650 3389 1683 ι

1867 1730 1942 1783 Ita
1970 1731 2155 1783 Celsus
2208 1738 2429 1795 captans
2471 1729 2671 1789 risum;
2707 1741 2803 1780 nos
2838 1742 2868 1778 e
2917 1725 3074 1778 seriis
3100 1724 3427 1793 Evangeliis,

1866 1820 1995 1874 velit
2031 1819 2187 1879 nolit,
2221 1818 2513 1886 probamus
2548 1831 2610 1871 ex
2638 1815 2761 1871 Jesu
2798 1830 3024 1884 corpore
3052 1813 3273 1868 ﬂuxisse
3304 1829 3431 1867 san-

197 1883 336 1975 μεν,
360 1883 442 1962 δτι
472 1883 603 1979 ἰχὼρ
639 1883 811 1980 μὲν-ό.
829 1883 1051 1981 μυθικὸς
1092 1883 1185 1967 καὶ
1224 1883 1513 1982 οὁμηρικῶς
1544 1883 1753 1982 οὑκιέῤ-

1869 1911 2084 1979 guinem
2119 1923 2222 1961 non
2255 1906 2555 1961 fabulosum
2589 1914 2643 1959 et
2670 1906 2887 1973 qualem
2933 1905 3198 1959 Homerus
3224 1906 3429 1958 descri-

197 1997 387 2066 ρευσεν
418 2000 581 2052 αὑτοῦ
615 2001 722 2052 ἀπὸ
749 2000 840 2055 τοῦ
874 2001 1146 2070 σώματος’
1178 2003 1278 2072 ἤδη
1309 2002 1353 2054 δ’
1372 2002 1532 2054 αὑτοῦ
1561 2003 1765 2054 ἀποθα-

192 2085 398 2151 νόντος,
430 2106 448 2138 ι
479 2082 559 2151 εἷς
579 2090 686 2141 τῶν
710 2091 1053 2161 στρατιωτῶν
1085 2092 1250 2163 λόγχῃ
1273 2093 1367 2162 τὴν
1396 2092 1631 2162 πλευρὰν
1664 2094 1762 2143 αύ-

191 2172 285 2226 τοῦ
320 2174 503 2241 ἐνυξε,
549 2180 643 2230 καὶ
672 2180 889 2250 ἐξῆλθεν
917 2176 1055 2250 αἷμα
1079 2182 1170 2234 καὶ
1205 2180 1365 2250 ὕδωρ.
1393 2184 1500 2234 Kal.
1536 2185 1563 2234 ὁ
1591 2183 1762 2251 ἑωρα-

192 2261 305 2324 κὼς
336 2267 747 2338 μεμαρτύρηκε,
771 2270 862 2322 καὶ
890 2270 1113 2341 ἀληθινὴ
1143 2270 1303 2323 αὐτοῦ
1330 2274 1473 2324 ἐστιν
1500 2274 1531 2342 ή
1560 2290 1762 2342 μαρτυ-

193 2354 284 2425 ρία
310 2371 322 2383 ·
352 2357 601 2431 κάκεῖνος
634 2356 795 2425 οἶδεν,
830 2362 909 2413 ὅτι
940 2362 1113 2430 ἀληθῆ
1146 2362 1309 2429 λέγει.
1340 2382 1357 2413 ι
1394 2364 1511 2415 Τῶν
1544 2364 1641 2433 μὲν
1668 2361 1759 2417 οὖν

190 2443 363 2496 ἄλλων
392 2445 598 2512 νεκρῶν
625 2450 891 2517 σωμάτων
919 2449 979 2503 τὸ
1006 2446 1140 2519 αἷμα
1170 2451 1467 2520 πήγνυται,
1504 2446 1597 2505 καῖ
1620 2453 1758 2524 ὕδωρ

190 2533 431 2604 καθαρὸν
484 2538 585 2588 οὐκ
618 2538 881 2610 ἀπορρεῖ·
912 2541 1002 2593 τοῦ
1032 2542 1087 2595 δὲ
1117 2542 1256 2595 κατά
1297 2543 1385 2595 τὸν
1430 2545 1633 2613 Ἰησοῦν
1673 2563 1758 2599 νε-

191 2621 322 2693 κροῦ
354 2623 604 2693 σώματος
627 2663 645 2691 ,
678 2627 737 2678 τὸ
785 2630 1082 2699 παράδοξον
1102 2671 1117 2694 ,
1158 2633 1250 2684 καὶ
1279 2635 1405 2703 περὶ
1449 2635 1509 2687 τὸ
1564 2637 1755 2706 νεκρὸν

190 2711 347 2781 σῶμα
381 2709 448 2783 ἦν
469 2710 606 2783 αἷμα
644 2716 737 2767 καὶ
760 2716 901 2787 ὕδωρ
931 2720 1038 2771 ἀπὸ
1069 2719 1176 2773 τῶν
1200 2720 1443 2790 πλευρῶν
1467 2723 1751 2791 προχυθέν.

187 2798 250 2852 Et
282 2799 328 2851 δ’
358 2802 438 2862 είς
469 2802 567 2870 μὲν
596 2803 655 2854 τὸ
707 2810 1029 2875 κατηγορεῖν
1065 2807 1235 2877 Ἰησοῦ
1293 2809 1384 2861 καὶ
1416 2810 1754 2879 Χριστιανῶν

183 2889 367 2960 φέρων
389 2891 496 2942 ἀπὸ
516 2891 608 2943 τοῦ
636 2894 960 2960 Εὑαγγελίου
982 2896 1103 2947 οὐδὲ
1122 2896 1297 2959 καλῶς
1321 2899 1756 2968 ἑρμηνευομένας

181 2978 378 3043 λέξεις,
404 2981 622 3033 σιωπῶν
639 2981 695 3034 δὲ
714 2983 779 3034 τὰ
800 2987 1133 3050 παριστάντα
1153 2987 1247 3055 τήν
1276 2987 1500 3057 θεότητα
1524 2988 1617 3039 τοῦ
1654 2990 1756 3057 Ἰη-

183 3068 300 3136 σοῦ,
336 3070 553 3125 ἀκούειν
587 3070 829 3140 βούλεται
861 3076 957 3137 τὰς
988 3076 1335 3147 θεοσημείας⁹
1373 3078 1665 3146 ἀναγνώτω
1692 3079 1752 3132 τὸ

1867 1999 1940 2051 bit
1965 2014 1981 2063 ;
2010 1997 2104 2051 sed
2139 2010 2260 2049 cum
2309 1994 2416 2061 jam
2447 2004 2592 2047 esset
2648 2003 2915 2056 mortuus,
2952 2012 2969 2044 ι
3001 2009 3140 2069 unus
3192 1994 3428 2046 militum

1865 2087 2050 2140 lancea
2080 2087 2220 2138 latus
2243 2084 2358 2151 ejus
2389 2083 2619 2153 aperuit,
2651 2092 2705 2136 et
2734 2083 2904 2135 exivit
2932 2084 3154 2151 sanguis
3181 2092 3235 2137 et
3262 2098 3426 2152 aqua.

1866 2179 1930 2231 Et
1951 2177 2039 2247 qui
2071 2178 2200 2230 vidit
2231 2176 2593 2229 testimonium
2629 2174 2920 2241 perhibuit,
2945 2184 3000 2227 et
3028 2190 3211 2228 verum
3235 2186 3317 2229 est
3350 2184 3431 2228 te-

1861 2267 2172 2323 stimoniqu
2214 2268 2370 2335 ejus;
2405 2275 2456 2319 et
2491 2266 2579 2318 ille
2612 2265 2715 2318 scit
2748 2265 2875 2331 quia
2898 2276 3025 2317 vera
3054 2266 3182 2318 dicit
3205 2265 3271 2318 ⁸³.
3303 2282 3321 2315 ι
3348 2264 3428 2317 Ac

1861 2358 2087 2412 aliorum
2118 2359 2335 2424 quidem
2360 2367 2691 2409 mortuorum
2724 2370 3010 2423 corporum
3035 2356 3253 2424 sanguis
3274 2355 3426 2422 cogi-

1861 2460 1966 2513 tur,
1990 2464 2087 2503 nec
2110 2448 2327 2516 limpida
2349 2463 2411 2502 ex
2443 2447 2548 2499 illis
2570 2455 2749 2499 manat
2765 2461 2935 2515 aqua;
2961 2461 2991 2500 e
3009 2455 3219 2499 mortuo
3243 2455 3422 2498 autem

1856 2537 1980 2594 Jesu
2006 2553 2253 2609 corpore,
2282 2552 2367 2592 res
2390 2540 2521 2591 mira
2544 2538 2555 2588 !
2581 2537 2800 2604 sanguis
2820 2544 2873 2589 et
2894 2551 3048 2605 aqua,
3071 2549 3321 2605 percusso
3346 2536 3424 2587 Ia-

1860 2641 1989 2694 tere,
2010 2629 2299 2683 ﬂuxerunt.
2327 2628 2421 2681 Sin
2446 2637 2623 2681 autem
2650 2627 2737 2681 ille
2765 2628 2855 2695 qui
2885 2629 2950 2681 ad
2984 2628 3419 2681 calumniantium

1855 2720 2039 2775 Jesum
2069 2728 2124 2773 et
2168 2718 2506 2773 Christianos
2536 2732 2567 2771 e
2607 2716 2903 2785 Scripturis
2955 2735 3117 2788 prave
3152 2719 3420 2772 intellecta

1858 2808 2162 2863 testimonia
2214 2807 2456 2885 colligit,
2492 2820 2612 2871 qua:
2660 2816 2841 2867 autem
2895 2805 3021 2861 Jesu
3085 2808 3421 2860 divinitatem

1855 2899 2176 2953 conﬁrmant
2217 2894 2601 2964 praetermittit,
2639 2896 2887 2963 prodigia
2922 2897 3156 2949 voluerit
3206 2898 3417 2959 audire,

1830 2989 1995 3058 Ilegat
2026 2986 2478 3056 Evangeliumﬁet
2507 2984 2686 3037 videat
2715 2986 3085 3039 centurionem
3109 2996 3162 3039 et
3183 2987 3272 3055 qui
3297 3003 3419 3040 cum

1854 3095 1919 3132 eo
1946 3078 2126 3133 Jesum
2156 3074 2472 3141 servabant,
2504 3091 2625 3129 cum
2652 3075 2900 3129 viderent
2936 3086 3094 3131 terra:
3130 3087 3331 3129 motum
3364 3085 3421 3133 et

180 3160 535 3229 Εὑαγγέλιον,
570 3164 663 3215 καί
694 3164 894 3233 ὁράτω,
922 3165 1003 3217 ὅτι
1040 3167 1133 3218 καὶ
1180 3168 1208 3218 ὁ
1237 3167 1631 3239 ἑκατοντάρχης
1660 3171 1752 3221 καὶ

1853 3178 2045 3249 caetera
2087 3183 2206 3236 quae
2243 3166 2384 3220 facta
2421 3156 2625 3232 essent,
2669 3169 2863 3220 timore
2910 3182 3103 3235 magno
3139 3166 3419 3235 perculsos

178 3251 229 3303 οἰ
268 3252 386 3319 μετ’
416 3251 578 3305 αὐτοῦ
611 3252 899 3323 τηροῦντες
926 3254 1017 3307 τὸν
1054 3256 1275 3325 Ἰησοῦν,
1304 3257 1502 3319 ἰδόντες»
1523 3260 1616 3310 »τὸν
1646 3277 1752 3311 σει-

180 3341 322 3411 σμὸν
342 3343 440 3394 καὶ
466 3342 532 3395 τά
548 3344 824 3413 γινόμενα,
854 3346 1197 3417 ἐφοϐήθησαν
1233 3348 1456 3419 σφόδρα,
1480 3348 1746 3417 λέγοντες·

186 3451 205 3482 ι
246 3432 385 3485 Θεοῦ
413 3433 540 3495 Υίὸς
568 3429 634 3503 ἦν
656 3430 824 3497 οὗτος.
857 3455 875 3486 ι

148 3528 151 3529 ⁷
250 3524 408 3578 Μετὰ
439 3524 588 3577 ταῦθ’
618 3528 647 3577 ὁ
672 3526 778 3578 ἀπὸ
801 3526 894 3578 τοῦ
922 3526 1248 3597 Εὑαγγελίου
1285 3528 1528 3584 ἐκλαϐὼν
1556 3529 1745 3593 λέξεις,

176 3605 255 3664 ὧν
289 3617 609 3683 κατηγορεῖν
644 3615 872 3685 νομίζει,
903 3616 966 3668 τὸ
998 3617 1116 3681 ὅξος
1146 3620 1238 3671 καὶ⁹
1275 3618 1376 3689 τὴν
1406 3618 1565 3688 χολὴν
1612 3619 1749 3672 ὀνει-

173 3699 315 3766 δίζει
334 3703 414 3773 τῷ
454 3704 647 3774 Ἰησοῦ,
685 3724 703 3755 ι
728 3706 803 3768 ὡς
832 3707 1019 3775 χανδὸν
1051 3709 1141 3761 ἐπὶ
1165 3708 1223 3761 τὸ
1248 3711 1387 3761 πιεῖν
1415 3708 1743 3778 ὡρμημένῳ,

174 3792 285 3845 καὶ
310 3794 384 3862 μὴ
411 3792 897 3870 διακαρτερήσέιντι
927 3797 1036 3867 (99.)
1065 3797 1161 3867 τὴν
1188 3798 1342 3866 δίψαν
1374 3798 1448 3861 ὡς
1477 3800 1569 3850 καὶ
1597 3800 1624 3851 ὁ
1654 3815 1748 3851 τυ-

172 3879 291 3948 χὼν
342 3881 626 3953 ἄνθρωπος
670 3885 928 3948 πολλάκις
974 3886 1340 3957 διακαρτερεῖ.
1373 3907 1392 3938 ι
1442 3889 1553 3942 Καὶ
1592 3888 1747 3957 τοῦτο

174 3970 288 4039 ἰδίᾳ
319 3971 418 4040 μὲν
471 3974 528 4025 ἐν
557 3974 880 4045 τροπολογίᾳ
911 3977 1164 4044 τυγχάνει
1210 3972 1511 4050 διηγήσεως
1530 3996 1543 4009 '
1571 3978 1665 4033 νῦν
1690 3979 1746 4033 δὲ

172 4061 491 4132 κοινοτέρας
516 4061 582 4114 ἂν
610 4063 861 4133 τοιαύτης
894 4065 1234 4136 ἀποκρίσεως
1260 4068 1394 4139 πρὸς
1427 4069 1493 4123 τὰ
1537 4070 1744 4142 ὲπηπο-

171 4153 392 4223 ρημένα
414 4154 589 4223 ἔχοιτο
608 4156 668 4207 τὸ
691 4155 998 4227 λεγόμενον,
1025 4158 1105 4210 ὅτι
1130 4159 1370 4230 καὶπερὶ
1396 4161 1583 4215 τούτου
1614 4179 1746 4232 προ-

169 4244 343 4312 φῆται
378 4247 656 4315 προεῖπον.
712 4245 1021 4317 Γέγραπται
1076 4247 1183 4320 γὰρ
1230 4250 1288 4302 ὲν
1324 4249 1599 4321 ἑξηκοστῷ
1651 4253 1744 4304 xal.

166 4333 346 4403 ὀγδόῳ
377 4333 573 4403 ψαλμῷ
602 4337 667 4387 ὲκ
691 4336 978 4409 προσώπου
1006 4338 1101 4391 τοῦ
1129 4338 1363 4410 Χριστοῦ
1380 4356 1393 4370 ·
1431 4359 1451 4392 ‹
1482 4341 1590 4393 Καὶ
1616 4341 1744 4395 ἔδω-

165 4438 277 4477 καν
303 4425 383 4488 είς
415 4424 477 4476 τὸ
503 4423 698 4495 βρῶμά
730 4444 830 4497 μου
864 4428 1022 4499 χολὴν
1040 4469 1055 4493 ,
1093 4431 1184 4481 καὶ
1212 4430 1420 4498 είςτὴν
1450 4430 1609 4499 δίψαν
1632 4450 1740 4502 μου

165 4510 432 4565 ὲτσότισάν
463 4530 529 4583 με
562 4514 698 4579 ὄξος.
729 4534 748 4567 ι
776 4516 847 4569 Ἦ
876 4516 1179 4584 λεγέτωσαν
1216 4515 1474 4581 Ἰουδαῖοι,
1492 4518 1575 4582 τίς
1595 4521 1743 4575 ἐστιν

164 4604 196 4654 ό
230 4602 294 4654 ὲν
328 4602 407 4673 τῷ
434 4607 685 4677 προφήτῃ
710 4602 1077 4673 ταῦταλέγων
1094 4608 1209 4669 ,καὶ
1236 4610 1741 4680 παραστησάτωσαν

162 4692 284 4747 ἀπὸ
308 4694 414 4763 τῆς
444 4695 685 4766 ἱστορίας
716 4696 806 4769 τὸν
837 4695 1159 4765 ἀνειληφότα
1184 4700 1264 4761 είς
1298 4699 1358 4751 τὸ
1388 4699 1584 4771 βρῶμα
1615 4704 1742 4756 ἑαυ-

160 4782 265 4837 τοῦ
308 4784 494 4854 χολὴν,
531 4786 623 4837 καὶ
648 4784 963 4837 ποτισθέντα
990 4784 1129 4848 ὅξος.
1164 4788 1233 4839 Ἦ
1254 4788 1358 4842 κᾶν
1386 4789 1741 4863 τολμησάτω-

166 4889 272 4927 σαν
300 4874 499 4941 λέγειν,
524 4875 583 4927 ὃν
623 4874 819 4927 οἴονται
850 4875 1203 4947 ἐπιδημήσειν
1236 4880 1466 4950 Χριστὸν
1522 4882 1739 4952 μέλλειν

162 4964 223 5015 ὲν
248 4962 463 5024 τούτοις
487 4963 766 5031 γίγνεσθαι
785 4981 800 4996 ⁸
828 4965 894 5019 ἶν’
912 4968 1073 5037 ἡμεῖς
1098 4970 1356 5041 εἴπωμεν.
1383 4972 1447 5025 Τί
1471 4967 1560 5026 οὖν
1579 4974 1760 5028 λυπεῖ’⁶

163 5050 269 5119 ἤδη
300 5050 581 5116 γεγονέναι
616 5052 677 5104 τὸ
709 5056 1104 5125 προφητευθένς
1135 5052 1309 5129 Ὅπερ
1338 5062 1430 5113 καὶ
1469 5062 1599 5114 αὐτὸ
1630 5063 1737 5134 πρὸ

162 5141 441 5196 τοσούτων
470 5142 655 5214 λεχθὲν
680 5146 903 5218 χρόνων,
928 5149 1107 5203 ἱκανόν
1132 5153 1247 5205 ἐστι
1279 5152 1417 5223 μετά
1440 5152 1546 5207 τῶν
1561 5153 1735 5208 ἀλλων

1852 3260 2185 3314 exclamasse
2216 3273 2228 3307 :
2264 3277 2281 3308 ι
2316 3256 2453 3312 Vere
2492 3258 2581 3313 hic
2612 3259 2773 3314 homo
2802 3257 2969 3311 Filius
3013 3259 3106 3312 Dei
3137 3269 3256 3313 erat
3286 3258 3352 3312 ⁸³.
3388 3276 3411 3313 ι

1919 3509 2033 3583 57.“
2060 3528 2255 3582 Postea
2296 3529 2455 3582 homo
2504 3528 2591 3581 illc
2623 3529 2715 3595 qui
2748 3545 2853 3581 non
2888 3527 2988 3580 alia
3025 3543 3090 3582 ex
3128 3527 3417 3599 Evangelio

1850 3618 2010 3692 alien
2038 3634 2196 3687 quam
2226 3634 2344 3686 qua:
2374 3628 2562 3670 notare
2590 3632 2750 3683 posse
2785 3626 2958 3685 putat,
2984 3615 3110 3671 Jesu
3144 3613 3272 3670 vitio
3299 3620 3413 3682 dat,

1824 3748 1827 3749 ν
1854 3725 1873 3757 ι
1909 3709 2051 3775 quod
2075 3708 2162 3761 siti
2190 3708 2496 3773 compulsus
2542 3721 2773 3772 eamque
2803 3706 3151 3773 impatienter
3194 3700 3413 3774 ferens,

1847 3812 2008 3867 quam
2041 3807 2216 3850 tamen
2251 3799 2331 3849 vel
2358 3797 2530 3861 quivis
2556 3809 2585 3848 e
2610 3795 2760 3861 plebe
2786 3796 3057 3861 patienter
3084 3810 3227 3866 saepe
3250 3798 3413 3851 susti-

1848 3898 1971 3953 net,
2026 3888 2197 3945 l‘el,et
2228 3896 2435 3939 acetum
2487 3886 2662 3939 avidis
2712 3884 2959 3939 faucibus
3002 3886 3265 3940 hauserit.
3304 3905 3322 3937 ι
3359 3886 3413 3940 ld

1847 3979 2061 4046 quidem
2092 3992 2253 4032 sensu
2284 3977 2620 4044 tropologico
2653 3978 2918 4044 eXplicari
2944 3987 3128 4043 posset
3155 3992 3169 4029 :
3199 3977 3297 4031 sed
3325 3977 3413 4030 hic

1847 4069 1979 4123 satis
2016 4067 2178 4122 fuerit
2212 4081 2551 4120 communem
2603 4066 2743 4119 hanc
2802 4052 3204 4135 responsionem
3259 4058 3413 4119 adhi-

1845 4160 1991 4220 bere,
2029 4157 2153 4210 illud
2185 4172 2214 4209 a
2257 4158 2532 4226 prophetis
2582 4156 2751 4211 fuisse
2803 4159 3243 4226 praenuntiatum.
3275 4156 3408 4210 Nam

1845 4250 1896 4300 in
1933 4248 2139 4317 psalmo
2170 4250 2509 4317 sexagesimo
2540 4258 2731 4301 octavo
2762 4250 3024 4316 scriptum
3059 4258 3141 4301 est
3170 4262 3237 4300 ex
3287 4262 3412 4315 per-

1843 4354 1976 4393 sona
2009 4338 2207 4393 Christi
2240 4357 2254 4391 :
2292 4356 2311 4389 ι
2344 4339 2621 4393 Dederunt
2659 4339 2710 4391 iu
2743 4352 2922 4391 escam
2951 4352 3124 4390 meam
3154 4336 3244 4400 fel,
3269 4348 3323 4391 et
3353 4340 3407 4392 iu

1843 4430 1929 4484 siti
1972 4445 2091 4484 mea
2134 4438 2452 4497 putaverunt
2489 4444 2575 4484 me
2628 4438 2782 4482 aceto
2809 4428 2875 4480 “.
2913 4445 2932 4477 ι
2987 4425 3182 4482 Dicant
3212 4425 3407 4497 Judaei,

1774 4502 1817 4556 Ῐ)
1844 4523 1967 4591 quis
1999 4525 2114 4575 haec
2146 4521 2285 4589 apud
2335 4521 2646 4590 prophetam
2678 4519 2860 4571 dicat:
2894 4518 3052 4573 nobis
3080 4534 3147 4573 ex
3178 4518 3407 4573 historia

1842 4612 2076 4681 aliquem
2106 4612 2419 4673 exhibeant,
2459 4610 2550 4679 qui
2590 4622 2690 4673 pro
2727 4622 2853 4661 esca
2888 4608 3011 4661 felle
3058 4624 3191 4664 usus
3221 4608 3405 4674 fuerit,

1841 4713 1896 4759 et
1927 4712 2081 4758 aceto
2113 4717 2213 4771 pro
2253 4712 2403 4769 potu.
2452 4700 2560 4753 Aut
2593 4701 2637 4753 si
2684 4701 2871 4753 dicere
2900 4700 3014 4755 ausi
3062 4701 3265 4755 fuerint
3292 4702 3408 4754 haec

1840 4792 1907 4848 de
1931 4794 2144 4848 Christo
2171 4807 2333 4859 quem
2367 4800 2654 4844 venturum
2682 4800 3027 4860 exspectant,
3061 4790 3392 4860 intelligenda

1836 4900 1993 4949 esse;
2048 4883 2305 4936 continuo
2360 4896 2457 4935 nos
2493 4897 2820 4952 reponemus
2858 4900 2873 4936 :
2904 4884 3032 4951 quid
3069 4890 3216 4935 vetat
3263 4895 3386 4949 quo-

1840 4974 2016 5027 minus
2057 4972 2160 5026 hoc
2187 4986 2216 5024 a
2256 4972 2533 5041 prophetis
2566 4974 2883 5041 praedictum
2917 4973 3199 5027 evenerit?
3241 4971 3410 5027 Certo

1839 5065 1942 5118 hoc
1971 5063 2284 5119 vaticinium
2316 5064 2470 5133 longe
2500 5073 2628 5118 ante
2660 5065 2865 5119 Christi
2897 5072 3137 5130 tempora
3168 5062 3401 5128 editum,

1814 5147 2065 5224 ‘aliazque
2112 5156 2438 5226 prOphetica:
2487 5155 2893 5224 praedictiones,
2922 5154 2969 5209 si
3013 5154 3138 5223 quis
3166 5152 3407 5210 candide

172 5324 173 5327 “
246 5326 294 5359 ⁶¹
323 5325 733 5389 Ιιιιο.ιιιιι,45.
806 5330 851 5373 9’
885 5328 1043 5384 Joau.
1075 5345 1188 5397 xIx,
1229 5332 1350 5417 54./
1393 5332 1437 5364 "
1461 5333 1591 5388 Luc.
1620 5349 1753 5389 xxm

1852 5336 1897 5389 7.
1975 5337 2023 5369 “
2056 5337 2205 5393 Psal.
2237 5353 2427 5402 Lxrm,
2458 5336 2549 5390 22.

657 5480 965 5576 Bohere-lluls
991 5484 1137 5576 legit,
1163 5485 1389 5576 thaCtst;

241 5551 363 5616 (90)
390 5554 557 5603 Codd.
595 5552 793 5621 Regius
821 5562 877 5606 et
926 5552 1268 5617 Basileeusis,
1316 5556 1635 5627 ὑϐρίζοντας
1666 5560 1729 5614 τὸ

380 5618 503 5702 ρυιεξ
518 5620 876 5702 Anglicanih,
898 5622 1278 5702 ἐνυϐρίζοντας
1302 5626 1364 5702 τὸ
1392 5627 1564 5702 θεῖον.
1590 5700 1600 5702 _
1715 5698 1726 5702 Α

242 5687 371 5763 (ῆι),
390 5688 544 5763 _Libh.
568 5690 900 5763 antea_edi_ti,
921 5690 973 5743 τί
1000 5687 1130 5763 φησι
1155 5695 1268 5749 καί.
1299 5696 1415 5750 Sed
1436 5712 1559 5753 cum
1588 5698 1728 5754 istud

160 5754 498 5881 marg“
526 5773 555 5853 a
585 5771 687 5812 ms.
713 5757 906 5828 Regio,
930 5769 992 5815 et
1008 5754 1293 5833 redundet,
1318 5770 1726 5842 expungendum

1802 5699 1805 5701 ’
1826 5698 1944 5753 Mox

1898 5493 2010 5562 (92)
2041 5491 2150 5545 Kal
2165 5491 2249 5561 μὴ
2283 5485 2810 5562 διακαρτερήσανζι
2841 5487 2959 5555 τὴν
2983 5487 3173 5562 δίψαν·
3187 5485 3274 5562 ᾡς
3297 5486 3399 5562 καὶ

1826 5565 1861 5616 ό
1892 5556 2090 5629 τυχὼν
2121 5556 2428 5630 ἀὶ⁴θρωπος
2452 5556 2746 5630 πολλάκις
2769 5556 3305 5630 διακαρτερεῖίυαιο
3340 5560 3394 5609 in

1827 5627 1997 5684 σηιεὰ
2022 5632 2181 5686 editis
2209 5627 2404 5685 omissa
2461 5629 2755 5682 restituunt
2801 5642 2992 5682 omnes
3045 5627 3203 5682 eudd.
3255 5639 3388 5681 mss.

1984 5697 2267 5758 Boherello
2316 5699 2598 5771 legendum
2652 5696 2893 5764 videtur,
2923 5694 3205 5751 καὶτοῦτο
3254 5691 3391 5757 ιδίας

1829 5767 1942 5839 μιν.
