4076 6310
728 423 830 480 959

2137 431 2454 492 ORIGENIS

3807 444 3917 501 860

730 554 820 592 res
850 549 1027 604 gestas
1055 555 1240 596 omnes
1268 546 1626 612 perpenderit.
1655 549 1866 604 abunde
1913 560 2031 605 sunt
2063 562 2119 605 ut
2143 570 2257 621 per-

2365 557 2708 627 προφητικῶν
2729 559 3080 629 προγνώσεων
3094 557 3200 629 (93)
3223 557 3436 630 κινῆσαι
3455 559 3543 614 τὸν
3563 558 3915 630 εὐγνωμόνως

728 627 988 679 suadeant
1013 627 1193 682 Jesum
1225 647 1347 685 eum
1375 649 1492 688 esse
1518 652 1675 704 quem
1690 639 1966 694 Christum
1997 643 2266 711 propheta:

731 715 929 782 Deique
951 716 1141 770 Filium
1164 721 1734 789 prtesignilicaverunt.

792 801 880 853 38.
917 803 1007 856 Sic
1049 807 1244 859 deinde
1291 824 1391 862 nos
1427 813 1620 867 iterum
1677 817 1979 887 interpellat
2006 819 2260 876 Iudaeus:

728 908 747 938 ‹
782 889 942 944 Nobis
981 894 1145 959 igitur
1171 897 1382 951 crimini
1433 902 1654 970 ducitis,
1681 921 1713 959 ο
1747 907 2044 964 ﬁdelissimi
2073 952 2088 977 ,
2123 913 2264 979 quod

673 1028 678 1032 ,
723 980 864 1033 hunc
899 997 997 1050 pro
1033 983 1137 1039 Deo
1167 1002 1272 1040 non
1301 989 1623 1056 habeamus,
1659 998 1908 1066 quodque
1942 1016 2044 1054 non
2079 1017 2265 1056 assen-

723 1071 924 1125 tiamur
951 1074 1097 1128 illum
1148 1076 1426 1132 hominum
1467 1097 1628 1136 causa
1658 1100 1874 1152 passum
1912 1106 2030 1145 esse
2055 1131 2072 1156 ,
2107 1101 2165 1144 ut
2211 1102 2264 1148 et

721 1176 819 1214 nos
848 1163 1102 1231 supplicia
1140 1181 1243 1220 non
1301 1164 1792 1234 pertimescamus?
1826 1196 1844 1229 ι
1898 1179 1978 1233 Ad
2035 1196 2154 1249 quae
2185 1183 2261 1237 sic

719 1249 878 1320 417
941 1256 1384 1315 respondebimus
1435 1279 1449 1314 :
1506 1254 1708 1320 Judaais
1770 1268 1989 1334 quidem
2049 1273 2260 1326 crimini

721 1341 986 1408 ducimus,
1019 1347 1160 1412 quod
1191 1347 1305 1414 lege
1327 1355 1381 1400 et
1415 1353 1692 1417 prophetis
1717 1354 1962 1410 innutriti
1990 1357 2260 1412 Christum

720 1435 1215 1496 pra-nuntiantibus,
1251 1453 1422 1505 neque
1451 1441 1660 1495 solvant
1705 1457 2018 1513 argumenta
2070 1451 2262 1518 quibus

719 1514 900 1570 Jesum
925 1534 1042 1572 esse
1067 1520 1341 1576 Christum
1365 1524 1821 1595 denionstramus,
1846 1542 1898 1584 et
1915 1547 2064 1586 suam
2092 1536 2264 1590 incre-

718 1607 991 1662 dulitatem
1022 1611 1120 1665 hoc
1147 1617 1359 1668 nomine
1381 1629 1694 1684 praztexant,
1721 1623 1862 1688 quod
1885 1637 1946 1675 ea
1973 1625 2257 1693 solverint;

719 1711 912 1764 neque,
939 1715 1059 1751 cum
1089 1713 1271 1756 nostra
1301 1716 1616 1774 argumenta
1640 1710 1850 1764 solvere
1872 1722 2158 1780 nequeant,
2189 1717 2259 1779 ei,

717 1803 874 1855 quem
898 1792 1172 1859 propheta:
1188 1796 1567 1861 pratdixerunt,
1589 1799 1820 1852 habeant
1847 1802 2003 1854 ﬁdem
2039 1821 2049 1854 :
2077 1818 2259 1870 quam-

718 1879 799 1930 vis
825 1889 877 1930 et
906 1890 1024 1946 post
1060 1893 1318 1950 suscepta:
1353 1895 1548 1938 nostra:
1591 1896 1791 1940 naturae
1824 1898 2026 1957 tempus
2067 1893 2116 1944 in
2150 1893 2260 1946 suis
2293 1864 2332 1919 Β

717 1965 992 2033 discipulis
1019 1968 1236 2034 planum
1277 1981 1330 2022 et
1359 1973 1573 2026 evidens
1607 1975 1794 2029 fecerit
1823 1993 1902 2043 se,
1941 1980 2054 2033 haac
2082 1982 2258 2047 perfe-

718 2054 906 2118 rendo,
939 2057 1273 2111 consuluisse
1309 2060 1581 2115 hominum
1615 2065 1833 2119 utilitati
1869 2084 1883 2120 :
1916 2069 1966 2120 id
2005 2069 2057 2121 in
2085 2071 2259 2136 primo

717 2142 946 2195 adventu
982 2145 1082 2197 sibi
1114 2161 1501 2215 proponentem
1534 2168 1635 2205 non
1676 2155 1920 2208 homines
1947 2157 2095 2223 prius
2119 2159 2260 2226 judi-

715 2243 841 2281 care
867 2245 1021 2296 quam
1060 2248 1123 2285 ea
1169 2250 1285 2302 qua:
1313 2237 1440 2304 ipsis
1473 2239 1715 2294 facienda
1744 2253 1948 2310 essent,
1976 2246 2255 2313 edoceret;

715 2332 818 2372 nec
845 2322 1026 2374 statim
1065 2324 1236 2378 malos
1265 2329 1454 2393 punire
1484 2337 1537 2380 et
1567 2330 1824 2386 felicitate
1850 2335 2045 2388 donare
2071 2336 2257 2404 bonns,

713 2411 809 2463 sed
861 2415 1125 2480 stupendo
1174 2431 1391 2484 prorsus
1441 2421 1601 2474 modo
1650 2431 1704 2474 et
1759 2423 1935 2476 divina
1969 2426 2163 2480 virtute
2204 2431 2257 2482 in

668 2568 674 2574 ’
713 2514 878 2556 omne
931 2503 1202 2556 hominum
1251 2521 1420 2574 genus
1468 2523 1618 2561 suam
1678 2511 1979 2567 doctrinam
2007 2515 2257 2571 dissemi-

714 2604 865 2662 nare,
899 2600 952 2644 ut
978 2593 1252 2660 prophetae
1286 2597 1562 2651 vaticinati
1600 2599 1830 2655 fuerant.
1861 2602 2080 2658 Crimini
2110 2608 2259 2661 duci-

715 2691 834 2731 mus
886 2681 1028 2746 quod
1053 2682 1564 2740 excellentissimam
1598 2699 1921 2756 potestatem
1960 2695 2256 2751 declarauti

656 2798 666 2804 ς
713 2765 906 2818 nedum
953 2770 1303 2838 crediderint,
1329 2774 1396 2826 ab
1444 2775 1533 2828 illo
1572 2778 1841 2834 daemones
1875 2781 1926 2833 in
1957 2781 2257 2841 Beelzebub

715 2856 956 2924 principe
989 2859 1371 2915 daemoniorum
1406 2865 1526 2933 ejici
1567 2882 1632 2920 ex
1669 2870 1846 2922 anima
1878 2873 2148 2927 hominum
2179 2877 2259 2928 di-

714 2945 914 2998 xerint.
970 2946 1192 3002 Crimini
1241 2951 1486 3007 ducimus
1533 2958 1694 3024 quod,
1765 2969 2044 3028 postquam
2078 2963 2254 3031 Jesus,

713 3041 772 3083 ut
807 3033 1003 3102 ubique
1034 3051 1254 3105 regnum
1287 3041 1377 3094 Dei
1421 3048 1785 3112 annuntiaret,
1817 3045 1919 3103 non
1950 3054 2155 3118 urbem,
2187 3070 2255 3109 ne

713 3120 893 3174 vicum
940 3126 1151 3189 quidem
1205 3127 1399 3183 ludam:
1441 3134 1588 3186 adire
1619 3137 1937 3205 dedignatus
1985 3152 2086 3206 est,
2116 3144 2255 3198 hanc

714 3393 932 3448 trahens
966 3397 1018 3448 in
1055 3398 1272 3466 ignobili
1300 3418 1543 3471 corpore.
1579 3406 1693 3461 Non
1724 3411 1867 3463 enim
1913 3413 2146 3480 ignobile
2172 3425 2255 3470 est

716 3479 854 3534 tales
910 3497 1179 3540 aerumnas
1232 3492 1516 3556 sustinere,
1560 3503 1616 3545 ut
1656 3497 1804 3550 utilia
1836 3479 2100 3569 praecepta
2144 3511 2254 3557 tra-

713 3567 913 3622 dantur
941 3572 1020 3625 eis
1051 3576 1139 3640 qui
1174 3592 1365 3644 capere
1400 3581 1486 3632 illa
1523 3593 1767 3649 possunt.

779 3659 868 3712 59.
913 3661 1131 3729 Ecquod
1163 3668 1500 3724 manifestius
1528 3674 1887 3742 mendacium,
1920 3693 2079 3746 quam
2109 3686 2253 3750 quod

711 3745 789 3796 ait
814 3745 952 3799 Celsi
978 3747 1213 3816 Judzeus,
1241 3772 1260 3804 ι
1295 3754 1497 3823 Jesum,
1522 3774 1642 3812 eum
1673 3745 1945 3818 neminem
1970 3745 2249 3836 potuisset,

711 3836 948 3899 quandiu
976 3838 1130 3900 vixit.
1167 3847 1515 3912 persuadere,
1542 3863 1626 3902 no'
1653 3864 1779 3929 suos
1812 3853 2100 3922 discipulos
2131 3859 2256 3924 qui~

711 3923 857 3988 dem,
912 3927 994 3980 his
1047 3929 1295 3985 allectum
1342 3950 1458 3989 esse
1507 3923 1820 4007 suppliciis?
1855 3961 1875 3994 ι
1917 3944 2067 3998 Unde
2107 3950 2250 4001 enim

710 4010 994 4068 adversus.
1029 4031 1151 4069 eum
1203 4022 1551 4090 pontilicum,
1609 4029 1900 4095 seniorum,
1950 4036 2248 4090 scribarum

709 4098 1014 4157 Judaeorum
1055 4109 1256 4162 exarsit
1303 4111 1526 4176 invidia,
1561 4115 1663 4168 nisi
1723 4120 1866 4184 quod
1904 4135 1999 4174 sua
2035 4139 2250 4190 persua-

710 4189 872 4242 dendi
915 4194 968 4245 vi
1002 4193 1085 4246 vel
1120 4197 1172 4248 in
1205 4197 1414 4252 deserta
1443 4204 1780 4268 pertraheret
1812 4208 1993 4263 turbas
2031 4189 2146 4279 qua:
2177 4215 2246 4266 illi

709 4280 1077 4346 adhaarebant,
1108 4300 1210 4337 non
1253 4288 1423 4341 solum
1459 4291 1580 4358 quia
1615 4293 2015 4351 delectabantur
2048 4316 2249 4358 sermo-

709 4369 866 4423 nibus
895 4372 1010 4440 ejus
1046 4375 1134 4442 qui
1170 4372 1380 4443 semper
1409 4379 1728 4446 loquebatur
1755 4400 1873 4452 qnte
1905 4390 2248 4448 audientibus

2366 646 2460 697 ὅλα
2483 646 2550 698 τά
2573 647 2865 718 πράγματα
2891 649 3224 714 ἐξετάζοντα,
3245 651 3380 720 πρὸς
3396 651 3458 702 τὸ
3483 650 3912 717 συγκαταθέσθαι

2367 739 2664 810 ὡςΧριστῷ
2675 743 3089 811 προφητευθέντι
3114 745 3203 795 καὶ
3221 743 3330 812 Tit?)
3347 743 3436 795 τοῦ
3457 741 3589 794 Θεοῦ
3613 742 3690 811 τῷ
3715 741 3909 810 Ἰησοῦ.

2438 830 2590 882 Μετὰ
2642 831 2812 884 ταῦτά
2865 850 3029 903 φησιν
3077 836 3155 887 ἐτι
3189 837 3321 903 προς
3382 834 3528 901 ἡμᾶς
3572 835 3600 884 ὁ
3627 834 3909 894 Ἰουδαῖος·

2370 937 2389 968 ι
2423 918 2584 971 Ταῦτ’
2608 918 2702 974 οὖν
2727 923 2856 991 ἡμῖν
2884 922 3178 990 ἐγκαλεῖτε,
3207 917 3251 974 ὦ
3278 922 3610 984 πιστότατοι,
3635 921 3766 974 διότι
3790 919 3915 973 τοῦ-

2363 1026 2454 1063 τον
2479 1010 2538 1062 οὐ
2564 1011 2848 1081 νομίζομεν
2868 1012 3019 1074 Θεὸν,
3047 1013 3165 1065 οὐδὲ
3183 1013 3532 1082 συντιθέμεθα
3562 1014 3706 1082 ὑμῖν,
3725 1015 3805 1065 ὅτι
3824 1014 3912 1065 ἐπ’

2365 1098 2660 1168 ἀνθρώπων
2691 1099 2921 1170 ὠφελείᾳ
2953 1102 3119 1154 ταῦτα
3153 1101 3437 1171 ὑπέμεινεν
3469 1142 3484 1166 ,
3518 1103 3600 1154 ἵνα
3632 1104 3724 1154 καὶ
3756 1104 3918 1172 ἡμεῖς

2365 1189 3115 1261 κολάσεωνικαταφρονῶμεη
3152 1212 3170 1242 ι
3206 1193 3313 1244 Καὶ
3346 1192 3478 1263 πρὸς
3503 1191 3672 1257 ταῦτα
3706 1191 3764 1243 δὲ
3811 1193 3917 1260 φή·

2365 1295 2547 1348 σομεν,
2585 1281 2664 1332 ὅτι
2711 1279 3040 1349 ἐγκαλοῦμεν
3082 1282 3351 1342 Ἰουδαίοις
3374 1320 3388 1342 ,
3422 1283 3724 1349 ἐπραφεῖσι
3767 1281 3917 1349 νόμῳ

2364 1371 2458 1422 καὶ
2503 1371 2801 1440 προφήταις
2835 1375 2944 1434 τοῖς
2971 1371 3199 1442 Χριστὸν
3232 1370 3755 1439 προκαταγγέλλουσι
3778 1369 3912 1438 (94),

2362 1461 2483 1512 ἐπεὶ
2517 1461 2648 1529 μήτε
2678 1460 2742 1512 τὰ
2771 1461 3144 1530 προσαγόμενα
3163 1460 3347 1521 αὐτοῖς
3364 1460 3450 1526 ὑφ’
3482 1459 3635 1526 ἡμῶν
3667 1461 3746 1520 είς
3776 1458 3915 1508 ἀπό-

2363 1548 2524 1612 δειξιν
2556 1550 2682 1618 περὶ
2723 1549 2814 1600 τοῦ
2857 1550 3040 1602 τοῦτον
3083 1546 3220 1602 εῖναι
3271 1549 3360 1600 τὸν
3393 1548 3620 1617 Χριστὸν
3671 1547 3915 1610 λύουσιν,

2365 1638 2652 1704 ἀπολογίαν
2687 1639 3024 1708 ποριζόμενοι
3064 1638 3156 1690 τοῦ
3195 1637 3267 1706 μὴ
3309 1638 3577 1689 πιστεύειν
3601 1638 3702 1705 τὴν
3731 1635 3915 1687 λύσων

2368 1727 2501 1794 μήτε
2533 1727 2606 1788 ὡς
2649 1727 2721 1798 μὴ
2747 1727 2926 1779 λύουσι
2959 1728 3225 1779 πιστεύειν
3255 1728 3362 1795 (95)
3391 1726 3467 1795 τῷ
3493 1725 3921 1798 προφητευθέντι

2367 1815 2606 1884 ἐναργῶς
2654 1817 3057 1885 παραστήσαντι
3095 1817 3149 1867 ἐν
3176 1818 3286 1876 τοῖς
3325 1815 3721 1885 μαθητεύσασιν
3746 1814 3917 1882 αὐτῷ,

2363 1903 2453 1954 καὶ
2504 1904 2639 1971 μετὰ
2668 1905 2756 1955 τὸν
2793 1904 2978 1974 χρόνον
3001 1904 3098 1971 τῆς
3127 1903 3556 1972 ἐνσωματὼσεως
3585 1903 3802 1966 ἑαυτοῦ,
3835 1905 3919 1955 ὅτι

2362 1994 2446 2044 ἐπ’
2510 1991 2804 2062 ἀνθρώπων
2864 1992 3096 2060 ὠφελείᾳ.
3158 1992 3309 2044 ταῦθ’
3372 1993 3662 2061 ὑπέμεινε·
3719 1993 3920 2044 σκοπὸν

2361 2079 2494 2149 ἔχων
2528 2081 2628 2149 τῆς
2661 2079 2880 2150 πρώτης
2909 2079 3195 2150 ἐπιδημίας
3219 2080 3338 2147 οὐχ).
3370 2079 3571 2148 κρίνειν
3609 2079 3678 2130 τὰ
3710 2079 3919 2149 ἀνθρὼ-

2361 2187 2495 2233 πων,
2553 2169 2645 2220 καὶ
2703 2169 2806 2239 πρὸ
2858 2170 2950 2222 τοῦ
2985 2168 3093 2238 (96)
3133 2167 3335 2232 διδάξαι
3385 2168 3477 2219 καὶ
3537 2168 3918 2237 μαρτύρασθαι

2359 2259 2485 2328 περὶ
2514 2259 2619 2311 τῶν
2653 2260 2964 2329 πρακτέων·
2996 2259 3089 2311 καὶ
3117 2258 3187 2328 μὴ
3213 2259 3336 2320 τοὺς
3369 2258 3465 2325 μὲν
3513 2259 3785 2327 πονηροὺς
3826 2276 3917 2310 κο-

2359 2348 2556 2411 λάζειν,
2591 2349 2715 2410 τοὺς
2744 2349 2789 2401 δ’
2821 2349 3055 2415 ἀγαθοὺς
3081 2346 3288 2408 σώζειν,
3323 2346 3455 2398 ἀλλά
3494 2349 3712 2415 σπεῖραι
3745 2365 3916 2417 παρα-

2357 2434 2521 2498 δόξως
2574 2435 2663 2486 τὸν
2709 2435 2899 2487 ἑαυτοῦ
2952 2435 3106 2502 λόγον
3138 2434 3231 2484 καὶ
3267 2434 3402 2502 μετά
3447 2449 3589 2494 τινος
3633 2433 3915 2502 δυνάμεως

2359 2523 2630 2594 θειοτέρας
2664 2525 2823 2576 παντὶ
2869 2524 2945 2593 τῷ
2989 2522 3284 2594 ἀνθρώπων
3316 2522 3476 2589 γένει,
3512 2522 3587 2584 ὼς
3621 2525 3668 2574 oi
3703 2523 3916 2592 προφῆ-

2356 2629 2444 2664 ται
2465 2611 2738 2664 καὶταῦτα
2759 2613 3118 2682 παρέστησαν.
3147 2613 3263 2663 Ἔτι
3281 2612 3325 2662 δ’
3343 2611 3675 2680 ἐγκαλοῦμεν
3707 2612 3912 2673 αὐτοῖς,

2357 2699 2478 2752 ἐπεὶ
2519 2699 2616 2770 τὴν
2674 2700 3017 2769 ὑπάρχουσαν
3062 2698 3169 2767 (97)
3208 2698 3434 2767 δύναμιν
3488 2698 3914 2767 ἐπιδεικνυμένῳ

2357 2789 2455 2841 οὐκ
2481 2791 2819 2852 ἐπίστευσαν,
2873 2789 2983 2842 ἀλλ’
3023 2790 3080 2840 ἐν
3110 2787 3429 2851 Βεελζεόοὺλ
3454 2787 3530 2857 τῷ
3561 2790 3781 2858 ἄρχοντι
3803 2789 3914 2840 τῶν

2356 2880 2639 2949 δαιμονίων
2671 2881 2918 2950 εἰρήκασι
2945 2879 3066 2940 τοὺς
3108 2879 3363 2948 δαίμονας
3410 2880 3567 2931 αὐτὸν
3608 2879 3916 2948 ἀποϐεϐλη-

2358 2969 2507 3022 κέναι
2548 2970 2644 3039 τῆς
2673 2970 2777 3021 τῶν
2809 2967 3103 3038 ἀνθρώπων
3131 2969 3325 3037 ψυχῆς.
3371 2969 3792 3038 Ἑγκαλοῦμενδ
3825 2971 3913 3022 ὅτι

2359 3062 2450 3111 καὶ
2468 3061 2528 3111 τὸ
2559 3061 2928 3130 φιλάνθρωπον
2960 3061 3141 3124 αὑτοῦ,
3167 3063 3238 3131 μὴ
3265 3062 3631 3131 ὑπερορῶντος
3658 3063 3717 3113 οὺ
3748 3063 3914 3131 μόνον

2359 3151 2529 3213 πόλιν,
2564 3149 2675 3202 ἀλλ’
2704 3151 2818 3202 οὐδὲ
2854 3148 3044 3219 κώμην
3076 3151 3192 3202 τινὰ
3215 3151 3311 3220 τῆς
3351 3150 3621 3213 Ἰουδαίας,
3655 3151 3738 3201 τνα
3773 3169 3918 3205 παν-

2238 3237 2251 3289 i
2280 3199 2322 3256 C
2354 3199 2529 3304 agas
2540 3199 2840 3306 ἀπαγγείλῃ
2871 3199 2966 3308 et};
2997 3199 3385 3306 ausurae;
3397 3199 3916 3302 ’θεοῠίὲιαεέιλλον-

2353 3343 2462 3386 τες,
2505 3325 2708 3396 πλάνην
2733 3324 3123 3396 κατηγοροῦσιν
3176 3323 3339 3376 αὐτοῦ
3366 3324 3439 3387 ὡς
3480 3325 3778 3393 ἀλωμένου,
3811 3329 3915 3380 καὶ

2353 3415 2600 3477 ἀλύοντος
2650 3418 2706 3467 ἐν
2745 3417 2957 3482 ἀγεννεῖ
2987 3413 3213 3484 σώματι.
3245 3416 3317 3466 Οὐ
3346 3413 3450 3484 γὰρ
3483 3415 3702 3481 ἀγεννὲς
3724 3415 3790 3466 τὸ
3817 3432 3917 3468 το-

2355 3504 2570 3566 σούτους
2597 3506 2876 3573 ὑπομεῖναι
2905 3505 3044 3574 ὑπὲρ
3075 3503 3336 3572 ὠφελείας
3369 3503 3473 3556 τῶν
3496 3505 3767 3574 πανταχοῦ
3791 3505 3912 3576 (98)

2352 3595 2564 3648 ἀκούειν
2595 3595 2898 3663 δυναμένων
2919 3597 3134 3658 πόνους.

2417 3684 2539 3746 Πῶς
2575 3685 2619 3736 δ’
2659 3686 2756 3736 οὐκ
2792 3686 3046 3753 ἄντικρυς
3076 3684 3266 3752 ψεῦδος
3301 3683 3363 3735 τὸ
3401 3685 3503 3735 ὑπὸ
3538 3685 3628 3736 τοῦ
3656 3683 3805 3755 παρὰ
3823 3684 3916 3752 τῷ

2351 3772 2539 3841 Κέλσῳ
2583 3773 2832 3824 Ἰουδαίου
2863 3771 3170 3839 λεγόμενον,
3200 3771 3279 3822 ὅτι
3313 3787 3332 3819 ι
3367 3771 3562 3839 μηδένα
3597 3771 3784 3831 πείσας
3807 3771 3915 3838 μὲ-

2351 3879 2440 3929 χρι
2468 3862 2582 3931 ἔζη,
2608 3863 2699 3929 ὅγε
2733 3861 2865 3931 μηδὲ
2912 3862 3019 3931 (99)
3056 3861 3178 3923 τοὺς
3211 3861 3399 3912 ἐαυτοῦ
3431 3859 3690 3929 μαθητὰς,
3711 3861 3916 3913 ἐκολᾶο

2353 3949 2452 4017 σθη
2503 3951 2596 4001 καὶ
2649 3950 2870 4002 τοιαῦτα
2919 3950 3204 4018 ὑπέμεινε;
3243 3968 3261 3999 ι
3295 3948 3462 4000 Πόθεν
3502 3948 3609 4017 γὰρ
3639 3951 3667 3999 ὁ
3706 3948 3912 4014 φθόνος

2350 4041 2452 4092 ὑπὸ
2482 4041 2589 4092 τῶν
2641 4017 2790 4108 “nupti
2830 4017 3094 4105 Ἰουδαίοις
3133 4042 3426 4112 ἀρχιερέων
3467 4041 3557 4092 καὶ
3599 4039 3910 4108 πρεσϐυτέ-

2331 4134 2457 4202 ρων
2501 4132 2591 4183 καὶ
2632 4133 2995 4202 γραμματέων
3031 4133 3247 4202 ἐκινήθη
3273 4134 3391 4184 κατ’
3417 4129 3600 4194 αὑτοῦ,
3634 4130 3666 4198 ἢ
3697 4131 3762 4180 ἐκ
3801 4129 3910 4180 τοῦ

2349 4219 2522 4289 πλήθη
2581 4221 2871 4287 πειθόμενα
2939 4220 3243 4273 ἀκολουθεῖν
3302 4219 3467 4288 αὐτῷ,
3513 4221 3606 4271 καὶ
3657 4220 3732 4278 εἰς
3799 4218 3912 4280 τὰς

2348 4310 2576 4380 ἐρημίας
2603 4308 2939 4379 κρατούμενα
2972 4310 3031 4360 οὐ
3070 4309 3223 4377 μόνον
3277 4310 3381 4361 ὑπὸ
3432 4310 3528 4375 τῆς
3580 4308 3682 4359 τῶν
3721 4307 3911 4374 λόγων

2349 4401 2508 4452 αὑτοῦ
2552 4399 2864 4461 ἀκολουθίας
2898 4396 3198 4470 ἁρμόζοντα
3231 4400 3341 4459 τοῖς
3384 4399 3665 4455 ἀκούουσιν
3694 4398 3786 4449 ἀεὶ
3824 4397 3912 4449 λέ-

711 4470 1062 4529 attemperata
1117 4479 1318 4529 essent,
1355 4470 1445 4522 sed
1481 4483 1759 4539 propterea
1816 4480 2067 4544 maxime,
2110 4486 2247 4550 quod

2354 4509 2552 4559 γοντος,
2584 4492 2714 4544 ἀλλά
2764 4492 2855 4543 καὶ
2897 4493 3014 4551 ταῖς
3047 4490 3329 4557 δυνάμεσιν
3351 4488 3731 4558 ἐκπλήττοντος
3767 4491 3908 4551 τοὺς

710 4550 989 4609 miraculis
1032 4571 1124 4610 eos
1161 4559 1212 4609 in
1264 4559 1674 4614 admirationem
1710 4569 1970 4634 rapiebat,
2013 4573 2099 4638 qui
2133 4588 2248 4626 ser-

2348 4580 2419 4648 μὴ
2458 4583 2523 4650 τῇ
2571 4581 2662 4632 τοῦ
2694 4580 2846 4647 λόγου
2876 4578 3035 4630 αὑτοῦ
3063 4576 3344 4646 ἀκολουθία
3370 4578 3740 4640 πιστεύοντας;
3771 4580 3910 4640 Πῶς

709 4644 958 4698 monibus
990 4644 1144 4698 ﬁdem
1170 4648 1456 4717 adjungerc
1496 4653 2057 4715 recusabant?Nonne
2087 4665 2245 4718 etiam

2354 4644 2386 4720 δ’
2408 4644 2523 4719 ὀωέ
2536 4669 2786 4738 ἄντικρυς
2813 4669 3023 4736 ψεῦδος,
3054 4669 3168 4719 ὅτι(
3203 4666 3321 4718 οὐδὲ
3351 4668 3473 4728 τοὺς
3497 4666 3684 4718 ἑαυτοῦ
3705 4665 3909 4720 ἔπεισε

710 4734 864 4801 plane
900 4735 1234 4788 mendacium
1263 4750 1366 4806 est,
1394 4759 1413 4791 ι
1450 4743 1595 4796 illum
1628 4761 1694 4799 ne
1723 4762 1850 4799 suos
1877 4751 2087 4816 quidem
2121 4770 2245 4820 per-

2347 4759 2609 4827 μαθητάς,
2663 4778 2680 4808 ι
2717 4760 2838 4821 τοὺς
2886 4758 3150 4821 παθόντας
3199 4758 3294 4827 μὲν
3343 4755 3672 4826 ἀνθρώπινόν
3698 4771 3750 4807 τι
3787 4758 3910 4809 ἀπὸ

706 4823 946 4877 suasisse
975 4825 1302 4894 discipulos?
1341 4848 1358 4880 ι
1394 4830 1648 4898 Equidem
1680 4837 1967 4890 humanum
1991 4843 2117 4906 quid
2140 4859 2247 4910 pra:

2354 4823 2537 4909 ὲειλίέις
2579 4847 2698 4898 τότε
2741 4847 2965 4916 (οὐδέπω
3008 4847 3115 4915 γὰρ
3154 4823 3288 4916 ἦσαν
3340 4823 3474 4915 πρὸς
3508 4839 3906 4913 avspicium.

709 4912 901 4967 timore
937 4925 1065 4969 tunc
1103 4920 1245 4985 passi
1273 4930 1416 4986 sunt,
1453 4931 1633 4990 utpote
1663 4927 1895 4979 nondum
1932 4930 1997 4983 ad
2029 4930 2245 4987 fortitu-

924 5155 1275 5222 llmschelins,
1313 5161 1579 5227 γνὼσεων.

780 5224 1529 5301 (94)(19οκιζζαγγέλλουσι.
1556 5231 1644 5301 Sic
1671 5248 1856 5287 omnes
1887 5249 2015 5292 mss.
2049 5240 2248 5292 rectius

707 5308 876 5365 quam
901 5295 1027 5365 lihh.
1059 5297 1204 5365 editi,
1236 5295 1787 5365 ὑποκαταγγέλλουσι.

779 5360 886 5431 (95)
928 5362 1017 5426 Ὠς
1033 5363 1143 5438 ⁸μῂ
1187 5368 1401 5438 dueum
1433 5360 1752 5438 πιστεύειν.
1795 5369 2096 5438 chendum
2129 5390 2249 5428 cum

711 5431 1366 5505 interprete_Gelenio,idi;
1407 5438 1490 5505 μὴ
1541 5437 1756 5499 λύοντες
1784 5431 2111 5496 πιστεύουσι.

2335 4935 2609 5004 οδημένοι),
2639 4937 2695 4987 ού
2746 4935 2846 5004 μὴν
2893 4935 2961 4986 τὰ
3005 4934 3258 5005 κριθέντα
3301 4935 3478 4997 αὐτοῖς
3501 4933 3574 4994 ὡς
3607 4933 3727 5001 περὶ
3759 4934 3910 5003 Χρι-

2353 5177 2459 5228 τῶν
2513 5176 2806 5246 πανταχοῦ.
2860 5175 2963 5230 Sed
3015 5175 3090 5245 τῷ
3122 5173 3310 5246 Κέλσῳ
3343 5175 3493 5229 abest
3529 5178 3592 5228 ad
3636 5179 3906 5236 omnibus

2353 5261 2482 5300 mss.
2514 5259 2567 5297 et
2590 5245 2803 5301 merito.
2835 5246 3043 5300 Idcirco
3072 5245 3198 5298 illud
3227 5259 3257 5297 e
3290 5253 3436 5297 textu
3466 5255 3650 5299 nostro
3677 5262 3905 5318 expun-

2349 5329 2542 5459 “(Is-is)
2564 5384 2697 5464 ’ργε
2716 5382 2885 5464 μηδέ.
2922 5381 3010 5436 Sic
3041 5397 3229 5464 omnes
3261 5396 3412 5464 mss”
3443 5385 3676 5464 exr‘epti’s
3700 5384 3907 5464 (Angli-

2348 5450 2779 5520 canis'quicum
2819 5450 3084 5520 Spencero
3107 5451 3414 5511 habentﬁrt
3445 5451 3597 5519 μηδὲ.
3631 5450 3906 5520 Gelenius

782 5497 890 5564 (96)
925 5501 1033 5589 Kal!
1069 5502 1177 5567 πρὸ
1207 5504 1329 5554 τοῦ.
1381 5497 1490 5589 Vel"
1521 5497 1803 5588 delendum
1850 5508 1990 5562 istud
2029 5512 2144 5575 καί,
2170 5512 2252 5565 vel

2354 5497 2624 5589 i'uié'r'pélié'
2641 5497 3204 5589 iggé'taz,’5;;;gs;:;
3216 5497 3414 5589 suae
3441 5497 3597 5589 ἱῖἐὶῥὶ
3618 5497 3904 5585 εξῆἶὸοξὶ

712 5569 1112 5642 “pingendum
1148 5585 1381 5642 sequens
1401 5575 1492 5625 καὶ
1521 5576 1613 5642 μή.

756 5633 892 5715 -
908 5635 920 5652 '
933 5632 1344 5715 ζςζᾴρχουάαν.
1369 5632 1535 5715 Forte:
1549 5632 1823 5715 legendum
1837 5632 2249 5715 ,ὑπερέχουσαι

782 5701 896 5772 (98)
933 5701 1284 5775 Ιιίιθῠ.”ίιιιιθςι
1335 5711 1484 5775 editi,
1517 5701 1652 5779 ὺπέρ
1671 5701 1930 5779 ὠφελείας
1959 5701 2252 5786 τῷἻίέλσῳ

2345 5586 2481 5708 τοὺς⁸
2520 5590 2707 5641 ἑαυτοῦ
2750 5586 3010 5660 μαθητάς,
3054 5586 3222 5661 quau]
3274 5586 3555 5646 lectionem
3604 5592 3904 5656 sequentia

2350 5669 2446 5708 con
2472 5668 2682 5708 trmant.

2350 5668 2682 5709 cunttrmant.
