4126 6314
296 430 404 488 861

1479 426 1752 484 CONTRA
1782 423 2054 480 CELSUM
2094 421 2216 486 LIB.
2259 422 2320 476 ll.

3391 417 3498 473 861

297 541 433 596 στοῦ
466 542 866 613 ἀποθεμένουςς
907 545 965 597 '0
1001 547 1097 614 μὲν
1131 545 1237 614 γὰρ
1260 544 1463 614 Πέτρος
1501 541 1636 612 μετά
1659 541 1718 592 τὸ
1757 543 1852 608 ἀρ-

1957 536 2131 589 dinem
2173 532 2456 589 exercitati
2489 546 2506 585 :
2533 541 2588 587 at
2614 548 2717 587 non
2764 541 3031 588 exuerunt
3063 547 3223 602 quam
3249 533 3316 586 de
3346 546 3410 586 eo
3436 541 3522 589 ut.

294 633 565 701 νήσασθαι
614 635 1021 704 συναισθόμενος
1053 631 1109 688 οἵ
1141 637 1324 704 γέγονε
1382 633 1586 698 κακῶν,
1627 630 1852 695 ἐξελθὼν

292 718 426 784 ἔξω,
468 720 691 772 ἔκλαυσε
742 723 948 790 πικρῶς
971 741 983 753 ⁸
1016 725 1064 774 οἱ
1096 723 1152 774 δὲ
1180 723 1354 774 λοιποὶ
1390 719 1724 789 πεπληγότες
1751 716 1853 769 ὑπὸ

292 811 403 880 τῆς
445 813 528 863 ἐπ’
555 812 702 881 αὐτῷ
749 814 982 882 ἀθυμίας
1015 814 1113 883 (ἔτι
1162 815 1270 884 γὰρ
1315 814 1474 867 αὐτὸν
1523 811 1851 881 ἐθαύμαζον)

292 905 700 977 ἐϐεϐαιώθησαν
725 907 812 959 διὰ
841 908 938 976 τῆς
963 909 1278 977 ἐπιφανείας
1316 906 1478 961 αὐτοῦ
1508 906 1644 975 πρὸς
1670 905 1730 956 τὸ
1762 923 1853 956 πι-

296 991 510 1044 στεύειν
529 993 607 1044 ἔτι
627 994 820 1062 μᾶλλον
842 997 934 1048 καὶ
959 996 1297 1068 βεϐαιότερον
1318 995 1466 1065 παρά
1491 995 1550 1046 τὸ
1570 995 1850 1065 πρότερον,

291 1083 383 1135 δτι
411 1085 533 1147 Υἱὸς
561 1080 627 1154 ἦν
649 1085 740 1138 τοῦ
768 1086 919 1139 Θεοῦ.

368 1343 474 1394 Καὶ
497 1343 813 1414 ἀφιλόσοφον
829 1346 883 1398 δέ
902 1364 953 1398 τι
981 1346 1163 1399 παθὼν
1178 1349 1205 1399 6
1225 1347 1446 1409 Κέλσος,
1464 1347 1562 1417 τὴν
1579 1349 1634 1400 ὲν
1655 1348 1854 1420 ἀνθρὼ-

293 1446 421 1492 ποις
447 1432 714 1503 ὑπεροχὴν
743 1435 840 1487 οὐκ
869 1437 926 1487 έν
945 1435 1082 1505 λόγῳ
1110 1437 1378 1508 σωτηρίας
1409 1436 1590 1506 (1)κα“ι
1612 1436 1729 1506 seu
1758 1455 1855 1488 κα-

293 1520 451 1590 Θαρῶ
463 1523 782 1589 φαντάζεται
795 1521 951 1592 εἶναι,
967 1526 1097 1579 ἀλλά
1110 1529 1165 1577 ἐν
1177 1527 1252 1596 τῷ
1264 1526 1411 1596 παρὰ
1421 1528 1517 1597 τὴν
1534 1528 1782 1579 ὑπόθεσιν
1795 1523 1853 1580 οὐ

293 1613 553 1683 ἀνείληφε
569 1615 852 1684 προσώπου
882 1619 1119 1687 ποιῆσαι,
1135 1621 1228 1671 καὶ
1244 1619 1566 1689 ἀνειληφότα
1580 1619 1639 1671 τὸ
1663 1620 1853 1689 θνητὸν

295 1703 376 1772 μὴ
403 1703 685 1757 ἀποθανεῖν
706 1723 719 1735 ο
748 1707 779 1776 ἢ
804 1692 1090 1762 ἀποθανεῖν
1113 1710 1233 1774 μὲν,
1256 1711 1374 1778 οὐχί
1403 1710 1458 1761 δὲ
1490 1710 1733 1771 θάνατον,
1766 1710 1854 1761 τὸν

291 1794 590 1863 δυνάμενον
612 1798 954 1869 παράδειγμα
969 1801 1215 1868 γενέσθαι
1243 1804 1354 1864 τοῖς
1371 1801 1464 1853 καὶ
1492 1802 1580 1852 ὑπ’
1599 1801 1758 1853 αὐτοῦ
1777 1802 1851 1870 (2)

290 1883 390 1934 τοῦ
414 1885 570 1954 ἔργου
589 1890 880 1958 είσομένοις
904 1891 1042 1960 ὑπὲρ
1063 1892 1340 1954 εὐσεϐείας
1368 1892 1852 1961 ἁποθνήσκειν,καὶ

293 1975 763 2042 παρρησιάζεσθαι
827 1982 882 2030 ὲν
915 1980 1047 2048 αὐτῇ
1084 1981 1218 2050 πρὸς
1248 1981 1371 2042 τοὺς
1401 1982 1766 2050 ἐσφαλμένους
1795 1983 1852 2032 ὲν

292 2060 375 2130 τῷ
437 2065 562 2133 περὶ
631 2068 906 2130 εὐσεϐείας
948 2071 1040 2120 καὶ
1103 2070 1350 2132 ἀσεϐείας
1389 2071 1464 2140 (5)
1521 2072 1703 2140 τόπῳ·
1762 2075 1853 2124 καὶ

292 2151 611 2219 νομίζοντας
663 2158 786 2219 τοὺς
841 2158 937 2226 μὲν
981 2159 1221 2221 εὐσεϐεῖς
1266 2159 1401 2213 εἶναι
1441 2160 1850 2223 ἀσεϐεστάτους,

292 2246 424 2305 τοὺς
447 2245 502 2297 δὲ
530 2247 902 2317 πλανωμένους
943 2252 1067 2320 περῖ¹
1097 2251 1251 2314 Θεοῦ,
1284 2254 1376 2304 καὶ
1404 2254 1566 2306 παντὶ
1601 2252 1850 2321 μᾶλλονῆ

293 2330 417 2401 Θεῷ
476 2336 877 2406 ἐφαρμόζοντας
948 2341 1041 2409 τὴν
1096 2343 1221 2410 περὶ
1278 2342 1438 2393 αὐτοῦ
1503 2343 1852 2411 ἀδιάστροφον

293 2419 522 2485 ἔννοιαν,
569 2425 1040 2494 ὑπολαμϐάνοντας
1087 2424 1220 2479 εἶναι
1270 2427 1713 2489 εὐσεϐεστάτους·
1762 2427 1854 2478 καὶ

304 2513 535 2581 μάλιστα
591 2515 676 2566 ὅτε
727 2517 821 2569 καὶ
864 2516 958 2568 ἐπὶ
1007 2517 1065 2568 τὸ
1118 2519 1351 2590 ἀναιρεῖν
1389 2519 1598 2588 ὁρμῶσι
1629 2519 1752 2580 τοὺς
1788 2522 1851 2587 τῇ

299 2603 556 2674 ἐναργείᾳ
603 2605 694 2658 τοῦ
743 2607 857 2670 ἐνὸς
899 2611 990 2661 καὶ
1034 2611 1124 2661 ἐτιτῖ⁴
1165 2603 1296 2662 πᾶσι
1327 2612 1458 2663 Θεοῦ
1494 2613 1714 2674 ἑαυτοὺς
1760 2612 1855 2682 ὅλῃ

293 2693 443 2764 ψυχῇ
474 2695 633 2764 μέχρι
667 2696 892 2750 θανάτου
926 2701 1324 2762 ἐπιδεδωκότας.

375 2870 492 2921 Ἔτι
520 2869 563 2922 δ’
597 2870 816 2936 ἐγκαλεῖ
863 2872 940 2940 τῷ
985 2874 1154 2942 Ἰησοῦ
1193 2877 1220 2926 6
1264 2875 1469 2938 Κέλσος
1501 2877 1586 2929 διὰ
1611 2878 1701 2930 τοῦ
1737 2879 1856 2931 ’ῐουο

292 2958 481 3010 δαῖκοῦ
503 2958 812 3028 προσώπου,
843 2981 860 3012 ι
883 2963 958 3024 ὼς
989 2963 1060 3041 μὴ
1084 2963 1315 3026 δείξαντι
1340 2965 1527 3016 ἑαυτὸν
1559 2967 1771 3018 πάντων
1791 2967 1853 3039 δὴ

295 3047 480 3098 κακῶν
506 3047 888 3116 καθαρεύοντα.
929 3068 947 3099 ι
984 3037 1155 3101 Ποίων
1208 3050 1270 3121 δὴ
1321 3051 1523 3116 κακῶν,
1573 3037 1774 3120 λεγέτω

1954 625 2170 678 Christo
2218 633 2577 692 conceperant
2624 625 2957 693 opinionem.
3009 624 3138 676 Nam
3189 622 3379 676 Petrus
3406 624 3494 676 vix

1957 726 2262 784 negaverat.
2295 731 2415 769 cum
2459 715 2698 768 sentiens
2724 731 2829 782 quo
2858 729 2916 768 se
2953 715 3211 767 malorum
3254 713 3496 782 pra-cipi-

1956 815 2140 868 tasset,
2177 821 2424 874 egressus
2455 817 2538 859 est
2579 804 2722 858 foras
2746 814 2800 858 et
2831 804 2977 857 ﬂevit
3008 818 3187 856 amare
3202 805 3279 866 “;
3311 803 3494 857 czeteri

1953 911 2079 948 vero
2138 911 2374 950 maerore
2426 896 2669 963 percussi
2716 910 2783 948 ex
2827 895 2893 948 iis
2928 909 3046 961 qua:
3083 894 3158 946 illi
3188 894 3497 947 acciderant

1954 985 2147 1055 (adhuc
2202 987 2344 1038 enim
2396 985 2543 1038 illum
2587 982 3039 1055 admirabantur),
3077 994 3356 1053 postquam
3390 982 3497 1034 illis

1954 1075 2368 1144 conspicabilem
2418 1090 2476 1128 se
2522 1077 2704 1142 postea
2761 1075 3006 1141 praebuit,
3065 1073 3297 1126 roborati
3353 1080 3494 1136 sunt,

1955 1165 2225 1232 multoque
2262 1164 2470 1218 ﬁrmius
2497 1179 2655 1235 quam
2689 1173 2846 1218 antea
2885 1178 3009 1218 eum
3041 1161 3133 1216 Dei
3162 1161 3351 1220 Filium
3380 1174 3501 1215 esse

1955 1254 2322 1307 crediderunt.
2502 1316 2504 1318 τ

2024 1344 2288 1414 41840.
2303 1343 2577 1412 Indignum
2606 1353 2783 1397 autem
2800 1353 2883 1396 est
2901 1342 3216 1411 philosopho
3233 1341 3370 1410 quod
3396 1340 3498 1394 sibi

1956 1432 2008 1485 in
2040 1435 2278 1485 animum
2321 1433 2525 1486 inducit
2563 1430 2917 1492 Celsus,Jesu
2954 1432 3318 1499 praestantiam
3363 1432 3502 1482 inter

1956 1523 2203 1575 homines
2221 1538 2327 1576 non
2353 1523 2405 1575 in
2433 1524 2674 1575 doctrina
2692 1521 2920 1575 salutari
2942 1521 3370 1594 incorruptisque
3393 1533 3504 1569 mo-

1957 1614 2104 1667 ribus
2127 1614 2454 1677 consistere;
2483 1613 2573 1665 sed
2614 1613 2915 1678 oportuisse
2951 1621 3007 1665 ut
3033 1621 3220 1665 contra
3261 1611 3311 1663 id
3359 1609 3500 1678 quod

1956 1713 2204 1773 suscepta
2229 1704 2295 1755 ab
2324 1718 2381 1755 se
2407 1717 2633 1770 persona
2665 1701 2984 1769 postulabat.
3003 1710 3202 1768 ageret,
3221 1710 3272 1752 et
3297 1714 3500 1752 assum-
3524 1743 3528 1750 .

1958 1807 2046 1864 pto
2101 1795 2310 1848 mortali
2365 1810 2586 1864 corpore
2629 1810 2735 1848 non
2779 1805 3111 1860 moreretur;
3139 1803 3230 1846 aut
3265 1792 3500 1846 morere-

1957 1895 2040 1937 tur
2065 1884 2300 1952 quidem,
2328 1886 2419 1937 sed
2467 1901 2570 1937 non
2617 1900 2679 1937 ea
2719 1895 2888 1937 morte
2947 1900 3064 1952 quze
3109 1884 3350 1952 exemplo
3384 1896 3502 1936 esse

1959 1985 2121 2042 queat
2153 1974 2273 2031 aliis
2303 1975 2392 2042 qui
2426 1989 2489 2027 eo
2527 1975 2642 2042 ipso
2673 1975 2882 2028 discent
2915 1989 3012 2043 pro
3047 1975 3244 2042 pietate
3283 1975 3417 2026 mori
3444 1983 3500 2025 et

1955 2082 2073 2120 eam
2103 2065 2269 2119 libere
2293 2081 2478 2119 coram
2504 2067 2582 2118 eis
2605 2065 2862 2133 proﬁteri,
2895 2067 2984 2134 qui
3017 2069 3270 2133 pietatem
3305 2064 3499 2131 impie-

1957 2165 2065 2209 tate
2098 2170 2204 2208 nou
2230 2157 2627 2223 dignoscentes,
2657 2157 2774 2224 pios
2803 2170 2901 2224 pro
2932 2156 3114 2225 impiis
3149 2156 3367 2221 habent,
3406 2169 3502 2207 eos

1961 2261 2106 2309 vero,
2137 2246 2229 2314 qui
2258 2247 2412 2300 falsis
2437 2248 2502 2299 de
2524 2249 2628 2299 Deo
2652 2247 2988 2314 opinionibus
3016 2246 3202 2299 imbuti
3226 2245 3400 2313 potius
3430 2244 3517 2307 ad~

1955 2350 2292 2404 quiecunque
2321 2337 2424 2390 alia
2458 2354 2619 2406 quam
2663 2339 2728 2390 ad
2778 2338 2943 2390 Deum
2983 2337 3136 2389 firme
3188 2337 3499 2403 impressam

1957 2426 2137 2478 animo
2170 2427 2233 2478 de
2288 2426 2378 2480 illo
2425 2428 2696 2479 notionem
2749 2428 3171 2490 accommodant,
3227 2409 3519 2493 piisSimos

1955 2529 2077 2568 esse
2122 2517 2486 2580 arbitrantur;
2521 2518 2679 2583 idque
2712 2525 2822 2568 tum
2860 2519 3113 2590 manune,
3142 2530 3262 2568 cum
3293 2513 3501 2567 interﬂ-

1956 2620 2077 2657 cere
2126 2609 2343 2658 student
2395 2621 2488 2661 eos
2532 2609 2621 2676 qui
2664 2607 2934 2660 evidentia
2974 2609 3129 2659 unius
3159 2605 3504 2674 supremique

1958 2696 2050 2749 Dei
2081 2699 2309 2764 perculsi
2334 2714 2393 2753 se
2424 2709 2534 2753 tota
2563 2683 2750 2755 mente
2789 2700 2836 2754 ei
2863 2700 2932 2753 ad
2961 2709 3185 2753 mortem
3217 2711 3382 2767 usque
3407 2694 3519 2750 de?

1957 2796 2236 2840 voverunt.

2029 2881 2116 2936 41.
2147 2881 2327 2936 Jesum
2365 2893 2627 2950 prmterea
2673 2880 2855 2947 culpat
2881 2878 3069 2933 Celsus
3107 2879 3251 2932 larva
3283 2877 3502 2932 Iudaica

1958 2983 2299 3040 personatus,
2327 2992 2345 3022 σ
2372 2973 2512 3040 quod
2543 2987 2602 3024 se
2635 2986 2739 3023 non
2773 2970 2840 3023 ab
2859 2971 3107 3023 omnibus
3131 2970 3284 3023 malis
3313 2969 3506 3022 immu-

1960 3076 2080 3114 nem
2111 3061 2431 3114 ostenderit.
2467 3079 2485 3109 ι
2526 3061 2675 3112 Dicat
2705 3059 2792 3112 ille
2824 3074 2853 3112 a
2890 3061 3080 3127 quibus
3116 3059 3268 3112 malis
3299 3073 3403 3112 non
3445 3074 3504 3113 se

275 3136 503 3199 ’Κέλσος
537 3137 633 3206 (4),
668 3139 766 3190 οὐκ
813 3139 1006 3202 ἔδειξεν
1047 3140 1236 3193 ἑαυτὸν
1279 3141 1646 3210 καθαρεύοντα
1675 3146 1703 3196 6
1753 3146 1852 3214 Ἰη-

1958 3151 2111 3204 .Iesus
2157 3151 2454 3202 ostenderit
2505 3149 2818 3202 immunem.
2867 3148 3000 3200 Nam
3044 3151 3086 3201 si
3132 3147 3380 3215 intelligit
3412 3147 3501 3202 illa

303 3228 458 3290 σοῦς·
494 3229 554 3280 Εἰ
583 3229 679 3298 μὲν
707 3228 814 3299 γὰρ
834 3229 939 3281 τῶν
968 3230 1170 3300 κυρίως
1198 3231 1379 3283 κακῶν
1413 3232 1557 3298 λέγει
1587 3233 1746 3283 αὐτὸν
1781 3233 1854 3301 μὴ

298 3318 772 3387 κεκαθαρευκέναι,
792 3321 1184 3389 παραστησάτω
1211 3321 1450 3390 ἐναργῶς
1480 3323 1673 3382 κακίας
1699 3324 1854 3390 ἔργον

296 3407 356 3459 ἑν
386 3407 550 3475 αὐτῷ,
581 3409 628 3458 εἰ
661 3407 715 3459 δὲ
736 3407 880 3459 κακά
919 3409 1122 3477 νομίζει
1157 3411 1343 3461 πενίαν
1373 3411 1463 3461 καὶ
1495 3413 1739 3480 σταυρὸν,
1764 3415 1855 3465 καὶ

295 3496 399 3564 τὴν
441 3497 547 3548 ἀπὸ
586 3497 693 3548 τῶν
735 3498 948 3550 ἀτόπων
998 3499 1295 3569 ἀνθρώπων
1329 3501 1635 3572 ἐπιϐουλὴν,
1676 3504 1851 3572 δῆλον,

298 3585 381 3638 ὅτι
437 3585 530 3637 καὶ
575 3587 850 3656 Σωκράτει
896 3589 1025 3657 φησὶ
1053 3590 1198 3641 κακὰ
1229 3591 1647 3661 συμϐεϐηκέναι,
1679 3594 1751 3663 μὴ
1775 3595 1855 3645 δυ-

295 3672 514 3744 νηθέντι
553 3677 738 3730 ἑαυτὸν
779 3679 1051 3744 ἀποδεῖξαι
1093 3680 1326 3752 καθαρὸν
1363 3683 1438 3753 (5)
1483 3684 1587 3735 ἀπὸ
1618 3684 1724 3736 τῶν
1755 3702 1854 3736 κα-

294 3767 430 3820 κῶν.
477 3768 635 3831 Ὅσος
689 3770 745 3821 δὲ
796 3771 889 3823 καὶ
919 3772 1073 3834 ἄλλος
1107 3774 1263 3843 χορὸς
1295 3775 1539 3843 πενήτων
1580 3775 1694 3826 ἐστὶ
1728 3779 1852 3845 παρ’

299 3858 523 3927 Ἕλλησι
569 3860 1057 3931 φιλοσοφησάντων,
1090 3864 1182 3916 καὶ
1229 3864 1468 3915 ἑκούσιον
1511 3866 1696 3916 πενίαν
1724 3867 1853 3916 ἀνα-

292 3948 622 4018 δεξαμένων,
655 3951 746 4003 καὶ
771 3954 824 4015 οἱ,
839 3952 1017 4003 πολλοὶ
1046 3953 1306 4022 Ἑλλήνων
1331 3956 1504 4006 ἴσασιν
1522 3956 1584 4005 ἐκ
1603 3955 1706 4005 τῶν
1728 3956 1854 4005 ἁνα-

293 4040 612 4109 γραφέντων
651 4041 779 4109 περὶ
825 4040 920 4109 μὲν
967 4042 1298 4109 Δημοκρίτου
1342 4041 1628 4109 μηλόϐοτον
1658 4041 1729 4106 (6)
1761 4042 1851 4092 ἐά-

296 4144 492 4190 σαντος
521 4129 618 4197 τὴν
645 4129 848 4190 οὐσίαν,
880 4131 1006 4199 περὶ
1038 4129 1092 4180 δὲ
1122 4131 1402 4198 Κράτητος
1428 4128 1615 4180 ἑαυτὸν
1639 4128 1850 4179 ἐλευθε-

295 4216 589 4287 ρώσαντος,
619 4217 705 4269 διὰ
732 4216 824 4268 τοῦ
854 4220 966 4276 τοῖς
993 4215 1246 4283 Θηϐαίοις
1278 4213 1598 4284 χαρίσασθαι
1626 4215 1685 4265 τὸ
1715 4216 1851 4285 ὑπὲρ

291 4310 480 4377 πάσης
512 4309 608 4377 τῆς
657 4309 897 4378 κτήσεως
929 4308 1005 4375 (7)
1044 4306 1338 4374 πραθείσης
1380 4297 1531 4356 δοθὲν
1571 4305 1717 4375 αὐτῷ
1751 4296 1851 4376 ἀρ-

290 4398 504 4466 γύριον.
563 4395 719 4448 Ἀλλὰ
752 4396 846 4447 καὶ
878 4394 1129 4463 Διογένης
1173 4393 1237 4446 δι’
1273 4394 1707 4464 ὑπερϐάλλουσαν
1767 4399 1853 4449 εὐ-

1957 3255 2074 3307 quae
2123 3240 2258 3292 mala
2291 3240 2508 3307 proprie
2544 3249 2824 3302 vocantur,
2855 3237 3103 3291 ostendat
3143 3237 3356 3305 aliquod
3388 3239 3502 3306 ejus

1956 3346 2091 3397 opus
2119 3331 2347 3396 malum;
2384 3333 2463 3384 siu
2517 3331 2655 3383 mala
2688 3330 2920 3398 appellat
2955 3337 3348 3396 paupertatem,
3379 3344 3501 3382 cru-

1956 3440 2094 3486 cem,
2133 3423 2356 3477 insidias
2385 3439 2413 3474 a
2448 3423 2674 3490 perditis
2699 3420 3004 3473 hominibus
3030 3419 3103 3472 illi
3133 3428 3498 3487 comparatas;

1956 3528 2082 3583 ergo
2118 3528 2183 3564 ex
2227 3513 2315 3565 illo
2363 3512 2571 3564 Socrati
2611 3511 2773 3562 etiam
2803 3509 3114 3561 aeciderunt
3147 3508 3306 3574 mala,
3332 3523 3500 3574 quan-

1957 3605 2240 3670 doquidem
2284 3618 2342 3656 se
2375 3617 2478 3654 non
2526 3601 2760 3667 potuerit
2798 3600 3085 3652 illiusmodi
3119 3600 3378 3652 malorum
3406 3613 3501 3650 ex-

1956 3704 2160 3761 pertem
2185 3701 2459 3758 praestare.
2485 3690 2626 3753 Quot
2656 3690 2819 3741 etiam
2850 3692 2988 3756 apud
3011 3690 3224 3742 Graecos
3260 3689 3500 3755 philoso-

1955 3782 2042 3849 phi
2076 3779 2294 3841 fuerint,
2326 3778 2416 3845 qui
2447 3787 2635 3844 sponte
2667 3791 2954 3845 pauperem
2987 3778 3106 3831 vilic
3140 3778 3499 3831 conditionem

1955 3869 2238 3933 eligerent,
2287 3865 2504 3920 Cra-cos
2557 3880 2668 3918 sua:
2724 3866 2960 3918 historia:
2992 3867 3179 3918 docent
3212 3865 3262 3917 in
3309 3866 3500 3932 quibus

1954 3957 2131 4023 legere
2170 3966 2255 4008 est
2305 3956 2670 4009 Democritum
2717 3969 2841 4007 suas
2888 3955 3164 4008 facultates
3193 3955 3381 4007 ovibus
3411 3957 3498 4009 de-

1955 4043 2250 4108 pascendas
2305 4041 2604 4104 dimisisse;
2663 4040 2948 4100 Cratctem,
3000 4049 3056 4092 ut
3101 4041 3245 4093 sein
3283 4042 3494 4094 liberta-

1958 4142 2061 4184 tem
2120 4142 2407 4194 assereret,
2461 4133 2726 4198 simulque
2771 4130 3043 4184 Thebanis
3083 4132 3495 4199 gratificaretur,

1953 4224 2240 4290 clargitum
2289 4238 2407 4278 esse
2454 4223 2756 4289 pecuniam,
2789 4236 2950 4288 quam
3006 4238 3072 4275 ex
3124 4224 3335 4291 prazdiis
3368 4238 3496 4274 ven-

1954 4317 2080 4369 ditis
2116 4316 2447 4370 confecerat.
2481 4313 2544 4365 Et
2566 4305 2834 4380 Dio'geucs
2861 4329 2967 4382 prae
3000 4315 3161 4367 nimia
3192 4314 3496 4381 frugalitate

1955 4407 2006 4458 in
2037 4406 2178 4458 dolio
2221 4405 2504 4467 habitavit,
2540 4418 2638 4457 nec
2679 4404 2881 4457 idcirco
2905 4407 2955 4458 in
2997 4406 3150 4458 n'ialis
3175 4418 3296 4456 eum
3331 4404 3496 4458 fuisse

289 4487 506 4542 τέλειαν
558 4486 708 4538 πίθον
759 4483 909 4552 ᾤκει,
960 4487 1084 4555 παρ’
1144 4485 1314 4537 οὐδενὶ
1343 4486 1448 4538 τῶν
1477 4486 1596 4538 νοῦν
1623 4488 1851 4555 ἐχόντων

1957 4496 2222 4564 quispiam
2256 4510 2397 4550 sana:
2427 4499 2623 4551 mentis
2658 4497 2870 4551 dixerit.

290 4579 403 4640 κᾶν
457 4580 670 4647 μέτριον
708 4577 894 4629 τούτου
942 4595 1005 4646 γε
1064 4579 1218 4650 χάριν
1276 4581 1524 4649 Διογένης
1562 4583 1617 4633 ἐν
1665 4587 1851 4644 κακοῖς

286 4665 386 4741 ἦν.

374 4757 492 4808 Ἔτι
529 4756 584 4808 δὲ
625 4759 744 4810 ἐπεὶ
787 4759 1031 4828 βούλεται
1067 4779 1085 4810 ι
1127 4761 1258 4830 μηδὲ
1301 4762 1658 4832 ἀνεπίληπτον
1693 4749 1849 4828 γεγοὲ

289 4847 447 4904 νέναι
467 4849 555 4899 τὸν
601 4849 802 4919 Ἰησοῦν
834 4870 852 4901 ι
881 4851 1147 4912 ὁΚέλσος,
1180 4854 1597 4920 παραπησὰτω,
1632 4853 1713 4913 τίς
1742 4853 1846 4903 τῶν

289 4937 674 5007 ἀρεσκομένων
717 4938 794 5007 τῷ
840 4938 979 5008 λόγῳ
1034 4939 1196 4991 αὐτοῦ
1231 4940 1293 4991 τὸ
1321 4940 1528 5008 ἀληθῶς
1560 4941 1850 5008 ἐπίληπτον

368 5054 414 5084 ⁸⁸
442 5052 626 5105 Matth.
658 5068 803 5114 xxvr,
835 5053 922 5107 75.

370 5146 445 5216 (Ι)
471 5145 624 5217 Lihb.
656 5157 809 5217 antea
841 5148 967 5217 editi
999 5147 1412 5217 admorginem,
1440 5142 1704 5217 σωτηρίῳ.
1732 5209 1743 5217 ι
1819 5209 1844 5217 _

364 5209 447 5295 ξε)
493 5216 616 5278 Τοῖς
651 5215 748 5266 καὶ
780 5215 876 5295 ὐπ’
905 5214 1108 5266 αὐτοῦ.
1132 5209 1293 5281 Lego,
1313 5215 1421 5274 τοῖς
1452 5211 1542 5262 καὶ
1568 5209 1665 5262 ἀπ*
1686 5209 1846 5263 αὐτοῦ

290 5283 394 5339 τοῦ
427 5284 583 5352 ἔργου
618 5283 932 5350 είσομένοις,
966 5293 1070 5352 etc.

372 5347 595 5420 (5)”Καὶ
656 5347 950 5412 ἀσεϐείας.
1007 5350 1353 5403 Desideratur
1417 5351 1470 5402 in
1510 5347 1640 5401 libb.
1690 5356 1847 5400 antea

295 5420 489 5481 editis,
521 5422 612 5471 sed
650 5421 877 5472 habetur
908 5421 958 5470 in
989 5420 1236 5471 omnibus
1263 5433 1392 5471 mss.

375 5489 450 5558 (4)
485 5488 710 5558 Λεγέντω
738 5491 768 5540 ὀ
791 5487 1038 5558 Κέλσος.
1077 5488 1151 5558 ita
1185 5489 1357 5558 codex,
1402 5487 1619 5558 Regius.
1651 5485 1848 5558 rectius

298 5553 468 5627 quam
509 5553 639 5612 editi
684 5558 738 5612 in
767 5557 962 5625 quibus
998 5557 1208 5627 legitur,
1240 5557 1439 5625 λεγέτω
1465 5553 1503 5611 ὁ’
1522 5557 1726 5609 Κέλσου
1767 5553 1850 5607 λό-

512 5695 689 5752 Codex
728 5694 945 5765 licgius,
984 5694 1056 5766 μὴ
1094 5695 1426 5763 ἀποδείξαντι
1457 5697 1640 5750 ἑαυτὸν
1681 5699 1849 5753 καθα-

305 5767 422 5839 ρόν.

2026 4759 2117 4810 42.
2162 4758 2420 4823 Quoniam
2471 4764 2626 4822 negat
2670 4755 2861 4805 iterum
2914 4755 3097 4808 Celsus
3138 4773 3156 4806 ι
3209 4754 3384 4808 Jcsum
3428 4755 3495 4806 ab

1957 4855 2101 4903 omni
2150 4849 2557 4916 reprehensione
2609 4847 2863 4910 abfuisse,
2896 4868 2914 4899 ι
2955 4849 3115 4912 dicat‘
3157 4845 3338 4912 ecquis
3402 4861 3494 4897 eo-

1961 4955 2096 5002 rum,
2133 4941 2220 5007 qui
2279 4939 2395 5006 ejus
2447 4939 2703 4992 doctrina:
2759 4940 2968 4993 assensi
3023 4947 3166 5000 sunt,
3221 4937 3496 5004 scripserit

2024 5141 2095 5206 (6)
2134 5139 2270 5204 Περὶ
2295 5141 2409 5207 μὲν
2448 5142 2809 5208 Δημοκρίτου
2850 5139 3202 5207 μηλόϐοτον,
3237 5148 3340 5195 etc.
3388 5137 3493 5194 llo-

1953 5212 2140 5272 ratius,
2169 5212 2256 5261 lib.
2289 5227 2325 5270 l,
2350 5213 2505 5278 epist.
2546 5212 2629 5271 l2,
2663 5225 2710 5261 ι’.
2745 5212 2809 5262 12
2844 5229 2855 5260 :

2024 5299 2134 5352 Nec
2167 5301 2354 5351 mirum
2382 5302 2425 5352 si
2450 5299 2730 5353 Democriti
2753 5313 2907 5364 pecus
2935 5298 3037 5349 edit
3071 5297 3283 5366 agellos.

1955 5409 2085 5463 Vide
2133 5410 2404 5463 Philonem
2445 5411 2538 5463 lib.
2569 5409 2701 5474 Περὶ
2739 5408 2880 5468 ,ϐίου
2909 5409 3299 5475 θεωρητικοῦ;
3328 5407 3492 5460 Laer-

1957 5483 2084 5531 tiqu
2121 5481 2171 5530 in
2202 5476 2318 5531 Vita
2359 5481 2610 5534 Cratetis.
2645 5489 2698 5528 et
2745 5477 3085 5531 Plutarchum
3119 5481 3209 5531 ιιι).
3245 5477 3372 5541 Πῶς
3417 5476 3494 5528 ἄν

1952 5565 2039 5611 τις
2067 5549 2160 5599 ὑπ’
2189 5547 2411 5614 ἐχθρῶν
2434 5545 2734 5613 ὠφελοῖτο.

2025 5617 2099 5684 (7)
2144 5617 2318 5668 Codex
2361 5616 2618 5681 Julianus,
2654 5619 2917 5686 κτήσεως,
2950 5617 3149 5670 rectius
3175 5631 3330 5684 quam
3363 5615 3488 5668 libb.

1956 5686 2102 5749 editi,
2140 5686 2383 5746 κτίσεως.
