4076 6310
692 407 798 464 863

2164 368 2479 464 ontcE'Nts

3802 407 3911 464 863

690 518 993 588 quidpiam,
1028 518 1101 573 de
1154 533 1259 587 quo
1303 533 1427 574 vere
1479 516 1635 573 Jesus
1696 517 2017 579 reprehendi
2068 528 2245 588 queat.

2353 520 2446 571 τοῦ
2489 517 2659 589 Ἰησοῦ
2709 516 3041 588 ἀνέγραψενθ
3073 517 3128 589 ἢ,
3160 517 3205 569 εἰ
3242 516 3315 586 μὴ
3360 517 3464 571 ἀπὸ
3495 516 3699 571 τούτων
3741 520 3913 576 αὐτοῦ

690 614 800 665 Aut
833 612 879 666 si
933 612 1071 665 nihil
1119 611 1320 665 abillis
1365 612 1636 679 acceperit
1678 610 1876 676 simile,
1926 611 2071 663 dicat
2104 604 2251 663 unde

695 703 921 768 petitum
962 702 1062 756 hoc
1111 703 1162 755 in
1203 700 1386 756 Jesum
1408 699 1619 767 jecerit.
1642 700 1928 754 Promissis
1951 701 2063 754 suis
2093 700 2249 753 fidem

693 792 818 845 fecit
866 789 1044 856 Jesus,
1114 791 1506 847 bencfaciendo
1557 790 1664 844 illis
1718 790 1809 859 qui
1857 791 1955 858 ipsi
2013 792 2252 844 adharse-

691 892 836 935 runt.
871 882 934 935 Et
968 897 1090 936 cum
1143 897 1226 945 ea,
1260 896 1383 951 quae
1422 880 1697 949 prmdixit,
1735 880 1952 949 impleta
2001 881 2112 950 jam
2167 880 2249 934 vi-

687 974 913 1031 deamus
968 976 1176 1037 omnia,
1216 972 1567 1042 Evangelium
1623 973 1674 1025 in
1734 980 1845 1025 toto
1906 972 2103 1025 mundo
2157 985 2250 1023 auo

691 1066 1016 1131 nuntiatum,
1060 1064 1353 1133 discipulos
1407 1078 1505 1131 per
1564 1062 1849 1116 universas
1904 1070 2090 1129 gentes
2136 1059 2251 1127 ejus

690 1156 992 1210 doctrinam
1062 1160 1431 1223 pervulgasse,
1503 1168 1704 1225 eosque
1783 1161 1910 1207 ante
1971 1167 2125 1223 reges
2197 1160 2252 1206 et

686 1243 941 1310 prmsides
992 1256 1097 1295 non
1149 1242 1253 1295 alia
1307 1242 1374 1296 de
1418 1256 1579 1296 causa
1629 1242 1821 1296 ductos
1872 1256 2030 1310 quam
2087 1240 2253 1311 419

687 1341 905 1401 propter
952 1333 1098 1385 illam
1149 1332 1493 1397 doctrinam,
1552 1334 1697 1387 illum
1751 1334 2102 1394 admiramur,
2155 1347 2253 1386 no-

688 1429 911 1488 straque
963 1422 1016 1474 in
1062 1435 1181 1475 eum
1239 1421 1372 1477 ﬁdes
1432 1437 1629 1478 novum
1678 1424 1919 1491 quotidie
1963 1426 2128 1477 robur
2159 1436 2250 1476 ac-

694 1512 844 1579 cipit.
894 1512 1153 1580 Equidem
1208 1515 1398 1568 nescio
1442 1530 1563 1584 qua:
1618 1515 1878 1569 solidiora
1915 1516 2251 1582 clarioraque

686 1610 1001 1668 argumenta
1035 1603 1423 1658 desideraverit
1444 1605 1653 1671 Celsus,
1680 1606 1881 1674 quibus
1902 1603 2060 1659 Jesus
2090 1605 2249 1659 tidem

691 1690 895 1745 faceret
930 1692 995 1746 iis
1018 1707 1137 1761 quae
1164 1696 1526 1762 pmdixerat,
1569 1697 1673 1749 nisi
1720 1694 1864 1749 forte
1893 1696 2157 1760 voluerit,
2193 1705 2251 1749 ut

683 1789 932 1850 apparet,
966 1798 1110 1846 cum,
1145 1798 1302 1850 quem
1340 1800 1446 1837 non
1484 1786 1733 1850 agnoscit
1765 1801 1864 1854 pro
1904 1785 2075 1839 Verbo
2106 1785 2247 1853 quod

684 1885 813 1924 caro
840 1871 1041 1926 factum
1074 1884 1157 1927 est
1180 1874 1247 1936 ",
1277 1875 1411 1926 nihil
1448 1875 1666 1929 humani
1691 1887 1974 1944 expertum
2000 1891 2247 1930 essenec

684 1961 887 2016 factum
918 1978 1037 2017 esse
1057 1964 1363 2031 exemplum
1390 2005 1405 2029 ,
1444 1979 1549 2032 quo
1597 1968 1843 2022 homines
1874 1968 2247 2022 excitarentur

685 2053 753 2107 ad
799 2053 960 2122 hujus
1002 2056 1127 2108 vita:
1175 2056 1517 2109 incommoda
1577 2072 1840 2125 generose
1889 2058 2243 2127 perferenda;

683 2154 807 2196 nam
845 2143 961 2199 haec
994 2145 1246 2198 videntur
1270 2145 1427 2200 Celso
1453 2147 1759 2205 miseranda
1777 2157 1831 2202 et
1851 2149 2203 2217 ignominiosa
2230 2164 2245 2214 ;

685 2232 837 2288 labor
868 2234 1067 2303 quippe
1094 2234 1171 2288 illi
1205 2243 1289 2290 est
1320 2236 1562 2290 omnium
1608 2238 1876 2291 malorum
1926 2240 2247 2303 maximum,

681 2321 933 2388 voluptas
964 2332 1160 2391 autem,
1193 2335 1498 2381 extremum
1545 2328 1785 2393 bonum;
1830 2327 1979 2394 quod
2029 2328 2247 2395 quidem

685 2410 970 2466 admiserit
1016 2428 1173 2469 nemo
1202 2429 1413 2481 eorum,
1460 2417 1552 2485 qui
1602 2416 1996 2485 providentiam
2060 2416 2249 2468 defen-

687 2501 840 2566 dunt,
876 2502 1338 2573 etfortitudinem,
1372 2507 1714 2575 patientiam,
1749 2505 2249 2575 magnanimitatem

687 2592 742 2646 in
772 2592 1058 2648 virtutibus
1086 2605 1306 2662 ponunt.
1333 2596 1478 2649 Nihil
1506 2598 1668 2666 igitur
1700 2596 1985 2651 imminuta
2008 2604 2091 2649 est
2117 2594 2249 2647 ﬁdes

688 2681 742 2734 in
770 2679 954 2735 Jesum
991 2683 1058 2737 iis
1083 2699 1201 2751 qua:
1225 2699 1514 2754 perpessus
1540 2686 1676 2751 fuit;
1720 2688 1829 2740 imo
1864 2681 2247 2739 viribusaucta

685 2780 769 2827 est
797 2773 850 2824 in
885 2772 950 2825 iis
976 2774 1067 2841 qui
1109 2772 1274 2828 fortes
1320 2785 1483 2844 atque
1515 2777 1751 2831 animosi
1812 2784 1971 2847 sunt,
2008 2785 2062 2831 et
2111 2790 2249 2845 quos

686 2862 870 2932 docuit
900 2861 1065 2916 vitam
1095 2865 1312 2933 proprie
1343 2880 1574 2934 vereque
1600 2866 1809 2921 felicem
1844 2881 1950 2921 non
1992 2879 2112 2920 esse
2148 2867 2248 2918 hu-

680 2950 771 3020 jus
797 2951 1073 3020 temporis,
1103 2953 1195 3004 sed
1246 2950 1448 3018 futuri,
1496 2962 1553 3007 ut
1607 2955 1722 3021 ipse
1768 2963 1966 3022 vocat,
2028 2953 2244 3017 saeculi;

685 3053 847 3106 quam
879 3048 1062 3093 autem
1094 3041 1147 3093 in
1185 3040 1436 3107 praesenti
1463 3040 1659 3094 saeculo
1693 3042 1947 3106 vivimus,
1981 3058 2098 3097 eam
2128 3059 2247 3099 esse

686 3129 1090 3185 calamitatibus
1130 3130 1372 3201 plenam,
1436 3129 1519 3185 vel
1561 3122 1797 3199 primum
1844 3133 2246 3205 maximumque

685 3219 879 3273 anima:
902 3229 1196 3275 certamen.

756 3394 849 3448 45.
882 3391 1018 3448 Hinc
1053 3408 1362 3449 sermonem
1410 3395 1478 3449 ad
1521 3409 1620 3450 nos
1658 3406 1981 3450 convertens
2018 3414 2032 3450 :
2080 3414 2098 3445 ‹
2128 3396 2244 3451 Non

684 3472 899 3547 dicetis,
930 3485 1125 3551 inquit,
1154 3487 1326 3551 illum,
1362 3502 1483 3541 eum
1515 3502 1618 3542 non
1642 3498 1826 3559 posset
1854 3490 1943 3558 qui
1969 3488 2058 3541 hic
2085 3488 2249 3556 dege-

702 3572 813 3629 bant
842 3580 1187 3647 persuadere,
1229 3580 1536 3646 profectum
1582 3582 1647 3634 ad
1693 3579 1896 3635 inferos
1938 3580 2139 3642 fuisse,
2189 3590 2246 3631 ut

687 3665 777 3732 qui
809 3659 902 3715 illic
954 3672 1076 3718 sunt
1105 3671 1473 3733 persuaderet.
1508 3691 1525 3723 ι
1561 3672 1921 3739 Quantumvis
1960 3672 2129 3737 nolit,
2164 3672 2245 3725 di-

688 3768 875 3807 cemus
932 3753 1079 3807 illum
1113 3756 1202 3836 hic
1231 3773 1336 3813 non
1373 3776 1611 3828 paucos,
1670 3766 1764 3818 sed
1810 3773 1960 3817 tanto
2022 3777 2247 3817 numero

689 3845 1062 3912 persuasisse,
1113 3856 1172 3900 ut
1223 3850 1292 3903 ob
1330 3865 1449 3905 eam
1503 3864 1618 3909 rem
1666 3856 1879 3911 insidiae
1922 3855 2123 3911 fuerint
2169 3854 2243 3909 illi

764 3960 807 3989 “
837 3958 993 4015 Joan.
1026 3976 1067 4027 t,
1110 3961 1198 4015 14.

761 4097 837 4161 (8)
867 4095 1229 4167 llmschelius,
1267 4096 1425 4165 μόνον
1461 4098 1583 4167 μέν,
1617 4100 1781 4153 male.

762 4166 836 4234 (tt)
871 4167 1051 4218 Codex
1077 4164 1341 4242 _Julianus
1367 4164 1621 4242 secutum
1663 4182 1826 4221 manu
1883 4170 2049 4226 habet
2090 4172 2243 4242 λεγό-

693 4251 874 4306 μενον,
914 4246 971 4287 ιιι
995 4234 1281 4306 _referat_ur
1315 4235 1379 4306 ad
1408 4235 1477 4289 re.
1502 4235 1618 4305 ζῇν.
1696 4256 1707 4306 ξ

749 4304 867 4375 (10)
892 4303 1011 4375 Καὶ
1034 4302 1229 4375 τυμκῇ
1258 4302 1887 4375 σώματος’άτνόμενος
1924 4306 2096 4375 ψυχῇ
2122 4308 2251 4374 ταῖς

689 4371 963 4445 γυμναῖς,
998 4371 1346 4445 ειοηΜιινιιΙι
1370 4371 1629 4445 Guietus,
1671 4371 1765 4427 καὶ
1786 4371 1974 4445 γυμνὴ
2004 4371 2251 4445 σώματος

686 4441 1318 4521 γενόμενοςέψυχὴιταῖς
1350 4444 1603 4521 γυμναῖς,
1640 4441 1921 4521 αρτ-φής
1958 4441 2023 4496 Ῐίη
2045 4441 2186 4521 cap.
2221 4462 2250 4497 v

2354 612 2644 681 κατηγορεῖ
2670 609 2743 672 ὡς
2772 609 3085 679 ὲπιλήπτου,
3106 607 3381 671 δεικνύτω,
3406 609 3567 662 πόθεν
3602 609 3789 680 μαθὼν
3809 609 3915 664 οὐκ

2352 700 2707 770 ἀνεπίληπτον
2766 702 2927 754 αὐτὸν
2970 701 3215 781 εἴρηκεν.
3278 699 3525 770 Ἐποίησε
3571 703 3667 771 μὲν
3726 698 3823 755 οὖν
3866 701 3913 755 ἃ

2352 792 2712 863 ἐπηγγείλατο
2741 793 2924 852 πιστὰ,
2944 791 3009 844 δι’
3030 786 3103 844 ὧν
3126 789 3369 858 ὠφέλησε
3396 791 3522 853 τοὺς
3549 791 3915 861 προσέχοντας

2352 888 2501 958 αὐτῷ
2552 888 2581 939 ό
2638 887 2859 958 Ἰησοῦς.
2905 888 3014 940 Καὶ
3059 886 3147 939 ἀεὶ
3185 884 3420 955 ὁρῶντες
3475 883 3826 955 πληρούμενα
3844 884 3915 935 τὰ

2353 978 2614 1049 εἰρημένα
2664 979 2755 1031 ὑπ’
2813 977 2975 1030 αὑτοῦ
3020 978 3147 1049 πρὶν
3204 977 3462 1046 γένηται,
3515 975 3576 1027 τὸ
3636 973 3920 1045 κηρυχθῆ-

2352 1086 2439 1122 ναι
2489 1069 2549 1121 τὸ
2588 1069 2914 1137 Εὐαγγέλιον
2963 1068 3118 1120 τοῦτο
3180 1069 3236 1119 ἐν
3284 1066 3391 1136 ὅλῳ
3450 1066 3527 1136 τῷ
3566 1065 3775 1133 κόσμῳ,
3822 1064 3919 1116 καὶ

2353 1159 2720 1230 πορευθέντας
2780 1156 2943 1211 αὐτοῦ
2998 1160 3124 1220 τοὺς
3195 1156 3441 1227 μαθητὰς
3495 1157 3575 1217 εἰς
3621 1154 3799 1207 πάντα
3844 1152 3921 1205 τὰ

2353 1248 2479 1317 ἔθνη
2507 1249 2597 1300 τὸν
2625 1247 2778 1315 λόγον
2808 1246 2967 1300 αὐτοῦ
2988 1245 3437 1315 κατηγγελκέναι,
3463 1245 3540 1297 ἔτι
3572 1244 3628 1296 δὲ
3662 1243 3789 1313 περὶ
3819 1242 3917 1295 τοῦ

2354 1339 2445 1390 ἐπὶ
2480 1338 2753 1408 ἡγεμόνας
2798 1339 2891 1390 καὶ
2940 1337 3173 1405 βασιλεῖς
3213 1334 3544 1406 ἀχθήσεσθαι
3581 1333 3819 1403 μέλλειν,
3844 1332 3917 1383 δι’

2351 1427 2603 1496 οὐδεμίαν
2636 1426 2800 1495 ἄλλην
2827 1425 3054 1495 αἰτίανῆ
3083 1426 3180 1494 τὴν
3220 1421 3560 1475 διδασκαλίαν
3595 1416 3783 1471 αὖτοῦθ
3827 1432 3919 1468 τε·

2352 1518 2604 1588 θήπαμεν
2644 1516 2839 1578 αὑτὸν,
2892 1517 2985 1571 καὶ
3032 1515 3295 1584 ὁσημέραι
3337 1509 3656 1580 βεϐαιοῦμεν
3694 1507 3793 1577 τὴν
3834 1506 3920 1569 εἰς

2353 1609 2516 1662 αὑτὸν
2546 1609 2745 1663 πίστιν.
2784 1609 2896 1660 Οὐκ
2929 1603 3042 1659 οἰδα
3074 1605 3118 1658 δ’
3151 1606 3255 1658 ἀπὸ
3292 1604 3461 1656 ποίων
3512 1599 3775 1671 μειζόνων
3819 1596 3919 1651 καὶ

2350 1699 2752 1770 ἐναργεστέρων
2775 1696 3021 1750 ἐϐούλετο
3043 1696 3201 1748 αὑτὸν
3217 1693 3383 1747 πιστὰ
3407 1692 3624 1761 ποιῆσαι
3648 1689 3716 1741 τὰ
3738 1705 3920 1759 προει-

2357 1789 2564 1859 ρημένα
2592 1790 2619 1840 ὁ
2640 1787 2864 1850 Κέλσος
2898 1786 2945 1839 εἰ
2971 1786 3042 1857 μὴ
3077 1786 3203 1855 ἄρα,
3233 1786 3307 1848 ὡς
3338 1784 3621 1852 φαίνεται,
3673 1780 3746 1850 μὴ
3795 1780 3917 1830 ἐπι-

2280 1857 2321 1910 B
2352 1857 2616 1947 σταμενος
2642 1878 2730 1929 τὸν
2756 1875 2913 1944 λόγον
2940 1875 3028 1930 τὸν
3072 1872 3277 1943 Ἰησοῦν
3300 1871 3581 1941 ἄνθρωπον
3602 1866 3915 1934 γενόμενον,

2349 1970 2599 2023 ἐϐούλετο
2635 1970 2797 2040 μηδὲν
2837 1967 3168 2039 ἀνθρώπινον
3216 1963 3439 2026 παθεῖν,
3484 1960 3619 2031 μηδὲ
3660 1956 3917 2027 γενέσθαι

2348 2060 2653 2131 ἀνθρώποις
2687 2059 3031 2130 παράδειγμα
3052 2058 3293 2124 γενναῖον
3333 2054 3461 2123 περὶ
3499 2051 3589 2105 τοῦ
3628 2050 3822 2121 φέρειν
3847 2047 3919 2099 τὰ

2351 2152 2729 2222 συμϐαίνοντα
2771 2149 2870 2202 κᾶν
2916 2135 3176 2201 ὀἴκτιστα
3212 2144 3290 2213 τῷ
3343 2143 3537 2211 Κέλσῳ
3580 2139 3734 2192 ταῦτ’
3776 2133 3918 2189 εἶναι

2347 2242 2508 2311 δοκῇ,
2556 2242 2647 2294 καὶ
2687 2237 3184 2297 ἐπονειδιστότατα,
3228 2233 3351 2287 ἐπεὶ
3393 2234 3551 2285 πόνον
3596 2230 3694 2300 μὲν
3739 2227 3817 2297 (8)
3855 2224 3919 2279 τὺ

2351 2332 2605 2401 μέγιστον
2636 2323 2744 2381 οἶδε
2772 2327 2878 2380 τῶν
2913 2326 3118 2389 κακῶν,
3151 2323 3340 2393 ἡδονὴν
3368 2322 3422 2373 δὲ
3454 2321 3512 2372 τὸ
3540 2318 3743 2370 τέλειον
3774 2315 3917 2381 ἀγα·-

2349 2422 2459 2474 θόν’
2494 2422 2629 2489 ὅπερ
2656 2418 2829 2480 οὐδεὶς
2870 2417 2977 2469 τῶν
3026 2415 3278 2485 πρόνοιαν
3324 2410 3653 2476 εἰσαγόντων
3701 2405 3920 2475 φιλοσό-

2350 2531 2485 2581 φων,
2529 2513 2620 2564 καὶ
2666 2509 2880 2580 ἀνδρίαν
2936 2508 3333 2579 ὁμολογούντων
3363 2500 3501 2556 εἶναι
3544 2502 3771 2580 ἀρετὴν,
3820 2507 3919 2554 και

2348 2602 2662 2672 καρτερίαν,
2703 2602 2796 2653 καὶ
2827 2598 3245 2668 μεγαλοψυχίαν,
3282 2584 3763 2669 παρεδέξατοδξῶ
3808 2590 3919 2643 διέ-

2348 2692 2509 2745 ϐαλεν
2540 2688 2631 2744 οὖν
2663 2690 2757 2760 τὴν
2787 2692 2865 2751 εἰς
2894 2689 3052 2741 αὑτὸν
3086 2688 3265 2740 πίστιν
3293 2688 3321 2738 ό
3354 2684 3558 2755 Ἰησοῦς
3590 2683 3655 2735 δι’
3682 2676 3758 2734 ὧν
3779 2681 3918 2734 ὑπέ-

2352 2798 2550 2851 μεινεψ
2603 2779 2738 2832 ἀλλὰ
2776 2778 2972 2848 μᾶλλον
3021 2780 3078 2830 ἐν
3126 2779 3237 2839 τοῖς
3286 2775 3507 2845 ἀνδρίαν
3548 2770 3919 2837 ἀποδέξασθαι

2349 2870 2688 2940 βουλομένοις
2711 2869 2991 2937 ἐκράτυνε,
3023 2868 3115 2919 καὶ
3137 2869 3193 2918 ἐν
3219 2866 3328 2926 τοῖς
3351 2863 3675 2933 διδαχθεῖσιν
3705 2862 3800 2914 ὑπ’
3826 2860 3919 2911 αὒ-

2344 2960 2438 3012 τοῦ
2468 2960 2528 3012 τὸ
2562 2959 2658 3029 μὲν
2688 2958 2890 3027 κυρίως
2919 2956 3012 3008 καὶ
3034 2954 3244 3025 ἀληθῶς
3278 2952 3376 3021 ζῆν
3404 2952 3464 3003 τὸ
3505 2950 3772 3019 μακάρων
3814 2947 3920 2999 οὐκ

2348 3044 2484 3101 εἶναι
2513 3046 2762 3109 ἐνταῦθα,
2799 3044 2911 3096 ἀλλ’
2936 3047 2991 3097 ἐν
3025 3043 3102 3113 τῷ
3136 3041 3449 3109 καλουμένῳ
3490 3038 3631 3091 κατὰ
3664 3038 3793 3097 τοὺς
3830 3035 3921 3086 M-

2348 3156 2478 3207 γους
2526 3136 2687 3191 αὑτοῦ
2748 3136 2990 3206 μέλλοντι
3043 3134 3213 3186 αἰῶνι·
3247 3133 3306 3183 τὸ
3348 3130 3390 3182 δ’
3439 3131 3496 3181 ὲν
3542 3129 3621 3198 τῷ
3660 3125 3920 3180 ἐνεστῶτι

2274 3193 2318 3251 C
2348 3193 2502 3282 αἰῶνι
2524 3193 2795 3297 λεγομένη)
2818 3226 2894 3295 (9)
2930 3226 3026 3295 ζῆν
3058 3222 3341 3293 συμφορὰν
3369 3216 3528 3281 εἶναι,
3550 3193 3803 3289 ἢΙάγῶνα
3824 3215 3920 3267 τὸν

2344 3319 2557 3390 πρῶτον
2585 3320 2677 3371 καὶ
2706 3319 2961 3387 μέγιστον
2982 3316 3081 3385 τῆς
3115 3314 3309 3385 ψυχῆς·

2411 3410 2563 3463 Μετὰ
2612 3410 2781 3463 ταῦτα
2811 3411 2867 3462 δὲ
2908 3409 3052 3477 λέγει
3081 3407 3213 3478 πρὸς
3242 3406 3408 3475 ἡμᾶς,
3449 3405 3529 3456 ὅτι
3573 3421 3591 3453 r
3634 3401 3710 3455 Οὐ
3742 3402 3921 3471 δήπου

2343 3499 2538 3566 φήσετε
2571 3500 2697 3568 περὶ
2732 3496 2919 3575 aptati,
2946 3500 3025 3551 ὅτι
3058 3498 3132 3569 μὴ
3161 3497 3359 3557 πείσας
3389 3497 3515 3555 τοὺς
3552 3485 3658 3546 ’ὧδε
3707 3492 3870 3554 ὂντας
3899 3531 3919 3553 ,

2341 3586 2614 3639 ἐστέλλετο
2649 3590 2725 3650 εἰς
2754 3589 2877 3657 ᾅδου
2908 3590 3108 3640 πείσων
3139 3588 3262 3648 τοὺς
3293 3587 3422 3638 ἐκεῖ.
3461 3603 3479 3636 ι
3514 3583 3633 3636 Κᾶν
3682 3582 3756 3651 μὴ
3792 3581 3921 3650 βούο

2350 3676 2509 3745 ληται
2537 3672 2628 3729 οὖν
2662 3678 2818 3729 τοῦτό
2851 3695 3062 3747 φαμεν,
3094 3678 3177 3729 ὅτι
3223 3677 3315 3728 καὶ
3356 3677 3413 3726 ἐν
3455 3673 3668 3742 σώματι
3699 3658 3782 3723 ὢν
3815 3672 3925 3724 οὐκ

2350 3768 2557 3834 ὀλίγους
2575 3768 2809 3833 ἔπεισεν,
2831 3768 2963 3820 ἀλλὰ
2984 3764 3285 3827 τοσούτους,
3311 3764 3381 3826 ὡς
3402 3764 3489 3816 διὰ
3507 3764 3565 3815 τὸ
3586 3762 3789 3831 πλῆθος
3806 3762 3924 3813 τῶν

2352 3859 2685 3930 πειθομένων
2733 3858 3174 3928 ἐπιϐουλευθῆναι
3223 3856 3402 3908 αὐτόν’
3440 3854 3533 3907 καὶ
3564 3855 3743 3923 γυμνῇ
3801 3851 3919 3921 (10)

2350 4102 2561 4157 scendit
2589 4103 2654 4154 ad
2701 4115 2795 4154 eos
2818 4099 3098 4152 extrahere
3128 4112 3220 4152 eos
3251 4104 3305 4150 et
3333 4095 3545 4150 salvarc
3574 4111 3687 4150 eos.
3724 4115 3743 4149 ι
3774 4094 3925 4152 Ter-

2352 4174 2493 4234 tull.,
2521 4171 2660 4223 libro
2691 4170 2765 4222 De
2796 4170 2999 4233 anima,
3031 4182 3148 4234 cap.
3180 4167 3247 4220 55
3274 4185 3285 4218 :
3328 4184 3345 4217 ι
3380 4166 3531 4227 Ouod
3574 4167 3617 4219 si
3657 4166 3925 4223 Christus

2354 4244 2521 4301 Deus,
2549 4242 2673 4306 quia
2704 4251 2757 4293 et
2784 4241 2963 4301 homo,
2989 4248 3228 4290 morluus
3252 4238 3544 4306 secundum
3569 4236 3918 4306 Scripturas,

2353 4320 2409 4361 et
2443 4311 2684 4374 sepultus
2714 4323 2869 4361 secus
2897 4309 3109 4360 easdem
3135 4324 3149 4371 ;
3181 4305 3303 4359 huic
3328 4306 3661 4371 quoquelegi
3692 4308 3923 4360 satisie-

2354 4378 2450 4439 cit,
2492 4379 2664 4429 forma
2710 4379 2963 4430 humana:
3012 4377 3199 4428 mortis
3252 4377 3390 4443 apud
3423 4375 3623 4426 inferas
3655 4374 3921 4437 iunctus,

2356 4460 2453 4496 nec
2501 4456 2626 4497 ante
2668 4448 2907 4497 ascendit
2960 4448 3010 4499 in
3052 4446 3365 4498 sublimiora
3402 4446 3660 4497 caelorum
3687 4480 3703 4503 .
3737 4458 3921 4511 quam

689 4505 751 4564 ad
778 4505 959 4573 Bouh,
979 4505 1109 4572 813'
1213 4505 1444 4572 verm—ui.
1473 4512 1524 4562 itt
1555 4505 1822 4565 nonnullis
1847 4505 2249 4581 eEetttplaribtts
2282 4505 2324 4557 Ι)
2353 4513 2630 4564 de’scendit
2651 4513 2703 4563 in
2740 4514 2993 4565 inferiora
3025 4525 3320 4577 terrarum;
3351 4526 3405 4567 ut
3435 4514 3539 4566 illic
3561 4505 3922 4581 patriarchas

692 4582 940 4643 habetur,
971 4581 1135 4633 etiam
1164 4580 1216 4632 in
1248 4595 1365 4642 eos,
1392 4580 1482 4646 qui
1513 4596 1616 4631 non
1641 4580 2239 4647 peccaveruntinsimi-

691 4650 974 4702 litudincm
1007 4648 1469 4715 prmvaricationis
1507 4651 1659 4713 Adae,
1697 4662 1843 4702 mors
1873 4653 1998 4713 ista,
2052 4652 2102 4704 id
2132 4661 2234 4717 est,

690 4734 810 4788 qua:
830 4718 1132 4788 inpiul‘eruo
1159 4720 1366 4771 animas
1391 4718 1685 4780 detinebat,
1711 4734 1969 4788 regnasse
2000 4720 2235 4774 dicatur:

691 4786 1043 4853 intelligimus
1089 4797 1144 4840 et
1192 4797 1409 4840 sanctos
1454 4801 1700 4855 quosque
1748 4786 1989 4843 subista
2048 4794 2235 4852 morte,

689 4856 900 4926 etiamsi
920 4872 1041 4926 _non
1076 4857 1358 4924 peccandi,
1385 4866 1438 4911 at
1482 4867 1632 4910 certe
1663 4858 1921 4911 moriendi
1956 4858 2070 4926 lege
2098 4859 2241 4911 deci-

692 4924 868 4987 disse;
907 4924 1181 4979 Christum
1209 4941 1337 4979 vero
1380 4928 1581 4980 idcirco
1614 4928 1666 4980 in
1716 4928 1985 4981 internum
2012 4924 2243 4981 descen-

693 4990 857 5065 disse,
887 5008 989 5045 non
1034 4995 1209 5049 solum
1248 5006 1307 5047 ut
1338 4997 1455 5065 ipse
1499 5012 1603 5049 non
1653 5007 1929 5051 teneretur
1960 5012 1989 5049 a
2031 5006 2236 5060 morte;

694 5062 787 5136 sed
823 5069 879 5111 ut
902 5075 994 5113 eos
1016 5066 1149 5188 ἔΙίψιί
1187 5065 1341 5127 inibi,
1362 5062 1481 5120 ‘non
1514 5076 1620 5119 tam
1658 5066 2119 5134 praevaricationis
2139 5107 2155 5133 ,
2185 5074 2243 5119 ut

694 5129 956 5188 diximus,
979 5145 1008 5183 c
1068 5134 1240 5188 mine.
1270 5148 1431 5188 uuam
1467 5136 1729 5188 meriendi
1784 5137 2095 5188 conditione
2142 5138 2232 5188 ab-

694 5129 956 5201 diximus,
979 5129 1240 5196 crinitine,
1270 5148 1431 5201 quam
1467 5129 1729 5190 metiendi
1784 5137 2095 5195 conditione
2141 5129 2232 5189 ab-

696 5196 945 5274 solveﬁret.
972 5217 1009 5274 _D
1071 5201 1211 5274 lren.
1254 5196 1350 5257 lib.
1391 5219 1471 5268 tv,
1520 5220 1643 5274 cap.
1674 5208 1743 5259 27
1781 5224 1794 5260 :
1839 5226 1857 5259 ί
1909 5205 1974 5267 Et
2023 5216 2241 5273 pr0ptcr

698 5268 799 5344 hoc
831 5265 1115 5344 Dominum
1150 5271 1203 5322 in
1240 5286 1326 5334 ea,
1354 5265 1472 5344 quae
1507 5265 1634 5327 sunt
1674 5277 1773 5330 sub
1805 5288 1982 5339 terra,
2023 5265 2241 5328 descen-

698 5335 846 5414 disse
873 5336 1329 5403 evangelizantent
1355 5335 1407 5396 et
1442 5343 1553 5414 illis
1596 5346 1882 5399 adventum
1916 5335 2105 5409 suum;
2158 5360 2242 5397 re-

694 5409 1330 5485 ntissioneﬁpeeeatorum
1365 5409 1772 5485 exsistentehis
1803 5416 1892 5483 qui
1928 5417 2156 5468 credunt
2186 5415 2238 5467 iu

682 5488 840 5550 eum.
881 5491 899 5523 ι
949 5473 1014 5525 Et
1060 5475 1151 5528 lib.
1183 5491 1247 5539 ν,
1283 5492 1405 5545 cap.
1433 5482 1491 5535 51
1527 5499 1539 5535 :
1578 5500 1595 5532 ι
1636 5483 1792 5538 Nune
1821 5473 2017 5537 'autem
2069 5485 2242 5538 tribus

694 5544 889 5620 diebus
920 5554 1273 5620 conversatus
1311 5544 1545 5620 e_st,’ubi
1588 5564 1743 5607 erant
1790 5554 2017 5618 mortui;
2053 5567 2243 5620 quem-

693 5611 983 5691 admodum
1013 5616 1269 5681 propheta
1305 5617 1379 5670 ait
1412 5611 1477 5671 de
1519 5634 1584 5673 eo
1621 5639 1635 5675 :
1671 5611 2134 5678 Commemoratus
2157 5632 2242 5678 est

696 5679 956 5761 lli-minus
998 5679 1317 5761 sanctorum
1368 5697 1719 5761 mortuorum,
1755 5707 1971 5746 suorum
1995 5732 2009 5755 ,
2048 5708 2238 5749 eorum

695 5752 787 5821 qui
825 5760 950 5807 ante
979 5752 1315 5810 dormierunt
1367 5754 1421 5811 in
1466 5766 1607 5812 terra
1641 5752 2017 5829 sepelitiunisr,
2052 5775 2106 5819 et
2143 5763 2237 5818 de-

2341 4591 2395 4634 et
2427 4582 2718 4651 prophetas
2756 4592 3033 4651 compotes
3064 4584 3143 4634 sui
3172 4582 3409 4647 faceret;
3451 4584 3617 4635 habes
3639 4594 3693 4635 et
3723 4584 3920 4651 regio-

2341 4664 2460 4701 nem
2500 4648 2727 4700 inferunt
2769 4650 3181 4701 subterraneam
3216 4653 3459 4714 credere,
3496 4662 3549 4704 et
3572 4652 3689 4706 illos
3718 4648 3923 4708 cubito

2342 4719 2567 4785 pellere,
2593 4717 2691 4785 qui
2720 4718 2857 4768 satis
2894 4720 3123 4783 superbe
3149 4734 3253 4770 non
3291 4730 3479 4786 putant
3524 4723 3733 4774 animas
3768 4721 3922 4774 ﬂdc-

2342 4788 2471 4839 lium
2504 4786 2689 4839 infcris
2733 4786 2954 4853 dignas;
2984 4787 3125 4837 servi
3157 4802 3317 4854 super
3362 4789 3682 4851 Dominum,
3714 4798 3775 4843 et
3820 4792 3915 4844 di-

2343 4856 2539 4922 scipuli
2607 4868 2769 4921 super
2827 4856 3181 4921 magistrum,
3236 4858 3506 4922 aspernati
3571 4861 3614 4911 si
3667 4858 3819 4913 forte
3864 4864 3922 4916 in

2346 4925 2580 4977 Abraha:
2620 4927 2747 4993 sinu
2770 4924 3149 4989 exspectandae
3195 4927 3613 4993 resurrectionis
3650 4929 3921 4983 solatium

2342 5007 2559 5061 Capere.
2620 5011 2638 5043 ι
2709 4992 2821 5044 Hoc
2863 5008 3020 5044 sensu
3078 4992 3407 5047 Athanasius
3454 4997 3921 5054 obscurissimum

2344 5062 2489 5114 Petri
2539 5064 2714 5115 locum
2770 5062 3054 5129 explicuit,
3102 5061 3158 5114 in
3186 5063 3412 5129 epistola
3443 5066 3509 5127 ad
3536 5064 3764 5131 Epictet.
3801 5067 3923 5120 Co-

2345 5133 2509 5185 rinth.
2540 5135 2707 5199 episc.
2740 5143 2928 5184 contra
2965 5132 3150 5185 lueret.
3180 5131 3443 5185 Eumdem
3467 5135 3590 5186 vide
3614 5132 3688 5186 De
3721 5134 3923 5186 incar-

2344 5203 2555 5254 natione
2588 5202 2821 5267 Domini,
2854 5212 3044 5255 contra
3071 5202 3464 5267 Apollinarium
3492 5219 3507 5267 ;
3546 5203 3623 5257 De
3667 5202 3918 5256 salutari

2342 5274 2566 5339 adventu
2607 5273 2732 5332 Jesu
2770 5264 3001 5335 Christi,
3046 5264 3236 5326 contra
3277 5264 3564 5336 eumdem,
3598 5272 3918 5339 dialogad;

2344 5340 2418 5392 De
2461 5338 2609 5392 Trin.
2656 5342 2706 5391 in
2754 5344 3054 5407 passionem
3109 5353 3164 5394 et
3210 5357 3426 5396 crucem
3481 5342 3688 5397 Domini
3721 5338 3921 5396 {EI-:3

2341 5407 2622 5485 ἐκϐληθεὶς
2648 5409 3022 5485 optingent.
3061 5410 3156 5485 τού
3203 5411 3369 5485 ᾅδου,
3414 5413 3714 5485 καθήμενος
3744 5414 3921 5485 παρὰ

2340 5479 2437 5564 si";
2463 5479 2655 5564 πύλας,
2685 5478 3255 5564 θεωρείνέξαγομένοιξς
3286 5482 3492 5564 πάντας
3512 5478 3638 5564 τοὺς
3665 5478 3923 5564 πεπεδη-

2345 5550 2536 5624 μένους
2558 5552 2623 5619 τῇ
2656 5547 2747 5600 τοῦ
2773 5547 3018 5624 Σωτῆρος
3045 5547 3279 5623 ἀνδρείᾳ,
3302 5554 3537 5616 καὶτοὺς
3561 5553 3656 5623 μὲν
3671 5547 3918 5624 νεκροὺς

2341 5618 2651 5694 ἆναζῶντας
2673 5660 2697 5694 ,_
2728 5620 2853 5694 τοὺς
2904 5618 2960 5672 δὲ
2995 5618 3367 5694 αἰχμαλώτους
3404 5618 3727 5694 ἀφιεμένους
3747 5618 3789 5688 ,”
3813 5629 3921 5680 καὶ

2339 5694 2465 5765 τοὺ-ς
2523 5690 2618 5765 μὲν
2675 5688 2860 5765 ἁγίους
2916 5688 3373 5765 προαπαντῶντας
3425 5688 3551 5757 τοὺς
3611 5698 3739 5765 περὶ
3818 5698 3919 5750 τὸν

2354 5760 2601 5827 ’Δὸραὰμ
2631 5775 2686 5813 τε
2719 5760 3196 5831 ἀνακρουομένους,
3231 5774 3336 5821 etc.
3369 5782 3388 5818 ι
3424 5766 3627 5821 Dehinc
3642 5760 3918 5823 dturba-
