4126 6314
655 414 758 470 867

2111 407 2430 464 ORIGENIS

3759 417 3862 474 868

657 528 874 582 meliam
924 525 1238 595 nullumque
1287 525 1481 580 mortis
1533 538 1702 596 genus
1745 522 2124 585 reformidant,
2167 522 2191 572 ii

2308 521 2560 592 μιουργὸν
2589 521 2886 588 εύσὲὅειαν,
2931 523 2996 575 ἶν’
3018 524 3183 595 αὐτὴν
3207 526 3466 596 εἰλικρινῆ
3499 527 3589 579 καὶ
3621 530 3864 598 καθαρὰν

655 634 782 671 cum
833 617 1129 671 latronibus
1181 616 1418 670 conferri
1458 625 1721 685 possunt;
1782 608 1963 668 Iesum
2021 614 2206 680 utique

653 707 810 764 istius
839 709 1097 761 doctrinae
1133 719 1409 776 parentem
1437 717 1852 761 consentaneum
1889 716 1972 760 est
1999 721 2026 758 a
2052 705 2206 760 Celso

653 814 775 851 cum
826 800 1094 850 latronum
1135 799 1468 866 principibus
1523 799 1846 865 comparari.
1909 797 1978 850 At
2032 813 2205 866 neque

654 889 755 942 iste
783 890 999 956 publico
1033 891 1319 943 commodo
1358 889 1614 952 moriens,
1665 905 1838 956 neque
1883 889 1957 940 illi
1989 889 2205 957 pietatis

651 995 814 1032 causa
880 980 1154 1048 suppliciis
1204 981 1461 1046 multati,
1512 980 1719 1047 solique
1769 980 1912 1032 inter
1959 980 2205 1032 homines

649 1071 846 1138 quibus
872 1071 940 1122 ob
967 1085 1151 1123 verum
1187 1069 1279 1122 Dei
1305 1071 1507 1123 cultum
1533 1070 1743 1123 insidia:
1773 1079 2072 1135 struantur,
2101 1084 2205 1122 non

650 1159 844 1224 injuste
878 1162 1288 1225 interimuntur,
1318 1175 1490 1228 neque
1511 1176 1618 1215 non
1649 1161 1809 1228 impie
1833 1159 1955 1214 Jesu
1983 1169 2204 1214 structae
2264 1215 2267 1218 ,

650 1261 777 1303 sunt
807 1252 1038 1306 insidiae.

721 1507 813 1560 45.
848 1506 1008 1570 Vide.
1043 1507 1288 1571 obsecro,
1316 1522 1475 1576 quam
1508 1508 1624 1562 leve
1652 1507 1722 1561 sit
1762 1508 1903 1577 quod
1947 1509 2010 1562 de
2042 1508 2204 1562 disci-

646 1599 787 1667 pulis
812 1600 904 1668 qui
934 1609 1061 1651 tunc
1098 1598 1313 1652 fuerunt
1343 1601 1471 1651 dicit
1504 1617 1518 1651 :
1553 1617 1570 1647 ι
1591 1600 1667 1652 llli
1696 1601 1788 1666 qui
1820 1615 1941 1652 cum
1971 1615 2035 1652 eo
2058 1601 2203 1651 vive-

644 1692 796 1753 bant,
825 1691 914 1757 qui
940 1703 1124 1742 vocem
1152 1689 1268 1759 ejps
1303 1688 1614 1751 audiebant,
1663 1689 1755 1756 qui
1805 1689 1894 1741 illo
1949 1690 2202 1756 magistro

645 1782 956 1853 utebantur,
981 1795 1103 1832 cum
1135 1779 1282 1830 illum
1340 1778 1620 1846 suppliciis
1668 1779 2036 1831 excruciatum
2088 1795 2199 1832 mo-

2303 612 2694 679 διαφυλάξωσιν
2733 613 2874 665 κατὰ
2901 613 2997 684 τὴν
3018 615 3112 666 τοῦ
3157 616 3330 684 Ἰησοῦ
3362 617 3728 678 διδασκαλίαν,
3759 623 3863 670 πά-

2308 717 2404 752 σαν
2427 702 2604 752 αἰκίαν
2636 703 2728 753 xui
2759 702 2965 764 πάντας
2985 703 3245 766 θανάτους
3264 706 3655 775 ἁναδεχόμενοι·
3683 707 3858 775 δῆλον,

2305 791 2385 840 ὅτι
2423 793 2513 843 καὶ
2539 794 2567 842 ό
2601 792 2822 861 Ἰησοῦς,
2849 793 2876 842 ό
2903 793 3083 864 πατὴρ
3104 793 3202 861 τῆς
3231 796 3479 863 τοιαύτης
3498 797 3858 860 διδασκαλίας,

2305 882 2536 948 εύλόγως
2559 883 2660 934 ὑπὸ
2688 883 2781 934 τοῦ
2826 883 3032 935 Κέλσου
3066 884 3394 956 λῃστάρχαις
3439 888 3854 957 παραϐάλλεται.

2317 972 2451 1023 Ἀλλ’
2487 972 2594 1023 οὔτ’
2622 975 2843 1037 ἐκεῖνος,
2874 975 3013 1026 κατὰ
3041 975 3102 1026 τὸ
3125 977 3434 1029 κοινωνικὸν
3464 979 3816 1048 ἀποθνήσκων
3836 1017 3854 1040 ,

2304 1063 2416 1114 οὗθ’
2447 1057 2610 1124 οὗτοι,
2630 1065 2696 1116 δι’
2728 1065 3002 1119 εὐσέϐειαν
3033 1068 3325 1136 πάσχοντες
3353 1068 3520 1119 ταῦτα
3542 1107 3556 1129 ,
3594 1070 3684 1120 καὶ
3712 1070 3855 1137 μόνοι

2305 1155 2518 1207 πάντων
2548 1154 2844 1224 ἀνθρώπων
2888 1157 2975 1208 διὰ
3003 1157 3097 1227 τὴν
3127 1162 3382 1225 φανεῖσαν
3411 1160 3590 1221 αὐτοῖς
3617 1160 3732 1211 ὁδὸν
3760 1160 3855 1228 τῆς

2305 1246 2383 1305 εἰς
2437 1243 2497 1294 τὸ
2537 1243 2687 1296 Θεῖον
2741 1246 2906 1314 τιμῆς
2955 1247 3460 1317 ἐπιϐουλευόμενοι,
3514 1251 3612 1301 οὐκ
3661 1250 3854 1311 ἀδίκως

2304 1332 2688 1401 ἀναιροῦνται,
2745 1333 2858 1386 οὗθ’
2916 1339 2944 1388 ό
2987 1336 3191 1405 Ἰησοῦς
3228 1339 3329 1390 οὐκ
3383 1337 3590 1400 ἀσεϐῶς
3636 1337 3853 1389 ἐπεϐου-

2301 1423 2485 1492 λεύθη.
3171 1474 3176 1479 .

2371 1517 2612 1586 Πρόσχες
2637 1518 2693 1569 δὲ
2729 1519 2822 1570 καὶ
2869 1517 2947 1587 τῷ
2989 1517 3286 1586 ἐπιπολαίῳ
3320 1517 3412 1570 τοῦ
3445 1517 3570 1587 περὶ
3603 1519 3709 1569 τῶν
3736 1518 3850 1569 τότε

2305 1604 2559 1674 μαθητῶν
2603 1605 2776 1676 Ἰησοῦ
2815 1607 2970 1674 λόγου
3003 1608 3110 1676 (l5)
3160 1609 3216 1658 ἐν
3347 1623 3525 1676 φησιν’
3575 1626 3593 1656 ι
3637 1603 3766 1658 Εἶτα
3804 1607 3849 1657 οἱ

2303 1698 2398 1763 μὲν
2456 1697 2575 1748 τότε
2632 1696 2792 1759 ζῶντι
2842 1696 2987 1765 αύτῷ
3044 1696 3320 1757 συνόντες,
3363 1697 3456 1747 xui
3512 1695 3611 1764 τῆς
3677 1694 3851 1762 φωνῆς

2302 1784 2656 1846 ἐπακούοντες
2697 1785 2860 1838 αὑτοῦ
2885 1826 2900 1849 ,
2943 1786 3035 1837 xui
3082 1785 3381 1853 διδασκάλῳ
3411 1783 3715 1853 χρώμενοι,
3761 1799 3848 1834 κο-

645 1850 985 1938 rientemque
1035 1871 1362 1938 aspicerent,
1413 1885 1513 1924 nec
1552 1887 1673 1924 cum
1717 1871 1807 1922 illo
1844 1878 1937 1922 aut
1983 1886 2079 1938 pro
2107 1871 2191 1923 illo

2302 1872 2590 1942 λαζόμενον
2646 1877 2737 1926 xui
2789 1875 3194 1944 ἀποθνήσκοντα
3244 1874 3495 1944 ὁρῶντες,
3549 1874 3674 1925 οὔτε
3735 1890 3850 1924 συν-

645 1974 874 2015 mortem
903 1964 1210 2015 occubuere
1236 2000 1250 2024 ,
1282 1970 1373 2012 aut
1406 1961 1670 2029 supplicia
1713 1973 2195 2029 contempserunt;

646 2055 754 2106 imo
779 2070 836 2107 se
862 2053 1154 2119 discipulos
1179 2053 1294 2119 ejus
1323 2067 1442 2105 esse
1474 2061 1832 2120 negaverunt;
1870 2062 1923 2105 et
1952 2068 2047 2107 vos
2075 2070 2197 2107 cum

645 2146 736 2198 illo
762 2144 1179 2198 commorimini.
1230 2163 1247 2192 ι
1281 2143 1378 2196 llic
1403 2144 1591 2196 iterum
1629 2144 1835 2205 Celsus,
1867 2155 1926 2195 ut
1959 2156 2196 2197 nostram

643 2237 959 2289 criminetur
975 2235 1272 2288 doctrinam
1285 2275 1298 2296 ,
1317 2244 1592 2299 peccatum
1613 2235 1754 2300 quod
1770 2235 1994 2302 apostoli
2013 2251 2199 2288 recens

642 2325 802 2393 42],
847 2325 1044 2376 initiati
1077 2332 1129 2376 et
1153 2325 1328 2376 adhuc
1374 2324 1752 2378 imbecilliores
1787 2329 2194 2390 commiserunt,

642 2431 708 2469 ea
744 2414 1046 2482 Erangeliis
1073 2415 1266 2480 arripit
1299 2414 1577 2479 creditque
1607 2429 1790 2467 rerum
1825 2434 1837 2468 :
1871 2427 2060 2484 atquae
2094 2417 2196 2470 illis

642 2519 764 2574 post
795 2514 1069 2575 peccatum
1114 2515 1264 2556 recte
1292 2515 1440 2570 gesta
1483 2506 1606 2566 sint,
1660 2521 1761 2573 qua
1814 2506 2057 2560 libertate
2100 2507 2196 2560 Ju-

642 2603 786 2653 dteos
819 2599 1066 2659 adierint,
1095 2611 1214 2663 qua:
1240 2596 1368 2662 ipsis
1413 2598 1668 2664 supplicia
1695 2599 1763 2650 ab
1815 2597 2014 2653 ludatis
2046 2599 2194 2652 illata

641 2690 862 2752 fuerint,
895 2704 996 2756 qua
1022 2688 1324 2741 constantia
1361 2697 1586 2738 mortem
1620 2705 1714 2753 pro
1766 2689 1890 2742 Jesu
1947 2691 2191 2744 doctrina

638 2780 985 2851 appetierint,
1050 2781 1162 2832 haec
1209 2782 1388 2832 omnia
1439 2784 1549 2831 alto
1606 2780 1820 2832 silentio
1865 2782 2189 2838 dissimulat.

638 2871 821 2940 Neque
845 2873 987 2925 enim
1022 2870 1202 2924 Jesum
1247 2868 1426 2924 audirr
1461 2870 1628 2923 voluit
1677 2869 1833 2923 Petro
1892 2872 2192 2936 pra-dicen-

639 2980 798 3022 tem:
852 2987 871 3019 ι
931 2969 1063 3022 Cum
1123 2975 1300 3020 autem
1365 2968 1642 3029 seuueris,
1693 2967 1949 3019 extendes
2001 2981 2192 3019 manus

639 3071 758 3114 tuas
790 3061 856 3123 ⁵³,
884 3069 1017 3121 etc.,
1043 3077 1061 3108 ι
1089 3058 1282 3124 quibus
1306 3055 1576 3123 Scriptura
1607 3056 1821 3123 subji’cit
1850 3073 1861 3106 :
1901 3074 1918 3106 ι
1955 3055 2069 3108 Hoc
2091 3071 2189 3107 au-

2300 1963 2604 2025 απέθανον,
2670 1965 2792 2016 οὔτε
2851 1965 3260 2035 ὑπεραπέθανον
3309 1966 3502 2029 αὑτοῦ,
3547 1965 3664 2016 οὐδὲ
3699 1964 3850 2016 κολά-

2302 2069 2435 2103 σεων
2467 2058 2819 2123 καταφρονεῖν
2855 2056 3198 2124 ἐπείσθησαν·
3237 2055 3368 2106 ἀλλὰ
3414 2056 3507 2108 καὶ
3552 2057 3849 2124 ἠρνήσαντο

2298 2137 2434 2195 εἶναι
2471 2146 2724 2214 μαθηταί·
2759 2145 2852 2197 νῦν
2880 2147 2935 2197 δὲ
2969 2148 3122 2216 ὑμεῖς
3154 2146 3300 2215 αὐτῷ
3329 2147 3841 2214 συναποθνήσκετε.»

2297 2236 2407 2287 Καὶ
2438 2237 2494 2285 ἐν
2519 2234 2726 2295 τούτοις
2746 2235 2802 2285 δὲ
2843 2236 2901 2286 τὸ
2933 2237 3028 2303 μὲν
3081 2237 3158 2286 ἔτι
3197 2233 3565 2304 εἰσαγομένοις
3602 2238 3712 2296 τοῖς
3753 2253 3849 2303 μασι

2298 2325 2483 2394 θηταῖς
2529 2325 2623 2376 καὶ
2662 2324 3027 2392 ἀτελεστέροις
3071 2321 3219 2376 οὖσιν
3267 2325 3579 2393 ἁμαρτηθὲν
3625 2326 3718 2376 xui
3761 2342 3853 2391 γε-

2296 2416 2604 2487 γραμμένον
2642 2419 2696 2468 ἐν
2739 2421 2848 2480 τοῖς
2881 2418 3227 2483 Εὐαγγελίοις
3261 2417 3500 2468 πιστεύει
3550 2417 3843 2483 γεγονέναι,

2298 2508 2362 2558 ἵν’
2401 2508 2600 2576 ἐγκαλῇ
2633 2506 2708 2575 τῷ
2736 2506 2894 2576 λόγῳ·
2936 2507 2996 2558 τὸ
3039 2506 3095 2557 δὲ
3133 2506 3266 2576 μετά
3310 2505 3404 2575 τὴν
3443 2506 3716 2574 ἁμαρτίαν
3755 2505 3846 2556 αύ-

2295 2600 2404 2659 τοῖς
2448 2597 2802 2667 κατορθωθὲν,
2851 2596 3380 2666 παρρησιασαμένως
3425 2595 3536 2664 (14)
3587 2597 3678 2646 ἐπὶ
3726 2596 3848 2646 Ἰου-

2293 2687 2473 2758 δαίων,
2505 2688 2598 2739 xui
2633 2687 2800 2756 μυρία
2843 2688 2942 2738 ὅσα
2986 2687 3304 2750 πεπονθόσιν
3353 2687 3441 2737 ὑπ’
3481 2685 3719 2747 ἐκείνων,
3759 2685 3846 2736 καὶ

2295 2779 2352 2831 τὸ
2385 2779 2682 2831 τελευταῖον
2711 2777 3066 2831 ἀποθανοῦσιν
3097 2779 3232 2848 ὑπὲρ
3264 2777 3362 2845 τῆς
3397 2776 3568 2846 Ἰησοῦ
3603 2776 3846 2829 διδασκα-

2293 2870 2431 2930 λίας,
2458 2873 2805 2939 παρασιωπᾷ.
2823 2869 2959 2921 Οὔτε
2985 2869 3092 2940 γάρ
3138 2870 3310 2938 Ἰησοῦ
3335 2868 3594 2938 ἐϐουλήθη
3625 2867 3846 2919 ἀκούσαι

2294 2961 2641 3032 προλέγοντος
2681 2961 2756 3030 τῷ
2803 2960 3010 3030 Πέτρῳ·
3060 2979 3076 3008 ι
3128 2960 3288 3010 Ὅταν
3346 2959 3401 3010 δὲ
3449 2959 3714 3029 γηράσῃς,
3757 2960 3848 3008 ὲκ-

2293 3053 2462 3112 τενεῖς
2490 3050 2586 3110 τάς
2616 3051 2798 3118 χεῖράς
2841 3068 2953 3111 σου,
3006 3068 3023 3097 ι
3066 3051 3158 3101 xui
3183 3049 3250 3100 τά
3283 3049 3427 3117 ἑξῆς·
3533 3049 3780 3118 ἐπιφέρει
3808 3050 3842 3116 ἡ

641 3160 748 3202 tem
802 3148 960 3209 dixit,
1019 3148 1344 3214 significans
1398 3159 1502 3211 qua
1570 3153 1741 3194 morte
1794 3143 2188 3198 clarificaturus

2292 3139 2500 3208 Γραφὲγ
2526 3156 2544 3186 ι
2570 3137 2736 3188 Τοῦτο
2764 3137 2806 3187 δ’
2836 3133 2975 3198 εἷπε,
3006 3137 3277 3205 σημαίνων
3298 3135 3434 3202 ποίῳ
3467 3133 3679 3202 θανάτῳ
3698 3131 3848 3195 δοξά-

635 3249 780 3292 esset
828 3238 1017 3290 Deum.
1056 3255 1074 3286 ι
1106 3235 1210 3288 Pro
1247 3235 1411 3286 nihilo
1468 3249 1681 3302 quoque
1733 3235 1893 3287 habet
1927 3235 2186 3290 Jacobum

635 3331 858 3382 fratrem
887 3326 1130 3387 Joannis,
1157 3313 1487 3392 apostolum,
1522 3324 1747 3391 apostoli
1797 3324 2045 3390 fratrem,
2076 3328 2188 3392 gla-

635 3421 724 3474 dio
751 3434 946 3470 cazsum
980 3417 1045 3468 ab
1091 3415 1304 3467 Herode
1347 3414 1510 3467 fuisse
1551 3425 1768 3482 propter
1805 3412 1930 3467 Jesu
1983 3415 2186 3467 doctri-

634 3525 756 3562 nam
780 3509 825 3540 "°
857 3525 870 3559 ι
901 3521 996 3559 nec
1023 3507 1191 3572 pluris
1234 3506 1364 3557 facit
1420 3520 1537 3571 quae.
1581 3515 1795 3572 prepter
1822 3505 2064 3558 eamdem
2094 3505 2189 3559 Pe-

632 3611 750 3654 trus
789 3609 843 3652 et
873 3598 1062 3664 reliqui
1091 3595 1315 3662 apostoli
1350 3611 1556 3647 summa
1606 3596 1798 3649 (iducia
1835 3597 2081 3663 fecerint,
2129 3607 2187 3651 ut

630 3708 774 3753 cum,
823 3701 1101 3757 postquam
1159 3687 1383 3753 flagellis
1434 3672 1556 3739 cicsi
1609 3687 1845 3750 fuerant,
1895 3706 1913 3737 ι
1954 3690 2184 3741 ieruuta

631 3792 925 3848 conspectu
954 3780 1170 3833 concilii
1206 3780 1498 3846 gaudentes
1522 3779 1662 3843 quod
1692 3779 1836 3846 digni
1863 3781 2028 3832 habiti
2058 3781 2187 3833 fuis-

630 3885 752 3926 sent
777 3887 871 3940 pro
905 3872 1047 3924 illius
1077 3872 1295 3923 nomine
1330 3870 1713 3922 contumeliam
1741 3871 1848 3936 pati
1874 3872 1939 3933 τι,
1989 3891 2006 3922 ι
2049 3873 2186 3923 mul-

629 3972 789 4029 taque
813 3962 968 4028 longe
1001 3965 1202 4026 majora
1237 3959 1537 4011 tolerantize
1569 3969 1622 4011 et
1652 3959 1984 4012 fortitudinis
2029 3975 2185 4028 argu-

631 4061 808 4106 menta
842 4053 1123 4110 dederunt,
1155 4066 1312 4117 quam
1344 4050 1416 4101 illi
1447 4065 1476 4102 e
1504 4051 1727 4115 Graécis,
1762 4050 1849 4116 qui
1891 4049 1974 4101 his
2021 4051 2185 4101 virtu-

632 4143 772 4194 tibus
797 4141 1180 4192 excelluerunt.
1219 4138 1353 4192 llinc
1391 4140 1527 4205 apud
1583 4138 1709 4192 Jesu
1766 4140 2037 4192 auditores
2082 4141 2183 4192 hoc

631 4233 775 4285 illius
817 4238 1142 4297 prteeeptum
1202 4230 1268 4280 ab
1318 4229 1472 4281 initio
1527 4229 1770 4290 invaluit,
1823 4232 2181 4296 spernendam

630 4324 774 4376 hanc
825 4336 948 4374 esse
997 4321 1158 4372 vitam
1219 4335 1378 4386 quam
1434 4320 1677 4388 plerique
1751 4322 1966 4385 ardent;
2037 4325 2181 4388 aspi-

631 4410 856 4463 randum
921 4410 988 4461 ad
1046 4408 1217 4461 solam
1271 4408 1449 4470 illam,
1503 4423 1620 4476 quae
1681 4409 1772 4462 Dei
1827 4409 1950 4461 vitae
1993 4411 2181 4462 similis

627 4511 732 4553 851.

695 4592 782 4642 46.
812 4589 996 4642 Nonne
1019 4589 1180 4642 etiam
1215 4590 1469 4640 mentitur
1507 4589 1646 4656 apud
1692 4589 1902 4642 Celsum
1944 4591 2174 4652 .ludteus.

627 4696 746 4734 cum
777 4680 851 4730 ait
904 4698 922 4727 ι
960 4678 1160 4738 Jesum,
1217 4679 1338 4730 dum
1386 4694 1623 4746 praesens
1679 4682 1908 4746 adesset,
1967 4681 2174 4736 nonnisi

627 4773 811 4824 decem
850 4771 1041 4820 nautas
1080 4767 1495 4835 publicanosque
1535 4771 1981 4825 sceleratissimos
2035 4777 2177 4828 asci-

625 4864 765 4914 visse
799 4861 920 4922 sibi,
959 4873 1021 4910 ac
1052 4875 1118 4910 ne
1149 4874 1335 4910 omnes
1366 4860 1485 4912 illos
1506 4862 1764 4925 quidem?
1811 4883 1829 4914 ο
1874 4863 2058 4917 Palam
2097 4877 2180 4919 est

625 4954 766 5006 enim
802 4951 879 5002 rel
912 4948 1124 5002 Iud-.eos
1187 4949 1331 5014 ipsos
1379 4951 1620 5003 fassuros
1671 4967 1812 5017 esse,
1875 4955 2018 5006 illum
2073 4972 2175 5009 nou

627 5043 811 5094 de‘cem
845 5042 1020 5103 modo,
1041 5057 1143 5094 non
1163 5051 1398 5103 centum,
1422 5057 1525 5094 non
1548 5042 1711 5106 mille,
1735 5044 1822 5094 sed
1846 5046 1999 5096 modo
2027 5048 2180 5112 quiu-

625 5146 750 5198 que,
793 5132 947 5184 modo
995 5141 1222 5200 quatuor
1267 5133 1458 5193 millia,
1516 5141 1592 5184 tot
1626 5133 1856 5199 denique
1904 5134 2002 5186 sibi
2050 5150 2179 5187 cou-

704 5263 748 5292 ⁶⁹
780 5260 938 5316 Joan.
971 5281 1088 5329 XXI,
1116 5267 1202 5331 18,
1242 5267 1326 5320 19.

697 5400 809 5471 (15)
834 5399 1166 5471 ,Λόγουηιιιι
1206 5403 1371 5456 codex
1407 5401 1626 5471 Regius.
1679 5405 1824 5456 Lihri
1857 5415 2036 5457 autem
2071 5419 2168 5457 cx-

625 5473 760 5531 cusi,
787 5469 946 5533 λόγῳ,
983 5469 1130 5520 male.

698 5539 806 5607 (14)
851 5539 1000 5589 Ltbb.
1042 5539 1168 5590 editi
1215 5539 1280 5590 ad
1333 5542 1647 5608 marginem,
1689 5544 2173 5610 πεπαῤῥησιασμέ-

680 5627 749 5660 ις.

605 5622 1141 5753 νοῇὸμίιιιθηῃῃοει
1184 5677 1423 5739 ἅπαντας
1479 5680 1673 5732 addunt
1701 5689 1752 5734 et
1780 5681 2045 5732 uncinulis
2086 5683 2166 5733 in-

595 5745 840 5814 tlu‘duut
895 5745 1016 5796 ἐπεί
1061 5761 1148 5806 τεν
1206 5762 1340 5813 Quos
1381 5764 1475 5802 nos
1509 5766 1536 5803 c
1585 5759 1727 5802 textu
1775 5753 2158 5818 expunximus,

2293 3247 2373 3281 σει
2402 3230 2489 3281 τὸν
2519 3228 2669 3280 Θεὸν·
2711 3247 2728 3278 ι
2756 3227 2863 3278 οὗθ’
2887 3228 2968 3278 ὅτι
2993 3226 3242 3288 Ἰάκωϐος
3271 3229 3298 3277 ὀ
3324 3226 3546 3292 ἀδελφὸς
3580 3226 3843 3285 Ἰωάννου,

2290 3318 2578 3379 ἁπόστολός
2588 3317 2879 3370 ἀποστόλου
2894 3317 3133 3383 ἁδελφὸς,
3148 3315 3379 3388 ἀνῃρέθη
3393 3317 3421 3366 ύ
3430 3316 3496 3366 πὸ
3506 3313 3596 3365 τοῦ
3614 3314 3848 3384 Ἡρώδου

2289 3409 2377 3462 διὰ
2407 3410 2496 3460 τὸν
2531 3409 2682 3476 λόγον
2707 3408 2937 3478 Χριστοῦ
2964 3408 3220 3477 μαχαίρᾳ·
3246 3407 3356 3457 ἀλλ’
3383 3406 3488 3456 οὐδ’
3517 3408 3615 3457 ὅσα
3639 3407 3850 3473 παρῤη-

2297 3501 2602 3568 σιαζόμενοι
2637 3500 2728 3550 ἐπὶ
2772 3499 2866 3568 τῷ.
2892 3499 3030 3566 λόγῳ
3065 3499 3419 3565 πεποιήκασιν
3457 3498 3484 3547 ὁ
3514 3496 3718 3563 Πέτρος
3755 3493 3848 3545 καὶ

2288 3591 2335 3640 οἱ
2376 3590 2550 3640 λοιποὶ
2591 3589 2894 3648 ἀπόστολοι,
2941 3589 3032 3639 καὶ
3068 3588 3141 3649 ὡς
3194 3608 3209 3636 ι
3264 3587 3370 3638 ἀπὸ
3416 3586 3704 3655 προσώπου
3753 3583 3846 3634 τοῦ

2291 3679 2558 3747 συνεδρίου
2597 3679 2816 3747 ἐξῆλθον
2858 3701 2873 3727 ι
2913 3678 3047 3746 μετά
3090 3679 3150 3728 τὸ
3191 3679 3629 3746 μαστιγωθῆναι,
3671 3696 3688 3726 ι
3730 3678 3850 3745 χαί.

2289 3786 2490 3836 ροντες,
2524 3771 2603 3821 ὃτι
2641 3767 3048 3838 κατηξιώθησαν
3090 3769 3228 3835 ὑπὲρ
3267 3767 3358 3818 τοῦ
3389 3769 3647 3835 ὀνόματος
3684 3767 3846 3817 αὑτοῦ

2287 3860 2671 3929 ἀτιμασθῆναι,
2729 3880 2745 3909 ι
2796 3861 2887 3911 καὶ
2930 3860 3312 3929 ύπεραίροντες
3360 3858 3527 3909 πολλὰ
3566 3860 3672 3909 τῶν
3718 3861 3846 3927 παρ’

2289 3953 2538 4021 Ἕλλησιν
2573 3953 2960 4021 ἱστορουμένων
3001 3951 3090 4001 ἐπὶ
3125 3954 3187 4019 τῇ
3236 3949 3495 4020 καρτερίᾳ
3533 3950 3625 3999 xui
3654 3948 3845 4017 ἀνδρία

2284 4043 2390 4094 τῶν
2421 4042 2910 4111 φιλοσοφησάντων.
2969 4041 3226 4110 Ἀρχῆθεν
3275 4037 3364 4091 οὖν
3409 4039 3636 4108 μάλιστα
3690 4039 3848 4088 τοῦτο

2285 4132 2376 4183 τοῦ
2420 4133 2592 4200 Ἰησοῦ
2631 4130 2855 4202 μάθημα
2893 4131 3215 4202 ἐκρατύνετο
3253 4130 3399 4199 παρὰ
3429 4132 3537 4191 τοῖς
3563 4129 3844 4182 ἁκούουσιν

2285 4221 2468 4284 αὑτοῦ,
2498 4224 2742 4275 διδάσκον
2775 4223 3223 4292 καταφρονεῖσθαι
3258 4223 3353 4291 μὲν
3378 4222 3436 4274 τὸ
3461 4223 3564 4273 ὑπὸ
3582 4222 3688 4272 τῶν
3717 4221 3847 4273 πολ-

2283 4314 2390 4365 λῶν
2423 4313 2812 4386 περιεπόμενον
2856 4313 2975 4382 ζῆν,
3035 4312 3422 4375 σπουδάζεσθαι
3467 4313 3521 4364 δὲ
3563 4313 3622 4364 τὸ
3667 4329 3844 4381 παρα-

2286 4407 2509 4476 πλήσιον
2542 4407 2618 4474 τῷ
2652 4407 2752 4476 ζῆν
2780 4406 2872 4459 τοῦ
2904 4407 3037 4459 Θεοῦ
3063 4407 3181 4475 ζῆν.

2354 4586 2476 4646 Πῶς
2519 4585 2563 4636 δ’
2599 4585 2659 4636 οὐ
2721 4584 2971 4652 ψεύδεται
3034 4587 3062 4636 ό
3104 4586 3273 4651 λέγων
3314 4585 3460 4652 παρά
3506 4583 3581 4652 τῷ
3648 4584 3844 4652 Κέλσῳ

2297 4677 2567 4737 Ἰουδαῖος,
2599 4678 2677 4726 ὅτι
2713 4694 2730 4722 ε
2765 4674 2958 4744 Παρὼν
2991 4675 3119 4726 δέκα
3139 4676 3335 4736 ναύτας
3353 4676 3442 4726 καὶ
3468 4674 3697 4735 τελώνας
3717 4677 3843 4737 τοὺς

2285 4767 2673 4830 ἐξωλεστάτους
2711 4765 2900 4834 μόνους
2935 4759 3076 4824 εἷλε,
3121 4765 3213 4815 καὶ
3245 4765 3361 4815 οὐδὲ
3402 4764 3617 4825 τούτους
3667 4757 3842 4816 ἂπανέ-

2279 4877 2376 4921 τας
2419 4858 2562 4927 (15);
2620 4876 2638 4906 ι
2685 4857 2856 4922 Σασὲς
2898 4856 3005 4926 γάρ
3045 4856 3124 4906 ὅτι
3168 4855 3260 4906 xui
3302 4853 3535 4905 Ἰουδαῖοι
3575 4853 3841 4922 ὁμολογή-

2283 4971 2426 5005 σαιεν
2467 4955 2551 5016 ἂν,
2578 4955 2656 5004 ὅτι
2683 4954 2740 5004 ού
2761 4952 2889 5004 δέκα
2921 4951 3109 5019 μόνους
3138 4942 3297 5011 εἷλεν,
3323 4947 3441 4997 οὐδὲ
3476 4947 3683 5006 ἑκατὸν,
3717 4946 3839 4997 οὐδὲ

2284 5045 2503 5112 χιλίους,
2540 5044 2648 5094 ἀλλ’
2680 5043 2886 5113 ἁθρόως
2914 5042 3001 5091 ὁτὲ
3037 5041 3132 5107 μὲν
3166 5040 3322 5090 πέντε
3361 5037 3614 5106 χιλιάδας,
3653 5038 3737 5087 ἑτέ
3779 5037 3838 5088 6':

2283 5137 2544 5203 τέσσαρας
2574 5134 2702 5203 (l6)'
2739 5135 2832 5186 xui
2878 5131 2969 5183 ἐπὶ
3002 5129 3249 5180 τοσοῦτόν
3282 5145 3344 5194 γε
3379 5122 3538 5189 εἷλεν,
3577 5126 3712 5178 ὥστε
3745 5133 3840 5178 καί

1404 5268 1448 5298 το
1472 5270 1589 5321 Act.
1617 5284 1714 5332 XII,
1746 5268 1813 5330 2;
1853 5284 1972 5331 λιιι,
1997 5269 2086 5323 46.
2150 5271 2194 5298 τ’
2219 5272 2336 5324 Act.
2368 5274 2524 5335 nil.

2274 5409 2394 5474 quia
2429 5409 2477 5459 in
2507 5425 2632 5462 mss.
2673 5424 2776 5462 non
2821 5408 3092 5477 reperitur
3117 5416 3169 5463 et
3197 5410 3313 5464 sine
3337 5409 3618 5478 dispendio
3642 5410 3837 5463 abesse

2313 5489 2465 5529 tilt‘Sl.

2313 5494 2465 5529 lilf‘Sl.

2275 5494 2306 5544 Ρ
2352 5551 2460 5615 (ιο)
2506 5549 2824 5615 Teia-apag.
2862 5550 2948 5602 Sic
2977 5565 3162 5603 omnes
3196 5564 3322 5604 mss.
3367 5549 3589 5611 rectius,
3616 5549 3835 5616 opinor,

2280 5633 2436 5688 quam
2458 5620 2590 5688 lihh.
2621 5625 2743 5669 (‘tiiil
2774 5625 2821 5671 tu
2865 5624 3054 5683 quibus
3088 5622 3312 5687 legitur,
3367 5620 3632 5685 τέσσαρας
3661 5619 3833 5688 χιλιά-

2279 5687 2390 5748 δας.
2431 5687 2603 5755 Neque
2636 5694 2775 5742 t‘tlltii
2802 5691 3042 5757 χιλιάδας
3069 5693 3148 5743 his
3184 5691 3305 5761 poni
3341 5693 3614 5742 convenit.
