4126 6314
179 434 295 489 869

1373 434 1650 490 CONTRA
1684 434 1965 494 CELSUM
2003 438 2126 495 LIB.
2162 439 2224 496 Π.

3285 459 3390 516 870

179 551 269 610 είς
292 547 394 610 τὰς
424 547 654 618 ἐρημίας
680 547 825 618 αὒτῷ
855 548 1180 615 ἀκολουθεῖν,
1227 547 1324 610 τὰς
1363 548 1519 618 μόνον
1543 549 1714 620 χωρού

1849 528 2063 608 ciliasse
2093 553 2361 621 homines,
2403 564 2459 612 ut
2485 558 2635 613 illum
2687 561 2740 614 in
2788 565 3019 631 deserta,
3067 565 3178 621 sola
3228 577 3389 624 tantae

180 653 291 698 σας
318 637 511 707 ἀθρόον
537 654 588 689 τι
616 637 813 708 πλῆθος
855 639 962 691 τῶν
999 638 1352 692 πιστευόντων
1385 639 1463 708 τῷ
1502 639 1620 708 Θεῷ
1659 640 1717 691 δυ

1849 641 1957 694 1)οο
1990 658 2084 709 per
2109 642 2290 698 Jesum
2327 649 2659 702 credentium
2700 653 3026 708 multitudini
3053 659 3388 713 ccutinenda:
3426 711 3430 715 .

177 727 281 778 τοῦ
335 725 528 795 Ἰησοῦ·
561 729 618 778 ἐν
666 723 754 790 αἷς
792 729 852 780 οὑ
891 730 1047 796 μόνον
1075 728 1280 796 λόγους,
1315 728 1448 780 ἀλλὰ
1485 729 1578 780 καὶ
1609 729 1717 799 ἔργς

1846 731 2016 797 paria,
2069 743 2448 800 sequerentur,
2497 737 2585 790 ubi
2635 753 2736 792 non
2770 743 2948 796 verbis
2990 744 3180 810 solum,
3213 747 3306 801 sed
3332 757 3387 801 et

179 814 375 876 αὐτοῖς
401 816 764 869 ἐπεδείκνυτο.
817 818 1132 884 Ἀναγκάζει
1158 818 1202 869 δ’
1231 818 1377 888 ἡμᾶς
1413 817 1744 884 ταυτολογῶν

144 892 244 942 ,τὸ
278 894 656 963 παραπλήσιον
683 897 828 966 αὑτῷ
853 901 1039 950 ποιεῖν’
1064 901 1181 950 ἐπεὶ
1202 900 1576 969 φυλασσόμεθα
1605 904 1733 955 ὑπο-

150 979 554 1048 ,λαμὸάνεσθαι
596 985 934 1054 ὑπερϐαίνειν
965 987 1084 1039 τινὰ.
1111 987 1217 1040 τῶν
1252 991 1377 1059 παρ’
1404 991 1548 1060 αὑτῷ
1582 991 1734 1060 λεγο-

181 1067 368 1135 μένων
414 1071 787 1141 ἐγκλημάτων.
829 1076 937 1128 Καὶ
975 1078 1032 1127 ἐν
1073 1075 1150 1144 τῷ
1182 1078 1521 1148 προκειμένῳ
1560 1081 1733 1134 τοίνυν

153 1135 331 1224 ίλόγῳ
359 1135 480 1209 καθ’
518 1135 803 1232 ἥνίεχομεν
830 1164 978 1229 τάξιν
1006 1165 1103 1233 τῆς
1122 1135 1362 1237 γραφῆς,
1380 1135 1549 1238 ’φησίν
1567 1187 1580 1200 ·
1615 1189 1634 1222 ι
1669 1172 1731 1223 Ei

175 1250 292 1314 ζῶν
327 1251 423 1321 μὲν
449 1254 608 1315 αὐτὸς
637 1255 838 1324 μηδένα
868 1255 1099 1321 ἔπεισεν,
1124 1260 1475 1324 ἀποθανόντος
1499 1262 1541 1312 δ’
1575 1260 1736 1314 αὑτοῦ

174 1341 458 1394 πείθουσιν
501 1344 550 1412 oi
595 1343 900 1415 βουλόμενοι
951 1348 1248 1413 τοσούτους·
1289 1351 1404 1413 πῶς
1436 1352 1592 1404 τοῦτο
1640 1352 1736 1422 οὐχ

171 1430 518 1501 ὑπεράτοπον
549 1436 693 1500 ἐστι;
728 1455 746 1486 ι
775 1436 892 1488 δέον
921 1436 1098 1498 λέγειν
1127 1440 1442 1493 ἀκολουθίαν
1475 1440 1733 1508 σώζοντα,

168 1523 258 1575 ὃτι
289 1523 447 1593 εἴπερ
477 1524 829 1588 ἀποθανόντος
859 1527 1046 1591 αὐτοῦ,
1078 1529 1371 1593 πείθουσιν,
1404 1531 1499 1599 οὐχ
1526 1532 1736 1598 ἁπαξα-

172 1610 329 1673 πλῶς
346 1605 396 1663 οι
418 1611 743 1681 βουλόμενοι,
775 1613 886 1667 ἀλλ’
909 1617 956 1667 οἱ
983 1614 1288 1686 βουλόμενοι
1313 1620 1406 1670 καὶ
1424 1619 1728 1688 δυνάμενοι,

170 1697 302 1760 τοὺς
325 1699 626 1762 τοσούτους·
661 1701 809 1771 πόσῳ
853 1702 1050 1770 μᾶλλον
1082 1701 1298 1771 εὔλογον
1345 1705 1524 1767 αὐτὸν,
1570 1705 1730 1775 ἡνίκα

170 1787 251 1858 τῷ
307 1788 405 1858 βίῳ
447 1790 725 1860 ἐπεδήμει,
776 1791 1203 1862 πολλαπλασίους
1247 1793 1341 1846 καὶ
1381 1791 1728 1867 δυνατωτέρῳ

167 1876 318 1946 λόγῳ
347 1881 439 1931 καὶ
461 1880 690 1950 πράξεσι
717 1884 1067 1946 πεπεικέναι;

254 1963 461 2044 Ἑαυτῷ
487 1965 543 2017 δέ
574 1965 834 2034 λαμϐάνει
873 1973 948 2030 ὼς
983 1969 1250 2044 ἡμετέραν
1277 1970 1559 2042 ἀπόκρισιν
1597 1973 1731 2043 πρὸς

165 2049 365 2105 πεῦσιν
395 2043 569 2106 ἀῦτοῦ
622 2056 915 2126 λεγομένην
962 2043 1248 2128 φήσαντος·
1301 2078 1321 2110 ι
1368 2061 1483 2112 Τίνι
1525 2063 1729 2132 προσή-

161 2137 336 2207 χθητε
364 2139 473 2208 (17)
505 2139 747 2212 λογισμῷ
779 2143 964 2198 τοῦτον
996 2144 1234 2214 νομίζειν
1273 2146 1398 2200 Υίὺν
1424 2147 1594 2212 Θεοῦ;
1627 2166 1728 2201 πε-

164 2227 364 2298 ποίηκε
384 2227 494 2300 γὰρ
532 2230 679 2299 ἡμᾶς
721 2232 1201 2302 ἀποκρινομένους,
1225 2233 1305 2286 ὅτι
1324 2235 1498 2306 τούτῳ
1523 2240 1727 2308 προσή-

160 2316 398 2387 χθημεν,
447 2321 496 2371 εἰ
539 2320 632 2371 καὶ
670 2321 780 2390 (i8)
825 2320 979 2390 ῐσμεν
1024 2322 1118 2392 τὴν
1146 2322 1362 2376 κόλασιν
1393 2325 1554 2378 αὑτοῦ
1589 2327 1726 2398 ὑπὲρ

161 2407 542 2478 καθαιρέσεως
572 2407 666 2461 τοῦ
716 2409 920 2480 πατρὸς
963 2410 1062 2478 τῆς
1105 2412 1302 2474 κακίας
1345 2417 1643 2482 γεγονυῖαν.
1701 2433 1719 2466 ι

162 2495 378 2559 ’Δλλοις
406 2496 512 2566 γὰρ
547 2497 752 2568 μυρίοις
797 2499 1204 2570 προσήχθημεν,
1258 2493 1334 2554 ὧν
1368 2503 1725 2574 πολλοστημό-

158 2601 279 2652 ριον
302 2587 357 2636 ἐν
387 2590 497 2648 τοῖς
530 2587 632 2657 πρὸ
667 2587 869 2641 τούτων
893 2588 1204 2659 ἐξεθὲμεθα,
1243 2591 1356 2654 καὶ,
1393 2592 1525 2643 Θεοῦ
1557 2593 1724 2645 διδόν-

152 2689 271 2736 τος,
301 2673 659 2742 ἐκθησόμεθα,
686 2677 746 2727 οὐ
788 2677 946 2744 μόνον
980 2678 1036 2728 ἐν
1070 2680 1183 2740 τοῖς
1224 2679 1359 2747 πρὸς
1389 2679 1477 2731 τὸν
1508 2680 1720 2749 νομιζό-

161 2781 324 2832 μενον
362 2765 578 2817 Κέλσου,
604 2765 776 2835 ἀληθῆ
825 2766 980 2832 λόγον
1025 2768 1535 2838 πραγματευόμενοι
1575 2770 1716 2841 (19),

156 2854 298 2907 ἀλλὰ
327 2854 418 2905 καὶ
447 2856 504 2905 ἐν
530 2854 706 2916 ἄλλοις
742 2856 974 2924 μυρίοις.
1004 2857 1114 2909 Καὶ
1141 2857 1216 2918 ὡς
1255 2858 1407 2926 ἡμῶν
1435 2858 1716 2926 λεγόντων,

155 2944 239 2995 ὅτι
272 2943 394 2994 Υίὸν
418 2942 576 2993 αὑτὸν
604 2943 892 3011 νομίζομεν
912 2942 1069 3005 Θεοῦ,
1105 2944 1226 2996 ἐπεὶ
1254 2945 1536 3016 ἐκολάσθη,
1565 2949 1714 3016 φησὶ,

162 3052 181 3082 σ
229 3032 297 3084 Τί
327 3028 436 3095 οὖν,
469 3031 587 3100 οὐχὶ
633 3031 726 3082 καὶ
776 3030 922 3084 ἄλλοι
975 3032 1156 3084 πολλοὶ
1192 3034 1580 3103 ἐκολάσθησαν,
1625 3037 1715 3088 καὶ

1843 819 2096 886 operibus
2126 837 2224 876 eos
2251 823 2498 878 docebat.
2529 827 2702 896 Atque
2727 833 2911 884 eadem
2953 838 3213 901 perpetuo
3235 852 3390 890 reco-

1843 921 2012 974 quens
2035 908 2144 972 ille,
2171 925 2270 964 nos
2319 913 2456 965 idem
2489 915 2666 970 facere
2707 921 2874 986 cogit.
2920 921 3184 978 Cavemus
3237 926 3384 979 enim

1843 1011 1910 1050 ne
1935 997 2092 1050 ullam
2116 1013 2182 1051 ex
2212 1001 2354 1054 illius
2384 1003 2849 1062 criminationibus
2883 1012 3162 1078 praeterire
3219 1013 3385 1067 silen-

1843 1083 1915 1139 tio
1938 1085 2232 1140 videamur.
2266 1088 2392 1145 Haec
2419 1091 2584 1157 igitur
2604 1096 2743 1161 apud
2773 1097 2922 1149 illu-n
2967 1100 3173 1153 ordine-
3203 1102 3386 1168 sequi-

1842 1182 1930 1227 tur
1975 1191 1990 1228 :
2033 1192 2053 1226 ι
2107 1175 2188 1241 Si,
2221 1178 2345 1231 dum
2386 1181 2615 1247 viveret,
2669 1186 2868 1238 nemini
2929 1191 3216 1254 persuasit,
3265 1201 3388 1258 pust

1837 1272 2064 1318 mortem
2096 1277 2274 1322 autem
2305 1269 2422 1338 ejus
2449 1271 2752 1342 quicttnqne
2783 1275 2989 1341 volunt,
3043 1287 3151 1331 tam
3198 1281 3384 1335 multis

1837 1355 2181 1421 persuadent,
2209 1373 2386 1412 nonne
2411 1375 2494 1413 res
2520 1374 2602 1415 est
2634 1379 2891 1432 perquam
2913 1368 3181 1421 absurda?
3206 1388 3226 1421 ι
3247 1371 3381 1424 Cum

1837 1442 2018 1496 dicere
2051 1446 2342 1510 debuisset,
2371 1449 2415 1502 si
2443 1451 2658 1517 quidem
2688 1464 3046 1511 consentanea
3094 1457 3238 1525 loqui
3271 1455 3383 1511 vel-

1835 1531 1906 1585 let
1933 1533 2033 1599 :si,
2062 1550 2126 1588 eo
2146 1548 2380 1604 mortuo,
2406 1554 2511 1592 non
2551 1542 2644 1609 qui
2700 1545 3018 1612 simpliciter
3043 1547 3243 1612 volunt,
3284 1548 3378 1604 sed

1835 1624 1923 1690 qui
1953 1625 2136 1680 volunt
2164 1636 2217 1680 et
2237 1640 2479 1697 possunt,
2515 1642 2594 1685 tot
2617 1641 2979 1701 persuadent;
3008 1649 3235 1708 quanto.
3257 1640 3378 1708 plu-
3442 1632 3446 1637 ’

1833 1729 1920 1767 res
1951 1715 2086 1781 ejus,
2147 1718 2273 1772 dum
2326 1721 2549 1784 viveret,
2601 1731 2654 1774 et
2705 1726 2998 1792 potentiori
3048 1742 3297 1784 sermone
3323 1739 3380 1784 et

1835 1803 1986 1858 l’actis
2009 1820 2291 1874 persuasos
2313 1808 2476 1865 fuisse
2512 1813 2768 1869 credibile
2793 1817 2912 1870 est?

1898 1975 1990 2032 47.
2031 1977 2273 2046 Posthac
2304 1991 2654 2048 percontatus
2690 2003 2708 2035 ι
2742 2001 2846 2054 quo
2887 1999 3219 2056 argumento.
3259 1990 3378 2044 ani-

1829 2080 1976 2119 mum
2011 2067 2381 2126 induxerimus
2418 2072 2565 2126 illum
2601 2088 2724 2128 esse
2767 2075 2858 2129 Dei
2905 2077 3120 2142 Filium,
3160 2095 3180 2128 ι
3210 2081 3376 2132 sumit

1826 2155 1928 2208 sibi
1990 2157 2090 2211 hoc
2149 2174 2466 2227 responsum
2525 2167 2667 2232 quod
2717 2176 2961 2218 nostrum
3016 2182 3135 2221 esse
3199 2168 3371 2238 lingit,

1824 2241 1985 2313 522
2013 2263 2032 2296 ι
2067 2245 2120 2300 id
2151 2262 2249 2301 nos
2277 2251 2515 2303 animum
2547 2252 2840 2322 induxisse,
2867 2255 2993 2322 quia
3022 2258 3223 2311 scimus
3247 2274 3370 2311 eum

1824 2348 2038 2399 passum
2090 2351 2230 2402 esse,
2277 2348 2338 2392 ut
2387 2342 2604 2394 malitias
2651 2320 2846 2411 par-.ens
2906 2346 3294 2402 destrueretur.
3342 2367 3370 2401 ι

1825 2422 2189 2494 Suppetebant
2211 2430 2352 2482 enim
2381 2433 2536 2485 nobis
2564 2432 2668 2485 alia
2701 2445 2973 2498 sexcenta,
3008 2453 3234 2504 quorum
3270 2440 3372 2492 mi-

1823 2515 2022 2568 nimam
2072 2527 2281 2584 partem
2337 2520 2650 2584 attulimus,
2686 2539 2818 2576 nova
2866 2529 3206 2590 postmodum
3257 2529 3370 2583 Deo

1821 2600 1980 2659 dante
2009 2604 2247 2671 allaturi,
2274 2617 2327 2661 et
2371 2611 2663 2663 refellendo
2722 2627 2870 2675 vero,
2906 2626 2962 2666 nt
3001 2625 3174 2681 putat,
3225 2618 3366 2674 Celsi

1821 2710 2086 2761 sermone,
2117 2707 2171 2751 et
2195 2698 2316 2752 aliis
2341 2701 2394 2752 in
2422 2700 2556 2753 locis
2591 2702 2724 2755 bene
2752 2705 2952 2760 inultis.
2984 2705 3185 2759 Deinde
3210 2710 3366 2776 quasi

1820 2786 2142 2840 dixissemus
2184 2803 2307 2840 eum
2358 2805 2386 2841 a
2443 2792 2598 2844 nobis
2645 2793 2940 2846 existimari
3002 2795 3094 2848 Dei
3148 2796 3365 2860 Filium,

1817 2875 1944 2942 quia
1975 2892 2167 2944 passus
2187 2888 2288 2942 est,
2321 2897 2338 2928 ι
2369 2893 2568 2945 annon,
2599 2882 2790 2948 inquit,
2829 2893 2880 2936 et
2903 2884 2990 2936 alii
3031 2884 3180 2937 multi
3221 2889 3364 2954 passi

1817 2973 1961 3026 sunt,
1996 2980 2096 3018 nec
2121 2968 2299 3020 minus
2349 2971 2628 3034 turpiter?
2664 2989 2682 3020 ι
2729 2973 2783 3024 1η
2816 2988 2922 3038 quo
2961 2975 3148 3027 Celsus
3187 2977 3367 3028 imita-

1818 3057 1906 3102 tur
1933 3051 2222 3105 vilissimos
2258 3068 2468 3116 eorum,
2513 3068 2648 3122 quos
2692 3068 2874 3110 nostra
2912 3061 3155 3114 doctrina
3205 3063 3365 3115 habet

153 3123 254 3189 οὐχ
293 3117 450 3191 ἦττον
486 3119 755 3186 ἀγεννῶς;
798 3139 816 3169 ι
857 3120 1072 3189 Ὅμοιον
1112 3121 1155 3172 δ’
1190 3123 1246 3173 ἐν
1278 3122 1448 3191 τούτῳ
1489 3127 1634 3175 ποιεῖ
1683 3127 1710 3176 ὁ

1827 3140 2171 3201 adversarios,
2197 3142 2284 3207 qui
2315 3147 2505 3209 putant
2529 3117 2692 3211 -quod
2724 3146 2970 3200 Christus
2995 3153 3139 3202 cruci
3167 3150 3360 3204 allixus‘

156 3213 360 3272 Κέλσος
407 3215 517 3274 τοῖς
571 3211 1156 3280 ἀνδραποδωδεστάτοις
1203 3211 1311 3264 τῶν
1361 3213 1567 3284 ἐχθρῶν
1617 3216 1710 3268 τοῦ

1827 3228 1982 3282 luisse
2007 3232 2374 3298 perhibeatur,
2428 3247 2761 3300 consequens
2806 3251 2922 3292 esse
2956 3249 3014 3292 ut
3047 3254 3234 3294 omnes
3267 3256 3361 3295 eo-

153 3299 334 3366 λόγου,
363 3302 453 3352 καὶ
479 3302 759 3368 οἰομένοις,
793 3300 874 3350 ὅτι
905 3299 1181 3352 ἀκολουθεῖ
1215 3303 1279 3370 τῇ
1326 3303 1451 3371 περὶ
1482 3303 1570 3354 τὸν
1611 3306 1711 3372 Ἰη-

157 3388 284 3441 σοῦν
333 3389 537 3457 ἱστορίᾳ
591 3389 964 3458 σταυρωθέντα
1017 3391 1080 3441 τὸ
1132 3390 1307 3443 σέϐειν
1383 3395 1527 3462 ἡμᾶς
1585 3395 1708 3457 τοὺς

152 3479 614 3547 ἐσταυρωμένους.

218 3567 484 3629 Πολλάκις
512 3568 554 3619 δ’
594 3570 622 3618 ὁ
656 3567 858 3628 Κέλσος
879 3567 999 3634 ἤδη,
1040 3567 1112 3635 μὴ
1144 3567 1434 3637 δυνάμενος
1463 3572 1706 3624 ἀντιϐλέ-

151 3676 274 3711 πειν
302 3653 389 3720 αἷς
421 3659 826 3728 ἀναγέγραπται
851 3659 1200 3727 πεποιηκέναι
1230 3660 1514 3728 δυνάμεσιν
1537 3667 1564 3714 ὁ
1601 3665 1703 3732 ’1η-

151 3747 299 3810 σοῦς,
325 3748 592 3801 διαϐάλλει
616 3746 780 3810 αὑτὰς
805 3748 880 3809 ὡς
911 3749 1178 3818 γοητείας·
1223 3751 1314 3801 καὶ
1355 3752 1606 3814 πολλάκις
1627 3753 1704 3822 τῷ

150 3836 311 3905 λόγῳ,
349 3838 488 3890 κατά
517 3836 576 3888 τὸ
595 3837 812 3887 δυνατὸν
844 3838 995 3906 ἡμῖν,
1023 3837 1358 3906 ἀντείπομεν.
1396 3841 1500 3891 Καὶ
1530 3841 1621 3893 νῦν
1645 3843 1701 3894 δέ

150 3943 310 3997 φησιν
329 3929 492 3979 οἱονεῖ
522 3928 666 3996 ἡμᾶς
708 3927 1123 3996 ἀποκρίνασθαι,
1165 3928 1244 3979 ὅτι
1283 3927 1369 3979 διὰ
1409 3928 1548 3980 τοῦτ’
1596 3933 1700 3982 ἐνο-

151 4016 382 4084 μίσαμεν
413 4016 571 4067 αὑτὸν
604 4011 739 4068 εἶναι
772 4016 899 4069 Υίὸν
936 4017 1091 4079 Θεοῦ,
1135 4036 1153 4066 ι
1198 4018 1320 4069 ἐπεὶ
1360 4019 1560 4087 χωλοὺς
1608 4021 1698 4072 καὶ

144 4103 379 4171 τυφλοὺς
402 4104 752 4173 ἐθεράπευσε.
804 4125 820 4154 ι
870 4106 1194 4176 Προστίθησι
1227 4108 1280 4159 δὲ
1312 4109 1405 4159 καὶ¹
1433 4109 1511 4160 τό·
1549 4129 1566 4159 ι
1614 4110 1699 4173 Ὠς

147 4192 301 4259 ὑμεῖς
328 4206 484 4256 φατε,
509 4191 696 4260 ἀνίστη
732 4193 976 4262 νεκρούς.
1013 4213 1031 4244 ι
1067 4195 1183 4245 Ὅτι
1230 4194 1324 4262 μὲν
1357 4190 1449 4246 οὖν
1499 4195 1698 4264 χωλοὺς

146 4283 238 4334 καὶ
269 4281 501 4344 τυφλοὺς
537 4282 886 4351 ἐθεράπευσε,
923 4283 1112 4353 διόπερ
1151 4285 1380 4354 Χριστὸν
1412 4285 1571 4337 αὑτὸν
1598 4288 1696 4340 ’καὶ

147 4370 269 4423 Υίδν
302 4367 436 4422 Θεοῦ
482 4371 787 4440 νομίζομεν,
845 4373 1000 4441 δῆλον
1041 4376 1170 4442 ἡμῖν
1204 4375 1348 4426 ἐστιν
1389 4379 1452 4427 ἐκ
1482 4376 1571 4428 τοῦ
1606 4380 1696 4430 καὶ⁹

145 4461 199 4512 ἐν
254 4460 611 4531 προφητείαις
658 4459 991 4529 γεγράφθαι,
1039 4480 1058 4511 ι
1116 4463 1244 4512 Τότε
1296 4463 1694 4532 ἀνοιχθήσονται

1814 3319 1931 3372 dem
1958 3320 2220 3390 supplicio
2244 3320 2471 3376 allectos
2500 3338 2834 3379 veneremur.

1878 3554 1966 3607 d8.
1996 3553 2111 3608 Jam
2138 3569 2280 3621 saepe
2309 3556 2516 3620 Celsus,
2548 3557 2672 3626 quia
2708 3559 2934 3613 inliciari
2983 3576 3086 3615 non
3136 3574 3353 3630 poterat

1809 3645 2068 3697 miracula
2096 3661 2218 3714 quae
2240 3644 2401 3698 Jesus
2426 3645 2614 3698 fecisse
2648 3650 2919 3712 scribitur,
2951 3651 3036 3702 illa
3069 3657 3355 3720 praestigiis

1811 3735 2086 3787 tribuenda
2119 3749 2240 3788 esse
2261 3735 2619 3787 calumniatus
2648 3747 2758 3799 est;
2790 3747 2843 3788 et
2873 3755 2970 3791 nos
2993 3752 3177 3794 contra
3208 3759 3353 3812 saepe

1807 3836 1904 3888 pro
1940 3825 2144 3877 viribus
2177 3826 2552 3893 pugnavimus.
2605 3824 2758 3879 Nunc
2809 3836 2983 3881 autem
3017 3832 3168 3885 nobis
3197 3836 3349 3901 quasi

1807 3912 2146 3979 interrogatis
2183 3929 2286 3980 qua
2317 3930 2475 3968 causa
2500 3916 2647 3968 illum
2671 3933 2790 3970 esse
2808 3919 2896 3971 Dei
2928 3918 3116 3972 Filium
3138 3919 3352 3985 judica-

1804 4003 2056 4065 verimus,
2101 4003 2152 4056 id
2201 4005 2440 4071 responsi
2488 4008 2746 4069 ascribit,
2798 4023 2894 4061 nos
2936 4009 3006 4060 ita
3054 4010 3344 4078 judicasse,

1808 4111 1827 4143 ι
1875 4092 2016 4159 quod
2055 4101 2109 4145 et
2161 4092 2380 4147 claudos
2419 4102 2472 4146 ct
2525 4111 2696 4148 caecos
2752 4099 3051 4161 curaverit;
3096 4117 3115 4149 ι
3153 4103 3347 4166 quibus

1803 4183 1971 4246 addit,
2010 4176 2028 4232 ε
2067 4183 2332 4250 quodque,
2366 4192 2424 4235 ut
2453 4184 2628 4237 dicitis
2666 4201 2784 4249 vos,
2826 4198 3064 4241 mortuos
3117 4192 3347 4244 suscita-

1802 4274 1958 4326 verit.
2009 4271 2280 4327 iClandos
2311 4282 2364 4328 et
2419 4287 2588 4325 caecos
2632 4290 2660 4326 a
2710 4273 2835 4328 Jesu
2890 4287 3102 4330 curatos
3149 4278 3337 4342 fuisse,

1800 4363 2146 4430 quamobrem
2175 4364 2320 4416 illttm
2341 4380 2435 4431 pro
2461 4365 2676 4418 Christo
2695 4366 2891 4432 Deique
2907 4365 3041 4419 Filio
3061 4367 3338 4434 habemus,

1801 4452 1921 4505 inde
1951 4454 2287 4521 perSpicuum
2309 4463 2410 4517 est,
2443 4456 2581 4520 quod
2606 4464 2660 4507 et
2682 4454 2732 4507 in
2765 4455 3050 4522 prophetiis
3081 4459 3336 4526 scriptum

145 4549 405 4619 ὀφθαλμοὶ
428 4548 658 4616 τυφλῶν,
704 4549 795 4601 καὶ
831 4543 941 4600 ὦτα
974 4550 1169 4617 κωφῶν
1209 4553 1542 4614 ἀκούσονται,
1575 4554 1692 4605 τότε

1828 4542 1914 4593 it:
1955 4558 1973 4590 ι
2021 4540 2170 4594 Tunc
2219 4543 2529 4610 aperientur
2575 4547 2712 4599 oculi
2765 4562 3064 4607 c;cc0rum,
3095 4557 3148 4599 et
3180 4561 3340 4602 aures

145 4640 347 4692 ἀλεῖται
364 4641 438 4702 ὡς
451 4639 642 4707 ἔλαφος
662 4637 887 4707 ὁχωλός’
918 4657 934 4687 ι
960 4638 1107 4690 ὄτιδὲ
1137 4640 1226 4690 καὶ
1241 4641 1461 4710 νεκροὺς
1480 4641 1688 4712 ἀνίστη,

139 4731 235 4780 καὶ
261 4730 361 4780 οὐκ
386 4728 499 4780 ἐστι
532 4728 754 4792 πλάσμα
786 4724 894 4777 τῶν
921 4725 987 4777 τὰ
1018 4725 1316 4791 Εὑαγγέλια
1347 4729 1687 4796 γραψάντων,

144 4820 469 4889 παρίσταται
486 4820 547 4870 ἐκ
560 4821 673 4871 τοῖν
705 4817 768 4868 Εἰ
787 4816 883 4885 μὲν
896 4815 1114 4883 πλάσμα
1134 4810 1219 4882 ἦν,
1247 4815 1466 4878 πολλοὺς
1494 4820 1689 4884 ἀναγεα

1795 4633 2076 4685 surdorum
2132 4634 2372 4697 audient,
2430 4643 2553 4686 tunc
2616 4635 2771 4687 saliet
2847 4634 3068 4698 claudus
3121 4644 3177 4688 ut
3223 4651 3340 4689 cer-

1793 4739 1891 4776 vus
1914 4726 1979 4776 ⁷⁸.
2016 4743 2034 4774 t
2068 4725 2302 4777 Mortuus
2327 4734 2500 4776 autem
2535 4725 2698 4776 fuisse
2725 4741 2814 4777 δυο

3015 4763 3030 4786 ,
3062 4739 3159 4778 nec
3192 4726 3334 4778 istud

1799 4824 2132 4867 commentos
2173 4829 2290 4866 esse
2317 4814 2404 4880 qui
2448 4813 2732 4878 Evangelia
2946 4813 3130 4878 serint,
3184 4829 3335 4880 aeque

143 4908 379 4976 γράφῡαι
412 4908 521 4976 (‘20)
559 4909 679 4970 τοὺς
712 4906 1063 4968 ἀναστάνταῦ
1114 4904 1206 4954 καί
1251 4906 1374 4966 τοὺς
1426 4905 1524 4974 ἤδη
1567 4909 1690 4977 Χρό-

1827 4912 2030 4967 onstat;
2057 4918 2178 4954 nam
2217 4903 2262 4954 si
2285 4904 2588 4969 ﬁgmentum
2623 4913 2786 4966 esset,
2823 4904 3002 4969 plures
3048 4903 3336 4955 suscitatus

142 5013 258 5060 νους
285 4999 503 5065 ἔχοντας
528 5000 775 5061 πλείονας
802 5000 858 5050 ἐν
887 5000 996 5060 τοῖς
1032 4995 1329 5065 μνημείοιςο
1365 4997 1482 5046 ἐπεὶ
1513 4996 1558 5045 δ’
1587 4999 1686 5050 οὐκ

1827 4996 2186 5048 ecensuissent
2218 5007 2416 5063 eosque
2438 4995 2638 5047 diutius
2666 4995 2716 5045 in
2749 4994 3108 5046 monumentis
3158 4993 3332 5045 dixis-

143 5084 252 5136 ἐστι
283 5087 526 5155 πλάσμα,
553 5087 694 5140 πάνυ
735 5087 1124 5158 εὐαριθμήτους
1156 5084 1395 5152 λελέχθαι
1424 5085 1554 5152 (21),
1589 5089 1685 5157 τήν

1827 5094 1909 5140 ent
1932 5085 2095 5138 fuisse
2125 5093 2380 5138 moratos.
2408 5083 2532 5136 lllos
2560 5091 2770 5146 contra,
2815 5096 2930 5149 qua:
2977 5095 3070 5133 sua
3100 5083 3330 5132 sinceri-

205 5220 252 5252 ⁷³
278 5217 406 5272 lsai.
433 5234 598 5281 xxxv,
621 5219 674 5272 5.

1784 5355 1976 5412 potest.

1784 5481 1799 5490 _
1847 5417 1962 5490 3202
2019 5413 2291 5490 Uouobq
2336 5411 2780 5490 ᾀναγεγφάξίΙαι.
2828 5409 3159 5490 legendum
3205 5406 3325 5490 πολ-

1783 5477 1905 5552 λοῦς
1938 5484 2004 5535 ἂν
2025 5477 2535 5552 ὰναγεγράφθαι,νυι“
2555 5477 2750 5548 optime
2775 5480 3045 5530 adnowvit
3072 5477 3322 5528 Bcherel-

1773 5551 1960 5741 in)???
1998 5620 2164 5675 Codd.
2207 5620 2400 5689 Regius
2445 5629 2499 5675 et
2545 5616 2885 5679 Basileensis,
2932 5611 3175 5680 γενέσθαι
3220 5624 3318 5678 pro

1806 5705 1828 5739 ε
1893 5708 1923 5741 ‘l
1960 5707 2036 5741 αι.

1806 5705 2036 5759 εΑεχυαι.

206 5353 323 5427 (174)
371 5349 771 5427 Προσήχθητε.
968 5350 1127 5414 nanlo
1193 5352 1310 5412 post
1359 5347 1679 5427 -πρρσῄχθτμ

148 5411 241 5498 μεξο
298 5411 496 5474 habent
550 5411 739 5494 oi'nn‘es
770 5416 934 5500 Icodd‘.
976 5411 1142 5500 mss.)
1171 5411 1674 5500 “excepto—loliario.

143 5482 228 5565 ἱμεὶ
275 5505 400 5545 cum
451 5484 730 5555 impressis
770 5483 964 5547 habet,
993 5483 1299 5553 προήχθητε
1328 5494 1378 5535 et
1405 5482 1676 5553 προήχθη-

143 5580 321 5702 8)
355 5629 424 5702 Et
455 5627 571 5680 καί.
601 5621 902 5702 Legendum
924 5619 1133 5702 videtur
1159 5619 1294 5702 ἐπεί.

204 5688 317 5770 (195
361 5688 924 5770 Πραγμτεᾷόμενοι.
959 5689 1104 5770 _Sun.t
1142 5691 1227 5770 qui
1255 5688 1544 5770 legendum
1582 5702 1671 5762 pus

145 5757 246 5825 lant
281 5757 832 5839 πραγματευομένοις,
879 5760 973 5816 sed
1007 5757 1216 5825 vulgata
1255 5757 1408 5811 lectio
1449 5757 1666 5812 retineri
