4076 6310
702 392 808 450 δτι

2166 371 2483 429 ()RIGENIS

3865 375 3935 428 7G

772 506 860 559 50.
901 505 978 558 Ac
1012 499 1210 556 Paulus
1239 498 1456 568 quidem
1491 511 1544 549 in
1583 492 1816 548 secunda
1849 505 1943 546 sua
1980 490 2046 543 ad
2077 487 2253 542 Thes-
2281 537 2287 547 ,

2423 485 2532 537 Καὶ
2603 481 2808 544 Παῦλος
2825 483 2867 534 δ’
2896 482 2951 534 ἐν
2977 484 3039 552 τῇ
3065 480 3196 552 πρὸς
3211 481 3615 545 Θεσσαλονικεῖς
3651 483 3938 555 Ἐπιστολῇ

700 596 1065 652 salonicenses
1095 591 1333 660 Epistola
1366 587 1608 642 declarat
1634 584 1904 653 quomodo
1940 579 2261 635 revelandus

703 689 777 741 sit
807 705 824 738 ι
858 687 1018 739 homo
1047 681 1279 752 peccati,
1305 680 1446 732 ﬁlius
1474 674 1792 746 perditionis
1824 673 1913 739 qui
1945 673 2262 725 adversatur

705 784 757 829 ri
793 773 1069 828 extollitur
1105 784 1266 838 supra
1311 782 1469 820 omne
1512 765 1656 834 quod
1705 762 1905 817 dicitur
1949 762 2124 821 Deus,
2172 766 2262 810 aut

705 867 849 934 quod
882 865 1100 927 colitur,
1133 863 1205 916 ita
1234 868 1291 913 ut
1325 859 1378 910 in
1413 855 1611 925 templo
1640 854 1732 907 Dei
1761 853 1947 907 sedeat
1971 849 2264 903 ostendens

706 973 763 1012 sc
816 965 1072 1024 tanquam
1123 954 1195 1006 sit
1239 953 1382 1005 Deus
1417 948 1462 978 "
1491 963 1505 1010 ;
1538 964 1555 995 ›
1587 956 1886 1010 rursusque
1917 937 2265 993 Thessaloni-

708 1049 960 1105 censibus
1008 1044 1139 1099 dicit
1171 1061 1182 1095 :
1215 1061 1233 1093 ι
1269 1041 1334 1094 Ει
1377 1053 1520 1092 nunc
1553 1035 1683 1104 quid
1717 1034 1958 1087 detineat
1990 1030 2142 1084 scitis
2166 1067 2180 1091 ,
2205 1035 2265 1078 ut

707 1138 975 1192 reveletur
1023 1136 1076 1187 in
1131 1148 1231 1188 suo
1285 1141 1545 1198 tempore.
1603 1125 1736 1178 Nam
1792 1121 2104 1192 mysterium
2154 1119 2265 1186 jam

706 1236 966 1298 operatur
998 1222 1333 1291 iniquitatis,
1375 1229 1583 1272 tantum
1633 1215 1725 1283 qui
1774 1221 1918 1266 tenet
1961 1223 2142 1272 nunc,
2191 1216 2267 1260 tc-

708 1329 833 1373 neat
855 1358 869 1382 ,
901 1319 1071 1370 donec
1105 1314 1169 1367 de
1201 1312 1380 1365 medio
1413 1311 1525 1362 ﬁat.
1559 1307 1624 1360 Et
1661 1315 1787 1358 tunc
1819 1302 2148 1356 revelabitur
2181 1298 2266 1351 ille

711 1409 926 1478 iniquus
949 1448 965 1472 ,
997 1420 1154 1475 quem
1185 1403 1446 1458 Dominus
1479 1397 1770 1452 interiicict
1797 1395 1990 1462 spiritu
2019 1392 2128 1445 oris
2153 1389 2267 1453 sui,

708 1510 762 1553 et
808 1502 1050 1553 destruet
1093 1493 1460 1549 illustratione
1491 1489 1757 1541 adventus
1804 1485 1884 1537 sui
1919 1496 2078 1544 eum,
2114 1478 2268 1546 cuius

709 1601 795 1648 est
817 1593 1074 1644 adventus
1095 1585 1389 1640 secundum
1409 1579 1782 1648 Operationem
1807 1573 2023 1627 Satanae
2043 1572 2095 1624 in
2122 1569 2265 1623 omni

711 1685 910 1737 virtute
937 1691 991 1734 et
1017 1677 1186 1746 signis
1212 1683 1264 1728 et
1286 1671 1546 1740 prodigiis
1575 1665 2015 1724 mendacibus,et
2042 1661 2094 1714 in
2124 1659 2269 1712 omni

711 1772 1031 1829 seductione
1052 1763 1357 1834 iniquitatis
1388 1763 1454 1815 iis
1480 1760 1570 1828 qui
1600 1753 1912 1826 pereunt”.
1941 1769 1960 1800 ›
1980 1749 2102 1802 Mox
2124 1747 2270 1800 addit

711 1876 930 1917 causam
956 1875 1052 1914 cur
1081 1857 1298 1923 iniquus
1323 1852 1413 1905 illc
1443 1852 1496 1904 in
1521 1849 1630 1901 vita
1661 1843 1866 1898 versari
1893 1840 2266 1909 permittatur:

710 1956 872 2030 425
921 1973 937 2006 ι
977 1951 1055 2005 Eo
1083 1949 1222 2017 quod
1261 1946 1578 2000 c‘haritatein
1634 1937 1881 1991 veritatis
1915 1948 2018 1986 non
2057 1943 2273 1996 recepe-

716 2022 860 2110 r-unt,
893 2053 950 2097 ut
974 2041 1104 2096 salvi
1135 2039 1346 2091 ﬁerent.
1387 2034 1511 2086 Ideo
1558 2030 1724 2082 mittit
1774 2023 1875 2077 illis
1907 2022 2276 2096 Deuslopera-

718 2142 914 2193 tionem
945 2133 1174 2193 erroris,
1213 2139 1272 2182 ut
1301 2127 1530 2180 credant
1555 2118 1854 2179 mendacio,
1889 2123 1947 2166 ut
1973 2110 2274 2177 iudicentur

713 2243 902 2283 omnes
935 2226 1024 2294 qui
1052 2237 1156 2276 non
1188 2217 1541 2272 crediderunt
1571 2207 1813 2270 veritati,
1865 2203 1957 2258 sed
1986 2211 2264 2255 consense-

720 2328 844 2373 runt
879 2311 1244 2384 iniquitati“.
1283 2327 1302 2359 ι
1337 2307 1493 2360 Dicat
1538 2314 1680 2354 nunc
1728 2294 1942 2363 aliquis,
1976 2307 2042 2344 an
2079 2290 2130 2342 in
2163 2287 2280 2339 istis

717 2377 988 2478 Evangelii
1042 2415 1095 2459 et
1154 2398 1382 2468 apostoli
1446 2390 1770 2447 testimoniis
1826 2385 2127 2455 quidquam
2188 2377 2277 2438 sit,

718 2471 1022 2574 quod'dare
1055 2499 1227 2548 locum
1275 2488 1439 2559 possit
1477 2479 1807 2558 suspicandi
1830 2471 2279 2546 praestigiatorum

718 2555 864 2647 xii-fies
905 2587 1013 2643 illic
1044 2584 1211 2636 fuisse
1260 2555 1564 2646 pradicas.
1621 2573 1694 2624 De
1729 2555 2067 2622 Antichristo
2097 2555 2284 2613 Daniel

719 2694 933 2754 quoque
964 2674 1129 2732 edidit
1155 2669 1464 2724 vaticinium
1508 2664 1579 2727 ⁸³,
1607 2659 1748 2728 quod
1801 2658 1938 2723 legat
1970 2652 2062 2720 qui
2101 2649 2286 2702 volueo

721 2739 814 2831 in.
847 2739 918 2828 λι
937 2767 1098 2823 verba
1122 2763 1248 2817 Jesu
1278 2763 1538 2825 depravat
1569 2750 1778 2805 Celsus.
1808 2744 1991 2811 Neque
2016 2741 2156 2794 enim
2198 2739 2287 2792 ille

723 2829 859 2917 dixit
893 2868 1149 2925 unquam,
1198 2847 1340 2916 quod
1389 2844 1454 2896 ah
1507 2839 1600 2893 illo
1654 2837 1855 2890 dictum
1913 2844 2032 2884 esse
2059 2829 2289 2882 aﬂirmat

722 2951 932 3012 Celsus,
965 2954 1226 2999 venturos
1253 2935 1345 3006 qui
1375 2931 1562 2987 eadem
1592 2927 1830 2980 facerent
1852 2919 2133 2982 miracula,
2166 2919 2290 2973 licet

724 3008 954 3110 improbi
1017 3046 1071 3092 et
1140 3025 1578 3102 praestigiatores.
1648 3017 1783 3070 Nam
1833 3008 2288 3082 quemadmodum

2361 572 2582 642 δευτέρᾳ
2611 571 2962 638 ἀποφαίνεται
3019 570 3139 624 τίνα
3190 571 3386 636 τρόπον
3429 571 3942 642 ἀποκαλυφθήσεταί

2363 680 2490 714 ποτε
2519 675 2536 707 ι
2566 665 2592 714 6
2620 661 2897 730 ἄνθρωπος
2929 661 3278 730 τῆςάνομίας
3300 655 3431 729 (5‘2),
3463 662 3491 711 6
3521 662 3632 723 υἰὺς
3664 662 3764 729 τῆς
3786 664 3944 714 ἀπω-

2364 751 2528 814 λείας,
2572 753 2600 802 ὁ
2631 751 2993 817 ἀντικείμενος
3029 751 3122 801 καὶ
3156 750 3580 819 ὑπεραιρόμενος
3620 752 3712 802 ἐπί
3760 753 3944 803 πάντα

2361 841 2644 909 λεγόμενον
2685 839 2814 891 Θεὸν
2840 840 2875 909 ἦ
2913 839 3176 907 σέϐασμα,
3212 839 3336 890 ὥστ’
3377 839 3536 890 αὐτὸν
3566 842 3641 900 εἰς
3681 840 3772 891 τὸν
3807 843 3946 893 ναὸν

2364 930 2453 982 τοῦ
2471 930 2601 982 Θεοῦ
2621 931 2856 991 καθῖσαι,
2872 929 3285 981 ἀποδεικνύοντα
3303 930 3488 982 ἑαυτὸν
3517 932 3596 981 ὅτι
3613 932 3727 983 ἐστί
3743 932 3902 995 Θεὸς.
3922 953 3941 981 ι

2365 1027 2472 1078 Καὶ
2495 1025 2652 1077 πάλιν
2673 1025 2803 1094 φησί
2821 1026 2927 1085 τοῖς
2953 1021 3414 1078 Θεσσαλονικεῦσι·
3438 1041 3456 1071 ι
3486 1022 3594 1074 Καὶ
3617 1022 3709 1074 νῦν
3729 1023 3790 1074 τὸ
3814 1041 3949 1075 κατ-

2367 1117 2484 1185 έχον
2514 1116 2686 1167 οἴδατε
2715 1116 2793 1175 είς
2818 1113 2879 1164 τὸ
2910 1111 3352 1180 ἀποκαλυφθῆναι
3386 1111 3544 1163 αὑτὸν
3581 1114 3638 1162 ἐν
3662 1112 3736 1180 τῷ
3769 1113 3946 1164 αὑτοῦ

2367 1204 2559 1274 καιρῷ.
2579 1204 2650 1255 Τὸ
2668 1204 2775 1273 γαρ
2803 1202 3093 1272 μυστήριον
3121 1200 3219 1268 ήδη
3247 1201 3543 1268 ἐνεργεῖται
3567 1201 3664 1269 τῆς
3687 1201 3945 1269 ἀνομίαςο

2372 1296 2528 1366 μόνον
2549 1296 2576 1346 ὁ
2599 1293 2839 1362 κατέχων
2866 1291 2986 1361 ἀρτι
3016 1290 3120 1351 ἕως
3145 1291 3206 1340 ἐκ
3234 1289 3394 1357 μέσου
3419 1289 3663 1358 γένηται.
3683 1289 3790 1340 Καὶ
3818 1289 3947 1340 τότε

2369 1382 2874 1451 ἀποκαλυφθήσεται
2907 1382 2933 1432 ὁ
2965 1381 3178 1448 ἄνομος,
3209 1377 3269 1428 ὃν
3299 1377 3500 1445 Κύριος
3538 1379 3566 1428 6
3590 1377 3719 1437 Θεὸς
3762 1377 3951 1428 ἀνελεῖ

2369 1476 2444 1546 τῷ
2466 1476 2572 1545 (35)
2590 1471 2855 1541 πνεύματι
2875 1469 2967 1520 τοῦ
2999 1469 3259 1537 στόματος
3283 1465 3467 1529 αὐτοῦ,
3492 1466 3584 1518 καὶ
3606 1467 3947 1536 καταργήσει

2370 1571 2433 1637 τῇ
2455 1564 2740 1633 ἐπιφανείᾳ
2754 1562 2848 1632 τῆς
2865 1558 3162 1630 παρουσίας
3180 1557 3361 1611 αύτοῦτ
3381 1550 3440 1608 οἶδ
3461 1558 3647 1624 ἐστινὴ
3671 1559 3949 1626 παρουσία

2371 1659 2487 1710 κατ’
2513 1656 2784 1725 ἐνέργειαν
2816 1651 2906 1703 τοῦ
2931 1651 3141 1701 Σατανᾶ
3180 1651 3235 1699 ἐν
3274 1649 3422 1717 πάσῃ
3448 1647 3686 1714 δυνάμει,
3724 1647 3821 1697 καὶ
3848 1663 3949 1713 ση-

2375 1746 2564 1816 μείοις,
2601 1743 2692 1795 καὶ
2722 1741 2911 1809 τέρασι
2943 1738 3189 1806 ψεύδους,
3223 1738 3314 1787 καὶ
3345 1738 3401 1788 ἐν
3430 1734 3576 1806 πάσῃ
3606 1734 3784 1802 ἀπάτῃ
3825 1733 3945 1784 ἀδι-

2372 1835 2491 1896 κίας
2512 1835 2567 1884 ἐν
2588 1835 2696 1892 τοῖς
2721 1827 3123 1896 ἀπολλυμένοις.
3140 1845 3155 1874 ι
3179 1823 3550 1892 Ἑκτιθέμενος
3569 1822 3622 1873 δὲ
3646 1823 3740 1873 καὶ
3754 1821 3851 1890 τὴν
3871 1823 3956 1872 αἰ·

2373 1927 2488 1976 τίαν
2514 1922 2605 1974 τοῦ
2627 1916 3009 1989 ἐπιτρέπεσθαι
3041 1916 3130 1966 τὸν
3165 1915 3362 1982 ἄνομον
3397 1913 3680 1981 ἐπιδημεῖν
3707 1911 3782 1979 τῷ
3822 1911 3940 1978 βίῳ,

2375 2015 2564 2084 φησίν·
2614 2032 2630 2062 ι
2689 2009 2829 2061 ’Λνθ’
2866 2003 2939 2059 ῶν
2993 2006 3089 2074 τὴν
3145 2003 3362 2070 ἀγάπην
3409 2001 3508 2068 τῆς
3551 1999 3800 2067 ἀληθείας
3842 2000 3937 2050 οὐκ

2376 2105 2622 2168 ἐδέξαντο
2654 2103 2731 2162 είς
2759 2099 2817 2150 τὸ
2849 2096 3081 2164 σωθῆναι
3122 2092 3332 2152 αὐτούς.
3367 2091 3474 2141 Καὶ
3506 2088 3592 2140 διὰ
3621 2089 3769 2139 τοῦτο
3800 2088 3936 2156 πέμ-

2379 2212 2468 2245 πει
2496 2193 2602 2258 (54)
2634 2191 2814 2249 αὐτοῖς
2861 2189 2887 2239 ὁ
2921 2185 3049 2245 Θεὸς
3099 2183 3374 2250 ἐνέργειαν
3419 2177 3625 2247 πλάνης
3665 2179 3738 2238 εἰς
3766 2177 3825 2228 τὸ
3859 2193 3938 2226 πι-

2383 2284 2603 2336 στεῦσαι
2637 2280 2830 2339 αὐτοὺς
2872 2275 2949 2344 τῷ
2980 2273 3181 2341 ψεύδει,
3218 2272 3302 2321 ἵνα
3349 2268 3606 2338 κριθῶσιν
3641 2268 3873 2328 ἅπαντες
3899 2267 3946 2318 οἱ

2387 2376 2458 2445 μὴ
2493 2371 2875 2429 πιστεύσαντες
2906 2369 2972 2435 τῇ
3025 2363 3270 2432 ἀληθεία,
3302 2361 3417 2412 ἀλλ’
3464 2359 3860 2427 εὐδοκήσαντες
3897 2358 3952 2407 ἐν

2383 2469 2452 2534 τῇ
2479 2462 2682 2530 ἀδικίᾳ,
2724 2479 2741 2509 ι
2781 2457 2996 2524 Δεγέτω
3021 2472 3104 2516 τις
3132 2450 3223 2506 οὖν
3246 2455 3396 2521 ἡμῖν,
3434 2453 3480 2502 εἰ
3506 2449 3728 2501 δύναταί
3769 2465 3825 2499 τι
3853 2447 3952 2497 τῶν

2385 2557 2440 2607 ἐν
2485 2554 2562 2623 τῷ
2596 2549 2911 2617 Εύαγγελίῳ
2940 2547 2973 2615 ἢ
3003 2545 3109 2596 τῶν
3159 2543 3305 2614 παρὰ
3347 2541 3426 2610 τῷ
3462 2540 3744 2609 ἀποστὸλῳ
3777 2537 3947 2608 χώραν

2387 2645 2640 2716 παρέχειν
2683 2638 2934 2698 ὑπονοίας
2975 2634 3224 2703 γοητείας
3261 2629 3768 2702 προαγορευομένης
3818 2626 3942 2678 κατά

2386 2715 2476 2788 τὸν
2503 2736 2683 2786 τόπον.
2724 2729 2996 2798 Παρέσται
3034 2726 3089 2778 δὲ
3141 2725 3216 2793 τῷ
3251 2721 3551 2791 βουλομένῳ
3587 2720 3682 2771 καὶ
3729 2718 3838 2770 ἀπὸ
3863 2715 3947 2767 τοῦ

2388 2826 2580 2895 Δανιὴλ
2620 2820 2867 2874 ἐκλαὸεῖν
2899 2819 2996 2887 τὴν
3032 2814 3156 2884 περὶ
3199 2811 3293 2864 τοῦ
3339 2811 3711 2879 Ἀντιχρίστου
3748 2822 3955 2877 προφη-

2388 2918 2553 2970 τείαν.
2585 2910 2992 2979 Καταψεύδεται
3033 2905 3088 2956 δὲ
3134 2903 3241 2955 τῶν
3265 2901 3435 2968 λόγων
3477 2896 3672 2968 Ἰησοῦ,
3710 2896 3851 2958 ἐπεὶ,
3886 2894 3958 2964 μὴ

2391 3005 2630 3066 εἰπόντος
2674 2999 2859 3061 αὑτοῦ,
2906 2997 3038 3049 διότι
3076 2992 3400 3063 παρέσονται
3447 2988 3622 3058 ἕτεροι
3669 2983 3716 3038 8-.
3745 2984 3958 3055 θάμεσιν

724 3077 954 3098 unum...
1017 3077 1071 3092 ν.
1160 3077 1355 3095 ..η-ηρ
1851 3077 1869 3082 _

724 3077 1104 3202 Egyptiorum
1140 3077 1542 3176 incantatorum
1597 3123 1696 3180 par
1741 3120 1848 3159 non
1879 3111 1999 3156 erat
2051 3106 2287 3166 potestas

2390 3097 2601 3166 ὁμοίαις
2650 3090 2940 3162 χρώμενοι,
2991 3085 3150 3137 κακοὶ
3191 3082 3283 3133 καί
3335 3080 3546 3149 γόητες,
3592 3077 3750 3138 αὐτός
3796 3091 3960 3144 φησιν

2437 3188 2448 3202 ο
2495 3187 2508 3202 ε
2585 3181 2848 3202 ,.,,,_.1_._.-
2884 3179 2940 3202 _x
2976 3174 3211 3202 _-.-.‘.-m.
3269 3172 3356 3202 'ﬂ—
3387 3169 3494 3202 νλιη
3541 3168 3639 3202 ηήι
3681 3166 3838 3202 Annia
3871 3163 3960 3202 εὖ-

731 3195 976 3281 miiilicaa
1008 3215 1104 3281 illi,
1133 3227 1250 3282 qua:
1277 3211 1328 3263 in
1364 3207 1545 3276 Moyse
1576 3208 1712 3266 erat,
1748 3195 1969 3267 gratiae;
2016 3201 2071 3246 et
2100 3202 2289 3243 corum

733 3325 898 3381 opera
937 3320 1117 3362 meras
1143 3314 1263 3355 esse
1297 3293 1622 3366 praestigias,
1648 3303 1765 3358 quae
1804 3300 1932 3338 vero
1965 3281 2177 3350 Moyses
2210 3277 2291 3330 fe-

735 3405 836 3466 cit,
892 3415 922 3454 a
973 3395 1155 3451 divina
1203 3392 1404 3443 virtute
1456 3382 1726 3452 proﬁcisci
1779 3373 2147 3444 comprobavit
2179 3370 2294 3424 exi-

737 3506 824 3547 ως,
851 3489 936 3552 θ³;
968 3487 1041 3538 ita
1070 3495 1190 3549 quae
1225 3477 1360 3529 mira
1393 3473 1598 3525 faciunt
1626 3465 1952 3530 antichristi,
2005 3463 2149 3530 iique
2197 3459 2292 3527 qui

736 3601 792 3640 se.
823 3575 1100 3650 patrandis
1145 3565 1419 3623 miraculis
1461 3574 1618 3629 pares
1663 3558 1788 3612 Jcsu
1843 3552 2123 3621 discipulis
2175 3561 2296 3603 esse

736 3639 1048 3729 venditant,
1075 3665 1376 3713 vocantun
1417 3653 1571 3718 signa
1602 3656 1654 3700 et
1686 3643 1929 3714 prodigia
1959 3639 2291 3698 mendacia»

739 3775 857 3830 quae
893 3777 911 3809 ι
952 3758 1005 3810 in
1033 3749 1178 3807 omni
1207 3746 1520 3800 seductione
1561 3733 1863 3803 iniquitatis
1901 3751 1921 3783 ι
1953 3731 2058 3782 vim
2098 3727 2298 3780 habent

744 3868 766 3902 ι
805 3850 858 3902 in
891 3859 985 3900 eos
1014 3841 1104 3911 qui
1129 3844 1444 3907 pereunt,»
1476 3828 1857 3885 miraculorum
1890 3831 2068 3874 autem
2103 3815 2300 3871 Christi

741 3950 799 3993 et
823 3939 939 4006 ejus
971 3904 1354 3998 discipulorum
1381 3924 1591 3977 fructus
1617 3926 1720 3982 est,
1763 3929 1872 3970 non
1911 3908 2178 3977 deceptio,
2207 3904 2303 3958 sed

745 4033 1048 4086 animarum
1097 4021 1262 4076 salus.
1341 4014 1472 4080 Quis
1532 4014 1675 4067 enim
1713 4006 1925 4064 dixerit
1992 3999 2304 4069 deceptione

744 4117 905 4178 eiiici,
928 4122 986 4167 ut
1016 4106 1333 4165 emendetur
1364 4101 1473 4156 vita
1516 4110 1570 4155 et
1615 4099 1816 4154 malitia
1851 4091 2095 4163 quotidie
2133 4086 2305 4156 magis

747 4224 812 4264 ac
838 4203 1009 4273 magis
1039 4201 1308 4255 minuatur
1328 4195 1351 4232 τ

823 4392 914 4445 51.
953 4381 1214 4441 Nonnihil
1245 4379 1298 4431 in
1349 4373 1627 4440 Scriptura
1672 4366 1891 4420 videbat
1940 4363 2146 4427 Celsus,
2183 4374 2306 4414 cum

753 4475 1095 4534 dixitJesnm
1137 4461 1524 4538 prrcmonuisse
1572 4458 1704 4518 fore,
1752 4472 1770 4504 ι
1830 4463 1888 4505 ut
1912 4451 2138 4504 Satanas
2186 4448 2307 4514 qni-

755 4571 879 4623 dam
913 4563 1153 4635 prodigia
1209 4558 1430 4612 faceret.
1482 4571 1500 4604 ι
1557 4548 1660 4602 Sed
1695 4546 1822 4599 hinc
1863 4541 2026 4595 nimis
2082 4551 2308 4606 propere

757 4627 964 4727 colligit
1010 4673 1029 4705 ι
1072 4627 1176 4707 hoc
1219 4663 1339 4704 esse
1392 4643 1572 4704 fateri,
1623 4637 1863 4708 prodigia
1896 4634 2010 4685 hare
2042 4628 2171 4681 nihil
2219 4627 2314 4679 ha-

757 4751 889 4803 bere
934 4742 1256 4804 divinitatis,
1291 4738 1384 4794 sed
1431 4748 1551 4789 esse
1599 4729 1984 4784 sceleratorum
2035 4717 2309 4772 hominum

757 4854 945 4909 opera.
984 4856 1006 4888 ι
1048 4837 1143 4888 Sic
1191 4833 1377 4887 eodem
1434 4839 1630 4897 genere
1678 4815 1965 4877 concludit,
2023 4825 2141 4879 qua:
2188 4814 2313 4862 sunt

761 4930 974 4998 generis
1008 4927 1165 4994 longe
1220 4921 1442 4975 diversi.
1481 4917 1633 4970 Sicut
1672 4911 1814 4966 cnim
1861 4907 2018 4974 lupus
2056 4908 2109 4954 et
2140 4897 2312 4959 canis,

763 5018 1035 5084 palumbes
1072 5024 1128 5088 et
1177 5006 1449 5071 columba,
1483 5021 1589 5059 non
1636 5002 1872 5071 ejusdem
1925 4999 2050 5048 sunt
2082 4988 2314 5058 generis,

766 5108 980 5161 tametsi
1013 5085 1206 5175 corpus
1239 5111 1294 5158 et
1327 5116 1428 5155 vox
1467 5095 1711 5152 nonnihil
1743 5089 1917 5148 simile
1949 5083 2202 5155 praeferre
2238 5077 2318 5131 vi-

851 5217 897 5247 "’
933 5214 978 5267 ll
998 5211 1185 5268 Theés.
1213 5228 1273 5276 ιι,
1301 5211 1354 5263 5.
1430 5207 1474 5239 ⁸⁸
1503 5204 1638 5258 lbid.
1673 5201 1704 5255 6
1733 5213 1885 5266 seqq.
1916 5197 1959 5227 ⁸*
1997 5191 2136 5245 lbid.
2164 5186 2254 5252 10,
2289 5183 2376 5236 ll.

841 5347 1374 5420 (52)A0mr_ics_mss.,
1421 5338 1663 5409 ἀνομίας.
1715 5335 2016 5420 δρειιεετξιε
2051 5327 2104 5380 in
2153 5331 2321 5420 tgxt‘u,

770 5393 1059 5494 ἁμαρτίας.
1089 5413 1252 5494 Paulo
1276 5393 1393 5494 post
1433 5393 1808 5494 unintes;ms§.,
1844 5399 2128 5494 λεγόμενον
2173 5393 2322 5494 Θερν.

765 5463 1151 5546 ἰῗιῖιὶἱὶἒὶιέί,
1176 5463 1463 5549 λεγὸμενον
1492 5470 1896 5549 ἢΘεόνᾎΡιιυΙο
1926 5463 2073 5540 inl‘ra~
2089 5466 2139 5514 in
2167 5463 2323 5514 codd.

769 5559 936 5624 Regio
960 5567 1013 5608 et
1039 5531 1330 5624 Basili-censi.
1359 5531 1651 5624 όουειίτοῐς
1687 5531 2152 5624 Θεθσσαλονικεῦρσι.

1798 5607 1895 5672 τῷ,
1925 5613 2026 5657 etc.
2062 5601 2287 5700 Sicqrcct

2425 5590 2740 5657 marginem,
2767 5600 2907 5655 προσ.

2495 5656 2606 5700 (ΞΞΧ
2627 5656 2797 5700 Cuilil-
2841 5654 2907 5700 Rc

1152 5665 1215 5741 ei
1252 5665 1604 5738 llwscheliiis.
1655 5665 2108 5746 Perperamvero
2159 5665 2330 5746 Spen-

1271 5737 1447 5821 liabet,
1498 5750 1554 5802 ὃν
1601 5737 1800 5819 Κύριός
1857 5741 2156 5814 ἀναλώσει,
2207 5737 2329 5788 ἁνε-

773 5710 958 5754 omnes
986 5706 1114 5747 mss.

2392 3163 2551 3240 αύτὸν
2577 3181 2852 3253 εἰρηκέναι
2883 3179 2944 3229 τὸ
2975 3174 3232 3226 τοιοῦτον.
3269 3172 3356 3230 Ὡς
3387 3169 3494 3238 γάρ
3541 3168 3640 3235 οὺχ
3681 3166 3843 3235 ὁμοία
3871 3163 3960 3214 δύ-

2390 3292 2552 3346 ναμις
2607 3250 2776 3342 ﬁes”
2830 3270 2884 3318 ἐν
2925 3264 3181 3332 Αἰγύπτῳ
3236 3258 3455 3328 ἐπῳδῶν
3505 3256 3618 3325 (55)
3667 3257 3731 3323 τῇ
3786 3255 3845 3304 ἐν
3889 3250 3964 3317 τῷ

2392 3341 2598 3434 Μωῦσῇ
2631 3341 2914 3432 παραδόξῳ
2939 3355 3152 3424 χάριτι·
3197 3349 3330 3402 ἀλλά
3358 3348 3419 3398 τὺ
3449 3346 3599 3406 τέλος
3626 3344 3874 3412 διήλεγχε
3899 3341 3962 3392 τά

2397 3459 2494 3530 μὲν
2555 3455 2660 3506 τῶν
2703 3446 3015 3516 Αἰγυπτίων
3062 3445 3189 3496 ὄντα
3240 3439 3592 3512 μαγγανείας,
3647 3434 3713 3485 τά
3749 3433 3809 3484 δὲ
3874 3432 3962 3484 τοῦ

2378 3544 2652 3605 Μωῦσέως
2677 3539 2823 3591 θεῖα·
2855 3535 3028 3613 οῦτως
3065 3534 3131 3586 τὰ
3181 3532 3277 3602 μὲν
3309 3529 3418 3581 τῶν
3448 3523 3828 3594 ἀντιχρίστων,
3877 3523 3964 3572 καὶ

2396 3638 2501 3691 τῶν
2535 3628 3009 3705 προσποιουμένων
3049 3624 3304 3692 δυνάμεις
3349 3621 3425 3681 ὡς
3475 3613 3722 3687 μαθητῶν
3764 3611 3959 3682 Ἰησοῦ,

2406 3746 2424 3776 ι
2459 3727 2658 3794 σημεῖα
2699 3723 2791 3773 καὶ
2844 3722 3044 3790 τέρατα
3085 3735 3102 3765 ι
3135 3713 3350 3779 λέγεται
3384 3705 3520 3760 εἶναι
3558 3725 3575 3756 ι
3626 3702 3880 3774 ψεύδους,
3913 3702 3961 3752 ἐν

2402 3797 2548 3883 πάση
2571 3813 2752 3880 ἀπάτῃ
2781 3809 2993 3868 ἀδικίας
3009 3808 3118 3865 τοῖς
3147 3798 3539 3866 ἀπολλυμένοις
3560 3793 3834 3862 ἰσχύοντα·
3863 3811 3880 3841 ι
3905 3792 3965 3842 τά

2401 3907 2457 3957 δὲ
2503 3904 2596 3955 τοῦ
2641 3899 2876 3972 Χριστοῦ
2931 3898 3023 3949 καὶ
3080 3894 3185 3946 τῶν
3234 3887 3486 3960 μαθητῶν
3542 3883 3710 3936 αὐτοῦ
3761 3882 3966 3950 καρπὸν

2404 3997 2558 4066 ἔσχεν
2604 3971 2704 4044 οὐκ
2735 3993 2968 4056 ἀπάτην,
3021 3984 3158 4038 ἀλλά
3191 3981 3456 4050 σωτηρίαν
3488 3974 3697 4044 ψυχῶν.
3729 3974 3821 4034 Τίς
3857 3971 3960 4039 γάρ

2405 4085 2495 4137 τὸν
2528 4083 2810 4153 κρείττονα
2845 4079 2977 4147 βίον,
3014 4075 3106 4126 καὶ
3148 4069 3497 4123 συστέλλοντα
3531 4063 3601 4117 τὰ
3644 4063 3743 4130 τῆς
3779 4061 3962 4121 κακίας

2405 4148 2672 4244 ὁσημέραι
2702 4169 2791 4220 ἐπί¹
2826 4166 2883 4218 τὸ
2905 4155 3140 4224 ἔλαττον,
3169 4159 3401 4224 εὐλόγως
3436 4152 3597 4224 φησὶν
3635 4149 3737 4204 ἀπὸ
3755 4148 3968 4214 ἀπάτης

2407 4262 2649 4332 γίνεσθαι
2673 4276 2687 4323 ;

2491 4351 2763 4406 ’Υπείδετο
2795 4346 2850 4399 δέ
2883 4347 2912 4396 ὁ
2943 4343 3147 4402 Κέλσος
3172 4337 3231 4390 τὸ
3261 4335 3367 4389 ἀπὸ
3399 4333 3499 4402 τῆς
3543 4327 3783 4402 Γραῳῆς,
3815 4325 3966 4391 ποιή-

2340 4437 2382 4491 Ῑ)
2414 4462 2510 4506 σας
2537 4444 2627 4495 τὸν
2663 4436 2864 4508 Ἰησοῦν
2899 4432 3193 4504 εἰρηκέναι,
3230 4447 3246 4477 ι
3273 4424 3606 4483 ὅτιΣατανᾶς
3634 4437 3716 4480 τις
3753 4414 3961 4468 τοιαῦτα

2415 4504 2951 4605 παραμηχανήσεται.
2999 4543 3031 4582 γ»
3101 4519 3257 4573 Ἀλλά
3317 4517 3411 4568 καὶ
3484 4507 3822 4581 συναρπάζει
3883 4504 3961 4553 τὸν

2415 4593 2590 4691 λόγον’,
2630 4593 2871 4688 ’ξοάσκων
2929 4634 2946 4664 ‹
2995 4613 3088 4682 «μὴ
3135 4611 3354 4677 ἔξαρνον
3415 4601 3552 4657 εἶναι
3605 4602 3698 4653 τὸν
3746 4593 3960 4665 Ἰησοῦν.

2417 4715 2491 4776 ὡς
2535 4711 2701 4763 ταῦτα
2728 4707 2876 4760 οὐδὲν
2921 4705 3059 4754 θεῖον
3083 4701 3214 4769 ἔχει,
3252 4695 3385 4749 ἀλλά
3419 4691 3669 4762 πονηρῶν
3699 4691 3844 4741 ἐστιν
3885 4683 3964 4752 ἕρ-

2417 4817 2520 4869 γα-
2567 4818 2584 4848 ›
2618 4794 2850 4866 ὁμογενῆ
2875 4793 2982 4860 γάρ
3013 4790 3151 4843 αύτά
3177 4787 3470 4856 πεποίηκεν
3522 4778 3806 4851 ἑτερογενῇ
3848 4790 3965 4839 τυγ-

2418 4863 2663 4960 χάνονταξ
2698 4885 2806 4936 Καὶ
2833 4883 3018 4950 ὥσπερ
3057 4879 3216 4939 λύκος
3255 4878 3375 4929 κυνὶ
3424 4876 3521 4943 οὐχ
3552 4869 3836 4940 ὁμογενὴς,
3873 4863 3967 4916 κᾶν

2419 4953 2548 5050 δοκῇ
2571 4979 2712 5047 ἐχειν
2741 4992 2793 5026 τι
2834 4970 3204 5042 παραπλήσιον
3235 4969 3290 5017 ἐν
3324 4965 3400 5033 τῷ
3442 4963 3536 5015 τοῦ
3576 4961 3820 5030 σώματος
3848 4953 3967 5022 σχή-

2428 5041 2554 5142 ματί
2705 5066 2770 5132 τῇ
2803 5063 2972 5129 φωνῇ,
3002 5057 3121 5108 οὐδὲ
3144 5054 3322 5119 φάσσα
3348 5053 3413 5119 τῇ
3445 5047 3769 5119 περιστερᾷ*
3805 5041 3966 5097 οὕτως

2450 5180 2494 5209 ⁸⁸
2523 5175 2656 5228 Dan.
2704 5176 2810 5237 vn,
2842 5168 2934 5221 26.
2965 5167 3010 5197 ⁸³
3040 5163 3204 5219 Exod.
3251 5177 3347 5224 vn,
3382 5157 3470 5210 1‘2.

2419 5314 2979 5452 ﬁgschelinus
3009 5378 3063 5423 et
3085 5381 3272 5452 omnes
3297 5379 3453 5446 mss.,
3484 5353 3963 5452 πέμπειὶξεςςςθέ

2414 5426 2537 5515 σιιὲ,
2835 5442 2998 5517 Infra“
3023 5440 3181 5517 cod-tl.
3227 5426 3896 5517 licginsVetulfasileensis,

2423 5501 2537 5573 τῶν
2565 5501 2620 5570 ἐν
2645 5501 2726 5585 ’τῷ
2757 5509 3076 5578 Ἀποστόλῳ.
3117 5507 3280 5591 Paulo
3311 5501 3455 5591 ipost
3497 5501 3630 5591 libb.
3655 5505 3859 5591 le-xcust
3901 5504 3928 5539 ε

2495 5566 2740 5657 ἶτςὲὲιεὶιῖ,
2767 5566 3272 5655 προαγορεύομένης
3300 5566 3437 5626 κατά
3461 5572 3552 5622 τὸν
3586 5566 3823 5640 τρόπον..
3932 5627 3941 5636 .

2495 5656 2797 5776 ξίξίἐὲρύύ.
2840 5654 3056 5722 Regius,
3089 5646 3410 5702 Busileensis
3442 5655 3496 5697 et
3533 5641 3639 5693 duo
3671 5630 3967 5701 Anglicani,

2427 5725 2708 5779 ἐπαοιδῶν.
