4100 6318
205 431 313 487 889

1426 436 1704 494 CONTRA
1737 441 2010 500 CELSUM
2036 444 2164 503 LIB.
2196 442 2260 500 ll.

3321 443 3431 502 8E0

206 543 344 613 πρὸς
370 543 514 613 ἡμᾶς
539 543 788 613 Γραφῶν,
829 545 885 598 ἐν
914 539 1001 608 αἶς
1025 548 1121 617 οὐχ
1149 547 1306 618 ὑμεῖς
1331 549 1499 618 μόνοι,
1526 551 1660 604 ἀλλά
1680 556 1766 606 καὶ

1871 572 1931 610 ea
1963 558 2229 612 credimus
2250 569 2372 611 esse
2399 554 2640 618 fabulas;
2665 569 2783 623 qute
2808 569 2938 609 vero
2956 553 3253 633 Scriptum
3273 556 3426 614 nubis

204 635 367 705 ἡμεῖς
385 635 767 704 σεμνυνόμεθα,
790 636 1037 707 οὐδαμῶς
1064 639 1262 708 μύθους
1279 636 1413 693 εἷναί
1444 660 1638 712 φαμεν.
1659 645 1774 696 Διό-

207 739 313 794 περ
335 725 557 787 καὶτοῖς
584 742 649 777 πε
659 725 710 796 pi.
737 728 845 779 τῶν
866 730 980 780 ἐκεῖ
991 730 1333 784 ἀναστάντων
1350 733 1412 784 ὲκ
1430 733 1635 803 νεκρῶν
1647 736 1774 805 γρά-

197 813 339 882 φασι
379 815 716 885 πιστεύομεν,
747 819 822 879 ὼς
853 818 926 889 μὴ
956 822 1392 891 τερατευομένοις
1413 840 1426 852 °
1459 825 1552 876 καὶ
1580 825 1655 894 τῷ
1684 828 1771 878 ἐν-

201 903 398 966 ταῦθα,
423 904 496 968 ὡς
523 908 613 958 καί
640 910 949 977 προειπόντι
971 913 1061 963 καὶ
1089 914 1511 982 προφητευθέντι
1533 917 1624 968 καὶ
1645 917 1772 968 ἀνα-

204 993 411 1046 στάντι.
436 995 618 1065 Τούτῳ
639 996 694 1047 δὲ
715 998 1139 1070 παραδοξότερον
1162 1001 1268 1070 (69)
1290 996 1441 1063 οὗτος
1469 1002 1533 1054 ἐκ
1561 1003 1765 1072 νεκρῶν

200 1083 440 1145 ἀναστὰς
481 1087 610 1154 παρ’
660 1087 916 1150 ἐκείνους,
967 1090 1048 1140 ὅτι
1080 1091 1318 1153 ἐκείνους
1351 1091 1446 1160 μὲν
1493 1092 1767 1161 προφῆται

200 1173 503 1245 ἀνέστησαν
554 1177 735 1239 Ἠλίας
785 1180 877 1231 καὶ
925 1180 1237 1244 Ἐλισσαῖος,
1285 1180 1470 1233 τοῦτον
1508 1179 1579 1233 δ”
1595 1183 1766 1246 οὐδεὶς

200 1263 312 1315 τῶν
351 1267 663 1335 προφητῶν,
694 1268 805 1321 ἀλλ’
831 1270 860 1320 6
887 1271 944 1322 ὲν
977 1274 1087 1333 τοῖς
1117 1273 1364 1341 οὐρανοῖς
1401 1273 1607 1342 Πατήρ.
1647 1273 1764 1324 Διό-

202 1370 312 1423 περ
344 1357 435 1407 καὶ
469 1355 689 1425 μείζονα
725 1359 1014 1429 εἰργάσατο
1047 1363 1079 1430 ἡ
1122 1362 1308 1415 τούτου
1337 1362 1630 1426 ἀνάστασις
1668 1365 1767 1434 τῆς

205 1445 426 1496 ἐκείνων
463 1447 827 1512 ἀναστάσεως.
865 1451 929 1503 Τί
966 1451 1072 1522 γὰρ
1109 1453 1420 1522 τηλικοῦτον
1457 1454 1534 1524 τῷ
1578 1455 1764 1524 κόσμῳ

205 1536 315 1588 ἀπὸ
339 1537 444 1589 τῶν
470 1540 812 1594 ἀναστάντων
843 1543 1138 1614 παιδαρίων
1161 1545 1226 1597 δι’
1267 1547 1444 1598 Ἡλίου
1477 1549 1567 1598 καὶ
1594 1542 1765 1598 Ἐλισ-

209 1627 364 1679 σαίου
413 1631 730 1699 γεγένηται,
790 1636 968 1688 ὁποῖον
1032 1636 1119 1688 διά
1198 1637 1295 1707 τῆς
1347 1638 1756 1707 κηρυσσομένης

207 1718 548 1799 ἀναστάσεως
590 1723 783 1793 Ἰησοῦ,
821 1726 1042 1796 δυνάμει
1076 1727 1194 1797 θείᾳ
1224 1729 1682 1799 πεπιστευμένηςξ

1874 648 2149 702 vobiscum
2167 660 2479 702 communes
2501 655 2554 698 et
2578 644 2768 698 eodem
2796 645 2848 698 in
2867 647 3041 713 pretio
3077 647 3217 714 apud
3248 655 3426 703 utros-

1873 751 1976 804 que
2031 736 2224 790 habita:
2284 744 2726 798 commemorant,
2778 749 2840 787 ea
2904 734 3111 786 fabulas
3149 747 3266 788 esse
3300 747 3426 802 per-

1881 841 2160 896 ncgamus.
2210 825 2547 894 Quapropter
2571 840 2704 893 quas
2728 826 2982 878 historias
3004 834 3225 877 narrant
3252 826 3320 878 de
3338 825 3422 888 iis,

1873 915 1962 980 qui
1997 928 2028 967 e
2065 914 2293 966 mortuis
2337 921 2726 977 surrexerunt,
2780 928 2932 966 veras
2981 914 3249 966 credimus
3281 929 3421 978 esse,

1875 1020 1978 1057 non
2008 1004 2406 1066 commentitias
2432 1022 2447 1069 ;
2477 1005 2718 1072 adeoque
2749 1012 2804 1056 et
2830 1001 3010 1056 Iesum
3033 1002 3258 1055 .l'uissee
3279 1018 3424 1054 mor-

1875 1095 1981 1147 tuis
2009 1095 2346 1157 suscitatum,
2382 1103 2440 1147 ut
2471 1104 2526 1146 et
2563 1094 2676 1161 ipse
2707 1104 2764 1146 et
2806 1093 3085 1161 prophetae
3105 1092 3430 1160 prmnuntia-
3509 1118 3513 1121 -
3557 1115 3562 1120 -

1873 1196 2080 1240 verant.
2099 1185 2236 1252 Quin
2263 1197 2318 1240 et
2348 1185 2508 1253 hujus
2541 1201 2571 1239 e
2597 1185 2821 1237 mortuis
2853 1183 3177 1236 resurrectio
3207 1196 3290 1244 eo,
3319 1197 3428 1250 prae

1862 1286 2183 1332 eat-teruntur
2244 1276 2656 1337 resurrectione,
2686 1276 2856 1341 magis
2882 1274 3042 1347 digna
3075 1271 3427 1326 admiratiOue

1861 1379 1965 1431 est,
1997 1365 2136 1437 quod
2169 1367 2285 1420 illos
2305 1367 2572 1435 propheta!
2600 1366 2743 1419 Elius
2764 1376 2818 1418 et
2847 1366 3068 1418 Elisams
3097 1363 3426 1427 suscitarint,

1863 1460 2005 1534 hunc
2029 1473 2204 1520 nemo,
2229 1457 2319 1512 scd
2350 1456 2507 1510 l’atcr
2524 1458 2610 1525 qui
2641 1458 2692 1509 in
2707 1458 2859 1510 cmlis
2885 1467 2966 1510 est
2983 1457 3048 1510 ⁸⁸.
3071 1456 3185 1522 Quo
3205 1456 3425 1517 factum,

1863 1559 1921 1602 ut
1961 1548 2237 1601 uberiores
2283 1548 2398 1616 ejus
2440 1547 2659 1612 iuerint,
2710 1562 2871 1615 quam
2921 1547 3152 1600 aliorum
3187 1559 3430 1599 resurre-

1862 1633 2059 1688 ctionis
2087 1633 2106 1686 ί
2114 1641 2314 1687 ructus.
2343 1633 2480 1698 Quid
2502 1634 2644 1685 enim
2660 1633 2783 1686 boni
2814 1634 3007 1687 mundo
3024 1634 3230 1702 peperit
3253 1648 3430 1687 resur~

1863 1725 2032 1780 rectio
2053 1724 2398 1792 pueruloruni
2415 1739 2549 1793 quos
2569 1726 2842 1778 emortuis
2863 1734 3184 1777 revocarunt
3210 1724 3351 1777 Elias
3372 1732 3427 1776 et

214 1793 450 1874 Elisieus,
481 1815 620 1880 quod
640 1816 818 1868 confer
834 1817 875 1870 ri
899 1793 1066 1886 poSsit
1102 1793 1222 1871 cum
1244 1817 1406 1888 432
1429 1793 1901 1873 commoditatibus
1924 1831 2053 1885 qua:
2071 1815 2268 1868 mundo
2292 1814 2569 1867 redierunt
2599 1829 2662 1867 ex
2691 1813 2816 1868 Jesu
2853 1814 3264 1878 resurrectione,
3285 1821 3428 1883 post-

206 1915 369 1969 quam
419 1905 726 1972 pervulgata
776 1919 889 1974 est,
934 1919 990 1962 et
1025 1910 1171 1963 illam
1213 1924 1427 1974 omnes,
1470 1911 1521 1965 id
1572 1921 1765 1982 agente
1802 1910 1980 1964 divina
2018 1908 2236 1971 virtute,
2262 1905 2655 1965 crediderunt?

275 2032 460 2085 Οίεται
493 2033 550 2086 δὲ
575 2036 856 2102 τερατείαν
893 2032 1030 2090 εἶναι
1062 2041 1154 2092 καὶ
1193 2041 1284 2093 τὸν
1316 2042 1534 2112 σεισμὸν
1567 2044 1657 2095 καὶ
1683 2042 1766 2095 τὸν

1942 2042 2032 2096 59.
2067 2041 2405 2108 Figmentum
2432 2041 2595 2094 etiam
2620 2053 2744 2092 esse
2773 2048 2925 2107 putat
2945 2047 3112 2093 terra!
3146 2047 3348 2094 motum
3373 2047 3429 2094 et

207 2120 399 2173 σκότον
426 2122 536 2192 ('70)
564 2141 578 2153 υ
609 2125 738 2194 περὶ
765 2119 861 2192 ὧν,
891 2128 1029 2180 κατὰ
1060 2129 1118 2180 τὸ
1141 2130 1381 2195 δυνατὸν,
1414 2133 1471 2184 ὲν
1493 2135 1601 2195 τοῖς
1630 2134 1768 2185 ἀνω-

204 2209 348 2280 τέρω
366 2211 839 2296 ἀπελογησάμεθα,
863 2218 1225 2291 παραθέμενοι
1246 2223 1335 2274 τὸν
1355 2222 1620 2289 Φλέγοντα
1637 2224 1769 2294 (71),

207 2301 566 2383 ἱστορήσαντα
601 2298 858 2385 κατάτὺν
891 2311 1077 2380 χρόνον
1106 2311 1201 2364 τοῦ
1233 2312 1435 2380 πάθους
1467 2313 1560 2364 τοῦ
1594 2315 1772 2392 Σωτῆ-

177 2450 186 2456 ,
205 2405 301 2463 ρος
316 2392 541 2447 τοιαῦτα
562 2396 928 2467 ἀπηντηκέναι
946 2417 960 2430 ο
986 2418 1005 2451 r
1031 2403 1123 2454 καὶ
1137 2404 1218 2459 ὅτι
1234 2401 1340 2465 ζῶν
1362 2403 1457 2472 μὲν
1480 2405 1578 2456 οὐκ
1598 2407 1770 2476 ὲπήρα

205 2499 364 2538 κεσεν
406 2487 604 2557 ἑαυτῷ,
640 2492 828 2560 νεκρὸς
858 2492 902 2544 δ’
945 2493 1141 2563 ἀνέστη
1163 2511 1176 2524 ⁸
1208 2496 1302 2548 κα.)⁸
1329 2493 1396 2546 τά
1435 2486 1635 2565 σημεῖα
1673 2498 1770 2566 τῆς

207 2573 478 2639 κολάσεως
508 2577 704 2642 ἔδειξεν
731 2581 760 2632 6
790 2581 1016 2658 Ἰησοῦς,
1049 2585 1142 2637 καὶ
1167 2583 1266 2646 τὰς
1297 2587 1499 2655 χεῖρας,
1532 2586 1606 2647 ὼς
1633 2580 1770 2656 ἦσαν

205 2669 641 2737 πεπερονημέναι
657 2688 670 2700 ·
687 2671 807 2723 »καὶ
820 2672 1194 2743 πυνθανόμεθα
1212 2675 1556 2739 αύτοῦ,τίτὸ,
1570 2696 1587 2726 ι
1607 2679 1770 2749 ὲπήρ-

203 2769 366 2808 κεσεν
381 2756 554 2827 ἑαυτῷ
577 2759 686 2828 (72)
704 2777 751 2824 ;ι
771 2762 834 2812 Εί
860 2761 1076 2833 μὲνγὰρ
1096 2765 1231 2834 πρὸς
1249 2765 1448 2835 ἀρετήν
1466 2783 1480 2796 ·
1502 2768 1766 2838 φήσομεν,

201 2845 412 2901 ὅτικαὶ
446 2850 580 2902 πάνυ
623 2867 686 2918 γε
729 2853 1052 2923 ἐπήρκεσεν.
1097 2855 1262 2907 Οὐδὲν
1290 2857 1397 2926 γὰρ
1424 2857 1622 2911 ἄτοπον
1659 2858 1770 2911 οὔτ’

203 2937 504 3004 ἀφθέγξατο
530 2941 636 2992 οὔτ’
667 2944 920 3012 ἐποίησεν
938 2959 950 2973 ·
1003 2943 1116 2996 ἀλλ’
1149 2945 1363 3014 ἀληθῶς
1392 2948 1467 3011 ὠς
1500 2950 1769 3018 πρόϐατον

203 3026 299 3079 ἐπὶ
326 3027 534 3098 σφαγὴν
551 3030 710 3101 ἤχθη,
732 3034 823 3085 καὶ
840 3033 916 3096 ὡς
932 3033 1098 3102 ἀμνὸς
1124 3036 1360 3088 ἐναντίον
1384 3038 1476 3090 τοῦ
1496 3041 1768 3107 κείροντος

204 3114 446 3184 ἀφωνοςο
481 3121 573 3171 καὶ
603 3127 870 3194 μαρτυρεῖ
898 3126 957 3176 τὸ
996 3128 1343 3196 Εὑαγγέλιον,
1373 3130 1452 3180 ὄτι
1480 3123 1632 3192 οὗτος
1669 3132 1768 3183 οὐκ

205 3207 382 3278 ἤνοιξε
409 3211 466 3263 τὸ
496 3213 666 3283 στόμα
693 3215 878 3268 αὑτοῦ.
914 3217 975 3270 Ei
1002 3218 1057 3270 δὲ
1088 3220 1167 3283 τὸ,
1205 3236 1222 3268 ι
1255 3220 1583 3289 ἐπήρκεσεν,
1606 3241 1622 3269 ι
1661 3223 1767 3274 ἀπὸ

201 3296 314 3348 τῶν
337 3299 514 3368 μέσων
536 3303 629 3354 καὶ
652 3306 972 3372 σωματικῶν
1000 3307 1282 3376 λαμϐάνει,
1305 3309 1503 3378 φαμὲν,
1526 3311 1606 3363 ὃτι
1636 3311 1789 3364 ἀπε-’

1878 2131 2146 2186 tenebras.
2176 2131 2280 2184 Sed
2313 2130 2379 2184 ad
2413 2128 2513 2184 hoc
2540 2129 2649 2196 jam
2682 2129 2780 2198 pro
2805 2129 3011 2184 viribus
3051 2132 3426 2213 respondimus

1874 2221 1926 2273 in
1955 2220 2357 2290 superioribus,
2396 2221 2751 2278 ubi_diximus
2782 2219 2882 2274 hos
2927 2231 3153 2275 eventus
3187 2238 3215 2275 a
3266 2223 3425 2275 Phle-

1875 2321 2034 2378 gonte
2059 2309 2409 2377 consignatos
2455 2308 2624 2363 fuisse
2657 2317 2900 2376 tempore
2922 2323 3029 2376 quo
3059 2324 3251 2378 passus
3270 2307 3427 2364 Iesus

1873 2399 1992 2452 fuit.
2024 2401 2104 2453 Ad
2130 2401 2243 2453 hac
2269 2412 2436 2453 vero:
2467 2417 2488 2450 ι
2520 2400 2583 2452 Et
2608 2415 2730 2453 cum
2760 2399 2958 2454 additis
2979 2415 3122 2460 eum,
3147 2401 3241 2468 qui
3274 2401 3427 2453 vivus

1874 2489 2073 2542 auxilio
2099 2488 2202 2542 sibi
2226 2502 2351 2543 esse
2384 2504 2488 2541 non
2518 2489 2716 2555 potuit,
2745 2499 3012 2542 mortuum
3040 2489 3423 2548 resurrexisse,

1875 2583 1928 2635 in
1963 2595 2188 2648 corpore
2220 2566 2466 2649 supplicii
2509 2589 2701 2644 notas,
2729 2582 2781 2633 in
2821 2580 3070 2649 manibus
3097 2589 3426 2634 monstrasse

1871 2672 2147 2727 Clavorum
2202 2670 2508 2740 veStigiam
2567 2685 2697 2739 rogo
2730 2671 2866 2739 quid
2909 2668 3214 2736 signiﬁcent
3266 2672 3421 2726 haec:

1877 2781 1897 2813 ι
1934 2761 2046 2817 Sibi
2081 2762 2288 2816 auxilio
2320 2757 2587 2823 essetbon
2608 2762 2814 2829 potuit.
2843 2781 2862 2813 ι
2906 2764 2989 2815 Au
3021 2763 3087 2814 ad
3125 2763 3374 2829 virtutem
3396 2763 3421 2815 τ

1871 2849 1976 2902 Sed
2009 2847 2227 2901 abunde
2269 2847 2371 2900 sibi
2417 2845 2617 2988 aui\i!lio
2644 2844 2765 2902 fuit.
2810 2845 2921 2900 Nec
2960 2847 3102 2899 enim
3132 2845 3424 2920 quidquam

1871 2949 1962 2988 aut
2008 2937 2218 2988 locutus
2256 2948 2357 2988 est.
2403 2946 2494 2988 aut
2559 2936 2665 2988 ecit
2711 2945 2900 2988 contra
2944 2938 3220 2988 virtutem.
3282 2934 3420 2988 Vere

1870 2949 1962 2991 aut
2008 2937 2218 2991 locutus
2256 2948 2357 3000 est,
2403 2934 2665 3012 aut_\fecit
2711 2945 2900 2990 contra
2944 2938 3220 2991 virtutem.
3282 2934 3420 2991 Vere

1871 3030 2015 3081 enim
2045 3039 2103 3080 ut
2131 3029 2248 3081 ovis
2275 3027 2340 3079 ad
2369 3027 2696 3080 occisionem
2721 3027 2911 3082 ductus
2941 3039 3038 3089 est,
3070 3037 3125 3080 et
3149 3037 3202 3080 ut
3227 3042 3424 3096 agnus,

1868 3119 1958 3187 qui
1982 3132 2162 3183 coram
2201 3116 2451 3169 tondente
2477 3130 2535 3168 se
2569 3116 2893 3171 obmutescit
2917 3116 2964 3147 ⁸⁸
2992 3133 3005 3168 :
3043 3116 3237 3184 quippe
3263 3129 3422 3183 quem

1869 3225 2021 3262 suum
2054 3223 2116 3262 os
2141 3223 2242 3261 non
2260 3206 2535 3274 aperuisse
2558 3217 2785 3262 testatur
2805 3205 3168 3273 Evangelium.
3194 3205 3346 3271 Quod
3373 3208 3420 3261 si

1871 3298 2005 3361 haec,
2038 3314 2058 3348 ι
2078 3296 2180 3350 sibi
2211 3295 2410 3369 ausilio
2436 3309 2556 3348 esse
2583 3311 2686 3347 non
2717 3297 2908 3362 potuit,
2938 3301 2958 3344 ι
2986 3296 3053 3348 de
3087 3293 3423 3349 rebusiudiﬂ-

200 3384 451 3474 δείξαμεν
477 3392 540 3442 ἐκ
567 3392 678 3460 τῶν⁸
699 3394 1038 3461 Εύαγγελίων
1065 3398 1144 3449 ὅτι
1178 3397 1316 3451 ἑκὼν
1353 3401 1444 3451 ἐπὶ
1473 3402 1622 3453 ταῦτ’
1645 3403 1765 3474 ὲλή-

1868 3388 2161 3451 l'erentibus
2190 3396 2242 3440 et
2269 3390 2545 3455 corporeis
2572 3388 2834 3456 intelligit,
2876 3386 2990 3454 jam
3013 3399 3079 3438 ex
3100 3385 3422 3457 Evangeliis

203 3473 376 3528 λυθεν.
397 3473 508 3528 Εἶθ’
535 3478 659 3549 ἑξῆς
686 3481 891 3543 τούτοις
909 3483 1074 3536 εἰπὼν
1103 3485 1168 3538 τά
1189 3487 1294 3541 ἀπὸ
1314 3488 1408 3540 τοῦ
1440 3473 1766 3557 Εὐαγγελίου

201 3564 285 3618 ὅτι
311 3566 378 3618 τά
411 3572 612 3637 σημεῖα
644 3571 744 3639 τῆς
775 3573 1048 3638 κολάσεως
1080 3577 1276 3642 ἔδειξεν
1315 3579 1552 3642 ἀναστὰς
1595 3583 1658 3633 ἐκ
1685 3599 1770 3634 νε-

201 3655 372 3726 κρῶν,
401 3659 492 3709 xci.
517 3658 614 3721 τάς
631 3663 816 3730 χεῖρας
835 3663 909 3727 ὡς
929 3661 1066 3734 ἦσαν
1088 3685 1223 3718 πεπε
1233 3669 1538 3738 ρονημέναι,
1571 3672 1768 3724 πυνθά-

201 3760 384 3808 νεται,
408 3749 500 3799 καὶ
517 3748 659 3815 λέγει
677 3767 692 3780 ν
715 3752 798 3816 τίς
823 3754 976 3807 τοῦτο
1001 3754 1102 3808 εἶδε
1123 3773 1137 3820 ;
1161 3759 1269 3810 Καὶ
1297 3759 1365 3811 τά
1396 3761 1524 3831 περὶ
1552 3763 1767 3831 Μαρίας

195 3834 304 3905 τῆς
331 3838 687 3922 Μαγδαληνῆς
710 3843 1022 3910 διαϐάλλων,
1052 3849 1505 3921 ἀναγραφομένης
1531 3853 1768 3922 ἑωρακέ-

197 3939 312 3986 ναι,
345 3921 500 3978 εἷπε·
539 3947 557 3978 r
594 3931 731 4000 Γυνὴ
768 3934 1112 4003 πάροιστρος,
1157 3955 1174 3985 ι
1213 3936 1286 3998 ὡς
1316 3938 1471 4006 φατέ.
1508 3921 1615 3990 Καὶ.
1644 3939 1764 3990 ἐπεὶ

201 4017 277 4088 μὴ
324 4019 457 4090 μόνη
497 4021 632 4092 αῦτη
675 4025 1082 4092 ἀναγέγραπται
1125 4029 1421 4098 ἑωρακέναι
1463 4030 1764 4082 ἀναστάντα

198 4107 291 4159 τὸν
334 4110 558 4177 Ἰησοῦν,
581 4113 715 4164 ἀλλά
747 4116 839 4166 καὶ
870 4114 1016 4168 ἄλλοι
1033 4134 1047 4148 ·
1075 4119 1166 4171 καὶ
1195 4119 1361 4172 ταῦτα
1390 4122 1709 4192 κακηγορῶν
1737 4125 1765 4175 6

197 4199 408 4252 Κέλσου
465 4201 712 4265 Ἰουδαῖός
760 4222 890 4274 φησι
927 4209 1020 4261 καὶ
1059 4229 1078 4260 r
1121 4214 1170 4263 εί
1214 4227 1296 4272 τις
1334 4211 1507 4278 ,ἄλλος
1540 4213 1647 4268 τῶν
1700 4217 1764 4269 ἐκ

197 4291 303 4357 τῆς
333 4294 500 4362 αὐτῆς
525 4297 796 4365 γοητείας.
839 4318 857 4350 ι

269 4459 423 4529 Εἶτα,
455 4469 529 4531 ὡς
557 4469 850 4541 δυναμένου
875 4473 1060 4525 τούτου
1089 4473 1377 4544 συμϐῆναι,
1409 4475 1550 4544 λέγω
1576 4476 1638 4546 δὴ
1667 4456 1760 4528 τοῦ

189 4557 498 4626 φαντασίαν
527 4562 630 4613 τινὶ
655 4561 894 4629 γίνεσθαι
923 4562 1046 4631 περὶ
1073 4562 1164 4614 τοῦ
1193 4565 1506 4636 τεθνηκότος
1529 4566 1601 4626 ὠς
1631 4565 1763 4628 ζῶν-

187 4667 303 4713 τος,
330 4651 580 4719 ἐπιφέρει
599 4652 672 4712 ὼς
712 4651 1096 4721 Ἐπικούρειος,
1129 4655 1219 4706 καὶ
1239 4655 1401 4723 λέγει,
1434 4675 1451 4705 ι
1481 4655 1620 4707 κατά
1640 4672 1759 4708 τινα

1872 3479 2044 3543 palam
2073 3475 2174 3530 feci
2203 3477 2347 3532 illum
2368 3480 2419 3532 iu
2443 3481 2541 3533 has
2560 3493 2829 3532 mrumnas
2849 3476 3116 3530 volentem
3143 3478 3417 3530 incidisse.

1869 3568 2153 3636 Postquam
2201 3580 2380 3623 autem
2424 3570 2510 3624 ille
2547 3585 2612 3623 ex
2661 3569 2950 3637 Evangelia
3003 3568 3185 3621 retulit
3229 3565 3418 3644 Jesum

1871 3651 1989 3724 post
2019 3660 2471 3713 resurrectionem
2502 3674 2567 3712 ex
2601 3658 2855 3721 mortuis,
2888 3657 2970 3712 sui
2995 3657 3239 3725 supplicii
3265 3656 3420 3708 exhi-

1871 3748 2051 3802 buisse
2096 3751 2317 3819 vestigia
2354 3758 2406 3802 et.
2446 3764 2637 3801 manus
2676 3749 2845 3803 clavis
2871 3749 3200 3816 perforatas,
3225 3745 3420 3814 quaerit

1869 3839 1990 3906 quis
2016 3840 2129 3893 hec
2157 3841 2345 3892 \iderit
2379 3859 2393 3912 ς
2424 3850 2479 3893 et
2511 3841 2576 3892 ad
2622 3839 2849 3894 Mariam
2879 3838 3224 3908 Magdalenen
3249 3837 3418 3904 respi-

1869 3929 2040 3994 ciens,
2070 3944 2188 3998 qua:
2222 3930 2416 3981 vidisse
2438 3930 2712 3993 scribitur,
2746 3929 2824 3982 sic
2849 3929 2988 3982 illam
3015 3925 3218 3992 injuriis
3243 3925 3418 3981 inces-

1866 4023 1975 4073 sit:
2009 4038 2028 4070 r
2062 4020 2270 4081 Mulier,
2296 4030 2352 4072 ut
2381 4021 2696 4087 ipsidicitis,
2727 4019 2981 4073 fanatica.
3009 4036 3027 4067 ι
3055 4017 3119 4069 Ει
3151 4016 3272 4085 quia
3308 4033 3415 4070 non

1867 4110 1953 4163 illa
2002 4109 2147 4171 sola,
2192 4109 2283 4160 sed
2329 4111 2493 4162 etiam
2540 4111 2626 4164 alii
2664 4118 2954 4162 narrantur
2989 4106 3172 4161 Jesum
3222 4099 3418 4161 vidisse

1865 4200 2193 4262 redivivum,
2227 4201 2397 4269 pergit
2439 4209 2493 4254 et
2536 4203 2668 4254 istos
2712 4200 3037 4252 traducere:
3090 4215 3108 4247 ι
3138 4196 3203 4250 Et
3233 4202 3416 4254 nescio

1863 4287 1985 4353 quis
2031 4287 2203 4353 alius,
2244 4291 2448 4359 inquit,
2491 4290 2682 4343 iisdem
2724 4288 2944 4356 magicis
2990 4289 3197 4342 artibus
3259 4289 3414 4344 addi-

1869 4384 2008 4430 ctus.
2035 4394 2053 4426 ι

1932 4470 2019 4521 60.
2048 4469 2246 4523 Deinde
2284 4471 2436 4539 quasi
2467 4469 2578 4522 ﬁeri
2614 4467 2814 4534 possit,
2847 4476 2906 4520 ut
2935 4467 3168 4521 hominis
3195 4468 3410 4530 mortui,

1861 4560 2084 4625 perinde
2110 4576 2173 4614 ac
2203 4561 2247 4614 si
2277 4564 2500 4621 viveret.
2527 4561 2697 4627 imago
2717 4559 3032 4613 obversetur
3059 4561 3256 4620 animo,
3282 4560 3411 4613 sub-

1860 4648 1982 4715 jicit
2020 4649 2401 4702 convenienter
2447 4645 2723 4713 Epicurea:
2763 4645 2999 4709 rationi,
3040 4663 3058 4694 ι
3093 4646 3203 4697 1ιὶὩο
3229 4659 3411 4711 quern-

187 4741 434 4814 διάθεσιν
457 4739 808 4808 ὀνειρώξαντά
830 4759 968 4805 τινα,
994 4742 1025 4811 ἢ
1049 4745 1186 4797 κατά
1206 4745 1302 4813 τῆς
1324 4744 1483 4797 αὐτοῦ
1512 4743 1760 4814 βούλησιν

1868 4741 2028 4807 piam,
2059 4750 2216 4807 prout
2245 4736 2465 4790 allectus
2495 4747 2630 4799 erat,
2658 4738 2980 4800 somniasse,
3010 4745 3101 4788 aut
3130 4735 3271 4787 inani
3293 4733 3410 4801 opi-

354 4830 742 4903 πεπλανημένῃ
784 4836 1256 4902 πεφαντασιῶσθαι
1284 4836 1394 4902 (73)
1435 4835 1493 4886 τὸ
1525 4837 1760 4890 τοιοῦτον

185 4918 626 4987 ἀπηγγελκέναι·
645 4923 811 4993 ὅπερ,
845 4924 974 4992 φησὶ
992 4967 1005 4987 ,
1033 4925 1237 4994 μυρίοις
1255 4925 1351 4994 ἤδη
1372 4925 1702 4994 σημὸέϐηκε.
1731 4943 1751 4978 ›

185 5007 435 5060 Τοῦτοδὲ
457 5011 503 5060 εί
521 5013 611 5063 καὶ
634 5012 907 5065 δεινότατα
929 5013 1097 5078 ἔδοξεν
1128 5013 1374 5083 εἰρῆσθαι
1395 5032 1407 5044 ·
1431 5017 1578 5068 οὐδὲν
1599 5011 1757 5087 ἦττον

185 5103 691 5156 κατασκευαστικὸν
723 5105 866 5156 ἐστιν
902 5104 1193 5170 ἀναγκαίου
1224 5104 1514 5176 δόγματος,
1549 5107 1621 5169 ὡς
1654 5107 1758 5177 ἄρα

1866 4833 2024 4884 nione
2053 4832 2290 4883 delusum
2321 4829 2420 4882 sibi
2449 4830 2629 4882 animo
2657 4831 2876 4883 tinxisse
2903 4845 3019 4896 qua:
3048 4823 3404 4890 desiderabat,

1862 4940 2030 4990 eaque
2058 4923 2122 4974 ad
2161 4922 2296 4974 alios
2329 4921 2608 4976 detulisse.
2642 4921 2814 4986 Quod,
2849 4921 3044 4987 inquit,
3077 4931 3216 4984 saepe
3249 4917 3409 4969 innu-

1864 5015 2025 5066 meris
2052 5014 2261 5066 accidit.
2299 5032 2316 5064 ι
2354 5017 2526 5082 Atque
2557 5017 2654 5067 hoc
2693 5013 2792 5066 etsi
2849 5011 3022 5079 magni
3062 5010 3264 5062 roboris
3285 5024 3408 5063 esse

1863 5113 2042 5170 putat,
2115 5103 2400 5158 conﬁrmat
2471 5114 2644 5157 tamen
2710 5105 3072 5155 necessarium
3143 5100 3406 5169 imprimis

202 5355 211 5365 ,
256 5298 305 5330 ³⁸
335 5297 404 5352 Ill
441 5298 570 5366 Reg.
618 5313 750 5360 xvtr,
777 5298 866 5364 ‘22;
897 5299 960 5353 IV
997 5300 1127 5372 Reg.
1155 5317 1227 5366 Iv,
1257 5302 1343 5355 54.
1420 5302 1463 5333 ⁸⁸
1496 5301 1614 5352 lsai.
1645 5315 1762 5365 ειη,
1796 5301 1847 5366 7;
1885 5302 2065 5358 Matth.
2110 5321 2251 5364 xxvr,
2297 5304 2393 5366 65;
2431 5317 2598 5367 xxvii,
2638 5300 2722 5362 l2,
2761 5300 2842 5356 ll.

253 5457 375 5524 (69)
415 5455 489 5507 lla
514 5454 670 5510 codd.
727 5455 926 5523 Regius
974 5468 1028 5511 et
1075 5458 1408 5512 Basilcensis.
1467 5457 1628 5512 Forte
1676 5459 1750 5513 le-

179 5524 733 5600 εριυῑιυιμτοσούτιρ
768 5526 822 5579 δὲ
878 5528 1321 5598 παραδοξότερον.
1389 5524 1542 5580 Libb.
1595 5530 1748 5593 editi,

174 5591 912 5666 ξούτῳδξπαραδοξὰτερος.
1100 5591 1111 5593 ί
1340 5663 1348 5666 λ
1576 5600 1578 5602 ⁷

255 5663 381 5730 (7U)
409 5662 564 5720 Mss.
590 5663 678 5715 τῦν
704 5662 912 5716 σκότον.
949 5663 1100 5720 Libb.
1126 5664 1272 5725 editi,
1306 5663 1364 5716 τὸ
1398 5667 1604 5728 σκότος.

256 5731 380 5800 (71)
424 5731 761 5800 φλέγοντα.
812 5733 942 5786 Vide
1017 5733 1390 5790 aduotatiunes
1456 5739 1520 5790 ad
1571 5735 1660 5789 lib.
1708 5753 1744 5789 ιι

180 5799 378 5856 comm
410 5799 644 5863 Celsum,
678 5818 823 5857 num.
866 5802 949 5854 M.

1919 5465 2029 5528 (72)
2056 5466 2205 5535 Mss,”
2237 5467 2537 5535 ἐπήρκεσεν
2588 5463 2785 5533 ἑαυτῷ.
2841 5464 2992 5518 Libb.
3036 5462 3186 5526 editi,
3233 5463 3401 5534 ἐπήρ-

1850 5550 2006 5586 κεσεν
2031 5534 2198 5602 αὐτῷ.
2352 5534 2357 5535 ⁷
2785 5569 2789 5574 .

1924 5604 2034 5670 (75)
2066 5603 2610 5670 Ιιεφαντασιῶσθαι.
2649 5603 2740 5656 Vel
2769 5602 3045 5670 legendum
3095 5615 3401 5670 (perv-ramul-

1846 5668 2026 5743 θέντα,
2058 5668 2161 5724 aut
2189 5674 2233 5725 si
2299 5676 2516 5728 retineri
2564 5675 2736 5743 placet
2792 5668 2972 5724 vocent
3009 5668 3394 5743 πεφαντασιῶι

1847 5741 1990 5802 σθαι,
2017 5754 2168 5797 certe
2200 5754 2322 5811 post
2344 5761 2464 5799 eam
2496 5738 2733 5798 addenda
2776 5750 2858 5796 est
2883 5742 3141 5810 particula
3172 5738 3281 5793 καί.
