4100 6318
250 394 354 455 901

1457 387 1732 445 CONTRA
1764 381 2035 439 CELSUM
2074 379 2198 433 LIB.
2239 379 2301 434 ll.

3343 386 3448 443 902

336 491 814 580 ’Λπελογησάμεθα
848 502 938 561 οὖν
964 508 1103 561 κατὰ
1128 507 1188 560 τὸ
1217 506 1435 560 δυνατὸν
1475 507 1624 574 ἡμῖν,
1650 505 1722 567 ὡς
1753 507 1807 556 ἐν

1946 479 1950 482 ν
1977 493 2073 560 67.’
2095 498 2488 570 Respondimus
2522 493 2683 562 igitur
2721 506 2818 561 pro
2843 491 3044 546 viribus
3064 531 3079 556 ,
3112 502 3167 548 et
3192 506 3446 562 quantum

247 602 478 669 τοιούτῳ
503 601 904 668 συγγράμματι,
940 599 1074 667 πρὸς
1109 597 1168 649 τό
1189 615 1201 627 ·
1233 616 1251 648 ι
1306 597 1518 665 Ἐχρῆν,
1545 595 1699 664 εἴπερ
1728 595 1811 646 ὅν-

248 707 364 752 τως
396 688 624 756 ἐκφῆναι
651 688 798 739 θείαν
827 686 1048 754 δύναμιν
1080 687 1287 754 ἢθελεν,
1323 686 1504 748 αὐτοῖς
1537 688 1646 748 τοῖς
1675 686 1809 753 ἐπη-

256 778 489 846 ρεάσασι
513 776 604 827 καὶ
627 774 705 844 τῷ
730 775 1148 827 καταδικάσαντι
1177 777 1269 828 καὶ
1295 775 1430 837 ὅλως
1456 776 1617 827 πᾶσιν
1640 775 1811 844 ὀφθῆ-

249 883 378 919 ναιο
416 885 433 915 ι
467 865 563 916 οὐκ
587 865 750 933 ἐχρῆν
783 859 873 916 οὖν
901 863 977 931 τῷ
1016 865 1426 917 καταδικάσαντι
1456 864 1613 917 αὐτὸν
1649 865 1814 934 όφθῆ-

249 973 367 1017 ναι,
389 955 505 1006 οὐδὲ
519 957 627 1015 τοῖς
641 953 1022 1022 ἐπηρεάσασιν·
1039 953 1274 1020 ἐφείδετο
1296 953 1503 1021 γὰρκαὶ
1527 953 1618 1005 τοῦ
1645 971 1810 1006 κατα-

247 1042 572 1103 δικάσαντος
605 1039 695 1092 καὶ
715 1041 823 1092 τῶν
857 1042 958 1109 ὲπη
970 1043 1268 1110 ρεασάντων
1298 1044 1326 1093 6
1374 1041 1597 1112 Ἰησοῦς,
1624 1045 1708 1095 ἵνα
1739 1042 1811 1113 μὴ

251 1130 603 1199 παταχθῶσιν
629 1131 874 1203 ἀορασίᾳ,
898 1133 1055 1202 ὁποίᾳ
1078 1134 1126 1184 οἱ
1149 1133 1206 1184 ἐν
1237 1133 1485 1202 Σοδόμοις
1512 1134 1815 1203 ἐπατάχθη-

251 1232 378 1279 σαν,
403 1217 563 1285 ἡνίκα
585 1202 930 1271 ἐπεϐούλευον
952 1222 1017 1288 τῇ
1039 1219 1156 1289 ὥρᾳ
1174 1219 1280 1272 τῶν
1302 1219 1642 1282 ξενισθέντων
1667 1202 1814 1291 παρά

249 1303 334 1372 τῷ
359 1303 480 1356 Λὼτ
520 1305 780 1372 ἀγγέλων.
807 1307 915 1359 Kal
937 1306 1095 1360 τοῦτο
1121 1308 1177 1360 δέ
1205 1308 1454 1378 δηλοῦται
1467 1309 1554 1362 διὰ
1575 1309 1775 1362 τούτων
1795 1326 1807 1340 ⁸

257 1411 278 1442 ε
338 1391 699 1456 Ἐκτείναντες
735 1394 793 1446 δὲ
837 1396 886 1447 οἱ
928 1395 1114 1465 ἄνδρες
1142 1396 1240 1458 τὰς
1276 1399 1481 1468 χεῖρας.
1517 1399 1815 1451 ἐσπάσαντο

250 1481 350 1532 τὸν
383 1480 504 1532 Λὼτ
539 1481 673 1552 πρὸς
697 1484 918 1546 ἑαυτοὺς
955 1487 1034 1548 είς
1068 1485 1159 1537 τὸν
1189 1482 1355 1549 οἷκον,
1397 1490 1490 1540 καὶ
1516 1488 1610 1558 τὴν
1648 1488 1816 1558 θύραν
1867 1541 1871 1549 _

253 1570 612 1623 ἀπέκλεισανο
653 1561 778 1635 τοῧς
820 1573 876 1625 δὲ
915 1574 1130 1644 ἄνδρας,
1163 1577 1287 1638 τοὺς
1324 1578 1416 1630 ἐπὶ
1447 1582 1512 1648 τῇ
1555 1578 1691 1649 θύρᾳ
1721 1577 1813 1630 τοῦ

254 1659 434 1723 οἴκου,
466 1660 738 1724 ἐπάταξαν
771 1662 1002 1732 ἀορασίᾳ
1043 1664 1150 1716 ἀπὸ
1193 1665 1385 1734 μικροῦ
1418 1666 1521 1730 ’ἐως
1558 1668 1812 1736 μεγάλου,

258 1751 356 1833 καὶ
388 1749 762 1819 παρελύθησαν
793 1751 1076 1820 ζητοῦντες
1126 1753 1224 1822 τὴν
1265 1755 1449 1833 θύραν.
1486 1776 1504 1806 ι
1558 1758 1815 1827 Ἐκφῆναι

1912 595 2069 660 hujus
2098 590 2306 661 generis
2331 601 2465 655 opus
2497 583 2858 654 permittebat,
2894 582 2959 662 ad
2994 581 3134 636 ista:
3170 601 3188 634 ι
3219 581 3274 636 Si
3295 599 3447 641 suam

1911 683 2144 737 divinam
2179 679 2470 746 potentiam
2524 687 2650 726 vere
2697 673 3032 724 innotescere
3079 670 3286 734 voluit,
3337 675 3450 726 suis

1911 772 2098 838 utique
2124 766 2446 821 adversariis
2465 803 2480 823 ,
2526 777 2623 814 suo
2649 760 2839 827 judici,
2871 759 3087 812 omnino
3116 760 3365 814 omnibus
3391 775 3453 814 se

1912 861 2220 915 ostenderet
2249 855 2501 928 oportuit.
2540 871 2558 902 ι
2593 850 2698 902 Nec
2727 849 2868 903 enim
2901 849 2971 901 illi
3000 849 3085 916 qui
3117 850 3287 916 ipsum
3319 864 3453 904 con-

1912 951 2258 1004 demuaverat
2288 984 2305 1005 ,
2355 957 2452 996 nec
2476 941 2586 994 suis
2627 939 2952 992 adversariis
2994 940 3227 1004 oportuit
3279 949 3338 991 ut
3389 954 3449 992 so

1912 1039 2402 1095 commonstraret;
2447 1029 2526 1082 illi
2562 1028 2706 1080 enim
2747 1036 2802 1080 et
2852 1025 2969 1078 istis
2997 1025 3234 1093 pepercit
3258 1023 3413 1078 Iesus
3436 1065 3452 1090 ,

1913 1136 1970 1178 ut
2013 1140 2081 1178 ne
2109 1130 2515 1191 percuterentur
2556 1117 2832 1178 carcitate,
2875 1129 2978 1180 qua
3019 1111 3305 1166 Sodomitm
3336 1129 3456 1180 pcr-

1912 1216 2052 1270 cussi
2093 1216 2332 1274 fuerunt,
2366 1224 2490 1263 cum
2542 1207 2852 1274 angelorum
2889 1204 3028 1269 apud
3058 1202 3156 1254 Lot
3187 1203 3457 1269 hospitan-

1916 1307 2043 1358 lium
2069 1298 2452 1370 pulchritudini
2477 1303 2787 1350 struxerunt
2810 1294 3055 1346 insidias.
3081 1292 3230 1357 Quod
3258 1294 3455 1344 factum

1913 1394 1998 1448 his
2025 1393 2203 1446 verbis
2232 1389 2569 1443 declaratur:
2607 1385 2994 1437 «Extendentes
3018 1392 3193 1435 autem
3219 1382 3316 1433 viri
3344 1396 3459 1432 ma-

1920 1497 2020 1535 nus
2045 1519 2060 1543 ,
2095 1484 2376 1533 traxerunt
2421 1474 2523 1527 Lot
2568 1473 2633 1524 ad
2680 1485 2738 1524 se
2771 1472 2821 1521 in
2873 1470 3086 1522 domum
3112 1507 3128 1530 ,
3159 1477 3210 1521 el
3240 1468 3458 1536 januam

1915 1571 2104 1622 domus
2151 1566 2509 1621 occluserunt.
2565 1559 2720 1613 Viros
2766 1567 2941 1610 autem
2995 1558 3084 1626 qui
3125 1557 3189 1610 ad
3238 1555 3458 1622 januam

1915 1660 2106 1713 domus
2136 1665 2308 1717 erant,
2335 1658 2717 1721 percusserunt
2741 1648 2981 1701 cmcitale
3006 1663 3033 1699 a
3061 1661 3222 1714 parvo
3250 1645 3315 1700 ad
3349 1661 3462 1698 ma-

1917 1764 2077 1818 gnum
2106 1787 2120 1810 ,
2174 1755 2224 1799 et
2267 1745 2458 1799 del'ecti
2506 1743 2708 1796 viribus
2741 1740 3052 1808 quaerebant
3084 1738 3304 1806 januam
3341 1736 3406 1789 ¹⁸.
3434 1751 3458 1788 ι

255 1832 353 1888 οὖν
397 1835 645 1888 ἐϐούλετο
687 1837 783 1907 τὴν
823 1837 1044 1907 δύναμιν
1095 1824 1286 1893 ἐαυτού
1335 1824 1364 1894 6
1414 1843 1638 1913 Ἰησοῦς,
1669 1824 1819 1898 θείαν

1921 1838 2085 1890 Suam
2121 1837 2284 1905 igitur
2311 1835 2545 1887 divinam
2576 1838 2895 1902 potestatem
2925 1829 3260 1881 innotescere
3293 1827 3462 1880 voluit

252 1922 446 1988 οὖσαν,
486 1927 698 1996 ἐκάστῳ
727 1928 845 1979 τῶν
863 1928 1169 1998 δυναμένων
1197 1931 1362 2000 αὐτὴν
1389 1931 1532 1995 ίδεῖν,
1561 1935 1652 1985 καὶ
1679 1933 1820 1986 κατά

252 2015 319 2066 τὸ
351 2016 543 2085 μέτρον
570 2017 696 2069 ίδεῖν
721 2017 757 2070 ἃ.
778 2018 992 2088 ἐχώρει.
1019 2019 1129 2072 Kal
1155 2020 1273 2071 οὐδὲ
1307 2038 1406 2073 που
1429 2022 1493 2074 δι’
1529 2022 1656 2075 ἄλλο
1689 2025 1819 2090 ἐφυ-

252 2102 458 2168 λάξατο
498 2106 782 2176 ὀφθῆναιῆ
821 2107 910 2160 διά
943 2108 1040 2171 τάς
1064 2109 1316 2180 δυνάμεις
1343 2111 1449 2162 τῶν
1484 2112 1555 2181 μὴ
1590 2113 1821 2181 χωρούν-

249 2210 370 2245 των
415 2194 573 2245 αύτὸν
617 2194 758 2246 ἰδεῖν.
809 2197 917 2248 Kal
950 2198 1122 2266 μάτην
1162 2198 1476 2269 παρελήφθη
1524 2198 1600 2267 τῷ
1630 2199 1819 2269 Κέλσῳ

253 2281 343 2344 τὸ,
378 2299 396 2331 ι
437 2283 510 2332 Οὐ
535 2281 641 2351 γάρ
663 2283 725 2352 δὴ
764 2283 842 2335 ἔτι
874 2285 1119 2352 ἐφοϐεῖτό
1147 2303 1266 2336 τινα
1289 2287 1591 2356 ἀνθρώπων
1616 2287 1821 2340 ἀποθα-

259 2366 391 2430 νὼν,
421 2369 513 2420 καὶ
534 2368 628 2437 (ὥς
655 2370 830 2438 φατε,)
856 2371 986 2434 Θεὸς
1008 2371 1109 2423 ὢν·
1137 2373 1241 2424 οὐδ’
1267 2375 1356 2425 ἐπὶ
1392 2375 1530 2426 τοῦτ’
1570 2376 1820 2446 ἐπέμφθη

261 2455 366 2526 τὴν
406 2458 597 2527 ἀρχὴν,
631 2458 716 2510 ilva
752 2458 904 2532 λάθῃ.
949 2480 967 2510 ι
1021 2461 1296 2532 Ἐπέμφθη
1323 2461 1430 2530 γὰρ
1458 2463 1515 2514 οὐ
1547 2464 1703 2533 μόνον
1735 2465 1822 2516 ἴνα

261 2549 496 2616 γνωσθῇ.
527 2547 640 2600 ἀλλ’
669 2549 751 2602 ἵνα
775 2551 866 2602 καὶ
890 2550 1044 2621 λάθῃ.
1069 2553 1142 2603 Ού
1168 2552 1273 2622 γὰρ
1299 2555 1425 2615 πᾶν,
1454 2553 1481 2604 ὃ
1504 2549 1590 2622 ἦν,
1622 2554 1716 2606 xal
1741 2548 1822 2617 οἷς

257 2639 606 2705 ἐγινώσκετο,
654 2641 996 2708 ἐγινώσκετο,
1045 2643 1181 2695 ἀλλά
1224 2661 1276 2695 τι
1323 2644 1483 2696 αὐτοῦ
1537 2644 1820 2697 ἐλάνθανεν

256 2728 457 2792 αὐτούς
479 2747 494 2760 ο
521 2731 629 2805 τισὶ
651 2731 694 2783 δ’
732 2732 839 2784 οὐδ’
866 2732 998 2796 ὅλως
1023 2732 1364 2800 ἐγινώσκετο.
1393 2734 1503 2786 Kal
1537 2734 1735 2805 ἀνέῳξε
1767 2735 1822 2787 δέ

258 2817 441 2883 φωτὸς
469 2803 636 2880 πύλας
657 2823 768 2881 τοῖς
791 2822 1095 2890 γενομένοις
1121 2824 1217 2890 μὲν
1251 2823 1470 2884 σκότους
1501 2824 1595 2876 καὶ
1635 2803 1823 2886 νυκτὸς

259 2907 422 2968 υἱοῖς,
460 2907 804 2962 ἐπιδεδωκόσι
834 2909 888 2961 δὲ
921 2912 1144 2975 ἑαυτοὺς
1181 2914 1259 2974 είς
1296 2912 1356 2965 τὸ
1393 2912 1640 2980 γενέσθαι
1676 2914 1823 2977 υἱοὺς

260 2996 474 3065 ἡμέρας
507 2998 600 3048 καὶ
641 2998 839 3065 φωτός.
877 2999 986 3053 Kal
1022 2995 1149 3070 ἦλθε
1177 3001 1364 3071 Σωτὴρ
1399 3002 1427 3052 6
1466 3000 1666 3071 Κύριος
1695 3002 1825 3070 ἡμῖν

266 3083 486 3183 μὰὶλλον,
520 3083 594 3183 ως
630 3087 810 3157 ίατρδς
839 3088 1059 3156 ἀγαθὸς,
1105 3092 1217 3153 τοῖς
1241 3090 1516 3160 ἁμαρτιῶν
1555 3090 1820 3162 μεστοῖςῆ
1851 3128 1892 3183 c

263 3174 380 3235 τοῖς
405 3172 649 3237 δικαίοις.

345 3435 571 3504 Ἵδωμεν
607 3436 662 3490 δὲ
693 3435 817 3490 τίνα
850 3437 1045 3509 τρόπον
1075 3439 1236 3510 φησὶν
1271 3441 1301 3492 6
1337 3440 1482 3511 παρὰ
1514 3441 1592 3512 τῷ
1630 3443 1820 3512 Κέλσῳ

276 3524 546 3586 Ἰουδαῖος.
571 3527 672 3588 ὅτι,
706 3546 725 3576 ι
765 3528 828 3578 Εἰ
849 3528 894 3579 δ’
919 3525 1009 3582 οὖν
1029 3531 1090 3582 τό
1114 3548 1175 3597 γε
1199 3531 1446 3584 τοσοῦτον
1469 3532 1692 3602 ὤφειλεν
1709 3534 1816 3604 (98)

264 3615 346 3675 είς
378 3613 632 3679 ἐπίδειξιν
663 3615 929 3686 θεότητος,
965 3620 1070 3672 ἀπὸ
1101 3620 1193 3672 τοῦ
1227 3623 1483 3686 σκόλοπος
1509 3625 1636 3693 γοῦν
1661 3626 1819 3689 εὐθὺς
1867 3682 1885 3691 ,

265 3700 474 3770 ἀφανὴς
493 3702 764 3769 γενέσθαι.
809 3725 827 3755 ι
855 3706 965 3758 Kal
1001 3707 1153 3760 τοῦτο
1175 3709 1228 3761 δὲ
1251 3710 1397 3762 δοκεῖ
1421 3729 1507 3781 μοι
1535 3714 1715 3783 ὅμοιον
1741 3711 1818 3766 εἷ-

265 3808 355 3843 ναι
389 3791 466 3860 τῷ
511 3791 650 3863 λόγῳ
683 3793 789 3847 τῶν
815 3796 1317 3852 ἀντιδιατασσόντων
1346 3804 1408 3871 τῇ
1443 3804 1691 3874 Προνοία,
1726 3806 1819 3859 καὶ

259 3879 668 3949 διαγραφόντων
689 3884 896 3946 ἑαυτοῖς
918 3884 1002 3936 Ere
1013 3902 1078 3954 pa
1102 3886 1249 3957 παρά
1273 3889 1340 3941 τὰ
1360 3889 1504 3954 ὄντα,
1529 3893 1619 3945 καὶ
1635 3893 1818 3961 λεγόν-

258 3963 394 4031 των,
424 3969 502 4021 ὅτι
537 3969 740 4038 βέλτιον
766 3969 832 4043 ἦν
860 3975 908 4026 εί
932 3974 1101 4039 οὓτως
1129 3972 1270 4046 εἶχεν
1297 3980 1324 4030 6
1362 3982 1580 4051 κόσμος,
1612 3984 1686 4046 ὠς
1711 3985 1818 4036 διε-

258 4057 573 4128 γράψαμεν.
628 4062 799 4113 Ὅπου
826 4106 828 4108 τ
856 4064 951 4131 μὲν
1005 4063 1112 4136 γὰρ
1169 4066 1367 4120 δυνατά
1416 4070 1815 4141 διαγράφουσιν,

259 4145 573 4213 ἐλέγχονται
595 4147 811 4216 χείρονα
833 4148 1125 4211 ποιοῦντες,
1150 4151 1208 4202 τὸ
1231 4153 1352 4204 ὅσον
1374 4154 1456 4219 ἐφ’
1480 4156 1704 4217 ἑαυτοῖς,
1726 4156 1818 4208 καὶ

261 4238 330 4304 τῇ
355 4236 624 4306 διαγραφῇ
656 4239 850 4318 αὐτῶν,
878 4240 966 4291 τὸν
999 4241 1198 4310 κόσμον
1215 4259 1228 4272 ⁸
1256 4244 1386 4295 ὅπου
1414 4244 1469 4296 δέ
1493 4245 1704 4298 δοκοῦσι
1745 4247 1817 4317 μὴ

263 4327 484 4395 χείρονα
511 4327 916 4397 άναζωγραφεῖν
954 4330 1058 4383 τῶν
1094 4332 1277 4397 όντων,
1315 4335 1720 4409 ἀποδείκνυνται
1751 4338 1818 4411 τὰ

1919 1927 2209 1994 unicuique
2230 1938 2438 1986 eorum,
2461 1936 2687 1990 quorum
2711 1921 2852 1973 vires
2877 1935 2994 1973 eam
3023 1918 3165 1971 ferre
3195 1923 3462 1984 poterant,

1918 2026 1973 2069 et
2013 2024 2269 2081 quantum
2303 2025 2397 2079 per
2427 2011 2548 2064 illas
2583 2011 2723 2062 vires
2759 2008 2968 2063 licebat.
3003 2005 3110 2059 Nec
3141 2006 3244 2058 alia
3278 2019 3462 2068 causa,

1921 2103 2050 2171 quin
2099 2117 2157 2154 se
2193 2108 2513 2154 monstraret
2536 2137 2552 2158 ,
2585 2098 2863 2158 abstinuit,
2898 2112 3060 2164 quant
3096 2097 3236 2163 quod
3273 2095 3462 2148 virium

1919 2192 2020 2246 sibi
2071 2190 2297 2242 videndo
2329 2188 2612 2255 imparium
2648 2188 2910 2238 rationem
2961 2183 3461 2255 liaberet.\Frustra

1918 2293 2044 2347 ergo
2073 2278 2151 2330 sic
2177 2276 2362 2330 Celsus
2393 2244 2625 2341 excipit:
2662 2291 2680 2324 ι
2709 2273 2816 2326 Nec
2846 2273 2991 2324 enim
3023 2244 3464 2339 amplius\lwem-

1920 2365 2062 2432 piam
2096 2364 2369 2417 hominum
2406 2362 2820 2422 reformidabat,
2857 2375 2978 2414 cum
3013 2368 3067 2414 et
3101 2370 3325 2412 mortem
3353 2359 3465 2426 jam

1920 2455 2173 2516 obiisset,
2203 2463 2276 2515 et,
2302 2462 2360 2505 ttt
2392 2451 2572 2505 dicitis
2592 2491 2608 2517 ,
2636 2451 2774 2504 Deus
2801 2459 2941 2504 esset
2966 2466 2980 2501 :
3015 2463 3110 2501 nec
3139 2463 3204 2501 eo
3235 2448 3462 2501 consilio

1919 2545 2150 2612 primum
2202 2543 2398 2596 missus
2443 2543 2638 2608 fuerat,
2672 2551 2730 2594 ut
2771 2533 2936 2611 438
2980 2540 3190 2593 lateret.
3223 2557 3242 2590 ι
3277 2538 3466 2593 Missus

1921 2639 2003 2683 est
2035 2631 2200 2694 enim,
2231 2645 2338 2683 non
2373 2639 2581 2683 tantum
2616 2639 2671 2682 ut
2704 2640 3149 2698 cognosceretur,
3181 2630 3273 2682 scd
3302 2630 3465 2682 etiam

1921 2726 1980 2772 ut
2007 2717 2215 2772 lateret.
2244 2715 2376 2770 Nam
2411 2732 2508 2771 nec
2546 2717 2612 2769 iis
2642 2717 2854 2784 quidem
2883 2716 2972 2784 qui
3009 2716 3154 2770 illum
3181 2731 3466 2785 cognosce-

1924 2807 2092 2870 bant,
2129 2814 2315 2859 notum
2356 2815 2470 2859 erat
2504 2815 2670 2859 totum
2703 2808 2844 2873 quod
2875 2815 2992 2859 erat
3022 2823 3037 2871 ;
3075 2807 3164 2859 sed
3193 2806 3318 2874 quid
3351 2806 3469 2874 ejus

1924 2894 2045 2948 illos
2080 2894 2346 2963 fugiebat:
2391 2894 2710 2962 quibusdam
2760 2904 2935 2948 autem
2971 2909 3191 2963 prorsus
3229 2895 3467 2965 incogni-

1926 2993 2014 3039 tus
2047 2983 2165 3038 fuit.
2200 2985 2310 3039 Illis
2339 2999 2468 3039 vero
2503 2993 2684 3052 portas
2713 2984 2847 3039 lucis
2874 2986 3112 3053 aperuit,
3144 2985 3232 3053 qui
3262 2985 3357 3037 ﬁlii
3387 2995 3468 3039 tc-

1927 3077 2217 3130 nebrarum
2247 3087 2300 3129 et
2332 3077 2509 3130 noctis
2540 3076 2651 3129 uati
2690 3077 2956 3130 dederunt
2985 3090 3198 3143 operam
3226 3115 3242 3140 ,
3278 3086 3335 3129 ut
3364 3077 3469 3130 diei

1924 3176 1979 3221 et
2002 3166 2139 3220 lucis
2167 3166 2258 3219 lilii
2293 3165 2500 3218 ﬁerent.
2535 3166 2600 3219 Et
2629 3165 2871 3219 Salvator
2903 3165 3183 3230 Dominus,
3211 3175 3267 3219 ut
3297 3167 3469 3219 bonus

1890 3322 1893 3326 ι
1923 3257 2165 3311 medicus
2199 3257 2376 3322 potius
2401 3256 2548 3308 venit
2575 3256 2640 3308 ad
2675 3271 2771 3310 nos
2802 3256 3043 3324 peccatis
3067 3255 3269 3325 plenos,
3302 3271 3463 3324 quam

1922 3347 1987 3400 ad
2009 3346 2187 3412 justos
2213 3346 2275 3400 “.

1994 3436 2082 3490 68.
2117 3435 2241 3489 Jam’
2263 3436 2540 3491 videamus
2569 3451 2807 3505 quaenam
2836 3437 2968 3500 sint,
3000 3451 3119 3506 qua?
3151 3447 3339 3506 postea
3374 3436 3469 3492 Ju-

1922 3525 2065 3579 dacus
2111 3526 2250 3595 apud
2281 3525 2493 3578 Celsum
2543 3526 2726 3581 dicat:
2779 3547 2798 3578 ι
2833 3525 2982 3591 Quod
3025 3528 3070 3580 si
3125 3529 3223 3581 hoc
3251 3530 3421 3596 ipsum
3450 3568 3467 3593 ,

1923 3614 2134 3682 inquit,
2173 3615 2493 3669 conduceret
2541 3616 2656 3684 ejus
2705 3616 2971 3670 divinitati
3018 3617 3465 3684 comprobanda,

1922 3705 2101 3758 subito
2133 3719 2164 3758 e
2213 3712 2375 3760 cruce
2422 3719 2742 3759 evanescere
2773 3707 2975 3760 debuit.
3006 3725 3024 3757 ι
3060 3707 3113 3760 ld
3156 3717 3304 3761 certe
3334 3709 3467 3762 mihi

1919 3795 2091 3849 simile
2141 3796 2356 3849 videtur
2401 3796 2632 3849 sermoni
2688 3811 2914 3861 eorum,
2967 3798 3057 3865 qui
3115 3800 3467 3866 providentia:

1919 3886 2120 3948 hostes,
2147 3895 2201 3939 et
2227 3887 2405 3948 rebus,
2430 3895 2488 3937 ut
2516 3885 2746 3938 conditae
2773 3895 2918 3950 sunt,
2953 3888 3174 3943 minime
3200 3889 3463 3951 contenti,

1919 3973 2050 4026 alias
2074 3974 2404 4032 describunt,
2434 3972 2762 4040 dicuntque:
2801 3985 3000 4042 quanto
3027 3977 3213 4030 melior
3239 3978 3468 4030 mundus

1918 4069 2082 4124 esset,
2114 4062 2156 4114 si
2189 4061 2259 4114 ita
2286 4062 2526 4125 haberet,
2555 4073 2608 4115 ut
2638 4065 3046 4132 descripsimus!
3077 4065 3226 4119 Unde
3245 4067 3466 4129 accidit,

1919 4161 2007 4212 ut,
2037 4150 2081 4203 si
2130 4150 2440 4205 describant
2487 4135 2604 4223 qua:
2660 4154 2774 4207 fieri
2826 4163 3072 4223 possunt,
3107 4156 3462 4223 deteriorem,

1918 4251 2174 4302 quantum
2216 4243 2268 4296 in
2309 4257 2369 4296 se
2402 4243 2502 4296 fuit
2526 4283 2543 4308 ,
2571 4259 2662 4297 sua
2692 4244 3053 4312 descriptione
3086 4245 3278 4301 fecisse
3309 4265 3464 4301 mun-

1917 4329 2042 4383 dum
2072 4338 2400 4398 arguantur;
2427 4330 2506 4382 sin
2539 4339 2718 4381 autem
2749 4330 2959 4398 pejora,
2981 4347 3141 4400 quam
3170 4346 3286 4399 qua:
3317 4341 3463 4399 sunt,

262 4415 334 4482 τῇ
366 4413 521 4481 φύσει
553 4415 1148 4490 ἀδύνατα·βουλόμενοι·
1177 4423 1252 4486 ὡς
1291 4426 1560 4496 ἑκατέρως
1590 4428 1695 4498 (99)
1722 4429 1818 4481 αὐ-

1925 4435 2029 4473 non
2081 4422 2382 4474 dclineasse
2432 4419 2758 4486 videantur,
2796 4422 3086 4476 ostendunt
3137 4437 3196 4476 se
3235 4423 3466 4477 voluisse

261 4503 394 4565 τοὺς
424 4505 848 4573 καταγελάστους
879 4505 1034 4563 εἶναι.
1064 4513 1170 4565 Kal
1204 4514 1384 4567 ἐνθάδε
1417 4516 1590 4569 τοίνυν
1614 4519 1693 4570 ὃτι
1721 4518 1817 4587 μὲν

261 4593 369 4646 οὐκ
393 4594 646 4649 ἀδύνατον
673 4596 841 4668 ἥξειν,
870 4601 944 4662 ὡς
966 4602 1022 4652 ἐν
1056 4605 1119 4670 τῇ
1147 4603 1387 4674 θειοτέρα
1417 4607 1590 4672 φύσει,
1629 4608 1695 4658 i'v‘
1730 4609 1817 4660 ὅτε

265 4682 520 4751 βούληται
545 4687 753 4757 ἀφανὴς
777 4673 1013 4758 γένηται.
1044 4689 1135 4741 καὶ
1160 4673 1376 4743 αὐτόθεν
1403 4694 1496 4758 μὲν
1521 4695 1693 4763 δῆλον,
1725 4714 1817 4750 σα-

264 4772 369 4839 φὲς
410 4773 467 4824 δὲ
510 4775 610 4843 καὶ
647 4777 710 4828 ἐκ
754 4777 858 4828 τῶν
890 4779 1282 4850 γεγραμμένων
1326 4783 1450 4851 περὶ
1491 4785 1672 4849 αὐτοῦ,
1705 4790 1816 4850 τοῖς

269 4862 344 4929 μή
392 4878 511 4913 τινα
566 4863 661 4929 μὲν
702 4863 808 4915 τῶν
859 4867 1248 4936 γεγραμμένων
1283 4873 1684 4941 προσιεμένοις,
1733 4859 1834 4928 ἴναί

267 4951 679 5019 κατηγορήσωσι
702 4953 791 5005 τοῦ
826 4953 1002 5023 λόγου,
1022 4957 1142 5010 τινὰ
1173 4957 1229 5009 δέ
1252 4959 1538 5029 πλάσματα
1560 4964 1818 5033 οἰομένοις

265 5034 571 5104 τυγχάνειν.
616 5038 924 5118 Γέγραπται
962 5044 1018 5096 δέ
1057 5045 1113 5096 ἐν
1156 5045 1234 5114 τῷ
1279 5047 1418 5121 κατά
1457 5050 1686 5112 Λουκᾶν,
1735 5054 1815 5105 ὅτι

271 5125 410 5195 μετά
439 5127 538 5198 τὴν
576 5129 865 5185 ἀνάστασιν
899 5121 1078 5186 λαϐὼν
1109 5128 1216 5189 τὺνΪ
1238 5137 1397 5210 ἄρτον
1429 5140 1456 5188 ό
1499 5127 1698 5208 Ἰησοῦς
1732 5124 1828 5193 ad:

237 5214 484 5286 -λόγησε,
538 5219 631 5270 καὶ
679 5219 881 5286 κλάσας
932 5221 1168 5273 ἐπεδίδου
1214 5221 1290 5292 τῷ
1335 5224 1536 5292 Σίμωνι
1593 5225 1686 5299 καὶ
1738 5227 1815 5293 τῷ

266 5305 516 5382 Κλεόπα-
550 5307 817 5360 λαϐόντων
839 5309 1089 5384 δ’ἀύτῶν
1111 5310 1200 5361 τὸν
1237 5310 1416 5379 άρτον,
1445 5307 1815 5384 διηνοίχθησαν

1922 4524 2038 4576 qua:
2067 4519 2270 4564 natura:
2297 4522 2590 4580 repugnent
2621 4530 2634 4566 :
2671 4512 2744 4565 ita
2782 4522 2839 4564 ut
2869 4513 3116 4581 utrinque
3152 4512 3463 4580 perridiculi

1922 4599 2048 4669 sint.
2099 4597 2198 4652 Hic
2249 4598 2429 4667 itaque
2465 4600 2709 4654 accidere
2754 4601 2991 4669 potuisse
3016 4643 3029 4664 ,
3064 4609 3119 4653 ut
3145 4598 3301 4654 Jesus
3331 4640 3346 4666 ,
3372 4602 3465 4670 qui

1921 4698 2111 4741 natura
2149 4688 2288 4742 Deus
2315 4698 2433 4742 erat
2461 4729 2476 4752 ,
2507 4691 2717 4757 quando
2748 4690 2939 4752 vellet,
2968 4700 3338 4755 evanesceret,
3376 4707 3464 4756 res

1921 4794 2018 4848 per
2051 4793 2110 4832 se
2138 4779 2352 4846 quidem
2382 4789 2556 4847 patet:
2591 4779 2681 4832 sed
2713 4794 2776 4832 ex
2807 4779 2872 4832 iis
2901 4795 3021 4847 qua:
3048 4781 3112 4834 de
3141 4782 3231 4834 illo
3258 4781 3460 4849 scripta

1917 4880 2042 4924 sunt
2067 4881 2250 4939 aperte
2280 4873 2544 4940 colligitur
2567 4913 2581 4933 ,
2613 4871 2805 4924 saltem
2834 4873 2900 4925 ab
2931 4873 3017 4934 iis,
3050 4875 3139 4941 qui
3174 4889 3277 4927 non
3310 4889 3461 4941 qua-.-

1919 4959 2038 5013 dam
2061 4977 2091 5014 e
2115 4961 2407 5029 Scripturis
2437 4961 2700 5028 recipiunt
2722 4970 2780 5015 ut
2805 4963 3104 5017 doctrinam
3128 4964 3465 5017 calumnie'n-

1921 5061 2007 5102 tur
2032 5089 2047 5113 ,
2075 5063 2269 5103 (cetera
2306 5065 2434 5103 vero
2458 5052 2704 5121 ﬁgmenta
2733 5069 2851 5108 esse
2876 5053 3205 5107 existimant.
3239 5053 3370 5106 Nam
3403 5058 3460 5107 in

1919 5138 2206 5206 Evangelia
2232 5141 2524 5194 secundum
2569 5141 2767 5197 Lucam
2803 5145 3058 5211 scriptum
3108 5153 3190 5196 est
3215 5142 3279 5206 '7,
3313 5143 3460 5197 illum

1920 5235 2040 5294 post
2069 5243 2218 5282 suam
2252 5234 2696 5287 resurrectionem
2726 5235 2997 5300 accepisse
3026 5246 3214 5299 panem
3241 5271 3257 5295 ,
3289 5232 3454 5286 bene-

1919 5317 2153 5385 dixisse,
2180 5330 2234 5376 et
2268 5323 2498 5378 fractum
2534 5325 2836 5394 porrexisse
2871 5324 3073 5377 Simoni
3105 5332 3159 5378 et
3200 5323 3457 5392 Cle'opte;

343 5430 390 5462 ⁸³
421 5431 553 5486 Gen.
580 5446 694 5498 ιιι,
720 5435 806 5489 Η.
883 5435 926 5467 ¹⁶
953 5435 1080 5490 Luc.
1103 5453 1216 5503 nx,
1249 5439 1335 5496 10.
1413 5442 1453 5472 ⁸⁷
1487 5440 1615 5496 Luc.
1642 5460 1787 5508 xxiv,
1818 5444 1906 5499 '50.

341 5564 456 5636 (98)
485 5564 627 5643 Libri
678 5568 941 5643 impressi
972 5571 1036 5643 ad
1088 5572 1404 5641 marginem,
1437 5572 1659 5643 ὤφελεν.
1693 5577 1804 5632 lbi—

266 5634 556 5714 dett‘t‘poeil
580 5634 793 5714 ἀφανὴς
821 5639 1088 5714 γενέσθαι,
1114 5634 1530 5696 subaudiendum
1555 5645 1799 5714 ὠφειλεν.

337 5703 452 5776 (99)
486 5703 949 5780 ⁸Εκαὲέρὼςζ5ίο
976 5724 1162 5765 omnes
1185 5726 1315 5766 mss.
1341 5722 1392 5766 et
1424 5723 1506 5768 est
1542 5703 1667 5770 vera
1704 5718 1802 5772 bu-
1828 5773 1832 5776 _

1901 5580 1990 5649 jus
2029 5581 2534 5655 loci_le_ctio.ALibh.
2579 5584 2853 5655 impressi.
2899 5585 3078 5655 ἐκατέε
3123 5602 3202 5649 υς.
3252 5581 3453 5640 Ibidem

1907 5666 2059 5718 mss.,
2086 5652 2266 5706 ἐνθάδε
2289 5652 2466 5706 τοίνυν
2495 5653 2574 5705 ὅτι
2605 5653 2702 5722 μὲν
2730 5655 2848 5708 οὐκ.
