4076 6310
681 407 787 463 905

2073 405 2420 492 ,οιιιᾳιιξιιιδ

3776 421 3888 474 ηθί

681 522 915 585 illorum,
949 532 1169 591 accepto
1195 537 1357 591 pane,
1390 530 1602 591 apertos
1640 522 1828 577 oculos
1865 522 2048 587 fuisse,
2071 533 2123 579 et
2156 523 2216 576 il-

2319 521 2498 575 αὐτῶν
2531 525 2576 576 οἱ
2606 523 2886 595 ὀφθαλμοὶ,
2919 528 3010 578 καὶ
3046 529 3352 596 ἐπέγνωσαν
3390 528 3568 591 αὐτον,
3597 529 3686 582 καὶ
3714 531 3892 591 αὐτὸς

682 611 788 664 lum
824 623 1102 680 postquam
1132 613 1201 664 ab
1231 611 1333 665 illis
1357 612 1603 678 cognitus
1625 621 1723 676 est,
1750 613 2051 666 evanuisse.

747 703 836 757 69.
861 703 1099 757 Probare
1135 712 1318 755 autem
1356 702 1604 773 volumus
1635 716 1736 753 non
1771 702 1950 753 utilius
1987 704 2221 754 futurum

679 792 846 847 fuisse
888 795 952 844 avi
988 794 1296 846 universam
1341 790 1790 858 dispensationem
1818 831 1833 854 ,
1880 793 1922 844 si
1973 793 2151 845 subito
2193 805 2223 843 e

679 899 839 937 cruce
891 898 1089 951 corpus
1113 884 1230 950 ejus
1270 883 1598 935 evanuisset.
1627 881 1751 946 Quae
1775 880 1900 935 Jesu
1935 884 2222 951 contigisse

675 976 1002 1039 scribuntur,
1034 989 1096 1027 ex
1132 975 1288 1026 nudis
1320 975 1516 1028 litteris
1544 975 1762 1043 solaque
1793 975 2012 1028 historia
2039 975 2218 1028 consi-

612 1128 616 1132 ,
673 1064 910 1117 derauda
946 1078 1049 1114 non
1081 1070 1224 1127 sunt,
1260 1063 1412 1130 quasi
1448 1072 1557 1115 tota
1595 1063 1643 1114 in
1683 1064 1746 1116 iis
1782 1063 1983 1116 veritas
2039 1064 2220 1117 consi-

672 1161 862 1205 steret.
885 1151 1022 1206 Nihil
1047 1152 1187 1205 enim
1211 1166 1394 1204 eorum
1416 1160 1515 1212 est,
1538 1151 1678 1220 quod
1702 1152 1926 1205 alterius
1943 1151 2218 1218 cujusdam

672 1241 749 1294 rei
777 1241 984 1310 signum
1011 1256 1129 1294 esse
1160 1257 1265 1294 non
1302 1243 1729 1296 animadvertant
1763 1243 1940 1311 ii,'qui
1969 1244 2219 1312 Scriptu-

669 1345 760 1385 ras
789 1333 1103 1400 prudentius
1146 1334 1351 1400 legunt.
1395 1332 1580 1402 Itaque
1613 1335 1753 1401 quod
1794 1334 1882 1387 ille
1927 1335 2219 1389 cruciﬁxus

671 1432 754 1477 est
784 1463 797 1486 ,
834 1424 883 1476 id
921 1426 1202 1477 veritatem
1233 1424 1393 1478 habet
1421 1425 1473 1478 in
1509 1426 1591 1478 his
1621 1444 1633 1479 τ
1676 1445 1694 1475 ‹
1729 1425 1946 1482 Christo
1977 1428 2227 1482 conﬁxus

669 1529 786 1566 sum
813 1515 991 1578 cruci;
1033 1533 1052 1564 ι
1075 1523 1127 1568 et
1159 1515 1209 1566 iu
1234 1514 1559 1569 istisszihi
1591 1523 1768 1570 autem
1796 1516 1934 1570 absit
1967 1517 2214 1586 gloriari,

671 1605 775 1658 nisi
820 1605 874 1657 in
908 1620 1068 1658 cruce
1113 1605 1318 1657 Domini
1351 1606 1454 1659 mei
1495 1605 1621 1660 Jesu
1665 1606 1905 1674 Christi,
1937 1623 2215 1677 perquam

669 1696 801 1749 mihi
834 1697 1383 1749 mundus’crucilixus
1424 1706 1507 1751 est
1551 1707 1605 1751 et
1647 1713 1746 1765 ego
1776 1699 1975 1753 mundo
1993 1701 2068 1766 ¹⁶;
2106 1719 2124 1751 ι
2164 1712 2218 1756 et

669 1800 816 1840 mors
857 1786 970 1854 ejus
1017 1787 1321 1840 necessaria
1376 1787 1477 1840 fuit
1523 1797 1743 1855 propter
1791 1790 1962 1844 illud:
2008 1808 2031 1840 ι
2065 1791 2214 1859 Quod

670 1876 811 1930 enim
837 1884 1078 1930 mortuus
1103 1886 1186 1930 est
1217 1888 1458 1946 peccato,
1494 1883 1739 1934 mtirtuus
1765 1889 1848 1934 est
1882 1881 2041 1935 semel
2070 1883 2110 1913 "
2141 1900 2155 1947 ;
2191 1902 2208 1932 ι

670 1965 794 2017 item
814 1975 869 2016 ut
884 1965 1020 2016 idem
1040 1965 1262 2028 diceret,
1286 1983 1372 2020 «se
1395 1967 1784 2035 conﬁguratum
1810 1971 1966 2022 morti
1984 1968 2099 2035 ejus
2114 1969 2178 2032 η,
2193 1988 2210 2020 ι

666 2068 720 2110 et
777 2057 949 2108 istud:
990 2075 1009 2106 ι
1048 2055 1178 2108 Nam
1210 2057 1254 2109 si
1289 2059 1612 2111 commortui
1643 2071 1850 2121 sumus,
1882 2068 1934 2112 et
1965 2059 2218 2112 convive-

666 2161 785 2198 mus
807 2148 870 2198 ¹¹.
905 2166 922 2198 ι
955 2146 1044 2199 Sic
1074 2157 1127 2198 et
1157 2148 1274 2213 ejus
1303 2135 1576 2214 sepultura
1608 2148 2003 2201 accommodari
2036 2158 2217 2216 potest

665 2236 827 2306 439
847 2237 910 2290 ad
927 2252 1039 2299 eos,
1063 2238 1151 2304 qui
1177 2238 1336 2290 morti
1365 2237 1481 2304 ejus
1511 2239 1812 2292 contortius
1843 2238 2041 2291 conﬁxi
2090 2249 2216 2291 sunt

668 2344 786 2378 cum
811 2328 897 2379 illo
923 2328 1100 2391 cruci,
1126 2340 1179 2379 et
1209 2343 1328 2382 cum
1355 2329 1449 2382 illo
1480 2329 1673 2382 mortui
1703 2338 1846 2382 sunt.
1872 2327 1926 2381 id
1957 2344 2054 2382 nos
2079 2328 2216 2381 Pau-

667 2415 752 2468 lus
782 2415 933 2468 docet
965 2418 1045 2470 his
1071 2419 1249 2472 verbis
1276 2433 1288 2468 :
1321 2437 1338 2468 ι
1367 2418 1672 2485 Consepulti
1702 2419 1843 2471 enim
1877 2433 2062 2470 sumus
2093 2433 2212 2470 cum
2263 2415 2274 2423 ’

669 2505 761 2558 illo
793 2521 886 2574 per
921 2505 1266 2574 baptismum,
1299 2516 1352 2562 et
1390 2523 1509 2562 cum
1554 2508 1651 2561 illo
1675 2507 2064 2560 resurreaimus
2085 2509 2150 2560 “.
2192 2526 2210 2556 ι

669 2596 776 2649 Sed
808 2611 890 2662 ea,
927 2611 1043 2665 qum
1077 2599 1141 2652 de
1164 2599 1462 2668 sepultura,
1494 2600 1557 2653 de
1582 2599 1831 2666 sepulcro
1860 2599 2004 2652 etde
2036 2613 2098 2651 eo
2125 2598 2212 2667 qui

667 2686 929 2758 sepelivit,
963 2689 1160 2756 scripta
1188 2699 1334 2754 sunt,
1391 2690 1558 2743 fusius
1589 2690 1714 2742 alibi
1756 2689 2214 2758 opportuniusque

622 2818 625 2819 ν
665 2779 983 2839 edisseram,
1028 2779 1114 2829 uhi
1164 2778 1230 2830 de
1268 2779 1371 2831 illis
1407 2782 1529 2831 data
1574 2795 1734 2849 opera
1781 2779 2042 2847 agendum
2084 2781 2209 2832 erit.

665 2868 818 2922 Nunc
840 2871 971 2922 satis
998 2869 1160 2921 fuerit
1180 2870 1527 2923 considerare
1550 2873 1674 2939 quid
1701 2873 1800 2925 sibi
1831 2873 1998 2924 velint
2021 2872 2210 2925 sindou

667 2963 880 3020 munda,
915 2977 1018 3030 qua
1054 2978 1249 3030 purum
1281 2962 1404 3016 Jesu
1441 2978 1637 3031 corpus
1666 2963 1862 3015 involvi
1910 2965 2211 3031 oportebat,

667 3059 721 3101 ct
745 3063 1155 3104 monumentum
1191 3052 1455 3104 novumin
1490 3062 1638 3120 petra
1664 3053 1907 3105 excisum
1934 3067 1961 3103 a
1992 3051 2210 3119 Josepb,

2324 611 2554 678 ἄφαντος
2580 613 2797 679 ἐγένετο
2831 615 2924 667 ἀπ’
2966 616 3161 675 αὐτῶν.

2393 700 2625 769 Θέλομεν
2655 701 2711 752 δὲ
2750 704 3111 772 παραστῆσαι,
3142 704 3255 766 πῶς
3279 704 3338 756 οὐ
3371 705 3784 775 χρησιμώτερον
3817 702 3892 773 ἦν

2323 787 2456 856 πρὸς
2481 787 2575 858 τὴν
2608 791 2912 858 οἰκονομίαν
2939 792 3063 862 ὅλην
3089 795 3147 844 τὸ
3177 791 3333 855 εὐθὺς
3358 794 3462 844 ἀπὸ
3497 794 3586 846 τοῦ
3613 795 3893 855 σκόλοπος

2322 882 2480 933 αὐτὸν
2517 883 2694 951 ἀφανῆ
2735 884 2980 949 γενέσθαι
3016 885 3351 956 σωματικῶς.
3383 886 3462 944 Τά
3481 887 3896 955 συμϐεϐηκέναι

2322 973 2777 1042 ἀναγεγραμμένα
2813 973 2888 1044 τῷ
2941 975 3110 1045 Ἰησοῦ
3140 978 3237 1028 οὐκ
3273 980 3329 1028 ὲν
3355 977 3481 1046 ψιλῇ
3509 981 3572 1046 τῇ
3605 976 3746 1039 λέξει
3792 979 3897 1028 καὶ

2319 1067 2383 1133 τῇ
2437 1060 2641 1134 ἱστορίᾳ
2677 1065 2775 1134 τὴν
2820 1067 2996 1117 πᾶσαν
3036 1067 3144 1134 ἔχει
3189 1067 3416 1136 θεωρίαν
3453 1066 3552 1134 τῆς
3597 1066 3889 1134 ἀληθείας.

2323 1156 2590 1206 Ἕκαστον
2631 1155 2736 1230 γὰρ
2780 1156 2954 1209 αὐτῶν
3001 1158 3092 1208 καὶ
3133 1157 3396 1226 σύμϐολόν
3436 1174 3579 1218 τινος
3609 1153 3745 1209 εἶναι
3809 1157 3893 1226 (1)

2321 1245 2469 1312 παρὰ
2496 1249 2604 1308 τοῖς
2634 1245 2989 1316 συνετώτερον
3017 1247 3394 1314 ἐντυγχάνουσι
3424 1249 3488 1315 τῇ
3520 1247 3702 1316 Γραφῇ
3733 1247 3894 1298 ἀπο-

2317 1336 2606 1389 δείκνυται.
2636 1338 2842 1406 Ὠσπερ
2867 1334 2958 1390 οὖν
2977 1338 3037 1388 τὸ
3065 1337 3432 1407 σταυρωθῆναι
3452 1337 3609 1389 αὑτὸν
3639 1338 3750 1406 ἔχει
3782 1338 3893 1406 τὴν

2319 1427 2647 1499 δηλουμένην
2685 1429 2934 1499 ἀλήθειαν
2971 1431 3026 1480 ἐν
3057 1430 3152 1499 τῷ,
3202 1451 3218 1479 ι
3257 1428 3474 1499 Χριστῷ
3503 1428 3888 1496 συνεσταύρω-

2323 1536 2450 1588 μαι·
2492 1538 2510 1570 ι
2550 1521 2641 1571 καὶ
2672 1508 2761 1572 τοῦ
2798 1521 3186 1590 σημαινομένου
3219 1520 3292 1588 (2)
3324 1520 3385 1570 ἐκ
3414 1518 3526 1581 τοῦ,
3560 1537 3576 1568 ι
3625 1519 3785 1585 Ἐμοὶ
3829 1519 3890 1570 δὲ

2323 1609 2395 1679 μὴ
2433 1609 2639 1677 γένοιτο
2670 1609 2968 1678 καυχᾶσθαι
2997 1612 3044 1660 εἰ
3075 1609 3147 1679 μὴ
3177 1612 3231 1661 ὲν
3271 1609 3346 1677 τῷ
3392 1606 3601 1676 σταυρῷ
3625 1606 3717 1658 τοῦ
3759 1609 3888 1658 Κυ-

2323 1703 2436 1772 ρίου
2489 1719 2587 1770 μου
2630 1701 2802 1769 Ἰησοῦ
2834 1701 3086 1769 Χριστοῦ,
3117 1700 3181 1752 δι’
3209 1693 3268 1752 οὗ
3297 1700 3420 1768 ἐμοὶ
3451 1699 3647 1768 κόσμος
3676 1697 3884 1749 ἐσταύ-

2323 1807 2506 1860 ρωται,
2533 1789 2684 1856 κάγὼ
2706 1788 2783 1858 τῷ
2803 1789 3016 1857 κόσμῳ·
3055 1807 3072 1837 ι
3106 1791 3198 1841 καὶ
3223 1791 3250 1840 ὁ
3283 1789 3506 1851 Θάνατος
3529 1787 3689 1840 αὑτοῦ
3713 1789 3888 1855 ἀναγ-

2319 1882 2467 1940 καῖος
2492 1919 2504 1940 ,
2544 1879 2629 1931 διὰ
2656 1881 2734 1942 τὸ,
2758 1897 2775 1929 ι
2816 1881 2878 1930 Ὃ
2905 1878 3009 1948 γάρ
3034 1879 3285 1940 ἀπέθανε,
3310 1882 3374 1948 τῇ
3404 1878 3642 1948 ἁμαρτίᾳ
3671 1878 3882 1929 ἀπέθα-

2317 1985 2404 2019 νεν
2421 1967 2630 2035 ἐφάπαξ
2651 1983 2663 1996 ⁸
2692 1987 2709 2018 ι
2731 1968 2821 2020 καὶ
2837 1967 2997 2019 διὰτὸ
3011 1967 3184 2035 λέγειν
3207 1982 3222 1996 ⁸
3247 1986 3264 2017 ι
3289 1967 3783 2037 Συμμορφοὺμενος
3801 1966 3880 2036 3)

2315 2059 2390 2128 τῷ
2423 2059 2631 2127 Θανάτῳ
2671 2057 2869 2111 αὐτοῦ’
2919 2077 2938 2108 ›
2989 2058 3080 2109 καὶ
3116 2057 3195 2119 τὸ,
3244 2077 3262 2108 ι
3302 2059 3364 2110 El.
3411 2058 3875 2127 συναπεθάνομεν,
3915 2106 3920 2110 .

2314 2149 2408 2201 καὶ
2455 2149 2785 2218 συζήσομεν·
2841 2167 2858 2197 ι
2911 2145 3052 2200 οὕτω
3080 2150 3171 2201 καὶ
3205 2150 3238 2217 ή
3286 2148 3428 2218 ταφὴ
3480 2148 3643 2200 αὑτοῦ
3685 2149 3873 2216 φθάνει

2317 2244 2407 2295 ἐπὶ
2437 2242 2561 2303 τοὺς
2596 2240 2944 2311 συμμόρφους
2993 2240 3085 2291 τοῦ
3131 2241 3356 2293 θανάτου
3384 2241 3570 2303 αὑτοῦ,
3616 2245 3713 2295 καὶ
3749 2247 3869 2306 τοὺς

2320 2348 2521 2383 συσταυ
2533 2330 2798 2398 ρωθέντας
2823 2329 2969 2398 αὐτῷ
2991 2329 3080 2381 καὶ
3113 2331 3599 2393 συναποθανόντας,
3626 2333 3762 2385 καθὸ
3783 2337 3877 2386 καὶ

2315 2420 2390 2489 τῷ
2413 2419 2604 2488 Παύλῳ
2636 2418 2876 2470 λέλεκται
2901 2421 2982 2482 τὸ,
3015 2438 3033 2470 ι
3067 2421 3444 2488 Συνετάφημεν
3473 2421 3581 2491 γὰρ
3614 2423 3760 2490 αὺτῴ
3785 2423 3871 2475 διὰ

2314 2509 2409 2563 τοῦ
2450 2507 2841 2578 βαπτίσματος,
2875 2509 2966 2559 καὶ
2993 2508 3383 2578 συνανέστημεν
3411 2509 3577 2578 αὐτῷ.
3618 2530 3635 2560 ι
3683 2513 3868 2580 Ἡμεῖς

2315 2600 2371 2653 δὲ
2424 2600 2517 2653 καὶ
2552 2599 2619 2651 τὰ
2663 2599 2787 2666 περὶ
2825 2599 2921 2668 τῆς
2959 2599 3156 2667 ταφῆς,
3195 2601 3285 2652 καὶ
3321 2599 3413 2652 τοῦ
3456 2601 3730 2670 μνημείου,
3767 2603 3857 2653 καὶ

2318 2691 2413 2746 τοῦ
2430 2690 2713 2759 θάψαντος,
2728 2691 3178 2759 ἀναγεγραμμένα
3203 2690 3575 2761 εὐκαιρότερον
3599 2691 3676 2742 διὰ
3691 2690 3857 2742 πλειό-

2315 2798 2419 2834 νων
2453 2782 2508 2832 ἐν
2542 2778 2718 2840 ἄλλοις
2738 2818 2752 2842 ,
2804 2779 2927 2831 ἔνθα
2972 2780 3388 2850 προηγουμένως
3421 2782 3542 2832 ἐστὶ
3586 2782 3706 2850 περί
3738 2781 3860 2833 τού-

2313 2888 2420 2925 των
2466 2870 2538 2939 (4)
2577 2871 2786 2937 λέγειν,
2834 2869 3222 2940 διηγησόμεθα.
3256 2871 3389 2924 Νυνὶ
3441 2872 3484 2924 δ’
3518 2873 3787 2944 αὐτάρκης
3832 2874 3870 2943 ἡ

2315 2961 2526 3033 καθαρὰ
2570 2961 2780 3024 σινδὼν,
2825 2959 2947 3034 ὲνῇ
2991 2962 3095 3015 ἔδει
3127 2964 3184 3016 τὸ
3215 2962 3447 3033 καθαρὸν
3502 2964 3875 3034 ὲντυλιχθῆναι

2317 3053 2476 3122 σῶμα
2505 3052 2596 3104 τοῦ
2639 3051 2831 3120 Ἰησοῦ,
2873 3055 2967 3105 καὶ
3005 3053 3066 3105 τὺ
3102 3054 3284 3106 καινὸν
3327 3058 3605 3123 μνημεῖον,
3638 3055 3665 3106 ὃ
3693 3055 3878 3107 ἐλατό-

668 3141 755 3192 ltili
784 3143 1016 3195 nondum
1047 3143 1332 3211 quisquam
1376 3143 1621 3212 jacucrat
1644 3144 1709 3207 ’⁸,
1740 3142 1820 3196 vel
1843 3182 1856 3202 ,
1903 3151 1959 3196 ut
1979 3141 2213 3208 ,loannes

2318 3158 2455 3210 μησε
2501 3142 2565 3210 τῇ
2612 3141 2784 3210 πέτρᾳ
2829 3143 2856 3192 ὁ
2901 3141 3125 3210 Ἰωσὴφ,
3164 3136 3223 3194 οὗ
3268 3141 3366 3193 οὐκ
3401 3137 3466 3210 ῆν
3510 3140 3662 3193 οὔπω
3699 3141 3880 3205 οὐδεὶς

667 3230 954 3297 1οιιιιίιιιτ,ι
975 3229 1146 3300 inquo
1172 3235 1409 3287 nondum
1427 3235 1715 3302 quisquam
1750 3234 1956 3303 positus
1976 3232 2173 3287 erat".
2189 3253 2208 3284 ι

668 3323 802 3376 Vide
831 3338 971 3376 nunc
995 3339 1060 3376 an
1093 3333 1390 3377 concentus
1425 3325 1501 3378 illi
1549 3326 1712 3378 trium
1739 3316 2213 3393 evangelistarum,

666 3413 860 3481 quibus
883 3429 1024 3468 curae
1044 3415 1214 3467 fuitut
1241 3417 1482 3468 excisum
1508 3412 1599 3470 seu
1629 3415 1964 3484 exsculptum
1992 3416 2042 3468 in
2068 3425 2214 3483 petra

667 3515 1072 3559 monumentum
1099 3508 1492 3572 describerent,
1533 3507 1852 3573 compellere
1883 3519 2212 3574 quemquam

667 3596 859 3664 poSsit,
885 3605 943 3648 ut
972 3610 1159 3649 eorum
1196 3611 1315 3663 quae
1342 3596 1539 3663 scripta
1577 3604 1700 3647 sunt
1751 3604 2090 3659 perscrutans
2129 3610 2216 3647 ra-

670 3685 862 3749 tiones,
898 3685 1119 3751 -aliquid
1174 3685 1225 3737 in
1265 3685 1331 3738 iis
1367 3683 1743 3738 absconditum
1796 3691 1850 3734 et
1902 3684 2212 3736 abstrusum

667 3776 922 3841 iuquirat,
978 3775 1124 3830 sicut
1177 3783 1233 3828 et
1277 3774 1330 3826 in
1385 3776 1624 3827 novitate
1673 3773 2212 3839 monumenti,qnam

667 3863 942 3919 lilatthzeus
973 3874 1026 3919 et
1053 3862 1294 3918 Joannes
1313 3871 1701 3924 mentorarunt,
1729 3871 1779 3914 et
1809 3861 1858 3911 in
1894 3876 1955 3913 ca
1982 3859 2134 3912 Lucm
2163 3868 2216 3912 et

667 3954 891 4008 Joannis
912 3957 1311 4020 observatione,
1337 3955 1543 4008 nullmn
1582 3953 1652 4005 ibi
1693 3961 1963 4005 mortuum
1988 3952 2215 4018 positqu

667 4047 906 4102 fuisse“.
940 4045 1204 4099 Nimirum
1230 4047 1471 4112 oportuit
1495 4037 1549 4097 ui
1575 4046 1665 4114 qui
1703 4057 1808 4095 non
1844 4051 1962 4096 erat
1994 4041 2216 4109 reliquis

670 4137 896 4189 mortuis
942 4135 1158 4197 similis,
1211 4137 1303 4186 sed
1340 4137 1503 4187 etiam
1541 4141 1782 4186 mortuus
1839 4134 2116 4201 sanguinis
2159 4142 2214 4186 et

669 4239 821 4292 aqua:
847 4222 1103 4275 eil'usioue
1130 4223 1280 4288 signa
1307 4222 1428 4272 vita:
1451 4222 1692 4284 dederat,
1719 4219 1915 4286 quique
1947 4234 2134 4280 novus,
2161 4228 2218 4269 ut

671 4317 742 4367 ita
777 4315 972 4374 dicant,
1009 4319 1126 4362 erat
1157 4317 1418 4371 mortuus,
1453 4310 1498 4361 is
1524 4311 1574 4360 in
1614 4325 1749 4360 novo
1781 4319 1835 4360 et
1870 4324 2003 4376 puro
2035 4308 2214 4375 sepul-

668 4417 764 4457 cro
807 4401 1171 4452 conderetur:
1217 4406 1274 4448 ut
1305 4396 1756 4462 quemadmodum
1806 4398 2056 4452 nativitas
2099 4397 2216 4462 ejus

2315 3232 2582 3299 κείμενος,
2619 3232 2652 3298 ἦ
2681 3231 2754 3291 ὼς
2777 3231 2805 3280 ὁ
2847 3231 3094 3300 Ἰωάννης
3127 3232 3305 3299 φησὶν,
3332 3250 3350 3279 ι
3391 3233 3446 3282 ὲν
3477 3224 3521 3296 ᾧ
3541 3231 3753 3282 οὐδέπω
3785 3233 3877 3282 οὺ-

2314 3321 2422 3382 δεὶς
2450 3320 2627 3388 ἐτέθη.
2664 3339 2682 3372 ι
2712 3319 2820 3371 Καὶ
2841 3319 3149 3389 ἐπίστησον,
3183 3323 3230 3372 εί
3259 3320 3470 3372 δύναται
3510 3321 3728 3388 κινῆσαί
3754 3337 3877 3372 τινα

2313 3413 2345 3481 ἡ
2382 3411 2665 3480 συμφωνία
2698 3409 2805 3460 τῶν
2844 3408 3006 3479 τριῶν
3033 3409 3447 3476 εὐαγγελιστῶν,
3477 3410 3879 3480 φροντισάντων

2314 3500 2622 3570 ἀναγράψαι
2666 3500 2724 3551 τὸ
2775 3499 3072 3570 λατομητὸν
3116 3499 3147 3568 ἢ
3200 3498 3451 3563 λαξευτὸν
3515 3504 3778 3569 μνημεῖον
3822 3501 3880 3549 ἐν

2314 3591 2508 3661 πέτρᾳ,
2531 3590 2608 3661 ἵνᾎ
2629 3590 2656 3642 ὁ
2689 3591 2812 3651 τοὺς
2844 3588 3031 3655 λόγους
3049 3587 3153 3639 τῶν
3182 3589 3571 3658 γεγραμμένων
3606 3589 3878 3653 ἐξετάζων

2314 3682 2410 3735 καὶ
2446 3683 2569 3751 περὶ
2602 3673 2812 3732 ²τούτων
2862 3679 3119 3748 θεάσηταί
3159 3697 3210 3731 τι
3257 3679 3410 3746 λόγου
3443 3681 3586 3745 ἀξιον
3626 3682 3878 3751 καὶπερὶ

2312 3773 2410 3842 τῆς
2441 3770 2751 3838 καινότητος
2773 3769 2864 3820 τοῦ
2897 3771 3179 3837 μνημείου,
3222 3771 3408 3836 ἥντινα
3451 3771 3724 3832 Ματθαῖος
3783 3774 3879 3824 καὶ

2327 3859 2573 3928 Ἰωάννης
2601 3857 2867 3928 ἱστόρησε,
2899 3857 2990 3908 καὶ
3020 3858 3256 3927 περὶτοῦ
3291 3858 3491 3925 μηδένα
3535 3860 3652 3909 ἐκεῖ
3681 3861 3875 3926 νεκρὸν

2314 3948 2620 4017 γεγονέναι,
2658 3946 2797 3998 κατὰ
2824 3947 2913 3998 τὸν
2939 3947 3147 3998 Λουκᾶν
3175 3947 3266 3998 καὶ
3293 3948 3384 3998 τὸν
3423 3945 3693 4016 Ἰυῖᾶννην.
3731 3949 3866 3999 Ἔδει

2315 4039 2420 4110 γὰρ
2449 4041 2536 4090 τὸν
2575 4039 2646 4109 μὴ
2674 4040 2782 4099 τοῖς
2809 4037 3012 4100 λοιποῖς
3037 4040 3242 4106 νεκροῖς
3273 4037 3470 4105 ὅμοιον,
3497 4035 3633 4087 ἀλλὰ
3669 4036 3869 4098 {murti

2318 4132 2513 4200 σημεῖα
2541 4131 2633 4181 καὶ
2663 4129 2718 4180 ὲν
2745 4131 2808 4196 τῇ
2843 4127 3120 4198 νεκρότητι
3145 4126 3384 4188 δείξαντα
3416 4127 3474 4178 τὸ
3514 4125 3658 4195 ὕδωρ
3699 4129 3791 4179 καὶ
3813 4126 3874 4179 τὸ

2315 4219 2471 4295 αἷμα,
2514 4222 2604 4276 καὶ
2633 4222 2813 4275 καινὸν
2844 4221 2934 4291 (ἵν’
2971 4221 3146 4281 οὕτως
3173 4219 3435 4288 ὀνομάσω)
3457 4259 3471 4280 ,
3501 4221 3628 4272 ὄντα
3660 4221 3876 4290 νεκρὸν,

2316 4318 2371 4368 ἐν
2398 4313 2568 4384 καινῷ
2599 4315 2690 4366 καὶ
2727 4311 2950 4383 καθαρῷ
2981 4311 3226 4378 γενέσθαι
3263 4312 3528 4380 μνημείῳ,
3567 4312 3655 4372 ἶν’,
3683 4311 3880 4381 ὥσπερ

2313 4409 2346 4478 ἡ
2369 4407 2576 4474 γένεσις
2603 4404 2766 4457 αὑτοῦ
2799 4403 3154 4474 καθαρωτέρα
3181 4404 3359 4471 πάσης
3387 4403 3650 4469 γενέσεως
3675 4398 3766 4473 ῆν,
3799 4404 3881 4473 τῷ

668 4493 912 4562 qualibet
951 4490 1052 4542 alia
1082 4488 1268 4556 purior
1294 4486 1415 4551 iuit,
1445 4487 1636 4554 quippe
1660 4487 1750 4552 qui
1791 4501 1897 4540 non
1928 4503 1993 4540 ex
2017 4490 2216 4540 utrius-

2322 4496 2395 4565 μὴ
2422 4496 2525 4548 ἀπὸ
2559 4496 2772 4566 μίξεως,
2807 4495 2917 4547 ἀλλ’
2939 4495 3044 4546 ἀπὸ
3071 4495 3332 4565 παρθένου
3363 4495 3701 4564 γεννηθῆναι,
3733 4496 3884 4549 οὕτω

668 4601 773 4654 que
803 4598 961 4636 sexus
993 4579 1392 4650 conjunctione,
1425 4579 1517 4630 sed
1549 4592 1614 4630 ex
1646 4576 1865 4645 Virgine
1906 4593 2064 4631 natus
2087 4589 2169 4632 est
2201 4597 2226 4656 ς’

670 4679 741 4729 ita
771 4676 931 4731 etiam
964 4674 1238 4740 sepultura
1262 4669 1490 4724 haberet
1514 4665 1984 4737 puritatem,cujus
2009 4669 2216 4734 signum

665 4778 786 4822 erat
823 4781 1016 4820 novum
1053 4765 1207 4828 illud,
1247 4767 1298 4818 iu
1330 4779 1436 4830 quo
1461 4761 1692 4831 positum
1725 4773 1920 4826 corpus
1959 4757 2073 4824 ejus
2097 4757 2216 4822 fuit,

749 4947 787 4980 ³⁸
817 4948 990 5002 Galat.
1042 4964 1106 5006 ιι.
1159 4947 1262 5004 20:
1296 4962 1368 5002 vt.
1411 4945 1496 4999 14.
1609 4947 1650 4977 ⁸³
1679 4945 1829 4998 ilom.
1858 4960 1927 5006 Vl,
1985 4943 2072 4998 10.

2172 4945 2217 4976 ³ο
2249 4942 2478 5008 Philipp.
2516 4957 2597 5003 ιιι,
2628 4941 2712 4994 10.

2320 4586 2412 4637 καὶ
2443 4587 2476 4655 ὴ
2500 4586 2644 4655 ταφὴ
2673 4584 2770 4656 ἔχῃ
2803 4583 2877 4653 (5)
2913 4583 3008 4653 τὴν
3045 4583 3403 4654 καθαρότητα,
3434 4584 3518 4635 διὰ
3543 4584 3636 4635 τοῦ
3673 4585 3885 4653 συμϐε-

2315 4675 2467 4728 λικοῦ
2494 4675 2819 4744 δηλουμένην
2852 4676 2907 4726 ὲν
2928 4672 3004 4742 τῷ
3033 4663 3399 4726 ἀποτεθεῖσθαι
3430 4674 3590 4725 αὑτοῦ
3624 4675 3684 4724 τὸ
3716 4675 3886 4743 σῶμα

2320 4767 2379 4815 ἐν
2409 4765 2654 4834 μνημείῳ
2690 4765 2860 4835 καινῷ
2894 4765 3181 4834 ὑφεστῶτι,
3224 4765 3321 4816 οὐκ
3355 4766 3416 4815 ἐκ
3447 4763 3680 4831 λογάδων
3709 4763 3885 4817 λίθων

2829 4942 2871 4972 ²¹
2902 4941 2941 4993 ll
2974 4939 3112 4991 Tim.
3147 4956 3204 4999 ιι,
3238 4942 3321 4992 Η.
3444 4941 3487 4969 ²²
3521 4938 3675 4991 Rcui.
3708 4954 3789 5003 v1,
3823 4940 3881 4993 4.

673 5019 859 5071 "Luc.
891 5018 1151 5095 “111,53.
1227 5017 1271 5046 "’
1298 5015 1456 5071 Joau.
1488 5030 1599 5080 xu,
1623 5015 1712 5068 Η.
1789 5016 1832 5046 ⁸⁸
1870 5014 2060 5069 Matth.
2094 5026 2262 5079 xxv",
2294 5013 2384 5076 (it);
2414 5011 2543 5064 Luc.
2576 5025 2729 5072 χχιιι,
2763 5009 2851 5072 55;
2879 5007 3072 5061 Joaun.
3115 5025 3227 5072 xix,
3259 5011 3342 5059 Η.

743 5134 820 5195 (1)
846 5133 1004 5199 μοι).
1034 5133 1213 5199 impr.,
1248 5132 1392 5193 τινὸς
1421 5131 1596 5184 αὐτῶν
1619 5127 1773 5182 εἶναι.
1805 5129 1859 5182 In
1904 5131 2088 5182 codice
2115 5127 2209 5199 Jo-

679 5193 826 5269 lrano_
847 5193 1185 5269 ietpuugiiur
1209 5203 1347 5253 istud
1377 5201 1568 5252 αὐτῶν.
1600 5201 1702 5250 Sed
1725 5201 1767 5250 si
1797 5201 1877 5249 cui
1909 5200 2047 5251 inter
2071 5197 2212 5260 τινός

675 5283 729 5321 et
777 5261 1071 5322 sidat-vox“
1097 5271 1270 5336 aliqua
1321 5272 1596 5324 inferenda
1645 5270 2051 5330 videtur,certe
2104 5285 2206 5320 uou

676 5336 873 5398 αὐτῶν,
901 5339 991 5389 sed
1015 5339 1170 5390 ἄλλου
1204 5340 1540 5399 scribendum
1572 5339 1692 5389 crit.

749 5407 822 5468 (9.)
857 5407 1032 5458 Codex
1080 5399 1459 5466 Juliatttvs,.&&i
1512 5407 1570 5458 τὸ
1611 5404 2016 5474 σημαινόμενον.
2075 5402 2216 5470 Lego

675 5491 798 5532 cum
829 5475 1122 5545 Bultcuello,
1151 5475 1350 5545 xui/sq)
1378 5475 1773 5545 σημαινομένην.
1811 5474 2005 5525 ibidem
2034 5487 2216 5545 omnes

680 5558 832 5614 υιεεο,
864 5544 918 5593 ἐν
948 5541 1022 5614 τῇ)
1048 5541 1265 5614 σταυρῷ
1287 5541 1378 5597 τοῦ
1409 5541 1756 5614 κυρίουμου.
1795 5545 2118 5610 δρθιιρθτιιε,
2165 5541 2221 5590 ἐν

675 5611 755 5684 «ιῷ
772 5609 1120 5685 ,σταυρῷ-τοῦ
1155 5609 1352 5685 Κυρίου
1379 5609 1551 5685 ἡμῶν.

771 5681 824 5803 73
859 5676 961 5736 Et)!
993 5680 1087 5730 διὰ
1113 5683 1174 5731 τὸ
1201 5676 1429 5748 ,λέγεινῆ
1456 5684 2002 5752 Συμμορφθύμενος,
2029 5676 2223 5734 etc.lta

771 5749 778 5803 l
819 5785 838 5803 .
864 5750 1143 5803 Renius’ct
1190 5749 1528 5803 Basileensis.
1558 5758 1864 5803 Sueuccrus
1899 5760 2099 5803 autem.
2135 5747 2223 5798 καὶ

771 5702 803 5731 ἑ)
859 5702 961 5736 nul
993 5702 1087 5730 ωιιι
1113 5702 1174 5731 τυ
1201 5702 1396 5748 deret?
1417 5703 1428 5713 '
1456 5702 2002 5752 ιυμμορφουμενος,
2029 5702 2134 5734 ctu.
2152 5702 2223 5728 ινδ

675 5702 838 5809 αλλ.
864 5750 1143 5818 Regiusct
1190 5749 1528 5809 Basileeusis.
1558 5758 1864 5824 Speucerus
1899 5760 2099 5813 autem,
2135 5747 2225 5798 καὶ

2313 5125 2402 5189 διὰ
2428 5125 2486 5177 τὺ
2512 5123 2603 5176 τὸν
2633 5122 2835 5175 δίκαιον
2862 5120 3034 5188 λέγειν
3053 5137 3067 5150 ο
3097 5116 3601 5189 Συμμορφμοὺμενος.
3628 5115 3762 5189 Quin
3803 5118 3882 5169 le-

2320 5187 2429 5250 ctio
2461 5197 2502 5248 si
2537 5194 2624 5245 cui
2675 5186 2956 5245 retinenda
3014 5186 3240 5245 videtur,
3284 5186 3366 5239 iel
3421 5187 3736 5237 mutandum
3793 5197 3887 5239 est

2319 5264 2636 5337 συμμορφού
2645 5279 2818 5337 μενος-
2832 5263 2903 5337 in“
2912 5277 2974 5310 συ
2983 5257 3227 5337 μμορφού
3231 5272 3410 5337 μενον,
3428 5255 3509 5334 vel
3539 5263 3656 5337 post
3672 5253 3801 5337 λέγε
3812 5271 3883 5311 ιν.

2323 5322 2738 5388 ιιᾱῖίὲιιὶιιὶιιιέεῑ
2763 5322 2840 5384 τό.
2875 5322 2993 5382 [)ιιο’
3015 5322 3172 5381 codd.
3217 5322 3493 5394 Anglicani
3526 5336 3578 5377 et
3610 5322 3883 5394 llmsclte-

2324 5405 2424 5456 lius
2455 5406 2699 5462 intcitu.
2727 5398 3245 5471 συμμορφιζόμενοςε
3321 5466 3352 5471 __
3466 5464 3479 5471 _
3669 5461 3680 5471 .

2395 5472 2470 5540 (4)
2520 5472 2682 5523 Ἐστι
2736 5462 2865 5538 περὶ
2913 5462 3164 5522 τούτων.
3217 5464 3597 5540 Scribetidtltm
3633 5462 3884 5538 videtur,

2320 5533 2475 5591 ἔσται
2497 5540 2628 5607 περὶ
2657 5533 2876 5599 τούτων,
2937 5537 3379 5605 queuuulmodutu
3415 5533 3668 5586 Gelenius
3700 5533 3887 5586 inter-

2331 5609 2688 5680 presvidvtur
2723 5609 3000 5680 legisse;
3076 5676 3106 5680 __
3245 5675 3255 5680 _
3366 5673 3377 5680 _
3419 5661 3473 5680 ._
3528 5670 3541 5680 _
3795 5669 3808 5680 ,

2401 5676 2476 5745 (5)
2519 5677 2682 5742 Ἕχῃ.
2736 5670 2911 5745 (index
2967 5674 3288 5728 Basilcensis
3337 5673 3417 5725 sic
3458 5670 3640 5730 habet.
3672 5670 3888 5725 rectius

2331 5743 2459 5800 sane
2491 5760 2653 5813 quam
2689 5744 2837 5805 editi,
2861 5743 2990 5808 ἔχει.
3681 5769 3684 5774 -
