4100 6318
209 775 308 837 909

1387 773 1660 831 CONTRA
1695 771 1969 830 CELSUM
2003 773 2129 829 LIB.
2168 774 2232 828 ll.

3197 844 3205 851 α
3304 767 3409 826 aio

206 897 560 952 συναναϐᾶσιν
593 898 760 970 αὐτῷ.
814 899 922 953 Καὶ
964 898 1071 970 γὰρ
1097 897 1316 969 τοιαύτη
1371 899 1514 951 ἐστὶν
1559 899 1593 968 ἠ
1648 896 1765 950 θεία

1871 912 1973 952 vox
2005 913 2033 950 ιι
2064 895 2194 952 solis
2224 895 2329 950 illis
2363 890 2597 960 auditur,
2641 909 2669 947 a
2719 891 2916 962 quibus
2956 888 3134 944 audiri
3168 891 3283 943 vult
3311 894 3418 959 qui

170 983 174 986 ’
205 978 380 1060 φωνὴ,
399 988 705 1059 ἀκουομένη
725 989 902 1060 μόνοις
919 989 1162 1054 ἐκείνοις,
1175 987 1270 1051 οὒς
1285 988 1525 1058 βούλεται
1543 987 1759 1042 ἀκούειν

203 1081 234 1133 6
258 1078 448 1147 λέγων.
476 1079 697 1133 Οὐδέπω
743 1079 800 1134 δὲ
825 1079 988 1148 λέγω,
1012 1080 1094 1133 ὅτι
1135 1079 1194 1131 οὐ
1232 1078 1449 1142 πάντως
1485 1077 1633 1130 ἐστὶν
1651 1076 1762 1147 ἀὴρ

206 1166 604 1237 πεπληγμένος
633 1167 668 1237 ἢ
699 1167 878 1238 πληγὴ
906 1168 1084 1237 ἀέρος,
1112 1167 1147 1237 ἢ
1175 1167 1204 1219 ὅ
1239 1184 1292 1220 τι
1322 1168 1450 1220 ποτὲ
1472 1167 1684 1235 λέγεται
1703 1168 1762 1219 ὲν

204 1257 484 1328 τοῖςπερὶ
522 1257 707 1326 φωνῆς
745 1258 779 1328 ἡ
821 1257 1238 1328 ἀναγραφομένη
1287 1254 1437 1326 φωνὴ
1466 1254 1558 1306 τοῦ
1593 1252 1758 1306 Θεοῦ·

205 1344 484 1417 διόπερτῇ
510 1347 772 1417 κρείττονι
794 1347 892 1417 τῆς
917 1345 1181 1415 αἰσθητῆς
1203 1346 1374 1415 ἀκοῆς
1399 1345 1490 1398 καὶ
1519 1344 1764 1414 θειοτέρα

205 1433 483 1486 ἀκούεται.
496 1434 620 1488 ’Καὶ
647 1434 783 1488 ἐπὰν
814 1424 1066 1506 βούληται
1095 1437 1125 1488 6
1151 1434 1322 1504 λέγων
1352 1433 1425 1505 μὴ
1453 1434 1614 1486 πᾶσιν
1643 1432 1766 1498 ἐξά-

206 1540 432 1577 κουστον
485 1521 624 1579 εἶναι
671 1525 772 1597 τὴν
816 1525 1006 1580 ἑαυτοῦ
1056 1525 1256 1597 φωνὴν,
1299 1527 1330 1578 6
1373 1526 1470 1595 μὲν
1515 1524 1652 1595 ἔχων
1696 1523 1766 1576 τὰ

191 1613 489 1687 ,κρείττονα
526 1609 639 1668 ὦτα
668 1615 852 1670 ἀκούει
894 1615 1049 1682 Θεοῦ,
1078 1618 1106 1669 6
1141 1617 1199 1669 δὲ
1243 1615 1636 1685 κεκωφωμένος
1669 1614 1765 1684 τὴν

206 1701 310 1771 τῆς
343 1702 516 1773 ψυχῆς
559 1704 724 1775 ἀκοὴν
771 1704 1087 1774 ἀναισθητεῖ
1112 1703 1360 1773 λέγοντος
1397 1701 1553 1771 Θεοῦ.
1584 1703 1766 1756 Ταῦτα

212 1792 322 1862 μὲν⁵
339 1793 426 1847 διὰ
440 1793 523 1858 τὸ,
545 1813 564 1845 ι
583 1795 646 1847 Τί
667 1792 892 1863 ἠκούετο
917 1797 950 1865 ὴ
981 1795 1039 1860 ἐξ
1062 1785 1290 1865 ὀὐρανοῦ
1313 1794 1483 1863 φωνὴ,
1510 1795 1542 1864 ἡ
1569 1793 1769 1864 κηρύτ‹

207 1901 377 1938 τουσα
401 1885 559 1938 αὑτὸν
591 1885 716 1938 Υἱὺν
740 1882 907 1951 Θεοῦ;
940 1904 958 1936 ι
988 1886 1067 1948 είς
1092 1884 1148 1936 δὲ
1164 1884 1242 1948 τὸ,
1266 1903 1284 1934 ι
1307 1885 1369 1936 Et
1397 1885 1497 1936 οὐκ
1525 1883 1770 1938 ἐϐούλετο

190 1974 504 2040 λανθάνειν,
526 1974 578 2026 τί
598 1976 910 2042 ὲκολάζετο;
939 1975 972 2046 ἢ
1000 1976 1053 2029 τί
1075 1975 1444 2047 άπέθνησκεν;
1473 1994 1491 2026 ι
1520 1975 1680 2048 ἀρκεῖ
1700 1976 1769 2029 τὰ

206 2067 338 2139 περὶ
361 2065 451 2118 τοῦ
486 2066 685 2129 πάθους
726 2069 855 2137 ἡμῖν
898 2067 986 2120 διὰ
1014 2063 1271 2120 πλειόνων
1296 2067 1353 2119 ἐν
1381 2069 1492 2128 τοῖς
1515 2066 1770 2137 ἀνωτέρω

205 2154 526 2226 λελεγμένα.

1862 986 2117 1054 loquitur.
2144 984 2213 1041 Ut
2241 984 2453 1039 interim
2486 982 2894 1052 praetermittam
2919 981 3057 1035 hane
3090 981 3188 1035 Dei
3217 994 3406 1039 vocem

1861 1091 1968 1130 non
1999 1068 2118 1132 esse
2159 1083 2251 1129 aut
2288 1089 2600 1144 percussum
2645 1086 2847 1134 aerem,
2882 1081 2976 1126 aut
3001 1073 3408 1145 percussionem

1860 1163 2024 1229 aeris,
2055 1171 2148 1216 aut
2175 1162 2439 1232 quidquid
2472 1161 2616 1214 aliud
2647 1160 2714 1214 de
2761 1160 2908 1214 vocis
2949 1168 3141 1214 natura
3168 1160 3272 1214 dici
3315 1175 3402 1215 so-

1861 1250 1954 1307 let.
1991 1251 2142 1306 Unde
2174 1249 2234 1304 ﬁt
2284 1259 2346 1303 ut
2382 1263 2486 1302 non
2517 1246 2763 1302 audiatur
2793 1246 2892 1300 nisi
2924 1247 2991 1301 ab
3014 1261 3104 1312 eo,
3131 1249 3223 1316 qui
3273 1261 3412 1316 prae-

1862 1341 2121 1396 stantiore
2157 1340 2364 1404 auditu,
2398 1354 2560 1408 quam
2587 1348 2670 1393 est
2695 1339 2851 1408 hujus
2882 1339 3150 1406 corporis,
3179 1325 3412 1394 divinio-

1863 1446 2028 1500 reque
2073 1431 2336 1500 praeditus
2375 1438 2570 1484 estzet
2600 1443 2720 1483 cum
2766 1429 2907 1483 Deus
2950 1444 3054 1483 non
3103 1430 3214 1484 vult
3254 1445 3423 1485 suam.

1864 1523 2113 1578 omnibus
2144 1521 2314 1575 audiri
2352 1535 2559 1586 vocem,
2590 1518 2677 1573 ille
2703 1519 2850 1574 solus
2884 1520 3088 1583 audiat,
3119 1521 3210 1590 qui
3256 1523 3411 1576 andi-
3451 1592 3453 1595 ι

1868 1625 1977 1668 tum
2009 1613 2154 1667 illum
2191 1613 2620 1682 praestantiorem
2653 1610 2848 1674 habet;
2881 1610 2969 1672 ille
2998 1625 3123 1666 vero
3155 1627 3257 1665 non
3284 1628 3412 1682 per—

1865 1701 2027 1776 cipiat
2062 1701 2152 1770 qui
2193 1701 2383 1755 surdas
2416 1706 2608 1754 animae
2659 1714 2819 1775 aures
2862 1700 3042 1755 habet.
3086 1703 3258 1770 Atque
3299 1704 3415 1758 haec

1865 1781 2050 1847 contra
2085 1793 2262 1846 istud:
2293 1810 2312 1841 ι
2337 1791 2601 1857 Quorsum
2629 1791 2810 1844 audita
2852 1806 2956 1844 vox
2991 1807 3022 1844 e
3053 1793 3190 1846 casio
3219 1800 3320 1855 est,
3354 1793 3416 1846 il-

1866 1880 1975 1934 lum
2011 1883 2100 1936 Dei
2132 1882 2324 1936 Filium
2371 1881 2698 1949 pnedicans?
2723 1899 2740 1930 ι
2772 1879 2923 1945 Quod
2952 1881 3200 1948 sequitur
3229 1901 3241 1935 :
3271 1901 3289 1932 ι
3319 1881 3430 1936 Sin.

1867 1981 2044 2022 autem
2090 1970 2638 2033 delitescere-noluit,
2687 1984 2785 2022 cur
2831 1968 3111 2038 suppliciis
3166 1970 3413 2034 aﬂ'ectus,

1867 2075 1964 2113 cur
1991 2069 2233 2112 mortuus
2277 2059 2438 2113 est?»
2487 2059 2622 2113 satis
2675 2057 2947 2125 repulsura
2991 2066 3097 2123 est,
3144 2074 3264 2113 eum
3298 2059 3418 2117 fuse

1869 2164 2027 2215 supra
2063 2149 2126 2201 de
2157 2153 2272 2214 ejus
2306 2149 2553 2216 passione
2586 2147 2895 2216 agebamus.

293 2247 589 2301 Ἐκτίθεται
645 2246 703 2300 δὲ
761 2250 897 2317 μετὰ
926 2245 1093 2300 ταῦτα
1137 2249 1166 2300 6
1198 2246 1404 2318 Κέλσου
1427 2245 1673 2307 Ἰουδαῖος
1704 2244 1768 2307 ὼς

1949 2239 2036 2292 75.
2072 2239 2164 2293 llis
2192 2240 2464 2309 subjungil
2495 2238 2631 2292 Celsi
2653 2238 2868 2294 inda-ns
2897 2239 3058 2308 quasi.
3081 2254 3191 2294 rem
3221 2256 3416 2297 conse-

204 2335 495 2391 ἀκύλουθον
533 2338 592 2390 τὸ
638 2337 710 2407 μὴ
754 2337 1058 2390 ἀκόλουθονο
1105 2338 1166 2389 οὐ
1206 2337 1312 2405 γὰρ
1354 2335 1634 2389 ἀκολουθεῖ
1666 2333 1762 2403 τῷ,

220 2425 513 2494 Ἦθέλησεν
547 2427 689 2495 ἡμᾶς
712 2426 779 2478 δι’
810 2421 882 2480 ὦν
914 2425 1139 2480 πέπονθε
1160 2425 1428 2479 κολάσεων
1454 2424 1655 2491 διδάξαι
1680 2425 1772 2476 καὶ

205 2510 440 2565 θανάτου
479 2516 853 2583 καταφρονεῖν,
890 2514 970 2577 τὸ,
1014 2514 1339 2594 Ἀναξτάντα
1372 2514 1530 2566 αὐτὸν
1575 2516 1640 2566 ἐκ
1682 2530 1768 2567 νε-

203 2600 360 2672 κρῶν
390 2603 634 2674 φανερῶς
663 2605 742 2666 είς
779 2604 892 2671 φῶς
930 2604 1153 2656 καλέσαι
1183 2605 1388 2666 πάντας
1419 2603 1512 2656 καὶ
1540 2601 1768 2666 διδάξαι,

200 2687 269 2746 οὗ
296 2694 454 2764 χάριν
490 2694 854 2764 κατεληλύθει.
877 2695 970 2758 Εἰς
991 2695 1102 2762 φῶς
1121 2695 1228 2765 γὰρ
1257 2694 1516 2767 πρότερον
1532 2695 1769 2746 -ὲκάλεσε

202 2783 436 2847 πάντας,
471 2783 654 2837 εἰπών·
693 2804 712 2836 ι
735 2785 894 2838 Δεῦτε
924 2787 1120 2848 πάντες
1149 2786 1199 2837 οἱ
1234 2784 1528 2848 κοπιῶντες
1558 2787 1648 2838 καὶ
1676 2803 1784 2841 πε-,

202 2872 578 2944 φορτισμένοι,
609 2873 761 2941 κάγὼ
793 2872 1090 2928 ἀναπαύσω
1129 2875 1290 2943 ὑμᾶς.
1314 2893 1332 2924 ι
1371 2875 1480 2926 Καὶ
1519 2869 1579 2926 οὗ
1609 2874 1770 2944 χάριν

201 2962 566 3033 κατελήλυθεν
588 2963 994 3035 ἀναγέγραπται
1017 2964 1074 3016 ὲν
1104 2959 1182 3025 οἷς
1210 2962 1483 3031 ἀποτάδην
1514 2963 1769 3031 κεκίνηκε

201 3051 390 3118 λόγοις
427 3055 484 3105 ὲν
517 3057 898 3124 μακαρισμοῖς,
945 3054 1037 3106 καὶ
1081 3057 1194 3116 τοῖς
1227 3054 1351 3124 ἑξῆς
1382 3056 1561 3116 αὐτοῖς
1592 3055 1769 3121 ἀπαγ-

198 3139 570 3210 γελλομένοις,
605 3142 698 3195 καὶ
743 3143 801 3195 ὲν
840 3143 1192 3213 παραϐολαῖς,
1232 3144 1326 3197 καὶ
1369 3145 1426 3197 ἐν
1474 3148 1590 3208 ταῖς
1636 3134 1787 3215 πρὸς

197 3234 333 3297 τοὺς
356 3235 700 3306 γραμματεῖς
724 3235 815 3287 καὶ
838 3236 1160 3306 Φαρισαίους
1187 3235 1439 3305 ὁμιλίαις.
1461 3237 1532 3288 Τὸ
1552 3237 1608 3289 δὲ
1632 3237 1772 3289 κατὰ

213 3325 472 3395 Ἰωάννην
502 3323 613 3396 (18)
644 3325 964 3394 Εύαγγέλιον
995 3328 1093 3378 ὅσα
1119 3326 1372 3392 ἐδίδαξεν,
1401 3326 1638 3380 ἔκκειται
1667 3344 1770 3380 πα-

200 3406 466 3486 ριστάντα
491 3418 588 3486 τὴν
626 3415 801 3488 Ἰησοῦ
826 3416 925 3469 οὐκ
953 3419 1010 3470 ἐν
1039 3415 1265 3480 λέξεσιν,
1284 3417 1395 3470 ἀλλ’
1413 3419 1469 3470 ὲν
1487 3418 1770 3490 πράγμασι

202 3506 632 3578 μεγαλοφωνίαν·
668 3509 762 3560 καὶ
798 3505 957 3577 δῆλός
990 3507 1135 3560 ἐστιν
1168 3509 1232 3560 ὲκ
1269 3507 1376 3561 τῶν
1409 3508 1769 3578 Εὑαγγελίων,

1875 2337 2146 2398 quentem,
2180 2343 2297 2396 quae
2344 2339 2521 2381 tamen
2569 2328 2785 2380 minime
2825 2331 3192 2398 consequitur.
3231 2330 3419 2400 Neque

1872 2419 2038 2480 enim,
2069 2417 2318 2484 quoniam
2351 2417 2519 2471 voluit
2568 2425 2626 2470 ut
2672 2432 2736 2471 ex
2779 2419 3076 2487 suppliciis,
3125 2437 3245 2489 quae
3290 2437 3416 2491 per-

1875 2505 2016 2572 tulit,
2047 2515 2271 2559 mortem
2316 2515 2658 2560 contemnere
2687 2505 3013 2562 disceremus
3037 2550 3051 2574 ,
3081 2524 3420 2580 consequens

1875 2605 1975 2658 est,
2009 2605 2066 2647 ut
2095 2595 2374 2649 emortuis
2415 2597 2682 2650 excitatus
2724 2596 2969 2652 debuerit
3011 2599 3184 2668 palam
3231 2612 3419 2659 omnes

1875 2689 1939 2739 ad
1967 2685 2133 2739 lucem
2157 2701 2350 2741 vocare
2376 2696 2430 2740 et
2457 2689 2669 2751 docere,
2695 2689 2848 2755 cujus
2874 2693 2949 2742 rei
2973 2706 3132 2746 causa
3164 2694 3416 2750 venisset.

1875 2774 2006 2828 Nam
2037 2777 2266 2843 primum
2297 2776 2508 2829 vocavit
2544 2776 2609 2829 ad
2643 2775 2814 2830 lucem
2846 2793 3053 2842 omnes,
3084 2795 3204 2834 cum
3238 2782 3414 2836 dixit:

1880 2885 1898 2916 ι
1913 2866 2041 2918 Veni
2054 2875 2124 2928 te,
2143 2864 2303 2936 442
2318 2879 2503 2920 omnes
2528 2867 2615 2934 qui
2631 2867 2888 2921 laboratis
2902 2877 2956 2921 et
2969 2871 3174 2923 onerati
3199 2873 3350 2936 estis,
3364 2882 3422 2928 et

1874 2973 1973 3027 ego
2004 2956 2236 3010 reﬁciam
2268 2956 2473 3012 vos”.o
2509 2955 2573 3012 Et
2599 2957 2753 3026 cujus
2793 2972 2957 3012 causa
2990 2960 3222 3028 venerit,
3266 2963 3418 3017 Scri-

1875 3055 2026 3116 ptura
2068 3048 2324 3117 explicat,
2371 3048 2486 3107 sive
2511 3063 2629 3101 cum
2667 3062 2995 3113 sermonem,
3021 3065 3176 3120 quem
3213 3053 3325 3119 ille,
3363 3064 3422 3110 et

1875 3139 2084 3208 prolixe
2129 3138 2368 3207 quidem,
2399 3137 2525 3190 fecit
2557 3137 2620 3190 de
2653 3137 3090 3203 beatitudinibus,
3140 3142 3252 3196 sive
3293 3158 3418 3199 cum

1876 3242 1994 3294 quae
2025 3239 2139 3296 post
2173 3228 2317 3280 illum
2347 3239 2650 3281 sermonem
2680 3228 2823 3282 dicta
2858 3238 3001 3295 sunt,
3033 3231 3147 3286 sive
3176 3248 3294 3287 cum
3321 3250 3419 3303 pa-

1877 3317 2107 3378 rabolas,
2147 3318 2260 3370 sive
2289 3318 2501 3377 tandem
2530 3318 2796 3388 colloquia
2835 3334 2955 3373 eum
2986 3323 3179 3376 scribis
3200 3333 3254 3378 et
3275 3324 3420 3380 Pha-

1877 3407 2046 3462 TiSLBlS
2093 3408 2270 3462 habita
2315 3418 2722 3463 commemorat.
2760 3410 2826 3462 Et
2851 3411 3192 3482 Evangelium
3224 3430 3422 3470 secun-

1879 3499 2002 3550 dum
2046 3497 2306 3551 Joannem
2359 3499 2502 3566 quod
2543 3498 2702 3553 Jesus
2746 3499 3008 3569 docuerit,
3052 3516 3419 3573 repraesentat,

196 3599 292 3651 ὅτι
322 3598 418 3650 καὶ
442 3599 498 3650 ὲν
524 3596 741 3669 ἐξουσίᾳ
770 3593 837 3669 ἦν
861 3600 890 3650 6
911 3597 1065 3667 λόγος
1097 3598 1279 3663 αὑτοῦ,
1316 3599 1402 3673 ἐφ’
1421 3591 1466 3666 ᾧ
1490 3600 1584 3652 καὶ
1612 3599 1768 3652 ἐθαύ-

1874 3588 2094 3656 ejusquv
2117 3588 2782 3665 magniloquentiam,quae
2810 3591 2860 3642 in
2891 3591 3046 3647 rebus
3066 3597 3234 3663 magis
3258 3611 3418 3664 quam

200 3685 405 3758 μαζον.

199 4022 202 4024 γ
279 3947 395 4001 Καὶ
440 3947 568 3999 πᾶσί
624 3964 687 4015 γε
728 3946 933 4010 τούτοις
958 3949 1196 4018 ἐπιλέγει
1222 3951 1249 4003 6
1270 3949 1476 4004 Κέλσου
1502 3951 1767 4015 ’ῐουδαῖοςο

196 4023 229 4088 ἰ
261 4034 448 4089 Ταῦτα
485 4036 579 4107 μὲν
605 4031 695 4089 οὖν
722 4037 846 4108 ὑμῖν
876 4040 940 4091 ἐκ
977 4039 1082 4090 τῶν
1104 4038 1377 4109 ὑμετέρων
1412 4041 1772 4110 συγγραμμά-

193 4145 339 4194 των,
369 4128 452 4196 ὲφ’
486 4125 565 4190 οἷς
589 4127 800 4191 οὐδενὸς
821 4128 977 4182 ἄλλου
1007 4131 1279 4200 μάρτυρος
1308 4129 1593 4202 χρῄζομεν·
1624 4131 1774 4184 αὐτοὶ

177 4204 321 4289 ’γάρ
352 4219 558 4282 ἑαυτοῖς
605 4221 976 4290 περιπίπτετε.
1000 4240 1018 4272 ι
1069 4221 1400 4290 Ἦλέγξαμεν
1427 4222 1471 4274 δ’
1507 4223 1590 4274 ὅτι
1626 4221 1774 4291 παρὰ

193 4308 277 4361 τὰ
330 4307 571 4379 ἡμέτερα
611 4309 719 4361 τῶν
766 4309 1108 4378 Εύαγγελίων
1155 4311 1556 4380 συγγράμματα
1607 4309 1772 4362 πολλὰ

194 4397 587 4467 πεφλυὰρηται
630 4399 686 4451 ἐν
727 4402 839 4461 τοῖς
891 4399 985 4452 τοῦ
1046 4399 1297 4452 Ἰουδαίου
1345 4399 1454 4452 εἴτε
1505 4399 1640 4469 πρὸς
1683 4399 1772 4452 τὸν

208 4486 430 4556 Ἰησοῦν
456 4487 567 4539 εἴτε
598 4487 731 4559 πρὸς
763 4489 908 4558 ἡμᾶς
934 4488 1128 4554 λύγοις.
1168 4490 1274 4541 Καὶ
1304 4489 1402 4558 οὐχ
1422 4479 1658 4558 ἡγοῦμαί
1687 4505 1768 4554 γε,

188 4577 289 4628 ὅτι
347 4575 677 4643 παρέστησε,
731 4575 843 4636 πῶς
893 4575 1050 4644 ἡμεῖς
1092 4575 1302 4636 ἑαυτοῖς
1354 4572 1767 4643 περιπίπτομεν*

186 4662 350 4728 ἀλλὰ
372 4663 525 4730 μόνον
544 4665 730 4716 οἴεται.
770 4665 920 4716 Ἐπεὶ
938 4664 993 4716 δὲ
1016 4663 1332 4734 προστίθησι
1352 4664 1556 4724 τούτοις
1581 4663 1610 4713 6
1648 4663 1772 4714 Ἰου-

185 4754 357 4812 δαῖος
387 4749 568 4813 αὑτοῦ,
596 4753 678 4804 ὅτι
706 4752 859 4813 ὅλως,
891 4771 910 4802 ι
938 4748 1008 4804 Ὦ
1039 4752 1264 4819 Ὕψιστε
1299 4754 1390 4804 καὶ
1423 4752 1658 4821 ούράνιε,
1689 4751 1771 4813 τίς

185 4842 344 4905 Θεὸς
400 4841 584 4911 παρὼν
640 4843 717 4904 είς
762 4841 1076 4913 ἀνθρώπους
1123 4844 1460 4905 ἀπιστεῖται;
1486 4862 1504 4892 ι
1555 4842 1770 4894 λεκτέον

1875 3677 1928 3728 in
1960 3676 2134 3727 verbis
2153 3678 2328 3743 posita
2361 3683 2496 3729 erat.
2527 3677 2664 3740 Quin
2696 3687 2748 3730 et
2779 3693 2843 3732 ex
2874 3681 3177 3752 Evangeliis
3207 3695 3424 3741 constat

1874 3780 1990 3816 eum
2027 3765 2256 3817 locutum
2285 3765 2449 3820 fuisse
2478 3768 2629 3836 quasi
2660 3779 2976 3840 potestatem
2999 3772 3243 3843 haberet,
3267 3777 3334 3831 ita
3359 3789 3422 3833 ut

1874 3870 2060 3909 cuiues
2095 3857 2486 3910 admirarentur
2503 3857 2568 3914 ³⁸.
3109 3874 3112 3875 ⁷

1942 3946 2027 3998 74.
2066 3946 2186 4000 llme
2216 3948 2396 4001 omnia
2420 3947 2499 4002 sic
2527 3948 2665 4004 Celsi
2695 3948 2909 4006 Iudaeus
2937 3953 3208 4011 concludit
3233 3970 3248 4011 :
3282 3974 3302 4009 ι
3325 3959 3421 4013 At-

1875 4051 1976 4104 que
2007 4038 2117 4090 htee
2144 4038 2292 4092 vobis
2319 4052 2382 4092 ex
2415 4041 2609 4095 vestris
2640 4041 2874 4110 ipsorum
2907 4044 3202 4114 Scripturis
3228 4059 3419 4117 protu-

1873 4124 2062 4193 limus;
2095 4139 2292 4196 praeter
2316 4143 2453 4197 quas
2487 4130 2630 4184 nullo
2659 4132 2764 4185 alio
2795 4141 2928 4187 teste
2955 4135 3109 4189 nobis
3139 4150 3271 4205 opus
3295 4137 3417 4193 fuit.

1875 4217 1976 4285 ipsi
2001 4219 2144 4270 enim
2175 4233 2269 4272 vos
2298 4229 2479 4273 vestro
2505 4220 2681 4286 gladio
2719 4221 2995 4289 iugulatis.
3018 4241 3037 4274 ι
3075 4223 3180 4279 Sed
3222 4227 3419 4296 proba-

1878 4319 1984 4362 tum
2013 4317 2095 4361 est
2125 4307 2361 4362 Judxum
2391 4311 2557 4363 multa
2589 4321 2780 4366 contra
2809 4311 2993 4368 Iesum
3019 4323 3074 4370 et
3101 4328 3288 4373 contra
3320 4336 3418 4379 nos

1873 4396 2151 4459 elfutiissc,
2179 4413 2297 4465 quze
2341 4411 2406 4451 ex
2453 4397 2762 4469 Evangeliis
2806 4404 3012 4458 nostris
3051 4420 3155 4460 non
3185 4407 3417 4464 duxerit.

1873 4486 1978 4562 I‘jec
2003 4488 2234 4541 arbitror
2262 4488 2412 4540 illum
2443 4486 2710 4554 effecisse,
2752 4493 2894 4564 quod
2932 4493 3034 4548 sibi
3067 4504 3239 4549 tamen
3267 4495 3421 4568 ﬁngit

1874 4581 1984 4642 ipse
2013 4581 2299 4638 somnium,
2334 4590 2430 4630 nos
2457 4588 2644 4632 contra
2677 4581 3038 4648 nosmetipsos
3074 4587 3425 4652 pugnavisse.

1875 4664 2152 4718 Exelamat
2179 4664 2338 4732 paulo
2366 4676 2488 4734 post
2513 4665 2728 4722 Judaaus
2757 4685 2770 4720 :
2804 4687 2822 4718 ι
2845 4665 3120 4723 Altissime
3156 4673 3416 4729 caelorum

1874 4753 2042 4807 Deus!
2075 4758 2193 4820 quis
2248 4755 2388 4809 Deus
2433 4757 2575 4808 inter
2622 4757 2864 4810 homines
2897 4769 3141 4814 versatus
3167 4776 3271 4815 non
3321 4765 3423 4818 im-

1875 4844 2103 4909 petravit
2133 4844 2327 4896 tidem?
2351 4860 2368 4891 ι
2401 4845 2640 4910 Adquod.
2663 4845 2739 4898 sic
2756 4859 2853 4913 ego
2870 4850 3163 4917 respondeo
3187 4868 3200 4904 :
3227 4850 3422 4907 Narrat

185 4932 349 5004 πρὸς
378 4932 537 4985 αὐτὸν
569 4932 649 4984 ὅτι
698 4932 790 4984 καὶ
831 4911 967 4984 κατὰ
1011 4932 1100 4985 τὸν
1139 4933 1414 4994 Μωῦσέως
1453 4933 1613 5002 νόμον
1639 4933 1768 4995 Θεὸς

1878 4930 2106 4983 Mosaica
2160 4930 2243 4982 lex
2284 4930 2448 4982 Deum
2494 4930 2731 4984 llebrzeis
2779 4911 3098 5000 praesentem
3149 4939 3417 5008 adfuisse;

183 5019 580 5090 ἐναργέστατα
633 5019 1050 5089 παραγεγονέναι
1099 5023 1206 5082 τοῖς
1263 5019 1528 5089 Ἑϐραίοις
1573 5021 1766 5088 ἀναγε-

180 5110 550 5182 γραμμένος,
589 5110 651 5161 οὐ
704 5094 871 5180 μόνον
900 5110 1036 5163 κατὰ
1069 5111 1136 5162 τὰ
1182 5113 1238 5161 ἐν
1281 5111 1537 5177 Αἰγύπτῳ
1571 5110 1767 5177 σημεῖα

181 5203 306 5256 καὶ
333 5200 556 5271 τέρατα,
588 5201 667 5251 ἔτι
707 5200 763 5251 δὲ
803 5201 901 5268 τὴν
933 5200 1096 5253 δίοδον
1130 5200 1228 5268 τῆς
1255 5200 1526 5270 Ἐρυθρᾶς
1568 5198 1764 5250 Θαλάσ-

183 5306 336 5360 σης,
368 5290 462 5340 καὶ
491 5289 579 5341 τὸν
604 5287 788 5339 στύλον
827 5288 918 5339 τοῦ
957 5288 1118 5357 πυρὸς
1157 5289 1249 5339 καὶ
1289 5289 1385 5355 τὴν
1416 5286 1637 5354 νεφέλην
1669 5286 1763 5338 τοῦ

179 5381 413 5450 φωτὸς,
458 5375 590 5431 ἀλλὰ
630 5382 721 5432 καὶ
757 5382 915 5447 ἡνίκα
976 5381 1006 5447 ἡ
1058 5381 1341 5445 δεκάλυγος
1388 5377 1492 5445 ὅλῳ
1531 5375 1608 5444 τῷ
1656 5376 1767 5444 λαῷ

180 5471 600 5539 ἀπηγγέλλετο,
651 5470 917 5540 ἠπιστήθη
969 5470 1070 5520 ύπὴ
1121 5469 1226 5518 τῶν
1284 5467 1516 5519 είδότων”
1557 5468 1654 5518 οὐκ
1702 5466 1768 5519 ἂν

181 5565 354 5636 γὰρ,
405 5561 744 5622 πιστεύοντες
789 5561 862 5627 τῷ
924 5560 1214 5630 ἑωραμένῳ
1276 5560 1366 5610 καὶ
1422 5558 1765 5621 ἀκουσθέντι,

186 5655 412 5729 μόσχον
463 5651 877 5703 κατεσκεύασαν·
947 5668 963 5698 ι
987 5651 1091 5701 065‘
1117 5671 1131 5698 ι
1200 5649 1491 5716 ἠλλάξαντο
1528 5649 1590 5702 ἂν
1626 5669 1642 5698 ι
1670 5647 1765 5717 τὴν

179 5749 364 5812 δόξαν
387 5741 592 5796 ἑαυτῶν
615 5743 668 5792 ἐν
690 5740 988 5808 ὁμοιώματι
1015 5742 1210 5808 μόσχου
1243 5741 1505 5801 ἐσθίοντος
1523 5741 1762 5807 χόρτον.»

283 5924 328 5954 ³³
354 5921 541 5974 Matth.
583 5934 654 5978 st,
690 5915 771 5968 28.
850 5915 893 5945 ³⁵
925 5915 1106 5969 Matth.
1143 5932 1232 5980 vn,
1267 5916 1354 5968 9.9.

282 6077 390 6143 (IS)
417 6072 573 6129 Κατὰ
614 6074 913 6140 Ἰωάδη-ην.
937 6073 1012 6143 ita
1041 6069 1368 6143 recteeodet
1395 6068 1620 6136 Regius;
1666 6069 1761 6119 im-

185 6141 385 6219 pressi
432 6160 591 6210 sero,
634 6145 771 6196 uti
834 6142 1093 6195 Ἰωάννου.
1135 6141 1328 6192 Ibidem
1377 6152 1560 6192 oruues
1609 6156 1762 6200 mss.,

1877 5034 2046 5086 neque
2082 5019 2250 5074 solum
2286 5035 2407 5074 cum
2434 5022 2485 5073 in
2517 5020 2748 5092 [Egypto
2775 5025 2926 5093 signa
2957 5035 3010 5078 et
3049 5027 3289 5095 prodigia
3325 5043 3419 5096 pa~

1875 5111 2071 5176 trahat,
2102 5126 2223 5164 cum
2254 5127 2348 5178 per
2377 5127 2523 5166 mare
2544 5112 2784 5166 Rubrum
2810 5115 3088 5167 transitum
3119 5116 3415 5182 aperiebat,

1872 5215 1993 5254 cum
2027 5215 2122 5269 per
2146 5201 2448 5256 columnam
2481 5203 2713 5272 igneam,
2757 5217 2853 5270 per
2877 5203 3192 5256 luminosam
3220 5207 3415 5260 nubem

1873 5291 1978 5344 illis
2006 5293 2246 5360 praeibat,
2285 5293 2378 5345 sed
2421 5293 2584 5346 etiam
2630 5305 2752 5345 cum
2801 5289 3119 5360 Deealogum
3164 5294 3416 5349 tradidit:

1873 5395 1973 5436 nec
2008 5392 2183 5434 tamen
2211 5397 2240 5433 a
2276 5381 2584 5436 videntibus
2625 5381 2933 5448 impetravit
2980 5380 3158 5434 ﬁdem.
3196 5381 3328 5435 Nam
3363 5388 3415 5439 ei

1875 5484 2032 5539 qu‘m
2073 5472 2327 5524 videbant
2371 5485 2424 5525 et
2466 5473 2771 5536 audiebant,
2799 5471 2841 5524 si
2880 5472 3037 5526 [idem
3070 5474 3415 5540 habuissent,

1874 5574 1980 5612 non
2013 5560 2236 5614 vitulum
2275 5562 2374 5615 sibi
2414 5563 2778 5626 conﬂassent;
2803 5579 2822 5611 ι
2849 5575 2949 5614 non
2979 5570 3278 5616 mutassent
3304 5567 3419 5634 glo-

1875 5651 2007 5701 riam
2041 5665 2189 5704 suam
2222 5653 2272 5704 in
2300 5654 2710 5706 similitudinem
2754 5652 2900 5703 vituli
2946 5653 3304 5716 come-dentis
3341 5653 3422 5708 fe-

1874 5741 2088 5806 num";
2113 5761 2131 5792 ι
2169 5758 2273 5796 non
2306 5746 2370 5797 de
2420 5744 2510 5798 illo
2557 5745 2721 5798 \itulo
2765 5744 2866 5799 sibi
2909 5755 3093 5799 mutuo
3127 5746 3415 5800 dixissent:

1432 5918 1469 5945 ³⁷
1508 5913 1644 5968 Psal.
1680 5929 1768 5977 (ιν,
1798 5913 1886 5966 20.

1872 6070 2110 6120 ἔκκειται
2147 6071 2496 6136 παριστάντα,
2529 6071 2747 6138 optime,
2783 6081 2832 6122 et
2864 6084 3138 6135 perperam
3167 6068 3422 6124 llcescbe-v

1871 6140 1971 6190 lius
2000 6141 2300 6206 suSpicatur
2331 6140 2604 6210 legendum
2635 6156 2864 6208 παρ-,τη
