4076 6310
195 507 295 564 915

1367 498 1647 554 CONTRA
1681 496 1951 554 CELSUM
1988 497 2112 552 LIB.
2149 453 2210 552 ΙΙ..

3287 499 3392 551 υιι

195 621 288 674 οὐκ
304 621 366 674 ἂν
379 620 532 684 Θεὸς,
551 616 662 672 ἀλλ’
677 619 782 671 οὐδ’
802 618 894 671 ἄνο
905 635 1078 689 ρωπος
1101 619 1357 687 φρόνιμος
1373 617 1532 669 πάθοι
1551 616 1676 685 (Ξῦ).
1717 637 1733 664 ι

1853 615 1997 668 :ndat
2025 618 2088 669 "‘.
2124 635 2140 666 ι
2178 613 2300 668 "me
2334 614 2450 665 vide
2481 628 2659 666 annon
2697 611 2932 679 proclive
2965 611 3037 663 sit
3066 611 3116 662 iu
3148 609 3388 665 Judaeum

187 711 334 780 Ὅρα
377 709 434 761 δὲ
463 711 514 761 εί.
549 709 624 779 μὴ
668 706 840 760 ταῦτα
888 706 1139 777 ἄντικρυς
1167 706 1488 775 ἀναστρέφει
1530 707 1622 756 ἐπὶ
1652 705 1740 756 τὸν

205 800 472 852 Ἰουδαῖον·
510 799 723 853 ἀπειλεί
755 799 860 870 γὰρ
887 798 944 850 ὲν
989 799 1109 859 ταῖς
1138 798 1384 866 νομικαῖς
1428 797 1520 849 καὶ
1545 811 1744 865 προφη-

193 891 369 952 τικαίς
387 890 626 960 Γραφαίς
652 892 679 942 ὁ
705 889 837 952 Θεὸς
860 888 952 941 καὶ
985 888 1212 960 λοιδορεῖ
1264 887 1462 940 ὁπόταν
1487 885 1617 956 λέγῃ
1646 887 1743 937 οὐκ

192 980 445 1032 ἐλάττονα
485 980 594 1032 τῶν
639 981 697 1031 ἐν
733 978 812 1049 τῷ
855 979 1197 1048 Εὑαγγελίῳ·
1225 977 1399 1038 ,ὁποῖά
1436 979 1548 1028 ἐστι
1578 976 1646 1027 τὰ
1688 977 1745 1027 ἐν

205 1070 400 1138 Ἡσαΐᾳ
425 1067 596 1130 οὕτως
626 1068 845 1137 ἔχοντα·
887 1087 904 1118 ι
934 1068 1068 1120 Οὐαὶ
1098 1069 1148 1119 οἱ
1183 1066 1538 1128 συνάπτοντες
1570 1065 1745 1116 οἰκίαν

193 1159 328 1229 πρὸς
369 1159 582 1222 οίκίαν,-
621 1158 710 1211 καὶ
753 1159 919 1228 ἀγρὸν
965 1158 1099 1229 πρὸς
1145 1159 1310 1226 ἀγρὸν
1353 1157 1677 1225 ἐγγίζοντες·
1724 1175 1740 1205 ι

189 1250 309 1310 καὶ,
345 1267 363 1299 ι
413 1248 549 1300 Οὐαὶ
585 1249 632 1302 ot
666 1249 998 1319 ἐγειρόμενοι
1036 1248 1097 1298 τὸ
1140 1245 1301 1318 πρωῒ,
1339 1246 1530 1299 καὶτὸ
1559 1248 1748 1315 σίκερα

190 1337 504 1399 διώκοντες·
550 1357 571 1390 ι
612 1340 730 1402 καὶ,
764 1358 781 1388 ι
815 1337 946 1391 Οὐαὶ
977 1339 1027 1390 oi
1058 1336 1423 1406 ἐπισπώμενοι
1452 1336 1549 1398 τὰς
1569 1337 1747 1405 ἁμαρ-

189 1428 311 1489 τίας
340 1427 415 1490 ὡς
447 1429 663 1498 σχοινίῳ
689 1427 906 1498 μακρῷ·
937 1448 954 1478 ι
987 1429 1102 1485 καὶ.
1134 1446 1150 1477 ι
1182 1425 1314 1480 Οὐαὶ
1341 1428 1391 1478 οἱ
1416 1425 1661 1494 λέγοντες
1690 1426 1749 1477 τὸ

193 1516 427 1586 πονηρὸν
459 1518 640 1580 καλὸν,
672 1517 765 1572 καὶ
792 1518 851 1569 τὸ
880 1517 1038 1570 καλὸν
1069 1517 1315 1587 πονηρόν·
1350 1536 1368 1566 ι
1412 1518 1529 1580 καὶ,
1567 1535 1583 1565 ι
1616 1516 1749 1568 Οὐαὶ

189 1608 240 1660 οι
265 1607 540 1677 ἰσχύοντες
566 1608 737 1678 ὑμῶν,
759 1610 808 1660 oi
840 1609 1083 1670 πίνοντες
1118 1608 1208 1660 τὸν
1231 1605 1391 1660 οἶνον.
1434 1626 1451 1658 ι
1490 1608 1598 1660 Καὶ
1619 1607 1749 1659 ἄλλα

190 1699 236 1751 δ’
277 1697 346 1751 ἂν
369 1698 550 1769 εὕροις
581 1699 767 1768 μυρία.
807 1697 929 1762 Πῶς
952 1699 995 1751 δ’
1028 1699 1084 1750 οὐ
1123 1697 1472 1769 παραπλήσια
1494 1695 1578 1760 αἷς
1607 1697 1749 1764 λέγει

191 1787 444 1850 ἀπειλαῖς
476 1787 585 1857 (27)
615 1789 730 1840 ἐστι
758 1787 841 1851 τὸ,
871 1808 889 1839 ι
922 1788 1224 1851 υὺαὶκέθνος
1257 1787 1596 1858 ἁμαρτωλὸν,
1629 1785 1751 1849 λαὸς

194 1878 410 1949 πλήρης
452 1877 754 1949 ἁμαρτιῶν,
788 1878 1002 1948 σπέρμα
1039 1878 1291 1947 πονηρὸν,
1335 1877 1439 1929 υἱοὶ
1477 1877 1684 1945 ἄνομοι,
1730 1894 1747 1924 ι

1846 716 2179 774 retorquere.
2216 705 2347 758 Nam
2384 705 2434 757 in
2474 704 2592 773 lege
2630 713 2686 756 ct
2723 703 2999 770 prophetis
3052 703 3193 756 Deus
3231 702 3392 755 etiam
3449 763 3453 766 ι

1845 798 2144 861 minitatur,
2170 796 2410 864 increpat
2431 795 2596 848 nihilo
2614 793 2783 847 levius
2806 791 3139 862 quam_.lcsus
3155 792 3209 845 in
3229 791 3396 845 Evan-

1845 887 2004 957 gelio;
2033 867 2282 954 sic‘apud
2301 885 2493 939 Isaiam
2517 901 2530 936 :
2560 901 2578 933 ι
2603 883 2693 937 Va:
2718 883 2810 951 qui
2834 881 3155 951 conjungilis
3175 883 3396 935 domum

1846 979 1910 1032 ad
1932 977 2148 1031 domum
2177 987 2233 1030 et
2272 990 2461 1044 agrum
2499 989 2631 1043 agro
2657 974 2941 1041 copulatis.
2967 991 2986 1024 ι
3015 972 3112 1027 Et:
3145 990 3164 1023 ι
3189 971 3281 1026 Vae
3305 972 3396 1038 qui

1845 1071 2168 1138 consurgitis
2195 1085 2352 1123 mane
2375 1070 2440 1123 ad
2466 1071 2784 1123 ebrietatem
2814 1067 3147 1122 sectandam.
3174 1083 3192 1115 ρ
3224 1062 3395 1116 Item:

1852 1178 1870 1209 ι
1906 1159 1991 1211 Va:
2038 1160 2130 1227 qui
2177 1159 2392 1213 trahitis
2431 1167 2650 1225 peccata
2698 1157 2861 1224 quasi,
2903 1155 3145 1209 funiculo
3180 1156 3396 1220 longe»
3494 1158 3500 1163 '

1848 1248 2134 1319 Similiter;
2165 1265 2184 1297 ι
2218 1246 2306 1300 Vae
2329 1248 2420 1314 qui
2453 1247 2629 1302 dicitis
2654 1246 2851 1300 malum
2878 1246 3100 1308 bonum,
3122 1254 3177 1296 et
3201 1243 3399 1296 bonum

1849 1341 2068 1392 malum.
2092 1356 2110 1389 ι
2151 1339 2210 1390 Ει
2239 1355 2250 1382 τ
2293 1355 2307 1388 ι
2337 1336 2421 1391 Vae
2447 1338 2536 1406 qui
2570 1347 2819 1408 potentes
2851 1336 2986 1391 esus
3013 1336 3081 1389 ad
3112 1334 3400 1388 bibendum

1848 1429 2029 1481 vinum
2052 1429 2115 1479 δ’.
2138 1445 2156 1479 ι
2203 1427 2270 1480 Ει
2300 1427 2402 1482 alia
2447 1428 2691 1483 invenire
2718 1438 2803 1483 est
2834 1425 2885 1481 id
2913 1439 3084 1494 genus
3115 1422 3399 1492 permulta.

1847 1520 1928 1570 An
1962 1535 2066 1572 non
2099 1518 2262 1572 minis
2289 1517 2487 1572 similia
2517 1527 2643 1572 sunt
2681 1519 2791 1572 htec
2816 1536 2830 1572 :
2872 1536 2892 1569 ι
2919 1515 3009 1569 Va:
3035 1515 3178 1586 genti
3207 1527 3402 1582 pecca-

1852 1610 1966 1661 trici
1988 1650 2002 1669 ,
2033 1609 2224 1677 popqu
2253 1609 2399 1677 gravi
2435 1609 2735 1677 iniquitate,
2765 1609 2956 1663 semini
2983 1621 3211 1674 nequam
3234 1647 3248 1670 ,
3279 1603 3404 1657 filiis

1850 1702 2128 1755 sceleratis
2155 1701 2235 1766 ⁸³,
2266 1717 2285 1749 ι
2320 1708 2374 1752 et
2401 1709 2594 1755 czctera
2619 1742 2634 1764 ,
2669 1700 2862 1768 quibus
2890 1699 3041 1753 addit
3083 1709 3160 1752 tet
3193 1696 3365 1749 minas
3386 1735 3401 1758 ,

1797 1858 1804 1862 _
1853 1808 1945 1847 nec
1982 1793 2216 1845 minores
2258 1790 2323 1844 iis
2363 1805 2499 1858 quas
2547 1789 2732 1844 Jesum
2769 1791 3061 1844 intentasse
3099 1786 3265 1841 dicit?
3296 1789 3404 1839 An-

1855 1897 1958 1935 non
1999 1883 2158 1935 minu‘.
2199 1889 2323 1936 sunt
2364 1891 2421 1936 et
2471 1896 2675 1948 magna:
2721 1881 2938 1947 quidem
2997 1881 3159 1934 istm:
3193 1898 3210 1930 ι
3237 1878 3403 1930 Terra

192 1967 287 2019 καὶ
318 1967 388 2020 τὰ
431 1967 594 2036 ὲξῆςς
631 1963 713 2030 οἷς
756 1968 1004 2038 ἐπιφέρει
1042 1967 1368 2036 τηλικαύτας
1407 1966 1652 2028 ἀπειλάς,
1697 1966 1750 2017 αἴ

1853 1985 2030 2028 vestra
2059 1974 2291 2036 deserta,
2314 1973 2737 2044 “civitates
2760 1983 2953 2026 vestrm
2975 1987 3246 2027 succensze
3275 1973 3402 2042 igni;

189 2058 330 2110 εἰσιν
365 2057 465 2109 οὐκ
511 2058 761 2119 ἐλάττους
792 2051 866 2110 ὧν
908 2074 1039 2127 φησι
1078 2057 1165 2108 τὸν
1217 2057 1419 2127 Ἰησοῦν
1452 2058 1746 2127 εἰρηκέναι.

195 2150 267 2200 ’11
291 2149 394 2200 οὐκ
422 2147 565 2201 ἔστιν
590 2149 784 2218 ἀπειλὴ
807 2150 899 2200 καὶ
927 2149 1132 2217 μεγάλη
1159 2166 1221 2215 γε
1244 2151 1275 2216 ή
1298 2148 1598 2216 φάσκουσα·
1633 2165 1650 2196 ι
1691 2148 1751 2198 'H

190 2240 266 2306 γῆ
298 2237 453 2307 ὑμῶν
491 2238 713 2308 ἔρημος,
747 2241 800 2290 αί
842 2239 1021 2301 πόλεις
1051 2238 1201 2308 ὑμῶν
1236 2238 1608 2308 πυρίκαυστοι,
1657 2238 1752 2307 τὴν

192 2327 378 2397 χώραν
419 2327 570 2397 ὑμῶν
615 2327 844 2381 ἐνώπιον
888 2328 1037 2398 ὑμῶν
1084 2329 1346 2397 ἀλλότριοι
1386 2328 1754 2382 κατεσθίουσιν

191 2417 386 2486 αὐτὴν,
424 2419 516 2470 καὶ
557 2418 846 2488 ἠρήμωται
879 2418 1464 2488 κατέστραμμένηιὺπὸ
1496 2417 1636 2471 λαῶν
1664 2419 1755 2470 άλ-

191 2506 462 2577 λοτρίων;
501 2527 520 2557 ι
563 2506 686 2569 Πῶς
709 2508 753 2560 δ’
784 2508 842 2560 οὐ
872 2508 1124 2578 λοιδορίαι
1157 2510 1250 2560 καὶ
1285 2509 1342 2561 ὲν
1378 2507 1452 2578 τῷ
1500 2509 1755 2578 Ἰεζεκιήλ

190 2600 302 2649 εἰσι
341 2598 477 2674 πρὸς
515 2599 604 2650 τὸν
643 2599 946 2665 λαὸν,’ένθα
979 2602 1008 2651 ὁ
1043 2599 1243 2668 Κύριός
1273 2599 1389 2651 ἐστι
1418 2599 1588 2667 λέγων
1623 2601 1752 2670 πρὸς

190 2689 285 2741 τὸν
317 2690 633 2758 Προφήτην·
671 2708 688 2740 ι
729 2692 815 2742 Ἐν
839 2687 986 2761 μέσῳ
1008 2691 1279 2761 σκορπίων
1309 2693 1374 2742 σὺ
1397 2694 1698 2755 κατοικεῖς;
1733 2712 1749 2742 ι

189 2775 320 2848 τΑρ’
357 2776 470 2843 οῦν,
515 2780 562 2831 ὦ
600 2782 790 2845 Κέλσε,
833 2782 1246 2854 συνῃσθημέκως
1455 2783 1755 2852 πεποίηκας

190 2867 284 2917 τὸν
332 2867 583 2938 ἰοουδαῖον
603 2867 828 2934 λέγοντα
851 2871 978 2939 περὶ
1000 2869 1090 2922 τοῦ
1129 2868 1322 2938 Ἰησοῦ,
1345 2869 1426 2920 ὅτι
1457 2886 1474 2918 ι
1521 2869 1756 2921 Ἀπειλεί

189 2957 290 3009 καὶ
323 2957 549 3026 λοιδορεῖ
581 2959 824 3027 κούφως,
860 2961 1054 3011 ὁπόταν
1085 2960 1242 3030 λέγῃ·
1294 2960 1426 3013 Οὐαὶ
1463 2961 1606 3029 ὑμῖν,
1643 2960 1752 3019 καὶ,

191 3048 455 3117 Ιιρολέγω
488 3049 644 3117 ὑμῖν;
678 3065 694 3098 ι
723 3031 830 3117 Ούχ
860 3050 1009 3119 ὁρᾷς,
1042 3049 1121 3101 ὅτι
1154 3049 1293 3118 ἅπερ
1329 3049 1645 3119 κατηγορῶν
1673 3049 1757 3099 λέ-

189 3155 282 3204 γει
312 3141 340 3191 ὁ
366 3137 515 3208 παρὰ
530 3139 610 3191 σοὶ
647 3140 889 3200 Ἰουδαῖος
911 3140 1002 3191 τοῦ
1044 3139 1236 3207 Ἰησοῦ,
1269 3139 1436 3191 ταῦτα
1462 3141 1525 3191 ἂν
1550 3138 1757 3206 λέγοιτο

187 3230 334 3298 πρὸς
370 3229 530 3282 αὐτὸν
564 3229 689 3299 περὶ
731 3227 824 3280 τοῦ
874 3228 1040 3292 Θεοῦ;
1097 3231 1385 3302 ’Λντικρυς
1419 3231 1526 3301 γὰρ
1557 3232 1612 3283 ὲν
1646 3235 1757 3293 τοῖς

185 3320 402 3388 ὁμοίοις
431 3322 737 3390 εὑρίσκεται
771 3323 867 3384 ῶν,
904 3322 977 3383 ὡς
1001 3321 1170 3374 οἴεται
1192 3325 1221 3374 ὁ
1260 3323 1526 3387 Ἰουδαῖος,
1561 3325 1755 3394 ἐγκλή-

193 3425 370 3476 μασιν
396 3411 424 3462 ὁ
449 3411 630 3472 ἐντοῖς
651 3413 952 3481 προφήταις
983 3412 1134 3476 Θεὸς,
1163 3415 1237 3476 ὡς
1262 3418 1442 3466 πεῖσαι
1463 3416 1754 3468 ἀδυνατῶν.

187 3497 320 3548 Ἔτι
337 3497 396 3550 δὲ
413 3499 642 3568 φήσαιμ’
660 3501 727 3552 ἂν
749 3502 880 3569 πρὸς
912 3503 1002 3554 τὸν
1031 3504 1180 3574 παρὰ
1197 3504 1275 3574 τῷ
1293 3506 1482 3574 Κέλσῳ
1512 3507 1757 3560 Ἰουδαῖον

179 3587 442 3655 οἰόμενον
468 3585 527 3641 εὖ
547 3589 716 3642 ταῦτα
772 3589 882 3661 (‘29)
914 3592 990 3661 τῷ
1026 3595 1195 3662 Ἰησοῦ
1223 3597 1490 3663 ἐγκαλεῖν,
1521 3601 1600 3650 ὅτι
1627 3601 1756 3668 ἀραὶ

181 3673 445 3727 πλεῖσται
483 3676 603 3729 ὅσαι
627 3677 1107 3748 ἀναγεγραμμέναι
1131 3683 1267 3734 εἰσὶν
1297 3685 1354 3735 ὲν
1375 3687 1639 3754 Λευῖτικῷ
1664 3689 1757 3739 καὶ

179 3767 619 3835 Δευτερονομίῳ,
658 3769 782 3837 περὶ
805 3761 878 3820 ὧν
913 3769 985 3831 ὡς
1007 3771 1101 3824 ἐὰν
1134 3772 1529 3842 άπολογήσηται
1562 3778 1590 3826 ὁ
1628 3777 1755 3828 Ἰου-

176 3855 343 3916 δαῖος
373 3856 770 3926 παριστάμενος
803 3860 870 3926 τῇ
896 3858 1103 3929 Γραφῇ,
1135 3861 1166 3928 ἢ
1205 3861 1460 3924 τοιούτως
1486 3862 1517 3932 ἢ
1555 3866 1648 3915 καὶ
1677 3863 1755 3917 ἔτι

178 3943 406 4012 βέλτιον
439 3943 886 4016 ἀπολογησόμεθα
928 3950 1054 4019 περὶ
1084 3949 1192 4001 τῶν
1239 3948 1603 4020 νομιζομένων
1653 3953 1757 4005 ὑπὸ

171 4033 289 4085 τοῦ
325 4033 502 4102 Ἰησοῦ
529 4035 776 4107 εἰρῆσθαι
801 4037 1071 4108 λοιδοριῶν
1097 4042 1188 4092 καὶ
1212 4040 1470 4094 ἀπειλῶν.
1500 4044 1607 4094 Καὶ
1631 4045 1756 4113 περὶ

171 4123 366 4176 αὑτοῦ
391 4123 449 4176 δὲ
474 4124 567 4176 τοῦ
599 4127 873 4191 Μωῦσέως
899 4128 1083 4198 νόμου,
1121 4121 1284 4199 ἡμεῖς
1315 4130 1512 4199 μᾶλλον
1533 4132 1754 4202 δυνησό-

173 4215 341 4286 μεθα
387 4215 840 4287 ἀπολογήσασθαι,
890 4220 983 4272 άτε
1026 4219 1382 4292 συνετώτερον
1424 4223 1757 4291 διδαχθέντες

169 4305 305 4356 ὑπὸ
333 4305 430 4358 τοῦ
496 4308 668 4376 Ἰησοῦ
707 4308 924 4361 ἀκούειν
972 4309 1080 4363 τῶν
1123 4311 1358 4387 νομικῶν
1394 4315 1754 4384 γραμμάτων,

165 4396 344 4465 ἤπερ
373 4397 406 4448 ,ὁ
453 4395 730 4460 Ἰουδαῖος·
767 4398 901 4451 ἀλλὰ
935 4400 1028 4452 καὶ
1069 4399 1098 4450 ὁ
1144 4399 1408 4465 Ἰουδαῖος,
1443 4403 1537 4455 ἐὰν
1583 4405 1666 4474 ῐδῃ
1696 4407 1757 4455 τὸ

161 4483 448 4553 βούλημα
482 4484 589 4538 τῶν
622 4489 971 4556 προφητικῶν
1003 4491 1195 4558 λόγων,
1223 4493 1566 4562 παραστῆσαι
1598 4494 1754 4564 δυνή-

1855 2065 2124 2132 regionem
2156 2074 2387 2119 vestram
2429 2079 2609 2118 coram
2644 2063 2796 2116 vobis
2837 2062 2997 2114 alieni
3030 2065 3319 2122 devorant,
3353 2070 3406 2112 et

1853 2155 2092 2208 desolata
2131 2165 2380 2209 vastatur
2419 2169 2447 2206 a
2488 2152 2698 2222 populis
2725 2153 2917 2206 alienis
2937 2152 3020 2202 “1?
3051 2171 3069 2204 ι
3103 2154 3292 2204 Annon
3322 2151 3403 2204 vi-

1855 2245 2062 2312 tuperia
2092 2253 2235 2307 sunt,
2268 2259 2384 2310 quze
2411 2243 2549 2296 Deus
2576 2250 2764 2296 contra
2792 2241 3042 2309 populum
3073 2242 3148 2292 ait
3175 2241 3240 2292 ad
3267 2241 3408 2293 Ezco

1814 2371 1819 2376 .
1852 2331 2075 2386 chielem
2097 2332 2444 2400 prophetam:
2471 2329 2630 2384 «Cum
2655 2331 3032 2398 scorpionibus
3052 2330 3264 2382 habitas
3281 2330 3400 2381 ⁸⁵2»

1854 2420 1932 2472 An
1963 2420 2125 2483 serio,
2153 2419 2329 2483 Celse,
2361 2417 2600 2473 Judzeum
2633 2428 2822 2471 contra
2861 2417 3040 2472 Jesum
3077 2418 3290 2472 inducis
3319 2419 3404 2472 di-

1854 2521 2096 2564 centem:
2137 2529 2154 2562 ι
2179 2511 2465 2580 Promptus
2487 2512 2552 2564 ad
2580 2512 2753 2566 minas
2777 2520 2829 2564 et
2855 2511 3123 2578 vituperia
3144 2512 3405 2565 clamitat:

1860 2599 1944 2653 Vm
1968 2603 2138 2667 vobis,
2181 2603 2409 2671 prtedico
2439 2602 2634 2656 vobis?
2665 2621 2682 2652 ι
2723 2601 2951 2656 Videsne
2980 2601 3239 2670 quidquid
3280 2617 3405 2655 cum

1854 2690 1978 2744 Jesu
2012 2691 2369 2758 expostulat,
2402 2703 2584 2746 contra
2620 2694 2793 2761 ipsum
2823 2692 2887 2746 de
2927 2693 3035 2745 Deo
3061 2691 3169 2745 dici
3190 2692 3410 2761 posse?

1857 2780 1988 2833 Nam
2037 2784 2174 2837 Deus
2215 2783 2267 2835 in
2293 2783 2572 2852 prophetis
2610 2783 2884 2838 invenitur
2915 2783 3103 2837 iisdem
3154 2797 3403 2850 prorsus,

1857 2872 2042 2935 quales
2068 2871 2284 2926 Judatus
2321 2873 2552 2926 intendit
2583 2912 2598 2935 ,
2644 2873 3080 2927 accusationibus
3117 2874 3405 2930 obnoxius.

1857 2961 2008 3025 quasi
2045 2963 2370 3029 persuadere
2403 2978 2506 3014 non
2538 2974 2735 3032 posset.
2779 2963 3014 3016 Dixerim
3055 2963 3218 3016 etiam
3260 2961 3403 3015 Celsi

1857 3052 2036 3106 ιΙιιιίίιὌ
2055 3054 2140 3118 qui
2161 3052 2274 3105 haec
2296 3065 2355 3106 se
2378 3059 2528 3120 putat
2551 3061 2692 3106 recte
2706 3051 2827 3108 Jesu
2855 3053 3052 3118 probro
3076 3053 3229 3114 dare,
3254 3066 3408 3103 exse-

1858 3148 2148 3207 t-r.ttinttcs,
2183 3151 2444 3211 qumquot
2481 3143 2592 3196 fere
2615 3153 2739 3196 sunt
2765 3143 2816 3196 in
2849 3141 3085 3196 Levitico
3111 3153 3163 3195 et
3203 3142 3402 3194 Dente-

1863 3235 2365 3303 renomioscriptm,
2395 3234 2440 3287 si
2465 3231 2682 3288 Judzeus
2713 3249 2741 3286 e
2769 3232 3048 3302 Scriptura
3079 3232 3405 3297 defenderit,

1863 3341 1961 3379 nos
1995 3327 2243 3379 similiter
2270 3333 2360 3377 aut
2386 3325 2550 3378 etiam
2582 3324 2774 3378 melius
2803 3325 3118 3378 defensuros
3143 3325 3407 3390 vituperia

1858 3429 1913 3470 et
1944 3417 2116 3470 minas
2150 3431 2284 3484 quas
2311 3415 2471 3470 Jesus
2514 3415 2752 3484 jactasse
2777 3415 3136 3469 existimatur.
3178 3415 3288 3468 lmo
3328 3415 3410 3467 le-
3466 3420 3468 3423 '

1861 3522 1976 3576 gem
2002 3511 2174 3575 ipsam
2211 3506 2412 3575 Moysis
2442 3520 2576 3569 nos,
2612 3506 2702 3574 qui
2737 3521 2763 3557 a
2794 3505 2920 3559 Jesu
2951 3505 3094 3559 docti
3119 3519 3305 3558 sumus
3336 3505 3409 3557 lc-

1861 3599 1997 3666 galia
2029 3598 2229 3665 scripta
2264 3596 2567 3666 sapientius
2599 3596 2898 3663 intelligere
2924 3634 2938 3658 ,
2971 3610 3132 3662 quam
3161 3594 3410 3657 .Iudscus,

1861 3691 2147 3743 defendere
2189 3691 2360 3756 magis
2392 3687 2689 3756 poterimus
2720 3703 2734 3749 ;
2770 3699 3077 3753 quanquam
3112 3683 3412 3737 etJudaeus

1859 3779 1994 3846 ipse,
2025 3782 2066 3832 si
2096 3780 2428 3849 perspexerit
2446 3778 2883 3846 propheticormn
2911 3789 3220 3830 sermonum
3264 3789 3411 3828 men-

1860 3877 1964 3919 tem
1994 3907 2006 3930 ,
2053 3870 2336 3922 ostendere
2383 3868 2577 3934 poterit
2608 3869 2770 3921 Deum
2819 3881 2922 3921 non
2976 3865 3165 3918 leviter
3215 3865 3410 3917 minari

1858 3966 1911 4010 et
1937 3956 2238 4025 objurgare,
2268 3972 2388 4010 cum
2421 3956 2552 4009 dicit
2587 3974 2604 4006 ι
2636 3969 2714 4010 va:
2739 3975 2757 4006 ›
2795 3962 2849 4009 et
2876 3973 2894 4008 ι
2917 3953 3178 4008 denuntio
3201 3953 3405 4018 vobis,»

1859 4057 1912 4100 et
1941 4048 2210 4116 quomodo
2236 4048 2396 4110 Deus,
2425 4057 2484 4100 ut
2513 4047 2759 4101 homines
2789 4045 2855 4100 ad
2881 4061 2938 4100 se
2967 4052 3269 4107 convertat,
3298 4044 3413 4097 ha‘c

1859 4137 2043 4200 dicat,
2081 4151 2199 4204 quze
2239 4135 2426 4190 Celsus
2457 4149 2522 4190 ne
2568 4136 2847 4188 cordatum
2890 4134 3104 4202 quidem
3141 4135 3410 4186 hominem

1858 4238 1977 4278 esse
2003 4227 2268 4279 dicturum
2292 4224 2603 4277 arbitratur.
2627 4220 2883 4275 Simiiiter
2901 4231 3076 4275 autem
3095 4221 3410 4285 Christiani,

1860 4314 1950 4382 qui
1983 4328 2144 4366 unum
2191 4314 2242 4365 in
2281 4313 2556 4379 prophetis
2593 4323 2648 4365 et
2692 4311 2743 4363 in
2786 4311 3008 4364 Domino
3049 4312 3209 4366 Deum
3241 4325 3410 4365 nove-

1860 4414 2006 4468 runt,
2043 4405 2254 4471 planum
2290 4402 2521 4466 facient,
2554 4401 2750 4454 rationi
2782 4416 3049 4457 consonus
3085 4417 3231 4467 esse,
3277 4416 3412 4470 quas

1860 4492 1950 4545 ille
1980 4494 2156 4546 minas
2185 4506 2305 4546 esse
2339 4488 2545 4556 censet,
2572 4501 2628 4545 et
2650 4506 2784 4560 quas
2809 4492 3212 4561 obiurgationes
3235 4501 3410 4546 vocat.

144 4591 350 4627 σεται
385 4575 446 4627 τὸ
469 4576 582 4644 (50)
619 4577 693 4648 μὴ
727 4578 940 4646 κούφως
970 4580 1210 4634 ἀπειλεῖν
1254 4583 1343 4634 καὶ
1379 4581 1634 4652 λοιδορεῖν
1664 4587 1750 4636 τὸν

1861 4582 2050 4636 Paucis
2095 4582 2314 4651 insuper
2354 4584 2455 4638 hoc
2489 4582 2606 4638 loco
2642 4582 2879 4646 Celsum,
2913 4585 3003 4650 qui
3039 4583 3413 4651 philoSOphum

142 4667 328 4725 ,Θεὸν
360 4667 586 4736 λέγοντα
621 4672 702 4736 τὸ,
739 4691 758 4722 ι
793 4672 947 4737 Οὐαὶ,
991 4691 1010 4724 ι
1057 4674 1149 4725 καὶ
1196 4691 1215 4722 ι
1254 4674 1498 4744 προλέγω
1531 4675 1683 4742 ὑμῖν·
1728 4696 1745 4725 ι

148 4760 285 4815 καὶ
315 4760 438 4824 πῶς
458 4760 591 4824 Θεὸς
611 4762 752 4834 ὑπὲρ
773 4763 1102 4833 ἐπιστροφῆς
1122 4763 1420 4834 ἀνθρώπων
1438 4763 1506 4817 τὰ
1531 4765 1751 4846 τοιαῦτα

139 4855 238 4908 ἂν
278 4851 458 4922 λέγοι,
493 4853 633 4924 ᾇπερ
665 4855 832 4908 οῐεται
859 4855 978 4909 οὐδὲ
1004 4855 1260 4924 φρόνιμον
1289 4854 1568 4924 ἄνθρωπον
1599 4854 1753 4926 ποιῆ-

1861 4686 1920 4725 se
1950 4682 2004 4725 et
2039 4682 2347 4727 nostrarum
2381 4689 2561 4727 rerum
2606 4674 2863 4726 scientem
2910 4687 3029 4727 esse
3051 4673 3260 4742 jactitat
3284 4710 3299 4734 ,
3332 4673 3415 4724 in-

1862 4765 2146 4832 terrogabo
2175 4783 2189 4820 :
2228 4766 2369 4820 Heus
2400 4776 2454 4819 ιιι
2482 4781 2496 4827 ;
2528 4766 2574 4819 si
2613 4763 2911 4820 Mercurius
2955 4767 3093 4834 apud
3126 4765 3411 4820 Homerum

1867 4855 2038 4925 Ulyssi
2069 4860 2224 4912 dicit:

91 5030 94 5031 ν
142 4960 274 4996 σαι
313 4945 344 4995 ὁ
371 4941 596 5006 Κέλσος.
628 4944 734 5031 Καὶ
767 4945 1075 5015 Χριστιανοί
1097 4944 1154 4996 δὲ
1184 4945 1278 4998 ἕνα
1296 4943 1427 4997 Θεὸν
1461 4944 1832 5016 γινώσκοντες,
1855 4950 1944 5002 τὸν
1975 4953 2032 5003 έν
2063 4955 2174 5014 τοῖς
2199 4954 2500 5022 προφήταις
2529 4952 2622 5004 καὶ
2657 4953 2734 5022 τῷ
2765 4953 2968 5024 Κυρίῳ,
3007 4955 3408 5024 παραστήσουσι

133 5037 226 5102 τὸ
307 5033 531 5101 εὔλογον
579 5028 689 5086 τῶν
733 5037 1095 5118 νομιζομένων
1144 5035 1399 5100 ἀπειλῶν,
1455 5038 1547 5090 καὶ
1575 5036 1877 5106 λεγομένων
1911 5041 2058 5109 παρὰ
2085 5041 2162 5110 τῷ
2186 5042 2374 5112 Κέλσῳ
2398 5043 2690 5112 λοιδοριῶν.
2727 5046 2836 5097 Καὶ
2858 5045 3012 5111 ὀλίγα
3042 5047 3120 5104 εἰς
3139 5042 3228 5093 τὸν
3250 5039 3411 5092 τόπον

346 5184 538 5243 Matth.
590 5202 666 5252 ιι,
690 5187 782 5252 21;
836 5202 996 5269 reatu,
1039 5153 1122 5241 l3.
1223 5188 1266 5216 δ’
1297 5183 1397 5239 lsa.
1455 5202 1511 5251 ν,
1561 5187 1621 5265 8,
1673 5190 1750 5253 Η,

1853 5197 1880 5255 ἰ,
1910 5192 2000 5256 20,
2048 5193 2135 5247 22.
2240 5194 2284 5225 “
2311 5193 2412 5249 lsa.
2451 5211 2488 5260 ι,
2518 5196 2572 5250 4.
2676 5197 2733 5266 "ﬂ
2763 5197 2862 5250 lsa.
2896 5196 3014 5264 1,].
3109 5194 3155 5227 δ’
3205 5196 3403 5251 Ezech.

134 5279 222 5326 ιι,
259 5260 335 5309 6.

238 5451 384 5528 (26)
418 5449 556 5503 Idem
611 5450 662 5502 in
698 5441 868 5512 textu,
914 5448 1264 5528 ndon._ln_fra
1311 5449 1656 5528 “mscltelius
1695 5464 1752 5508 et

121 5518 530 5599 Spéeuierus,
575 5528 708 5599 _pos_t
737 5533 906 5599 voces
936 5521 998 5599 ἐν
1162 5521 1519 5599 Εὐαγγελίῳη
1548 5524 1752 5599 addunt.

114 5588 332 5658 οὗαῑ,
363 5589 691 5708 quodlapest
718 5601 747 5640 a
772 5589 928 5643 codd.
959 5588 1125 5657 Regio
1151 5603 1203 5643 et
1228 5588 1544 5655 Basileeiisi,
1566 5607 1618 5645 et
1646 5596 1751 5645 uti-

115 5683 272 5708 null!
320 5673 564 5708 I'CINHMH
599 5695 615 5708 ι
1711 5706 1714 5708 .

171 5683 272 5722 ne
320 5662 615 5713 redundat.
1711 5706 1714 5708 _

114 5690 741 5808 “ng'ﬁuﬁ'x‘gigc.
767 5725 955 5808 Mallet
973 5725 1300 5808 Bolaerellus,
1330 5729 1630 5808 λοιδορίαις.

421 5796 589 5876 _Codd.
616 5795 813 5876 Regius
843 5806 900 5876 et
920 5794 1710 5876 Βὶτεξίοεξιικίε,-συνῃσθημένος.

215 5864 382 5948 ἰ29)
410 5864 566 5935 Πρὸς
593 5865 699 5918 τὸν
723 5864 877 5932 παρὰ
900 5864 978 5928 τῷ
1007 5864 1219 5929 Κέλσῳ
1251 5864 1748 5937 Ἰυι·δὶὶῖονῖόιόμε-

1855 5451 2052 5510 νονεῦ
2083 5457 2288 5521 ταῦτα,
2319 5469 2425 5512 etc.
2457 5458 2533 5511 Ita
2562 5457 2718 5512 codd.
2752 5456 2948 5526 Regius
2972 5468 3023 5513 et
3047 5458 3400 5526 Basileensis;
3504 5457 3507 5459 ’

1857 5526 2104 5598 impressi
2143 5531 2446 5598 vero,_'roig
2488 5526 2753 5598 οἰομένοις
2782 5528 2871 5579 τὸν
2919 5527 3066 5598 παρὰ
3095 5528 3172 5598 τῷ
3215 5529 3324 5581 Κέλ

1870 5592 2115 5664 ξιοῦδαῖον
2137 5592 2195 5664 εὖ
2230 5594 2420 5656 ταῦτα,
2454 5607 2556 5648 etc.
2576 5592 2751 5650 Paulo
2777 5608 2896 5664 post
2921 5592 3053 5652 mss.
3084 5592 3249 5664 recte,
3277 5616 3344 5650 πε

1855 5657 1931 5736 ὧν
1959 5662 2191 5736 *ὡς-ἐὰν
2246 5663 2645 5733 άπολογήσηται
2671 5705 2686 5728 ,
2742 5657 2988 5733 impressi
3031 5667 3156 5736 περὶ
3191 5657 3264 5719 ὧν
3309 5669 3336 5717 ὲ

1851 5733 2267 5802 ἀπολογήσηται.

1923 5801 2035 5869 (50)
2057 5803 2218 5874 μω).
2271 5803 2482 5868 excusi,
2513 5804 2849 5874 παραστῆναι
2877 5804 3157 5874 δυνήσεται
3181 5802 3278 5874 τῷ,
3312 5805 3405 5860 sed

1855 5874 2020 5924 codex
2056 5868 2254 5938 Regius
2292 5880 2349 5924 ut
2380 5874 2432 5926 iu
2463 5868 2651 5929 nostro
2684 5868 2852 5940 teitu,
2881 5883 2935 5926 et
2969 5868 3101 5926 sane
3128 5868 3351 5929 rectius.
