4100 6318
740 406 844 494 ωδ

2179 427 2498 487 ORIGENIS

3865 425 3984 483 920

743 557 984 622 minare,
1018 534 1206 626 posset
1225 557 1344 612 sine
1374 557 1486 614 Deo
1518 556 1697 614 facere
1718 558 1898 612 omnia
1929 569 2028 626 pro
2055 553 2280 609 arbitrio

2406 548 2708 601 θεοσέϐειαν
2729 547 2823 600 καὶ
2849 546 3213 612 διδασκαλίαν,
3244 545 3468 603 δύναται
3493 545 3604 616 (59)
3630 545 3777 598 ἀθεεὶ
3804 543 3975 613 ποιῆ-

737 641 1106 716 snpérarcque
1140 663 1238 704 eos
1271 662 1479 715 omnes,
1515 649 1608 718 qui
1636 663 1749 704 suae
1770 647 2032 703 doctrinte
2060 647 2302 716 promul-

736 729 937 806 gationi
969 741 1410 806 adversarentur,
1438 753 1618 810 reges,
1642 740 2018 810 imperatores,
2047 747 2300 795 senatum

734 823 1036 880 Romanum
1062 867 1078 892 ,
1111 842 1300 882 omnes
1324 829 1562 883 omnium
1593 831 1834 898 gentium
1864 829 2136 898 principes
2157 870 2170 893 ,
2206 841 2301 897 po-

735 916 946 984 pulum.
987 918 1269 985 Quomodo
1299 930 1478 975 autem
1527 917 1578 975 et
1629 921 1864 976 hominis
1901 929 2129 984 natura,
2168 920 2302 974 nihil

732 1005 938 1062 habens
963 1009 1014 1061 in
1051 1025 1109 1063 se
1132 1010 1247 1078 ipsa
1292 1013 1665 1080 prrestantius,
1709 1021 1892 1081 posset
1921 1022 2086 1068 tanta:
2114 1012 2298 1067 multi-

734 1098 936 1154 tudinis
985 1101 1196 1156 animos
1232 1101 1518 1158 immutare
1543 1143 1559 1168 ,
1600 1117 1699 1158 nec
1728 1105 1888 1159 modo
1923 1103 2250 1175 sapientium
2279 1143 2295 1170 ,

727 1189 871 1256 quod
893 1205 998 1243 non
1027 1191 1221 1246 mirum
1248 1194 1538 1259 esset,~sed
1563 1209 1751 1250 eorum
1783 1194 1972 1262 etiam,
1999 1194 2162 1266 447
2203 1197 2294 1264 qui

726 1279 876 1332 nulla
909 1281 1118 1334 ratione
1149 1283 1436 1351 ducuntur,
1469 1285 1561 1353 qui
1591 1285 1737 1340 vitiis
1777 1286 1941 1342 dediti
1971 1295 2135 1351 sunt,
2169 1287 2295 1356 qui-

726 1379 833 1435 que
869 1383 933 1422 co
963 1369 1231 1428 diﬂicilius
1255 1373 1320 1427 ad
1354 1375 1741 1429 continentiam
1764 1375 2125 1442 adducuntur,
2153 1369 2290 1446 qud-

729 1460 909 1514 minus
960 1460 1154 1517 rationi
1219 1473 1345 1519 sunt
1393 1465 1796 1534 obsequenteS?
1845 1467 2112 1544 Quoniam
2161 1471 2294 1526 vero

723 1544 974 1603 Christus
1008 1563 1127 1607 erat
1157 1563 1208 1610 et
1240 1552 1336 1610 Dei
1366 1557 1539 1610 virtus
1575 1565 1630 1610 et
1651 1556 1829 1611 Patris
1856 1559 2143 1626 sapientia,
2178 1562 2292 1615 hazc

723 1642 904 1694 omnia
935 1640 1062 1696 fecit
1086 1653 1140 1698 et
1163 1645 1322 1698 etiam
1350 1662 1487 1700 nunc
1515 1646 1665 1714 facit,
1694 1648 1818 1703 licet
1840 1649 2008 1704 Judrei
2038 1659 2092 1704 et
2116 1651 2288 1706 Graeci

723 1728 841 1798 ejus
875 1731 1137 1786 doctrinae
1179 1733 1439 1791 increduli
1472 1741 1722 1795 assentiri
1757 1739 1945 1793 nolint.
1988 1739 2097 1796 Nos
2125 1741 2290 1810 igitur

720 1816 847 1872 Jesu
882 1820 1218 1879 documentis
1245 1826 1490 1882 instructi
1524 1829 1633 1882 Deo
1661 1829 1882 1884 credere
1911 1846 2017 1884 non
2051 1811 2286 1900 unquam

724 1909 1069 2002 desinemus,
1099 1924 1154 1968 et
1198 1916 1316 1971 illos
1366 1921 1429 1971 ad
1467 1919 1558 1972 Dei
1611 1921 1812 1975 cultum
1841 1923 2185 1977 cazcuticntes
2220 1923 2287 1976 ad

723 2001 1000 2056 meliorem
1038 2003 1242 2075 frugem
1277 2009 1412 2062 velle
1442 2026 1698 2066 revocare
1733 2030 1748 2066 :
1778 2015 2022 2082 quamvis
2053 2029 2152 2068 nos
2184 2029 2286 2069 cae-

721 2090 901 2146 ('itatis
953 2108 1252 2164 accusent,
1303 2101 1399 2168 ipsi
1444 2117 1572 2157 vere
1605 2104 1732 2158 caeci
1759 2149 1773 2174 ,
1815 2115 1868 2158 et
1912 2122 2009 2160 nos
2035 2106 2285 2175 decipere

719 2183 966 2241 homines
1021 2189 1417 2256 criminentur,
1462 2210 1582 2248 cmn
1628 2196 1728 2266 ipsi
1781 2197 1896 2251 sive
1936 2197 2126 2260 Judtei,
2171 2201 2282 2254 sive

681 2277 935 2356 .thieci,
971 2280 1252 2338 audientes
1302 2299 1361 2339 se
1416 2287 1701 2354 decipiant.
1755 2287 1986 2344 Pulchra
2042 2290 2282 2358 profecto

687 2377 900 2428 .nostra
945 2371 1247 2441 decipiendi
1283 2379 1454 2442 ratio,
1485 2384 1680 2449 quippe
1717 2383 1806 2450 qui
1841 2381 2094 2447 facimus,
2128 2391 2185 2435 ut
2213 2397 2280 2436 ex

718 2455 1206 2532 intemperantibus
1248 2473 1619 2535 temperantes
1669 2471 1839 2537 ﬁant,
1889 2482 1982 2525 aut
2028 2474 2282 2526 studeant

699 2556 1126 2622 temperantia};
1155 2571 1217 2609 ex
1245 2557 1460 2626 injustis
1482 2563 1608 2628 justi
1639 2564 1769 2627 sint,
1803 2572 1897 2616 aut
1923 2566 1986 2616 ad
2012 2564 2276 2633 justitiam
2339 2592 2342 2595 -

715 2641 972 2719 tendant;
1014 2659 1076 2698 ex
1115 2646 1544 2715 imprudentibus
1583 2655 1816 2707 evadant
1854 2656 2150 2724 prudentes
2186 2667 2279 2711 aut

710 2733 854 2814 viam
888 2737 1186 2802 prudentia:
1219 2745 1534 2815 sectentur;
1563 2759 1626 2799 ex
1660 2746 1886 2811 timidis,
1920 2749 2146 2816 ignavis,
2176 2750 2275 2802 im-

710 2828 940 2904 becillis,
965 2833 1195 2888 animosi
1248 2835 1356 2891 sint
1405 2848 1461 2898 et,
1507 2839 1715 2907 fortes;
1768 2857 1872 2908 qna
1919 2844 2120 2896 virtute
2162 2852 2272 2896 tum

707 2925 1013 2994 przesertim
1058 2926 1320 2993 eminent,
1373 2945 1494 2984 cum
1529 2933 1596 2986 ad
1650 2933 1906 3006 pieta‘tem
1942 2949 2068 3004 erga
2108 2935 2272 2990 Deum

706 3010 947 3064 omnium
1001 3013 1333 3070 conditorem
1383 3021 1704 3075 servandam
1763 3024 2064 3090 decertant.
2115 3024 2276 3080 Venit

709 3098 840 3166 ergo
872 3097 1029 3155 Jesus
1060 3102 1311 3160 Christus
1358 3123 1464 3162 non
1499 3110 1564 3163 al)
1612 3126 1717 3166 uno
1745 3114 2004 3182 propheta
2031 3153 2047 3180 ,
2090 3117 2179 3170 sed
2207 3115 2273 3169 ab

2407 657 2495 692 σαι
2525 638 2554 691 ὃ
2600 637 2864 709 βούλεται,
2892 639 2986 691 καὶ
3023 637 3280 708 κρείττων
3323 635 3573 704 γενέσθαι
3611 634 3824 687 πάντων
3851 633 3974 685 τῶν

2403 728 2868 798 ἀντιπραττόντων
2895 728 2960 797 τῇ
2989 729 3125 797 νομῇ
3157 726 3256 795 τῆς
3273 723 3618 786 διδασκαλίας
3646 721 3830 784 αὐτοῦ,
3869 721 3974 790 βα-

2403 817 2594 870 σιλέων
2641 831 2701 868 τε
2751 816 2870 868 xui"
2889 815 3222 884 ἡγουμένων,
3273 815 3367 866 καὶ
3419 812 3718 882 συγκλήτου
3765 808 3974 880 βουλῆς

2411 905 2718 975 Ῥωμαίων,
2746 904 2840 957 καὶ
2867 903 2974 957 τῶν
3005 902 3278 972 πανταχοῦ
3306 903 3600 973 ἀρχόντων,
3631 901 3725 953 καὶ
3759 901 3965 969 δήμου.

2398 995 2524 1058 Πῶς
2555 995 2611 1047 δὲ
2644 995 2739 1066 καὶ
2764 993 3050 1065 ἀνθρώπου
3082 995 3258 1061 φύσις,
3297 992 3460 1064 μηδὲν
3487 992 3690 1062 ἔχουσα
3712 993 3968 1061 κρεῖττον

2344 1103 2348 1106 ’
2397 1087 2455 1137 ὲν
2503 1087 2659 1156 αὐτῇ,
2699 1084 2919 1137 δύναται
2946 1083 3194 1136 τοσοῦτον
3232 1081 3551 1152 ἐπιστρέψαι
3587 1079 3819 1149 πλῆθος;
3865 1078 3968 1131 καὶ

2395 1177 2458 1227 οὐ
2504 1175 2812 1244 θαυμαστὸν
2847 1176 2896 1227 εί
2923 1172 3029 1226 τῶν
3059 1175 3354 1244 φρονίμων,
3391 1171 3526 1226 ἀλλὰ
3566 1170 3660 1223 καὶ
3690 1169 3797 1221 τῶν
3829 1167 3966 1222 ἀλο-

2396 1266 2675 1336 γωτάτων,
2704 1266 2798 1318 καὶ⁹
2821 1267 2933 1327 τοῖς
2953 1263 3179 1318 πάθεσιν
3207 1263 3539 1333 ἐγκειμένων
3559 1260 3690 1331 (40),
3720 1260 3814 1312 καὶ
3832 1260 3965 1311 ὅσον

2397 1359 2488 1412 ἐπὶ
2531 1361 2597 1428 τῇ
2641 1357 2850 1426 ἀλογία,
2881 1357 3252 1428 χαλεπιὶιτερον
3304 1355 3733 1426 μετατιθεμένων
3777 1357 3856 1417 εἰς
3893 1353 3966 1406 τὺ

2399 1448 2869 1521 σωφρονέστερον;
2908 1449 3044 1500 Ἀλλ’
3065 1448 3188 1501 ἐπεὶ
3207 1446 3430 1517 δύναμις
3459 1446 3551 1499 τοῦ
3575 1444 3708 1498 Θεοῦ
3758 1447 3788 1498 ὁ
3824 1444 3968 1515 Χρι-

2395 1536 2520 1600 στὸς
2546 1533 2631 1608 ἦν,
2667 1538 2758 1590 καὶ
2789 1538 2946 1606 σοφία
2975 1537 3072 1591 τοῦ
3099 1538 3326 1608 Πατρδς,
3359 1535 3445 1588 διὰ
3467 1535 3625 1589 τοῦτο
3656 1534 3824 1587 ταῦτα
3853 1551 3966 1587 πε-

2391 1628 2607 1699 ποίηκε,
2643 1628 2735 1681 καὶ
2769 1629 2848 1682 ἔτι
2877 1632 3037 1693 ποιεῖ,
3065 1629 3169 1681 κᾶν
3203 1629 3338 1699 μήτε
3383 1627 3623 1704 Ἰουδαῖοι
3657 1626 3791 1696 μήτε
3821 1624 3965 1678 Ἐλ-

2391 1717 2550 1788 ληνες
2598 1719 2910 1788 βούλωνται,
2959 1722 3006 1772 οἱ
3056 1719 3408 1781 ἀπιστοῦντες
3459 1717 3622 1771 αὐτοῦ
3667 1717 3742 1787 τῷ
3784 1718 3962 1788 λόγῳ,

2403 1808 2596 1878 Ἡμεῖς
2623 1807 2801 1863 οὖνδοὺ
2833 1809 3152 1879 παυσόμεθα
3179 1810 3518 1871 πιστεύοντες
3555 1809 3634 1878 τῷ
3657 1807 3776 1879 Θεῷ
3807 1809 3967 1861 κατὰ

2386 1899 2485 1963 τὰς
2522 1901 2692 1972 Ἰησοῦ
2718 1900 2952 1971 Χριστοῦ
2969 1901 3266 1972 ὑποθήκας,
3293 1901 3526 1962 καὶτοὺς
3547 1899 3962 1967 τυφλώττοντας

2388 2008 2457 2043 πε
2471 1991 2522 2062 pi.
2554 1991 2860 2044 θεοσέϐειαν
2890 1992 3160 2054 ἐθέλοντες
3189 1992 3564 2063 ἐπιστρέφεινο
3600 1990 3701 2043 κᾶν
3737 1992 3785 2043 ei
3812 1991 3962 2059 ἀλη-

2387 2079 2495 2144 θῶς
2523 2081 2935 2151 τυφλώττοντες·
2952 2083 3291 2154 λοιδορῶνται
3317 2084 3446 2152 ἡμῖν
3467 2083 3542 2144 ὡς
3561 2079 3960 2150 τυφλώττουσι,

2385 2173 2476 2226 καὶ
2523 2173 2572 2224 οἱ
2619 2172 3012 2242 βουκολοῦντες,
3057 2176 3166 2226 εἴτε
3223 2174 3460 2227 Ἰουδαῖοι
3510 2171 3618 2224 εἴτε
3665 2171 3957 2242 Ἕλληνες,

2382 2264 3095 2334 τοὺςσυγκατατιθεμένους
3117 2267 3316 2327 αὐτοῖς,
3339 2265 3470 2334 ἡμῖν
3516 2261 3812 2330 ἐγκαλῶσιν
3871 2265 3958 2326 ὡς

2384 2355 2844 2424 βουκολοῦσιτοὺς
2885 2354 3232 2423 ἀνθρώπους
3286 2354 3454 2422 καλήν
3501 2369 3563 2420 γε
3607 2351 3956 2422 βουκόλησιν,

2384 2446 2446 2498 ἶν’
2478 2445 2596 2498 ἀντὶ
2616 2445 2924 2498 ἀκολάστων
2953 2443 3222 2514 σώφρονες
3245 2444 3530 2511 γένωνται,
3556 2442 3588 2512 ἦ
3617 2443 3958 2510 προκόπτον-

2379 2535 2472 2598 τες
2501 2551 2566 2603 γε
2603 2535 2694 2587 ἐπὶ
2730 2533 3080 2605 σωφροσύνην
3104 2550 3116 2564 ο
3149 2535 3242 2586 καὶ
3276 2535 3396 2586 ἀντὶ
3432 2535 3629 2588 ἀδίκων
3658 2533 3879 2596 δίκαιοι,
3911 2534 3953 2604 ἦ

2380 2625 2778 2696 προκόπτοντες
2828 2625 2920 2676 ἐπὶ
2966 2622 3338 2694 δικαιοσύνην·
3392 2624 3486 2676 καὶ
3531 2623 3647 2675 ἀντὶ
3687 2621 3954 2691 ἀφρόνων

2380 2715 2648 2784 φρόνιμοι,
2676 2714 2709 2783 ἢ
2736 2713 3009 2777 ὁδεύοντες
3029 2715 3122 2766 ἐπὶ
3143 2713 3238 2783 τὴν
3266 2712 3524 2783 φρόνησιν
3544 2730 3558 2742 ι
3587 2712 3673 2765 καὶ
3693 2712 3814 2763 ἀντὶ
3839 2711 3955 2764 δει-

2377 2805 2483 2858 λῶν
2538 2805 2629 2857 καὶ
2687 2804 2892 2872 ἀγενῶν
2937 2805 3047 2874 (di)
3095 2804 3189 2858 καὶ
3233 2804 3532 2874 ἀνάνδρων,
3563 2803 3787 2874 ἀνδρεῖοι
3843 2804 3951 2855 καὶ

2378 2895 2710 2966 καρτερικοὶ,
2738 2895 2832 2947 καὶ⁹
2854 2893 3266 2963 μάλιστατοῦτο
3294 2895 3717 2964 ἐπιδεικνύμενοι
3740 2893 3797 2945 ὲν
3821 2895 3952 2957 τοῖς

2378 2991 2517 3059 ὑπὲρ
2546 2987 2828 3051 εὐσεϐείας
2849 2990 2947 3058 τῆς
2975 2992 3055 3052 είς
3083 2989 3172 3042 τὸν
3205 2989 3468 3043 κτίσαντα
3499 2988 3592 3042 ὅλα
3621 2988 3748 3041 Θεδν
3785 2988 3948 3057 ἀγῶ-

2378 3095 2480 3131 σιν.
2530 3074 2731 3132 Ἦλθεν
2765 3075 2855 3132 οὖν
2889 3080 2986 3149 οὐχ
3032 3081 3140 3134 ὑπὸ
3176 3080 3293 3142 ἑνὸς
3333 3082 3629 3150 προφήτου,
3654 3079 3784 3132 -ἀλλ⁵
3832 3082 3949 3134 ὑπὸ

709 3189 960 3247 omnibus
986 3196 1401 3272 praenuntiatus.
1434 3198 1499 3252 Et
1521 3199 1664 3256 Celsi
1691 3167 1998 3272 ignorantia
2028 3167 2150 3270 fuit,
2173 3205 2272 3261 Ju-

2382 3168 2593 3222 πὰντων
2618 3169 3016 3239 προκηρυχθεὶς
3048 3169 3253 3240 Ἰησοῦς
3283 3169 3532 3239 Χριστός.
3566 3170 3670 3222 Καὶ
3692 3167 3857 3221 τοῦτο
3885 3171 3946 3223 δὲ

2408 3253 3003 3272 -.........
3314 3259 3395 3272 λ-
3571 3258 3936 3272 -...--

707 3279 882 3332 dmum
915 3280 1177 3338 inducere
1211 3285 1514 3351 dicentem,
1540 3290 1608 3343 ab
1639 3305 1749 3345 uno
1776 3294 2040 3361 propheta
2070 3295 2268 3362 praedi-

707 3377 854 3454 ctum
904 3371 1178 3427 Christum
1232 3374 1418 3432 fuisse.
1468 3378 1646 3448 Atque
1695 3382 1810 3436 hzee
1855 3381 2073 3438 Judmus
2126 3385 2269 3453 apud

687 3458 940 3526 "Celsum,
974 3463 1130 3529 quasi
1157 3467 1450 3521 secundum
1485 3484 1635 3523 suam
1675 3470 1845 3540 legem
1887 3471 2126 3536 locutus,
2173 3465 2271 3525 ad-

705 3549 831 3603 ditis
859 3552 1129 3607 nonnullis
1159 3555 1278 3608 aliis
1300 3595 1314 3621 ,
1349 3572 1467 3625 quae
1509 3561 1730 3614 minime
1763 3563 1926 3632 digna
1957 3573 2086 3618 sunt
2115 3579 2268 3620 men-

708 3639 875 3706 tione,
901 3641 1066 3698 ﬁnem
1095 3645 1304 3701 dicendi
1331 3647 1480 3713 facit.
1507 3649 1605 3705 llic
1636 3650 1795 3720 igitur
1822 3664 1876 3706 et
1897 3643 2002 3724 ego
2033 3644 2268 3710 secundo

704 3737 890 3783 contra
934 3732 1077 3807 illius
1106 3749 1413 3793 sermonem
1457 3740 1592 3794 libro
1627 3742 1785 3797 linem
1831 3743 2127 3810 imponam.
2160 3729 2268 3800 Deo

705 3830 886 3874 autem
921 3822 1106 3889 dante,
1141 3835 1195 3878 et
1220 3826 1421 3882 Christi
1453 3829 1653 3885 virtute
1683 3831 1734 3884 in
1760 3841 2002 3886 nostram
2029 3817 2266 3888 animam

703 3909 926 3978 illapsa,
964 3913 1016 3967 in
1059 3917 1216 3970 tertio
1259 3933 1378 3985 qua:
1410 3929 1593 3988 postea
1646 3931 1676 3975 a
1705 3923 1862 3978 Celso
1900 3925 2102 3993 scripta
2141 3936 2268 3980 sunt

703 3997 938 4055 refutare
961 4005 1297 4062 conabimur.

2374 3259 2475 3328 τῆς
2518 3259 2753 3328 ἀμαθίας
2782 3253 2850 3328 ἦν
2896 3258 3131 3322 Κέλσου,
3183 3259 3479 3330 περιθεῖναι
3530 3259 3606 3329 τῷ
3665 3258 3947 3329 Ἰουδαῖκῷ

2377 3349 2671 3419 προσώπῳ,
2696 3349 2792 3404 ἕνα
2819 3351 3104 3421 προφήτην
3135 3336 3518 3422 προειρηκέναι
3540 3347 3779 3420 περὶτοῦ
3807 3351 3948 3420 Χρι-

2379 3440 2523 3493 στοῦ.
2563 3443 2671 3494 Καὶ
2717 3443 2838 3511 ἐπει
2872 3441 3044 3496 ταῦτα
3079 3445 3106 3495 ό
3145 3441 3295 3513 παρὰ
3325 3441 3399 3512 τῷ
3443 3439 3635 3512 Κέλσῳ
3683 3441 3944 3505 Ἰουδαῖος

2375 3532 2619 3601 εἰσῆκται
2655 3532 2850 3600 λέγων,
2903 3518 2992 3604 ὡς¹
3024 3533 3180 3602 δῆθεν
3229 3532 3370 3585 κατὰ
3411 3533 3501 3586 τὸν
3533 3531 3719 3586 ἑαυτοῦ
3751 3532 3941 3602 νόμον,

2366 3615 2472 3674 ’καὶ
2506 3620 2666 3674 αὑτοῦ
2698 3639 2798 3675 που
2820 3623 3137 3683 ,κατέπαυσε
3167 3623 3256 3674 τὸν
3280 3621 3454 3689 λόγον,
3492 3623 3582 3674 καὶ
3609 3621 3739 3674 ἄλλα
3768 3622 3944 3675 εἰπὼν

2371 3713 2432 3765 οὐ
2467 3714 2688 3784 μνήμης
2727 3713 2881 3777 ἀξια’
2933 3713 3025 3766 καὶ
3063 3712 3222 3777 αὐτὸς
3268 3713 3450 3769 ἐνθάδε
3495 3713 3835 3767 καταπαύσω
3882 3715 3947 3766 τὸ

2370 3801 2758 3873 δεύτεροντῶν
2799 3803 2934 3872 πρὸς
2975 3803 3034 3855 τὸ
3069 3793 3404 3872 σύγγραμμα
3440 3801 3603 3856 αὑτοῦ
3630 3802 3945 3872 ὑπαγορευ-

2375 3890 2576 3944 θέντων
2605 3910 2711 3962 μοι.
2745 3893 2876 3946 Θεοῦ
2902 3893 2958 3946 δὲ
2979 3881 3225 3958 διδόντος,
3261 3893 3355 3947 καὶ
3380 3896 3478 3965 τῆς
3510 3892 3742 3963 Χριστοῦ
3778 3893 3944 3946 δυνά-

2377 3996 2523 4047 μεως
2555 3984 2621 4050 τῇ
2651 3985 2794 4050 ψυχῇ
2851 3982 3004 4052 ἡμῶν
3045 3983 3430 4053 ἐπιδημούσης,
3478 3982 3849 4053 πειρασόμεθα
3882 3986 3942 4036 ἐν

2373 4068 2450 4138 τῷ
2483 4071 2651 4140 τρίτῳ
2688 4070 2935 4140 πρὸςτὰ
2961 4071 3088 4140 ἑξῆς
3128 4070 3205 4140 τῷ
3235 4070 3444 4141 Κέλσῳ
3481 4071 3758 4142 γραφέντα
3799 4088 3942 4142 πρα-

2373 4157 2801 4226 γματεύσασθαι.
2903 4158 2905 4160 ’
3084 4187 3086 4191 ν
3394 4183 3407 4192 ο

742 4291 2778 4328 MM

1314 4433 2150 4557 ΩΡΙΓΕΝΟΥΣ
2216 4416 2639 4556 ΚΑΤΑ
2711 4443 3370 4563 ΚΕΛΣΟΥ.

1820 4621 2198 4707 ΤΟΜΟΣ
2261 4625 2645 4713 ΤΡΙΤΟΣ
2666 4618 2803 4710 (42).
3180 4639 3184 4643 ’
3245 4625 3248 4628 ’

944 4891 1528 4990 ORIGENIS
1600 4902 2071 4997 CONTRA
2149 4890 2608 5005 CELSUM
2680 4914 3040 5002 LIBER
3112 4880 3668 5006 TERTIUS.

762 5185 818 5240 Ι.
850 5185 908 5240 in
947 5185 1122 5254 primo
1149 5191 1290 5259 quod
1333 5191 1593 5246 adversus
1634 5194 1830 5250 librum
1863 5211 1891 5248 a
1923 5195 2081 5251 Celso
2107 5199 2254 5253 στι-ος
2289 5205 2333 5258 D

692 5275 838 5342 ganti
865 5277 972 5329 veri
1009 5281 1261 5335 sermonis
1294 5282 1445 5337 titulo
1482 5283 1799 5354 inscriptum
1832 5297 2130 5356 contraque
2158 5304 2256 5345 nos

687 5364 1028 5420 elaboratum
1075 5372 1392 5438 scripsimus
1439 5375 1732 5446 volumine,
1777 5377 2092 5432 ﬁdelissime
2129 5366 2292 5433 Αιιι-’

686 5455 855 5520 brosi,
889 5457 1260 5524 praefationem
1305 5460 1420 5528 ejus
1465 5473 1672 5534 etquae
1702 5477 2003 5534 sequuntur
2047 5468 2256 5534 ordine,

897 5564 1081 5643 Codex
1112 5569 1332 5643 Regius,
1359 5559 1664 5643 δυνήσεται.

756 5635 873 5704 (ιο)
925 5635 1324 5708 Ὲγκειμέιῖωνέ
1369 5635 1568 5697 Guieto
1624 5647 1970 5701 scribendum
2022 5650 2253 5714 videtur,

688 5702 1041 5760 ὶκκειιιένων.

759 5768 867 5845 (Η)
910 5775 1076 5832 Codd.
1105 5777 1304 5850 Regius
1333 5774 1386 5836 et
1419 5782 1758 5849 linsilecusis,
1786 5775 2045 5850 ἀγεννῶν.

2446 5203 2534 5255 Ἑν
2583 5202 2679 5271 μὲν
2721 5198 2796 5269 τῷ
2845 5199 3043 5272 πρώτῳ
3078 5203 3155 5273 τῷ
3193 5203 3329 5274 πρὸς
3374 5205 3473 5275 τὴν
3522 5202 3760 5270 ἀλαζόνα
3809 5206 3926 5260 ἔπι-

2361 5291 2578 5363 γραφὴν
2605 5289 2834 5355 Κέλσου,
2860 5289 3261 5359 ἐπιγράψαντος
3279 5290 3472 5361 ἀληθῆ
3495 5293 3679 5362 λόγον
3709 5295 3778 5348 τὺ
3809 5294 3928 5351 καθ’

2363 5380 2518 5448 ἡμῶν
2539 5379 2688 5450 αὐτῷ
2721 5378 3014 5449 συνταχθὲν
3040 5379 3260 5449 βιϐλίον,
3293 5381 3368 5443 ὡς
3400 5381 3760 5463 προσέταξας,
3791 5383 3932 5436 κατά

2365 5469 2613 5541 δύναμιν,
2644 5472 2930 5524 πιστότατε
2969 5469 3279 5542 Ἀμϐρόσιε,
3321 5471 3668 5542 διειλήφαμεν
3705 5474 3777 5527 τὸ
3804 5487 3930 5544 προ-

2459 5582 2546 5665 ῥὲ)
2586 5586 2802 5665 lapsis.
2832 5581 3020 5665 titulus
3043 5593 3144 5665 est,
3335 5583 3426 5665 τξν
3449 5584 3926 5665 ἐπιγεγραμμένον

2367 5651 2574 5724 Κέλσου
2615 5652 2797 5724 οάληθῆ
2846 5651 3001 5724 λόγον
3043 5651 3314 5721 τόμοςγθ.
3364 5654 3475 5708 Duo
3503 5651 3792 5724 Anglicani
3836 5667 3927 5723 pro

2366 5723 2530 5788 τόμος
2558 5727 2600 5787 γ’
2635 5720 3008 5787 1ιξὼεηιλόγος
3038 5726 3104 5787 γ’.
