  <div class='ocr_page' id='page_1' title='image "/cluster/home/n/w/nwhite01/storage/ocr_20150623/11/pst.000005711918/482.png"; bbox 0 0 4100 6318; ppageno 0'>
   <div class='ocr_carea' id='block_1_1' title="bbox 230 151 344 206">
    <p class='ocr_par' dir='ltr' id='par_1_1' title="bbox 230 151 344 206">
     <span class='ocr_line' id='line_1_1' title="bbox 230 151 344 206; baseline 0 0"><span class='ocrx_word' id='word_1_1' title='bbox 230 151 344 206; x_wconf 80' lang='lat'><strong>925</strong></span> 
     </span>
    </p>
   </div>
   <div class='ocr_carea' id='block_1_2' title="bbox 1418 152 2286 214">
    <p class='ocr_par' dir='ltr' id='par_1_2' title="bbox 1418 152 2286 214">
     <span class='ocr_line' id='line_1_2' title="bbox 1418 152 2286 214; baseline 0.003 -6"><span class='ocrx_word' id='word_1_2' title='bbox 1418 152 1693 208; x_wconf 76' lang='lat' dir='ltr'><strong>CONTRA</strong></span> <span class='ocrx_word' id='word_1_3' title='bbox 1724 153 2000 211; x_wconf 74' lang='lat' dir='ltr'><strong>CELSUM</strong></span> <span class='ocrx_word' id='word_1_4' title='bbox 2032 154 2163 214; x_wconf 84' lang='lat' dir='ltr'><strong>LlB.</strong></span> <span class='ocrx_word' id='word_1_5' title='bbox 2198 154 2286 212; x_wconf 86' lang='grc' dir='ltr'><strong>ΙΙΙ.</strong></span> 
     </span>
    </p>
   </div>
   <div class='ocr_carea' id='block_1_3' title="bbox 3342 161 3453 216">
    <p class='ocr_par' dir='ltr' id='par_1_3' title="bbox 3342 161 3453 216">
     <span class='ocr_line' id='line_1_3' title="bbox 3342 161 3453 216; baseline 0.018 -2"><span class='ocrx_word' id='word_1_6' title='bbox 3342 161 3453 216; x_wconf 70' lang='grc'><strong>926</strong></span> 
     </span>
    </p>
   </div>
   <div class='ocr_carea' id='block_1_4' title="bbox 224 243 1799 353">
    <p class='ocr_par' dir='ltr' id='par_1_4' title="bbox 224 260 1788 353">
     <span class='ocr_line' id='line_1_4' title="bbox 224 260 1788 353; baseline 0.001 -30"><span class='ocrx_word' id='word_1_7' title='bbox 224 271 324 323; x_wconf 80' lang='grc' dir='ltr'><strong>τὸν</strong></span> <span class='ocrx_word' id='word_1_8' title='bbox 348 270 466 324; x_wconf 77' lang='grc' dir='ltr'>κατ’</span> <span class='ocrx_word' id='word_1_9' title='bbox 488 269 654 353; x_wconf 57' lang='grc' dir='ltr'>αὐτὸν</span> <span class='ocrx_word' id='word_1_10' title='bbox 683 273 864 343; x_wconf 89' lang='grc' dir='ltr'>νόμον,</span> <span class='ocrx_word' id='word_1_11' title='bbox 893 260 986 326; x_wconf 84' lang='grc' dir='ltr'><strong>καὶ</strong></span> <span class='ocrx_word' id='word_1_12' title='bbox 1009 273 1094 326; x_wconf 83' lang='grc' dir='ltr'><strong>ότὲ</strong></span> <span class='ocrx_word' id='word_1_13' title='bbox 1132 272 1227 341; x_wconf 80' lang='grc' dir='ltr'>μὲν</span> <span class='ocrx_word' id='word_1_14' title='bbox 1268 273 1592 327; x_wconf 84' lang='grc' dir='ltr'>πεπόνθασιν</span> <span class='ocrx_word' id='word_1_15' title='bbox 1635 276 1691 326; x_wconf 91' lang='grc' dir='ltr'><strong>ἐν</strong></span> <span class='ocrx_word' id='word_1_16' title='bbox 1724 276 1788 344; x_wconf 82' lang='grc' dir='ltr'>τῇ</span> 
     </span>
    </p>
   </div>
   <div class='ocr_carea' id='block_1_5' title="bbox 1895 243 3443 353">
    <p class='ocr_par' dir='ltr' id='par_1_5' title="bbox 1895 274 3443 345">
     <span class='ocr_line' id='line_1_5' title="bbox 1895 274 3443 345; baseline 0.001 -17"><span class='ocrx_word' id='word_1_17' title='bbox 1895 275 2136 345; x_wconf 81' lang='lat' dir='ltr'><strong>Assyria,</strong></span> <span class='ocrx_word' id='word_1_18' title='bbox 2168 279 2325 332; x_wconf 85' lang='lat' dir='ltr'><strong>modo</strong></span> <span class='ocrx_word' id='word_1_19' title='bbox 2357 276 2406 330; x_wconf 89' lang='lat' dir='ltr'><strong>in</strong></span> <span class='ocrx_word' id='word_1_20' title='bbox 2436 275 2674 340; x_wconf 85' lang='lat' dir='ltr'><strong>Perside,</strong></span> <span class='ocrx_word' id='word_1_21' title='bbox 2715 275 2871 329; x_wconf 91' lang='lat' dir='ltr'><strong>modo</strong></span> <span class='ocrx_word' id='word_1_22' title='bbox 2896 274 3006 329; x_wconf 71' lang='lat' dir='ltr'><strong>&#39;sub</strong></span> <span class='ocrx_word' id='word_1_23' title='bbox 3033 275 3299 331; x_wconf 89' lang='lat' dir='ltr'><strong>Antiocho</strong></span> <span class='ocrx_word' id='word_1_24' title='bbox 3330 292 3443 329; x_wconf 78' lang='lat' dir='ltr'><strong>ina-</strong></span> 
     </span>
    </p>
   </div>
   <div class='ocr_carea' id='block_1_6' title="bbox 243 360 1793 438">
    <p class='ocr_par' dir='ltr' id='par_1_6' title="bbox 243 360 1793 438">
     <span class='ocr_line' id='line_1_6' title="bbox 243 360 1793 438; baseline 0.003 -26"><span class='ocrx_word' id='word_1_25' title='bbox 243 360 521 438; x_wconf 80' lang='grc' dir='ltr'>Ἀσσυρίᾳ,</span> <span class='ocrx_word' id='word_1_26' title='bbox 559 362 650 414; x_wconf 83' lang='grc' dir='ltr'><strong>ὁτὲ</strong></span> <span class='ocrx_word' id='word_1_27' title='bbox 677 362 735 416; x_wconf 84' lang='grc' dir='ltr'><strong>δέ</strong></span> <span class='ocrx_word' id='word_1_28' title='bbox 763 363 822 415; x_wconf 90' lang='grc' dir='ltr'><strong>ἐν</strong></span> <span class='ocrx_word' id='word_1_29' title='bbox 848 365 915 433; x_wconf 82' lang='grc' dir='ltr'>τῇ</span> <span class='ocrx_word' id='word_1_30' title='bbox 948 363 1187 432; x_wconf 78' lang='grc' dir='ltr'><strong>Περσίδι,</strong></span> <span class='ocrx_word' id='word_1_31' title='bbox 1216 364 1306 416; x_wconf 82' lang='grc' dir='ltr'>ὁτὲ</span> <span class='ocrx_word' id='word_1_32' title='bbox 1344 365 1401 416; x_wconf 85' lang='grc' dir='ltr'>δὲ</span> <span class='ocrx_word' id='word_1_33' title='bbox 1427 364 1550 436; x_wconf 72' lang='grc' dir='ltr'><strong>¹ὑπὸ</strong></span> <span class='ocrx_word' id='word_1_34' title='bbox 1596 365 1793 416; x_wconf 78' lang='grc' dir='ltr'>Ἀντιό-</span> 
     </span>
    </p>
   </div>
   <div class='ocr_carea' id='block_1_7' title="bbox 211 444 1793 521">
    <p class='ocr_par' dir='ltr' id='par_1_7' title="bbox 211 444 1793 521">
     <span class='ocr_line' id='line_1_7' title="bbox 211 444 1793 521; baseline 0.002 -20"><span class='ocrx_word' id='word_1_35' title='bbox 211 465 327 520; x_wconf 77' lang='grc' dir='ltr'><strong>χου</strong></span> <span class='ocrx_word' id='word_1_36' title='bbox 345 489 362 515; x_wconf 96' lang='grc'><strong>,</strong></span> <span class='ocrx_word' id='word_1_37' title='bbox 393 451 507 514; x_wconf 85' lang='grc' dir='ltr'><strong>πῶς</strong></span> <span class='ocrx_word' id='word_1_38' title='bbox 537 451 655 521; x_wconf 79' lang='grc' dir='ltr'>οὐχὶ</span> <span class='ocrx_word' id='word_1_39' title='bbox 687 451 745 518; x_wconf 79' lang='grc' dir='ltr'><strong>ἐξ</strong></span> <span class='ocrx_word' id='word_1_40' title='bbox 776 444 998 507; x_wconf 76' lang='grc' dir='ltr'><strong>εἰκότων</strong></span> <span class='ocrx_word' id='word_1_41' title='bbox 1039 451 1502 516; x_wconf 78' lang='grc' dir='ltr'><strong>κατασκευάζεται</strong></span> <span class='ocrx_word' id='word_1_42' title='bbox 1528 455 1638 516; x_wconf 90' lang='grc' dir='ltr'>τοῖς</span> <span class='ocrx_word' id='word_1_43' title='bbox 1667 455 1793 506; x_wconf 80' lang='grc' dir='ltr'>άπι-</span> 
     </span>
    </p>
   </div>
   <div class='ocr_carea' id='block_1_8' title="bbox 230 539 1788 615">
    <p class='ocr_par' dir='ltr' id='par_1_8' title="bbox 230 539 1788 615">
     <span class='ocr_line' id='line_1_8' title="bbox 230 539 1788 615; baseline 0.001 -22"><span class='ocrx_word' id='word_1_44' title='bbox 230 539 418 594; x_wconf 83' lang='grc' dir='ltr'>στοῦσι</span> <span class='ocrx_word' id='word_1_45' title='bbox 441 543 562 606; x_wconf 80' lang='grc' dir='ltr'>ταῖς</span> <span class='ocrx_word' id='word_1_46' title='bbox 599 543 917 615; x_wconf 83' lang='grc' dir='ltr'><strong>παραδόξοις</strong></span> <span class='ocrx_word' id='word_1_47' title='bbox 967 544 1226 614; x_wconf 75' lang='grc' dir='ltr'><strong>ἱστορίαις</strong></span> <span class='ocrx_word' id='word_1_48' title='bbox 1270 545 1364 597; x_wconf 71' lang='grc' dir='ltr'>καὶ</span> <span class='ocrx_word' id='word_1_49' title='bbox 1411 544 1788 615; x_wconf 78' lang='grc' dir='ltr'><strong>προφητείαις,</strong></span> 
     </span>
    </p>
   </div>
   <div class='ocr_carea' id='block_1_9' title="bbox 223 628 1791 704">
    <p class='ocr_par' dir='ltr' id='par_1_9' title="bbox 223 628 1791 704">
     <span class='ocr_line' id='line_1_9' title="bbox 223 628 1791 704; baseline -0.001 -19"><span class='ocrx_word' id='word_1_50' title='bbox 223 632 312 685; x_wconf 80' lang='grc' dir='ltr'>ὅτι</span> <span class='ocrx_word' id='word_1_51' title='bbox 355 633 417 687; x_wconf 85' lang='grc' dir='ltr'><strong>οὐ</strong></span> <span class='ocrx_word' id='word_1_52' title='bbox 471 633 757 704; x_wconf 86' lang='grc' dir='ltr'>πλάσματα</span> <span class='ocrx_word' id='word_1_53' title='bbox 802 628 870 702; x_wconf 84' lang='grc' dir='ltr'>ἦν</span> <span class='ocrx_word' id='word_1_54' title='bbox 915 631 984 685; x_wconf 83' lang='grc' dir='ltr'><strong>τὰ</strong></span> <span class='ocrx_word' id='word_1_55' title='bbox 1033 632 1294 698; x_wconf 79' lang='grc' dir='ltr'>τοιαῦτα,</span> <span class='ocrx_word' id='word_1_56' title='bbox 1352 633 1488 686; x_wconf 84' lang='grc' dir='ltr'>ἀλλά</span> <span class='ocrx_word' id='word_1_57' title='bbox 1543 651 1594 684; x_wconf 90' lang='grc' dir='ltr'><strong>τι</strong></span> <span class='ocrx_word' id='word_1_58' title='bbox 1651 633 1791 685; x_wconf 85' lang='grc' dir='ltr'>θεῖον</span> 
     </span>
    </p>
   </div>
   <div class='ocr_carea' id='block_1_10' title="bbox 227 721 1793 794">
    <p class='ocr_par' dir='ltr' id='par_1_10' title="bbox 227 721 1793 794">
     <span class='ocr_line' id='line_1_10' title="bbox 227 721 1793 794; baseline -0.001 -18"><span class='ocrx_word' id='word_1_59' title='bbox 227 721 471 794; x_wconf 78' lang='grc' dir='ltr'>Πνεῦμα,</span> <span class='ocrx_word' id='word_1_60' title='bbox 508 724 584 787; x_wconf 79' lang='grc' dir='ltr'>ὡς</span> <span class='ocrx_word' id='word_1_61' title='bbox 623 727 680 778; x_wconf 79' lang='grc' dir='ltr'><strong>ἐν</strong></span> <span class='ocrx_word' id='word_1_62' title='bbox 706 723 971 794; x_wconf 80' lang='grc' dir='ltr'>καθαραῖς</span> <span class='ocrx_word' id='word_1_63' title='bbox 999 723 1198 792; x_wconf 74' lang='grc' dir='ltr'>ψυχαῖς</span> <span class='ocrx_word' id='word_1_64' title='bbox 1238 725 1504 793; x_wconf 83' lang='grc' dir='ltr'>τυγχάνον</span> <span class='ocrx_word' id='word_1_65' title='bbox 1534 726 1655 786; x_wconf 86' lang='grc' dir='ltr'>ταῖς</span> <span class='ocrx_word' id='word_1_66' title='bbox 1681 723 1793 775; x_wconf 82' lang='grc' dir='ltr'><strong>τῶν</strong></span> 
     </span>
    </p>
   </div>
   <div class='ocr_carea' id='block_1_11' title="bbox 228 811 1794 885">
    <p class='ocr_par' dir='ltr' id='par_1_11' title="bbox 228 811 1794 885">
     <span class='ocr_line' id='line_1_11' title="bbox 228 811 1794 885; baseline 0.003 -21"><span class='ocrx_word' id='word_1_67' title='bbox 228 811 543 884; x_wconf 80' lang='grc' dir='ltr'>προφητῶν,</span> <span class='ocrx_word' id='word_1_68' title='bbox 570 814 748 866; x_wconf 80' lang='grc' dir='ltr'>πάντα</span> <span class='ocrx_word' id='word_1_69' title='bbox 783 813 942 866; x_wconf 89' lang='grc' dir='ltr'>πόνον</span> <span class='ocrx_word' id='word_1_70' title='bbox 971 815 1110 884; x_wconf 80' lang='grc' dir='ltr'>ὑπὲρ</span> <span class='ocrx_word' id='word_1_71' title='bbox 1135 814 1335 885; x_wconf 85' lang='grc' dir='ltr'>ἀρετῆς</span> <span class='ocrx_word' id='word_1_72' title='bbox 1363 814 1478 884; x_wconf 67' lang='lat' dir='ltr'><strong>(fil)</strong></span> <span class='ocrx_word' id='word_1_73' title='bbox 1513 814 1794 882; x_wconf 82' lang='grc' dir='ltr'>ἀνειληφό-</span> 
     </span>
    </p>
   </div>
   <div class='ocr_carea' id='block_1_12' title="bbox 227 902 1793 976">
    <p class='ocr_par' dir='ltr' id='par_1_12' title="bbox 227 902 1793 976">
     <span class='ocr_line' id='line_1_12' title="bbox 227 902 1793 976; baseline 0 -20"><span class='ocrx_word' id='word_1_74' title='bbox 227 919 358 966; x_wconf 78' lang='grc' dir='ltr'>των,</span> <span class='ocrx_word' id='word_1_75' title='bbox 389 902 555 957; x_wconf 79' lang='grc' dir='ltr'>ἐκίνει</span> <span class='ocrx_word' id='word_1_76' title='bbox 599 905 796 966; x_wconf 82' lang='grc' dir='ltr'>αὐτοὺς</span> <span class='ocrx_word' id='word_1_77' title='bbox 843 904 977 974; x_wconf 84' lang='grc' dir='ltr'>πρὸς</span> <span class='ocrx_word' id='word_1_78' title='bbox 1019 905 1081 957; x_wconf 80' lang='grc' dir='ltr'>τὸ</span> <span class='ocrx_word' id='word_1_79' title='bbox 1126 905 1482 976; x_wconf 83' lang='grc' dir='ltr'>προφητεύειν</span> <span class='ocrx_word' id='word_1_80' title='bbox 1525 905 1646 958; x_wconf 82' lang='grc' dir='ltr'>τινὰ</span> <span class='ocrx_word' id='word_1_81' title='bbox 1697 904 1793 974; x_wconf 82' lang='grc' dir='ltr'><strong>μὲν</strong></span> 
     </span>
    </p>
   </div>
   <div class='ocr_carea' id='block_1_13' title="bbox 224 992 1794 1065">
    <p class='ocr_par' dir='ltr' id='par_1_13' title="bbox 224 992 1794 1065">
     <span class='ocr_line' id='line_1_13' title="bbox 224 992 1794 1065; baseline 0.001 -21"><span class='ocrx_word' id='word_1_82' title='bbox 224 995 340 1056; x_wconf 86' lang='grc' dir='ltr'>τοῖς</span> <span class='ocrx_word' id='word_1_83' title='bbox 377 992 498 1046; x_wconf 73' lang='grc' dir='ltr'>καθ’</span> <span class='ocrx_word' id='word_1_84' title='bbox 533 993 789 1056; x_wconf 76' lang='grc' dir='ltr'>ἑαυτοὺς,</span> <span class='ocrx_word' id='word_1_85' title='bbox 829 993 964 1048; x_wconf 77' lang='grc' dir='ltr'>ἄλλα</span> <span class='ocrx_word' id='word_1_86' title='bbox 1002 992 1058 1047; x_wconf 80' lang='grc' dir='ltr'>δὲ</span> <span class='ocrx_word' id='word_1_87' title='bbox 1087 998 1198 1057; x_wconf 89' lang='grc' dir='ltr'>τοῖς</span> <span class='ocrx_word' id='word_1_88' title='bbox 1229 994 1473 1065; x_wconf 74' lang='grc' dir='ltr'>ὕστερον,</span> <span class='ocrx_word' id='word_1_89' title='bbox 1507 993 1794 1064; x_wconf 77' lang='grc' dir='ltr'>ἐξαιρέτως</span> 
     </span>
    </p>
   </div>
   <div class='ocr_carea' id='block_1_14' title="bbox 223 1081 1793 1157">
    <p class='ocr_par' dir='ltr' id='par_1_14' title="bbox 223 1081 1793 1157">
     <span class='ocr_line' id='line_1_14' title="bbox 223 1081 1793 1157; baseline 0.001 -24"><span class='ocrx_word' id='word_1_90' title='bbox 223 1081 284 1134; x_wconf 83' lang='grc' dir='ltr'>δὲ</span> <span class='ocrx_word' id='word_1_91' title='bbox 310 1081 437 1153; x_wconf 84' lang='grc' dir='ltr'>περί</span> <span class='ocrx_word' id='word_1_92' title='bbox 472 1099 616 1146; x_wconf 86' lang='grc' dir='ltr'>τινος</span> <span class='ocrx_word' id='word_1_93' title='bbox 656 1084 1077 1156; x_wconf 85' lang='grc' dir='ltr'>ἐπιδημήσοντος</span> <span class='ocrx_word' id='word_1_94' title='bbox 1108 1083 1203 1137; x_wconf 82' lang='grc' dir='ltr'>τοῦ</span> <span class='ocrx_word' id='word_1_95' title='bbox 1235 1086 1487 1157; x_wconf 79' lang='grc' dir='ltr'>Σωτῆρος</span> <span class='ocrx_word' id='word_1_96' title='bbox 1528 1085 1605 1156; x_wconf 81' lang='grc' dir='ltr'>τῷ</span> <span class='ocrx_word' id='word_1_97' title='bbox 1648 1084 1793 1152; x_wconf 82' lang='grc' dir='ltr'>γένει</span> 
     </span>
    </p>
   </div>
   <div class='ocr_carea' id='block_1_15' title="bbox 225 1161 1776 1249">
    <p class='ocr_par' dir='ltr' id='par_1_15' title="bbox 225 1161 1776 1249">
     <span class='ocr_line' id='line_1_15' title="bbox 225 1161 1776 1249; baseline -0.004 -23"><span class='ocrx_word' id='word_1_98' title='bbox 225 1173 339 1226; x_wconf 87' lang='grc' dir='ltr'>τῶν</span> <span class='ocrx_word' id='word_1_99' title='bbox 375 1171 472 1226; x_wconf 82' lang='grc' dir='ltr'>ἀνθ</span> <span class='ocrx_word' id='word_1_100' title='bbox 480 1171 675 1249; x_wconf 74' lang='grc' dir='ltr'>ρῴπων</span> <span class='ocrx_word' id='word_1_101' title='bbox 693 1189 710 1238; x_wconf 86' lang='lat'><strong>;</strong></span> <span class='ocrx_word' id='word_1_102' title='bbox 997 1187 1021 1209; x_wconf 88' lang='lat'><strong>&#39;-</strong></span> <span class='ocrx_word' id='word_1_103' title='bbox 1500 1218 1502 1220; x_wconf 74' lang='grc'><strong>,</strong></span> <span class='ocrx_word' id='word_1_104' title='bbox 1773 1161 1776 1164; x_wconf 67' lang='grc'><strong>’</strong></span> 
     </span>
    </p>
   </div>
   <div class='ocr_carea' id='block_1_16' title="bbox 300 1261 1794 1337">
    <p class='ocr_par' dir='ltr' id='par_1_16' title="bbox 300 1261 1794 1337">
     <span class='ocr_line' id='line_1_16' title="bbox 300 1261 1794 1337; baseline 0.001 -20"><span class='ocrx_word' id='word_1_105' title='bbox 300 1263 365 1317; x_wconf 81' lang='lat' dir='ltr'><strong>El</strong></span> <span class='ocrx_word' id='word_1_106' title='bbox 393 1262 451 1316; x_wconf 82' lang='grc' dir='ltr'>δὲ</span> <span class='ocrx_word' id='word_1_107' title='bbox 486 1261 640 1316; x_wconf 82' lang='grc' dir='ltr'>ταῦθ’</span> <span class='ocrx_word' id='word_1_108' title='bbox 670 1262 842 1326; x_wconf 74' lang='grc' dir='ltr'>οὕτως</span> <span class='ocrx_word' id='word_1_109' title='bbox 867 1261 1003 1333; x_wconf 77' lang='grc' dir='ltr'>ἔχει,</span> <span class='ocrx_word' id='word_1_110' title='bbox 1035 1263 1148 1326; x_wconf 83' lang='grc' dir='ltr'><strong>πῶς</strong></span> <span class='ocrx_word' id='word_1_111' title='bbox 1172 1264 1300 1335; x_wconf 78' lang='grc' dir='ltr'>περὶ</span> <span class='ocrx_word' id='word_1_112' title='bbox 1326 1263 1446 1317; x_wconf 78' lang='grc' dir='ltr'>ὄνου</span> <span class='ocrx_word' id='word_1_113' title='bbox 1477 1267 1632 1329; x_wconf 84' lang='grc' dir='ltr'>σκιᾶς</span> <span class='ocrx_word' id='word_1_114' title='bbox 1658 1266 1794 1337; x_wconf 84' lang='grc' dir='ltr'>πρὸς</span> 
     </span>
    </p>
   </div>
   <div class='ocr_carea' id='block_1_17' title="bbox 225 1331 1834 1424">
    <p class='ocr_par' dir='ltr' id='par_1_17' title="bbox 225 1331 1834 1424">
     <span class='ocr_line' id='line_1_17' title="bbox 225 1331 1834 1424; baseline 0.001 -19"><span class='ocrx_word' id='word_1_115' title='bbox 225 1351 488 1422; x_wconf 77' lang='grc' dir='ltr'><strong>ἀλλήλους</strong></span> <span class='ocrx_word' id='word_1_116' title='bbox 518 1351 768 1422; x_wconf 80' lang='grc' dir='ltr'>ζητοῦσιν</span> <span class='ocrx_word' id='word_1_117' title='bbox 811 1331 1046 1406; x_wconf 82' lang='grc' dir='ltr'>Ἰουδαῖοι</span> <span class='ocrx_word' id='word_1_118' title='bbox 1089 1354 1182 1406; x_wconf 77' lang='grc' dir='ltr'><strong>καὶ</strong></span> <span class='ocrx_word' id='word_1_119' title='bbox 1221 1331 1564 1424; x_wconf 57' lang='grc' dir='ltr'>Χριστιανοὶ,</span> <span class='ocrx_word' id='word_1_120' title='bbox 1610 1331 1795 1418; x_wconf 73' lang='grc' dir='ltr'>ἐξετά·</span> <span class='ocrx_word' id='word_1_121' title='bbox 1830 1331 1834 1335; x_wconf 29' lang='grc'><em>’</em></span> 
     </span>
    </p>
   </div>
   <div class='ocr_carea' id='block_1_18' title="bbox 224 1433 1796 1515">
    <p class='ocr_par' dir='ltr' id='par_1_18' title="bbox 224 1433 1796 1515">
     <span class='ocr_line' id='line_1_18' title="bbox 224 1433 1796 1515; baseline 0.001 -20"><span class='ocrx_word' id='word_1_122' title='bbox 224 1433 410 1506; x_wconf 80' lang='grc' dir='ltr'>ζοντες</span> <span class='ocrx_word' id='word_1_123' title='bbox 470 1443 577 1495; x_wconf 82' lang='grc' dir='ltr'>ἀπὸ</span> <span class='ocrx_word' id='word_1_124' title='bbox 607 1441 716 1495; x_wconf 84' lang='grc' dir='ltr'><strong>τῶν</strong></span> <span class='ocrx_word' id='word_1_125' title='bbox 761 1442 1136 1513; x_wconf 85' lang='grc' dir='ltr'>προφητειῶν,</span> <span class='ocrx_word' id='word_1_126' title='bbox 1180 1437 1267 1507; x_wconf 74' lang='grc' dir='ltr'>αἷς</span> <span class='ocrx_word' id='word_1_127' title='bbox 1315 1447 1466 1515; x_wconf 78' lang='grc' dir='ltr'>κοινῇ</span> <span class='ocrx_word' id='word_1_128' title='bbox 1506 1444 1796 1497; x_wconf 89' lang='grc' dir='ltr'>πεπιστεύ-</span> 
     </span>
    </p>
   </div>
   <div class='ocr_carea' id='block_1_19' title="bbox 223 1527 1796 1616">
    <p class='ocr_par' dir='ltr' id='par_1_19' title="bbox 223 1527 1796 1616">
     <span class='ocr_line' id='line_1_19' title="bbox 223 1527 1796 1616; baseline 0.003 -33"><span class='ocrx_word' id='word_1_129' title='bbox 223 1548 377 1596; x_wconf 89' lang='grc' dir='ltr'>κασι,</span> <span class='ocrx_word' id='word_1_130' title='bbox 421 1531 645 1601; x_wconf 78' lang='grc' dir='ltr'>πότερον</span> <span class='ocrx_word' id='word_1_131' title='bbox 676 1531 706 1584; x_wconf 82' lang='grc' dir='ltr'>ὁ</span> <span class='ocrx_word' id='word_1_132' title='bbox 739 1527 1221 1602; x_wconf 72' lang='grc' dir='ltr'>προφητευόμενος</span> <span class='ocrx_word' id='word_1_133' title='bbox 1255 1533 1529 1616; x_wconf 66' lang='grc' dir='ltr'><strong>,ἐλήλυθεν3</strong></span> <span class='ocrx_word' id='word_1_134' title='bbox 1577 1534 1610 1604; x_wconf 78' lang='grc' dir='ltr'>ἢ</span> <span class='ocrx_word' id='word_1_135' title='bbox 1641 1530 1796 1587; x_wconf 82' lang='grc' dir='ltr'>οὐδα-</span> 
     </span>
    </p>
   </div>
   <div class='ocr_carea' id='block_1_20' title="bbox 227 1600 1866 1694">
    <p class='ocr_par' dir='ltr' id='par_1_20' title="bbox 227 1600 1866 1694">
     <span class='ocr_line' id='line_1_20' title="bbox 227 1600 1866 1694; baseline 0.004 -23"><span class='ocrx_word' id='word_1_136' title='bbox 227 1617 347 1689; x_wconf 83' lang='grc' dir='ltr'>μῶς</span> <span class='ocrx_word' id='word_1_137' title='bbox 393 1620 491 1690; x_wconf 79' lang='grc' dir='ltr'><strong>μὲν</strong></span> <span class='ocrx_word' id='word_1_138' title='bbox 537 1600 934 1690; x_wconf 79' lang='grc' dir='ltr'>ἐπιδεδήμηκεν</span> <span class='ocrx_word' id='word_1_139' title='bbox 953 1661 968 1687; x_wconf 92' lang='grc'><strong>,</strong></span> <span class='ocrx_word' id='word_1_140' title='bbox 1013 1600 1094 1674; x_wconf 75' lang='grc' dir='ltr'>ἔτι</span> <span class='ocrx_word' id='word_1_141' title='bbox 1131 1622 1191 1674; x_wconf 79' lang='grc' dir='ltr'>δὲ</span> <span class='ocrx_word' id='word_1_142' title='bbox 1229 1600 1623 1694; x_wconf 35' lang='grc' dir='ltr'>προσδοκᾶται-ς</span> <span class='ocrx_word' id='word_1_143' title='bbox 1674 1623 1793 1676; x_wconf 80' lang='grc' dir='ltr'><strong>Κᾶν</strong></span> <span class='ocrx_word' id='word_1_144' title='bbox 1823 1600 1866 1654; x_wconf 74' lang='grc' dir='ltr'>Β</span> 
     </span>
    </p>
   </div>
   <div class='ocr_carea' id='block_1_21' title="bbox 223 1707 1796 1783">
    <p class='ocr_par' dir='ltr' id='par_1_21' title="bbox 223 1707 1796 1783">
     <span class='ocr_line' id='line_1_21' title="bbox 223 1707 1796 1783; baseline 0.003 -22"><span class='ocrx_word' id='word_1_145' title='bbox 223 1707 349 1761; x_wconf 83' lang='grc' dir='ltr'>καθ’</span> <span class='ocrx_word' id='word_1_146' title='bbox 375 1709 626 1763; x_wconf 83' lang='grc' dir='ltr'>ὑπόθεσιν</span> <span class='ocrx_word' id='word_1_147' title='bbox 651 1709 709 1762; x_wconf 83' lang='grc' dir='ltr'>δὲ</span> <span class='ocrx_word' id='word_1_148' title='bbox 732 1710 810 1780; x_wconf 82' lang='grc' dir='ltr'><strong>τῷ</strong></span> <span class='ocrx_word' id='word_1_149' title='bbox 852 1711 1042 1782; x_wconf 79' lang='grc' dir='ltr'>Κέλσῳ</span> <span class='ocrx_word' id='word_1_150' title='bbox 1065 1713 1191 1782; x_wconf 83' lang='grc' dir='ltr'>δοθῇ</span> <span class='ocrx_word' id='word_1_151' title='bbox 1241 1712 1315 1782; x_wconf 85' lang='grc' dir='ltr'>μὴ</span> <span class='ocrx_word' id='word_1_152' title='bbox 1351 1713 1441 1765; x_wconf 85' lang='grc' dir='ltr'><strong>τὸν</strong></span> <span class='ocrx_word' id='word_1_153' title='bbox 1478 1711 1680 1783; x_wconf 79' lang='grc' dir='ltr'>Ἰησοῦν</span> <span class='ocrx_word' id='word_1_154' title='bbox 1721 1709 1796 1765; x_wconf 78' lang='grc' dir='ltr'><strong>εἷ-</strong></span> 
     </span>
    </p>
   </div>
   <div class='ocr_carea' id='block_1_22' title="bbox 223 1798 1795 1873">
    <p class='ocr_par' dir='ltr' id='par_1_22' title="bbox 223 1798 1795 1873">
     <span class='ocr_line' id='line_1_22' title="bbox 223 1798 1795 1873; baseline 0.003 -22"><span class='ocrx_word' id='word_1_155' title='bbox 223 1816 344 1861; x_wconf 84' lang='grc' dir='ltr'>ναι,</span> <span class='ocrx_word' id='word_1_156' title='bbox 382 1798 442 1852; x_wconf 84' lang='grc' dir='ltr'>ὃν</span> <span class='ocrx_word' id='word_1_157' title='bbox 473 1799 832 1870; x_wconf 81' lang='grc' dir='ltr'>κατήγγειλαν</span> <span class='ocrx_word' id='word_1_158' title='bbox 861 1802 913 1852; x_wconf 79' lang='grc' dir='ltr'><strong>οῖ</strong></span> <span class='ocrx_word' id='word_1_159' title='bbox 955 1801 1260 1873; x_wconf 82' lang='grc' dir='ltr'>προφῆται,</span> <span class='ocrx_word' id='word_1_160' title='bbox 1305 1801 1404 1856; x_wconf 71' lang='grc' dir='ltr'>καὶ</span> <span class='ocrx_word' id='word_1_161' title='bbox 1443 1801 1614 1865; x_wconf 76' lang='grc' dir='ltr'>οὕτως</span> <span class='ocrx_word' id='word_1_162' title='bbox 1646 1803 1795 1856; x_wconf 74' lang='grc' dir='ltr'>οὐδὲν</span> 
     </span>
    </p>
   </div>
   <div class='ocr_carea' id='block_1_23' title="bbox 221 1882 1794 1962">
    <p class='ocr_par' dir='ltr' id='par_1_23' title="bbox 221 1882 1794 1962">
     <span class='ocr_line' id='line_1_23' title="bbox 221 1882 1794 1962; baseline 0.003 -21"><span class='ocrx_word' id='word_1_163' title='bbox 221 1882 388 1959; x_wconf 82' lang='grc' dir='ltr'>ἦττον</span> <span class='ocrx_word' id='word_1_164' title='bbox 412 1890 472 1942; x_wconf 77' lang='grc' dir='ltr'><strong>οὐ</strong></span> <span class='ocrx_word' id='word_1_165' title='bbox 501 1891 628 1962; x_wconf 75' lang='grc' dir='ltr'>περὶ</span> <span class='ocrx_word' id='word_1_166' title='bbox 651 1890 771 1942; x_wconf 74' lang='grc' dir='ltr'>ὄνου</span> <span class='ocrx_word' id='word_1_167' title='bbox 803 1892 958 1954; x_wconf 79' lang='grc' dir='ltr'>σκιᾶς</span> <span class='ocrx_word' id='word_1_168' title='bbox 993 1893 1138 1944; x_wconf 89' lang='grc' dir='ltr'>ἐστιν</span> <span class='ocrx_word' id='word_1_169' title='bbox 1175 1893 1208 1962; x_wconf 91' lang='grc' dir='ltr'><strong>ή</strong></span> <span class='ocrx_word' id='word_1_170' title='bbox 1247 1891 1342 1944; x_wconf 79' lang='grc' dir='ltr'>τοῦ</span> <span class='ocrx_word' id='word_1_171' title='bbox 1382 1892 1474 1945; x_wconf 77' lang='grc' dir='ltr'>νοῦ</span> <span class='ocrx_word' id='word_1_172' title='bbox 1505 1893 1613 1946; x_wconf 84' lang='grc' dir='ltr'><strong>τῶν</strong></span> <span class='ocrx_word' id='word_1_173' title='bbox 1659 1909 1794 1962; x_wconf 87' lang='grc' dir='ltr'>προ-</span> 
     </span>
    </p>
   </div>
   <div class='ocr_carea' id='block_1_24' title="bbox 226 1970 1796 2049">
    <p class='ocr_par' dir='ltr' id='par_1_24' title="bbox 226 1970 1796 2049">
     <span class='ocr_line' id='line_1_24' title="bbox 226 1970 1796 2049; baseline 0.004 -22"><span class='ocrx_word' id='word_1_174' title='bbox 226 1976 472 2045; x_wconf 86' lang='grc' dir='ltr'>φητικῶν</span> <span class='ocrx_word' id='word_1_175' title='bbox 506 1977 736 2048; x_wconf 82' lang='grc' dir='ltr'>Γραφῶν</span> <span class='ocrx_word' id='word_1_176' title='bbox 776 1975 1020 2048; x_wconf 80' lang='grc' dir='ltr'>ζήτησις,</span> <span class='ocrx_word' id='word_1_177' title='bbox 1058 1970 1391 2048; x_wconf 57' lang='grc' dir='ltr'>ἵν”ἐναργῶς</span> <span class='ocrx_word' id='word_1_178' title='bbox 1438 1979 1731 2049; x_wconf 80' lang='grc' dir='ltr'>ἀποδειχθῇ</span> <span class='ocrx_word' id='word_1_179' title='bbox 1767 1983 1796 2033; x_wconf 90' lang='grc' dir='ltr'><strong>ό</strong></span> 
     </span>
    </p>
   </div>
   <div class='ocr_carea' id='block_1_25' title="bbox 225 2065 1797 2141">
    <p class='ocr_par' dir='ltr' id='par_1_25' title="bbox 225 2065 1797 2141">
     <span class='ocr_line' id='line_1_25' title="bbox 225 2065 1797 2141; baseline 0.003 -23"><span class='ocrx_word' id='word_1_180' title='bbox 225 2069 758 2139; x_wconf 87' lang='grc' dir='ltr'>προκηρυσσόμενος,</span> <span class='ocrx_word' id='word_1_181' title='bbox 791 2069 970 2134; x_wconf 86' lang='grc' dir='ltr'>ὁποῖός</span> <span class='ocrx_word' id='word_1_182' title='bbox 999 2087 1057 2122; x_wconf 89' lang='grc' dir='ltr'><strong>τε</strong></span> <span class='ocrx_word' id='word_1_183' title='bbox 1089 2065 1224 2124; x_wconf 81' lang='grc' dir='ltr'>εἶναι</span> <span class='ocrx_word' id='word_1_184' title='bbox 1253 2069 1667 2141; x_wconf 80' lang='grc' dir='ltr'>προεφητεύετο,</span> <span class='ocrx_word' id='word_1_185' title='bbox 1703 2071 1797 2122; x_wconf 74' lang='grc' dir='ltr'><strong>καὶ</strong></span> 
     </span>
    </p>
   </div>
   <div class='ocr_carea' id='block_1_26' title="bbox 224 2143 1795 2248">
    <p class='ocr_par' dir='ltr' id='par_1_26' title="bbox 224 2143 1795 2248">
     <span class='ocr_line' id='line_1_26' title="bbox 224 2143 1795 2248; baseline 0.003 -40"><span class='ocrx_word' id='word_1_186' title='bbox 224 2157 281 2209; x_wconf 88' lang='grc' dir='ltr'><strong>τί</strong></span> <span class='ocrx_word' id='word_1_187' title='bbox 312 2159 576 2230; x_wconf 78' lang='grc' dir='ltr'>ποιήσων,</span> <span class='ocrx_word' id='word_1_188' title='bbox 616 2161 664 2212; x_wconf 78' lang='grc' dir='ltr'>εἰ</span> <span class='ocrx_word' id='word_1_189' title='bbox 693 2159 749 2211; x_wconf 84' lang='grc' dir='ltr'>δὲ</span> <span class='ocrx_word' id='word_1_190' title='bbox 772 2153 882 2213; x_wconf 68' lang='grc' dir='ltr'>οἷόν</span> <span class='ocrx_word' id='word_1_191' title='bbox 908 2176 992 2224; x_wconf 87' lang='grc' dir='ltr'><strong>τε,</strong></span> <span class='ocrx_word' id='word_1_192' title='bbox 1022 2163 1114 2248; x_wconf 67' lang='grc' dir='ltr'>κα),</span> <span class='ocrx_word' id='word_1_193' title='bbox 1138 2143 1266 2212; x_wconf 83' lang='grc' dir='ltr'>πότε</span> <span class='ocrx_word' id='word_1_194' title='bbox 1303 2161 1669 2231; x_wconf 78' lang='grc' dir='ltr'>ἐπιδημήσων.</span> <span class='ocrx_word' id='word_1_195' title='bbox 1708 2155 1795 2212; x_wconf 88' lang='grc' dir='ltr'>Ἐν</span> 
     </span>
    </p>
   </div>
   <div class='ocr_carea' id='block_1_27' title="bbox 226 2248 1795 2321">
    <p class='ocr_par' dir='ltr' id='par_1_27' title="bbox 226 2248 1795 2321">
     <span class='ocr_line' id='line_1_27' title="bbox 226 2248 1795 2321; baseline 0 -20"><span class='ocrx_word' id='word_1_196' title='bbox 226 2248 286 2316; x_wconf 72' lang='grc' dir='ltr'><strong>δὲ</strong></span> <span class='ocrx_word' id='word_1_197' title='bbox 328 2252 445 2312; x_wconf 82' lang='grc' dir='ltr'>τοῖς</span> <span class='ocrx_word' id='word_1_198' title='bbox 491 2250 747 2321; x_wconf 85' lang='grc' dir='ltr'>ἀνωτέρω</span> <span class='ocrx_word' id='word_1_199' title='bbox 778 2251 1129 2321; x_wconf 84' lang='grc' dir='ltr'>προείπομεν,</span> <span class='ocrx_word' id='word_1_200' title='bbox 1175 2251 1358 2318; x_wconf 85' lang='grc' dir='ltr'>ὀλίγας</span> <span class='ocrx_word' id='word_1_201' title='bbox 1402 2252 1508 2304; x_wconf 85' lang='grc' dir='ltr'>ἀπὸ</span> <span class='ocrx_word' id='word_1_202' title='bbox 1541 2250 1795 2302; x_wconf 85' lang='grc' dir='ltr'>πλειόνων</span> 
     </span>
    </p>
   </div>
   <div class='ocr_carea' id='block_1_28' title="bbox 229 2343 1795 2415">
    <p class='ocr_par' dir='ltr' id='par_1_28' title="bbox 229 2343 1795 2415">
     <span class='ocr_line' id='line_1_28' title="bbox 229 2343 1795 2415; baseline 0.001 -19"><span class='ocrx_word' id='word_1_203' title='bbox 229 2344 600 2414; x_wconf 85' lang='grc' dir='ltr'>παραθέμενοι</span> <span class='ocrx_word' id='word_1_204' title='bbox 624 2346 976 2415; x_wconf 84' lang='grc' dir='ltr'>προφητείας,</span> <span class='ocrx_word' id='word_1_205' title='bbox 1011 2347 1137 2415; x_wconf 75' lang='grc' dir='ltr'>περὶ</span> <span class='ocrx_word' id='word_1_206' title='bbox 1173 2345 1266 2398; x_wconf 79' lang='grc' dir='ltr'>τοῦ</span> <span class='ocrx_word' id='word_1_207' title='bbox 1301 2347 1390 2398; x_wconf 78' lang='grc' dir='ltr'><strong>τὸν</strong></span> <span class='ocrx_word' id='word_1_208' title='bbox 1429 2345 1630 2414; x_wconf 78' lang='grc' dir='ltr'>Ἰησοῦν</span> <span class='ocrx_word' id='word_1_209' title='bbox 1659 2343 1795 2398; x_wconf 80' lang='grc' dir='ltr'>εἶναι</span> 
     </span>
    </p>
   </div>
   <div class='ocr_carea' id='block_1_29' title="bbox 226 2420 1794 2512">
    <p class='ocr_par' dir='ltr' id='par_1_29' title="bbox 226 2420 1794 2512">
     <span class='ocr_line' id='line_1_29' title="bbox 226 2420 1794 2512; baseline -0.001 -26"><span class='ocrx_word' id='word_1_210' title='bbox 226 2435 321 2487; x_wconf 74' lang='grc' dir='ltr'>τὸν</span> <span class='ocrx_word' id='word_1_211' title='bbox 368 2420 830 2504; x_wconf 76' lang='grc' dir='ltr'>προφητευόμενον</span> <span class='ocrx_word' id='word_1_212' title='bbox 877 2435 1135 2512; x_wconf 76' lang='grc' dir='ltr'>Χριστόνο</span> <span class='ocrx_word' id='word_1_213' title='bbox 1164 2436 1223 2486; x_wconf 82' lang='grc' dir='ltr'><strong>οὐ</strong></span> <span class='ocrx_word' id='word_1_214' title='bbox 1273 2435 1590 2502; x_wconf 85' lang='grc' dir='ltr'>σφάλλονται</span> <span class='ocrx_word' id='word_1_215' title='bbox 1616 2435 1794 2486; x_wconf 82' lang='grc' dir='ltr'>τοίνυν</span> 
     </span>
    </p>
   </div>
   <div class='ocr_carea' id='block_1_30' title="bbox 228 2516 1796 2590">
    <p class='ocr_par' dir='ltr' id='par_1_30' title="bbox 228 2516 1796 2590">
     <span class='ocr_line' id='line_1_30' title="bbox 228 2516 1796 2590; baseline 0 -20"><span class='ocrx_word' id='word_1_216' title='bbox 228 2516 378 2570; x_wconf 79' lang='grc' dir='ltr'>κατὰ</span> <span class='ocrx_word' id='word_1_217' title='bbox 407 2517 828 2588; x_wconf 79' lang='grc' dir='ltr'>τὸ’προσίεσθαι</span> <span class='ocrx_word' id='word_1_218' title='bbox 865 2519 974 2589; x_wconf 73' lang='grc'>(52)</span> <span class='ocrx_word' id='word_1_219' title='bbox 1005 2519 1184 2573; x_wconf 84' lang='grc' dir='ltr'>θεόθεν</span> <span class='ocrx_word' id='word_1_220' title='bbox 1211 2521 1356 2582; x_wconf 80' lang='grc' dir='ltr'>τοὺς</span> <span class='ocrx_word' id='word_1_221' title='bbox 1389 2521 1671 2590; x_wconf 78' lang='grc' dir='ltr'>προφήτας</span> <span class='ocrx_word' id='word_1_222' title='bbox 1709 2520 1796 2572; x_wconf 87' lang='grc' dir='ltr'>λε-</span> 
     </span>
    </p>
   </div>
   <div class='ocr_carea' id='block_1_31' title="bbox 229 2607 1792 2680">
    <p class='ocr_par' dir='ltr' id='par_1_31' title="bbox 229 2607 1792 2680">
     <span class='ocr_line' id='line_1_31' title="bbox 229 2607 1792 2680; baseline 0 -20"><span class='ocrx_word' id='word_1_223' title='bbox 229 2607 546 2678; x_wconf 83' lang='grc' dir='ltr'>λαληκέναι,</span> <span class='ocrx_word' id='word_1_224' title='bbox 591 2607 712 2661; x_wconf 79' lang='grc' dir='ltr'>οὔτε</span> <span class='ocrx_word' id='word_1_225' title='bbox 754 2609 991 2661; x_wconf 87' lang='grc' dir='ltr'>Ἰουδαῖοι</span> <span class='ocrx_word' id='word_1_226' title='bbox 1034 2609 1154 2661; x_wconf 77' lang='grc' dir='ltr'>οὔτε</span> <span class='ocrx_word' id='word_1_227' title='bbox 1202 2608 1540 2680; x_wconf 80' lang='grc' dir='ltr'>Χριστιανοί·</span> <span class='ocrx_word' id='word_1_228' title='bbox 1595 2608 1707 2660; x_wconf 81' lang='grc' dir='ltr'>ἀλλ’</span> <span class='ocrx_word' id='word_1_229' title='bbox 1743 2611 1792 2661; x_wconf 77' lang='grc' dir='ltr'>οἱ</span> 
     </span>
    </p>
   </div>
   <div class='ocr_carea' id='block_1_32' title="bbox 232 2691 1793 2771">
    <p class='ocr_par' dir='ltr' id='par_1_32' title="bbox 232 2691 1793 2771">
     <span class='ocr_line' id='line_1_32' title="bbox 232 2691 1793 2771; baseline -0.001 -19"><span class='ocrx_word' id='word_1_230' title='bbox 232 2691 588 2769; x_wconf 78' lang='grc' dir='ltr'>σφαλλόμενοι</span> <span class='ocrx_word' id='word_1_231' title='bbox 645 2700 769 2768; x_wconf 74' lang='grc' dir='ltr'>περὶ</span> <span class='ocrx_word' id='word_1_232' title='bbox 826 2700 921 2753; x_wconf 80' lang='grc' dir='ltr'>τοῦ</span> <span class='ocrx_word' id='word_1_233' title='bbox 975 2701 1448 2771; x_wconf 84' lang='grc' dir='ltr'>προφητευομένου</span> <span class='ocrx_word' id='word_1_234' title='bbox 1487 2699 1793 2769; x_wconf 84' lang='grc' dir='ltr'>προσδοκω-</span> 
     </span>
    </p>
   </div>
   <div class='ocr_carea' id='block_1_33' title="bbox 232 2780 1795 2860">
    <p class='ocr_par' dir='ltr' id='par_1_33' title="bbox 232 2780 1795 2860">
     <span class='ocr_line' id='line_1_33' title="bbox 232 2780 1795 2860; baseline -0.001 -18"><span class='ocrx_word' id='word_1_235' title='bbox 232 2791 399 2860; x_wconf 79' lang='grc' dir='ltr'>μένου</span> <span class='ocrx_word' id='word_1_236' title='bbox 439 2789 860 2858; x_wconf 68' lang='grc' dir='ltr'>ψευδοὼξοῡσιν,</span> <span class='ocrx_word' id='word_1_237' title='bbox 904 2791 1050 2854; x_wconf 84' lang='grc' dir='ltr'>ὅστις</span> <span class='ocrx_word' id='word_1_238' title='bbox 1095 2791 1214 2844; x_wconf 66' lang='grc' dir='ltr'><strong>καῖΔ</strong></span> <span class='ocrx_word' id='word_1_239' title='bbox 1240 2780 1477 2853; x_wconf 82' lang='grc' dir='ltr'>ποταπὸς</span> <span class='ocrx_word' id='word_1_240' title='bbox 1521 2787 1660 2842; x_wconf 87' lang='grc' dir='ltr'>κατὰ</span> <span class='ocrx_word' id='word_1_241' title='bbox 1706 2788 1795 2842; x_wconf 84' lang='grc' dir='ltr'>τὸν</span> 
     </span>
    </p>
   </div>
   <div class='ocr_carea' id='block_1_34' title="bbox 227 2879 1411 2953">
    <p class='ocr_par' dir='ltr' id='par_1_34' title="bbox 227 2879 1411 2953">
     <span class='ocr_line' id='line_1_34' title="bbox 227 2879 1411 2953; baseline 0.002 -21"><span class='ocrx_word' id='word_1_242' title='bbox 227 2879 411 2950; x_wconf 83' lang='grc' dir='ltr'>ἀληθῆ</span> <span class='ocrx_word' id='word_1_243' title='bbox 435 2880 590 2948; x_wconf 90' lang='grc' dir='ltr'>λόγον</span> <span class='ocrx_word' id='word_1_244' title='bbox 615 2881 723 2934; x_wconf 87' lang='grc' dir='ltr'>τῶν</span> <span class='ocrx_word' id='word_1_245' title='bbox 747 2881 1032 2952; x_wconf 86' lang='grc' dir='ltr'>προφητῶν</span> <span class='ocrx_word' id='word_1_246' title='bbox 1059 2883 1411 2953; x_wconf 83' lang='grc' dir='ltr'>κεκήρυκται.</span> 
     </span>
    </p>
   </div>
   <div class='ocr_carea' id='block_1_35' title="bbox 232 3040 1798 3128">
    <p class='ocr_par' dir='ltr' id='par_1_35' title="bbox 232 3040 1798 3128">
     <span class='ocr_line' id='line_1_35' title="bbox 232 3040 1798 3128; baseline 0.004 -21"><span class='ocrx_word' id='word_1_247' title='bbox 232 3040 238 3045; x_wconf 50' lang='grc'><em>’</em></span> <span class='ocrx_word' id='word_1_248' title='bbox 316 3055 476 3125; x_wconf 78' lang='grc' dir='ltr'>Ἑξῆς</span> <span class='ocrx_word' id='word_1_249' title='bbox 521 3057 577 3108; x_wconf 84' lang='grc' dir='ltr'>δὲ</span> <span class='ocrx_word' id='word_1_250' title='bbox 609 3057 817 3121; x_wconf 85' lang='grc' dir='ltr'>τούτοις</span> <span class='ocrx_word' id='word_1_251' title='bbox 852 3060 880 3110; x_wconf 86' lang='grc' dir='ltr'>ὁ</span> <span class='ocrx_word' id='word_1_252' title='bbox 925 3059 1164 3121; x_wconf 75' lang='grc' dir='ltr'>Κέλσος,</span> <span class='ocrx_word' id='word_1_253' title='bbox 1211 3059 1458 3128; x_wconf 77' lang='grc' dir='ltr'>οἰόμενος</span> <span class='ocrx_word' id='word_1_254' title='bbox 1502 3061 1628 3123; x_wconf 74' lang='grc' dir='ltr'>τοὺς</span> <span class='ocrx_word' id='word_1_255' title='bbox 1669 3061 1798 3113; x_wconf 86' lang='grc' dir='ltr'>Ἰου-</span> 
     </span>
    </p>
   </div>
   <div class='ocr_carea' id='block_1_36' title="bbox 227 3135 1803 3216">
    <p class='ocr_par' dir='ltr' id='par_1_36' title="bbox 227 3135 1803 3216">
     <span class='ocr_line' id='line_1_36' title="bbox 227 3135 1803 3216; baseline 0.003 -17"><span class='ocrx_word' id='word_1_256' title='bbox 227 3145 418 3207; x_wconf 81' lang='grc' dir='ltr'>δαίους</span> <span class='ocrx_word' id='word_1_257' title='bbox 446 3135 771 3213; x_wconf 72' lang='grc' dir='ltr'>Αἰγυπτίους</span> <span class='ocrx_word' id='word_1_258' title='bbox 806 3147 882 3216; x_wconf 82' lang='grc' dir='ltr'><strong>τῷ</strong></span> <span class='ocrx_word' id='word_1_259' title='bbox 911 3149 1054 3214; x_wconf 86' lang='grc' dir='ltr'>γένει</span> <span class='ocrx_word' id='word_1_260' title='bbox 1082 3148 1462 3216; x_wconf 84' lang='grc' dir='ltr'>τυγχάνοντας,</span> <span class='ocrx_word' id='word_1_261' title='bbox 1496 3151 1803 3203; x_wconf 78' lang='grc' dir='ltr'>καταλελοι-</span> 
     </span>
    </p>
   </div>
   <div class='ocr_carea' id='block_1_37' title="bbox 231 3237 1800 3308">
    <p class='ocr_par' dir='ltr' id='par_1_37' title="bbox 231 3237 1800 3308">
     <span class='ocr_line' id='line_1_37' title="bbox 231 3237 1800 3308; baseline 0.003 -20"><span class='ocrx_word' id='word_1_262' title='bbox 231 3237 398 3290; x_wconf 86' lang='grc' dir='ltr'>πέναι</span> <span class='ocrx_word' id='word_1_263' title='bbox 445 3237 544 3305; x_wconf 82' lang='grc' dir='ltr'><strong>τὴν</strong></span> <span class='ocrx_word' id='word_1_264' title='bbox 577 3238 868 3303; x_wconf 75' lang='grc' dir='ltr'>Αἴγυπτον,</span> <span class='ocrx_word' id='word_1_265' title='bbox 918 3238 1310 3299; x_wconf 79' lang='grc' dir='ltr'>στασιάσαντας</span> <span class='ocrx_word' id='word_1_266' title='bbox 1360 3238 1493 3308; x_wconf 84' lang='grc' dir='ltr'>πρὸς</span> <span class='ocrx_word' id='word_1_267' title='bbox 1531 3240 1591 3290; x_wconf 85' lang='grc' dir='ltr'><strong>τὸ</strong></span> <span class='ocrx_word' id='word_1_268' title='bbox 1627 3240 1800 3293; x_wconf 77' lang='grc' dir='ltr'>κοινὸν</span> 
     </span>
    </p>
   </div>
   <div class='ocr_carea' id='block_1_38' title="bbox 228 3310 1801 3404">
    <p class='ocr_par' dir='ltr' id='par_1_38' title="bbox 228 3310 1801 3404">
     <span class='ocr_line' id='line_1_38' title="bbox 228 3310 1801 3404; baseline 0.001 -24"><span class='ocrx_word' id='word_1_269' title='bbox 228 3327 345 3380; x_wconf 83' lang='grc' dir='ltr'><strong>τῶν</strong></span> <span class='ocrx_word' id='word_1_270' title='bbox 369 3326 694 3404; x_wconf 81' lang='grc' dir='ltr'>Αίγυπτίων,</span> <span class='ocrx_word' id='word_1_271' title='bbox 726 3328 818 3379; x_wconf 69' lang='grc' dir='ltr'><strong>καὶ⁹</strong></span> <span class='ocrx_word' id='word_1_272' title='bbox 843 3326 903 3379; x_wconf 81' lang='grc' dir='ltr'><strong>τὸ</strong></span> <span class='ocrx_word' id='word_1_273' title='bbox 934 3329 990 3379; x_wconf 89' lang='grc' dir='ltr'><strong>ἐν</strong></span> <span class='ocrx_word' id='word_1_274' title='bbox 1015 3326 1269 3397; x_wconf 74' lang='grc' dir='ltr'>Αἰγύπτῳ</span> <span class='ocrx_word' id='word_1_275' title='bbox 1297 3327 1520 3398; x_wconf 87' lang='grc' dir='ltr'>σύνηθες</span> <span class='ocrx_word' id='word_1_276' title='bbox 1547 3310 1674 3400; x_wconf 60' lang='grc' dir='ltr'>περι</span> <span class='ocrx_word' id='word_1_277' title='bbox 1703 3331 1801 3393; x_wconf 78' lang='grc' dir='ltr'>τὰς</span> 
     </span>
    </p>
   </div>
   <div class='ocr_carea' id='block_1_39' title="bbox 234 3415 1801 3491">
    <p class='ocr_par' dir='ltr' id='par_1_39' title="bbox 234 3415 1801 3491">
     <span class='ocr_line' id='line_1_39' title="bbox 234 3415 1801 3491; baseline 0.003 -23"><span class='ocrx_word' id='word_1_278' title='bbox 234 3415 533 3487; x_wconf 73' lang='grc' dir='ltr'>θρησκείας</span> <span class='ocrx_word' id='word_1_279' title='bbox 586 3417 1122 3488; x_wconf 83' lang='grc' dir='ltr'>ὑπερφρονήσαντας,</span> <span class='ocrx_word' id='word_1_280' title='bbox 1165 3418 1346 3487; x_wconf 76' lang='grc' dir='ltr'>φησὶν,</span> <span class='ocrx_word' id='word_1_281' title='bbox 1394 3438 1412 3468; x_wconf 80' lang='grc' dir='ltr'><strong>ι</strong></span> <span class='ocrx_word' id='word_1_282' title='bbox 1437 3419 1631 3482; x_wconf 75' lang='grc' dir='ltr'>αὐτοὺς</span> <span class='ocrx_word' id='word_1_283' title='bbox 1661 3421 1801 3491; x_wconf 84' lang='grc' dir='ltr'>ἆπερ</span> 
     </span>
    </p>
   </div>
   <div class='ocr_carea' id='block_1_40' title="bbox 233 3505 1799 3581">
    <p class='ocr_par' dir='ltr' id='par_1_40' title="bbox 233 3505 1799 3581">
     <span class='ocr_line' id='line_1_40' title="bbox 233 3505 1799 3581; baseline 0.004 -24"><span class='ocrx_word' id='word_1_284' title='bbox 233 3505 502 3575; x_wconf 84' lang='grc' dir='ltr'>ἐποίησαν</span> <span class='ocrx_word' id='word_1_285' title='bbox 541 3506 854 3573; x_wconf 76' lang='grc' dir='ltr'>Αἰγυπτίοις</span> <span class='ocrx_word' id='word_1_286' title='bbox 907 3507 1227 3559; x_wconf 86' lang='grc' dir='ltr'>πεπονθέναι</span> <span class='ocrx_word' id='word_1_287' title='bbox 1273 3509 1378 3560; x_wconf 84' lang='grc' dir='ltr'><strong>ὑπὸ</strong></span> <span class='ocrx_word' id='word_1_288' title='bbox 1422 3510 1527 3562; x_wconf 79' lang='grc' dir='ltr'><strong>τῶν</strong></span> <span class='ocrx_word' id='word_1_289' title='bbox 1571 3512 1799 3581; x_wconf 81' lang='grc' dir='ltr'>προσθε-</span> 
     </span>
    </p>
   </div>
   <div class='ocr_carea' id='block_1_41' title="bbox 239 3596 1800 3671">
    <p class='ocr_par' dir='ltr' id='par_1_41' title="bbox 239 3596 1800 3671">
     <span class='ocr_line' id='line_1_41' title="bbox 239 3596 1800 3671; baseline 0.003 -23"><span class='ocrx_word' id='word_1_290' title='bbox 239 3596 419 3666; x_wconf 80' lang='grc' dir='ltr'>μένων</span> <span class='ocrx_word' id='word_1_291' title='bbox 461 3597 539 3666; x_wconf 84' lang='grc' dir='ltr'>τῷ</span> <span class='ocrx_word' id='word_1_292' title='bbox 585 3596 758 3667; x_wconf 77' lang='grc' dir='ltr'>Ἰησοῦ</span> <span class='ocrx_word' id='word_1_293' title='bbox 805 3598 897 3649; x_wconf 77' lang='grc' dir='ltr'>καὶ</span> <span class='ocrx_word' id='word_1_294' title='bbox 943 3599 1340 3650; x_wconf 79' lang='grc' dir='ltr'>πιστευσάντων</span> <span class='ocrx_word' id='word_1_295' title='bbox 1373 3600 1518 3669; x_wconf 79' lang='grc' dir='ltr'>αὐτῷ</span> <span class='ocrx_word' id='word_1_296' title='bbox 1550 3601 1624 3662; x_wconf 81' lang='grc' dir='ltr'>ὡς</span> <span class='ocrx_word' id='word_1_297' title='bbox 1666 3603 1800 3671; x_wconf 88' lang='grc' dir='ltr'>Χρι-</span> 
     </span>
    </p>
   </div>
   <div class='ocr_carea' id='block_1_42' title="bbox 237 3684 1802 3757">
    <p class='ocr_par' dir='ltr' id='par_1_42' title="bbox 237 3684 1802 3757">
     <span class='ocr_line' id='line_1_42' title="bbox 237 3684 1802 3757; baseline 0.003 -20"><span class='ocrx_word' id='word_1_298' title='bbox 237 3684 383 3754; x_wconf 74' lang='grc' dir='ltr'><strong>στῷο</strong></span> <span class='ocrx_word' id='word_1_299' title='bbox 415 3686 508 3738; x_wconf 73' lang='grc' dir='ltr'><strong>καὶ</strong></span> <span class='ocrx_word' id='word_1_300' title='bbox 537 3687 860 3757; x_wconf 85' lang='grc' dir='ltr'>ἀμφοτέροις</span> <span class='ocrx_word' id='word_1_301' title='bbox 894 3687 1059 3740; x_wconf 80' lang='grc' dir='ltr'>αἴτιον</span> <span class='ocrx_word' id='word_1_302' title='bbox 1106 3687 1381 3754; x_wconf 80' lang='grc' dir='ltr'>γεγονέναι</span> <span class='ocrx_word' id='word_1_303' title='bbox 1422 3688 1522 3750; x_wconf 86' lang='grc' dir='ltr'><strong>τῆς</strong></span> <span class='ocrx_word' id='word_1_304' title='bbox 1563 3707 1802 3742; x_wconf 90' lang='grc' dir='ltr'>καινοτο-</span> 
     </span>
    </p>
   </div>
   <div class='ocr_carea' id='block_1_43' title="bbox 244 3775 1802 3848">
    <p class='ocr_par' dir='ltr' id='par_1_43' title="bbox 244 3775 1802 3848">
     <span class='ocr_line' id='line_1_43' title="bbox 244 3775 1802 3848; baseline 0.003 -23"><span class='ocrx_word' id='word_1_305' title='bbox 244 3775 378 3845; x_wconf 81' lang='grc' dir='ltr'>μίας</span> <span class='ocrx_word' id='word_1_306' title='bbox 400 3775 461 3827; x_wconf 75' lang='grc' dir='ltr'>τὸ</span> <span class='ocrx_word' id='word_1_307' title='bbox 485 3775 797 3838; x_wconf 76' lang='grc' dir='ltr'>στασιάζειν</span> <span class='ocrx_word' id='word_1_308' title='bbox 834 3777 967 3847; x_wconf 81' lang='grc' dir='ltr'>πρὸς</span> <span class='ocrx_word' id='word_1_309' title='bbox 1003 3777 1063 3829; x_wconf 80' lang='grc' dir='ltr'><strong>τὸ</strong></span> <span class='ocrx_word' id='word_1_310' title='bbox 1099 3778 1294 3830; x_wconf 86' lang='grc' dir='ltr'>κοινόν.</span> <span class='ocrx_word' id='word_1_311' title='bbox 1317 3797 1335 3827; x_wconf 73' lang='grc' dir='ltr'><strong>ι</strong></span> <span class='ocrx_word' id='word_1_312' title='bbox 1369 3777 1432 3828; x_wconf 90' lang='grc' dir='ltr'><strong>Τί</strong></span> <span class='ocrx_word' id='word_1_313' title='bbox 1475 3777 1537 3845; x_wconf 85' lang='grc' dir='ltr'>δὴ</span> <span class='ocrx_word' id='word_1_314' title='bbox 1578 3780 1802 3848; x_wconf 78' lang='grc' dir='ltr'>πεποίη-</span> 
     </span>
    </p>
   </div>
   <div class='ocr_carea' id='block_1_44' title="bbox 238 3865 1803 3935">
    <p class='ocr_par' dir='ltr' id='par_1_44' title="bbox 238 3865 1803 3935">
     <span class='ocr_line' id='line_1_44' title="bbox 238 3865 1803 3935; baseline 0.001 -18"><span class='ocrx_word' id='word_1_315' title='bbox 238 3881 340 3917; x_wconf 88' lang='grc' dir='ltr'><strong>κεν</strong></span> <span class='ocrx_word' id='word_1_316' title='bbox 375 3866 433 3916; x_wconf 89' lang='grc' dir='ltr'><strong>ἐν</strong></span> <span class='ocrx_word' id='word_1_317' title='bbox 458 3865 535 3934; x_wconf 79' lang='grc' dir='ltr'>τῷ</span> <span class='ocrx_word' id='word_1_318' title='bbox 562 3865 710 3935; x_wconf 84' lang='grc' dir='ltr'>τόπῳ</span> <span class='ocrx_word' id='word_1_319' title='bbox 739 3867 766 3916; x_wconf 84' lang='grc' dir='ltr'>ὁ</span> <span class='ocrx_word' id='word_1_320' title='bbox 792 3866 1013 3928; x_wconf 84' lang='grc' dir='ltr'>Κέλσος,</span> <span class='ocrx_word' id='word_1_321' title='bbox 1057 3865 1430 3934; x_wconf 82' lang='grc' dir='ltr'>κατανοητέον.</span> <span class='ocrx_word' id='word_1_322' title='bbox 1473 3866 1648 3918; x_wconf 78' lang='grc' dir='ltr'>Πολλὰ</span> <span class='ocrx_word' id='word_1_323' title='bbox 1689 3868 1803 3920; x_wconf 85' lang='grc' dir='ltr'>δια-</span> 
     </span>
    </p>
   </div>
   <div class='ocr_carea' id='block_1_45' title="bbox 239 3953 1802 4025">
    <p class='ocr_par' dir='ltr' id='par_1_45' title="bbox 239 3953 1802 4025">
     <span class='ocr_line' id='line_1_45' title="bbox 239 3953 1802 4025; baseline 0.003 -20"><span class='ocrx_word' id='word_1_324' title='bbox 239 3953 428 4016; x_wconf 83' lang='grc' dir='ltr'>θέντες</span> <span class='ocrx_word' id='word_1_325' title='bbox 463 3955 511 4006; x_wconf 87' lang='grc' dir='ltr'><strong>οί</strong></span> <span class='ocrx_word' id='word_1_326' title='bbox 546 3955 709 4008; x_wconf 83' lang='grc' dir='ltr'>πάλαι</span> <span class='ocrx_word' id='word_1_327' title='bbox 755 3956 1037 4022; x_wconf 75' lang='grc' dir='ltr'>Αἰγύπτιοι</span> <span class='ocrx_word' id='word_1_328' title='bbox 1080 3957 1140 4007; x_wconf 85' lang='grc' dir='ltr'><strong>τὸ</strong></span> <span class='ocrx_word' id='word_1_329' title='bbox 1181 3957 1667 4025; x_wconf 46' lang='grc' dir='ltr'>Ἑϐραίωνηγένος,</span> <span class='ocrx_word' id='word_1_330' title='bbox 1717 3959 1802 4010; x_wconf 77' lang='grc' dir='ltr'>διὰ</span> 
     </span>
    </p>
   </div>
   <div class='ocr_carea' id='block_1_46' title="bbox 239 4043 1802 4118">
    <p class='ocr_par' dir='ltr' id='par_1_46' title="bbox 239 4043 1802 4118">
     <span class='ocr_line' id='line_1_46' title="bbox 239 4043 1802 4118; baseline 0.001 -20"><span class='ocrx_word' id='word_1_331' title='bbox 239 4043 398 4112; x_wconf 77' lang='grc' dir='ltr'>λιμὸν</span> <span class='ocrx_word' id='word_1_332' title='bbox 425 4043 521 4113; x_wconf 81' lang='grc' dir='ltr'>τὴν</span> <span class='ocrx_word' id='word_1_333' title='bbox 553 4046 806 4097; x_wconf 87' lang='grc' dir='ltr'>Ἰουδαίαν</span> <span class='ocrx_word' id='word_1_334' title='bbox 831 4046 1198 4098; x_wconf 78' lang='grc' dir='ltr'>καταλαϐόντα</span> <span class='ocrx_word' id='word_1_335' title='bbox 1226 4046 1660 4117; x_wconf 78' lang='grc' dir='ltr'>ἐπιδημήσαντας</span> <span class='ocrx_word' id='word_1_336' title='bbox 1692 4047 1802 4118; x_wconf 80' lang='grc'><strong>(55)</strong></span> 
     </span>
    </p>
   </div>
   <div class='ocr_carea' id='block_1_47' title="bbox 238 4117 1803 4205">
    <p class='ocr_par' dir='ltr' id='par_1_47' title="bbox 238 4127 1803 4205">
     <span class='ocr_line' id='line_1_47' title="bbox 238 4127 1803 4205; baseline 0.001 -18"><span class='ocrx_word' id='word_1_337' title='bbox 238 4138 311 4205; x_wconf 79' lang='grc' dir='ltr'>τῇ</span> <span class='ocrx_word' id='word_1_338' title='bbox 345 4127 620 4204; x_wconf 75' lang='grc' dir='ltr'>Αἰγύπτῳ,</span> <span class='ocrx_word' id='word_1_339' title='bbox 655 4134 1000 4196; x_wconf 87' lang='grc' dir='ltr'>πεπόνθασιν,</span> <span class='ocrx_word' id='word_1_340' title='bbox 1030 4137 1104 4198; x_wconf 84' lang='grc' dir='ltr'>ὡς</span> <span class='ocrx_word' id='word_1_341' title='bbox 1142 4136 1322 4201; x_wconf 84' lang='grc' dir='ltr'>ξένους</span> <span class='ocrx_word' id='word_1_342' title='bbox 1355 4138 1448 4188; x_wconf 71' lang='grc' dir='ltr'><strong>καὶ</strong></span> <span class='ocrx_word' id='word_1_343' title='bbox 1479 4137 1660 4199; x_wconf 79' lang='grc' dir='ltr'>ἱκέτας</span> <span class='ocrx_word' id='word_1_344' title='bbox 1692 4139 1803 4190; x_wconf 85' lang='grc' dir='ltr'>ἀδι-</span> 
     </span>
    </p>
   </div>
   <div class='ocr_carea' id='block_1_48' title="bbox 1898 363 3446 440">
    <p class='ocr_par' dir='ltr' id='par_1_48' title="bbox 1898 363 3446 440">
     <span class='ocr_line' id='line_1_48' title="bbox 1898 363 3446 440; baseline 0.003 -24"><span class='ocrx_word' id='word_1_345' title='bbox 1898 364 2131 430; x_wconf 87' lang='lat' dir='ltr'><strong>luerunt,</strong></span> <span class='ocrx_word' id='word_1_346' title='bbox 2175 381 2335 440; x_wconf 84' lang='lat' dir='ltr'><strong>quam</strong></span> <span class='ocrx_word' id='word_1_347' title='bbox 2367 365 2701 418; x_wconf 86' lang='lat' dir='ltr'><strong>Judaismnm</strong></span> <span class='ocrx_word' id='word_1_348' title='bbox 2748 364 2955 431; x_wconf 87' lang='lat' dir='ltr'><strong>ejurare</strong></span> <span class='ocrx_word' id='word_1_349' title='bbox 2994 363 3212 433; x_wconf 82' lang='lat' dir='ltr'><strong>ejusque</strong></span> <span class='ocrx_word' id='word_1_350' title='bbox 3241 364 3446 420; x_wconf 87' lang='lat' dir='ltr'><strong>violare</strong></span> 
     </span>
    </p>
   </div>
   <div class='ocr_carea' id='block_1_49' title="bbox 1895 454 3482 524">
    <p class='ocr_par' dir='ltr' id='par_1_49' title="bbox 1895 454 3482 524">
     <span class='ocr_line' id='line_1_49' title="bbox 1895 454 3482 524; baseline 0.002 -17"><span class='ocrx_word' id='word_1_351' title='bbox 1895 455 2069 524; x_wconf 84' lang='lat' dir='ltr'><strong>leges;</strong></span> <span class='ocrx_word' id='word_1_352' title='bbox 2117 456 2384 523; x_wconf 90' lang='lat' dir='ltr'><strong>quomodo</strong></span> <span class='ocrx_word' id='word_1_353' title='bbox 2423 457 2480 518; x_wconf 90' lang='lat' dir='ltr'><strong>ii,</strong></span> <span class='ocrx_word' id='word_1_354' title='bbox 2527 456 2616 523; x_wconf 86' lang='lat' dir='ltr'><strong>qui</strong></span> <span class='ocrx_word' id='word_1_355' title='bbox 2649 455 2890 508; x_wconf 74' lang='lat' dir='ltr'><strong>historiis</strong></span> <span class='ocrx_word' id='word_1_356' title='bbox 2919 463 2972 507; x_wconf 88' lang='lat' dir='ltr'><strong>et</strong></span> <span class='ocrx_word' id='word_1_357' title='bbox 3001 454 3268 508; x_wconf 93' lang='lat' dir='ltr'><strong>vaticiniis</strong></span> <span class='ocrx_word' id='word_1_358' title='bbox 3296 455 3444 508; x_wconf 83' lang='lat' dir='ltr'><strong>inso-</strong></span> <span class='ocrx_word' id='word_1_359' title='bbox 3471 498 3482 510; x_wconf 96' lang='lat'><strong>.</strong></span> 
     </span>
    </p>
   </div>
   <div class='ocr_carea' id='block_1_50' title="bbox 1894 543 3442 613">
    <p class='ocr_par' dir='ltr' id='par_1_50' title="bbox 1894 543 3442 613">
     <span class='ocr_line' id='line_1_50' title="bbox 1894 543 3442 613; baseline 0 -15"><span class='ocrx_word' id='word_1_360' title='bbox 1894 545 2004 600; x_wconf 91' lang='lat' dir='ltr'><strong>litis</strong></span> <span class='ocrx_word' id='word_1_361' title='bbox 2034 562 2136 600; x_wconf 92' lang='lat' dir='ltr'><strong>non</strong></span> <span class='ocrx_word' id='word_1_362' title='bbox 2178 547 2474 613; x_wconf 75' lang='lat' dir='ltr'><strong>adiungunt</strong></span> <span class='ocrx_word' id='word_1_363' title='bbox 2521 545 2703 612; x_wconf 84' lang='lat' dir='ltr'><strong>ﬁdem,</strong></span> <span class='ocrx_word' id='word_1_364' title='bbox 2754 545 2942 598; x_wconf 88' lang='lat' dir='ltr'><strong>saltem</strong></span> <span class='ocrx_word' id='word_1_365' title='bbox 2975 543 3442 599; x_wconf 77' lang='lat' dir='ltr'><strong>verisimilitudine</strong></span> 
     </span>
    </p>
   </div>
   <div class='ocr_carea' id='block_1_51' title="bbox 1893 635 3443 705">
    <p class='ocr_par' dir='ltr' id='par_1_51' title="bbox 1893 635 3443 705">
     <span class='ocr_line' id='line_1_51' title="bbox 1893 635 3443 705; baseline -0.001 -15"><span class='ocrx_word' id='word_1_366' title='bbox 1893 651 1998 690; x_wconf 89' lang='lat' dir='ltr'><strong>non</strong></span> <span class='ocrx_word' id='word_1_367' title='bbox 2029 637 2366 690; x_wconf 85' lang='lat' dir='ltr'><strong>adducuntur</strong></span> <span class='ocrx_word' id='word_1_368' title='bbox 2393 647 2450 689; x_wconf 93' lang='lat' dir='ltr'><strong>ut</strong></span> <span class='ocrx_word' id='word_1_369' title='bbox 2479 635 2699 690; x_wconf 88' lang='lat' dir='ltr'><strong>credant</strong></span> <span class='ocrx_word' id='word_1_370' title='bbox 2731 636 2981 705; x_wconf 75' lang='lat' dir='ltr'><strong>ﬁgmenta</strong></span> <span class='ocrx_word' id='word_1_371' title='bbox 3011 636 3123 688; x_wconf 77' lang='lat' dir='ltr'><strong>haec</strong></span> <span class='ocrx_word' id='word_1_372' title='bbox 3153 650 3256 688; x_wconf 90' lang='lat' dir='ltr'><strong>non</strong></span> <span class='ocrx_word' id='word_1_373' title='bbox 3289 647 3443 699; x_wconf 83' lang='lat' dir='ltr'><strong>esse;</strong></span> 
     </span>
    </p>
   </div>
   <div class='ocr_carea' id='block_1_52' title="bbox 1893 722 3443 800">
    <p class='ocr_par' dir='ltr' id='par_1_52' title="bbox 1893 722 3443 800">
     <span class='ocr_line' id='line_1_52' title="bbox 1893 722 3443 800; baseline -0.005 -20"><span class='ocrx_word' id='word_1_374' title='bbox 1893 726 1985 780; x_wconf 89' lang='lat' dir='ltr'><strong>sed</strong></span> <span class='ocrx_word' id='word_1_375' title='bbox 2016 726 2192 793; x_wconf 83' lang='lat' dir='ltr'><strong>potius</strong></span> <span class='ocrx_word' id='word_1_376' title='bbox 2219 740 2380 794; x_wconf 85' lang='lat' dir='ltr'><strong>puras</strong></span> <span class='ocrx_word' id='word_1_377' title='bbox 2434 723 2814 793; x_wconf 90' lang='lat' dir='ltr'><strong>prophetarum</strong></span> <span class='ocrx_word' id='word_1_378' title='bbox 2864 723 3072 800; x_wconf 72' lang='lat' dir='ltr'><strong>animus</strong></span> <span class='ocrx_word' id='word_1_379' title='bbox 3123 722 3326 775; x_wconf 79' lang='lat' dir='ltr'><strong>nullum</strong></span> <span class='ocrx_word' id='word_1_380' title='bbox 3376 722 3443 774; x_wconf 90' lang='lat' dir='ltr'><strong>ad</strong></span> 
     </span>
    </p>
   </div>
   <div class='ocr_carea' id='block_1_53' title="bbox 1893 810 3444 879">
    <p class='ocr_par' dir='ltr' id='par_1_53' title="bbox 1893 810 3444 879">
     <span class='ocr_line' id='line_1_53' title="bbox 1893 810 3444 879; baseline -0.002 -11"><span class='ocrx_word' id='word_1_381' title='bbox 1893 815 2144 868; x_wconf 84' lang='lat' dir='ltr'><strong>virtutem</strong></span> <span class='ocrx_word' id='word_1_382' title='bbox 2165 816 2472 868; x_wconf 79' lang='lat' dir='ltr'><strong>sectandam</strong></span> <span class='ocrx_word' id='word_1_383' title='bbox 2510 814 2746 868; x_wconf 86' lang='lat' dir='ltr'><strong>laborem</strong></span> <span class='ocrx_word' id='word_1_384' title='bbox 2775 813 3160 874; x_wconf 79' lang='lat' dir='ltr'><strong>recusantium,</strong></span> <span class='ocrx_word' id='word_1_385' title='bbox 3187 810 3444 879; x_wconf 83' lang='lat' dir='ltr'><strong>impulsas</strong></span> 
     </span>
    </p>
   </div>
   <div class='ocr_carea' id='block_1_54' title="bbox 1892 900 3454 974">
    <p class='ocr_par' dir='ltr' id='par_1_54' title="bbox 1892 900 3454 974">
     <span class='ocr_line' id='line_1_54' title="bbox 1892 900 3454 974; baseline -0.004 -15"><span class='ocrx_word' id='word_1_386' title='bbox 1892 920 1922 959; x_wconf 82' lang='lat' dir='ltr'><strong>a</strong></span> <span class='ocrx_word' id='word_1_387' title='bbox 1955 903 2156 974; x_wconf 87' lang='lat' dir='ltr'><strong>Spiritu</strong></span> <span class='ocrx_word' id='word_1_388' title='bbox 2199 903 2382 956; x_wconf 90' lang='lat' dir='ltr'><strong>divino</strong></span> <span class='ocrx_word' id='word_1_389' title='bbox 2414 902 2752 957; x_wconf 88' lang='lat' dir='ltr'><strong>inhabitante</strong></span> <span class='ocrx_word' id='word_1_390' title='bbox 2788 901 2978 966; x_wconf 78' lang='lat' dir='ltr'><strong>fuisse,</strong></span> <span class='ocrx_word' id='word_1_391' title='bbox 3023 911 3079 954; x_wconf 93' lang='lat' dir='ltr'><strong>ut</strong></span> <span class='ocrx_word' id='word_1_392' title='bbox 3113 900 3454 969; x_wconf 69' lang='lat' dir='ltr'><strong>praanuntia-</strong></span> 
     </span>
    </p>
   </div>
   <div class='ocr_carea' id='block_1_55' title="bbox 1894 990 3442 1070">
    <p class='ocr_par' dir='ltr' id='par_1_55' title="bbox 1894 990 3442 1070">
     <span class='ocr_line' id='line_1_55' title="bbox 1894 990 3442 1070; baseline -0.005 -21"><span class='ocrx_word' id='word_1_393' title='bbox 1894 1005 2034 1058; x_wconf 91' lang='lat' dir='ltr'><strong>rent,</strong></span> <span class='ocrx_word' id='word_1_394' title='bbox 2076 993 2181 1049; x_wconf 89' lang='lat' dir='ltr'><strong>alia</strong></span> <span class='ocrx_word' id='word_1_395' title='bbox 2208 993 2422 1064; x_wconf 83' lang='lat' dir='ltr'><strong>quidem</strong></span> <span class='ocrx_word' id='word_1_396' title='bbox 2459 992 2524 1047; x_wconf 91' lang='lat' dir='ltr'><strong>iis</strong></span> <span class='ocrx_word' id='word_1_397' title='bbox 2552 992 2644 1070; x_wconf 79' lang='lat' dir='ltr'><strong>qui</strong></span> <span class='ocrx_word' id='word_1_398' title='bbox 2683 1007 2778 1047; x_wconf 84' lang='lat' dir='ltr'><strong>sua</strong></span> <span class='ocrx_word' id='word_1_399' title='bbox 2810 1001 2970 1045; x_wconf 55' lang='lat' dir='ltr'><strong>astate</strong></span> <span class='ocrx_word' id='word_1_400' title='bbox 3009 990 3064 1044; x_wconf 90' lang='lat' dir='ltr'><strong>in</strong></span> <span class='ocrx_word' id='word_1_401' title='bbox 3095 991 3234 1044; x_wconf 82' lang='lat' dir='ltr'><strong>vivis</strong></span> <span class='ocrx_word' id='word_1_402' title='bbox 3264 997 3442 1053; x_wconf 87' lang='lat' dir='ltr'><strong>erant,</strong></span> 
     </span>
    </p>
   </div>
   <div class='ocr_carea' id='block_1_56' title="bbox 1894 1079 3449 1154">
    <p class='ocr_par' dir='ltr' id='par_1_56' title="bbox 1894 1079 3449 1154">
     <span class='ocr_line' id='line_1_56' title="bbox 1894 1079 3449 1154; baseline -0.005 -14"><span class='ocrx_word' id='word_1_403' title='bbox 1894 1086 1996 1140; x_wconf 89' lang='lat' dir='ltr'><strong>alia</strong></span> <span class='ocrx_word' id='word_1_404' title='bbox 2031 1094 2208 1140; x_wconf 90' lang='lat' dir='ltr'><strong>autem</strong></span> <span class='ocrx_word' id='word_1_405' title='bbox 2239 1083 2490 1152; x_wconf 87' lang='lat' dir='ltr'><strong>posteris,</strong></span> <span class='ocrx_word' id='word_1_406' title='bbox 2534 1092 2587 1137; x_wconf 89' lang='lat' dir='ltr'><strong>et</strong></span> <span class='ocrx_word' id='word_1_407' title='bbox 2624 1083 2892 1154; x_wconf 72' lang='lat' dir='ltr'><strong>prtecipue</strong></span> <span class='ocrx_word' id='word_1_408' title='bbox 2921 1080 3218 1135; x_wconf 84' lang='lat' dir='ltr'><strong>Salvatoris</strong></span> <span class='ocrx_word' id='word_1_409' title='bbox 3254 1079 3322 1133; x_wconf 87' lang='lat' dir='ltr'><strong>ad</strong></span> <span class='ocrx_word' id='word_1_410' title='bbox 3351 1079 3449 1133; x_wconf 91' lang='lat' dir='ltr'><strong>ho-</strong></span> 
     </span>
    </p>
   </div>
   <div class='ocr_carea' id='block_1_57' title="bbox 1894 1173 3374 1231">
    <p class='ocr_par' dir='ltr' id='par_1_57' title="bbox 1894 1173 3374 1231">
     <span class='ocr_line' id='line_1_57' title="bbox 1894 1173 3374 1231; baseline -0.006 0"><span class='ocrx_word' id='word_1_411' title='bbox 1894 1177 2068 1231; x_wconf 89' lang='lat' dir='ltr'><strong>mines</strong></span> <span class='ocrx_word' id='word_1_412' title='bbox 2093 1175 2328 1229; x_wconf 75' lang='lat' dir='ltr'><strong>futurum</strong></span> <span class='ocrx_word' id='word_1_413' title='bbox 2355 1173 2681 1228; x_wconf 82' lang='lat' dir='ltr'><strong>adventum?</strong></span> <span class='ocrx_word' id='word_1_414' title='bbox 3371 1205 3374 1208; x_wconf 62' lang='grc' dir='ltr'><em>η</em></span> 
     </span>
    </p>
   </div>
   <div class='ocr_carea' id='block_1_58' title="bbox 1974 1261 3448 1339">
    <p class='ocr_par' dir='ltr' id='par_1_58' title="bbox 1974 1261 3448 1339">
     <span class='ocr_line' id='line_1_58' title="bbox 1974 1261 3448 1339; baseline -0.005 -19"><span class='ocrx_word' id='word_1_415' title='bbox 1974 1267 2140 1339; x_wconf 69' lang='grc'>450</span> <span class='ocrx_word' id='word_1_416' title='bbox 2167 1266 2224 1320; x_wconf 73' lang='grc'><strong>4.</strong></span> <span class='ocrx_word' id='word_1_417' title='bbox 2268 1265 2324 1320; x_wconf 88' lang='lat' dir='ltr'><strong>Si</strong></span> <span class='ocrx_word' id='word_1_418' title='bbox 2356 1266 2469 1319; x_wconf 45' lang='lat' dir='ltr'><strong>hate</strong></span> <span class='ocrx_word' id='word_1_419' title='bbox 2501 1266 2574 1319; x_wconf 85' lang='lat' dir='ltr'><strong>ita</strong></span> <span class='ocrx_word' id='word_1_420' title='bbox 2605 1277 2662 1318; x_wconf 90' lang='lat' dir='ltr'><strong>se</strong></span> <span class='ocrx_word' id='word_1_421' title='bbox 2687 1264 2904 1327; x_wconf 80' lang='lat' dir='ltr'><strong>habent,</strong></span> <span class='ocrx_word' id='word_1_422' title='bbox 2941 1261 3206 1330; x_wconf 88' lang='lat' dir='ltr'><strong>quomodo</strong></span> <span class='ocrx_word' id='word_1_423' title='bbox 3237 1261 3303 1314; x_wconf 89' lang='lat' dir='ltr'><strong>de</strong></span> <span class='ocrx_word' id='word_1_424' title='bbox 3333 1274 3448 1314; x_wconf 83' lang='lat' dir='ltr'><strong>um-</strong></span> 
     </span>
    </p>
   </div>
   <div class='ocr_carea' id='block_1_59' title="bbox 1893 1349 3448 1424">
    <p class='ocr_par' dir='ltr' id='par_1_59' title="bbox 1893 1349 3448 1424">
     <span class='ocr_line' id='line_1_59' title="bbox 1893 1349 3448 1424; baseline -0.006 -13"><span class='ocrx_word' id='word_1_425' title='bbox 1893 1359 1991 1412; x_wconf 87' lang='lat' dir='ltr'><strong>bra</strong></span> <span class='ocrx_word' id='word_1_426' title='bbox 2031 1356 2168 1411; x_wconf 81' lang='lat' dir='ltr'><strong>asini</strong></span> <span class='ocrx_word' id='word_1_427' title='bbox 2217 1357 2494 1424; x_wconf 79' lang='lat' dir='ltr'><strong>disputant</strong></span> <span class='ocrx_word' id='word_1_428' title='bbox 2525 1353 2667 1407; x_wconf 89' lang='lat' dir='ltr'><strong>inter</strong></span> <span class='ocrx_word' id='word_1_429' title='bbox 2713 1367 2772 1407; x_wconf 88' lang='lat' dir='ltr'><strong>se</strong></span> <span class='ocrx_word' id='word_1_430' title='bbox 2816 1352 2984 1407; x_wconf 69' lang='lat' dir='ltr'><strong>Judaei</strong></span> <span class='ocrx_word' id='word_1_431' title='bbox 3027 1360 3080 1404; x_wconf 91' lang='lat' dir='ltr'><strong>et</strong></span> <span class='ocrx_word' id='word_1_432' title='bbox 3115 1349 3448 1414; x_wconf 79' lang='lat' dir='ltr'><strong>Christiani,</strong></span> 
     </span>
    </p>
   </div>
   <div class='ocr_carea' id='block_1_60' title="bbox 1893 1441 3446 1516">
    <p class='ocr_par' dir='ltr' id='par_1_60' title="bbox 1893 1441 3446 1516">
     <span class='ocr_line' id='line_1_60' title="bbox 1893 1441 3446 1516; baseline -0.007 -13"><span class='ocrx_word' id='word_1_433' title='bbox 1893 1463 2017 1503; x_wconf 91' lang='lat' dir='ltr'><strong>cum</strong></span> <span class='ocrx_word' id='word_1_434' title='bbox 2071 1447 2351 1516; x_wconf 84' lang='lat' dir='ltr'><strong>inquirunt</strong></span> <span class='ocrx_word' id='word_1_435' title='bbox 2378 1460 2408 1500; x_wconf 90' lang='lat' dir='ltr'><strong>e</strong></span> <span class='ocrx_word' id='word_1_436' title='bbox 2438 1445 2738 1514; x_wconf 88' lang='lat' dir='ltr'><strong>prophetiis</strong></span> <span class='ocrx_word' id='word_1_437' title='bbox 2769 1444 2963 1512; x_wconf 87' lang='lat' dir='ltr'><strong>quibus</strong></span> <span class='ocrx_word' id='word_1_438' title='bbox 2993 1458 3060 1497; x_wconf 79' lang='lat' dir='ltr'><strong>ex</strong></span> <span class='ocrx_word' id='word_1_439' title='bbox 3089 1457 3241 1509; x_wconf 68' lang='lat' dir='ltr'><strong>aequo</strong></span> <span class='ocrx_word' id='word_1_440' title='bbox 3289 1441 3446 1494; x_wconf 82' lang='lat' dir='ltr'><strong>[idem</strong></span> 
     </span>
    </p>
   </div>
   <div class='ocr_carea' id='block_1_61' title="bbox 1895 1534 3448 1605">
    <p class='ocr_par' dir='ltr' id='par_1_61' title="bbox 1895 1534 3448 1605">
     <span class='ocr_line' id='line_1_61' title="bbox 1895 1534 3448 1605; baseline -0.006 -13"><span class='ocrx_word' id='word_1_441' title='bbox 1895 1539 2108 1605; x_wconf 88' lang='lat' dir='ltr'><strong>utrique</strong></span> <span class='ocrx_word' id='word_1_442' title='bbox 2152 1537 2414 1601; x_wconf 89' lang='lat' dir='ltr'><strong>tribuunt,</strong></span> <span class='ocrx_word' id='word_1_443' title='bbox 2457 1536 2575 1589; x_wconf 89' lang='lat' dir='ltr'><strong>isne</strong></span> <span class='ocrx_word' id='word_1_444' title='bbox 2632 1535 2842 1588; x_wconf 85' lang='lat' dir='ltr'><strong>venerit</strong></span> <span class='ocrx_word' id='word_1_445' title='bbox 2880 1535 2971 1602; x_wconf 85' lang='lat' dir='ltr'><strong>qui</strong></span> <span class='ocrx_word' id='word_1_446' title='bbox 3017 1534 3302 1601; x_wconf 75' lang='lat' dir='ltr'><strong>praedictus</strong></span> <span class='ocrx_word' id='word_1_447' title='bbox 3343 1540 3448 1594; x_wconf 89' lang='lat' dir='ltr'><strong>est,</strong></span> 
     </span>
    </p>
   </div>
   <div class='ocr_carea' id='block_1_62' title="bbox 1895 1622 3450 1694">
    <p class='ocr_par' dir='ltr' id='par_1_62' title="bbox 1895 1622 3450 1694">
     <span class='ocr_line' id='line_1_62' title="bbox 1895 1622 3450 1694; baseline -0.005 -14"><span class='ocrx_word' id='word_1_448' title='bbox 1895 1643 2095 1692; x_wconf 90' lang='lat' dir='ltr'><strong>annon,</strong></span> <span class='ocrx_word' id='word_1_449' title='bbox 2130 1626 2222 1680; x_wconf 89' lang='lat' dir='ltr'><strong>sed</strong></span> <span class='ocrx_word' id='word_1_450' title='bbox 2253 1628 2428 1680; x_wconf 89' lang='lat' dir='ltr'><strong>adhuc</strong></span> <span class='ocrx_word' id='word_1_451' title='bbox 2452 1623 2831 1694; x_wconf 80' lang='lat' dir='ltr'><strong>exspectetur?</strong></span> <span class='ocrx_word' id='word_1_452' title='bbox 2860 1624 3058 1678; x_wconf 83' lang='lat' dir='ltr'><strong>Verum</strong></span> <span class='ocrx_word' id='word_1_453' title='bbox 3090 1623 3190 1676; x_wconf 88' lang='lat' dir='ltr'><strong>etsi</strong></span> <span class='ocrx_word' id='word_1_454' title='bbox 3230 1622 3450 1675; x_wconf 84' lang='lat' dir='ltr'><strong>daretur</strong></span> 
     </span>
    </p>
   </div>
   <div class='ocr_carea' id='block_1_63' title="bbox 1895 1709 3451 1782">
    <p class='ocr_par' dir='ltr' id='par_1_63' title="bbox 1895 1709 3451 1782">
     <span class='ocr_line' id='line_1_63' title="bbox 1895 1709 3451 1782; baseline -0.006 -10"><span class='ocrx_word' id='word_1_455' title='bbox 1895 1717 2050 1772; x_wconf 83' lang='lat' dir='ltr'><strong>Celso</strong></span> <span class='ocrx_word' id='word_1_456' title='bbox 2084 1715 2264 1772; x_wconf 86' lang='lat' dir='ltr'><strong>Jesum</strong></span> <span class='ocrx_word' id='word_1_457' title='bbox 2300 1731 2405 1770; x_wconf 89' lang='lat' dir='ltr'><strong>non</strong></span> <span class='ocrx_word' id='word_1_458' title='bbox 2434 1730 2557 1770; x_wconf 88' lang='lat' dir='ltr'><strong>esse</strong></span> <span class='ocrx_word' id='word_1_459' title='bbox 2603 1731 2725 1769; x_wconf 91' lang='lat' dir='ltr'><strong>eum</strong></span> <span class='ocrx_word' id='word_1_460' title='bbox 2757 1729 2914 1782; x_wconf 91' lang='lat' dir='ltr'><strong>quem</strong></span> <span class='ocrx_word' id='word_1_461' title='bbox 2951 1713 3225 1782; x_wconf 70' lang='lat' dir='ltr'><strong>propheta:</strong></span> <span class='ocrx_word' id='word_1_462' title='bbox 3259 1709 3451 1778; x_wconf 71' lang='lat' dir='ltr'><strong>praedi-</strong></span> 
     </span>
    </p>
   </div>
   <div class='ocr_carea' id='block_1_64' title="bbox 1895 1803 3447 1876">
    <p class='ocr_par' dir='ltr' id='par_1_64' title="bbox 1895 1803 3447 1876">
     <span class='ocr_line' id='line_1_64' title="bbox 1895 1803 3447 1876; baseline -0.004 -13"><span class='ocrx_word' id='word_1_463' title='bbox 1895 1817 2173 1872; x_wconf 87' lang='lat' dir='ltr'><strong>caverunt,</strong></span> <span class='ocrx_word' id='word_1_464' title='bbox 2219 1807 2387 1861; x_wconf 88' lang='lat' dir='ltr'><strong>nihilo</strong></span> <span class='ocrx_word' id='word_1_465' title='bbox 2415 1809 2584 1876; x_wconf 82' lang='lat' dir='ltr'><strong>magis</strong></span> <span class='ocrx_word' id='word_1_466' title='bbox 2613 1807 2677 1861; x_wconf 89' lang='lat' dir='ltr'><strong>de</strong></span> <span class='ocrx_word' id='word_1_467' title='bbox 2713 1807 2899 1860; x_wconf 89' lang='lat' dir='ltr'><strong>umbra</strong></span> <span class='ocrx_word' id='word_1_468' title='bbox 2929 1806 3063 1860; x_wconf 86' lang='lat' dir='ltr'><strong>asini</strong></span> <span class='ocrx_word' id='word_1_469' title='bbox 3113 1803 3447 1873; x_wconf 69' lang='lat' dir='ltr'><strong>qumsierint,</strong></span> 
     </span>
    </p>
   </div>
   <div class='ocr_carea' id='block_1_65' title="bbox 1895 1894 3442 1970">
    <p class='ocr_par' dir='ltr' id='par_1_65' title="bbox 1895 1894 3442 1970">
     <span class='ocr_line' id='line_1_65' title="bbox 1895 1894 3442 1970; baseline -0.005 -18"><span class='ocrx_word' id='word_1_470' title='bbox 1895 1902 1984 1970; x_wconf 87' lang='lat' dir='ltr'><strong>qui</strong></span> <span class='ocrx_word' id='word_1_471' title='bbox 2025 1898 2457 1967; x_wconf 88' lang='lat' dir='ltr'><strong>propheticarum</strong></span> <span class='ocrx_word' id='word_1_472' title='bbox 2507 1897 2901 1964; x_wconf 81' lang='lat' dir='ltr'><strong>scripturarum</strong></span> <span class='ocrx_word' id='word_1_473' title='bbox 2936 1909 3151 1949; x_wconf 81' lang='lat' dir='ltr'><strong>sensum</strong></span> <span class='ocrx_word' id='word_1_474' title='bbox 3191 1894 3291 1948; x_wconf 87' lang='lat' dir='ltr'><strong>hoc</strong></span> <span class='ocrx_word' id='word_1_475' title='bbox 3321 1905 3442 1945; x_wconf 82' lang='lat' dir='ltr'><strong>con-</strong></span> 
     </span>
    </p>
   </div>
   <div class='ocr_carea' id='block_1_66' title="bbox 1895 1985 3451 2051">
    <p class='ocr_par' dir='ltr' id='par_1_66' title="bbox 1895 1985 3451 2051">
     <span class='ocr_line' id='line_1_66' title="bbox 1895 1985 3451 2051; baseline -0.004 -9"><span class='ocrx_word' id='word_1_476' title='bbox 1895 1988 2015 2042; x_wconf 89' lang='lat' dir='ltr'><strong>silio</strong></span> <span class='ocrx_word' id='word_1_477' title='bbox 2040 1996 2435 2050; x_wconf 89' lang='lat' dir='ltr'><strong>scrutarentur,</strong></span> <span class='ocrx_word' id='word_1_478' title='bbox 2465 1994 2519 2038; x_wconf 93' lang='lat' dir='ltr'><strong>ut</strong></span> <span class='ocrx_word' id='word_1_479' title='bbox 2549 1985 2825 2039; x_wconf 89' lang='lat' dir='ltr'><strong>evidenter</strong></span> <span class='ocrx_word' id='word_1_480' title='bbox 2853 1985 3286 2038; x_wconf 86' lang='lat' dir='ltr'><strong>demonstrarent</strong></span> <span class='ocrx_word' id='word_1_481' title='bbox 3319 1996 3451 2051; x_wconf 87' lang='lat' dir='ltr'><strong>qua-</strong></span> 
     </span>
    </p>
   </div>
   <div class='ocr_carea' id='block_1_67' title="bbox 1894 2067 3446 2144">
    <p class='ocr_par' dir='ltr' id='par_1_67' title="bbox 1894 2067 3446 2144">
     <span class='ocr_line' id='line_1_67' title="bbox 1894 2067 3446 2144; baseline -0.005 -12"><span class='ocrx_word' id='word_1_482' title='bbox 1894 2079 2088 2133; x_wconf 88' lang='lat' dir='ltr'><strong>lisnam</strong></span> <span class='ocrx_word' id='word_1_483' title='bbox 2117 2067 2188 2130; x_wconf 68' lang='lat' dir='ltr'><strong>Sit</strong></span> <span class='ocrx_word' id='word_1_484' title='bbox 2235 2077 2282 2130; x_wconf 84' lang='lat' dir='ltr'><strong>is</strong></span> <span class='ocrx_word' id='word_1_485' title='bbox 2329 2091 2485 2144; x_wconf 87' lang='lat' dir='ltr'><strong>quem</strong></span> <span class='ocrx_word' id='word_1_486' title='bbox 2538 2074 2808 2144; x_wconf 70' lang='lat' dir='ltr'><strong>prophetas</strong></span> <span class='ocrx_word' id='word_1_487' title='bbox 2863 2074 3446 2142; x_wconf 66' lang='lat' dir='ltr'><strong>prmsignilicaverunt,</strong></span> 
     </span>
    </p>
   </div>
   <div class='ocr_carea' id='block_1_68' title="bbox 1895 2163 3448 2238">
    <p class='ocr_par' dir='ltr' id='par_1_68' title="bbox 1895 2163 3448 2238">
     <span class='ocr_line' id='line_1_68' title="bbox 1895 2163 3448 2238; baseline -0.004 -16"><span class='ocrx_word' id='word_1_488' title='bbox 1895 2170 2149 2238; x_wconf 86' lang='lat' dir='ltr'><strong>quidnam</strong></span> <span class='ocrx_word' id='word_1_489' title='bbox 2200 2167 2465 2230; x_wconf 84' lang='lat' dir='ltr'><strong>facturus,</strong></span> <span class='ocrx_word' id='word_1_490' title='bbox 2491 2175 2577 2228; x_wconf 90' lang='lat' dir='ltr'><strong>et,</strong></span> <span class='ocrx_word' id='word_1_491' title='bbox 2627 2166 2670 2218; x_wconf 89' lang='lat' dir='ltr'><strong>si</strong></span> <span class='ocrx_word' id='word_1_492' title='bbox 2723 2165 2838 2217; x_wconf 80' lang='lat' dir='ltr'><strong>ﬁeri</strong></span> <span class='ocrx_word' id='word_1_493' title='bbox 2872 2173 3063 2231; x_wconf 84' lang='lat' dir='ltr'><strong>potest,</strong></span> <span class='ocrx_word' id='word_1_494' title='bbox 3107 2163 3448 2231; x_wconf 87' lang='lat' dir='ltr'><strong>quandonam</strong></span> 
     </span>
    </p>
   </div>
   <div class='ocr_carea' id='block_1_69' title="bbox 1896 2253 3450 2320">
    <p class='ocr_par' dir='ltr' id='par_1_69' title="bbox 1896 2253 3450 2320">
     <span class='ocr_line' id='line_1_69' title="bbox 1896 2253 3450 2320; baseline -0.005 -8"><span class='ocrx_word' id='word_1_495' title='bbox 1896 2260 2056 2312; x_wconf 89' lang='lat' dir='ltr'><strong>etiam</strong></span> <span class='ocrx_word' id='word_1_496' title='bbox 2088 2259 2431 2312; x_wconf 74' lang='lat' dir='ltr'><strong>adventuros.</strong></span> <span class='ocrx_word' id='word_1_497' title='bbox 2460 2255 2644 2309; x_wconf 83' lang='lat' dir='ltr'><strong>Jesum</strong></span> <span class='ocrx_word' id='word_1_498' title='bbox 2686 2268 2815 2307; x_wconf 90' lang='lat' dir='ltr'><strong>vero</strong></span> <span class='ocrx_word' id='word_1_499' title='bbox 2854 2253 3126 2307; x_wconf 86' lang='lat' dir='ltr'><strong>Christum</strong></span> <span class='ocrx_word' id='word_1_500' title='bbox 3157 2268 3275 2307; x_wconf 88' lang='lat' dir='ltr'><strong>esse</strong></span> <span class='ocrx_word' id='word_1_501' title='bbox 3312 2267 3450 2320; x_wconf 75' lang='lat' dir='ltr'><strong>pra:-</strong></span> 
     </span>
    </p>
   </div>
   <div class='ocr_carea' id='block_1_70' title="bbox 1876 2342 3450 2416">
    <p class='ocr_par' dir='ltr' id='par_1_70' title="bbox 1876 2342 3450 2416">
     <span class='ocr_line' id='line_1_70' title="bbox 1876 2342 3450 2416; baseline -0.004 -12"><span class='ocrx_word' id='word_1_502' title='bbox 1876 2342 2099 2404; x_wconf 8' lang='lat' dir='ltr'><strong>Vdictum</strong></span> <span class='ocrx_word' id='word_1_503' title='bbox 2125 2350 2235 2416; x_wconf 87' lang='lat' dir='ltr'><strong>jam</strong></span> <span class='ocrx_word' id='word_1_504' title='bbox 2276 2363 2436 2416; x_wconf 80' lang='lat' dir='ltr'><strong>supra</strong></span> <span class='ocrx_word' id='word_1_505' title='bbox 2472 2346 2719 2415; x_wconf 86' lang='lat' dir='ltr'><strong>probavi,</strong></span> <span class='ocrx_word' id='word_1_506' title='bbox 2760 2352 2815 2398; x_wconf 88' lang='lat' dir='ltr'><strong>et</strong></span> <span class='ocrx_word' id='word_1_507' title='bbox 2850 2345 2988 2397; x_wconf 87' lang='lat' dir='ltr'><strong>hanc</strong></span> <span class='ocrx_word' id='word_1_508' title='bbox 3037 2345 3086 2397; x_wconf 91' lang='lat' dir='ltr'><strong>iu</strong></span> <span class='ocrx_word' id='word_1_509' title='bbox 3123 2359 3233 2398; x_wconf 88' lang='lat' dir='ltr'><strong>rem</strong></span> <span class='ocrx_word' id='word_1_510' title='bbox 3280 2359 3450 2412; x_wconf 87' lang='lat' dir='ltr'><strong>pauca</strong></span> 
     </span>
    </p>
   </div>
   <div class='ocr_carea' id='block_1_71' title="bbox 1896 2431 3449 2508">
    <p class='ocr_par' dir='ltr' id='par_1_71' title="bbox 1896 2431 3449 2508">
     <span class='ocr_line' id='line_1_71' title="bbox 1896 2431 3449 2508; baseline -0.004 -16"><span class='ocrx_word' id='word_1_511' title='bbox 1896 2441 1961 2492; x_wconf 91' lang='lat' dir='ltr'><strong>de</strong></span> <span class='ocrx_word' id='word_1_512' title='bbox 1996 2440 2176 2492; x_wconf 87' lang='lat' dir='ltr'><strong>multis</strong></span> <span class='ocrx_word' id='word_1_513' title='bbox 2224 2431 2448 2508; x_wconf 53' lang='lat' dir='ltr'><strong>produxi</strong></span> <span class='ocrx_word' id='word_1_514' title='bbox 2502 2437 2784 2490; x_wconf 89' lang='lat' dir='ltr'><strong>vaticinia.</strong></span> <span class='ocrx_word' id='word_1_515' title='bbox 2831 2432 3014 2502; x_wconf 87' lang='lat' dir='ltr'><strong>Neque</strong></span> <span class='ocrx_word' id='word_1_516' title='bbox 3050 2435 3212 2503; x_wconf 79' lang='lat' dir='ltr'><strong>igitur</strong></span> <span class='ocrx_word' id='word_1_517' title='bbox 3257 2433 3449 2498; x_wconf 74' lang='lat' dir='ltr'><strong>Judaei,</strong></span> 
     </span>
    </p>
   </div>
   <div class='ocr_carea' id='block_1_72' title="bbox 1896 2511 3451 2614">
    <p class='ocr_par' dir='ltr' id='par_1_72' title="bbox 1896 2511 3451 2614">
     <span class='ocr_line' id='line_1_72' title="bbox 1896 2511 3451 2614; baseline -0.002 -35"><span class='ocrx_word' id='word_1_518' title='bbox 1896 2543 2068 2595; x_wconf 89' lang='lat' dir='ltr'><strong>neque</strong></span> <span class='ocrx_word' id='word_1_519' title='bbox 2090 2527 2692 2614; x_wconf 46' lang='lat' dir='ltr'><strong>Christiani‘nberrant,</strong></span> <span class='ocrx_word' id='word_1_520' title='bbox 2734 2541 2853 2581; x_wconf 92' lang='lat' dir='ltr'><strong>cum</strong></span> <span class='ocrx_word' id='word_1_521' title='bbox 2885 2528 3172 2594; x_wconf 69' lang='lat' dir='ltr'><strong>prophetas</strong></span> <span class='ocrx_word' id='word_1_522' title='bbox 3213 2525 3321 2578; x_wconf 89' lang='lat' dir='ltr'><strong>Deo</strong></span> <span class='ocrx_word' id='word_1_523' title='bbox 3367 2525 3451 2577; x_wconf 89' lang='lat' dir='ltr'><strong>iu-</strong></span> 
     </span>
    </p>
   </div>
   <div class='ocr_carea' id='block_1_73' title="bbox 1895 2609 3476 2684">
    <p class='ocr_par' dir='ltr' id='par_1_73' title="bbox 1895 2609 3476 2684">
     <span class='ocr_line' id='line_1_73' title="bbox 1895 2609 3476 2684; baseline -0.004 -14"><span class='ocrx_word' id='word_1_524' title='bbox 1895 2609 2580 2684; x_wconf 42' lang='lat' dir='ltr'><strong>spirante&#39;locutos&#39;fuisse</strong></span> <span class='ocrx_word' id='word_1_525' title='bbox 2606 2615 2867 2677; x_wconf 88' lang='lat' dir='ltr'><strong>credunt;</strong></span> <span class='ocrx_word' id='word_1_526' title='bbox 2913 2613 3005 2666; x_wconf 84' lang='lat' dir='ltr'><strong>sed</strong></span> <span class='ocrx_word' id='word_1_527' title='bbox 3034 2620 3220 2666; x_wconf 88' lang='lat' dir='ltr'><strong>errant</strong></span> <span class='ocrx_word' id='word_1_528' title='bbox 3253 2611 3310 2669; x_wconf 89' lang='lat' dir='ltr'><strong>ii.</strong></span> <span class='ocrx_word' id='word_1_529' title='bbox 3357 2609 3476 2676; x_wconf 78' lang='lat' dir='ltr'><strong>qui&#39;</strong></span> 
     </span>
    </p>
   </div>
   <div class='ocr_carea' id='block_1_74' title="bbox 1895 2631 3450 2780">
    <p class='ocr_par' dir='ltr' id='par_1_74' title="bbox 1895 2631 3450 2780">
     <span class='ocr_line' id='line_1_74' title="bbox 1895 2631 3448 2684; baseline -0.005 -14"><span class='ocrx_word' id='word_1_530' title='bbox 1895 2631 2133 2684; x_wconf 79' lang='lat' dir='ltr'><strong>spirante</strong></span> <span class='ocrx_word' id='word_1_531' title='bbox 2169 2631 2378 2669; x_wconf 84' lang='lat' dir='ltr'><strong>locutos</strong></span> <span class='ocrx_word' id='word_1_532' title='bbox 2408 2631 2580 2668; x_wconf 79' lang='lat' dir='ltr'><strong>insse</strong></span> <span class='ocrx_word' id='word_1_533' title='bbox 2606 2631 2867 2677; x_wconf 79' lang='lat' dir='ltr'><strong>credunt;</strong></span> <span class='ocrx_word' id='word_1_534' title='bbox 2913 2631 3005 2666; x_wconf 82' lang='lat' dir='ltr'><strong>seu</strong></span> <span class='ocrx_word' id='word_1_535' title='bbox 3034 2631 3220 2666; x_wconf 77' lang='lat' dir='ltr'><strong>errant</strong></span> <span class='ocrx_word' id='word_1_536' title='bbox 3254 2631 3310 2669; x_wconf 80' lang='grc' dir='ltr'>ιι.</span> <span class='ocrx_word' id='word_1_537' title='bbox 3357 2631 3448 2676; x_wconf 81' lang='grc' dir='ltr'>ψιι</span> 
     </span>
     <span class='ocr_line' id='line_1_75' title="bbox 1895 2631 3450 2780; baseline -0.006 -19"><span class='ocrx_word' id='word_1_538' title='bbox 1895 2707 1962 2761; x_wconf 85' lang='lat' dir='ltr'><strong>de</strong></span> <span class='ocrx_word' id='word_1_539' title='bbox 2001 2706 2240 2770; x_wconf 85' lang='lat' dir='ltr'><strong>Christo,</strong></span> <span class='ocrx_word' id='word_1_540' title='bbox 2265 2631 2729 2780; x_wconf 65' lang='lat' dir='ltr'><strong>quem\propheta:</strong></span> <span class='ocrx_word' id='word_1_541' title='bbox 2759 2703 3176 2770; x_wconf 82' lang='lat' dir='ltr'><strong>exspectandum</strong></span> <span class='ocrx_word' id='word_1_542' title='bbox 3216 2716 3338 2755; x_wconf 86' lang='lat' dir='ltr'><strong>esse</strong></span> <span class='ocrx_word' id='word_1_543' title='bbox 3369 2701 3450 2754; x_wconf 86' lang='lat' dir='ltr'><strong>di-</strong></span> 
     </span>
    </p>
   </div>
   <div class='ocr_carea' id='block_1_75' title="bbox 1895 2795 3448 2864">
    <p class='ocr_par' dir='ltr' id='par_1_75' title="bbox 1895 2795 3448 2864">
     <span class='ocr_line' id='line_1_76' title="bbox 1895 2795 3448 2864; baseline -0.006 -13"><span class='ocrx_word' id='word_1_544' title='bbox 1895 2807 2109 2864; x_wconf 76' lang='lat' dir='ltr'><strong>xerunt,</strong></span> <span class='ocrx_word' id='word_1_545' title='bbox 2145 2797 2276 2852; x_wconf 82' lang='lat' dir='ltr'><strong>falsa</strong></span> <span class='ocrx_word' id='word_1_546' title='bbox 2319 2797 2636 2864; x_wconf 71' lang='lat' dir='ltr'><strong>opinantur;</strong></span> <span class='ocrx_word' id='word_1_547' title='bbox 2685 2795 2808 2848; x_wconf 86' lang='lat' dir='ltr'><strong>licet</strong></span> <span class='ocrx_word' id='word_1_548' title='bbox 2864 2809 3020 2845; x_wconf 80' lang='lat' dir='ltr'><strong>verus</strong></span> <span class='ocrx_word' id='word_1_549' title='bbox 3069 2795 3448 2862; x_wconf 84' lang='lat' dir='ltr'><strong>prophetarum</strong></span> 
     </span>
    </p>
   </div>
   <div class='ocr_carea' id='block_1_76' title="bbox 1822 2871 3443 2966">
    <p class='ocr_par' dir='ltr' id='par_1_76' title="bbox 1822 2871 3443 2966">
     <span class='ocr_line' id='line_1_77' title="bbox 1822 2871 3443 2966; baseline -0.004 -26"><span class='ocrx_word' id='word_1_550' title='bbox 1822 2910 1864 2966; x_wconf 65' lang='grc' dir='ltr'>ο</span> <span class='ocrx_word' id='word_1_551' title='bbox 1899 2901 2096 2966; x_wconf 81' lang='lat' dir='ltr'><strong>sermo,</strong></span> <span class='ocrx_word' id='word_1_552' title='bbox 2145 2895 2198 2940; x_wconf 92' lang='lat' dir='ltr'><strong>et</strong></span> <span class='ocrx_word' id='word_1_553' title='bbox 2250 2884 2499 2953; x_wconf 88' lang='lat' dir='ltr'><strong>quisnam</strong></span> <span class='ocrx_word' id='word_1_554' title='bbox 2534 2871 2742 2938; x_wconf 83' lang='lat' dir='ltr'><strong>futurus</strong></span> <span class='ocrx_word' id='word_1_555' title='bbox 2783 2892 2835 2937; x_wconf 90' lang='lat' dir='ltr'><strong>et</strong></span> <span class='ocrx_word' id='word_1_556' title='bbox 2873 2883 3090 2937; x_wconf 82' lang='lat' dir='ltr'><strong>ubinam</strong></span> <span class='ocrx_word' id='word_1_557' title='bbox 3136 2881 3443 2934; x_wconf 87' lang='lat' dir='ltr'><strong>nasciturus</strong></span> 
     </span>
    </p>
   </div>
   <div class='ocr_carea' id='block_1_77' title="bbox 1902 2964 2602 3042">
    <p class='ocr_par' dir='ltr' id='par_1_77' title="bbox 1902 2964 2602 3042">
     <span class='ocr_line' id='line_1_78' title="bbox 1902 2964 2602 3042; baseline -0.001 -11"><span class='ocrx_word' id='word_1_558' title='bbox 1902 2964 2066 3040; x_wconf 65' lang='lat' dir='ltr'><strong>esset,</strong></span> <span class='ocrx_word' id='word_1_559' title='bbox 2100 2977 2363 3032; x_wconf 88' lang='lat' dir='ltr'><strong>docuerit.</strong></span> <span class='ocrx_word' id='word_1_560' title='bbox 2595 3035 2602 3042; x_wconf 87' lang='lat'><em>_</em></span> 
     </span>
    </p>
   </div>
   <div class='ocr_carea' id='block_1_78' title="bbox 1971 3059 3452 3131">
    <p class='ocr_par' dir='ltr' id='par_1_78' title="bbox 1971 3059 3452 3131">
     <span class='ocr_line' id='line_1_79' title="bbox 1971 3059 3452 3131; baseline -0.005 -13"><span class='ocrx_word' id='word_1_561' title='bbox 1971 3065 2023 3120; x_wconf 83' lang='lat'><strong>5.</strong></span> <span class='ocrx_word' id='word_1_562' title='bbox 2063 3065 2250 3120; x_wconf 85' lang='lat' dir='ltr'><strong>Postea</strong></span> <span class='ocrx_word' id='word_1_563' title='bbox 2279 3065 2495 3130; x_wconf 82' lang='lat' dir='ltr'><strong>Celsus,</strong></span> <span class='ocrx_word' id='word_1_564' title='bbox 2521 3072 2668 3116; x_wconf 88' lang='lat' dir='ltr'><strong>ratus</strong></span> <span class='ocrx_word' id='word_1_565' title='bbox 2696 3062 2908 3117; x_wconf 70' lang='lat' dir='ltr'><strong>Iudaeos</strong></span> <span class='ocrx_word' id='word_1_566' title='bbox 2936 3075 3130 3131; x_wconf 80' lang='lat' dir='ltr'><strong>genere</strong></span> <span class='ocrx_word' id='word_1_567' title='bbox 3171 3059 3452 3128; x_wconf 59' lang='lat' dir='ltr'><strong>Egyptios</strong></span> 
     </span>
    </p>
   </div>
   <div class='ocr_carea' id='block_1_79' title="bbox 1903 3150 3447 3238">
    <p class='ocr_par' dir='ltr' id='par_1_79' title="bbox 1903 3150 3447 3238">
     <span class='ocr_line' id='line_1_80' title="bbox 1903 3150 3447 3238; baseline -0.006 -30"><span class='ocrx_word' id='word_1_568' title='bbox 1903 3155 2023 3209; x_wconf 88' lang='lat' dir='ltr'><strong>ideo</strong></span> <span class='ocrx_word' id='word_1_569' title='bbox 2061 3171 2131 3238; x_wconf 69' lang='lat' dir='ltr'><strong>ex</strong></span> <span class='ocrx_word' id='word_1_570' title='bbox 2181 3154 2418 3225; x_wconf 63' lang='lat' dir='ltr'><strong>Aﬂgypto</strong></span> <span class='ocrx_word' id='word_1_571' title='bbox 2465 3155 2790 3216; x_wconf 76' lang='lat' dir='ltr'><strong>excessisse,</strong></span> <span class='ocrx_word' id='word_1_572' title='bbox 2837 3153 2963 3220; x_wconf 85' lang='lat' dir='ltr'><strong>quia</strong></span> <span class='ocrx_word' id='word_1_573' title='bbox 3018 3167 3130 3205; x_wconf 88' lang='lat' dir='ltr'><strong>rem</strong></span> <span class='ocrx_word' id='word_1_574' title='bbox 3179 3150 3447 3216; x_wconf 86' lang='lat' dir='ltr'><strong>publicam</strong></span> 
     </span>
    </p>
   </div>
   <div class='ocr_carea' id='block_1_80' title="bbox 1900 3242 3453 3312">
    <p class='ocr_par' dir='ltr' id='par_1_80' title="bbox 1900 3242 3453 3312">
     <span class='ocr_line' id='line_1_81' title="bbox 1900 3242 3453 3312; baseline -0.006 -10"><span class='ocrx_word' id='word_1_575' title='bbox 1900 3246 2256 3302; x_wconf 87' lang='lat' dir='ltr'><strong>seditionibus</strong></span> <span class='ocrx_word' id='word_1_576' title='bbox 2302 3246 2578 3300; x_wconf 86' lang='lat' dir='ltr'><strong>turbarent</strong></span> <span class='ocrx_word' id='word_1_577' title='bbox 2619 3249 2672 3297; x_wconf 86' lang='lat' dir='ltr'><strong>et</strong></span> <span class='ocrx_word' id='word_1_578' title='bbox 2708 3245 2846 3297; x_wconf 89' lang='lat' dir='ltr'><strong>ritus</strong></span> <span class='ocrx_word' id='word_1_579' title='bbox 2877 3242 3146 3312; x_wconf 79' lang='lat' dir='ltr'><strong>religionis</strong></span> <span class='ocrx_word' id='word_1_580' title='bbox 3189 3255 3335 3292; x_wconf 88' lang='lat' dir='ltr'><strong>more</strong></span> <span class='ocrx_word' id='word_1_581' title='bbox 3367 3255 3453 3293; x_wconf 86' lang='lat' dir='ltr'><strong>re-</strong></span> 
     </span>
    </p>
   </div>
   <div class='ocr_carea' id='block_1_81' title="bbox 1901 3330 3452 3413">
    <p class='ocr_par' dir='ltr' id='par_1_81' title="bbox 1901 3330 3452 3413">
     <span class='ocr_line' id='line_1_82' title="bbox 1901 3330 3452 3413; baseline -0.003 -26"><span class='ocrx_word' id='word_1_582' title='bbox 1901 3345 2086 3413; x_wconf 80' lang='lat' dir='ltr'><strong>ceptos</strong></span> <span class='ocrx_word' id='word_1_583' title='bbox 2113 3335 2404 3403; x_wconf 87' lang='lat' dir='ltr'><strong>despicatui</strong></span> <span class='ocrx_word' id='word_1_584' title='bbox 2436 3334 2716 3395; x_wconf 89' lang='lat' dir='ltr'><strong>haberent,</strong></span> <span class='ocrx_word' id='word_1_585' title='bbox 2747 3333 2819 3384; x_wconf 89' lang='lat' dir='ltr'><strong>ait</strong></span> <span class='ocrx_word' id='word_1_586' title='bbox 2857 3348 2877 3381; x_wconf 82' lang='grc' dir='ltr'><strong>ι</strong></span> <span class='ocrx_word' id='word_1_587' title='bbox 2906 3331 3045 3392; x_wconf 90' lang='lat' dir='ltr'><strong>illos,</strong></span> <span class='ocrx_word' id='word_1_588' title='bbox 3075 3345 3197 3397; x_wconf 63' lang='lat' dir='ltr'><strong>quae</strong></span> <span class='ocrx_word' id='word_1_589' title='bbox 3227 3331 3293 3382; x_wconf 90' lang='lat' dir='ltr'><strong>ab</strong></span> <span class='ocrx_word' id='word_1_590' title='bbox 3322 3330 3452 3396; x_wconf 84' lang='lat' dir='ltr'><strong>ipsis</strong></span> 
     </span>
    </p>
   </div>
   <div class='ocr_carea' id='block_1_82' title="bbox 1854 3415 3452 3494">
    <p class='ocr_par' dir='ltr' id='par_1_82' title="bbox 1854 3415 3452 3494">
     <span class='ocr_line' id='line_1_83' title="bbox 1854 3415 3452 3494; baseline -0.004 -16"><span class='ocrx_word' id='word_1_591' title='bbox 1854 3465 1858 3469; x_wconf 51' lang='grc' dir='ltr'><strong>ι</strong></span> <span class='ocrx_word' id='word_1_592' title='bbox 1902 3427 2043 3494; x_wconf 87' lang='lat' dir='ltr'><strong>passi</strong></span> <span class='ocrx_word' id='word_1_593' title='bbox 2098 3434 2250 3478; x_wconf 88' lang='lat' dir='ltr'><strong>erant</strong></span> <span class='ocrx_word' id='word_1_594' title='bbox 2279 3423 2544 3492; x_wconf 61' lang='lat' dir='ltr'><strong>:Egyptii,</strong></span> <span class='ocrx_word' id='word_1_595' title='bbox 2591 3423 2776 3475; x_wconf 89' lang='lat' dir='ltr'><strong>eadem</strong></span> <span class='ocrx_word' id='word_1_596' title='bbox 2829 3437 3016 3490; x_wconf 87' lang='lat' dir='ltr'><strong>passos</strong></span> <span class='ocrx_word' id='word_1_597' title='bbox 3062 3415 3249 3474; x_wconf 83' lang='lat' dir='ltr'><strong>luisse</strong></span> <span class='ocrx_word' id='word_1_598' title='bbox 3279 3421 3345 3472; x_wconf 90' lang='lat' dir='ltr'><strong>ab</strong></span> <span class='ocrx_word' id='word_1_599' title='bbox 3385 3419 3452 3472; x_wconf 91' lang='lat' dir='ltr'><strong>iis</strong></span> 
     </span>
    </p>
   </div>
   <div class='ocr_carea' id='block_1_83' title="bbox 1902 3511 3451 3581">
    <p class='ocr_par' dir='ltr' id='par_1_83' title="bbox 1902 3511 3451 3581">
     <span class='ocr_line' id='line_1_84' title="bbox 1902 3511 3451 3581; baseline -0.003 -15"><span class='ocrx_word' id='word_1_600' title='bbox 1902 3514 1991 3581; x_wconf 86' lang='lat' dir='ltr'><strong>qui</strong></span> <span class='ocrx_word' id='word_1_601' title='bbox 2023 3513 2145 3566; x_wconf 89' lang='lat' dir='ltr'><strong>Jesu</strong></span> <span class='ocrx_word' id='word_1_602' title='bbox 2192 3513 2535 3565; x_wconf 75' lang='lat' dir='ltr'><strong>adluuserunt</strong></span> <span class='ocrx_word' id='word_1_603' title='bbox 2569 3521 2622 3566; x_wconf 90' lang='lat' dir='ltr'><strong>et</strong></span> <span class='ocrx_word' id='word_1_604' title='bbox 2651 3513 2699 3566; x_wconf 81' lang='lat' dir='ltr'><strong>ei</strong></span> <span class='ocrx_word' id='word_1_605' title='bbox 2741 3521 2797 3565; x_wconf 88' lang='lat' dir='ltr'><strong>ut</strong></span> <span class='ocrx_word' id='word_1_606' title='bbox 2835 3511 3050 3566; x_wconf 88' lang='lat' dir='ltr'><strong>Christo</strong></span> <span class='ocrx_word' id='word_1_607' title='bbox 3077 3511 3451 3576; x_wconf 88' lang='lat' dir='ltr'><strong>crediderunt,</strong></span> 
     </span>
    </p>
   </div>
   <div class='ocr_carea' id='block_1_84' title="bbox 1901 3601 3455 3676">
    <p class='ocr_par' dir='ltr' id='par_1_84' title="bbox 1901 3601 3455 3676">
     <span class='ocr_line' id='line_1_85' title="bbox 1901 3601 3455 3676; baseline -0.002 -20"><span class='ocrx_word' id='word_1_608' title='bbox 1901 3612 1956 3656; x_wconf 90' lang='lat' dir='ltr'><strong>et</strong></span> <span class='ocrx_word' id='word_1_609' title='bbox 1994 3603 2236 3668; x_wconf 86' lang='lat' dir='ltr'><strong>utrisque</strong></span> <span class='ocrx_word' id='word_1_610' title='bbox 2277 3606 2642 3676; x_wconf 72' lang='lat' dir='ltr'><strong>novandarum</strong></span> <span class='ocrx_word' id='word_1_611' title='bbox 2689 3616 2865 3655; x_wconf 87' lang='lat' dir='ltr'><strong>rerum</strong></span> <span class='ocrx_word' id='word_1_612' title='bbox 2899 3615 3122 3655; x_wconf 79' lang='lat' dir='ltr'><strong>causam</strong></span> <span class='ocrx_word' id='word_1_613' title='bbox 3170 3601 3333 3653; x_wconf 81' lang='lat' dir='ltr'><strong>fuisse</strong></span> <span class='ocrx_word' id='word_1_614' title='bbox 3367 3615 3455 3653; x_wconf 87' lang='lat' dir='ltr'><strong>se-</strong></span> 
     </span>
    </p>
   </div>
   <div class='ocr_carea' id='block_1_85' title="bbox 1903 3689 3455 3761">
    <p class='ocr_par' dir='ltr' id='par_1_85' title="bbox 1903 3689 3455 3761">
     <span class='ocr_line' id='line_1_86' title="bbox 1903 3689 3455 3761; baseline -0.001 -15"><span class='ocrx_word' id='word_1_615' title='bbox 1903 3693 2150 3746; x_wconf 83' lang='lat' dir='ltr'><strong>ditiosum</strong></span> <span class='ocrx_word' id='word_1_616' title='bbox 2181 3689 2440 3750; x_wconf 83' lang='lat' dir='ltr'><strong>animum.</strong></span> <span class='ocrx_word' id='word_1_617' title='bbox 2464 3712 2483 3744; x_wconf 76' lang='grc' dir='ltr'><strong>ι</strong></span> <span class='ocrx_word' id='word_1_618' title='bbox 2523 3694 2658 3759; x_wconf 80' lang='lat' dir='ltr'><strong>Quid</strong></span> <span class='ocrx_word' id='word_1_619' title='bbox 2690 3693 2778 3747; x_wconf 89' lang='lat' dir='ltr'><strong>hic</strong></span> <span class='ocrx_word' id='word_1_620' title='bbox 2819 3693 3005 3756; x_wconf 84' lang='lat' dir='ltr'><strong>Celsus</strong></span> <span class='ocrx_word' id='word_1_621' title='bbox 3037 3703 3178 3761; x_wconf 75' lang='lat' dir='ltr'><strong>agat,</strong></span> <span class='ocrx_word' id='word_1_622' title='bbox 3211 3694 3455 3746; x_wconf 86' lang='lat' dir='ltr'><strong>conside-</strong></span> 
     </span>
    </p>
   </div>
   <div class='ocr_carea' id='block_1_86' title="bbox 1903 3765 3451 3849">
    <p class='ocr_par' dir='ltr' id='par_1_86' title="bbox 1903 3765 3451 3849">
     <span class='ocr_line' id='line_1_87' title="bbox 1903 3765 3451 3849; baseline -0.001 -16"><span class='ocrx_word' id='word_1_623' title='bbox 1903 3768 2124 3833; x_wconf 71' lang='lat' dir='ltr'><strong>randum</strong></span> <span class='ocrx_word' id='word_1_624' title='bbox 2150 3790 2253 3832; x_wconf 82' lang='lat' dir='ltr'><strong>est.</strong></span> <span class='ocrx_word' id='word_1_625' title='bbox 2281 3779 2555 3849; x_wconf 62' lang='lat' dir='ltr'><strong>Egyptii,</strong></span> <span class='ocrx_word' id='word_1_626' title='bbox 2591 3796 2711 3836; x_wconf 84' lang='lat' dir='ltr'><strong>eum</strong></span> <span class='ocrx_word' id='word_1_627' title='bbox 2749 3765 3000 3838; x_wconf 76' lang='lat' dir='ltr'><strong>Hebraeos</strong></span> <span class='ocrx_word' id='word_1_628' title='bbox 3035 3782 3174 3834; x_wconf 74' lang='lat' dir='ltr'><strong>fante</strong></span> <span class='ocrx_word' id='word_1_629' title='bbox 3215 3781 3451 3835; x_wconf 68' lang='lat' dir='ltr'><strong>Judacam</strong></span> 
     </span>
    </p>
   </div>
   <div class='ocr_carea' id='block_1_87' title="bbox 1903 3869 3450 3937">
    <p class='ocr_par' dir='ltr' id='par_1_87' title="bbox 1903 3869 3450 3937">
     <span class='ocr_line' id='line_1_88' title="bbox 1903 3869 3450 3937; baseline -0.001 -17"><span class='ocrx_word' id='word_1_630' title='bbox 1903 3869 2214 3922; x_wconf 83' lang='lat' dir='ltr'><strong>devastantc</strong></span> <span class='ocrx_word' id='word_1_631' title='bbox 2251 3869 2540 3937; x_wconf 66' lang='lat' dir='ltr'><strong>ngyptum</strong></span> <span class='ocrx_word' id='word_1_632' title='bbox 2590 3881 2770 3937; x_wconf 84' lang='lat' dir='ltr'><strong>petere</strong></span> <span class='ocrx_word' id='word_1_633' title='bbox 2819 3880 3035 3923; x_wconf 86' lang='lat' dir='ltr'><strong>coactos</strong></span> <span class='ocrx_word' id='word_1_634' title='bbox 3085 3869 3278 3923; x_wconf 89' lang='lat' dir='ltr'><strong>acerbe</strong></span> <span class='ocrx_word' id='word_1_635' title='bbox 3339 3879 3450 3920; x_wconf 87' lang='lat' dir='ltr'><strong>tra-</strong></span> 
     </span>
    </p>
   </div>
   <div class='ocr_carea' id='block_1_88' title="bbox 1902 3953 3477 4026">
    <p class='ocr_par' dir='ltr' id='par_1_88' title="bbox 1902 3953 3477 4026">
     <span class='ocr_line' id='line_1_89' title="bbox 1902 3953 3477 4026; baseline -0.003 -15"><span class='ocrx_word' id='word_1_636' title='bbox 1902 3968 2167 4020; x_wconf 89' lang='lat' dir='ltr'><strong>ctassent,</strong></span> <span class='ocrx_word' id='word_1_637' title='bbox 2210 3959 2581 4025; x_wconf 83' lang='lat' dir='ltr'><strong>supplicesque</strong></span> <span class='ocrx_word' id='word_1_638' title='bbox 2621 3968 2672 4011; x_wconf 87' lang='lat' dir='ltr'><strong>et</strong></span> <span class='ocrx_word' id='word_1_639' title='bbox 2707 3960 2946 4026; x_wconf 87' lang='lat' dir='ltr'><strong>hospites</strong></span> <span class='ocrx_word' id='word_1_640' title='bbox 2988 3957 3200 4024; x_wconf 79' lang='lat' dir='ltr'><strong>injuriis</strong></span> <span class='ocrx_word' id='word_1_641' title='bbox 3245 3953 3477 4006; x_wconf 41' lang='lat' dir='ltr'><strong>atrocis;</strong></span> 
     </span>
    </p>
   </div>
   <div class='ocr_carea' id='block_1_89' title="bbox 1901 4044 3448 4114">
    <p class='ocr_par' dir='ltr' id='par_1_89' title="bbox 1901 4044 3448 4114">
     <span class='ocr_line' id='line_1_90' title="bbox 1901 4044 3448 4114; baseline -0.006 -13"><span class='ocrx_word' id='word_1_642' title='bbox 1901 4057 2053 4110; x_wconf 89' lang='lat' dir='ltr'><strong>sent,</strong></span> <span class='ocrx_word' id='word_1_643' title='bbox 2090 4047 2394 4114; x_wconf 81' lang='lat' dir='ltr'><strong>persolvere</strong></span> <span class='ocrx_word' id='word_1_644' title='bbox 2424 4063 2628 4112; x_wconf 71' lang='lat' dir='ltr'><strong>poenas,</strong></span> <span class='ocrx_word' id='word_1_645' title='bbox 2662 4062 2792 4112; x_wconf 88' lang='lat' dir='ltr'><strong>quas</strong></span> <span class='ocrx_word' id='word_1_646' title='bbox 2823 4061 2850 4097; x_wconf 89' lang='lat' dir='ltr'><strong>a</strong></span> <span class='ocrx_word' id='word_1_647' title='bbox 2892 4047 3068 4098; x_wconf 86' lang='lat' dir='ltr'><strong>divina</strong></span> <span class='ocrx_word' id='word_1_648' title='bbox 3114 4044 3448 4112; x_wconf 84' lang='lat' dir='ltr'><strong>providentia</strong></span> 
     </span>
    </p>
   </div>
   <div class='ocr_carea' id='block_1_90' title="bbox 1905 4117 3451 4204">
    <p class='ocr_par' dir='ltr' id='par_1_90' title="bbox 1905 4117 3451 4204">
     <span class='ocr_line' id='line_1_91' title="bbox 1905 4117 3451 4204; baseline -0.003 -17"><span class='ocrx_word' id='word_1_649' title='bbox 1905 4135 2132 4189; x_wconf 81' lang='lat' dir='ltr'><strong>inﬂictas</strong></span> <span class='ocrx_word' id='word_1_650' title='bbox 2166 4134 2399 4203; x_wconf 82' lang='lat' dir='ltr'><strong>oportuit</strong></span> <span class='ocrx_word' id='word_1_651' title='bbox 2442 4137 2582 4204; x_wconf 86' lang='lat' dir='ltr'><strong>genti</strong></span> <span class='ocrx_word' id='word_1_652' title='bbox 2639 4151 2754 4201; x_wconf 77' lang='lat' dir='ltr'><strong>qua:</strong></span> <span class='ocrx_word' id='word_1_653' title='bbox 2805 4134 3182 4199; x_wconf 80' lang='lat' dir='ltr'><strong>conjuraverat</strong></span> <span class='ocrx_word' id='word_1_654' title='bbox 3253 4134 3302 4183; x_wconf 89' lang='lat' dir='ltr'><strong>in</strong></span> <span class='ocrx_word' id='word_1_655' title='bbox 3353 4117 3451 4183; x_wconf 79' lang='lat' dir='ltr'><strong>ho-</strong></span> 
     </span>
    </p>
   </div>
   <div class='ocr_carea' id='block_1_91' title="bbox 239 4217 1799 4297">
    <p class='ocr_par' dir='ltr' id='par_1_91' title="bbox 239 4223 1799 4297">
     <span class='ocr_line' id='line_1_92' title="bbox 239 4223 1799 4297; baseline 0.001 -19"><span class='ocrx_word' id='word_1_656' title='bbox 239 4224 531 4294; x_wconf 76' lang='grc' dir='ltr'>κήσαντες,</span> <span class='ocrx_word' id='word_1_657' title='bbox 563 4224 704 4293; x_wconf 82' lang='grc' dir='ltr'>ἆπερ</span> <span class='ocrx_word' id='word_1_658' title='bbox 735 4225 897 4292; x_wconf 87' lang='grc' dir='ltr'>ἐχρῆν</span> <span class='ocrx_word' id='word_1_659' title='bbox 923 4224 1039 4276; x_wconf 75' lang='grc' dir='ltr'>ὅλον</span> <span class='ocrx_word' id='word_1_660' title='bbox 1065 4223 1212 4286; x_wconf 80' lang='grc' dir='ltr'>ἔθνος</span> <span class='ocrx_word' id='word_1_661' title='bbox 1237 4225 1341 4276; x_wconf 81' lang='grc' dir='ltr'>ὑπὸ</span> <span class='ocrx_word' id='word_1_662' title='bbox 1365 4227 1460 4292; x_wconf 76' lang='grc' dir='ltr'><strong>τῆς</strong></span> <span class='ocrx_word' id='word_1_663' title='bbox 1495 4225 1643 4288; x_wconf 88' lang='grc' dir='ltr'>θείας</span> <span class='ocrx_word' id='word_1_664' title='bbox 1670 4244 1799 4297; x_wconf 80' lang='grc' dir='ltr'>προ-</span> 
     </span>
    </p>
   </div>
   <div class='ocr_carea' id='block_1_92' title="bbox 1895 4217 3452 4297">
    <p class='ocr_par' dir='ltr' id='par_1_92' title="bbox 1902 4217 3452 4292">
     <span class='ocr_line' id='line_1_93' title="bbox 1902 4217 3452 4292; baseline -0.006 -13"><span class='ocrx_word' id='word_1_665' title='bbox 1902 4227 2070 4292; x_wconf 86' lang='lat' dir='ltr'><strong>Spites</strong></span> <span class='ocrx_word' id='word_1_666' title='bbox 2094 4241 2122 4277; x_wconf 84' lang='lat' dir='ltr'><strong>a</strong></span> <span class='ocrx_word' id='word_1_667' title='bbox 2158 4227 2353 4290; x_wconf 81' lang='lat' dir='ltr'><strong>quibus</strong></span> <span class='ocrx_word' id='word_1_668' title='bbox 2393 4225 2468 4278; x_wconf 87' lang='lat' dir='ltr'><strong>illi</strong></span> <span class='ocrx_word' id='word_1_669' title='bbox 2503 4225 2640 4291; x_wconf 86' lang='lat' dir='ltr'><strong>nulla</strong></span> <span class='ocrx_word' id='word_1_670' title='bbox 2677 4235 2791 4277; x_wconf 85' lang='lat' dir='ltr'><strong>orta</strong></span> <span class='ocrx_word' id='word_1_671' title='bbox 2819 4233 2936 4277; x_wconf 86' lang='lat' dir='ltr'><strong>erat</strong></span> <span class='ocrx_word' id='word_1_672' title='bbox 2981 4222 3176 4288; x_wconf 87' lang='lat' dir='ltr'><strong>injuria</strong></span> <span class='ocrx_word' id='word_1_673' title='bbox 3197 4222 3264 4274; x_wconf 75' lang='lat'><strong>“.</strong></span> <span class='ocrx_word' id='word_1_674' title='bbox 3304 4217 3452 4274; x_wconf 75' lang='lat' dir='ltr'><strong>Unde</strong></span> 
     </span>
    </p>
   </div>
   <div class='ocr_carea' id='block_1_93' title="bbox 239 4315 1800 4386">
    <p class='ocr_par' dir='ltr' id='par_1_93' title="bbox 239 4315 1800 4386">
     <span class='ocr_line' id='line_1_94' title="bbox 239 4315 1800 4386; baseline 0.003 -20"><span class='ocrx_word' id='word_1_675' title='bbox 239 4315 393 4376; x_wconf 81' lang='grc' dir='ltr'>νοίας</span> <span class='ocrx_word' id='word_1_676' title='bbox 428 4315 634 4381; x_wconf 83' lang='grc' dir='ltr'>παθεῖν,</span> <span class='ocrx_word' id='word_1_677' title='bbox 665 4317 1044 4386; x_wconf 83' lang='grc' dir='ltr'>συμφρονῆσαν</span> <span class='ocrx_word' id='word_1_678' title='bbox 1075 4315 1220 4378; x_wconf 60' lang='grc' dir='ltr'>κατιὰ</span> <span class='ocrx_word' id='word_1_679' title='bbox 1258 4317 1375 4370; x_wconf 84' lang='grc' dir='ltr'>ὅλου</span> <span class='ocrx_word' id='word_1_680' title='bbox 1413 4316 1505 4370; x_wconf 80' lang='grc' dir='ltr'>τοῦ</span> <span class='ocrx_word' id='word_1_681' title='bbox 1543 4317 1649 4370; x_wconf 81' lang='grc' dir='ltr'><strong>τῶν</strong></span> <span class='ocrx_word' id='word_1_682' title='bbox 1684 4321 1800 4371; x_wconf 85' lang='grc' dir='ltr'>ἐπι-</span> 
     </span>
    </p>
   </div>
   <div class='ocr_carea' id='block_1_94' title="bbox 244 4404 1800 4476">
    <p class='ocr_par' dir='ltr' id='par_1_94' title="bbox 244 4404 1800 4476">
     <span class='ocr_line' id='line_1_95' title="bbox 244 4404 1800 4476; baseline 0.001 -20"><span class='ocrx_word' id='word_1_683' title='bbox 244 4404 582 4469; x_wconf 81' lang='grc' dir='ltr'>ξενωθέντων</span> <span class='ocrx_word' id='word_1_684' title='bbox 607 4406 787 4468; x_wconf 77' lang='grc' dir='ltr'>αὐτοῖς</span> <span class='ocrx_word' id='word_1_685' title='bbox 819 4406 1034 4472; x_wconf 87' lang='grc' dir='ltr'>γένους,</span> <span class='ocrx_word' id='word_1_686' title='bbox 1079 4406 1244 4476; x_wconf 81' lang='grc' dir='ltr'>μηδὲν</span> <span class='ocrx_word' id='word_1_687' title='bbox 1276 4408 1470 4468; x_wconf 77' lang='grc' dir='ltr'>αὐτοὺς</span> <span class='ocrx_word' id='word_1_688' title='bbox 1515 4407 1800 4476; x_wconf 77' lang='grc' dir='ltr'>ἀδικήσαν-</span> 
     </span>
    </p>
   </div>
   <div class='ocr_carea' id='block_1_95' title="bbox 239 4495 1799 4565">
    <p class='ocr_par' dir='ltr' id='par_1_95' title="bbox 239 4495 1799 4565">
     <span class='ocr_line' id='line_1_96' title="bbox 239 4495 1799 4565; baseline -0.001 -17"><span class='ocrx_word' id='word_1_689' title='bbox 239 4511 368 4558; x_wconf 78' lang='grc' dir='ltr'>τος·</span> <span class='ocrx_word' id='word_1_690' title='bbox 413 4495 504 4547; x_wconf 73' lang='grc' dir='ltr'><strong>καὶ</strong></span> <span class='ocrx_word' id='word_1_691' title='bbox 531 4495 663 4548; x_wconf 77' lang='grc' dir='ltr'>Θεοῦ</span> <span class='ocrx_word' id='word_1_692' title='bbox 701 4495 913 4564; x_wconf 80' lang='grc' dir='ltr'>μάστιξι</span> <span class='ocrx_word' id='word_1_693' title='bbox 952 4495 1263 4563; x_wconf 82' lang='grc' dir='ltr'>πληγέντες,</span> <span class='ocrx_word' id='word_1_694' title='bbox 1297 4496 1444 4564; x_wconf 86' lang='grc' dir='ltr'>μόλις</span> <span class='ocrx_word' id='word_1_695' title='bbox 1477 4497 1564 4547; x_wconf 71' lang='grc' dir='ltr'><strong>καὶ</strong></span> <span class='ocrx_word' id='word_1_696' title='bbox 1599 4498 1711 4565; x_wconf 84' lang='grc' dir='ltr'>μετ’</span> <span class='ocrx_word' id='word_1_697' title='bbox 1740 4497 1799 4548; x_wconf 84' lang='grc' dir='ltr'><strong>ού</strong></span> 
     </span>
    </p>
   </div>
   <div class='ocr_carea' id='block_1_96' title="bbox 244 4584 1802 4648">
    <p class='ocr_par' dir='ltr' id='par_1_96' title="bbox 244 4584 1802 4648">
     <span class='ocr_line' id='line_1_97' title="bbox 244 4584 1802 4648; baseline -0.001 -11"><span class='ocrx_word' id='word_1_698' title='bbox 244 4585 384 4638; x_wconf 80' lang='grc' dir='ltr'>πολὺ</span> <span class='ocrx_word' id='word_1_699' title='bbox 413 4584 685 4637; x_wconf 87' lang='grc' dir='ltr'>ἀπέλυσαν</span> <span class='ocrx_word' id='word_1_700' title='bbox 711 4587 830 4637; x_wconf 79' lang='grc' dir='ltr'>ὅποι</span> <span class='ocrx_word' id='word_1_701' title='bbox 859 4585 1134 4637; x_wconf 77' lang='grc' dir='ltr'>ἐϐούλοντο</span> <span class='ocrx_word' id='word_1_702' title='bbox 1166 4588 1290 4648; x_wconf 84' lang='grc' dir='ltr'>τοὺς</span> <span class='ocrx_word' id='word_1_703' title='bbox 1326 4587 1385 4636; x_wconf 88' lang='grc' dir='ltr'><strong>ού</strong></span> <span class='ocrx_word' id='word_1_704' title='bbox 1427 4586 1646 4648; x_wconf 88' lang='grc' dir='ltr'>δικαίως</span> <span class='ocrx_word' id='word_1_705' title='bbox 1683 4587 1802 4638; x_wconf 86' lang='grc' dir='ltr'>δου-</span> 
     </span>
    </p>
   </div>
   <div class='ocr_carea' id='block_1_97' title="bbox 242 4670 1800 4741">
    <p class='ocr_par' dir='ltr' id='par_1_97' title="bbox 242 4670 1800 4741">
     <span class='ocr_line' id='line_1_98' title="bbox 242 4670 1800 4741; baseline -0.001 -15"><span class='ocrx_word' id='word_1_706' title='bbox 242 4672 690 4741; x_wconf 77' lang='grc' dir='ltr'>λαγωγουμένους</span> <span class='ocrx_word' id='word_1_707' title='bbox 907 4674 1031 4724; x_wconf 63' lang='lat' dir='ltr'><strong>“Ara</strong></span> <span class='ocrx_word' id='word_1_708' title='bbox 1081 4670 1171 4725; x_wconf 77' lang='grc' dir='ltr'><strong>οὖν</strong></span> <span class='ocrx_word' id='word_1_709' title='bbox 1226 4673 1488 4739; x_wconf 85' lang='grc' dir='ltr'>φίλαυτοι,</span> <span class='ocrx_word' id='word_1_710' title='bbox 1536 4675 1628 4726; x_wconf 73' lang='grc' dir='ltr'>καὶ</span> <span class='ocrx_word' id='word_1_711' title='bbox 1676 4675 1800 4736; x_wconf 78' lang='grc' dir='ltr'>τοὺς</span> 
     </span>
    </p>
   </div>
   <div class='ocr_carea' id='block_1_98' title="bbox 243 4763 1802 4832">
    <p class='ocr_par' dir='ltr' id='par_1_98' title="bbox 243 4763 1802 4832">
     <span class='ocr_line' id='line_1_99' title="bbox 243 4763 1802 4832; baseline -0.001 -16"><span class='ocrx_word' id='word_1_712' title='bbox 243 4763 646 4832; x_wconf 83' lang='grc' dir='ltr'>ὀποιωσδήποτε</span> <span class='ocrx_word' id='word_1_713' title='bbox 693 4764 966 4830; x_wconf 84' lang='grc' dir='ltr'>ὁμογενεῖς</span> <span class='ocrx_word' id='word_1_714' title='bbox 1017 4763 1383 4832; x_wconf 78' lang='grc' dir='ltr'>προτιμῶντες</span> <span class='ocrx_word' id='word_1_715' title='bbox 1444 4764 1535 4814; x_wconf 74' lang='grc' dir='ltr'><strong>καὶ</strong></span> <span class='ocrx_word' id='word_1_716' title='bbox 1580 4763 1684 4814; x_wconf 82' lang='grc' dir='ltr'><strong>τῶν</strong></span> <span class='ocrx_word' id='word_1_717' title='bbox 1725 4764 1802 4814; x_wconf 80' lang='grc' dir='ltr'>δι-</span> 
     </span>
    </p>
   </div>
   <div class='ocr_carea' id='block_1_99' title="bbox 244 4849 1808 4921">
    <p class='ocr_par' dir='ltr' id='par_1_99' title="bbox 244 4849 1808 4921">
     <span class='ocr_line' id='line_1_100' title="bbox 244 4849 1808 4921; baseline -0.001 -16"><span class='ocrx_word' id='word_1_718' title='bbox 244 4849 544 4920; x_wconf 78' lang='grc' dir='ltr'>καιοτέρων</span> <span class='ocrx_word' id='word_1_719' title='bbox 574 4851 754 4914; x_wconf 80' lang='grc' dir='ltr'>ξένων,</span> <span class='ocrx_word' id='word_1_720' title='bbox 773 4852 870 4902; x_wconf 78' lang='grc' dir='ltr'><strong>οὐκ</strong></span> <span class='ocrx_word' id='word_1_721' title='bbox 900 4850 1042 4902; x_wconf 78' lang='grc' dir='ltr'>ἔστιν</span> <span class='ocrx_word' id='word_1_722' title='bbox 1061 4853 1127 4921; x_wconf 81' lang='grc' dir='ltr'>ἦν</span> <span class='ocrx_word' id='word_1_723' title='bbox 1151 4869 1270 4904; x_wconf 80' lang='grc' dir='ltr'>τινα</span> <span class='ocrx_word' id='word_1_724' title='bbox 1301 4850 1625 4921; x_wconf 86' lang='grc' dir='ltr'>κατηγορίαν</span> <span class='ocrx_word' id='word_1_725' title='bbox 1652 4869 1808 4904; x_wconf 88' lang='grc' dir='ltr'>κατα-</span> 
     </span>
    </p>
   </div>
   <div class='ocr_carea' id='block_1_100' title="bbox 322 4960 1668 5040">
    <p class='ocr_par' dir='ltr' id='par_1_100' title="bbox 322 4960 1668 5040">
     <span class='ocr_line' id='line_1_101' title="bbox 322 4960 1668 5040; baseline -0.002 -23"><span class='ocrx_word' id='word_1_726' title='bbox 322 4964 372 4996; x_wconf 70' lang='grc'>⁸⁸</span> <span class='ocrx_word' id='word_1_727' title='bbox 400 4963 567 5040; x_wconf 77' lang='lat' dir='ltr'><strong>Expd.</strong></span> <span class='ocrx_word' id='word_1_728' title='bbox 599 4978 638 5028; x_wconf 82' lang='grc' dir='ltr'><strong>ι,</strong></span> <span class='ocrx_word' id='word_1_729' title='bbox 671 4963 738 5020; x_wconf 70' lang='lat'><strong>20</strong></span> <span class='ocrx_word' id='word_1_730' title='bbox 761 4979 776 5026; x_wconf 88' lang='lat'><strong>;</strong></span> <span class='ocrx_word' id='word_1_731' title='bbox 800 4964 931 5016; x_wconf 83' lang='lat' dir='ltr'><strong>Gen.</strong></span> <span class='ocrx_word' id='word_1_732' title='bbox 966 4978 1109 5028; x_wconf 73' lang='lat' dir='ltr'><strong>XLVI,</strong></span> <span class='ocrx_word' id='word_1_733' title='bbox 1141 4960 1211 5026; x_wconf 76' lang='lat'><strong>2;</strong></span> <span class='ocrx_word' id='word_1_734' title='bbox 1245 4963 1409 5016; x_wconf 79' lang='lat' dir='ltr'><strong>Exod.</strong></span> <span class='ocrx_word' id='word_1_735' title='bbox 1443 4978 1551 5028; x_wconf 83' lang='lat' dir='ltr'><strong>xu,</strong></span> <span class='ocrx_word' id='word_1_736' title='bbox 1584 4963 1668 5015; x_wconf 75' lang='grc'><strong>51.</strong></span> 
     </span>
    </p>
   </div>
   <div class='ocr_carea' id='block_1_101' title="bbox 322 5095 1800 5167">
    <p class='ocr_par' dir='ltr' id='par_1_101' title="bbox 322 5095 1800 5167">
     <span class='ocr_line' id='line_1_102' title="bbox 322 5095 1800 5167; baseline -0.002 -16"><span class='ocrx_word' id='word_1_737' title='bbox 322 5095 436 5167; x_wconf 80' lang='grc'>(51)</span> <span class='ocrx_word' id='word_1_738' title='bbox 461 5166 465 5167; x_wconf 13' lang='grc' dir='ltr'>ί</span> <span class='ocrx_word' id='word_1_739' title='bbox 487 5097 660 5167; x_wconf 65' lang='grc' dir='ltr'>Ὑπὲρ</span> <span class='ocrx_word' id='word_1_740' title='bbox 694 5097 926 5163; x_wconf 78' lang='grc' dir='ltr'>ἀρετῆς.</span> <span class='ocrx_word' id='word_1_741' title='bbox 962 5096 1124 5149; x_wconf 83' lang='lat' dir='ltr'><strong>Recte</strong></span> <span class='ocrx_word' id='word_1_742' title='bbox 1173 5099 1328 5151; x_wconf 86' lang='lat' dir='ltr'><strong>codd.</strong></span> <span class='ocrx_word' id='word_1_743' title='bbox 1378 5097 1574 5166; x_wconf 81' lang='lat' dir='ltr'><strong>Regius</strong></span> <span class='ocrx_word' id='word_1_744' title='bbox 1607 5105 1660 5167; x_wconf 78' lang='lat' dir='ltr'><strong>et</strong></span> <span class='ocrx_word' id='word_1_745' title='bbox 1697 5097 1800 5149; x_wconf 88' lang='lat' dir='ltr'><strong>Ba-</strong></span> 
     </span>
    </p>
   </div>
   <div class='ocr_carea' id='block_1_102' title="bbox 246 5166 1801 5235">
    <p class='ocr_par' dir='ltr' id='par_1_102' title="bbox 246 5166 1801 5235">
     <span class='ocr_line' id='line_1_103' title="bbox 246 5166 1801 5235; baseline -0.005 -14"><span class='ocrx_word' id='word_1_746' title='bbox 246 5166 522 5222; x_wconf 78' lang='lat' dir='ltr'><strong>sileeusis.</strong></span> <span class='ocrx_word' id='word_1_747' title='bbox 563 5166 995 5235; x_wconf 75' lang='lat' dir='ltr'><strong>Impressi_vero,</strong></span> <span class='ocrx_word' id='word_1_748' title='bbox 1033 5167 1119 5216; x_wconf 78' lang='grc' dir='ltr'>ἐπ’</span> <span class='ocrx_word' id='word_1_749' title='bbox 1154 5167 1380 5235; x_wconf 87' lang='grc' dir='ltr'>ἀρετῆς,</span> <span class='ocrx_word' id='word_1_750' title='bbox 1431 5167 1587 5219; x_wconf 86' lang='lat' dir='ltr'><strong>male.</strong></span> <span class='ocrx_word' id='word_1_751' title='bbox 1637 5166 1801 5235; x_wconf 79' lang='lat' dir='ltr'><strong>Paulo</strong></span> 
     </span>
    </p>
   </div>
   <div class='ocr_carea' id='block_1_103' title="bbox 247 5232 1803 5305">
    <p class='ocr_par' dir='ltr' id='par_1_103' title="bbox 247 5232 1803 5305">
     <span class='ocr_line' id='line_1_104' title="bbox 247 5232 1803 5305; baseline -0.001 -18"><span class='ocrx_word' id='word_1_752' title='bbox 247 5244 375 5305; x_wconf 87' lang='lat' dir='ltr'><strong>post</strong></span> <span class='ocrx_word' id='word_1_753' title='bbox 409 5249 541 5305; x_wconf 64' lang='lat' dir='ltr'><strong>mss1</strong></span> <span class='ocrx_word' id='word_1_754' title='bbox 565 5235 784 5305; x_wconf 81' lang='lat' dir='ltr'><strong>Regius,</strong></span> <span class='ocrx_word' id='word_1_755' title='bbox 815 5232 1143 5305; x_wconf 85' lang='lat' dir='ltr'><strong>Basileensis</strong></span> <span class='ocrx_word' id='word_1_756' title='bbox 1165 5232 1219 5287; x_wconf 79' lang='lat' dir='ltr'><strong>et</strong></span> <span class='ocrx_word' id='word_1_757' title='bbox 1248 5232 1351 5305; x_wconf 75' lang='lat' dir='ltr'><strong>duo</strong></span> <span class='ocrx_word' id='word_1_758' title='bbox 1383 5235 1647 5298; x_wconf 85' lang='lat' dir='ltr'><strong>Vaticani,</strong></span> <span class='ocrx_word' id='word_1_759' title='bbox 1677 5234 1803 5304; x_wconf 83' lang='grc' dir='ltr'>περί</span> 
     </span>
    </p>
   </div>
   <div class='ocr_carea' id='block_1_104' title="bbox 247 5301 1795 5371">
    <p class='ocr_par' dir='ltr' id='par_1_104' title="bbox 247 5301 1795 5371">
     <span class='ocr_line' id='line_1_105' title="bbox 247 5301 1795 5371; baseline 0 -15"><span class='ocrx_word' id='word_1_760' title='bbox 247 5301 398 5364; x_wconf 72' lang='grc' dir='ltr'>τινος</span> <span class='ocrx_word' id='word_1_761' title='bbox 428 5301 872 5371; x_wconf 72' lang='grc' dir='ltr'>ὲπιδημήσοντος,</span> <span class='ocrx_word' id='word_1_762' title='bbox 913 5303 1143 5366; x_wconf 88' lang='lat' dir='ltr'><strong>optime;</strong></span> <span class='ocrx_word' id='word_1_763' title='bbox 1189 5304 1327 5358; x_wconf 82' lang='lat' dir='ltr'><strong>male</strong></span> <span class='ocrx_word' id='word_1_764' title='bbox 1359 5318 1481 5358; x_wconf 88' lang='lat' dir='ltr'><strong>vero</strong></span> <span class='ocrx_word' id='word_1_765' title='bbox 1518 5301 1795 5371; x_wconf 89' lang='lat' dir='ltr'><strong>impressi,</strong></span> 
     </span>
    </p>
   </div>
   <div class='ocr_carea' id='block_1_105' title="bbox 246 5367 1037 5441">
    <p class='ocr_par' dir='ltr' id='par_1_105' title="bbox 246 5367 1037 5441">
     <span class='ocr_line' id='line_1_106' title="bbox 246 5367 1037 5441; baseline -0.013 -14"><span class='ocrx_word' id='word_1_766' title='bbox 246 5371 378 5441; x_wconf 83' lang='grc' dir='ltr'>περί</span> <span class='ocrx_word' id='word_1_767' title='bbox 393 5385 554 5441; x_wconf 18' lang='grc' dir='ltr'>,τινος</span> <span class='ocrx_word' id='word_1_768' title='bbox 573 5367 1037 5441; x_wconf 67' lang='grc' dir='ltr'>ἐπιδημήσαντος.</span> 
     </span>
    </p>
   </div>
   <div class='ocr_carea' id='block_1_106' title="bbox 322 5437 1798 5507">
    <p class='ocr_par' dir='ltr' id='par_1_106' title="bbox 322 5437 1798 5507">
     <span class='ocr_line' id='line_1_107' title="bbox 322 5437 1798 5507; baseline -0.001 -13"><span class='ocrx_word' id='word_1_769' title='bbox 322 5437 438 5506; x_wconf 73' lang='lat'><strong>(52)</strong></span> <span class='ocrx_word' id='word_1_770' title='bbox 477 5437 854 5507; x_wconf 78' lang='grc' dir='ltr'>Προσιεσθαι.</span> <span class='ocrx_word' id='word_1_771' title='bbox 888 5437 961 5489; x_wconf 89' lang='lat' dir='ltr'><strong>Ita</strong></span> <span class='ocrx_word' id='word_1_772' title='bbox 990 5437 1143 5507; x_wconf 85' lang='lat' dir='ltr'><strong>codd.</strong></span> <span class='ocrx_word' id='word_1_773' title='bbox 1174 5439 1371 5507; x_wconf 85' lang='lat' dir='ltr'><strong>Regius</strong></span> <span class='ocrx_word' id='word_1_774' title='bbox 1397 5450 1450 5492; x_wconf 93' lang='lat' dir='ltr'><strong>et</strong></span> <span class='ocrx_word' id='word_1_775' title='bbox 1479 5440 1798 5492; x_wconf 81' lang='lat' dir='ltr'><strong>Basileensis</strong></span> 
     </span>
    </p>
   </div>
   <div class='ocr_carea' id='block_1_107' title="bbox 246 5506 1790 5578">
    <p class='ocr_par' dir='ltr' id='par_1_107' title="bbox 246 5506 1790 5578">
     <span class='ocr_line' id='line_1_108' title="bbox 246 5506 1790 5578; baseline -0.008 -9"><span class='ocrx_word' id='word_1_776' title='bbox 246 5511 476 5575; x_wconf 75' lang='lat' dir='ltr'><strong>melius,</strong></span> <span class='ocrx_word' id='word_1_777' title='bbox 520 5517 578 5562; x_wconf 93' lang='lat' dir='ltr'><strong>ut</strong></span> <span class='ocrx_word' id='word_1_778' title='bbox 626 5506 850 5570; x_wconf 87' lang='lat' dir='ltr'><strong>videtur,</strong></span> <span class='ocrx_word' id='word_1_779' title='bbox 882 5506 1040 5574; x_wconf 83' lang='lat' dir='ltr'><strong>quain</strong></span> <span class='ocrx_word' id='word_1_780' title='bbox 1091 5507 1217 5561; x_wconf 82' lang='lat' dir='ltr'><strong>libb.</strong></span> <span class='ocrx_word' id='word_1_781' title='bbox 1247 5506 1459 5573; x_wconf 82' lang='lat' dir='ltr'><strong>excusi,</strong></span> <span class='ocrx_word' id='word_1_782' title='bbox 1498 5509 1790 5578; x_wconf 80' lang='grc' dir='ltr'>προΐεσθαι.</span> 
     </span>
    </p>
   </div>
   <div class='ocr_carea' id='block_1_108' title="bbox 1901 4313 3448 4386">
    <p class='ocr_par' dir='ltr' id='par_1_108' title="bbox 1901 4313 3448 4386">
     <span class='ocr_line' id='line_1_109' title="bbox 1901 4313 3448 4386; baseline -0.006 -15"><span class='ocrx_word' id='word_1_783' title='bbox 1901 4319 1993 4371; x_wconf 88' lang='lat' dir='ltr'><strong>Dei</strong></span> <span class='ocrx_word' id='word_1_784' title='bbox 2037 4317 2264 4386; x_wconf 80' lang='lat' dir='ltr'><strong>ﬂagellis</strong></span> <span class='ocrx_word' id='word_1_785' title='bbox 2315 4317 2562 4383; x_wconf 78' lang='lat' dir='ltr'><strong>castigati</strong></span> <span class='ocrx_word' id='word_1_786' title='bbox 2615 4328 2756 4381; x_wconf 72' lang='lat' dir='ltr'><strong>aegre</strong></span> <span class='ocrx_word' id='word_1_787' title='bbox 2803 4313 2958 4380; x_wconf 87' lang='lat' dir='ltr'><strong>paulo</strong></span> <span class='ocrx_word' id='word_1_788' title='bbox 3015 4321 3133 4378; x_wconf 90' lang='lat' dir='ltr'><strong>post</strong></span> <span class='ocrx_word' id='word_1_789' title='bbox 3182 4313 3448 4364; x_wconf 84' lang='lat' dir='ltr'><strong>licentiam</strong></span> 
     </span>
    </p>
   </div>
   <div class='ocr_carea' id='block_1_109' title="bbox 1906 4402 3448 4474">
    <p class='ocr_par' dir='ltr' id='par_1_109' title="bbox 1906 4402 3448 4474">
     <span class='ocr_line' id='line_1_110' title="bbox 1906 4402 3448 4474; baseline -0.005 -14"><span class='ocrx_word' id='word_1_790' title='bbox 1906 4409 2130 4461; x_wconf 85' lang='lat' dir='ltr'><strong>abeundi</strong></span> <span class='ocrx_word' id='word_1_791' title='bbox 2163 4423 2268 4474; x_wconf 89' lang='lat' dir='ltr'><strong>quo</strong></span> <span class='ocrx_word' id='word_1_792' title='bbox 2302 4408 2493 4459; x_wconf 87' lang='lat' dir='ltr'><strong>vellent</strong></span> <span class='ocrx_word' id='word_1_793' title='bbox 2525 4406 2786 4465; x_wconf 76' lang='lat' dir='ltr'><strong>dederunt</strong></span> <span class='ocrx_word' id='word_1_794' title='bbox 2822 4405 2914 4467; x_wconf 84' lang='lat' dir='ltr'><strong>iis,</strong></span> <span class='ocrx_word' id='word_1_795' title='bbox 2960 4418 3092 4469; x_wconf 87' lang='lat' dir='ltr'><strong>quos</strong></span> <span class='ocrx_word' id='word_1_796' title='bbox 3143 4403 3342 4469; x_wconf 78' lang='lat' dir='ltr'><strong>injuste</strong></span> <span class='ocrx_word' id='word_1_797' title='bbox 3395 4402 3448 4453; x_wconf 89' lang='lat' dir='ltr'><strong>in</strong></span> 
     </span>
    </p>
   </div>
   <div class='ocr_carea' id='block_1_110' title="bbox 1906 4491 3454 4561">
    <p class='ocr_par' dir='ltr' id='par_1_110' title="bbox 1906 4491 3454 4561">
     <span class='ocr_line' id='line_1_111' title="bbox 1906 4491 3454 4561; baseline -0.005 -10"><span class='ocrx_word' id='word_1_798' title='bbox 1906 4500 2216 4551; x_wconf 82' lang='lat' dir='ltr'><strong>servitutem</strong></span> <span class='ocrx_word' id='word_1_799' title='bbox 2247 4498 2581 4561; x_wconf 81' lang='lat' dir='ltr'><strong>redegerant.</strong></span> <span class='ocrx_word' id='word_1_800' title='bbox 2618 4496 2872 4546; x_wconf 75' lang='lat' dir='ltr'><strong>Amantes</strong></span> <span class='ocrx_word' id='word_1_801' title='bbox 2912 4495 3074 4561; x_wconf 77' lang='lat' dir='ltr'><strong>igitur</strong></span> <span class='ocrx_word' id='word_1_802' title='bbox 3108 4494 3188 4546; x_wconf 91' lang='lat' dir='ltr'><strong>sui</strong></span> <span class='ocrx_word' id='word_1_803' title='bbox 3235 4503 3288 4543; x_wconf 88' lang='lat' dir='ltr'><strong>et</strong></span> <span class='ocrx_word' id='word_1_804' title='bbox 3336 4491 3454 4544; x_wconf 83' lang='lat' dir='ltr'><strong>suis</strong></span> 
     </span>
    </p>
   </div>
   <div class='ocr_carea' id='block_1_111' title="bbox 1907 4582 3454 4658">
    <p class='ocr_par' dir='ltr' id='par_1_111' title="bbox 1907 4582 3454 4658">
     <span class='ocr_line' id='line_1_112' title="bbox 1907 4582 3454 4658; baseline 0 -23"><span class='ocrx_word' id='word_1_805' title='bbox 1907 4587 2250 4658; x_wconf 81' lang='lat' dir='ltr'><strong>popularibus</strong></span> <span class='ocrx_word' id='word_1_806' title='bbox 2289 4588 2402 4653; x_wconf 82' lang='lat' dir='ltr'><strong>plus</strong></span> <span class='ocrx_word' id='word_1_807' title='bbox 2433 4585 2652 4637; x_wconf 90' lang='lat' dir='ltr'><strong>honoris</strong></span> <span class='ocrx_word' id='word_1_808' title='bbox 2682 4585 2938 4636; x_wconf 85' lang='lat' dir='ltr'><strong>habentes</strong></span> <span class='ocrx_word' id='word_1_809' title='bbox 2970 4599 3128 4650; x_wconf 83' lang='lat' dir='ltr'><strong>quam</strong></span> <span class='ocrx_word' id='word_1_810' title='bbox 3157 4584 3236 4634; x_wconf 91' lang='lat' dir='ltr'><strong>vel</strong></span> <span class='ocrx_word' id='word_1_811' title='bbox 3263 4582 3454 4648; x_wconf 82' lang='lat' dir='ltr'><strong>justio—</strong></span> 
     </span>
    </p>
   </div>
   <div class='ocr_carea' id='block_1_112' title="bbox 1909 4671 3448 4742">
    <p class='ocr_par' dir='ltr' id='par_1_112' title="bbox 1909 4671 3448 4742">
     <span class='ocr_line' id='line_1_113' title="bbox 1909 4671 3448 4742; baseline -0.004 -14"><span class='ocrx_word' id='word_1_812' title='bbox 1909 4677 2054 4728; x_wconf 85' lang='lat' dir='ltr'><strong>ribus</strong></span> <span class='ocrx_word' id='word_1_813' title='bbox 2083 4674 2404 4740; x_wconf 87' lang='lat' dir='ltr'><strong>hospitibus,</strong></span> <span class='ocrx_word' id='word_1_814' title='bbox 2436 4674 2632 4727; x_wconf 81' lang='lat' dir='ltr'><strong>nullam</strong></span> <span class='ocrx_word' id='word_1_815' title='bbox 2669 4675 2927 4742; x_wconf 86' lang='lat' dir='ltr'><strong>reliquam</strong></span> <span class='ocrx_word' id='word_1_816' title='bbox 2960 4675 3199 4725; x_wconf 78' lang='lat' dir='ltr'><strong>fecerunt</strong></span> <span class='ocrx_word' id='word_1_817' title='bbox 3244 4671 3448 4724; x_wconf 86' lang='lat' dir='ltr'><strong>calum-</strong></span> 
     </span>
    </p>
   </div>
   <div class='ocr_carea' id='block_1_113' title="bbox 1909 4762 3452 4833">
    <p class='ocr_par' dir='ltr' id='par_1_113' title="bbox 1909 4762 3452 4833">
     <span class='ocr_line' id='line_1_114' title="bbox 1909 4762 3452 4833; baseline -0.003 -17"><span class='ocrx_word' id='word_1_818' title='bbox 1909 4766 2071 4823; x_wconf 89' lang='lat' dir='ltr'><strong>niam,</strong></span> <span class='ocrx_word' id='word_1_819' title='bbox 2101 4779 2260 4831; x_wconf 84' lang='lat' dir='ltr'><strong>quant</strong></span> <span class='ocrx_word' id='word_1_820' title='bbox 2303 4765 2352 4815; x_wconf 89' lang='lat' dir='ltr'><strong>in</strong></span> <span class='ocrx_word' id='word_1_821' title='bbox 2394 4764 2625 4833; x_wconf 84' lang='lat' dir='ltr'><strong>Moysem</strong></span> <span class='ocrx_word' id='word_1_822' title='bbox 2671 4775 2724 4817; x_wconf 88' lang='lat' dir='ltr'><strong>et</strong></span> <span class='ocrx_word' id='word_1_823' title='bbox 2769 4765 3015 4816; x_wconf 74' lang='lat' dir='ltr'><strong>Ilehrzeos</strong></span> <span class='ocrx_word' id='word_1_824' title='bbox 3064 4762 3302 4814; x_wconf 86' lang='lat' dir='ltr'><strong>dicerent</strong></span> <span class='ocrx_word' id='word_1_825' title='bbox 3334 4783 3344 4814; x_wconf 92' lang='lat'><strong>:</strong></span> <span class='ocrx_word' id='word_1_826' title='bbox 3381 4763 3452 4813; x_wconf 87' lang='lat' dir='ltr'><strong>ita</strong></span> 
     </span>
    </p>
   </div>
   <div class='ocr_carea' id='block_1_114' title="bbox 1911 4849 3456 4924">
    <p class='ocr_par' dir='ltr' id='par_1_114' title="bbox 1911 4849 3456 4924">
     <span class='ocr_line' id='line_1_115' title="bbox 1911 4849 3456 4924; baseline -0.004 -16"><span class='ocrx_word' id='word_1_827' title='bbox 1911 4865 1968 4908; x_wconf 88' lang='lat' dir='ltr'><strong>ut</strong></span> <span class='ocrx_word' id='word_1_828' title='bbox 2019 4855 2321 4923; x_wconf 81' lang='lat' dir='ltr'><strong>prodigiosa</strong></span> <span class='ocrx_word' id='word_1_829' title='bbox 2368 4854 2565 4924; x_wconf 84' lang='lat' dir='ltr'><strong>Moysis</strong></span> <span class='ocrx_word' id='word_1_830' title='bbox 2618 4855 2873 4910; x_wconf 83' lang='lat' dir='ltr'><strong>miracula</strong></span> <span class='ocrx_word' id='word_1_831' title='bbox 2917 4870 3019 4906; x_wconf 88' lang='lat' dir='ltr'><strong>non</strong></span> <span class='ocrx_word' id='word_1_832' title='bbox 3069 4853 3187 4904; x_wconf 88' lang='lat' dir='ltr'><strong>ausi</strong></span> <span class='ocrx_word' id='word_1_833' title='bbox 3236 4849 3456 4904; x_wconf 83' lang='lat' dir='ltr'><strong>omnino</strong></span> 
     </span>
    </p>
   </div>
   <div class='ocr_carea' id='block_1_115' title="bbox 1909 5093 3109 5168">
    <p class='ocr_par' dir='ltr' id='par_1_115' title="bbox 1909 5093 3109 5168">
     <span class='ocr_line' id='line_1_116' title="bbox 1909 5093 3109 5168; baseline -0.006 -18"><span class='ocrx_word' id='word_1_834' title='bbox 1909 5096 2051 5168; x_wconf 80' lang='lat' dir='ltr'><strong>Loco</strong></span> <span class='ocrx_word' id='word_1_835' title='bbox 2078 5099 2374 5168; x_wconf 75' lang='grc' dir='ltr'>προΐεσθαι,</span> <span class='ocrx_word' id='word_1_836' title='bbox 2407 5096 2629 5168; x_wconf 83' lang='lat' dir='ltr'><strong>Guietus</strong></span> <span class='ocrx_word' id='word_1_837' title='bbox 2650 5095 2859 5168; x_wconf 70' lang='lat' dir='ltr'><strong>legebat</strong></span> <span class='ocrx_word' id='word_1_838' title='bbox 2885 5093 3109 5168; x_wconf 69' lang='grc' dir='ltr'>οἴεσθαι.</span> 
     </span>
    </p>
   </div>
   <div class='ocr_carea' id='block_1_116' title="bbox 1977 5159 3456 5236">
    <p class='ocr_par' dir='ltr' id='par_1_116' title="bbox 1977 5159 3456 5236">
     <span class='ocr_line' id='line_1_117' title="bbox 1977 5159 3456 5236; baseline -0.002 -19"><span class='ocrx_word' id='word_1_839' title='bbox 1977 5167 2088 5236; x_wconf 72' lang='grc'><strong>(55)</strong></span> <span class='ocrx_word' id='word_1_840' title='bbox 2127 5159 2656 5234; x_wconf 74' lang='grc' dir='ltr'>Ἔπιδημήσαντες.</span> <span class='ocrx_word' id='word_1_841' title='bbox 2700 5159 2892 5217; x_wconf 73' lang='lat' dir='ltr'><strong>Guicto</strong></span> <span class='ocrx_word' id='word_1_842' title='bbox 2933 5163 3270 5216; x_wconf 79' lang='lat' dir='ltr'><strong>scribendum</strong></span> <span class='ocrx_word' id='word_1_843' title='bbox 3306 5159 3456 5214; x_wconf 77' lang='lat' dir='ltr'><strong>vide-</strong></span> 
     </span>
    </p>
   </div>
   <div class='ocr_carea' id='block_1_117' title="bbox 1907 5236 2399 5306">
    <p class='ocr_par' dir='ltr' id='par_1_117' title="bbox 1907 5236 2399 5306">
     <span class='ocr_line' id='line_1_118' title="bbox 1907 5236 2399 5306; baseline 0.002 -20"><span class='ocrx_word' id='word_1_844' title='bbox 1907 5245 1957 5286; x_wconf 88' lang='lat' dir='ltr'><strong>tu</strong></span> <span class='ocrx_word' id='word_1_845' title='bbox 1968 5251 2017 5306; x_wconf 76' lang='grc' dir='ltr'>ι’,</span> <span class='ocrx_word' id='word_1_846' title='bbox 2040 5236 2193 5306; x_wconf 71' lang='grc' dir='ltr'>ἐπιδη</span> <span class='ocrx_word' id='word_1_847' title='bbox 2204 5238 2276 5306; x_wconf 86' lang='grc' dir='ltr'><strong>μῆ</strong></span> <span class='ocrx_word' id='word_1_848' title='bbox 2285 5255 2399 5306; x_wconf 61' lang='grc' dir='ltr'>σαν,</span> 
     </span>
    </p>
   </div>
   <div class='ocr_carea' id='block_1_118' title="bbox 1970 5296 3446 5369">
    <p class='ocr_par' dir='ltr' id='par_1_118' title="bbox 1970 5296 3446 5369">
     <span class='ocr_line' id='line_1_119' title="bbox 1970 5296 3446 5369; baseline -0.005 -12"><span class='ocrx_word' id='word_1_849' title='bbox 1970 5303 2077 5369; x_wconf 71' lang='grc'>(54)</span> <span class='ocrx_word' id='word_1_850' title='bbox 2104 5296 2247 5369; x_wconf 72' lang='grc' dir='ltr'>Τοῦς</span> <span class='ocrx_word' id='word_1_851' title='bbox 2267 5296 2344 5358; x_wconf 76' lang='grc' dir='ltr'>ὀὐ</span> <span class='ocrx_word' id='word_1_852' title='bbox 2376 5305 2610 5365; x_wconf 76' lang='grc' dir='ltr'>δικαίως</span> <span class='ocrx_word' id='word_1_853' title='bbox 2632 5300 3242 5368; x_wconf 63' lang='grc' dir='ltr'>δουλαγωτγτυμένσυς.</span> <span class='ocrx_word' id='word_1_854' title='bbox 3269 5296 3446 5351; x_wconf 73' lang='lat' dir='ltr'><strong>Codex</strong></span> 
     </span>
    </p>
   </div>
   <div class='ocr_carea' id='block_1_119' title="bbox 1903 5369 3445 5438">
    <p class='ocr_par' dir='ltr' id='par_1_119' title="bbox 1903 5369 3445 5438">
     <span class='ocr_line' id='line_1_120' title="bbox 1903 5369 3445 5438; baseline -0.006 -14"><span class='ocrx_word' id='word_1_855' title='bbox 1903 5371 2133 5438; x_wconf 72' lang='lat' dir='ltr'><strong>Regius,</strong></span> <span class='ocrx_word' id='word_1_856' title='bbox 2198 5376 2321 5434; x_wconf 75' lang='grc' dir='ltr'>τοὺς</span> <span class='ocrx_word' id='word_1_857' title='bbox 2383 5372 2661 5432; x_wconf 83' lang='grc' dir='ltr'>Ἰουδαίους</span> <span class='ocrx_word' id='word_1_858' title='bbox 2723 5369 3293 5438; x_wconf 80' lang='grc' dir='ltr'>δουλαγωγουμένους,</span> <span class='ocrx_word' id='word_1_859' title='bbox 3340 5380 3445 5416; x_wconf 86' lang='lat' dir='ltr'><strong>non</strong></span> 
     </span>
    </p>
   </div>
   <div class='ocr_carea' id='block_1_120' title="bbox 1903 5445 2933 5494">
    <p class='ocr_par' dir='ltr' id='par_1_120' title="bbox 1903 5445 2933 5494">
     <span class='ocr_line' id='line_1_121' title="bbox 1903 5445 2933 5494; baseline 0.004 -2"><span class='ocrx_word' id='word_1_860' title='bbox 1903 5445 2056 5494; x_wconf 75' lang='lat' dir='ltr'><strong>tnalc.</strong></span> <span class='ocrx_word' id='word_1_861' title='bbox 2889 5473 2893 5494; x_wconf 89' lang='grc' dir='ltr'><strong>ι</strong></span> <span class='ocrx_word' id='word_1_862' title='bbox 2929 5468 2933 5473; x_wconf 65' lang='grc' dir='ltr'><strong><em>ν</em></strong></span> 
     </span>
    </p>
   </div>
  </div>
