4100 6318
192 490 298 577 ιιι

1352 477 1626 534 CONTRA
1672 472 1947 531 CELSUM
2008 472 2138 527 LIB.
2174 468 2259 524 111.

3315 463 3425 519 θιε

192 608 257 660 τὸ
306 604 565 672 ἀνάλογον
594 602 672 672 τῷ
697 598 1149 672 προσκυνουμένῳ
1190 597 1369 665 ἀλόγῳ
1419 594 1578 663 ζώῳ;
1629 591 1763 642 Ἀλλ’

1887 589 2141 642 lliristum
2172 594 2351 639 autem
2387 583 2533 637 cruci
2564 580 2786 634 affixum
2815 578 3090 648 quidpiam
3120 591 3237 633 esse
3281 581 3422 645 quod

195 698 293 749 ὲάν
314 694 473 747 τοῦτο
499 694 631 763 λέγῃ
667 692 747 762 (οὐ
771 691 878 762 γὰρ
909 690 1034 742 ἄλλο
1072 707 1125 740 τι
1149 684 1301 759 οἶμαι
1330 689 1522 757 φήσειν
1556 685 1761 751 αὐτὸν),

196 782 583 857 ἀπαντήσομεν
610 783 719 854 (91)
750 783 830 835 ὅτι
861 782 1077 833 πλείονα
1112 782 1169 833 ὲν
1202 783 1315 841 τοῖς
1354 777 1612 845 ἀνωτέρω
1638 777 1766 844 ἡμῖν

198 878 280 938 είς
337 873 674 943 κατασκευὴν
712 872 820 924 τῶν
862 870 1001 923 κατά
1030 871 1122 921 τὸν
1167 868 1372 938 Ἰησοῦν
1405 867 1657 935 εἴρηται,
1688 865 1767 915 ὅτι

198 968 296 1019 καὶ
326 966 394 1018 τὰ
424 965 679 1017 δοκοῦντα
718 963 836 1015 κατ’
870 961 1154 1031 ἄνθρωπον
1192 959 1340 1029 αὐτῷ
1369 954 1769 1027 συμϐεϐηκέναι

197 1056 485 1127 χρησίμως
514 1055 732 1121 γέγονεν
766 1055 823 1105 ὲν
864 1052 941 1122 τῷ
974 1052 1132 1106 παντί⁵
1179 1050 1289 1121 (92)
1321 1089 1334 1110 ,
1368 1051 1460 1102 καὶ
1491 1047 1770 1117 σωτηρίως

198 1145 282 1215 τῷ
310 1145 417 1215 ὅλῳ
440 1146 648 1215 κόσμῳ-

277 1314 409 1371 Εῒτα
431 1318 498 1371 τὰ
533 1320 629 1389 μὲν
671 1318 781 1371 τῶν
806 1321 1136 1388 Αἰγυπτίων,
1186 1317 1646 1388 σεμνολογούντων
1680 1317 1773 1367 καί¹

201 1408 276 1462 τὰ
301 1408 553 1478 περὶτῶν
588 1409 793 1477 ἀλόγων
819 1408 927 1479 (95)
958 1407 1130 1472 ζώων,
1166 1408 1260 1461 καὶ
1293 1408 1606 1476 φασκόντων
1638 1402 1773 1457 εἷναί

201 1515 329 1553 τινα
368 1500 507 1552 αὐτὰ
552 1499 999 1571 Θεοῦ-σύμϐολα,
1052 1499 1085 1568 ἢ
1121 1500 1266 1559 ὅπως
1312 1497 1461 1565 φίλον
1494 1496 1775 1565 ὀνομάζειν

202 1592 321 1653 τοῖς
362 1590 786 1661 χρηματίζουσιν
828 1589 1005 1641 αὐτῶν
1049 1588 1369 1658 προφήταις,
1402 1586 1534 1656 φησὶ
1586 1604 1603 1635 ι
1640 1602 1774 1653 φαν-

203 1681 401 1750 τασίαν
452 1679 856 1745 ἐξαποστέλλειν
886 1682 998 1741 τοῖς
1029 1678 1199 1731 ταῦτα
1258 1678 1650 1748 μεμαθηκόσιν,
1697 1678 1775 1729 ὅτι

154 1788 157 1789 ⁷
210 1771 291 1842 μὴ
323 1766 496 1843 μάτην
534 1770 839 1841 μεμύηνται
865 1788 877 1800 ·
923 1790 941 1821 ι
972 1771 1039 1822 τὰ
1070 1770 1116 1821 δ’
1154 1771 1210 1821 ὲν
1242 1773 1351 1834 τοῖς
1383 1770 1665 1839 ἡμετέροις
1690 1768 1778 1820 λό-

208 1880 329 1930 γοις
360 1863 465 1915 ἀπὺ
487 1862 580 1915 τοῦ
602 1862 931 1931 καλουμένου
961 1865 1110 1931 παρὰ
1137 1861 1213 1931 τῷ
1233 1861 1426 1930 Παύλῳ
1448 1860 1780 1930 χαρίσματος

1871 693 1991 732 cum
2012 677 2230 731 adorata
2254 676 2409 729 bruta
2436 674 2707 725 animante
2732 670 2923 724 merito
2940 669 3285 742 conferatur?
3304 670 3356 722 Id
3380 670 3426 723 si

1870 766 2039 830 dicat,
2074 780 2247 834 neque
2277 765 2423 817 enim
2461 763 2607 816 aliud
2634 762 2904 814 dicturum
2937 769 3087 829 puto,
3127 760 3429 828 responde-

1870 859 2046 911 bimus
2097 855 2261 909 multa
2301 854 2413 922 jam
2468 853 2519 905 in
2570 850 2945 918 superioribus
2975 865 3006 902 a
3057 850 3212 903 nobis
3263 849 3433 905 fuisse

1871 942 2104 999 adducta
2169 945 2235 996 ad
2276 940 2702 997 confirmandum
2751 954 3084 1009 quascunque
3137 941 3203 992 ad
3247 937 3431 991 Jesnm

1852 1036 2172 1111 pertinent,
2205 1030 2706 1099 ostendendumque
2737 1030 2888 1084 utilia
2937 1032 3063 1083 huic
3092 1030 3433 1083 universitati

1873 1127 2241 1193 salutariaqne
2468 1123 2561 1176 toti
2597 1123 2795 1174 mundo
2846 1120 3018 1175 fuisse
3044 1162 3059 1187 ,
3094 1136 3213 1190 quin
3243 1121 3317 1174 illi
3350 1135 3435 1175 sc-

1874 1216 2108 1269 cnndum
2153 1214 2427 1267 hominem
2456 1211 2701 1265 accidere
2734 1212 2849 1265 visa
2881 1220 3024 1264 sunt.
3427 1258 3434 1265 .

1945 1304 2037 1359 18.
2063 1302 2197 1367 Quia
2239 1315 2369 1354 vero
2392 1300 2632 1371 Egyptii
2687 1299 2976 1367 magnifica
3009 1299 3075 1352 de
3102 1299 3277 1371 hrptis
3320 1300 3440 1353 ani-

1876 1394 2149 1445 mantibus
2193 1368 2513 1458 loquuntur,
2538 1368 2851 1456 dicuntque
2901 1388 2992 1441 illa
3036 1368 3440 1457 esselquaedatn

1878 1484 1971 1536 Dei
1999 1478 2247 1551 symbols
2284 1489 2375 1532 aut
2403 1490 2726 1546 quocunque
2759 1477 2867 1529 alio
2906 1477 3127 1531 nomine
3164 1491 3227 1531 ea
3260 1478 3445 1546 appel-

1877 1573 1991 1627 lare
2020 1573 2195 1625 visum
2219 1581 2301 1624 est
2330 1570 2543 1624 illorum
2573 1567 2869 1636 prophetis,
2900 1566 3155 1631 aﬂ'irmat,
3189 1586 3208 1617 ι
3239 1570 3330 1636 qui
3357 1583 3443 1622 re-

1814 1672 1815 1675 ‘
1879 1678 1997 1716 rum
2025 1662 2238 1715 illarum
2276 1670 2402 1715 sunt
2426 1659 2615 1728 periti,
2648 1671 2743 1713 eos
2770 1657 2975 1735 induci,
3011 1666 3070 1711 ut
3097 1672 3157 1711 se
3184 1672 3290 1712 non
3332 1656 3447 1712 fru-

1881 1763 1992 1807 stra
2052 1753 2159 1807 illis
2211 1752 2455 1805 initiatos
2500 1764 2619 1804 esse
2661 1748 2924 1817 cogitent.
2975 1767 2994 1799 ι
3054 1750 3125 1803 At
3156 1764 3283 1804 vero
3325 1764 3448 1817 quae

1882 1846 2080 1915 gratia,
2134 1854 2192 1896 nt
2222 1843 2420 1897 Paulus
2450 1850 2610 1897 vocat
2649 1842 2716 1905 “,
2768 1836 2821 1894 in
2868 1855 3123 1894 sermone
3172 1842 3449 1910 sapientia:

208 1915 273 2005 έν
394 1953 481 2006 διὰ
508 1953 601 2005 τοῦ
657 1915 969 2021 Πνεῦματος
1022 1915 1164 2021 λόγῳ
1185 1915 1425 2019 ’σοφίαςζ
1449 1915 1567 2004 ὀιαὶ
1614 1915 1675 2003 εν
1702 1915 1780 2021 si};

1887 1951 1978 2003 pt-r
2034 1934 2297 2002 Spiritum
2340 1942 2396 1988 et
2452 1934 2504 1986 in
2559 1946 2824 1987 sermone-
2863 1933 3105 1987 scientia:
3147 1934 3445 1988 secundum

211 2041 358 2094 κατά
379 2042 443 2094 τὸ
466 2043 689 2111 Πνεῦμα
723 2043 865 2112 λόγῳ
891 2041 1142 2110 γνώσεως
1166 2044 1545 2117 παριστάμενα
1564 2045 1674 2104 τοῖς
1723 2044 1779 2094 ὲν

1887 2026 2187 2094 Spiritum,
2239 2025 2294 2079 in
2328 2034 2515 2077 nostra
2566 2024 2849 2092 disciplina
2894 2024 3090 2092 retegit
3132 2024 3201 2077 iis
3250 2026 3341 2093 qni
3394 2026 3448 2079 in

211 2131 625 2202 Χριστιανισμῷ
652 2132 1038 2203 πολυμαθέσιν,
1063 2114 1183 2184 οὐδὲ
1216 2132 1586 2200 πεφαντάσθαι
1620 2150 1709 2201 μοι
1754 2135 1782 2185 ὁ

1887 2116 2300 2172 Christianismo
2330 2123 2459 2167 sunt
2488 2116 2707 2179 eruditi,
2744 2115 2808 2168 de
2840 2114 2907 2167 iis
2954 2129 3021 2167 ne
3053 2115 3267 2182 quidem
3299 2116 3449 2185 cogi-

214 2222 424 2285 Κέλσος
470 2224 635 2275 δοκεῖ’
689 2224 748 2275 οὐ
791 2224 950 2291 μόνον
983 2224 1092 2275 ἀπὸ
1139 2223 1365 2285 τούτων,
1423 2222 1556 2276 ἀλλὰ
1584 2224 1674 2275 καὶ
1724 2224 1784 2286 ἐξ

215 2306 295 2365 ὧν
319 2316 377 2365 ὲν
407 2316 514 2377 τοίς
542 2313 667 2383 ἑξῆς
691 2311 1009 2384 κατηγορῶν
1042 2312 1135 2365 τοῦ
1168 2315 1506 2383 συστήματος
1537 2314 1786 2383 Χριστια-

215 2402 327 2456 νῶν
350 2403 495 2472 λέγει
514 2422 526 2433 ·
562 2405 636 2466 ὼς
667 2422 687 2455 ι
723 2404 899 2457 πάντα
931 2405 1030 2473 μὲν
1065 2404 1226 2471 σοφὸν
1256 2404 1657 2456 ἀπελαυνόντων
1690 2404 1783 2456 τοῦ

214 2493 380 2561 λόγου
414 2494 525 2563 (94)
557 2495 659 2563 τῆς
703 2496 938 2557 πίστεως
971 2495 1169 2583 αὑτρν,
1224 2496 1415 2564 μόνους
1448 2496 1505 2547 δὲ
1531 2497 1785 2566 ἀνοήτους

216 2585 314 2657 καὶ
348 2588 470 2648 τοὺς
500 2585 928 2655 ἀνδραποδώδεις
949 2580 1281 2638 καλούντων·
1324 2604 1342 2637 ι
1393 2588 1520 2657 περὶ
1549 2580 1622 2640 ὧν
1650 2587 1789 2639 κατά

216 2677 412 2745 καιρὸν
440 2676 714 2746 είσόμεθα,
749 2676 1026 2745 γενόμενοι
1053 2676 1192 2728 κατά
1216 2677 1307 2729 τὸν
1343 2678 1524 2731 τόπον.

204 2923 215 2931 ς
294 2848 547 2923 Καὶφῃσί
565 2867 627 2917 γε
650 2850 837 2917 cepa;
866 2848 973 2901 τῶν
1003 2850 1099 2918 μὲν
1123 2851 1431 2917 Αἰγυπτίων
1465 2851 1787 2921 καταγελᾷν,

218 2936 401 2990 καίτοι
430 2937 596 2990 πολλὰ
625 2939 718 2991 καὶ
748 2940 809 2991 οὐ
864 2940 1041 3009 φαῦλα
1077 2942 1419 3010 παρεχόντων
1475 2942 1790 3011 αἰνίγματα,

218 3028 363 3081 ὲπάν
408 3028 580 3081 ἰδεῶν
608 3030 810 3093 ἀϊδίων,
842 3033 936 3083 καὶ
960 3034 1057 3102 οὐχ
1088 3034 1197 3102 (ὡς
1238 3032 1482 3085 δοκοῦσιν
1514 3033 1562 3084 oi
1592 3033 1791 3103 πολλοὶ)

220 3118 381 3181 ζώων
414 3120 724 3190 ὲφημερίων
750 3120 914 3190 τιμὰς
938 3118 1156 3174 εἶναιτὰ
1186 3120 1405 3192 τοιαῦτα
1434 3122 1790 3177 διδάσκουσιν·

217 3209 441 3278 εὐήθεις
467 3209 511 3261 δ’
528 3206 685 3275 εἶναι,
716 3210 877 3280 μηδὲν
906 3214 1225 3283 σεμνότερον
1244 3214 1461 3283 τράγων
1486 3213 1575 3264 καὶ
1595 3211 1788 3274 κυνῶν,
1819 3240 1861 3293 C

219 3298 334 3351 τῶν
360 3302 489 3369 παρ’
521 3301 864 3368 Αἰγυπτίοις,
900 3303 1215 3370 εἰσάγοντας
1264 3306 1320 3355 ὲν
1348 3307 1468 3366 ταῖς
1526 3306 1653 3373 περὶ
1702 3304 1791 3355 τοῦ

234 3389 412 3457 Ἰησοῦ
430 3390 727 3460 διηγήσεσι.
751 3410 769 3440 ι
789 3392 898 3443 Καὶ
914 3393 1049 3463 πρὸς
1081 3393 1237 3445 τοῦτο
1263 3394 1319 3445 δὲ
1340 3394 1581 3463 φήσομεν
1601 3410 1614 3425 ’
1639 3395 1705 3443 Ἀ
1714 3396 1791 3462 ρ’,

218 3473 272 3530 ὣ
302 3481 531 3544 γενναῖε,
560 3480 621 3531 τὸ
648 3480 744 3549 μὲν
776 3481 1107 3547 Αἰγυπτίους
1153 3483 1323 3534 πολλά
1369 3483 1463 3533 καὶ
1510 3483 1570 3533 οὐ
1616 3482 1795 3548 φαῦλα

222 3566 563 3637 παρέχεσθαι
602 3567 931 3636 αίνίγματα,
980 3571 1072 3620 καὶ
1123 3570 1349 3637 ἀσαφεῖς
1366 3570 1642 3640 διηγήσεις
1671 3572 1797 3641 περὶ

219 3658 333 3709 τῶν
359 3659 488 3727 παρ’
516 3659 695 3720 αὐτοῖς
711 3657 884 3720 ζώων,
913 3657 1146 3725 εὐλόγως
1163 3661 1405 3733 ἐπαίρεις
1436 3661 1513 3731 τῷ
1538 3660 1707 3730 λόγῳο
1735 3664 1796 3713 οὺ

220 3746 454 3811 δεόντως
483 3747 541 3800 δὲ
573 3751 745 3812 ποιεῖς
772 3749 929 3819 ἡμῶν
963 3750 1278 3820 κατηγορῶν
1303 3790 1316 3812 ,
1364 3751 1439 3812 ὡς
1481 3750 1798 3820 πειθόμενος

226 3836 397 3906 μηδὲν
428 3837 574 3906 ἡμᾶς
621 3837 797 3905 λέγειν
820 3877 835 3901 ,
867 3839 1002 3890 ἀλλά
1052 3841 1227 3893 πάντα
1257 3841 1469 3902 οὐδενὸς
1522 3841 1677 3908 λόγου
1706 3844 1799 3894 καὶ

224 3924 441 3994 φαῦλα·
472 3926 608 3980 ἐπὰν
636 3928 704 3980 τὰ
731 3930 857 3998 περὶ
888 3929 980 3981 τοῦ
1023 3930 1195 3998 Ἰησοῦ
1227 3930 1369 3983 κατά
1394 3931 1492 4001 τήν
1523 3932 1613 3983 τοῦ
1641 3932 1797 3999 λόγου

224 4016 423 4085 σοφίαν
438 4016 815 4089 διεξοδεύωμεν
835 4022 944 4094 τοῖς
962 4021 1035 4084 ὡς
1059 4023 1115 4073 ὲν
1132 4016 1539 4093 Χριστιανισμῷ
1556 4023 1795 4083 τελείοις

226 4106 361 4174 περὶ
384 4099 479 4168 ὧν,
501 4106 575 4170 ὡς
606 4108 802 4162 ίκανῶν
832 4110 1060 4162 ἀκοῦσαι
1077 4111 1175 4180 τῆς
1204 4113 1261 4163 ὲν
1280 4111 1685 4182 Χριστιανισμῷ
1715 4128 1801 4163 σοι

226 4197 384 4265 φίας,
413 4197 677 4252 διδάσκων
700 4201 729 4251 ὁ
761 4199 971 4262 Παῦλός
1000 4217 1128 4270 φησι
1151 4218 1163 4230 '
1202 4220 1219 4249 ι
1252 4200 1800 4268 Σοφίανδὲλαλοῦμεν

227 4291 293 4341 δν
316 4290 430 4349 τοῖς
458 4287 681 4351 τελείοις
699 4306 712 4318 ·
750 4290 940 4357 σοφίαν
963 4290 1021 4341 δὲ
1046 4291 1106 4341 οὐ
1126 4290 1219 4341 τοῦ
1241 4290 1431 4350 αἰῶνος
1450 4290 1660 4350 τούτου,
1682 4290 1801 4340 οὐδὲ

225 4377 343 4427 τῶν
357 4377 629 4447 ἀρχόντων
650 4376 741 4429 τοῦ
763 4379 956 4439 αἰῶνος
979 4378 1166 4430 τούτου
1192 4377 1297 4429 τῶν
1323 4379 1797 4447 καταργουμένωνο

172 4479 184 4488 ’
227 4466 373 4520 ἀλλὰ
400 4464 661 4536 λαλοῦμεν
688 4466 820 4519 Θεοῦ
855 4467 1044 4535 σοφίαν
1073 4471 1131 4520 ὲν
1162 4468 1440 4536 μυστηρίῳ
1470 4468 1566 4537 τὴν
1600 4469 1799 4519 ἀποκε-

1885 2216 2028 2261 tasse
2057 2204 2273 2260 Celsum
2323 2205 2579 2265 arbitror.
2613 2206 2947 2274 Argntnento
2985 2216 3111 2259 sunt
3157 2220 3264 2259 non
3290 2208 3453 2262 modo

1884 2315 2002 2367 qua:
2042 2313 2166 2353 mox
2194 2296 2354 2360 dixit,
2392 2296 2485 2350 sed
2533 2294 2698 2349 etiam
2743 2311 2863 2363 qua:
2908 2296 2975 2348 ad
3026 2280 3451 2365 redarguendam

1885 2390 2317 2443 Christianorum
2350 2384 2668 2440 societatem
2703 2386 2911 2454 profert
2962 2386 3016 2439 in
3049 2390 3401 2455 sequentibus
3432 2406 3446 2452 ;

1888 2482 2147 2534 nimirum
2196 2497 2214 2530 ι
2254 2478 2503 2533 doctrina
2530 2476 2651 2530 fidei
2703 2476 2822 2530 illos
2858 2477 3181 2532 interdicere
3238 2478 3455 2545 sapien-

1891 2574 2035 2628 tibus
2063 2571 2340 2634 omnibus,
2366 2568 2654 2622 admittere
2680 2567 2826 2622 solos
2858 2568 3134 2636 stupidos,
3165 2569 3347 2623 servili
3376 2570 3457 2623 in-

1890 2664 2047 2732 genio
2070 2662 2339 2715 homines.
2372 2678 2390 2710 ›
2420 2660 2495 2712 De
2520 2658 2719 2727 quibus
2746 2671 2846 2712 suo
2872 2666 3111 2727 tempore
3135 2654 3457 2723 videbimus,

1891 2769 2014 2807 cum
2058 2756 2120 2805 ad
2151 2754 2293 2805 hunc
2320 2751 2497 2827 locum
2536 2758 2752 2803 ventum
2793 2740 2919 2803 erit.

1964 2844 2051 2899 l9.
2080 2842 2261 2905 Addit,
2294 2858 2312 2890 ι
2350 2842 2508 2933 nlqbis
2544 2839 2829 2909 Egyptios
2879 2855 2998 2894 esse
3030 2840 3257 2896 ridiculo
3280 2882 3295 2903 ,
3328 2856 3457 2911 pro-

1893 2946 2094 3003 ponere
2135 2943 2315 2986 tamen
2376 2930 2545 3003 htulta
2610 2944 2718 2982 non
2772 2930 3074 2997 spernenda
3129 2932 3456 3000 muigmata;

1894 3021 2326 3091 quandoquidem
2362 3020 2509 3091 ἱάὸρε
2533 3027 2791 3081 aeternas,
2815 3035 2923 3073 non
2951 3028 3155 3083 autem,
3178 3021 3320 3087 quod
3346 3020 3461 3074 νυι.

1894 3128 1992 3182 gus
2022 3120 2194 3180 putat,
2227 3125 2351 3163 mox
2398 3111 2682 3165 interitura
2744 3109 3018 3186 animalia,
3055 3109 3311 3165 colendas
3340 3126 3464 3168 esse

1896 3207 2161 3268 doceant;
2194 3216 2294 3255 nos
2322 3216 2451 3255 vero
2496 3203 2689 3256 stultos
2715 3216 2856 3265 esse,
2892 3202 2990 3269 ,qui
3036 3202 3087 3253 in
3124 3202 3209 3265 iis,
3243 3214 3364 3269 quae
3395 3202 3465 3257 de

1897 3276 2078 3348 Jesu'a
2108 3296 2261 3348 nobis
2284 3295 2555 3357 dicuntur,
2582 3292 2716 3346 nihil
2750 3293 2915 3345 hircis
2940 3293 3272 3359 canibusque
3295 3290 3464 3360 Egy-

1898 3384 2097 3451 ptiacis
2148 3384 2381 3438 nobilius
2425 3381 2737 3436 aﬂ’eramus.
2778 3402 2799 3434 ι
2851 3384 2929 3436 Ad
2975 3398 3095 3451 qua:
3130 3398 3273 3437 nos:
3309 3383 3463 3445 Esto,

1898 3476 1984 3527 vir
2028 3458 2311 3543 praeclare,
2366 3471 2573 3529 meritis
2621 3470 2872 3525 laudibus
2924 3472 3159 3527 extollas
3198 3471 3364 3527 multa
3410 3482 3467 3525 et

1900 3584 2006 3621 non
2034 3554 2449 3630 contemnenda,
2500 3579 2619 3633 qua:
2662 3563 2897 3633 Egyptii
2951 3573 3277 3631 proponunt,
3333 3561 3469 3617 aani-

1902 3669 2080 3728 gmata
2115 3656 2493 3723 involutasque
2536 3656 2603 3708 de
2644 3657 2756 3708 suis
2784 3654 3110 3707 animalibus
3148 3652 3467 3719 explicatio-

1850 3800 1853 3803 .
1902 3740 2036 3806 ires:
2075 3760 2131 3803 at
2163 3765 2269 3803 non
2317 3757 2465 3803 recte
2494 3747 2648 3811 facis,
2699 3761 2821 3800 cum
2868 3746 2933 3797 ad
2964 3759 3064 3821 nos
3108 3745 3468 3798 traducendas

1904 3842 1996 3895 tibi
2030 3842 2082 3893 in
2107 3842 2344 3894 animum
2379 3838 2613 3900 inducis,
2645 3836 2776 3889 nihil
2812 3849 2907 3887 nos
2938 3834 3140 3896 dicere,
3173 3842 3467 3909 nostraque

1901 3934 2080 3986 omnia
2107 3931 2277 3983 futilia
2303 3944 2441 3993 esse,
2469 3931 2670 3983 nullius
2702 3927 2881 3995 pretii,
2914 3928 3133 3992 quando
3160 3925 3245 3989 iis,
3283 3926 3373 3992 qui
3407 3926 3463 3977 in

1904 4019 2320 4076 Christianismo
2344 4029 2470 4075 sunt
2492 4016 2738 4087 perfecti,
2771 4014 2981 4085 delesu
3009 4016 3325 4069 disserimus
3346 4029 3469 4081 qua:

1904 4121 2101 4165 nostrae
2130 4112 2390 4165 doctrina:
2416 4108 2680 4180 sapientia
2716 4107 2870 4161 credi
2901 4104 3074 4172 jubet.
3109 4105 3183 4159 De
3212 4105 3297 4158 his
3315 4116 3375 4157 ut
3400 4105 3469 4158 ad

1906 4203 2311 4271 intelligendam
2364 4202 2512 4256 illam
2544 4197 2951 4253 Christianismi
2993 4196 3314 4265 sapientiam
3351 4193 3467 4271 ida:

1905 4294 2021 4347 neis
2041 4266 2239 4348 Paulus
2260 4294 2374 4347 ait:
2404 4311 2424 4344 ι
2455 4290 2787 4361 Sapientiam
2820 4296 3001 4340 autem
3026 4287 3296 4355 loquimur
3327 4266 3477 4340 inte;

1903 4384 2171 4453 perfectos
2197 4402 2213 4450 ;
2243 4384 2565 4454 sapientiam
2599 4395 2727 4435 vero
2754 4394 2859 4434 non
2880 4379 3038 4447 hujus
3064 4380 3268 4441 saeculi,
3295 4392 3469 4447 neque

1906 4476 2211 4545 principum
2258 4475 2417 4542 hujus
2445 4473 2626 4528 seculi
2650 4473 2742 4540 qui
2771 4471 3152 4535 destruuntur;
3184 4470 3274 4523 sed
3300 4470 3474 4545 loqui-

228 4555 576 4626 κρυμμένην,
604 4558 669 4624 ήν
699 4555 1003 4626 προώρισεν
1020 4559 1049 4609 ό
1071 4556 1202 4618 Θεὸς
1227 4556 1330 4627 πρὸ
1358 4556 1462 4606 τῶν
1498 4554 1705 4608 αίώνων
1721 4558 1792 4619 είς

1907 4581 2031 4620 mnr
2097 4565 2193 4619 Dei
2250 4564 2591 4634 sapientiam~
2624 4562 2678 4615 in
2740 4561 3000 4629 mysterio
3057 4560 3465 4624 absconditam,

228 4646 391 4709 δόξαν
412 4646 587 4715 ήμῶν,
609 4646 674 4715 ἢν
703 4645 879 4711 οὐδεὶς
900 4646 1006 4698 τῶν
1035 4647 1305 4715 ἀρχόντων
1336 4646 1428 4697 τοῦ
1460 4646 1651 4709 αἰῶνος
1681 4648 1799 4699 τού-

228 4751 330 4787 του
359 4734 579 4801 ἔγνωκε.
613 4753 663 4811 ον

310 4918 419 4971 Καί
444 4934 621 4987 φαμεν
652 4918 763 4979 τοῖς
790 4914 1073 4985 ὁμονοοῦσι
1096 4915 1175 4984 τῷ
1199 4916 1411 4982 Κέλσῳ,
1438 4917 1517 4967 ὅτι
1548 4916 1800 4984 οὐδεμίαν
1888 4929 1915 4939 ί

231 5009 349 5078 ἄρα
376 5005 775 5075 φανταζόμενος
823 5005 1017 5072 σοφίαν
1058 5007 1086 5055 ό
1129 5005 1337 5066 Παῦλος
1385 5004 1757 5076 ὑπερέχουσαν
1784 5045 1799 5068 ,

230 5097 605 5168 ἐπηγγέλλετο
638 5096 827 5163 σοφίαν
869 5094 1056 5161 λαλεῖν⁵
1077 5096 1134 5147 ὲν
1160 5098 1271 5156 τοῖς
1300 5095 1551 5157 τελείοις⁸
1585 5097 1804 5148 ἐπειδὰν

229 5187 295 5239 δὲ
324 5185 464 5255 κατᾲ
495 5186 554 5237 τὺ
581 5183 770 5238 ἑαυτοῦ
800 5184 972 5253 θρασὺ
998 5185 1167 5256 φήσῃ,
1193 5184 1272 5236 ὅτι
1300 5185 1448 5236 οὐδὲν
1472 5184 1608 5254 έχων
1642 5187 1802 5254 σοφὸν

313 5348 362 5378 ⁸⁸
397 5346 415 5399 l
444 5343 573 5399 Cor.
604 5360 703 5407 xu,
729 5340 802 5398 8.‘
863 5346 907 5375 “
941 5345 957 5397 Ι
990 5344 1117 5399 Cor.
1156 5362 1214 5408 η,
1246 5344 1279 5397 6
1304 5362 1457 5415 seqq.

307 5504 434 5624 (Ol:l
464 5498 935 5566 Ἀπαντήσομεν.
954 5498 1132 5553 Recte
1160 5501 1327 5553 codex
1360 5497 1626 5565 Jolianus,
1664 5503 1802 5555 male

301 5590 368 5624 ro
423 5572 529 5624 'hh.
560 5569 947 5624 antea'excusi,
987 5568 1447 5624 ἀπαντησόμενον.

226 5568 368 5632 νεὼ
404 5568 529 5625 libb.
560 5568 1447 5638 alitea'eXcttsi,_dmvmo-o'pevov.

300 5642 418 5712 (92)
458 5642 559 5695 Ἐν
587 5636 666 5712 τῷ
701 5634 919 5712 πᾳνζίοη
948 5634 1203 5691 Delenda'
1228 5634 1438 5693 videtur
1470 5638 1685 5702 vocula,
1715 5641 1792 5702 ὲν,

228 5702 1033 5780 ιιιῖιιᾷιιριπεειεβιίεειη-γέγονενἶ
1126 5770 1141 5780 Δ
1395 5774 1407 5780 _
1469 5756 1475 5780 ξ

309 5777 424 5851 (93)
448 5770 750 5851 "ltum.
768 5772 1102 5851 Hmchelius
1126 5770 1181 5851 ip
1216 5782 1360 5851 textu
1394 5774 1581 5851 habet,
1600 5774 1790 5842 ἄλλων,

234 5842 433 5923 eam;
456 5842 621 5905 ωειεέ
649 5843 911 5907 Joliauus,
944 5842 1037 5895 scil
1068 5842 1258 5911 reliqui
1298 5858 1451 5910 mss.,
1488 5844 1713 5911 ἀλόγων.

1904 4672 2070 4726 quam
2110 4653 2513 4724 pmdestinavit
2558 4653 2698 4704 Deus
2746 4659 2871 4703 ante
2925 4648 3116 4703 saecula
3159 4650 3212 4702 in
3240 4649 3469 4721 gloriam

1908 4756 2169 4806 nostram,
2204 4760 2367 4812 quam
2412 4758 2571 4798 nemo
2621 4744 2925 4814 principum
2971 4739 3130 4807 hujus
3164 4740 3343 4794 saeculi
3374 4754 3493 4815 (ιο-ν

1904 4838 2089 4907 gnovit
2122 4838 2186 4887 ⁶¹.
2219 4856 2237 4885 ι
2860 4862 2867 4868 -
3391 4830 3421 4879 .’

1969 4928 2059 4981 20.
2094 4927 2193 4981 Hic
2226 4926 2366 4981 Celsi
2414 4928 2652 4979 asseclas
2688 4926 2983 4990 interrogo,
3037 4936 3104 4972 an
3143 4918 3367 4983 Paulus,
3418 4923 3466 4973 si

1903 5019 2100 5072 nullam
2140 5020 2322 5071 animo
2356 5016 2701 5071 informatam
2728 5013 3008 5066 habuisset
3029 5010 3352 5064 excellentis
3379 5026 3469 5064 sa-

1907 5111 2125 5179 pientiae
2174 5110 2471 5172 notionem,
2501 5106 2841 5173 promisisset
2871 5117 2928 5155 se
2959 5102 3277 5169 sapientiam
3322 5102 3467 5153 locn-

1912 5209 2090 5251 turum
2112 5212 2233 5251 esse
2264 5197 2403 5249 inter
2431 5192 2735 5263 perfectos?
2763 5191 3027 5256 Quoniam
3056 5204 3203 5259 vero,
3228 5205 3345 5258 quae
3370 5204 3467 5242 sua

1982 5503 2093 5572 (91)
2126 5503 2237 5557 Τοῦ
2264 5506 2469 5572 λόγου.
2492 5503 2692 5557 Omnes
2722 5516 2853 5556 mss.
2878 5502 3102 5572 habent,
3124 5504 3251 5562 τοὺς
3275 5500 3466 5567 λόγους

1909 5583 2137 5640 excepto
2171 5571 2640 5627 veteri’llaticano
2689 5573 2779 5639 qui
2820 5572 3035 5641 quidem
3096 5571 3464 5641 habetprima

1907 5637 2093 5705 manu,
2128 5645 2254 5705 τοὺς
2282 5643 2491 5709 λόγους,
2525 5644 2618 5695 sed
2671 5637 2903 5695 sccunda
2935 5650 3091 5691 manu
3126 5637 3420 5709 tetigtdyou
3446 5678 3463 5701 ,

1833 5715 1846 5738 ‘
1908 5719 2074 5763 recte.
2104 5711 2225 5765 Mox
2267 5705 2404 5765 idem
2436 5713 2601 5765 codex
2644 5710 2959 5770 Vaticanus,
2998 5708 3189 5777 μόνους
3216 5705 3271 5756 ss
3300 5706 3464 5775 ἀνοή-

1901 5794 2045 5844 τρυς.
2078 5778 2135 5835 lu
2164 5792 2321 5836 antea
2347 5783 2564 5837 excusis
2589 5781 2739 5835 deest
2764 5778 3025 5849 particula
3054 5776 3133 5826 δέ.
