4076 6310
685 384 791 445 9ιῖ

2122 395 2440 453 ORIGEN'IS

3805 402 3949 456 οδε·

690 505 903 557 illorum
935 513 991 557 et
1020 500 1144 556 Jesu
1205 503 1463 557 historiae.
1487 504 1572 557 An
1595 502 1756 573 461
1805 504 1944 559 volet
1971 505 2158 561 Celsus
2185 510 2247 562 il-

2349 507 2612 573 φαντεῖδὲ
2641 507 2728 558 τὸν
2779 507 2932 574 λόγον
2973 509 3000 558 ὀ
3039 509 3259 572 Κέλσος,
3305 508 3476 577 λέγων
3511 508 3687 564 ἀὑτὸν
3739 487 3940 580 ὦφθαῄ

687 595 859 651 lorum
883 608 1064 648 veram
1096 610 1216 648 esse
1237 634 1251 657 ,
1286 596 1444 663 hujus
1502 604 1677 647 autem
1730 596 2013 650 conﬁctam
2037 639 2052 663 ,
2082 614 2242 666 quam

687 686 1020 752 scripseram
1063 686 1096 738 ii
1149 685 1239 752 qui
1303 699 1482 738 rerum
1531 684 1774 736 omnium
1835 687 2032 740 oculati
2082 698 2243 743 testes

683 783 858 836 erant,
892 775 982 841 qui
1017 788 1074 827 re
1115 774 1468 826 ostenderunt
1525 775 1624 827 sibi
1657 777 1933 844 explorata
1979 792 2098 833 esse
2127 793 2243 846 quae

683 863 950 931 viderant,
979 863 1070 930 qui
1097 847 1327 930 denique
1349 877 1458 931 quo
1503 864 1683 917 animo
1709 880 1914 930 essent,
1970 869 2243 936 perferen-

684 952 766 1005 dis
793 951 1050 1005 alacriter
1084 953 1201 1019 ejus
1240 952 1498 1009 doctrina:
1537 971 1700 1012 causa
1739 957 2014 1026 suppliciis
2057 959 2245 1012 testiﬁ-

685 1041 788 1093 cati
814 1042 984 1094 sunt?
1020 1041 1216 1110 Ecquis
1244 1042 1430 1097 volens
1485 1055 1630 1099 recte
1685 1046 1864 1100 facere
1914 1047 2128 1112 omnia,
2161 1057 2244 1100 te-

685 1142 832 1183 mere
861 1129 1190 1183 asscntiatur
1220 1129 1285 1193 ijs
1317 1144 1436 1196 qua:
1475 1133 1540 1184 de
1578 1131 1681 1186 illis
1732 1133 1923 1185 tradita
1963 1140 2120 1189 sunt.
2181 1146 2241 1183 ea

681 1234 829 1283 vero,
856 1236 975 1289 quas
1009 1223 1074 1275 de
1099 1221 1225 1276 Jesu
1277 1221 1540 1287 feruntur,
1593 1224 1796 1291 absque
1837 1222 1945 1277 ullo
1998 1222 2244 1276 examine

684 1310 923 1379 rejiciat?

753 1565 842 1630 24.
879 1575 1085 1629 Rursus
1126 1593 1246 1630 cum
1287 1578 1352 1630 de
1398 1577 1710 1648 .Esculapio
1753 1581 1956 1635 dicitur
1986 1596 2239 1652 magnam

685 1668 958 1721 hominum
994 1669 1399 1722 multitudinem
1445 1671 1756 1724 Graecorum
1797 1679 1847 1724 et
1885 1671 2240 1728 barbarorum

685 1759 884 1812 vidisse
909 1767 963 1810 et
990 1759 1166 1812 adhuc
1195 1759 1401 1821 videre,
1431 1774 1538 1812 non
1587 1766 1862 1826 spectrum
1924 1762 2122 1829 ipsum,
2147 1764 2239 1817 sed

683 1850 976 1915 ipsummet
1027 1859 1349 1912 saltantem,
1396 1849 1657 1902 beneﬁcia
1713 1849 2116 1914 conferentem,
2155 1869 2243 1907 res
2275 1823 2316 1874 Β

683 1936 895 1992 futuras
928 1936 1328 2004 praedicentem,
1358 1937 1594 2005 postulat
1619 1938 1805 1994 Celsus
1835 1947 1893 1990 ut
1931 1953 2029 1991 nos
2057 1943 2244 1994 creda-

682 2041 844 2091 mus;
885 2042 1056 2094 neque
1088 2027 1181 2079 iis
1217 2028 1306 2094 qui
1345 2027 1397 2079 in
1447 2026 1629 2080 Jesum
1680 2031 1908 2083 credunt
1949 2033 2242 2098 exprobrat

678 2118 820 2185 quod
845 2116 950 2169 illis
981 2117 1145 2170 rebus
1189 2117 1425 2168 tribuant
1455 2116 1624 2169 ﬁdem
1659 2132 1674 2170 :
1703 2120 1925 2186 quando
1948 2129 2128 2173 autem
2162 2121 2244 2172 di-

679 2206 920 2274 scipulis,
946 2208 1039 2274 qui
1073 2205 1330 2259 miracula
1373 2203 1499 2259 .lesu
1537 2209 1789 2261 viderunt
1837 2210 2029 2276 suique
2075 2209 2240 2262 animi

679 2290 1047 2350 sinceritatem
1098 2300 1543 2365 comprobarunt,
1591 2299 1958 2361 assentimur;
1989 2313 2086 2352 nos
2119 2299 2239 2352 εει.

681 2400 773 2442 sus
796 2389 1024 2457 appellat
1053 2387 1253 2446 fatuos,
1285 2389 1532 2454 quamvis
1556 2400 1746 2439 eorum
1799 2389 2125 2455 probitatem
2158 2388 2241 2440 in-

681 2481 1121 2550 genuitatemque
1142 2482 1452 2542 videamus,
1483 2489 1744 2550 quantum
1775 2493 1840 2531 ex
1875 2479 2090 2545 scriptis
2123 2478 2244 2529 aui-

683 2584 830 2622 mum
857 2570 1040 2623 videre
1063 2571 1225 2634 licet;
1256 2585 1435 2636 neque
1469 2579 1646 2624 tamen
1675 2569 1961 2622 ostendere
2009 2567 2244 2635 potuerit

681 2659 1154 2727 innumerabilem,
1187 2672 1245 2714 ut
1297 2659 1571 2727 loquitur,
1617 2657 2019 2712 multitudinem
2069 2656 2247 2708 homi-

680 2762 806 2799 num
835 2744 1146 2800 Gmcorum
1171 2755 1226 2801 et
1265 2749 1644 2810 barbarorum,
1674 2748 1767 2815 qui
1797 2745 2114 2812 IEsculapio
2150 2759 2240 2797 as-

679 2837 1142 2893 sentiantur..Nos
1183 2847 1396 2904 contra,
1433 2839 1537 2892 hoc
1567 2840 1611 2892 si
1665 2852 1919 2904 magnum
1963 2837 2091 2904 quid
2123 2851 2243 2888 esse

2346 596 2520 649 σκιάν.
2551 598 2660 648 Καὶ
2685 597 3111 661 συνεξεταζέσθω
3137 616 3198 666 γε
3222 599 3289 651 τά
3307 599 3416 651 τῶν
3441 602 3567 671 περὶ
3598 602 3805 655 ἐκείνου
3838 602 3912 672 (8)

2347 686 2590 754 ἱστοριῶν
2621 691 2687 756 τῇ
2720 688 2846 757 περὶ
2878 688 2971 739 τοῦ
3013 689 3205 757 Ἰησοῦ.
3237 691 3306 740 Ἢ
3328 690 3509 743 ἐκεῖνα
3541 691 3638 759 μὲν
3673 690 3914 759 βούλεται

2343 774 2371 822 ὁ
2416 771 2618 834 Κέλσος
2678 769 2814 825 εἷναι
2848 773 3050 843 ἀληθῆ,
3080 775 3249 828 ταῦτα
3290 776 3346 828 δὲ
3380 777 3763 847 ἀναγραφέντα
3810 779 3915 831 ὑπὸ

2344 861 2448 913 τῶν
2487 861 2851 930 τεθεαμένων,
2880 864 2972 913 καὶ
2998 863 3076 932 τῷ
3111 865 3253 934 ἔργῳ
3294 867 3580 932 δειξάντων
3614 867 3712 936 τὴν
3757 871 3914 938 ἐνάρ-

2343 965 2496 1016 γειαν
2517 951 2616 1020 τῆς
2654 951 3003 1018 καταλήψεως
3046 955 3172 1022 περὶ
3209 952 3299 1005 τοῦ
3345 956 3775 1025 τεθεωρημένον,
3825 957 3916 1008 καὶ

2346 1039 2802 1108 παραστησάντων
2830 1040 2926 1109 τὴν
2954 1039 3191 1094 διάθεσιν
3223 1045 3279 1096 ἐν
3311 1040 3393 1106 οἷς
3434 1046 3726 1116 προθύμως
3775 1047 3914 1116 ὑπὲρ

2343 1127 2616 1194 τοῦλόγου
2661 1129 2823 1181 αὑτοῦ
2865 1130 3224 1193 πεπόνθασιν,
3264 1129 3403 1187 εἶναι
3447 1136 3742 1204 πλάσματα
3767 1152 3782 1200 ;
3809 1138 3915 1189 Καὶ

2342 1221 2425 1281 τίς
2457 1219 2541 1281 ἂν,
2575 1220 2714 1272 κατά
2747 1220 2807 1272 τὸ
2830 1219 3046 1286 εὔλογον
3076 1221 3251 1274 πάντα
3282 1225 3537 1294 πράττειν
3575 1225 3766 1287 θέλων,
3787 1226 3916 1278 ἀπο-

2344 1313 2693 1383 κληρωτικῶς
2746 1315 3134 1382 συγκατάθοιτο
3161 1313 3234 1384 (9)
3262 1312 3362 1382 μὲν
3399 1313 3524 1383 περὶ
3550 1313 3773 1365 ἐκείνων
3797 1329 3811 1342 ο
3840 1315 3917 1373 εις

2343 1403 2398 1455 δέ
2425 1405 2492 1455 τὰ
2520 1405 2644 1473 περὶ
2676 1405 2861 1458 τούτου
2890 1406 3255 1471 ἀνεξετάστως
3282 1403 3465 1474 ὁρμῶν
3487 1404 3786 1472 ἀπιστήσαι
3810 1406 3916 1464 τπῖς

2347 1494 2474 1563 περὶ
2507 1493 2669 1545 αὑτοῦ
2691 1512 2706 1557 ;

2415 1584 2521 1634 Καὶ
2551 1582 2718 1654 πάλιν,
2738 1581 2871 1635 ἐπάν
2900 1583 2996 1652 μὲν
3031 1581 3271 1652 περὶτοῦ
3311 1577 3637 1651 ’Δσκληπιοῦ
3665 1580 3914 1651 λέγηται,

2343 1672 2421 1723 ὃτι
2449 1671 2581 1723 πολὺ
2608 1669 2905 1740 ἀνθρώπων
2941 1670 3146 1738 πλῆθος
3181 1670 3442 1740 Ἑλλήνων
3487 1687 3548 1722 τε
3590 1671 3686 1723 καὶ
3713 1671 3918 1741 βαρϐά-

2348 1781 2456 1833 ρων
2495 1762 2744 1831 ὁμολογεῖ
2767 1762 3024 1824 πολλάκις
3054 1763 3199 1823 ἰδεῖν,
3225 1761 3319 1813 καὶ
3348 1760 3429 1812 ἔτι
3463 1761 3616 1830 ὁρᾷν,
3642 1761 3702 1812 οὐ
3729 1763 3918 1831 φάσμα

2345 1852 2475 1904 αὐτὸ
2503 1852 2680 1914 τοῦτο,
2706 1851 2839 1903 ἀλλά
2873 1850 3239 1921 Θεραπεύοντα
3265 1850 3358 1902 καὶ
3389 1850 3797 1920 εὐεργετοῦντα,
3824 1854 3918 1904 καὶ

2344 1941 2412 1993 τά
2449 1942 2706 2010 μέλλοντα
2739 1943 3090 2012 προλέγοντα,
3139 1944 3410 1994 πιστεύειν
3453 1942 3600 2009 ἡμᾶς
3643 1942 3673 1991 ὁ
3713 1940 3920 2003 Κέλσος

2344 2030 2504 2095 ἀξιοῖ,
2536 2032 2629 2082 καὶ
2659 2032 2758 2082 οὐκ
2794 2031 3013 2097 ἐγκαλεῖ
3042 2032 3154 2092 τοῖς
3194 2031 3273 2091 είς
3302 2029 3392 2081 τὸν
3434 2029 3637 2099 Ἰησοῦν
3685 2031 3914 2090 πιστοῖς,

2343 2121 2478 2172 ἐπὰν
2513 2120 2719 2183 τούτοις
2753 2121 3093 2188 πιστεύωμεν
3120 2121 3250 2186 (10)·
3287 2119 3423 2171 ἐπὰν
3464 2119 3521 2171 δὲ
3571 2121 3685 2180 τοῖς
3735 2118 3914 2187 μαθη-

2341 2212 2460 2270 ταῖς
2514 2209 2607 2261 καὶ⁸
2649 2207 2994 2275 τεθεαμένοις
3042 2206 3110 2258 τά
3153 2206 3411 2276 τεράστια
3457 2205 3550 2257 τοῦ
3589 2205 3783 2274 Ἰησοῦ,
3821 2206 3918 2256 καὶ

2344 2300 2665 2366 παριστᾶσιν
2697 2295 2947 2366 ἐναργῶς
2979 2297 3040 2348 τὸ
3073 2296 3350 2364 εὔγνωμον
3372 2296 3467 2364 τῆς
3494 2294 3701 2346 ἐαυτῶν
3743 2311 3919 2345 συνει-

2342 2389 2547 2456 δήσεως
2577 2385 3066 2454 συγκαταθιῦμεθα,
3095 2385 3326 2454 ὁρῶντες
3349 2384 3411 2436 τὸ
3445 2383 3787 2453 ἀπάνουργον
3819 2385 3919 2436 αὐ-

2341 2475 2467 2538 τῶν,
2499 2477 2620 2527 ὅσον
2671 2475 2818 2528 ἐστὶν
2871 2476 2996 2527 ἰδεῖν
3041 2474 3344 2542 συνείδησιν
3389 2473 3495 2525 ἀπὺ
3538 2474 3915 2542 γραμμάτων·

2343 2566 2551 2635 εὐήθεις
2583 2567 2726 2626 τινές
2756 2561 2892 2617 εἶναι
2942 2565 3056 2632 (Η)
3093 2563 3242 2632 παρά
3290 2562 3368 2632 τῷ
3416 2563 3606 2632 Κέλσῳ
3656 2562 3918 2632 ὀνομαζό-

2351 2657 2507 2723 μεθα,
2556 2657 2655 2708 οὐκ
2687 2655 2860 2724 ἔχοντι
2899 2654 3244 2724 παραστῆσαι
3294 2653 3569 2722 ἀμύθητον
3617 2653 3712 2723 (ῶς
3761 2657 3916 2723 φησι)

2344 2747 2545 2816 πλῆθος
2593 2743 2889 2816 ἀνθρώπων
2930 2745 3191 2814 Ἑλλήνων
3245 2745 3338 2796 καὶ
3389 2743 3679 2814 βαρὸάρων
3724 2743 3919 2812 ὁμολο-

2341 2838 2580 2905 γούντων
2624 2836 2954 2905 ’Δσκληπιῷ,
2990 2837 3178 2905 Ἡμεῖς
3200 2835 3328 2904 γὰρ,
3355 2835 3403 2885 εί
3427 2834 3584 2885 τοῦτο
3605 2833 3799 2902 σεμνὸν
3828 2828 3888 2884 εἰ

680 2937 852 2993 putat,
899 2927 1046 2980 clare
1077 2928 1410 2981 ostendimus
1447 2927 1899 2981 innumerabilem
1951 2924 2240 2993 quamdam

2348 2945 2428 2980 ναι
2457 2927 2685 2996 νομίζει,
2727 2926 2968 2995 ἐναργῶς
3007 2925 3291 2994 δείκνυμεν
3324 2924 3598 2994 ἀμύθητόν
3628 2941 3682 2974 τι
3715 2922 3917 2993 πλῆθίς

665 3015 1079 3070 multitudinem
1115 3016 1426 3070 Graecorum
1457 3025 1511 3069 et
1558 3012 1920 3070 barbarorum
1952 3018 2042 3084 qui
2075 3017 2242 3070 conﬁ-

2353 3017 2615 3087 Ἐλλὴνων
2637 3035 2696 3069 τε
2726 3018 2818 3068 καὶ
2850 3015 3136 3084 βαρϐάρων
3156 3013 3554 3082 ὁμολογούντων
3585 3010 3665 3079 τῷ
3702 3010 3878 3079 Ἰησοί
3905 3027 3914 3039 -

685 3113 864 3158 tentur
891 3105 1073 3158 Iesum
1106 3123 1117 3158 :
1145 3120 1377 3173 quorum
1411 3107 1628 3173 quidam
1673 3107 1726 3158 in
1757 3106 1821 3158 iis
1857 3121 1994 3173 quos
2029 3115 2240 3169 curant,

2348 3109 2486 3168 τινές
2505 3107 2559 3158 δέ
2593 3109 2791 3174 σημεῖα
2818 3104 2910 3156 τοῦ
2945 3103 3220 3170 εἰληφέναι
3253 3119 3304 3154 τι
3332 3100 3418 3154 διά
3444 3100 3549 3170 τὴν
3578 3100 3760 3152 πίστιν
3789 3099 3919 3150 ταύ-

680 3193 988 3262 signiﬁcant
1012 3210 1072 3248 se
1099 3208 1192 3263 per
1231 3196 1368 3248 hanc
1414 3195 1569 3247 ﬁdem
1618 3195 1911 3247 miriﬁcum
1963 3195 2240 3262 quidpiam

683 3287 993 3360 accepisse;
1033 3288 1232 3357 quippe
1274 3289 1409 3341 nihil
1440 3288 1584 3342 aliud
1619 3289 1670 3342 in
1699 3301 1795 3340 eos
1830 3287 1919 3354 qui
1969 3290 2247 3342 curatione

681 3391 821 3444 opus
850 3376 1068 3441 habent,
1096 3378 1371 3441 invocant,
1397 3393 1560 3447 quam
1618 3392 1929 3445 supremum
1961 3378 2124 3430 Deum
2158 3378 2242 3432 Je-

683 3481 853 3535 suque
903 3481 1122 3530 nomen,
1159 3468 1410 3537 adjuncta
1435 3469 1501 3521 de
1534 3468 1638 3521 isto
1664 3468 1911 3521 historia.
1941 3466 2032 3520 llis
2065 3478 2119 3521 et
2150 3485 2247 3523 nos

686 3557 918 3611 vidimus
974 3558 1170 3611 multos
1245 3560 1496 3627 gravibus
1555 3559 1914 3612 incommodis
1962 3559 2242 3624 liberatos,
2292 3617 2298 3626 Δ

684 3645 1012 3700 alienatione
1044 3647 1261 3712 mentis,
1297 3648 1527 3712 insania,
1550 3648 1776 3714 aliisque
1806 3646 2098 3710 sexcentis,
2129 3663 2246 3716 qua:

686 3751 857 3803 neque
896 3737 1162 3801 homines,
1196 3753 1372 3805 neque
1408 3739 1668 3792 damouia
1695 3749 2045 3792 sanaveruut.

756 3913 845 3965 25.
881 3913 986 3965 Sed
1013 3911 1117 3966 etsi
1160 3912 1379 3965 daretur
1414 3913 1678 3964 medicum
1721 3913 2004 3976 quemdam
2045 3916 2244 3967 daamo-

689 4013 809 4052 nem
837 4000 1208 4066 Esculapium
1241 4001 1477 4064 nomine,
1503 4000 1702 4052 mederi
1730 4001 2074 4068 corporibus,
2099 4004 2245 4056 dice-

689 4104 803 4141 rem
849 4090 916 4140 ad
971 4088 1090 4141 illos
1119 4089 1208 4155 qui
1262 4089 1402 4140 istud
1446 4087 1808 4151 admirantur,
1857 4099 1950 4141 aut
1988 4091 2248 4157 Apollinis

689 4178 1072 4230 divinationem
1111 4192 1124 4229 :
1157 4177 1213 4230 Si
1244 4177 1609 4231 curantlorum
1639 4189 1928 4243 corporum
1953 4192 2042 4231 ars
2078 4195 2248 4246 neque

690 4267 889 4320 bonum
917 4267 1046 4335 quid
1072 4281 1243 4332 neque
1282 4265 1481 4318 malum
1520 4273 1626 4329 est,
1650 4273 1704 4316 et
1736 4264 1788 4316 in"
1814 4263 1983 4318 bonos
2007 4281 2158 4333 atque
2187 4283 2250 4320 ac

687 4357 966 4424 improbos
1000 4356 1179 4417 cadat,
1206 4365 1261 4408 et
1279 4355 1459 4408 futura
1483 4357 1852 4424 praenoscendi
1887 4357 1970 4409 vis
1991 4357 2062 4410 sit
2085 4358 2248 4410 etiam

2348 3213 2445 3265 την
2470 3194 2892 3264 παραδοξότερον
2933 3191 3336 3244 ἐπιδείκνυνται
3370 3191 3426 3240 ἐν
3458 3183 3539 3251 οἷς
3581 3187 3918 3257 θεραπεύου-

2350 3302 2431 3335 σιν
2451 3303 2462 3313 ·
2502 3285 2650 3335 οὐδὲν
2678 3284 2802 3336 ἄλλο
2825 3280 3110 3341 καλοῦντες
3142 3280 3237 3331 ἐπὶ
3268 3279 3392 3339 τοὺς
3429 3277 3713 3346 δεομένους
3755 3277 3920 3346 θερα-

2349 3375 2505 3436 πείας
2537 3375 2570 3443 ἢ
2603 3374 2693 3426 τὸν
2712 3374 2804 3435 ,ἐπὶ
2838 3375 2968 3425 πᾶσι
3001 3370 3153 3432 Θεὸν,
3189 3371 3283 3422 καὶ
3313 3369 3373 3422 τὺ
3403 3367 3496 3421 τοῦ
3536 3367 3708 3436 Ἰησοῦ
3746 3367 3922 3436 ὄνομα

2351 3464 2486 3535 μιτά
2511 3466 2606 3534 τῆς
2631 3447 2755 3534 περὶ
2787 3463 2950 3516 αὐτοῦ
2983 3461 3238 3532 ἱστορίας.
3265 3460 3484 3522 Τούτοις
3499 3458 3607 3528 γάρ
3638 3459 3731 3511 καὶ
3756 3459 3921 3526 ἡμεῖς

2348 3556 2669 3627 ἑωράκαμεν
2695 3554 2919 3616 πολλοὺς
2943 3551 3349 3619 ἀπαλλαγέντας
3377 3550 3623 3621 χαλεπῶν
3657 3565 3924 3618 συμπτω-

2351 3649 2554 3717 μάτων,
2610 3649 2702 3699 καὶ
2742 3647 3047 3698 ἐκστάσεων
3083 3643 3175 3695 καὶ
3211 3641 3434 3710 μανιῶν,
3476 3641 3570 3692 καὶ
3601 3641 3776 3693 ἄλλων
3816 3658 3922 3709 μυ-

2352 3737 2500 3806 ρίων,
2535 3737 2677 3808 άπερ
2712 3734 2822 3786 οὔτ’
2866 3735 3137 3802 ἄνθρωποι
3167 3729 3289 3781 οὔτε
3314 3730 3565 3798 δαίμονες
3607 3729 3920 3800 ἐθεράπευ-
3949 3746 3954 3750 ·

2348 3845 2468 3880 σαν.

2421 3917 2540 3966 ἰνα
2578 3915 2634 3965 δέ
2681 3913 2774 3964 καὶ
2814 3913 2888 3963 δῶ
2921 3913 3053 3978 (19.),
3099 3911 3279 3979 ἰατρόν
3327 3927 3447 3961 τινα
3483 3909 3701 3977 δαίμονα
3751 3907 3923 3977 θερα-

2350 4002 2534 4062 πεύειν
2581 3999 2808 4068 σώματα
2850 3999 2940 4049 τὸν
2970 3997 3300 4065 καλούμενον
3338 3995 3676 4065 Ἀσκληπιὸν,
3707 3995 3924 4062 εἴποιμ’

2349 4092 2414 4142 ἂν
2440 4089 2574 4159 πρὸς
2615 4089 2739 4149 τοὺς
2777 4085 3149 4156 θαυμάζοντας
3179 4085 3240 4136 τὸ
3279 4083 3504 4146 τοιοῦτο,
3533 4085 3565 4154 ἢ
3598 4084 3690 4153 τήν
3719 4083 3927 4135 Ἀπόλ-

2351 4181 2514 4241 λωνος
2545 4177 2821 4247 μαντείαν,
2855 4177 2935 4227 ὅτι
2964 4175 3132 4244 Εἴπερ
3167 4174 3327 4243 μέσον
3353 4176 3554 4249 ἐστίνή
3583 4173 3685 4226 τῶν

2350 4288 2457 4322 των
2501 4269 2736 4338 ἰατρικὴ,
2772 4269 2866 4320 καὶ
2909 4270 3137 4338 πρᾶγμα
3176 4273 3374 4322 πῖπτον
3403 4268 3502 4319 οὐκ
3546 4269 3624 4329 εἰς
3669 4267 3926 4327 ἀστείους

2357 4362 2535 4430 μόνον,
2563 4358 2697 4411 ἀλλὰ
2740 4361 2832 4411 καὶ
2876 4359 3128 4428 φαύλους,
3161 4359 3320 4427 μέσον
3355 4359 3411 4410 δέ
3452 4360 3546 4411 καὶ
3573 4359 3606 4427 ή
3648 4357 3777 4426 περὶ
3811 4358 3926 4410 τῶν

688 4447 815 4513 quid
849 4446 1161 4501 indiﬁ‘erens
1179 4446 1300 4516 (nec
1323 4448 1467 4500 enim
1507 4447 1689 4501 statim
1716 4445 1808 4512 qui
1832 4445 2011 4500 futura
2040 4463 2247 4516 pramo-

2361 4451 2657 4520 μελλὸντων
2711 4451 3011 4521 πρόγνωσις
3053 4452 3131 4519 (ού
3163 4451 3272 4524 γὰρ
3308 4451 3521 4513 πάντως
3557 4449 3818 4519 ἐμφαίνει
3869 4450 3928 4500 τὸ

689 4537 814 4602 scit,
841 4538 1002 4591 etiam
1036 4539 1118 4592 vir
1151 4540 1327 4592 bonus
1354 4538 1480 4610 est),
1523 4540 1744 4608 probate
1777 4539 1946 4593 malos
1977 4553 2082 4592 non
2127 4555 2246 4594 esse

687 4627 780 4695 qui
808 4638 999 4681 sanant
1022 4638 1117 4681 aut
1148 4640 1520 4698 praenoscunt;
1555 4632 1813 4699 quosdam
1846 4638 1994 4682 certo
2027 4629 2252 4683 demon-

690 4717 851 4768 strari
881 4719 1074 4782 honos,
1101 4729 1158 4773 et
1197 4737 1387 4789 parum
1440 4723 1630 4777 abesse
1657 4732 1713 4775 ut
1742 4721 1813 4773 dii
1849 4708 2246 4776 existimentur.

691 4800 798 4855 Sed
827 4820 930 4859 non
973 4819 1225 4874 poterunt
1255 4811 1423 4866 bonos
1453 4814 1684 4882 probare
1717 4830 1809 4870 eos
1833 4831 1974 4880 esse,
2020 4815 2110 4881 qui
2162 4827 2250 4866 sa-

694 4903 825 4946 nant
850 4905 941 4965 aut
969 4899 1059 4963 qui
1096 4910 1463 4965 praznoscunt.
1493 4901 1643 4956 Multi
1680 4903 1824 4958 enim
1863 4903 2118 4956 dicuntur
2160 4916 2247 4955 sa-

695 4983 823 5045 nali,
850 4983 939 5066 qui
977 4991 1081 5040 vita
1116 4991 1318 5058 indigni
1343 5000 1521 5056 erant,
1563 4999 1618 5044 et
1652 4990 1849 5059 quibus
1879 4991 2095 5059 sapiens
2133 5006 2244 5044 me-

777 5189 846 5255 l8)
877 5188 1026 5260 MSS”
1059 5191 1128 5240 τὰ
1169 5193 1274 5242 τῶν
1319 5191 1445 5260 περὶ
1491 5192 1720 5243 ἐκείνου.
1753 5191 1909 5260 Libh,
1943 5191 2150 5260 excusi,
2196 5190 2262 5242 τά

696 5261 822 5328 περὶ
851 5258 955 5308 τῶν
988 5260 1213 5329 ἐκείνου,
1251 5264 1340 5311 sed
1391 5257 1692 5324 legendum,
1726 5258 1793 5310 τὰ
1821 5257 1926 5309 τῶν
1955 5259 2084 5329 περὶ
2116 5261 2261 5311 ἐκεί-

694 5348 822 5388 νων,
854 5338 908 5376 ut
939 5338 1119 5377 monet
1153 5328 1486 5382 lluhvrellus.

766 5398 837 5468 (9)
871 5394 1339 5468 Συγκσζιὶ-θοιτο,
1373 5408 1476 5448 etc.
1507 5397 1656 5452 Haud
1698 5400 1812 5451 scio
1859 5415 1925 5450 an
1960 5397 2244 5467 legendum
2288 5399 2289 5415 ³

693 5464 1228 5538 εἱιζίσυγκατ-άοοιῖο
1291 5466 1384 5531 μὲν
1443 5470 1555 5538 τοῖς
1610 5470 1734 5538 περὶ
1797 5464 2060 5521 ὲκείνωνῖ’
2095 5469 2253 5522 Certe

693 5537 857 5604 paulo
887 5544 1006 5600 post
1043 5534 1095 5607 iu
1121 5533 1728 5607 allero_membro-mss.
1767 5538 1982 5599 habent,
2019 5539 2250 5607 ἀπιστή-

694 5599 783 5659 im
819 5607 927 5665 τοῖς
982 5601 1106 5672 περὶ
1151 5599 1335 5652 αὑτοῦ.
1376 5599 1430 5652 In
1481 5603 1630 5657 libris
1679 5619 1834 5659 antea
1886 5609 2047 5660 editis
2097 5599 2246 5660 deest

693 5693 820 5736 τοις.

766 5747 873 5813 UO)
905 5743 1006 5797 Καὶ
1044 5745 1154 5794 οὐκ
1188 5739 1428 5807 ἐγκαλεῖ
1463 5741 1580 5804 τσῗς
1619 5745 1702 5806 εἷς
1746 5744 1848 5796 τεν
1888 5745 2125 5811 Ἰησοῦν
2156 5761 2246 5796 πι-

2354 4543 2561 4593 ἀστεῖον
2604 4544 2632 4592 ὁ
2677 4540 3093 4610 προγινώσκων)
3121 4559 3133 4571 ο
3173 4542 3555 4611 παραστήσατε
3598 4539 3708 4600 πῶς
3760 4540 3928 4591 οὐδα-

2358 4631 2472 4700 μῶς
2517 4631 2616 4701 μέν
2659 4617 2764 4683 εἰσι
2797 4632 2985 4698 φαῦλοι
3025 4633 3073 4683 οἱ
3119 4631 3528 4702 θεραπεύοντες,
3563 4629 3596 4698 ἢ
3636 4629 3685 4679 οἱ
3721 4645 3930 4696 προτι-

2353 4720 2704 4787 γνώσκοντες,
2755 4721 2917 4772 παντὶ
2952 4720 3008 4771 δὲ
3048 4720 3234 4789 τρόπῳ
3275 4718 3679 4771 ἀποδείκνυνται
3709 4715 3926 4767 ἀστεῖοε

2352 4827 2513 4873 τινες,
2560 4813 2652 4862 καὶ
2680 4813 2739 4862 οὺ
2787 4811 3000 4880 μακρὰν
3048 4807 3140 4859 τοῦ
3181 4807 3548 4876 ὑποληφθῆναι
3598 4799 3731 4856 εἶναι
3788 4805 3924 4857 θεοί.

2365 4900 2502 4952 Ἀλλ’
2542 4902 2601 4952 ού
2641 4902 2953 4970 δυνήσονται
2987 4901 3233 4960 ἀστείους
3276 4895 3552 4959 ἀποδεῖξαι
3594 4895 3715 4956 τοὺς
3756 4894 3929 4965 Θερα-

2354 4982 2634 5055 πεύοντας,
2667 4992 2700 5059 ἢ
2726 4994 2849 5054 τοὺς
2869 4990 3393 5062 προγιγνώσκοντας,
3428 4987 3634 5042 πολλῶν
3663 4986 3758 5040 καὶ
3797 4987 3928 5041 ἀνα·-

2363 5194 2552 5257 στοῖς,
2594 5189 2749 5245 ἐπὸ-ν
2774 5195 3000 5256 τούτοις
3039 5195 3428 5262 πιστεύωμεν.
3483 5191 3604 5248 Hac
3635 5208 3664 5246 a
3691 5193 3927 5248 Gelenio

2361 5277 2466 5314 non
2499 5273 2884 5327 agnoscuntur,
2916 5271 2970 5315 et
3004 5262 3200 5316 Guieto
3234 5264 3478 5318 addit'uia
3505 5264 3782 5318 videntur.

2428 5331 2474 5397 (1
2492 5330 2540 5399 Ι.)
2570 5327 2760 5399 Εἶναι.
2808 5331 3092 5384 Abundare
3126 5332 3362 5396 videtur,
3421 5341 3476 5387 et
3523 5337 3710 5386 abesse
3761 5345 3924 5397 posse

2357 5401 2634 5472 existimat
2663 5398 2907 5472 (‘luietusf
2945 5400 3107 5472 Ferte
3134 5400 3420 5472 legendum
3454 5412 3662 5471 postea,
3693 5399 3920 5468 νομιζό-

2356 5469 2531 5548 μεβςιλκ
2553 5483 2649 5548 Pr?
2674 5467 3068 5548 ἀνρεαξόμξθοξ·

2426 5539 2538 5606 (12)
2567 5535 2684 5589 At?"
2720 5535 2924 5606 Δῶμεν
2957 5538 3148 5610 legisse
3193 5540 3407 5608 videtur
3452 5536 3728 5610 Gelenius.
3799 5537 3918 5610 Io}

2354 5605 2544 5662 omnes
2603 5621 2759 5669 mss.,
2814 5605 3032 5678 ἱατρόν⁷
3054 5629 3192 5665 τινα.
3247 5605 3406 5665 Libb.
3446 5609 3618 5670 editi,
3675 5605 3924 5679 ἰατρικόν

2354 5696 2490 5731 τινα.
