4076 6310
695 428 796 488 951

2139 425 2462 480 ORIGENIS

3815 429 3929 486 95?.

704 539 846 595 Nihil
884 549 1062 593 autem
1089 537 1265 592 simile
1291 551 1388 591 nos
1417 536 1480 591 de
1505 535 1630 603 Jesu
1663 535 1887 604 ejusque
1911 535 2110 590 virtute
2143 551 2250 588 sen-

2383 519 2654 590 Ἀπόλλων
2683 537 2743 590 τὺ
2768 537 3003 608 καθαρὸν
3023 538 3130 595 ἀπὸ
3150 541 3333 609 γηΐνου
3369 542 3630 610 σώματος.
3667 544 3830 596 Οὐδὲν
3873 544 3928 599 ἃ

698 637 884 688 timus.
927 632 1078 697 Quod
1107 631 1253 684 enim
1280 644 1344 682 ex
1373 627 1591 696 Virgine
1621 634 1802 678 natum
1836 635 1940 686 est.
1985 627 2034 678 id
2063 639 2264 692 corpus

695 730 816 776 crat
843 737 908 775 ex
946 723 1179 773 humana
1232 717 1458 770 materia
1496 724 1773 777 constans,
1799 722 1854 765 et
1889 712 2031 780 quod
2071 712 2265 764 huma-

695 818 779 870 nis
803 815 1117 868 vuiuerilms
1156 823 1298 867 esset
1334 812 1604 878 mortique
1639 809 1958 862 obnoxium.

763 1098 852 1149 9.5.
908 1095 1057 1148 Nunc
1116 1095 1391 1146 videamus
1455 1105 1573 1158 quae
1629 1099 1748 1156 post
1802 1088 1889 1143 illa
1942 1089 2090 1142 dicat
2141 1082 2263 1140 Cel-

695 1204 826 1251 sus,
877 1201 942 1240 ex
987 1185 1230 1238 historiis
1286 1181 1514 1234 mirifica
1550 1180 1878 1250 proferens,
1939 1194 2058 1247 qua:
2134 1179 2263 1231 licet

695 1279 747 1329 in
804 1291 863 1330 se
917 1273 1267 1329 incredibilia
1334 1272 1624 1335 videntur,
1693 1273 1996 1326 creduntur
2064 1272 2263 1325 nihilo-

694 1367 871 1420 minus
924 1365 992 1418 ab
1054 1365 1170 1428 illo,
1207 1363 1250 1415 si
1287 1361 1467 1414 verbis
1505 1362 1620 1427 ejus
1667 1362 1802 1416 ﬁdes
1853 1371 1936 1416 est
1987 1363 2257 1416 habenda.

693 1455 1004 1522 llujusmodi
1036 1465 1181 1515 sunt,
1208 1466 1328 1520 qua:
1371 1453 1607 1519 primum
1641 1453 1710 1507 de
1752 1454 1965 1526 Aristea
2020 1451 2258 1506 Procon-

690 1548 840 1600 nesio
905 1545 1108 1610 refert,
1174 1545 1242 1597 de
1286 1561 1412 1612 quo
1471 1544 1549 1596 sic
1609 1543 1853 1610 loquitur
1905 1560 1918 1594 :
1970 1561 1988 1592 ι
2058 1542 2260 1597 Deinde

687 1638 957 1690 Aristeam
1007 1636 1456 1697 Proconnesium,
1509 1634 1621 1700 qui,
1671 1621 1793 1686 cum
1844 1634 1923 1687 sic
1965 1635 2146 1686 divine
2195 1649 2258 1686 cx

687 1725 846 1796 563
880 1726 1050 1779 oculis
1087 1725 1363 1778 hominum
1414 1724 1748 1784 evanuisset,
1796 1739 1989 1778 rursus
2031 1725 2250 1791 conspi-

689 1830 849 1868 cmuu
887 1830 944 1867 se
984 1814 1232 1880 praebuit,
1269 1821 1321 1866 et
1348 1811 1532 1864 multis
1560 1823 1748 1877 postea
1779 1813 2115 1879 temporibus
2138 1827 2255 1879 per-

691 1905 854 1957 multa
899 1904 1050 1958 orbis
1093 1903 1208 1958 loca
1252 1903 1431 1956 invisit
1494 1902 1857 1967 mirandaque
1899 1903 2254 1965 renuntiavit,

689 1997 814 2049 licet
847 1995 1036 2062 Apollo
1075 1992 1455 2060 Metapontinis
1491 1992 1815 2058 prmi-.eperit
1848 2001 1907 2045 ut
1948 1991 2095 2044 illum
2127 1995 2258 2045 deo-

688 2101 806 2138 rum
862 2098 1090 2138 numero
1146 2083 1433 2144 haberent,
1479 2095 1636 2133 nemo
1695 2081 1958 2136 hactenus
2011 2082 2116 2136 fuit
2162 2085 2252 2152 qui

687 2175 958 2227 Aristeam
1002 2174 1160 2225 deum
1206 2186 1326 2226 esse
1388 2173 1795 2227 existimaret.»
1849 2173 2023 2237 Quam
2085 2175 2257 2227 histo-

685 2266 822 2316 riam
891 2261 1140 2315 hausisse
1191 2276 1254 2314 ex
1315 2261 1553 2315 Pindaro
1601 2270 1656 2313 et
1706 2261 1978 2316 Herodoto
2017 2265 2252 2317 videtur.

687 2353 838 2406 Nunc
872 2351 1004 2405 satis
1033 2351 1195 2404 fuerit
1225 2351 1476 2406 llerodoti
1519 2355 1686 2407 verba
1728 2355 1936 2407 referre
1968 2369 2031 2405 ex
2059 2357 2254 2421 quarto

686 2443 1073 2504 Historiarum,
1109 2443 1198 2496 ubi
1232 2443 1345 2495 hac
1386 2444 1452 2496 de
1479 2445 1694 2499 Arislea
1727 2447 2022 2514 leguntur:
2054 2462 2072 2495 ι
2098 2445 2254 2500 Unde

684 2532 848 2585 fuerit
883 2535 948 2597 is,
990 2533 1079 2599 qui
1118 2532 1232 2585 hac
1276 2533 1483 2596 retulit,
1528 2533 1641 2600 jam
1693 2535 1825 2588 dixi.
1863 2533 2017 2586 Nunc
2069 2544 2250 2588 autem

685 2638 806 2691 quae
839 2623 904 2674 de
929 2621 1022 2674 illo
1051 2623 1234 2675 audivi
1264 2623 1316 2674 iu
1355 2623 1706 2677 Proconneso
1734 2635 1788 2678 et
1811 2624 2028 2693 Cyzico,
2069 2641 2256 2678 narra-

683 2711 773 2763 bo.
814 2708 1018 2761 Ferunt
1073 2709 1371 2772 Aristeam,
1409 2726 1532 2762 cum
1595 2711 1726 2763 nulli
1782 2728 2005 2765 suorum
2051 2714 2250 2764 civium

683 2799 965 2853 nobilitate
1038 2801 1293 2865 cederet,
1344 2802 1647 2870 ingressum
1705 2804 1757 2855 in
1806 2803 2156 2858 Proconneso
2197 2807 2248 2859 in

683 2889 1021 2951 fullonicam,
1061 2889 1132 2942 ibi
1181 2900 1408 2941 mortem
1458 2890 1694 2956 obiisse;
1745 2892 2040 2958 statimque
2086 2893 2247 2943 full0~

681 2988 838 3037 nem,
884 2975 1097 3028 occlusa
1137 2975 1369 3041 ofﬁcina,
1421 2979 1645 3041 abiisse,
1683 2986 1741 3030 ut
1784 2993 1894 3044 rem
1929 2980 2250 3047 propinquis

681 3063 920 3115 defuncti
966 3064 1270 3117 nuntiaret.
1321 3063 1527 3133 Sparso
1581 3075 1760 3118 autem
1815 3081 1907 3133 per
1937 3068 2124 3120 urbem
2159 3084 2250 3121 ru-

2368 625 2606 678 τοιοῦτον
2632 630 2790 695 ἡμεῖς
2817 628 2942 697 περὶ
2968 628 3060 680 τοῦ
3096 629 3266 698 Ἰησοῦ
3295 631 3386 682 καὶ
3409 632 3504 698 τῆς
3532 631 3811 700 δυνάμεως
3835 634 3928 685 αὑ-

2366 715 2460 766 τοῦ
2501 715 2813 807 δοξάζομεν.
2850 716 2924 767 Τὸ
2947 717 3054 786 γὰρ
3078 720 3466 807 γεγεννημένον
3497 720 3603 771 ἀπὸ
3639 721 3740 789 τῆς
3774 723 3926 792 Παρ-

2368 805 2521 857 θένου
2557 805 2717 874 σῶμα
2749 801 2817 874 ἦν
2860 807 2967 860 ἀπὸ
2997 808 3092 875 τῆς
3133 801 3473 878 ἀνθρωπίνης
3505 807 3636 878 ὕλης
3669 827 3927 878 συνεστη-

2369 891 2484 958 κὸς,
2513 893 2762 948 δεκτικὸν
2785 897 2892 948 τῶν
2913 897 3260 966 ἀνθρωπίνων
3286 899 3607 968 τραυμάτων
3636 901 3730 952 καὶ
3759 900 3926 954 θανά-

2365 999 2477 1036 του.

2438 1095 2665 1165 Ἷδωμεν
2693 1097 2750 1148 δὲ
2779 1096 2872 1149 καὶ
2898 1095 2933 1149 ἃ
2950 1095 3276 1166 μετὰταῦτα
3305 1096 3446 1164 λέγει
3478 1098 3506 1147 ὁ
3529 1098 3732 1160 Κέλσος
3753 1118 3926 1169 παρα-

2360 1188 2642 1258 τιθέμενος
2671 1190 2779 1259 (18)
2810 1189 2918 1242 ἀπὸ
2941 1189 3185 1258 ἱστοριῶν
3212 1188 3506 1257 παράδοξα,
3529 1190 3621 1240 καὶ
3645 1179 3925 1243 καθάὗτά

2368 1277 2465 1345 μὲν
2498 1278 2746 1341 ἀπίστοις
2774 1279 3007 1339 ἐοικότα,
3032 1278 3122 1330 ὑπ’
3147 1278 3308 1329 αὐτοῦ
3335 1278 3389 1328 δὲ
3409 1278 3505 1328 οὐκ
3529 1278 3924 1350 ἀπιστούμενα,

2363 1369 2484 1421 ὅσον
2498 1386 2559 1436 γε
2584 1371 2675 1421 ἐπὶ
2688 1373 2753 1439 τῇ
2779 1369 2918 1433 λέξει
2945 1368 3125 1421 αὐτοῦ.
3149 1370 3257 1421 Καὶ
3285 1367 3494 1440 πρῶτόν
3513 1387 3576 1437 γε
3597 1370 3664 1422 τά
3692 1373 3820 1440 περὶ
3835 1372 3927 1422 τῆν

2364 1459 2756 1528 Προκοννήσιον
2772 1459 3068 1528 Ἀριστέαν,
3102 1459 3228 1531 περὶ
3256 1455 3315 1513 οὗ
3346 1461 3516 1513 ταῦτά
3548 1478 3737 1529 φησιν·
3770 1481 3787 1510 σ
3811 1458 3926 1512 Εἶτ’

2377 1549 2654 1619 Ἀριστέαν
2679 1550 2774 1619 μὲν
2791 1549 3556 1618 Προκοννήσιονάφανισθέντα
3569 1567 3627 1599 τε
3651 1547 3793 1600 οὕτω
3811 1548 3927 1600 δαι-

2366 1640 2562 1708 μονίως
2599 1637 2659 1702 ἐξ
2695 1635 3013 1705 ἀνθρώπων,
3047 1636 3139 1686 καὶ
3187 1632 3340 1697 αὖθις
3371 1634 3612 1704 ἐναργῶς
3661 1633 3924 1702 φανέντα,

2364 1731 2456 1782 καὶ
2495 1728 2706 1790 πολλοῖς
2737 1727 2958 1795 ὕστερον
2987 1725 3196 1795 χρόνοις
3225 1724 3489 1793 πολλαχοῦ
3534 1725 3631 1793 τῆς
3674 1723 3928 1791 οἰκουμέ-

2362 1836 2458 1887 νης
2491 1818 2920 1887 ἐπιδημήσαντα,
2943 1816 3036 1867 καὶ⁸
3062 1814 3348 1883 θαυμαστὰ
3367 1813 3474 1883 (l9)
3503 1807 3924 1879 ἀναγγείλαντα,

2362 1908 2452 1959 καὶ¹
2484 1905 2578 1958 τοῦ
2617 1904 2944 1966 ’Λπόλλωνος
2973 1902 3371 1972 ἐπισκήψαντος
3410 1899 3835 1959 Μεταποντίνοις
3867 1900 3925 1949 ὲν

2360 1998 2496 2051 θεῶν
2533 1999 2697 2066 μοίρᾳ
2721 1995 2902 2062 νέμειν
2934 1993 3041 2062 (20)
3068 1992 3159 2044 τὸν
3203 1993 3505 2063 Ἀριστέαν,
3537 1990 3725 2041 τοῦτον
3751 1989 3926 2050 οὐδεὶς

2359 2088 2438 2139 ἔτι
2485 2087 2694 2156 νομίζει
2739 2085 2880 2140 θεόν.
2906 2103 2924 2133 ι
2955 2085 3134 2134 Ἔοικε
3172 2082 3217 2134 δ’
3238 2080 3510 2151 εἰληφέναι
3538 2079 3635 2147 τὴν
3683 2077 3924 2146 ἱστορίαν

2360 2176 2467 2228 ἀπὸ
2497 2175 2758 2242 Πινδάρου
2786 2175 2879 2226 καὶ
2917 2173 3199 2241 Ἡροδότου
3226 2170 3359 2239 (21).
3406 2170 3590 2238 Ἀρκεῖ
3702 2167 3797 2219 νῦν
3820 2168 3923 2236 τὴν

2371 2265 2652 2335 Ἡροδότου
2693 2262 3032 2333 παραθέσθαι
3064 2261 3207 2324 λέξιν
3237 2261 3344 2312 ἀπὸ
3382 2259 3478 2328 τῆς
3515 2257 3783 2327 τετάρτης
3812 2257 3924 2308 τῶν

2369 2355 2636 2424 Ἱστοριῶν
2668 2351 2810 2406 οὕτω
2838 2353 2966 2421 περὶ
2999 2349 3161 2403 αὐτοῦ
3192 2350 3447 2419 ἔχουσαν⁸
3491 2367 3510 2400 ι
3530 2350 3639 2400 Καὶ
3663 2348 3787 2399 ὅθεν
3819 2347 3921 2415 μὲν

2355 2441 2424 2513 ἦν
2466 2445 2748 2514 Ἀριστέης
2773 2445 2801 2494 ό
2825 2440 3000 2495 ταῦτα
3021 2439 3198 2501 εἴπας,
3227 2439 3426 2509 ,εἴρηκα
3443 2456 3456 2468 ο
3478 2439 3536 2491 δν
3560 2439 3617 2490 δὲ
3647 2438 3757 2506 (22)
3792 2437 3921 2507 περὶ

2357 2534 2521 2587 αὐτοῦ
2550 2535 2706 2602 λόγον
2726 2536 2932 2605 -ῆκουον
2959 2535 3017 2585 ὲν
3049 2532 3406 2603 Προκοννήσῳ
3439 2529 3533 2582 καὶ
3563 2527 3806 2596 Κυζίκῳ,
3830 2527 3921 2579 λέ-

2357 2626 2450 2690 ξω.
2498 2626 2779 2694 Ἀριστέην
2819 2625 2926 2694 γὰρ
2960 2625 3204 2690 λέγουσιν
3237 2622 3390 2673 ἐόντα
3421 2621 3527 2672 τῶν
3558 2619 3736 2672 ἀστῶν
3778 2619 3941 2676 οὐδε-

2354 2715 2443 2776 νὸς
2501 2715 2686 2780 γένεος
2739 2714 2848 2783 (25)
2885 2713 3287 2783 ὑποδεέστερον,
3324 2710 3632 2763 εἰσελθόντα
3685 2711 3744 2770 ἐς
3803 2725 3940 2764 κνα-

2355 2806 2509 2875 φήῖον
2545 2807 2602 2856 έν
2634 2805 3017 2875 Προκοννήσῳ,
3070 2803 3386 2857 ἀποθανεῖν·
3437 2804 3529 2854 καὶ
3553 2802 3646 2853 τὸν
3690 2801 3922 2863 κναφέα,

2354 2893 2790 2961 κατακληῖσαντα
2817 2894 2876 2944 τὸ
2909 2895 3282 2963 ἐργαστήριον,
3301 2889 3537 2960 οἴχεσθαι
3587 2889 3922 2956 ἀγγελέοντα

2353 2982 2465 3042 τοῖς
2516 2982 2851 3048 προσήκουσι
2893 2981 2970 3048 τῷ
3015 2981 3193 3050 νεκρῷ
3228 2979 3360 3049 (24).
3397 2978 3830 3046 Ἐσκεδασμένου
3863 2978 3919 3029 δὲ

2355 3069 2453 3138 ήδη
2503 3068 2598 3120 τοῦ
2641 3069 2800 3136 λόγου
2849 3069 2953 3121 ἀνά
2995 3071 3091 3138 τὴν
3133 3069 3306 3132 πόλιν,
3350 3068 3424 3130 ὡς
3472 3067 3706 3129 τεθνεὼς
3765 3068 3848 3135 εἴη
3893 3070 3920 3120 ό

681 3165 832 3204 more
882 3151 1182 3206 decessisse
1217 3153 1519 3219 Aristeam,
1562 3154 1689 3207 dum
1742 3156 1891 3211 varie
1940 3156 2041 3209 hac
2090 3161 2156 3211 de
2193 3173 2249 3212 re

2367 3158 2680 3228 Ἀριστέηςο
2717 3161 2773 3222 ἐς
2810 3158 3180 3228 ἀμφισϐασίας
3210 3162 3320 3221 τοῖς
3347 3158 3594 3225 λέγουσιν
3626 3157 3922 3223 ἀφικέσθαι

681 3241 1010 3307 disputatur,
1037 3242 1326 3294 advenisse
1369 3256 1436 3294 ex
1481 3242 1683 3294 Artace
1738 3243 1870 3296 urbe
1917 3243 2246 3313 Cyzicenum

680 3331 989 3397 quemdam,
1027 3331 1117 3398 qui
1174 3332 1377 3385 diceret
1425 3346 1507 3395 se,
1542 3348 1662 3383 cum
1699 3331 1960 3399 Cyzicum
2015 3346 2245 3405 peteret,

678 3419 984 3474 occurrisse
1009 3422 1240 3474 Aristeas
1263 3431 1316 3473 et
1348 3437 1470 3475 cum
1492 3437 1558 3474 eo
1588 3423 1920 3491 colloquium
1962 3429 2243 3484 habuisse.

679 3508 831 3571 Quod
871 3524 994 3561 cum
1033 3510 1133 3562 iste
1193 3521 1513 3564 constanter
1557 3511 1874 3578 afﬁrmaret,
1909 3521 2249 3588 propinquos

679 3597 917 3651 defuncti
959 3599 1022 3661 ad
1053 3597 1362 3652 fullonicam
1395 3602 1635 3657 adfuisse
1657 3605 1723 3657 iis
1753 3608 1917 3660 rebus
1949 3608 2249 3664 instructos

677 3686 874 3754 quibus
908 3688 974 3739 ad
1023 3703 1147 3739 eum
1176 3688 1508 3744 etl‘ercndum
1542 3708 1684 3761 _opus
1715 3704 1892 3761 esset;
1928 3707 2121 3762 aperta
2154 3713 2251 3752 au-

680 3785 786 3826 tem
831 3776 1011 3840 domo,
1059 3779 1326 3832 Aristeatn
1370 3796 1471 3834 nec
1508 3784 1691 3837 vivum
1739 3786 2116 3850 comparuisse
2146 3805 2249 3843 nec

679 3875 954 3918 mortuum
981 3883 994 3927 ;
1029 3876 1232 3932 septem
1265 3882 1382 3938 post
1410 3875 1570 3926 annis
1603 3857 1774 3927 visum
1795 3876 1858 3927 in
1894 3873 2248 3933 Pruconneso

679 3957 870 4020 fuisse,
916 3958 984 4009 ibi
1030 3973 1223 4013 versus
1268 3961 1462 4017 fecisse
1502 3966 1595 4032 qui
1640 3962 1780 4029 nunc
1811 3983 1840 4019 a
1879 3967 2085 4023 Graecis
2126 3971 2248 4024 Ari-

677 4047 882 4114 maspei
911 4057 1208 4113 vocantur;
1239 4061 1423 4117 postea
1458 4057 1694 4108 secundo
1718 4057 2031 4111 evanuisse.
2067 4061 2248 4128 Atque

676 4136 794 4190 haec
838 4138 1056 4206 quidem
1126 4141 1292 4194 urbes
1331 4141 1466 4196 istae.
1514 4141 1638 4197 Haec
1680 4159 1810 4198 vero
1853 4146 2246 4214 Metapontiuis

675 4227 766 4294 qui
805 4235 932 4279 sunt
979 4230 1030 4281 in
1068 4229 1222 4282 Italia
1265 4232 1557 4299 contigisse
1584 4233 1697 4286 seio
1743 4237 2003 4290 trecentis
2029 4248 2084 4292 et
2111 4255 2245 4306 qua-

678 4315 924 4383 draginta
983 4318 1140 4370 annis
1205 4329 1493 4386 postquam
1554 4323 1799 4374 Aristeas
1846 4321 2246 4382 Proconnesius

674 4407 914 4458 secundo
948 4420 1264 4472 evanuerint,
1305 4417 1363 4462 ut
1411 4425 1512 4478 ego
1557 4426 1678 4479 qua:
1721 4412 1773 4464 in
1813 4411 2166 4470 Proconneso
2193 4427 2245 4472 et

2358 3249 2524 3317 ἄνδρα
2547 3248 2870 3317 Κυζικηνὸν,
2893 3250 3093 3318 ἥκοντα
3119 3250 3175 3314 ἐξ
3204 3249 3468 3318 Ἀρτάκης
3487 3246 3715 3309 πόλεως,
3749 3247 3924 3314 φάντα

2359 3343 2641 3408 συντυχεῖν
2683 3341 2741 3391 τέ
2784 3342 2834 3391 οἱ
2883 3341 3012 3392 ἰόντι
3058 3342 3148 3391 ἐπὶ
3195 3339 3453 3400 Κυζίκου,
3481 3337 3576 3389 καὶ⁵
3625 3340 3684 3398 ὲς
3733 3337 3923 3403 λόγους

2356 3429 2669 3498 ἀφικέσθαι.
2702 3432 2810 3482 Καὶ
2842 3430 3028 3481 τοῦτον
3062 3428 3156 3499 μὲν
3177 3429 3540 3497 ἐντεταμένως
3714 3429 3921 3497 ἀμφισ-

2357 3520 2598 3571 ϐατέειν·
2627 3522 2751 3581 τοὺς
2783 3520 2839 3572 δὲ
2885 3521 3254 3589 προσήκοντας
3275 3518 3352 3588 τῷ
3382 3519 3553 3580 νέκυϊ,
3583 3519 3678 3569 ἐπὶ
3708 3516 3772 3569 τὸ
3797 3534 3924 3569 κνα-

2359 3613 2826 3680 φήῖονπαρεῖναι,
2861 3598 3177 3681 ἔχοντας-τὰ
3210 3611 3490 3680 πρόσφορα
3528 3610 3605 3671 ὡς
3633 3611 3926 3679 ἀναιρησο-

2357 3704 2584 3772 μένους·
2623 3702 2958 3771 ἀνοιχθέντος
2983 3689 3173 3766 δὲλτοῦ
3223 3702 3537 3769 οἰκήματος,
3580 3697 3706 3750 οὔτε
3747 3699 3924 3762 ζῶντα

2352 3791 2475 3844 οὔτε
2503 3792 2772 3844 τεθνεῶτα
2800 3791 3078 3858 φαίνεσθαι
3107 3790 3407 3858 Ἀριστέην.
3440 3790 3596 3841 Μετά
3623 3790 3682 3841 δὲ
3709 3789 3924 3858 ἑϐδόμῳ

2353 3883 2461 3934 ἔτει
2513 3883 2749 3949 φανέντα
2787 3880 2947 3933 αὑτὸν
2989 3882 3086 3944 εἰς,
3118 3878 3522 3947 Προκόννησον,
3573 3880 3804 3946 ποιῆσαι
3854 3880 3923 3931 τὰ

2350 3972 2485 4024 ἔπεα
2529 3971 2738 4040 ταῦτα,Δ
2767 3970 2802 4023 ἃ.
2837 3971 2902 4040 δὴ
2943 3969 3036 4021 νῦν
3088 3969 3190 4020 ὑπὸ
3239 3967 3501 4036 Ἑλλήνων
3544 3968 3918 4037 Ἀριμάσπεα

2353 4061 2622 4122 καλέεται,
2680 4033 2973 4129 πδιήσαντα
3031 4059 3087 4110 δὲ
3134 4033 3492 4126 ἀφανισθῆναι
3540 4033 3625 4106 τὸ⁷
3650 4033 3920 4124 δεύτερον.

2351 4150 2537 4203 Ταῦτα
2592 4151 2688 4219 μὲν
2737 4147 2831 4202 οὖν
2880 4153 2933 4201 αἱ
2962 4149 3170 4210 πόλιες
3222 4142 3377 4201 αὗται
3426 4146 3675 4213 λέγουσι·
3709 4146 3833 4198 τάδε
3865 4144 3921 4198 δὲ

2350 4240 2464 4293 οἶδα
2517 4240 2940 4300 Μεταποντίνοις
2979 4241 3091 4314 τοῖς
3126 4239 3183 4290 ὲν
3247 4237 3444 4305 Ἰταλίᾳ
3497 4237 3922 4305 συγκυρήσαντα

2353 4332 2491 4402 μετά
2549 4331 2649 4399 τὴν
2693 4330 2945 4398 ἀφάνισιν
2998 4328 3096 4397 τὴν
3146 4327 3399 4396 δευτέραν
3436 4325 3735 4395 Ἀριστέως
3778 4325 3921 4377 ἔτεσι

2350 4422 2756 4493 τεσσαράκοντα
2787 4421 2880 4474 καὶ
2909 4419 3239 4490 τριηκοσίοις
3266 4416 3395 4486 (26),
3425 4417 3499 4480 ὡς
3530 4415 3644 4483 ἐγὼ
3675 4416 3926 4486 συμϐαλ-

677 4496 819 4563 apud
854 4495 1253 4563 Metapontinos
1282 4501 1462 4554 audivi
1487 4502 2058 4570 comparansinveni;
2096 4507 2247 4559 aiunt

2358 4512 2574 4580 λόμενος
2599 4514 2656 4564 ὲν
2686 4511 3042 4581 Προκοννήσῳ
3072 4510 3165 4561 καὶ
3195 4497 3615 4570 Μεταποντίνοις
3636 4508 3910 4578 εὕρισκον.

577 4623 585 4626 -
674 4586 821 4637 enim
860 4584 1208 4653 Metapontini
1238 4589 1528 4655 Aristeam,
1555 4608 1678 4644 cum
1714 4598 1856 4663 apud
1893 4598 2041 4665 ipsos
2071 4613 2240 4666 appa-

677 4676 902 4737 ruisset,
934 4675 1170 4742 jussisse
1227 4691 1380 4731 aram
1434 4681 1670 4748 Apollini
1723 4687 1958 4751 exstrui,
1990 4696 2045 4741 et
2083 4687 2242 4754 juxta

674 4780 796 4816 eam
849 4765 985 4831 erigi
1036 4774 1297 4830 statuam,
1328 4785 1448 4837 qua:
1497 4771 1726 4831 Aristeas
1763 4775 2115 4830 Proconnesii
2149 4793 2244 4833 co-

678 4987 810 5057 ρίων
844 4987 1211 5056 μαντευομένη
1249 4989 1439 5043 Πυθία.
1477 4990 1642 5043 Paulo
1680 4993 1816 5045 infra
1855 4994 2132 5056 legendum
2165 4999 2244 5048 vi-

681 5058 854 5105 detur.
888 5056 947 5105 τὸ
983 5057 1236 5105 μαντικὸν
1261 5059 1695 5105 τοῦἈπόλλωνηε
1733 5062 1793 5105 τὸ
1821 5064 2075 5105 καθαηόν-
2112 5076 2212 5105 ριη

681 5058 854 5131 detur,
888 5057 947 5106 τὸ
982 5057 1236 5123 μαντικὸν
1261 5059 1350 5109 τοῦ
1369 5060 1695 5122 Ἀπόλλωνος
1733 5062 1793 5112 τὸ
1821 5064 2077 5131 καθαρόν,
2112 5076 2244 5125 elc.,

683 5124 1192 5198 ui_s|_velis_illud._6
1218 5127 1527 5198 _‘Arténwv,
1554 5144 1676 5182 esse
1713 5145 1810 5197 per
1843 5135 2241 5198 appositiouem

2353 4605 2743 4656 Μεταποντῖνοι
2776 4601 2883 4669 γάρ
2929 4615 3109 4666 φασιν,
3145 4598 3303 4650 αὑτὸν
3347 4599 3650 4667 Ἀριστέην,
3683 4600 3923 4667 φανέντα

2354 4711 2478 4761 σφιν
2509 4695 2566 4753 ἐς
2595 4693 2693 4760 τὴν
2721 4685 2924 4760 χώρην,
2961 4689 3207 4742 κελεῦσαι
3234 4687 3412 4754 βωμὸν
3449 4689 3743 4740 Ἀπόλλωνι
3773 4690 3918 4759 ἱδρύ-

2356 4782 2548 4835 σασθαι
2584 4781 2692 4850 (27)
2726 4781 2817 4832 καὶ
2860 4779 3116 4849 Ἀριστέω
3147 4781 3240 4833 τοῦ
3273 4781 3667 4850 Προκοννησίου
3708 4781 3924 4831 ἐπωνυ-

2350 4997 2539 5069 είπ-ῲν,
2569 5000 2811 5069 εἴρηται·
2841 4997 2932 5069 τὸν
2957 4996 3033 5049 δέ.

2430 5067 2542 5134 (25)
2577 5063 2886 5136 spencerus
2925 5068 2976 5136 in
3017 5064 3278 5136 margine,
3302 5063 3467 5129 γένει.

2431 5131 2546 5203 (Ἦ)
2601 5131 2904 5202 Spencerus
2961 5135 3013 5185 in
3061 5134 3326 5203 margine,
3369 5131 3920 5203 yvacpé‘q‘xataxlei-

841 5191 1350 5282 frv‘aﬁpatkﬁu‘ieto’
1371 5207 1546 5282 autem
1604 5190 1736 5263 lia-:0,
1777 5200 1804 5250 ὁ
1835 5190 2104 5252 Ἀπόλλων
2132 5239 2148 5262 ,
2190 5200 2250 5251 τὸ

2359 5190 2540 5282 cavea,
2585 5190 2654 5254 ea;
2693 5203 3074 5282 ἐργαστήριον,
3121 5190 3331 5252 ίέσθαι
3381 5190 3748 5267 ⁷ἀγγελλέοντα
3809 5209 3920 5266 τοῖς

686 5259 949 5327 καθαρόν.
986 5262 1229 5311 addititia
1267 5264 1537 5316 videnlur.

662 5360 703 5403 ι.
751 5329 864 5403 tio)
910 5328 1396 5403 Παρατιθέμενος.
1457 5333 1780 5403 δ-ἱοῄοῐηηοε
1827 5352 1979 5399 mss.,
2014 5346 2244 5403 excepto

679 5394 1263 5473 loliarioquisecuuda
1302 5394 1459 5473 manu
1492 5401 1676 5473 habet,
1712 5394 2142 5473 περιτιθέμενος.

905 5460 1060 5541 ΗΜ).
1096 5463 1339 5541 impressi
1377 5469 1441 5521 ad
1474 5460 1796 5541 marginem,
1827 5460 2097 5541 θαύματα.

750 5531 860 5600 (20)
894 5531 1126 5596 Νέμειν.
1179 5533 1251 5584 Ita
1308 5545 1453 5588 recte
1500 5531 1668 5592 codex
1718 5531 1960 5594 Julianus
1999 5543 2238 5594 secunda

680 5615 864 5668 manu,
900 5602 1084 5668 sicque
1114 5600 1250 5651 infra
1286 5603 1486 5668 legitur
1539 5621 1764 5662 numero
1800 5609 1890 5662 26.
1926 5609 2060 5663 Male
2110 5625 2240 5664 vero

679 5667 924 5739 hoeloco
961 5667 1082 5739 libri
1111 5672 1314 5739 excusi.
1349 5667 1553 5739 μένειν.

884 5735 1211 5814 ᾘροδότορ.
1231 5735 1482 5814 Ιιθι-όιιυδι.
1517 5745 1568 5794 in
1587 5743 1908 5812 Melpomen.
1925 5787 1938 5808 ,
1958 5761 2082 5814 pag.
2102 5746 2231 5799 260.

2354 5272 2690 5340 προσήκουσι
2717 5271 2793 5339 τῷ
2826 5271 2994 5322 νέκυϊ.

2425 5337 2536 5410 (2ῥ)
2567 5337 2983 5410 Htescheliusin
3024 5348 3192 5410 textu,
3226 5337 3510 5410 φάντασμα
3542 5345 3833 5410 συντυχεῖν
3860 5345 3918 5396 τέ

2351 5405 2580 5478 οί-ίόντι
2611 5408 2728 5478 aut
2780 5407 3016 5478 Κυζίκου
3050 5408 3141 5458 καὶ
3180 5409 3237 5469 ἐς
3281 5405 3771 5478 ᾇδουᾝφικέσθιὶὶ.
3811 5413 3918 5465 Καὶ

2347 5471 2537 5545 τοῦτον
2570 5475 2668 5545 μεν
2699 5476 3131 5545 ὲντεταγμένως..

2420 5541 2533 5610 (26)
2575 5541 2730 5616 idem
2768 5545 2835 5616 Ain
2894 5541 3069 5609 textu,
3109 5541 3418 5606 διακοσίοις,
3461 5554 3515 5598 et
3568 5547 3731 5614 paulo
3768 5560 3919 5616 post,

2342 5610 2739 5662 Μεταποντῖνοι
2765 5611 2819 5662 δέ
2851 5629 3028 5677 φασιν.
3132 5658 3136 5660 ,

2413 5678 2528 5747 (27)
2556 5678 2780 5747 ldemin
2811 5681 3073 5746 n'ial'gine.
3100 5679 3271 5740 πόλιν,
3323 5691 3378 5733 et
3425 5697 3551 5735 mox
3602 5683 3655 5734 in
3705 5694 3897 5745 textu,

834 5737 855 5875 )
884 5737 1211 5858 Ἡροδότου.
1231 5737 1482 5793 llerodot.
1517 5745 1568 5794 in
1587 5743 1908 5812 Melpomen.
1925 5787 1938 5808 ,
1958 5761 2082 5814 pag.
2102 5746 2231 5799 260.

906 5805 924 5860 l
955 5807 1247 5861 wscbcluts
1310 5818 1363 5861 et
1421 5811 1725 5875 Speuccrus
1778 5816 1843 5868 ad
1906 5817 2235 5875 marginem.

2358 5737 2529 5816 ιωμὸν
2572 5746 2902 5824 Ἀπόλλωνος
2925 5737 3292 5815 νίδρύσασθαι.
3358 5751 3486 5804 llcm
3549 5737 3921 5824 paulorpost',

2358 5816 2634 5875 ὶνδριάντα
2659 5831 3027 5875 παραστηναι.

764 5805 854 5875 ‘32)
906 5805 1247 5861 llwscbclius
1310 5818 1363 5861 et
1421 5805 1725 5879 Speuccrus
1778 5816 1843 5868 ad
1906 5805 2235 5886 marginem,

2358 5805 2634 5886 ὶνδριάντα
2659 5805 3027 5886 παραστῆναιί
