4100 6318
247 455 358 512 9⁷3

1405 459 1692 515 CONTRA
1725 457 2010 514 CELSUM
2049 457 2176 513 LIB.
2219 457 2306 513 Ill.

3376 458 3485 516 954

251 567 385 637 μίην
431 566 642 638 ἔχοντα,
689 567 976 640 ἀνδριάντα
1021 573 1150 643 παρ’
1183 573 1343 651 αὐτὸν
1375 573 1585 626 ἱστάναι
1605 589 1619 602 ⁸
1651 573 1805 642 φάναι

1918 587 2145 642 gnnmen
2182 570 2404 630 haberet
2432 587 2446 622 :
2478 567 2683 622 dixisse
2719 568 2864 622 enim
2897 569 3020 629 sibi,
3055 569 3201 638 ipsos
3243 585 3365 626 esse
3391 589 3482 627 so-

246 657 362 728 γάρ
411 676 534 727 σφιν
574 661 665 713 τὸ)
708 663 1034 728 Ἀπόλλωνα,
1081 665 1422 719 Ἰταλιωτέων
1481 666 1720 736 μούνοισι
1750 666 1815 736 δὴ

247 747 542 803 ἀπικέσθαι
571 753 628 812 ἐς
656 752 752 822 τὴν
776 753 976 825 χώρην,
1010 757 1104 808 καὶ
1143 757 1305 819 αὐτός
1335 759 1385 809 oi
1414 747 1641 811 ἕπεσθαι
1665 759 1694 810 ὁ
1721 757 1831 834 νῦν,

247 835 359 888 ἐὼν
408 837 716 909 Ἀριστέης·
751 843 874 894 τότε
921 843 998 906 δὲ,
1033 843 1120 895 ὅτε
1167 844 1352 896 εἵπετο
1383 844 1461 915 τῷ
1514 846 1640 914 θεῷ,
1673 842 1813 898 εἶναι

247 927 438 996 κόραξ.
473 929 582 982 Καὶ
631 932 722 983 τὸν
777 934 876 1002 μὲν
927 934 1147 989 εἰπόντα
1193 934 1389 1000 ταῦτα,
1419 937 1811 1006 ἀφανισθῆναι·

247 1017 420 1086 σφέας
450 1019 507 1071 δὲ
533 1022 923 1082 Μεταποντῖνοι
943 1023 1188 1091 λέγουσιν
1219 1026 1278 1088 ἐς
1297 1026 1531 1093 Δελφοὺς
1565 1026 1813 1096 πέμψαν-

242 1122 367 1168 τας,
400 1107 642 1160 τὸν.θεὸν
670 1112 970 1181 ἐπερωτᾷν,
1005 1112 1033 1164 ὅ
1061 1129 1112 1166 τι
1145 1113 1206 1166 τὸ
1253 1116 1442 1184 φάσμα
1478 1115 1572 1168 τοῦ
1604 1115 1813 1185 ἀνθρώ-

247 1213 351 1248 που
371 1191 495 1268 εἴη-
522 1200 622 1269 τήν
648 1217 706 1252 τε
737 1200 848 1271 (28)
887 1201 1098 1273 Πυθίην¹
1130 1205 1297 1272 σφέας
1327 1205 1590 1258 κελεῦσαι·
1629 1206 1813 1258 πείθε-

192 1300 198 1305 ’
247 1286 373 1338 σθαι
402 1288 484 1357 τῷ
530 1289 796 1360 φάσματι,
832 1294 1198 1364 πειθομένοισι
1223 1312 1282 1346 τε
1311 1296 1531 1366 ἄμεινον
1574 1296 1813 1348 συνοίσε-

245 1377 404 1430 σθαι·
441 1380 532 1432 καὶ
565 1381 732 1448 σφέας
785 1383 1109 1453 δεξαμένους
1161 1385 1332 1439 ταῦτα
1387 1389 1608 1458 ποιῆσαι
1635 1390 1816 1439 ἐπιτε-

240 1469 340 1524 λέα
375 1473 506 1542 (29).
538 1475 644 1527 Καὶ
676 1474 767 1527 νῦν
800 1476 1030 1546 ἔστηκεν
1061 1480 1280 1550 ἀνδριὰς
1326 1481 1641 1550 ἐπωνυμίην
1675 1479 1814 1549 ἔχων

257 1560 521 1631 Ἀριστέω
553 1566 683 1633 παρ’
713 1566 861 1636 αὐτῷ
893 1567 975 1636 τῷ
1019 1570 1294 1640 ἀγάλματι
1323 1570 1417 1621 τοῦ
1461 1570 1810 1633 Ἀπόλλωνος.

238 1651 378 1722 Περὶ
404 1654 462 1706 δὲ
490 1655 651 1708 αὐτὸν
679 1657 873 1725 δάφναι
924 1661 1130 1712 ἐστᾶσι.
1187 1662 1259 1712 Τὸ
1306 1662 1619 1732 δὲ’ᾶγαλμα
1654 1664 1712 1715 ἐν
1745 1665 1810 1733 τῇ

235 1741 412 1812 ἀγορῇ
444 1743 670 1814 ἵδρυται.
715 1749 973 1819 Ἀριστέω
1009 1751 1104 1821 μὲν
1149 1750 1242 1804 νῦν
1287 1753 1415 1822 πέρι
1467 1752 1706 1804 τοσαῦτα
1739 1755 1815 1804 εί-

241 1833 448 1902 ρήσθω.
480 1855 499 1886 ι
1585 1885 1595 1895 ,
1767 1847 1774 1850 ’

1918 663 1998 718 los
2023 677 2088 715 ex
2121 660 2370 724 ltaliotis,
2403 660 2457 713 in
2488 673 2720 728 quorum
2747 668 2948 712 terram
2979 660 3172 729 Apollo
3200 662 3477 724 venisset:
3533 678 3538 681 ·

1919 752 2092 820 ipsum
2147 764 2290 804 nunc
2331 764 2450 803 esse
2494 763 2555 802 se
2590 748 2886 811 Aristeam,
2931 750 3020 816 qui
3067 749 3217 803 illum
3263 761 3482 805 secutus

1919 841 2130 904 fuerat;
2184 855 2410 895 corvum
2458 850 2640 893 autem
2687 835 2859 891 fuisse
2915 855 3038 894 cum
3109 843 3266 898 deum
3326 844 3477 896 illum

1917 941 2267 999 sequeretur;
2308 931 2561 998 eumque‘,
2585 929 2671 982 his
2711 930 2890 994 dictis,
2916 933 3227 990 evanuisse.
3261 938 3480 995 Addunt

1919 1022 2266 1090 Metapontini
2321 1036 2380 1076 se
2425 1024 2493 1076 ad
2536 1023 2694 1075 deum
2751 1021 2802 1074 in
2844 1021 3075 1090 Delphos
3125 1013 3336 1100 misisse
3385 1033 3475 1099 qui
3529 1098 3531 1100 η

1918 1114 2326 1179 interrogarent
2362 1113 2636 1180 quodnam
2667 1122 2812 1165 esset
2855 1121 3130 1180 spcctrum
3176 1098 3337 1185 hujus
3379 1098 3479 1174 ho-

1918 1203 2109 1267 minis;
2143 1203 2392 1273 Pythiam
2425 1205 2722 1272 imperasse
2761 1212 2816 1255 ut
2846 1214 3064 1272 spectro
3089 1217 3367 1273 parerent,
3399 1211 3482 1265 sie

1918 1290 2109 1344 melius
2142 1308 2262 1345 cum
2314 1293 2445 1361 ipsis
2489 1302 2668 1346 actum
2707 1292 2772 1344 iri
2801 1311 2815 1344 :
2846 1293 2932 1345 his
2966 1307 3025 1346 se
3055 1308 3318 1352 assensus
3356 1314 3479 1354 esse

1913 1391 1969 1436 et
2000 1381 2194 1436 effecta
2235 1384 2562 1436 reddidisse.
2595 1383 2662 1436 Et
2687 1399 2831 1436 nunc
2858 1393 3036 1438 statua
3066 1396 3247 1439 exstat
3275 1403 3480 1456 cogno-

1919 1474 2068 1526 mine
2114 1473 2344 1528 Aristeas
2384 1483 2604 1542 propter
2634 1488 2784 1526 aram
2816 1475 2984 1542 ipsam
3017 1475 3183 1547 ἀ,εᾷ
3215 1478 3479 1546 Apollinis

1917 1563 2085 1616 lauris
2117 1564 2472 1618 circumdata.
2507 1564 2701 1618 Erecta
2742 1576 2825 1619 est
2851 1573 3034 1618 autem
3086 1569 3137 1620 in
3176 1568 3313 1621 foro.
3358 1567 3481 1623 Haec

1918 1644 1984 1710 de
2013 1653 2228 1710 Aristea
2252 1657 2534 1711 hactenus.
2559 1675 2578 1708 ι

307 1885 540 1980 λεκτέον
567 1927 630 1997 δὴ
663 1929 799 1998 πρὸς
826 1930 922 2000 τὴν
950 1933 1078 2000 περὶ
1108 1932 1200 1985 τοῦ
1234 1935 1511 2005 ’Λριστέου
1548 1935 1805 2005 ἱστορίαν,

1981 1922 2072 1976 ‘27.
2101 1921 2182 1974 Ad
2208 1921 2348 1974 hanc
2376 1921 2442 1975 de
2464 1921 2678 1974 Aristea
2707 1920 2995 1974 historiam
3021 1921 3313 1976 dicendum
3338 1913 3486 1977 'l'ntn-

232 2014 343 2077 ὅτι,
377 2017 424 2067 εξ
461 2018 557 2086 μὲν
590 2021 616 2070 ὁ
651 2019 855 2082 Κέλσος
894 2020 968 2083 ὠς
1019 2023 1258 2092 ἱστορίαν
1301 2025 1470 2094 αὐτὴν
1520 2023 1808 2087 ἐξετίθετο,

235 2106 314 2176 μὴ
348 2106 440 2158 καὶ
468 2106 565 2176 τὴν
598 2109 790 2160 ἐαυτοῦ
823 2110 1214 2177 συγκατάθεσιν
1244 2113 1542 2181 ἐμφαίνων,
1570 2114 1810 2183 παραδε-

231 2193 470 2262 ξαμένου
503 2190 672 2267 αὐτῆν
715 2197 790 2259 ὡς
843 2188 1036 2269 ἀληθῆ,
1065 2199 1237 2262 ἄλλως
1284 2201 1350 2253 ἂν
1372 2201 1508 2271 πρὸς
1531 2203 1622 2256 τὸν
1654 2202 1811 2270 λόγον

228 2283 400 2336 αὐτοῦ
426 2286 849 2356 άπηντήσαμεν⁸
883 2290 1004 2341 ἐπεὶ
1046 2289 1101 2341 δέ
1153 2289 1442 2361 δαιμονίως
1476 2294 1638 2346 αὐτὸν
1670 2298 1810 2363 ἠφα-

229 2374 436 2438 νίσθαι,
470 2378 712 2447 ἐναργῶς
742 2379 786 2430 δ’
810 2377 964 2442 αὖθις
1001 2382 1254 2451 φανῆναι,
1285 2383 1378 2436 καὶ
1414 2384 1680 2454 πολλαχοῦ
1711 2387 1812 2456 τῆς

227 2467 558 2538 οἰκουμένης
601 2470 1051 2541 ἐπιδεδημηκέναι
1084 2475 1235 2558 φησι,
1278 2475 1368 2527 καὶ
1396 2475 1683 2546 θαυμαστά
1708 2481 1806 2547 ὴγά

225 2557 487 2632 Ῡελκέναι
506 2577 519 2589 ·
541 2560 619 2611 ἐτι
648 2561 704 2613 δέ
725 2562 815 2613 καὶ
833 2564 1078 2632 χρησμὸν
1098 2557 1192 2616 τοῦ
1221 2566 1568 2631 Ἀπόλλωνος,
1586 2570 1812 2638 ἐπισκή-

226 2646 435 2715 ψαντος
460 2650 879 2714 Μεταποντίνοις
902 2655 958 2704 ἐν
973 2653 1107 2706 θεῶν
1135 2653 1223 2724 μοί
1231 2673 1297 2725 ρα
1320 2658 1503 2726 νέμειν
1530 2658 1620 2709 τὸν
1661 2660 1807 2729 Ἀρι-

228 2737 416 2801 στέαν,
467 2739 542 2802 ὡς
597 2741 692 2808 ἀφ’
723 2743 915 2795 ἐαυτοῦ
962 2744 1098 2814 (50),
1139 2748 1234 2797 καὶ
1276 2749 1810 2818 συγκατατιθέμενος

226 2826 506 2880 ἐκτίθεται
551 2829 706 2896 λόγον
735 2832 827 2884 τὸν
873 2835 1006 2903 πρὸς
1040 2836 1233 2887 αὐτόν·
1273 2838 1365 2888 καὶ
1409 2838 1546 2900 πῶς,
1582 2838 1718 2901 ὅλως
1747 2857 1807 2892 τε

228 2919 530 2988 πλάσματα
556 2921 953 2991 ὑπολαμϐάνων
981 2924 1050 2976 τά
1102 2926 1205 2977 ὑπὸ
1252 2925 1358 2978 τῶν
1397 2926 1570 2996 Ἰησοῦ
1626 2928 1803 2998 μαθη-

224 3009 343 3060 τῶν
370 3010 648 3080 παράδοξα
673 3013 797 3082 περὶ
824 3013 987 3065 αὐτοῦ
1023 3015 1509 3084 ἀναγεγραμμένα,
1542 3018 1634 3069 καὶ
1667 3035 1730 3086 με
1740 3036 1804 3086 μ-

227 3099 466 3168 φόμενος
496 3104 606 3164 τοῖς
635 3103 975 3154 πιστεύουσιν
1003 3104 1205 3166 αὐτοῖς,
1235 3101 1488 3157 ταῦταού
1521 3108 1804 3176 τερατείαν

1915 2030 2032 2066 rum
2066 2013 2234 2067 fuisse
2279 2024 2357 2077 ut,
2389 2013 2432 2067 si
2474 2012 2664 2081 Celsus
2713 2012 2862 2064 illam
2918 2021 2976 2064 ut
3010 2013 3296 2068 historiam
3343 2015 3480 2068 alle-

1913 2121 2072 2174 gans,
2105 2119 2208 2157 non
2250 2105 2583 2172 signiﬁcaret
2607 2106 2686 2158 illi
2722 2119 2782 2158 se
2811 2105 3070 2157 assentiri
3111 2115 3166 2158 et
3198 2117 3256 2159 ut
3294 2121 3476 2161 veram

1912 2195 2181 2262 accipere,
2229 2195 2331 2247 alia
2395 2198 2607 2249 ratione
2664 2196 2808 2263 quod
2863 2196 3053 2264 objicit
3098 2197 3488 2261 solveremus;

1910 2287 2168 2356 quoniam
2226 2300 2356 2339 vero
2406 2287 2588 2340 divine
2620 2287 2770 2340 illum
2805 2293 3121 2356 evanuisse,
3155 2306 3345 2344 rursus
3380 2307 3480 2359 pa-

1912 2373 2019 2426 lam
2061 2373 2469 2441 eomparuisse,
2516 2373 2681 2440 multa
2749 2376 2902 2429 orbis
2943 2377 3061 2429 loca
3116 2377 3367 2428 invisisse
3422 2384 3480 2429 et

1910 2466 2157 2518 miranda
2195 2467 2539 2518 renuntiasse
2577 2466 2727 2531 dicit,
2757 2473 2812 2519 et
2842 2477 3104 2536 praeterea
3143 2469 3311 2521 refert
3340 2483 3474 2520 ora-

1911 2554 2087 2607 culum
2120 2554 2422 2622 Apollinis,
2468 2555 2562 2622 qui
2616 2554 3001 2623 Metapontinis
3043 2559 3265 2610 mandat
3322 2566 3379 2610 nt
3422 2557 3505 2612 in.

1908 2644 2136 2696 deorum
2180 2658 2406 2696 numero
2442 2644 2720 2697 Aristeam
2772 2644 3029 2712 habeant,
3074 2656 3131 2700 et
3185 2648 3300 2700 haec
3334 2647 3480 2700 velut

1907 2746 1975 2785 ex
2024 2732 2204 2800 seipso
2255 2741 2309 2786 et
2361 2735 2666 2804 assentiens
2690 2736 2760 2803 de
2788 2737 3005 2790 Aristea
3042 2745 3475 2801 commemorat;

1908 2836 2133 2890 quaero:
2167 2821 2246 2877 Tn
2292 2825 2384 2892 qui
2418 2805 2649 2896 loinnino
2694 2825 2952 2894 ﬁgmenta
3002 2842 3125 2881 esse
3157 2839 3316 2895 putas
3357 2843 3479 2896 qua:

1907 2912 1971 2966 de
2001 2911 2125 2965 .lesn
2190 2883 2467 2968 miraculis
2525 2915 2777 2983 discipuli
2824 2916 3018 2972 litteris
3065 2918 3476 2987 consignarunt,

1905 3011 1959 3053 et
1982 2991 2198 3056 incusas
2227 3018 2320 3056 eos
2355 3010 2446 3072 qni
2476 3007 2587 3073 illis
2619 3006 2925 3076 adjungnnt
2961 3009 3123 3062 Iidem
3150 3024 3164 3071 ;
3199 3011 3477 3075 quomodo

1906 3107 1994 3145 res
2028 3093 2335 3161 bnjnsmodi
2368 3097 2673 3166 prodigiose
2695 3097 2957 3152 conﬁctas
2991 3098 3314 3168 fabulasque
3351 3114 3474 3153 esse

224 3188 353 3240 οὔτε
383 3186 674 3260 πλάσματα
706 3188 843 3246 εἶναι
873 3194 1137 3264 νομίζειςς
1182 3194 1305 3257 Πῶς
1346 3195 1401 3246 δὲ
1435 3196 1527 3250 καὶ
1565 3199 1592 3249 ὁ
1625 3197 1802 3260 ἄλλοις

1907 3198 2012 3236 non
2038 3184 2288 3251 judicas?
2317 3186 2604 3257 Quomodo,
2651 3197 2704 3240 tu
2730 3187 2822 3255 qui
2855 3187 2978 3240 aliis
3018 3189 3153 3241 vitio
3181 3190 3300 3250 das,
3332 3190 3486 3256 quod

225 3281 501 3346 ἐγκαλῶν,
533 3283 607 3344 ὡς
641 3283 849 3352 ἀλόγως
893 3285 1201 3338 πιστεύουσι
1249 3289 1363 3348 τοῖς
1394 3288 1517 3357 περὶ
1567 3288 1661 3339 τοῦ
1702 3289 1805 3357 Ἰη-

227 3369 326 3422 σοῦ
362 3373 706 3441 παραδόξοις,
740 3377 804 3427 σὺ
839 3377 1111 3439 τοσούτοις
1149 3379 1386 3448 ἐμφαίνῃ
1439 3380 1802 3434 πεπιστευκέ-

221 3475 340 3522 ναι,
384 3461 637 3530 οὐδεμίαν
685 3464 956 3526 ἀπόδειξιν
1008 3467 1136 3536 περὶ
1173 3467 1349 3518 αὐτῶν
1388 3468 1419 3536 ἢ
1456 3470 1798 3540 κατασκευὴν

223 3550 361 3619 περὶ
403 3549 498 3601 τοῦ
531 3553 672 3604 αὐτὰ
710 3555 985 3620 γεγονέναι
1027 3555 1240 3625 φέρων;
1281 3559 1350 3607 Ἢ
1393 3558 1676 3626 Ἡρόδοτος
1705 3561 1804 3629 μὲν

221 3638 324 3690 καί
371 3637 632 3708 Πίνδαρος
665 3639 913 3707 ἆψευδεῖν
968 3644 1117 3712 παρὰ
1169 3646 1251 3696 σοὶ
1290 3645 1630 3713 νομίζονται·
1665 3651 1713 3700 οἱ
1759 3649 1800 3700 δ’

219 3725 591 3796 ἀποθνήσκειν
653 3729 1042 3800 μελετήσαντες
1098 3733 1235 3804 ὑπὲρ
1277 3737 1383 3787 τῶν
1431 3739 1601 3808 Ἰησοῦ
1638 3740 1806 3812 μαθη-

225 3817 438 3886 μάτων,
489 3820 582 3871 καὶ
630 3821 851 3872 τοιαῦτα
880 3823 987 3891 (51)
1025 3825 1152 3894 περὶ
1197 3820 1270 3878 ὧν
1327 3828 1656 3900 ἐπείσθησαν
1694 3835 1804 3894 τοῖς

117 3921 129 3930 ‘
221 3909 358 3976 ἑξῆς
413 3911 800 3973 καταλιπόντες
875 3913 1198 3983 γράμματα,
1264 3920 1392 3987 περὶ
1468 3919 1802 3990 πλασμάτων

222 3999 325 4069 (ὡς
369 3999 514 4070 eiet.)
557 4003 649 4053 καὶ
688 4001 869 4070 μύθων
923 4005 1016 4075 καί
1050 4007 1342 4076 τερατειῶν
1384 4011 1633 4062 τοσοῦτον
1668 4013 1804 4078 ἀγω-

221 4092 483 4156 νίζονται,
519 4093 594 4156 ὡς
636 4097 728 4146 καὶ
779 4095 877 4165 ζῇν
925 4097 1323 4166 περιστατικῶς
1356 4099 1435 4150 δι’
1495 4099 1655 4160 αὐτὰ,
1705 4101 1799 4151 καὶ

216 4183 590 4254 ἀποθνήσκειν
640 4185 861 4254 βιαίως;
895 4187 1075 4242 Μέσον
1124 4189 1304 4240 τοίνυν
1355 4190 1553 4241 σαυτὸν
1601 4191 1800 4260 στήσας

215 4274 336 4328 τῶν
367 4291 425 4326 τε
461 4276 588 4344 περὶ
624 4274 718 4326 τοῦ
749 4277 1024 4344 Ἀριστέου
1075 4268 1475 4346 γεγραμμένων
1533 4277 1669 4349 (52),
1708 4285 1800 4334 καὶ

217 4367 336 4418 τῶν
363 4364 607 4434 περὶτοῦ
646 4365 817 4434 Ἰησοῦ
856 4367 1272 4434 ἱστορουμένων,
1309 4366 1382 4417 ίδε
1417 4369 1464 4418 εί
1507 4369 1580 4437 μὴ
1613 4372 1676 4422 ἐκ
1706 4370 1797 4423 τοῦ

214 4453 550 4517 ἀποϐάντος,
584 4454 811 4506 καὶτῶν
849 4439 1244 4525 ὠφελουμένων
1271 4459 1350 4520 είς
1383 4458 1528 4526 ἠθῶν
1562 4462 1796 4532 ἐπανόρ-

1905 3272 2028 3326 Jesu
2059 3263 2314 3328 miracula
2345 3265 2489 3330 nulla
2524 3279 2732 3331 ratione
2750 3280 3084 3342 ‘admittant,
3112 3280 3238 3331 talia
3271 3280 3476 3333 videris

1903 3364 2210 3426 admittere,
2253 3366 2397 3418 nulla
2433 3368 2595 3419 allata
2642 3369 2963 3435 probatione
3012 3367 3268 3436 nulloque
3315 3385 3476 3438 argu-

1906 3467 2108 3521 mento,
2143 3471 2226 3508 res
2259 3456 2376 3508 illas
2407 3457 2740 3525 contigisse?
2770 3458 2850 3510 An
2883 3458 3222 3512 Herodotum
3255 3471 3310 3512 et
3350 3461 3474 3512 Pin-

1905 3539 2102 3601 daruni’
2127 3556 2285 3615 putas
2313 3548 2610 3601 mendaciis
2639 3563 2748 3600 non
2787 3547 3006 3613 lallere;
3038 3551 3128 3618 qui
3175 3565 3302 3603 vero
3333 3553 3471 3603 mori

1904 3647 2091 3710 optant
2143 3652 2241 3703 pro
2291 3636 2418 3690 Jesu
2454 3636 2796 3690 documentis
2845 3647 2900 3690 et
2949 3640 3153 3707 seripta
3191 3641 3259 3691 de
3311 3640 3473 3691 rebus

1904 3725 2037 3794 quas
2065 3735 2377 3794 perspectas
2427 3727 2718 3792 habebant,
2773 3727 2839 3780 ad
2888 3740 3142 3795 posteros
3189 3730 3472 3781 transmit-

1907 3817 2063 3868 tenda
2103 3817 2458 3882 reliquerunt,
2501 3830 2596 3870 eos
2643 3832 2740 3884 pro
2787 3818 3086 3885 ﬁgmentis,
3137 3834 3234 3886 pro
3274 3817 3470 3871 fabulis

1905 3908 2150 3973 ﬁctisque
2183 3908 2439 3976 prodigiis
2470 3922 2642 3974 usque
2663 3908 2798 3960 adeo
2820 3910 3149 3970 decertasse,
3190 3918 3248 3961 ut
3271 3910 3470 3964 misere

1903 3998 2083 4049 vivere
2120 4006 2174 4050 et
2214 3997 2263 4049 vi
2309 4006 2339 4050 ε
2377 3998 2553 4050 medio
2593 3999 2708 4051 tolli
2760 4001 2996 4054 vellent?
3032 3998 3107 4052 Te
3147 4003 3259 4066 ipse
3290 4001 3470 4068 potius

1901 4088 2165 4140 arbitrum
2221 4087 2558 4141 constituens
2620 4088 2764 4141 inter
2821 4104 2881 4142 ea
2951 4104 3072 4155 quae
3125 4090 3191 4140 de
3252 4083 3465 4143 Aristéa

1900 4179 2102 4246 scripta
2127 4187 2273 4243 sunt,
2308 4188 2362 4232 et
2384 4193 2446 4232 ea
2474 4195 2596 4247 qua:
2639 4180 2703 4232 de
2733 4177 2859 4231 Jesu
2891 4187 3206 4241 narrantur,
3241 4180 3365 4232 vide
3397 4196 3464 4233 ex

1901 4279 2094 4323 eventu
2121 4278 2176 4322 et
2207 4285 2273 4323 ex
2304 4270 2367 4323 iis
2393 4285 2510 4337 qua:
2540 4271 2604 4322 ad
2638 4283 2844 4322 morum
2872 4269 3312 4322 emendationem
3349 4271 3466 4338 pie-

1903 4369 2173 4426 talemque
2212 4371 2341 4426 erga
2384 4372 2654 4414 summum
2699 4356 2863 4408 Deum
2906 4355 3272 4410 inducendam
3322 4367 3468 4410 nter-

1901 4464 2004 4516 que
2039 4449 2190 4513 fecit,
2227 4464 2405 4502 annon
2451 4449 2554 4502 hoc
2601 4445 2864 4512 judicium
2927 4444 3058 4499 ferri
3110 4447 3324 4510 debeat,
3345 4461 3466 4499 cre-

215 4546 391 4598 θωσιν
438 4547 529 4597 καὶ
556 4545 841 4597 εὐλάϐειαν
895 4549 993 4616 τ’λν
1042 4549 1177 4619 πρὸς
1201 4550 1290 4602 τὸν
1337 4552 1430 4603 ἐπὶ
1474 4553 1608 4604 πᾶσι
1639 4553 1794 4616 Θεὸν,

1907 4542 2133 4595 dendum
2183 4557 2304 4594 esse
2343 4555 2447 4593 non
2493 4540 2619 4608 sine
2659 4535 2769 4587 Deo
2816 4535 2962 4591 facta
3011 4537 3181 4591 fuisse
3231 4551 3350 4605 qua:
3395 4535 3480 4611 de.

213 4636 371 4688 ὲστὶν
397 4637 589 4699 εἰπεῖν,
623 4637 703 4688 ὅτι
738 4640 1048 4692 πιστευτέον
1085 4640 1186 4709 μὲν
1212 4641 1285 4703 ὡς
1311 4643 1410 4694 οὐκ
1455 4642 1605 4694 ἀθεεὶ
1638 4661 1794 4710 γενο-

217 4725 409 4795 μένοις
434 4731 543 4788 τοίς
588 4729 714 4797 περὶ
755 4728 926 4799 Ἰησοῦ
976 4730 1397 4800 ἱστορουμένοις,
1431 4733 1551 4802 οὐχὶ
1588 4733 1648 4785 δὲ
1685 4737 1796 4796 τοῖς

214 4818 471 4888 περὶτοῦ
508 4819 901 4890 Προκοννησίου
945 4820 1238 4890 ’Δριστέου.

290 4907 360 4959 Τί
416 4909 512 4977 μὲν
571 4907 678 4979 γὰρ
735 4909 1028 4978 βουλομένη
1063 4912 1096 4979 ή
1154 4910 1388 4979 Πρόνοια
1422 4909 1490 4963 τά
1544 4911 1670 4980 περὶ
1702 4911 1792 4963 τὸν

225 4999 522 5066 Ἀριστέαν
551 4999 827 5069 παράδοξα
867 4999 1348 5067 ἐπραγματεύετο;
1393 5001 1501 5052 Καὶ
1553 4999 1602 5052 τί
1653 5001 1796 5068 ὠφε-

209 5089 383 5158 λῆσαι
411 5088 470 5139 τὸ
493 5088 600 5140 τῶν
619 5088 918 5157 ἀνθρώπων
938 5089 1090 5155 γένος
1120 5089 1228 5159 (55)
1252 5089 1576 5160 βουλομένη,
1603 5091 1674 5143 τά
1701 5107 1796 5160 τη-

209 5179 454 5233 λικαῦτα
505 5179 598 5247 (ὼς
638 5179 781 5249 οἴει),
817 5178 1194 5244 ἐπεδείκνυτο;
1241 5182 1354 5234 Οὐκ
1398 5181 1542 5253 ἔχεις
1591 5183 1792 5252 λέγειν.

294 5399 412 5467 (‘28)
453 5396 784 5451 “(molientis
827 5401 876 5451 in
915 5407 1085 5464 textu,
1119 5402 1199 5452 ὃτι
1247 5417 1304 5452 τε
1361 5384 1652 5467 φάντασμα
1693 5398 1787 5450 τοῦ

207 5466 510 5538 ἀνθρώπου
539 5468 650 5536 εἴης
686 5468 783 5537 τὴν
809 5468 885 5530 δέ,
916 5480 1022 5520 etc.

293 5537 408 5605 (‘29)
449 5538 587 5588 Idem
645 5538 694 5588 in
743 5549 908 5600 textu,
949 5539 1264 5599 ἐπιτέλειον,
1323 5549 1374 5591 et
1432 5537 1588 5604 paulo
1645 5544 1784 5601 post,

208 5608 362 5678 ἔχων
409 5606 691 5678 Ἀριστέης
724 5608 852 5678 παρ’
883 5607 1031 5678 αὐτῷ
1062 5607 1138 5676 τῷ
1166 5609 1438 5677 ἀγάλματι
1459 5605 1551 5656 τοῦ
1591 5605 1784 5656 Ἀπόλ-

209 5675 410 5746 λὼνος.
445 5675 609 5746 Ιῐέριξ
628 5675 682 5726 δὲ
715 5675 1249 5746 αὐτὺννδάφναιείσί.

294 5745 408 5814 (50)
451 5743 541 5810 Ὡς
568 5747 667 5812 ἀρ’
696 5745 930 5798 ἑαυτοῦ.
973 5745 1189 5798 Videtur
1213 5751 1421 5805 deesse,
1452 5743 1626 5812 φέρει.
1661 5743 1781 5797 Mox

212 5814 421 5870 Guiew
447 5826 698 5884 suspecta
735 5826 859 5870 sunt
892 5825 946 5870 et
976 5814 1218 5868 addititia
1255 5816 1505 5876 ridentur
1544 5829 1778 5882 sequen-

1901 4630 2024 4683 Ji-sn
2061 4631 2286 4683 historia
2313 4629 2585 4697 prodidit;
2624 4641 2730 4684 non
2763 4642 2942 4685 autem
2983 4645 3103 4697 qua:
3138 4632 3204 4684 de
3243 4631 3456 4684 Aristea

1901 4720 2286 4773 Proconnesio.

1971 4905 2060 4957 28.
2099 4904 2163 4956 Et
2196 4918 2326 4955 vero
2361 4917 2467 4970 quo
2513 4902 2741 4956 consilio
2773 4901 3119 4954 Providentia
3167 4901 3338 4955 voluit
3396 4910 3460 4955 ut

1908 4998 2135 5050 Aristeaa
2183 5009 2342 5048 causa
2403 4997 2645 5064 prodigia
2693 4994 2924 5047 ﬁerent?
2982 4994 3156 5058 Quam
3223 4993 3471 5046 humano

1901 5087 2084 5154 generi
2121 5087 2406 5139 utilitatem
2457 5084 2654 5139 aﬂ'erre
2681 5082 2848 5135 voluit
2881 5083 2948 5136 iis
2971 5098 3154 5147 rerum
3182 5081 3464 5138 miraculis

1903 5193 2021 5246 qtae
2058 5189 2116 5230 ut
2156 5187 2315 5244 putas
2368 5178 2590 5233 effecit?
2633 5178 2772 5230 Nihil
2811 5177 2978 5230 habes
3029 5175 3171 5244 quod
3231 5189 3463 5243 respon-

1892 5401 1983 5463 tia,
2019 5401 2111 5453 καὶ
2163 5397 2686 5467 συγκατατιθέμενος
2720 5391 2992 5467 ἐκτίθεται
3025 5392 3296 5467 λόγον-τρν
3322 5391 3462 5461 πρὶς

1888 5462 2068 5522 αὐτόν.
2126 5462 2322 5523 Ibidem
2368 5462 2641 5544 I_o_co,'xat
2669 5462 2807 5544 .m'bg
2861 5462 2996 5544 ξλῳς
3045 5479 3104 5513 τε
3145 5463 3456 5543 πλᾲσματα,
3503 5509 3506 5512 .

1886 5541 2232 5593 scribendum
2263 5541 2310 5591 ei
2343 5538 2576 5596 videtur,
2599 5533 2690 5584 καὶ
2717 5533 2851 5593 πῶς,
2870 5533 2912 5581 ὼ
2929 5533 3120 5598 λῷστε,
3142 5533 3458 5598 πλάσματα.

1956 5611 2066 5674 (51)
2093 5608 2248 5661 Libb.
2283 5606 2410 5659 editi
2443 5606 2494 5656 in
2531 5603 2792 5674 margine,
2817 5603 2908 5652 καὶ⁴
2934 5601 3202 5674 ομί-ταῦτα.

1955 5667 2064 5747 (52)
2091 5678 2289 5731 Omnes
2318 5687 2473 5747 mss:
2505 5670 3112 5747 γεγραμμένωνηΛΙίειε,
3134 5667 3449 5735 γινομένων.

1955 5678 2044 5747 (52
2091 5678 2289 5731 Omnes
2318 5687 2470 5728 mss..
2505 5678 2922 5739 γεγραμμένων.
2943 5678 3052 5721 Alta

1954 5678 2065 5817 (ὅδὲ
2096 5747 2266 5808 Alias,
2298 5743 2374 5811 τῷ
2407 5741 2514 5794 τῶν
2547 5740 2848 5810 ἀνθρώπων
2887 5739 3052 5806 γένει.
