4076 6310
605 440 713 495 I55

2029 429 2346 485 ORlGENlS

3709 425 3813 482 956

608 552 759 605 deas.
795 547 899 600 Nos
936 553 1146 609 contra,
1179 558 1299 597 cum
1343 541 1470 595 Jesu
1510 555 1597 594 res
1629 548 1809 608 gestas
1840 554 2150 601 narramus,

2264 538 2446 606 Ἡμεῖς
2479 536 2556 597 δὲ,
2589 535 2725 586 ἐπὰν
2771 533 2838 586 τὰ
2889 535 3014 604 περὶ
3060 533 3150 586 τοῦ
3190 533 3360 604 Ἰησοῦ
3387 533 3722 604 διηγώμεθα,
3746 538 3810 586 ού

608 655 706 690 cur
742 635 1041 689 acciderint
1064 632 1387 687 solidissima
1405 631 1522 684 haec
1553 645 1583 682 a
1619 631 1772 684 nobis
1802 630 1942 682 ratio
1974 630 2153 694 datur,
2192 695 2208 713 κ

609 731 771 782 Deum
824 740 919 792 per
964 723 1147 778 Jesum
1189 723 1427 776 voluisse
1499 720 1788 773 salutarem
1849 719 2157 778 hominibus

605 816 931 868 constituere
983 814 1307 874 doctrinam,
1357 812 1622 864 firmatam
1662 809 1875 874 quidem
1927 808 1980 860 in
2030 821 2158 874 apo—

607 903 758 955 stolis
793 912 1049 968 tanquam
1080 899 1447 953 fundamentis
1487 900 1538 949 in
1571 897 1768 964 quibus
1803 904 1974 949 totum
2000 895 2158 949 Chri-

607 988 870 1042 stianismi
913 989 1196 1041 :edificium
1255 995 1647 1049 exstrueretur,
1702 985 1998 1055 augendam
2030 998 2157 1036 vero

606 1076 1062 1142 consequentibus
1105 1075 1472 1142 temporibus;
1519 1074 1607 1127 ubi
1647 1088 1753 1126 non
1795 1087 1982 1140 paucae
2023 1072 2158 1123 fiunt

603 1163 729 1218 Jesu
760 1166 976 1217 nomine
1023 1165 1356 1225 sanationes,
1387 1163 1600 1230 aliaque
1645 1161 1904 1214 miracula
1940 1161 2158 1213 minime

605 1251 1138 1306 contemnenda.J§t
1201 1252 1450 1318 quisnam
1504 1250 1876 1317 eratApollo
1932 1249 2042 1312 ille,
2102 1256 2159 1300 ut

597 1341 814 1407 juberet
847 1342 1118 1394 Aristeam
1171 1355 1200 1393 a
1255 1340 1638 1408 Metapontinis
1682 1341 1734 1393 in
1788 1341 2012 1393 deorum
2060 1354 2157 1392 nu-

605 1443 757 1482 mero
809 1429 1106 1481 collocari?
1157 1430 1273 1493 Qua
1338 1439 1517 1481 mente
1576 1429 1718 1481 istud
1769 1427 1940 1480 facit?
1989 1425 2157 1491 Quam

602 1514 764 1584 565
795 1515 1082 1569 utilitatem
1111 1526 1265 1585 parat
1298 1515 1678 1582 Metapontinis
1701 1523 1766 1568 e'x
1805 1516 1948 1568 cultu
1975 1516 2045 1568 illi
2076 1516 2161 1567 ad-

605 1603 777 1656 hibito
831 1613 1083 1672 tanquam
1135 1605 1254 1667 deo,
1303 1606 1347 1656 si
1381 1607 1537 1657 deum
1581 1619 1701 1657 esse
1762 1613 2021 1658 censeant
2070 1603 2158 1671 qui

607 1692 766 1745 modo
788 1693 950 1746 homo
980 1692 1192 1745 fuerat?
1223 1693 1418 1746 Verum
1443 1693 1729 1760 Apollinis,
1760 1693 1852 1760 qui
1903 1691 2054 1744 nobis
2079 1701 2163 1744 est

607 1783 811 1834 daemon
840 1784 1040 1835 nidoris
1077 1793 1129 1836 et
1158 1782 1427 1836 libaminis
1455 1783 1593 1834 dona
1635 1781 1880 1845 sortitus,
1931 1782 1996 1834 de
2035 1780 2160 1832 Ari-

2255 625 2351 695 τὴν
2388 624 2652 694 τυχοῦσαν
2699 625 2934 693 φέρομεν
2977 623 3269 691 ἀπολογίαν
3321 624 3448 693 περὶ
3503 623 3595 675 τοῦ
3641 624 3814 675 ταῦτα

2255 716 2549 782 γεγονέναι,
2572 716 2633 790 τὸ
2650 716 2737 766 τὸν
2757 715 2886 766 Θεὸν
2935 714 3288 783 βεϐουλῆσθαι
3317 715 3578 782 συστῆσαι
3612 714 3700 765 τὸν
3724 714 3812 766 διὰ

2269 805 2439 874 Ἰησοῦ
2485 807 2558 867 ὡς
2582 807 2842 874 σωτήριον
2883 808 2994 866 τοῖς
3025 804 3328 874 ἀνθρώποις
3368 804 3542 870 λόγον,
3573 803 3816 872 βεϐαιού-

2260 892 2416 965 μενον
2461 896 2555 964 μὲν
2577 897 2686 955 τοῖς
2733 895 3048 955 ἀποστόλοις
3093 893 3331 962 ὡσπερεὶ
3392 892 3656 967 θεμελίοις
3711 892 3814 960 τῆς

2257 984 2727 1053 καταϐαλλομένης
2757 983 3038 1051 οἰκοδομῆς
3086 983 3178 1033 τοῦ
3218 982 3660 1054 Χριστιανισμοῦ,
3693 983 3816 1033 ἐπι-

2256 1075 2459 1127 διδόντα
2499 1075 2552 1125 δὲ
2574 1075 2663 1125 καὶ
2705 1073 2845 1125 κατὰ
2889 1075 3015 1133 τοὺς
3055 1072 3177 1139 ἑξῆς
3228 1072 3481 1140 χρόνους·
3509 1074 3564 1123 ἐν
3603 1066 3683 1132 οἷς
3712 1072 3816 1122 οὐκ

2257 1164 2430 1230 ὀλίγαι
2460 1163 2742 1232 θεραπεῖαι
2781 1162 2856 1231 τῷ
2902 1162 3070 1230 Ἰησοῦ
3110 1161 3330 1224 ὀνόματι
3364 1161 3459 1213 καὶ
3497 1161 3649 1214 ἄλλαι
3669 1161 3816 1222 τινές

2258 1251 2564 1318 ἐπιφάνειαι
2621 1252 2719 1302 οὐκ
2764 1250 3220 1317 εὐκαταφρόνητοι
3266 1247 3633 1300 ἐπιτελοῦνται
3673 1246 3812 1316 (34).

2259 1339 2504 1402 Ποταπὸς
2550 1339 2605 1390 δέ
2654 1339 2746 1391 καὶ
2787 1339 3075 1401 Ἀπόλλων,
3135 1338 3484 1405 ἐπισκήπτων
3533 1338 3819 1387 Μεταπον-

2258 1430 2421 1488 τίνοις
2458 1430 2515 1478 ἐν
2551 1427 2685 1478 θεῶν
2729 1428 2892 1496 μοίρᾳ
2938 1427 3121 1493 νέμειν
3173 1427 3265 1478 τὸν
3326 1425 3648 1494 ’Δριστέαν;
3702 1425 3815 1477 Καὶ

2259 1519 2312 1569 τί
2357 1517 2671 1586 βουλόμενος
2715 1517 2870 1568 τοῦτο
2914 1519 3086 1580 ποιεῖ;
3121 1517 3288 1568 Ποίαν
3340 1533 3399 1567 τε
3449 1517 3714 1583 ὠφέλειαν
3754 1519 3818 1568 ἐκ

2259 1607 2359 1675 τῆς
2390 1607 2464 1668 ὡς
2495 1608 2628 1676 πρὸς
2653 1606 2782 1657 Θεὸν
2811 1606 2919 1674 (35)
2953 1607 3114 1675 τιμῆς
3159 1605 3454 1673 οἰκονομῶν
3486 1608 3598 1666 τοῖς
3631 1606 3812 1656 Μετα-

2262 1695 2522 1756 ποντίνοις
2567 1694 2832 1761 γενέσθαι,
2877 1697 2924 1746 εί
2967 1695 3058 1746 τὸν
3133 1694 3238 1763 πρὸ
3299 1694 3476 1760 ὀλίγου
3535 1693 3819 1762 ἄνθρωπον

2261 1781 2354 1833 νῦν
2401 1783 2531 1834 Θεὸν
2572 1781 2898 1849 λογίζοιντο;
2961 1783 3095 1835 Ἀλλ’
3173 1782 3500 1844 ’Λπόλλωνος
3553 1783 3649 1850 μὲν
3696 1782 3820 1850 (τοῦ

606 1879 719 1924 stea
747 1873 1051 1924 testimonia
1087 1873 1182 1926 tibi
1215 1873 1371 1939 digna
1393 1871 1664 1933 videntur,
1711 1874 1938 1937 quorum
1963 1870 2158 1923 habea-

2262 1870 2380 1923 καθ’
2401 1873 2544 1940 ἡμᾶς
2573 1871 2838 1939 δαίμονος,
2880 1871 3130 1951 λαχόντος
3160 1872 3327 1941 γέρας
3353 1872 3539 1939 λοιϐῆς
3573 1889 3632 1922 τε
3666 1873 3820 1923 κνίσ-

609 1968 695 2012 tur
737 1961 907 2024 ratio;
954 1957 1149 2013 summi
1203 1960 1293 2011 Dei
1349 1969 1527 2012 autem
1579 1968 1634 2012 et
1681 1966 1992 2023 sanctorum
2043 1959 2160 2027 ejus

605 2048 915 2116 angelorum
973 2048 1296 2108 testimonia,
1351 2062 1453 2099 non
1509 2055 1628 2114 post
1655 2045 1780 2100 Jcsu
1815 2055 2015 2108 ortum,
2065 2048 2160 2099 sed

607 2150 889 2206 antequam
920 2138 984 2191 ad
1011 2151 1176 2206 genus
1207 2137 1493 2188 humanum
1520 2135 1893 2198 descenderet,
1923 2135 2070 2188 edita
2101 2146 2151 2188 te

608 2227 879 2280 adducere
926 2241 1029 2278 non
1071 2235 1312 2299 possunt,
1374 2223 1736 2276 utadmireris
1783 2233 1836 2277 et
1869 2225 2162 2292 prophetas

603 2316 698 2384 qui
727 2316 909 2368 divino
939 2314 1142 2384 Spiritu
1177 2314 1367 2381 repleti
1399 2323 1542 2374 sunt,
1573 2321 1627 2366 et
1657 2328 1781 2366 eum
1817 2315 1909 2382 qui
1944 2315 2012 2367 ab
2054 2313 2160 2366 illis

607 2407 994 2475 praenuntiatus
1032 2413 1137 2458 est.
1185 2402 1352 2472 Hujus
1408 2411 1586 2456 tamen
1634 2405 1922 2458 adventum
1978 2404 2160 2457 multis

605 2502 732 2548 ante
762 2494 920 2546 anuis
949 2493 1020 2545 ita
1050 2507 1082 2544 a
1127 2491 1311 2544 multis
1373 2492 1744 2544 annuntiatum
1804 2504 1924 2544 esse
1971 2505 2158 2544 verum

604 2593 707 2646 est,
739 2592 796 2636 ut
828 2583 1134 2636 Iudaeorum
1173 2596 1304 2650 gens
1357 2589 1494 2645 tota,
1545 2597 1664 2648 qum
1710 2596 1775 2634 ex
1825 2583 1941 2651 ejus
1999 2597 2157 2650 quem

607 2674 860 2741 sperabat
901 2683 1188 2725 venturum
1225 2686 1366 2734 esse,
1413 2673 1820 2738 exspectatione
1872 2672 2158 2739 pendebat,

606 2771 734 2815 nato
756 2761 905 2825 Jesu,
940 2763 1073 2816 duas
1095 2764 1148 2815 in
1181 2763 1464 2831 opiniones
1487 2764 1654 2815 scissa
1687 2761 1871 2815 fuerit.
1899 2761 2158 2817 Permulti

599 2851 746 2905 enim
773 2852 1042 2906 Christum
1075 2852 1309 2906 confessi
1347 2837 1496 2916 sunt,
1549 2861 1604 2905 et
1646 2867 1770 2906 eum
1810 2867 1930 2907 esse
1984 2853 2161 2907 credi-

608 2948 802 2995 derunt
838 2980 853 3003 ,
885 2957 1043 3009 quem
1076 2943 1349 3010 propheta:
1373 2943 1770 3010 praedixerant;
1805 2942 1888 2995 alii
1922 2957 2047 2995 vero
2077 2943 2155 2994 in-

606 3031 834 3092 creduli,
863 3043 1040 3097 Spreta
1090 3033 1300 3085 illorum
1349 3033 1760 3088 mansuetudine
1793 3020 1882 3102 qui
1939 3028 2160 3101 propter

603 3119 730 3175 Jesu
783 3122 1084 3175 doctrinam
1143 3138 1211 3176 ne
1255 3123 1527 3176 minimam
1568 3125 1784 3190 quidem
1837 3123 2154 3175 seditionem

605 3216 843 3268 excitare
889 3215 1194 3277 voluerunt,
1247 3216 1490 3269 facinora”
1546 3217 1636 3268 illa
1703 3215 1754 3267 in
1806 3212 1987 3266 Jesum
2037 3216 2154 3267 ausi

605 3312 751 3368 sunt,
780 3319 898 3370 qua:
927 3308 1043 3370 ejus
1066 3303 1304 3372 discipuli
1340 3320 1533 3372 magno
1581 3306 1826 3360 veritatis
1889 3318 2073 3358 amore
2102 3314 2155 3358 et

603 3393 770 3445 animi
802 3394 1038 3447 candore
1067 3394 1531 3461 conscripserunt,
1584 3409 1650 3446 ne
1691 3393 1987 3447 subtraCtis
2032 3394 2156 3460 qui-

602 3485 729 3537 dem
747 3498 812 3536 ex
839 3484 980 3537 illius
1021 3485 1278 3550 stupenda
1331 3485 1556 3552 historia
1607 3486 1788 3547 rebus,
1831 3498 1949 3549 quae
1993 3482 2157 3536 Chri—

607 3573 903 3626 stianorum
932 3574 1188 3626 doctrinm:
1213 3575 1410 3640 probro
1453 3573 1586 3624 verti
1635 3585 1792 3638 posse
1825 3571 2154 3623 viderentur.

607 3661 787 3714 Voluit
812 3663 953 3715 enim
974 3661 1130 3716 Jesus
1162 3662 1273 3730 ipse
1309 3673 1361 3714 et
1393 3661 1509 3726 ejus
1533 3659 1802 3726 discipuli,
1845 3660 2013 3728 utqui
2066 3675 2158 3712 ac-

606 3752 888 3812 cedebant,
917 3765 1020 3803 non
1050 3753 1120 3804 ita
1149 3754 1264 3825 ejus
1295 3752 1567 3827 divinitati
1597 3759 1650 3801 et
1679 3749 1954 3802 miraculis
1984 3750 2156 3803 habe-

607 3851 728 3894 rent
763 3842 944 3903 fldem,
965 3856 1027 3895 ac
1053 3842 1097 3895 si
1119 3859 1224 3895 non
1255 3844 1618 3896 consdciasset
1642 3839 1747 3893 sibi
1777 3850 2031 3894 naturam
2062 3839 2162 3891 hu-

603 3948 845 3998 manam,
874 3943 928 3988 et
966 3949 1205 3996 carnem,
1233 3950 1348 4001 quae
1381 3937 1432 3987 in
1469 3935 1774 3988 hominibus
1818 3931 2160 4000 concupiscit

606 4025 866 4077 adversus
898 4025 1144 4092 spiritum
1168 4065 1181 4084 ,
1213 4041 1315 4078 non
1342 4019 1686 4092 suscepisset.
1716 4025 1984 4078 Noverant
2013 4022 2158 4076 enim

608 4110 855 4165 umferre
878 4115 943 4166 ad
976 4115 1209 4166 fidelium
1242 4115 1489 4176 salutem,
1530 4115 1600 4175 si,
1627 4122 1682 4165 ut
1732 4129 1817 4167 res
1845 4113 2159 4176 diviniores,

607 4205 685 4259 sic
711 4205 875 4258 etiam
907 4208 1460 4260 crederentvirtutem
1522 4221 1579 4259 se
1616 4207 1684 4261 ad
1723 4205 2014 4262 humanam
2052 4219 2156 4262 na-

607 4303 782 4350 turam
818 4296 1186 4364 humanasque
1215 4297 1464 4351 miserias
1487 4297 1788 4359 demisisse,
1836 4307 1892 4348 et
1923 4297 2158 4349 animam

605 4387 1012 4454 humanumque
1044 4402 1236 4455 corpus
1257 4388 1632 4454 assumpsisse.
1670 4387 1877 4455 Quippe
1908 4388 1996 4454 qui
2031 4387 2162 4441 hinc

2264 1976 2362 2028 σης
2388 1977 2448 2011 τε
2467 1959 2505 2029 ,)
2539 1961 2594 2009 αί
2629 1961 2754 2029 περὶ
2786 1960 2877 2012 τοῦ
2933 1962 3205 2030 Ἀριστέου
3248 1963 3530 2036 συστάσεις
3557 1962 3822 2030 άξιόλογοί

2263 2063 2342 2098 σοι
2369 2048 2641 2114 φαίνονται
2666 2043 2820 2099 εἶναι·
2850 2050 2905 2098 αἱ
2931 2049 2985 2098 δὲ
3013 2049 3105 2099 τοῦ
3139 2050 3230 2100 ἐπὶ
3267 2051 3399 2101 πᾶσι
3428 2050 3561 2102 Θεοῦ
3592 2052 3683 2102 καὶ
3711 2052 3824 2103 τῶν

2259 2137 2427 2202 ἁγίων
2459 2137 2700 2203 ἀγγέλων
2732 2137 2893 2189 αὑτοῦ
2922 2138 3008 2189 διὰ
3047 2139 3359 2208 προφητῶν,
3383 2140 3443 2190 ού
3472 2141 3607 2208 μετὰ
3635 2141 3695 2193 τὸ
3726 2127 3823 2208 γε’-

2259 2227 2467 2293 γονέναι
2523 2228 2613 2280 τὸν
2667 2227 2908 2297 Ἰησοῦν,
2955 2228 3088 2281 ἀλλὰ
3144 2232 3270 2299 πρὶν
3347 2231 3680 2299 ἐπιδημῆσαι
3743 2233 3824 2301 τῷ

2262 2313 2359 2383 βίῳ
2397 2314 2504 2383 (56)
2546 2315 2653 2366 τῶν
2703 2316 3036 2386 ἀνθρώπων,
3090 2319 3585 2386 προαγορευόμεναι
3632 2320 3691 2371 οὐ
3741 2339 3826 2372 κι-

2260 2403 2407 2454 νοῦσί
2447 2422 2505 2456 σε
2545 2405 2680 2474 πρὸς
2720 2407 2778 2457 τὸ
2817 2407 3093 2474 θαυμάσαι
3138 2409 3229 2458 καὶ
3288 2409 3414 2468 τοὺς
3470 2411 3826 2479 χωρήσαντας

2261 2494 2400 2546 θεῖον
2431 2495 2652 2564 Πνεῦμα
2683 2499 2980 2565 προφήτας,
3024 2499 3116 2549 καὶ
3149 2498 3238 2548 τὸν
3271 2499 3362 2550 ὑπ’
3397 2499 3572 2550 αὐτῶν
3611 2511 3826 2569 προφη-

2259 2580 2576 2653 τευόμενον;
2632 2580 2691 2638 οῦ
2740 2586 2834 2654 τὴν
2881 2589 2959 2647 είς
2991 2587 3080 2637 τὸν
3109 2588 3219 2655 βίον
3265 2588 3553 2656 ἐπιδημίαν
3612 2588 3824 2649 πολλοῖς
3874 2611 3880 2621 -’

2261 2675 2517 2745 πρότερον
2545 2675 2717 2726 ἔτεσιν
2746 2675 2888 2727 οὕτω
2908 2675 2994 2727 διὰ
3013 2676 3273 2730 πλειόνων
3295 2677 3633 2747 κεκηρῦχθαι
3685 2695 3824 2747 συμ-

2260 2765 2508 2834 ϐέϐηκεν,
2555 2764 2692 2816 ὥστε
2715 2766 2776 2817 τὸ
2836 2765 3099 2818 Ἰουδαίων
3136 2767 3253 2817 ὅλον
3295 2767 3465 2829 ἔθνος,
3517 2768 3824 2836 ἠρτημένον

2259 2851 2359 2919 τῆς
2391 2851 2515 2919 περὶ
2549 2850 2639 2901 τοῦ
2669 2850 3014 2919 ἐλπιζομένου
3068 2853 3426 2922 ἐπιδημήσειν
3475 2854 3822 2923 προσδοκίας,

2259 2944 2339 3003 είς
2365 2941 2462 3010 τὴν
2484 2942 2624 3011 πρὸς
2652 2941 2910 3012 ἀλλήλους
2939 2941 3160 3011 ζήτησιν
3205 2941 3518 3010 ἐληλυθέναι
3536 2981 3551 3005 ,
3581 2942 3675 2993 τοῦ
3722 2943 3827 3010 Ἰη-

2263 3029 2356 3090 σοῦ
2406 3031 2869 3100 ἐπιδημήσαντος·
2925 3032 3018 3084 καὶ
3070 3032 3201 3084 πολὺ
3244 3031 3342 3100 μὲν
3397 3031 3597 3101 πλῆθος
3645 3031 3826 3082 αὐτῶν

2262 3119 2665 3188 ὡμολογηκέναι
2724 3121 2984 3190 Χριστὸν,
3041 3122 3134 3173 καὶ
3194 3121 3612 3174 πεπιστευκέναι
3661 3120 3827 3173 αὑτὸν

2185 3183 2227 3241 C
2261 3183 2395 3260 εἶναι
2445 3183 2533 3260 τὸν
2591 3183 3074 3278 προφητεύομενονο
3134 3210 3260 3271 τοὺς
3299 3210 3355 3261 δὲ
3414 3211 3486 3279 μὴ
3551 3209 3829 3263 πιστεύον-

2259 3317 2356 3362 τας
2389 3299 2497 3367 (57)
2520 3339 2535 3361 ,
2581 3295 3223 3368 καταφρονήσαντας’τῆς
3261 3301 3564 3370 πραότητος
3601 3299 3709 3352 τῶν
3739 3300 3828 3351 διὰ

2257 3389 2326 3440 τά
2361 3389 2534 3458 Ἰησοῦ
2582 3388 2874 3457 μαθήματα
2909 3389 3028 3440 ούδέ
3073 3389 3232 3458 μέχρι
3269 3389 3363 3440 τοῦ
3403 3390 3663 3458 τυχόντος
3702 3407 3828 3443 στα-

2261 3477 2464 3540 σιάζειν
2521 3477 2917 3545 βουληθέντων,
2979 3478 3244 3547 τολμῆσαι
3315 3479 3455 3531 κατὰ
3511 3479 3605 3531 τοῦ
3653 3480 3826 3549 Ἰησοῦ

2258 3568 2507 3628 τοιαῦτα,
2541 3568 2694 3620 ἅτινα
2749 3567 3058 3636 φιλαληθῶς
3084 3571 3174 3620 καὶ
3201 3569 3554 3637 εὐγνωμόνως
3594 3569 3828 3638 ἀνέγρα-

2258 3658 2364 3726 ψαν
2396 3659 2444 3708 oi
2477 3656 2711 3726 μαθηταὶ
2740 3656 2924 3719 αὑτοῦ,
2950 3659 3046 3724 οὐχ
3078 3657 3514 3725 ύπεκκλέψαντες
3557 3659 3659 3726 τῆς
3699 3661 3829 3729 περὶ

2261 3735 2420 3800 αὑτοῦ
2473 3744 2768 3816 παραδόξου
2833 3747 3069 3816 ἱστορίας
3113 3747 3173 3798 τὸ
3222 3749 3411 3800 δοκοῦν
3457 3751 3570 3810 τοῖς
3612 3749 3829 3813 πολλοῖς

2261 3837 2516 3905 αἰσχύνην
2544 3837 2619 3905 τῷ
2639 3836 2778 3905 λόγῳ
2800 3836 3134 3905 Χριστιανῶν
3168 3838 3371 3907 φέρειν.
3403 3839 3511 3889 Καὶ
3540 3839 3702 3901 αὐτὸς
3722 3842 3828 3910 γὰρ

2261 3931 2288 3979 ὀ
2335 3927 2535 3997 Ἰησοῦς
2566 3928 2809 3979 ἐϐούλετο
2847 3929 2938 3979 καὶ
2977 3931 3024 3979 οἱ
3051 3928 3284 3996 μαθηταὶ
3311 3929 3519 3992 -αύτοῦ,
3561 3931 3636 3998 μὴ
3671 3931 3830 3998 μόνον

2261 4022 2326 4088 τῇ
2378 4018 2609 4087 θειότητι
2649 4019 2742 4069 καὶ
2793 4021 2903 4079 τοῖς
2956 4017 3276 4086 παραδόξοις
3327 4019 3492 4070 αὐτοῦ
3554 4020 3829 4071 πιστεύειν

2261 4110 2384 4170 τοὺς
2424 4108 2762 4177 προσιόντας,
2803 4107 2878 4168 ὡς
2919 4108 2979 4157 οὐ
3026 4109 3447 4176 κοινωνήσαντος
3501 4112 3569 4178 τῇ
3621 4109 3832 4178 ἀνθρω-

2263 4200 2389 4267 πίνῃ
2452 4198 2628 4264 φύσει,
2681 4197 2788 4249 οὐδ’
2850 4197 3204 4258 ἀναλαϐόντος
3254 4199 3354 4266 τὴν
3407 4201 3465 4249 ὲν
3524 4199 3832 4268 ἀνθρώποις

2265 4290 2439 4357 σάρκα
2471 4287 2836 4356 ἐπιθυμοῦσαν
2862 4285 2997 4339 κατὰ
3036 4287 3129 4338 τοῦ
3178 4285 3504 4355 πνεύματοςο
3548 4288 3683 4340 ἀλλὰ
3721 4289 3831 4360 γὰρ

2263 4381 2353 4430 καὶ
2381 4378 2475 4447 τὴν
2508 4378 2817 4430 καταϐᾶσαν
2846 4381 2925 4440 είς
2948 4379 3290 4448 ἀνθρωπίνην
3318 4378 3477 4445 φύσιν
3510 4381 3603 4430 καὶ
3633 4382 3712 4441 είς
3744 4381 3833 4432 ἀν-

606 4477 821 4531 dis’cunt
844 4478 911 4531 ab
935 4477 1023 4532 illo
1044 4479 1331 4547 incmpisse
1350 4479 1540 4532 divinae
1563 4487 1771 4532 natura:
1792 4493 1913 4533 cum
1933 4481 2158 4534 humana

2270 4470 2542 4539 θρωπίνας
2578 4469 2924 4538 περιστάσεις
2960 4470 3221 4536 δύναμιν,
3287 4472 3379 4524 καὶ
3453 4471 3832 4523 ἁναλαὸοῦσαν

606 4568 1034 4634 coniunctionem
1072 4585 1087 4630 ;
1119 4577 1174 4620 ut
1201 4570 1428 4621 humana
1486 4583 1582 4621 sua
1629 4583 1751 4621 cum
1808 4585 1866 4623 re
1897 4569 2147 4622 diviniori

607 4655 862 4708 societate
891 4655 1044 4709 fieret
1071 4657 1246 4708 divina
1275 4672 1375 4710 non
1415 4657 1466 4710 in
1499 4655 1805 4723 solo-Jeau,
1852 4657 1947 4712 sed
1996 4667 2053 4710 et
2103 4658 2156 4710 in

604 4743 871 4806 omnibus,
912 4745 1004 4812 qui
1031 4760 1154 4799 cum
1195 4747 1297 4798 fide
1337 4747 1497 4800 vitam
1553 4746 1954 4814 amplectuntur
1995 4762 2156 4814 quam

607 4831 760 4885 Iesus
787 4834 1020 4901 edocuit,
1064 4845 1117 4889 et
1157 4851 1275 4905 qua:
1317 4835 1384 4887 ad
1438 4839 1730 4892 amicitiam
1796 4838 1888 4890 Dei
1934 4836 2157 4904 ejusque

607 4925 1036 4978 communionem
1068 4927 1310 4993 perducit
1352 4926 1656 4994 quicunque
1704 4943 1830 4982 suos
1887 4941 2061 4980 mores
2091 4940 2156 4978 ex

606 5006 733 5062 Jesu
758 5017 1036 5080 prmceptis
1056 5018 1478 5082 composuerint.

2253 4561 2426 4630 ψυχὴν
2480 4562 2571 4613 καὶ
2629 4559 2789 4626 σῶμα
2839 4558 3196 4627 ἀνθρώπινον,
3258 4559 3444 4629 ἐώρων
3489 4563 3555 4613 ἐκ
3602 4561 3698 4614 τοῦ
3735 4579 3832 4614 πι-

2261 4650 2539 4703 στεύεσθαι
2596 4650 2730 4718 μετὰ
2781 4647 2887 4699 τῶν
2931 4649 3213 4718 θειοτέρων
3257 4649 3699 4719 συμϐαλλομένην
3746 4655 3833 4712 είς

2264 4742 2531 4810 σωτηρίαν
2565 4742 2675 4800 τοῖς
2705 4738 3065 4789 πιστεύουσινο
3110 4738 3328 4808 ὁρῶσιν,
3359 4741 3440 4790 ὅτι
3481 4740 3574 4791 ἀπ’
3616 4741 3830 4793 ἐκείνου

2260 4831 2460 4902 ’ἤρξατο
2477 4830 2592 4882 θεία
2624 4830 2715 4882 καὶ
2738 4829 3050 4898 ἀνθρωπίνη
3076 4829 3489 4896 συνυφαίνεσθαι
3510 4829 3619 4901 (58)
3643 4831 3826 4898 φύσιςο

2251 4923 2317 4975 ἵν’
2349 4925 2382 4992 ἡ
2419 4922 2724 4991 ἀνθρωπίνη
2767 4924 2829 4990 τῇ
2872 4921 3004 4990 πρὸς
3028 4921 3089 4972 τὸ
3118 4920 3391 4990 θειότερον
3437 4923 3692 4992 κοινωνία
3730 4923 3832 4988 γέο

2257 5031 2412 5083 νηται
2433 5012 2551 5067 θεία
2586 5012 2684 5063 οὐκ
2710 5013 2766 5061 ἐν
2793 5011 2934 5079 μόνῳ
2954 5011 3031 5079 τῷ
3063 5012 3256 5080 Ἰησοῦ,
3287 5012 3418 5064 ἀλλὰ
3443 5013 3536 5065 καὶ
3554 5015 3687 5064 πᾶσι
3711 5015 3830 5073 τοῖς

609 5101 745 5169 μετὰ
767 5103 858 5154 τοῦ
881 5107 1148 5158 πιστεύειν
1171 5107 1602 5176 ἀναλαμϐάνουσι
1635 5107 1766 5174 βίον,
1792 5107 1849 5159 ὃν
1879 5106 2081 5177 Ἰησοῦς
2113 5104 2372 5169 ἐδίδαξεν,
2413 5105 2679 5170 ἀνάγοντα
2704 5103 2792 5153 ἐπὶ
2826 5104 2920 5169 τὴν
2955 5103 3086 5171 πρὸς
3109 5104 3199 5154 τὸν
3231 5103 3361 5154 Θεὸν
3385 5104 3563 5170 φιλίαν
3595 5106 3689 5156 καὶ
3711 5105 3815 5174 τὴν

610 5190 743 5260 πρὸς
775 5193 974 5245 ἐκεῖνον
1008 5196 1283 5246 κοινωνίαν
1319 5197 1490 5247 πάντα
1510 5195 1597 5246 τὸν
1619 5195 1757 5246 κατὰ
1789 5196 1884 5256 τὰς
1917 5197 2086 5265 Ἰησοῦ
2123 5195 2398 5264 ὑποθήκας
2429 5194 2624 5257 ζῶντα.

702 5394 792 5456 34)
824 5393 991 5446 Codd.
1026 5393 1222 5457 Regius
1251 5402 1303 5446 et
1333 5393 1678 5455 Basilccnsis,
1712 5393 2006 5445 τελοῦνται.

702 5394 792 5456 34)
824 5394 991 5446 Codd.
1026 5394 1222 5457 Regius
1251 5402 1303 5446 et
1333 5394 1678 5455 Basilccnsis,
1712 5394 1853 5445 τελοί

675 5394 784 5599 ἔῦῖὶ)
825 5462 1160 5541 anschelins
1186 5463 1234 5512 in
1258 5470 1426 5524 textu,
1452 5463 1586 5533 πρὸς
1607 5463 1681 5524 ὡς
1716 5462 1853 5514 θεόν.

698 5533 763 5584 36
825 5532 992 5592 Alias,
1014 5547 1090 5597 τῳ
1122 5530 1285 5595 γένει.
1835 5557 1841 5570 -

698 5530 783 5597 36)
825 5532 992 5592 Alias,
1014 5530 1090 5597 τῷ
1122 5530 1285 5595 γένει.
1497 5530 1507 5533 ⁷
1835 5557 1841 5570 ·

676 5597 785 5666 (57)
822 5602 983 5660 Alias,
1015 5599 1419 5663 πιστεύσαντας.
1456 5601 1675 5653 lbidem'
1701 5610 1807 5669 pro'
1843 5599 1949 5653 τῶν
1977 5597 2063 5651 διὰ
2091 5599 2158 5651 τὰ

635 5671 791 5742 Ιησοῤ
821 5669 1728 5742 uapﬁputatGuietoscribendum,
1768 5671 2001 5742 videtur,
2053 5669 2157 5721 τῶν

640 5738 698 5789 0'3
745 5738 914 5808 Ἰησοῦ
945 5738 1213 5810 μαθητῶν,
1255 5747 1307 5792 et
1343 5739 1412 5793 ita
1445 5738 1946 5809 Celeniuslcgcbat.

2321 5393 2434 5464 (58)
2469 5390 2985 5464 Συνυφαίι-’.ςσθιιι.¹
3010 5387 3108 5464 Sic
3126 5403 3209 5442 om
3222 5395 3316 5464 n_e's
3348 5404 3483 5464 mss.
3511 5389 3661 5464 [fibri
3691 5405 3832 5446 vero

2252 5458 2439 5516 excusi
2470 5463 2521 5513 in
2557 5470 2728 5514 textu.
2784 5458 3193 5527 συμὸαίνεσθαι.
3246 5458 3416 5513 Paulo
3472 5461 3610 5513 infra
3665 5475 3830 5527 mss”

2298 5530 2391 5582 ετὰ
2418 5530 2509 5582 τοῦ
2553 5527 2845 5589 πιστεύειν,
2886 5528 3096 5596 rectius,
3120 5543 3282 5596 quam
3316 5530 3564 5596 impressi
3598 5528 3651 5579 in
3697 5531 3829 5593 qni-

2298 5550 2391 5582 ετα
2418 5550 2509 5582 του
2553 5550 2845 5589 πιστεύειν,
2887 5550 3086 5580 ιιςιὶιιιιδ
3120 5550 3282 5596 quam
3317 5550 3564 5596 llllpl'eSSI
3598 5550 3651 5579 Ill
3697 5550 3826 5593 (³111⁸-

2253 5550 2593 5667 iiuslegitur,
2635 5597 2768 5666 μετὰ
2818 5595 3205 5667 ’τὸ-πιστεύειν.
3261 5599 3424 5650 Paulo
3456 5597 3593 5667 infra
3659 5611 3826 5667 ωδε..

2254 5668 2351 5735 τήν
2377 5665 2512 5736 πρὸς
2540 5665 2783 5718 τὸνΘεὸν
2824 5665 3021 5731 φιλίαν.
3075 5666 3220 5722 Libri
3265 5667 3478 5732 excusi,
3533 5666 3631 5734 τὴν
3681 5665 3824 5735 πρὸς

2254 5737 2341 5789 τὸν
2371 5736 2500 5786 Θεὸν
2535 5736 2958 5805 φιλανθρωπίαν.
