4100 6318
282 454 385 511 εισι
1482 449 1763 507 CONTRA
1797 449 2074 507 CELSUM
2111 450 2240 508 LIB.
2277 450 2365 507 ιιι.
3173 415 3176 418 ’
3414 460 3522 518 eos

284 570 377 624 τοῦ
412 569 681 639 σώματος,
706 569 842 622 ἀλλὰ
868 567 1007 622 κατὰ
1033 567 1130 638 τὴν
1153 566 1392 620 δοθεῖσαν
1423 567 1570 638 αὐτῷ
1604 569 1696 621 καὶ
1728 568 1854 639 περὶ
1883 574 1903 628 ,ί

1903 574 1924 628 t
1958 583 2130 623 meam
2149 584 2190 640 _a
2213 583 2321 631 me,
2358 567 2450 623 sed
2476 581 2574 638 ego
2601 581 2742 638 pono
2771 570 2918 625 illam
2947 586 2976 625 a
3019 573 3244 639 mcipso.
3274 574 3522 630 Potesta-

282 657 474 708 τούτου
509 655 806 726 παράδοξον
845 655 1150 725 ὲξουσίανε)
1182 654 1263 717 τὸ,
1305 673 1323 706 ι
1363 654 1550 717 Οὐδεὶς
1579 657 1722 725 αἴρει
1752 656 1850 726 τὴν

1953 669 2058 713 tem
2093 659 2268 713 habeo
2293 655 2532 728 ponendi
2552 675 2693 724 eam,
2736 670 2791 715 et
2836 673 3157 731 potestatem
3207 667 3380 721 habeo
3413 668 3519 729 ite-

278 746 459 817 ψυχήν
504 764 604 816 μου
634 747 728 799 ἀπ’
777 746 934 817 ἐμοῦ,
979 744 1113 798 ἀλλὰ
1145 745 1255 812 ἐγὼ
1297 735 1488 814 τίθημι
1521 746 1704 816 ἀὐτὴν
1754 746 1850 797 ἀπ’

1953 752 2072 800 rum
2103 750 2349 802 sumendi
2396 763 2514 802 eam
2545 749 2612 802 “.
2660 769 2679 802 ι
2723 752 2788 804 Ει
2826 755 3076 819 quoniam
3118 769 3236 808 eam
3287 759 3517 824 ponendi

277 837 543 908 ἐμαυτοῦ.
608 837 886 904 Ἐξουσίαν
933 837 1040 905 ἔχω
1088 836 1258 890 θεῖναι
1311 837 1498 906 αὐτὴν,
1543 837 1636 890 καὶ
1692 837 1851 890 πάλιν

1951 845 2271 902 potestatem
2319 836 2526 898 habuit,
2575 839 2751 906 posuit
2781 842 3000 909 quando
3047 843 3179 896 dixit
3212 830 3239 896 ι’
3267 862 3285 894 ι
3335 844 3515 913 Pater,

279 927 531 992 ἐξουσίαν
555 928 685 997 ,ἔχω
727 928 912 996 λαϐεῖν
943 929 1133 998 αὐτήν.
1187 947 1206 980 ι
1260 928 1412 980 Ἐπεὶ
1455 928 1561 998 γὰρ
1606 929 1849 993 ἐξουσίαν

1951 929 2136 992 utquid
2181 928 2516 998 dereliquiin
2554 929 2678 982 me?
2706 929 2773 983 Et
2817 933 3124 988 exclamans
3155 949 3287 988 voce
3329 952 3514 1004 magna

277 1013 394 1087 εἷχε
438 1018 609 1071 θεῖναι
646 1019 835 1090 αὐτὴν,
884 1019 1042 1090 ἔθηκε
1077 1018 1194 1089 μὲν,
1230 1019 1389 1088 ἡνίκα
1425 1016 1562 1081 εἶπε,
1593 1038 1611 1069 ι
1647 1019 1846 1090 Πάτερ,

1949 1019 2128 1072 emisit
2163 1019 2408 1086 spiritum
2441 1021 2520 1082 ‘5;
2560 1039 2578 1070 ι
2619 1037 2894 1090 occupans
2923 1023 3228 1088 carnifices,
3260 1026 3350 1093 qui
3393 1043 3516 1080 cru-

280 1109 370 1162 ἴνα
403 1109 454 1161 τί
485 1101 571 1180 με’
595 1111 980 1179 ὲγκατέλιπες;
1034 1111 1143 1164 Καὶ
1177 1109 1377 1181 κράξας
1426 1114 1572 1181 φωνῇ
1619 1111 1845 1181 μεγάλῃ.

1950 1109 2232 1162 cifixorum
2261 1108 2429 1179 468
2460 1109 2783 1179 frangebant
2829 1127 3008 1174 crura,
3054 1122 3108 1165 et
3129 1106 3134 1110 ’
3157 1115 3276 1167 ideo
3304 1116 3517 1184 frange-

275 1200 458 1270 ἀφῆκε
499 1202 561 1254 τὸ
593 1202 843 1272 πνεῦμα·
897 1222 916 1255 ι
956 1201 1238 1273 προλαϐὼν
1284 1205 1406 1267 τοὺς
1437 1204 1528 1256 ἐπὶ
1567 1201 1674 1254 τῶν
1723 1203 1847 1254 ἀνε-

1947 1200 2094 1261 bant,
2127 1208 2184 1250 ut
2234 1213 2301 1252 ne
2343 1200 2545 1256 diutius
2591 1207 2994 1264 cruciarentur.
3054 1202 3298 1273 Sumpsit
3333 1217 3513 1258 autem

275 1292 713 1362 σκολοπισμένων
732 1293 842 1363 (48)
871 1293 1120 1364 δημίους,
1153 1293 1549 1362 ὑποτέμνοντας
1579 1293 1646 1346 τά
1681 1291 1844 1362 σκέλη

1947 1291 2210 1356 animam,
2235 1294 2453 1358 quando
2481 1294 2757 1363 discipulis
2784 1296 3057 1363 apparuit,
3086 1303 3144 1348 ut
3174 1311 3356 1352 coram
3385 1299 3514 1365 ipsis

269 1382 384 1435 τῶν
417 1385 848 1455 σταυρουμένων,
880 1387 972 1438 καὶ⁴
1012 1385 1100 1438 διὰ
1143 1384 1285 1437 τοῦθ’
1318 1386 1732 1454 ὑποτέμνοντας,
1760 1385 1845 1436 ἵνα

1944 1381 2271 1448 praadixerat
2295 1381 2360 1435 iis
2385 1398 2449 1436 ex
2475 1382 2693 1448 Judznis,
2719 1383 2812 1451 qui
2843 1385 2941 1452 ipsi
2972 1385 3198 1439 credere
3226 1386 3509 1440 nolebant:

275 1472 353 1543 μὴ
384 1475 637 1528 ὲπιπλέον
657 1477 922 1546 τιμωρίαν
945 1477 1183 1529 τίσωσιν.
1210 1474 1405 1527 ’Έλαϐε
1437 1476 1494 1527 δὲ
1524 1476 1620 1546 τὴν
1646 1477 1841 1547 ψυχὴν,

1952 1494 1970 1526 ι
2009 1477 2213 1531 Solvite
2242 1477 2497 1544 templum
2522 1475 2642 1550 hoc,
2672 1482 2728 1527 et
2756 1475 2808 1527 in
2840 1463 3025 1528 tribus.
3047 1474 3239 1528 diebus
3263 1477 3513 1530 excitabo

269 1564 362 1616 ὅτε
393 1566 583 1618 ἑαυτὸν
617 1567 898 1638 ἐνεφάνισε
948 1570 1059 1630 τοῖς
1110 1568 1395 1637 μαθηταῖς,
1429 1567 1705 1638 προειπὼν
1756 1568 1842 1620 ἐπ’

1946 1568 2074 1620 illud
2122 1567 2188 1618 “.
2251 1585 2268 1616 ι
2322 1566 2472 1632 Quod
2532 1583 2552 1614 ‹
2611 1563 2823 1618 dicebat
2887 1566 2955 1618 de
3008 1565 3210 1634 templo
3265 1557 3512 1634 corporis

185 1662 190 1666 ’
267 1656 451 1709 αὐτῶν
482 1659 592 1720 τοῖς
634 1658 953 1711 ἀπιστοῦσιν
998 1659 1145 1728 αὐτῷ
1193 1659 1508 1722 Ἰουδαίοιςο·
1554 1677 1572 1710 ι
1633 1659 1804 1712 Λύσατ

1945 1651 2025 1712 διιί
2062 1658 2129 1709 θ’.
2168 1677 2185 1708 ι
2225 1657 2371 1710 Idem
2399 1665 2454 1708 et
2489 1656 2764 1723 propheta:
2805 1655 3354 1725 prtesignillcaverant
3384 1673 3506 1712 cum

278 1743 372 1794 τὸν
425 1736 547 1798 ναὸν
603 1745 826 1809 τοῦτον,
867 1745 1018 1814 κάγὼ
1065 1747 1122 1798 ὲν
1170 1750 1342 1818 τρισὶν
1391 1751 1623 1821 ἡμέραις
1659 1754 1832 1824 ἐγερῶ

1944 1747 2127 1800 multis
2161 1746 2213 1798 in
2243 1745 2397 1806 locis,
2432 1754 2542 1797 tum
2573 1747 2840 1813 prmcipue
2867 1745 2972 1798 isto
2999 1762 3012 1798 :
3051 1762 3068 1794 ι
3109 1745 3248 1799 Caro
3275 1762 3390 1800 mea
3425 1762 3508 1799 re-

276 1832 459 1884 αὐτόν.
492 1851 510 1883 ι
553 1835 661 1886 Καὶ
701 1852 722 1886 ι
760 1836 910 1903 ἔλεγε
947 1835 1102 1888 τοῦτο
1140 1840 1264 1906 περὶ
1299 1838 1390 1890 τοῦ
1431 1842 1556 1892 ναοῦ
1594 1845 1685 1896 τοῦ
1727 1845 1828 1898 σώο
1873 1905 1888 1907 _

1884 1852 1898 1907 ς
1942 1837 2184 1907 quiescet
2228 1836 2280 1889 in
2324 1850 2451 1903 spe;
2477 1839 2739 1904 quoniam
2766 1850 2873 1889 non
2900 1835 3242 1903 derelinques
3270 1837 3503 1890 animam

281 1937 452 1988 ματος
487 1923 680 1988 αὑτοῦ,
730 1944 748 1976 ι
778 1927 870 1978 καὶ
907 1925 1012 1979 τῶν
1049 1927 1341 1997 προφητῶν
1379 1933 1829 2002 προκηρυξάντων
1870 1905 1900 1960 Ε

1888 1907 1910 1960 ³
1947 1905 2121 1978 meam
2165 1923 2218 1976 in
2252 1923 2483 1986 inferno,
2519 1938 2616 1978 nec
2649 1921 2804 1978 dabis
2836 1933 3084 1978 sanctum
3131 1936 3280 1978 tuum
3325 1927 3507 1980 videre

262 2008 328 2060 τὸ
357 2011 567 2065 τοιοῦτο
598 2012 685 2065 διὰ
711 2013 1002 2068 πλειόνων*
1036 2018 1130 2068 καὶ
1154 2018 1239 2070 διὰ
1272 2018 1393 2082 τοῦ,
1423 2038 1440 2070 ι
1490 2020 1610 2072 Ἔτι
1643 2019 1700 2071 δὲ
1745 2021 1838 2072 καὶ

1084 2018 1130 2068 ιὶ
1154 2018 1239 2070 διὰ
1272 2018 1393 2082 τοῦ,
1423 2038 1440 2070 ι
1490 2020 1610 2072 Ἔτι
1643 2019 1700 2071 δὲ
1745 2021 1838 2072 καὶ
1943 2017 2346 2084 corruptionem
2377 2015 2441 2066 ⁸⁸.
2478 2031 2498 2064 ι
2701 2077 2703 2079 ι

264 2105 300 2175 ἡ
331 2102 468 2174 σάρξ
502 2121 602 2173 μου
637 2105 1048 2176 κατασκηνώσει
1105 2109 1190 2159 ἐπ’
1215 2109 1420 2163 ἐλπίδιο
1449 2112 1530 2164 ὅτι
1567 2113 1665 2164 οὐκ
1707 2108 2119 2178 ἐγκαταλείψεις
2161 2106 2259 2177 τὴν
2289 2107 2482 2176 ψυχήν
2515 2113 2615 2174 μου
2651 2107 2732 2168 είς
2775 2107 2867 2158 τὸν
2925 2108 3056 2177 ᾅδην
3084 2147 3098 2172 ,
3142 2102 3262 2162 οὐδὲ
3315 2110 3503 2171 δώσεις

259 2197 358 2249 τὸν
387 2195 534 2248 ὅσιόν
565 2212 657 2249 σου
687 2198 824 2250 ίδεῖν-
843 2198 1153 2270 διαφθοράν.
1203 2218 1220 2249 ι
2566 2242 2571 2248 .
2747 2233 2749 2235 ι

339 2285 560 2352 Ἐδειξε
580 2286 624 2339 δ’
656 2289 686 2340 ὁ
714 2288 940 2353 Κέλσος,
972 2291 1052 2342 ὅτι
1082 2289 1331 2352 πλείονας
1353 2291 1562 2359 ἀνέγνω
1593 2292 1830 2365 ἱστορίας

2009 2287 2094 2340 55.
2141 2284 2264 2343 Haec
2292 2282 2480 2336 Celsus
2510 2282 2577 2335 de
2601 2282 2986 2351 Astypalteensi
3026 2284 3310 2340 Cleomede
3349 2289 3502 2343 addi-

271 2377 614 2447 Ἐλληνικάς,
649 2379 1024 2449 παραθέμενος
1050 2381 1143 2434 καὶ
1172 2381 1239 2433 τά
1267 2381 1392 2450 περὶ
1424 2381 1515 2434 τοῦ
1565 2384 1833 2437 Ἀστυπα-

1939 2380 2037 2441 dit,
2079 2385 2138 2429 ut
2185 2374 2449 2427 sciremus
2476 2372 2669 2424 multas
2697 2373 2798 2424 sibi
2831 2373 3000 2428 lectas
3027 2375 3192 2428 fuisse
3221 2376 3501 2451 Graecani:

257 2469 463 2530 λαίέως
504 2470 844 2539 Κλεομήδους
871 2486 888 2502 ⁶
945 2494 962 2526 ι
1021 2481 1079 2533 ὃν
1156 2465 1426 2570 ἱστρησεν,
1477 2475 1558 2534 εὶς
1602 2450 1876 2546 memmi

1879 2497 1894 2538 ηρ
1937 2481 2028 2519 cas
2058 2461 2334 2518 historias.
2372 2479 2393 2510 ι
2427 2459 2498 2523 Is,
2529 2469 2584 2512 ut
2618 2459 2807 2525 refert,
2835 2478 2956 2516 cum
2987 2464 3040 2518 in
3070 2482 3252 2519 arcam
3287 2470 3498 2538 ingres-

258 2559 589 2624 καταδύντα,
633 2561 728 2612 καὶ
774 2561 1193 2632 ἔνδοθεναύτῆς
1223 2551 1570 2634 ίὲίλημμένον
1615 2564 1689 2635 μὴ
1742 2566 1830 2616 εὑ-

1937 2569 2028 2610 sus
2049 2562 2208 2622 esset,
2236 2560 2288 2604 et
2316 2551 2605 2603 intuseam
2638 2551 2870 2604 clausam
2899 2563 3122 2618 teneret,
3151 2557 3291 2610 intus
3319 2567 3495 2613 tamen

265 2637 470 2720 ρῆσθαι
516 2641 703 2704 ἕνδονλ
739 2653 853 2705 ἀλλ’
887 2653 1063 2706 ἔκτοθι
1104 2652 1352 2724 δαιμονία
1382 2654 1488 2706 τινὶ
1527 2654 1690 2724 μοίρᾳ
1719 2654 1832 2706 διαφ

1937 2646 2190 2699 inventus
2219 2658 2326 2695 non
2365 2650 2480 2704 est;
2515 2642 2608 2694 sed
2642 2641 2891 2695 evolasse
2915 2645 3099 2706 divino
3125 2649 3355 2714 quodam
3383 2647 3497 2702 fato

213 2729 244 2757 I’
259 2741 482 2811 πτῆναι,
515 2742 674 2811 ἡνίκα
706 2743 846 2814 ὑπὲρ
872 2743 964 2796 τοῦ
996 2743 1154 2796 αὑτὸν
1175 2743 1454 2795 συλλαϐεῖν
1478 2743 1730 2812 διέκοψάν
1750 2761 1830 2798 τι-

1936 2733 2427 2807 deprehenderunt,
2456 2733 2546 2799 qui
2598 2732 2741 2785 illius
2791 2737 3285 2802 c0mprehendendi
3332 2753 3493 2792 causa

254 2847 352 2895 νες
380 2831 480 2906 τὴν
503 2832 752 2886 κιϐωτόν.
795 2851 814 2884 ι
851 2834 958 2885 Καὶ
981 2833 1137 2886 τοῦτο
1165 2834 1221 2885 δὲ
1254 2835 1300 2884 εί
1337 2834 1433 2902 μὲν
1468 2834 1575 2904 (49)
1607 2835 1828 2905 πλάσμα

1932 2841 2119 2882 arcam
2147 2824 2429 2894 eﬂ‘regere.
2475 2842 2494 2872 ι
2533 2814 2648 2906 Illac
2691 2825 2790 2878 etsi
2840 2827 2995 2879 nobis
3047 2825 3353 2894 figmentum
3387 2845 3494 2883 non

265 2880 349 2895 ’⁷.
393 2880 470 2906 ηε*
505 2880 752 2886 ”““’“’“⁷’”
795 2880 808 2884 ⁷
851 2880 957 2885 ““””“
992 2880 1133 2886 ’⁷⁷⁷⁷
1170 2880 1219 2885 ⁷*
1257 2880 1300 2884 ’⁷
1337 2880 1425 2902 r‘"
1470 2880 1572 2904 \‘vl
1615 2880 1828 2905 ""w'r'“

254 2922 430 2985 ἐστὶν,
463 2921 650 2991 ὥσπερ
674 2921 846 2975 ἔοικεν
873 2919 1010 2975 εἶναι
1048 2922 1289 2992 πλάσμα,
1321 2922 1380 2974 οὐ
1422 2924 1825 2994 παραϐάλλεται

1932 2926 2097 2982 esset,
2126 2925 2186 2969 ut
2227 2929 2347 2969 esse
2390 2880 2699 2982 flgmeiunm
2733 2915 2968 2978 videtur,
3002 2925 3179 2970 tamen
3210 2933 3332 2972 cum
3363 2917 3491 2972 Jesu

252 3014 372 3075 τοῖς
408 3013 535 3083 περὶ
567 3011 658 3065 τοῦ
714 3012 908 3083 Ἰησοῦ.
949 3014 1097 3065 Ἐπεί
1148 3030 1249 3084 περ
1278 3013 1500 3067 ἐκείνων
1544 3015 1642 3085 μὲν
1675 3015 1824 3068 οὐδὲν

1933 3011 2096 3063 rebus
2123 3007 2427 3076 comparari
2463 3020 2567 3059 non
2599 3006 2776 3060 debet.
2813 3006 2945 3059 Nam
2993 3009 3044 3060 in
3089 3008 3278 3060 borum
3325 3009 3493 3064 homi-

251 3097 360 3167 τῆς
386 3099 772 3169 ἱστορουμένης
814 3099 1083 3170 θειότητος
1113 3102 1170 3152 ὲν
1207 3099 1283 3169 τῷ
1330 3100 1428 3170 βίῳ
1473 3102 1580 3154 τῶν
1621 3103 1870 3174 ἀνθρώ-4

1869 3107 1899 3164 C
1937 3115 2062 3153 num
2097 3091 2208 3152 vita
2245 3097 2448 3150 nullum
2481 3095 2891 3150 illis-attributae
2934 3096 3229 3149 divinitatis
3275 3099 3488 3167 signum

251 3199 377 3242 πων
425 3189 689 3260 σύμϐολον
737 3188 1079 3262 εὑρίσκεται·
1135 3190 1227 3244 τοῦ
1276 3191 1332 3244 δὲ
1399 3192 1570 3263 Ἰησοῦ
1617 3196 1673 3246 αί
1719 3194 1824 3247 τῶν

1931 3192 2223 3244 invenitur.
2252 3187 2433 3243 Jesum
2469 3196 2648 3241 autem
2679 3189 2842 3240 Deum
2870 3200 2989 3240 esse
3023 3187 3172 3254 signa
3208 3199 3354 3254 sunt,
3383 3204 3491 3246 caa-

250 3281 645 3352 ὠφελουμένων
697 3285 1003 3355 ἐκκλησίαι,
1049 3285 1142 3337 καὶ
1183 3285 1239 3336 al
1284 3285 1410 3355 περὶ
1447 3286 1609 3338 αὐτοῦ
1641 3285 1822 3354 λελεγ-

1929 3289 2016 3335 tus
2051 3265 2327 3334 hominum
2353 3278 2549 3346 quibus
2581 3277 2807 3343 profuit,
2831 3277 3082 3329 vaticinia
3112 3278 3178 3331 de
3205 3280 3294 3332 illo
3322 3281 3486 3348 edita,

253 3372 416 3443 μέναι
444 3377 787 3444 προφητεῖαι,
829 3377 922 3429 καὶ
956 3378 1010 3428 αἱ
1041 3378 1099 3428 ὲν
1144 3376 1366 3445 ὀνόματι
1397 3378 1562 3430 αὑτοῦ
1608 3381 1827 3449 γινόμε-

1926 3371 2232 3424 sanationes
2282 3372 2334 3422 in
2377 3371 2519 3424 illius
2575 3368 2795 3424 nomine
2846 3366 3014 3430 factae,
3070 3369 3329 3434 sapientis
3373 3371 3489 3440 ejus

249 3479 343 3517 ναι
371 3464 674 3534 θεραπεῖαι,
706 3465 800 3518 καὶ
833 3466 864 3534 ἡ
900 3468 1018 3518 κατ’
1058 3466 1219 3518 αὐτὸν
1272 3467 1408 3534 μετὰ
1450 3470 1639 3536 σοφίας
1683 3469 1822 3535 γνῶ-

1925 3461 2184 3514 doctrinze
2217 3460 2475 3527 cognitio,
2524 3461 2661 3513 ratio
2693 3460 3092 3528 mysteriorum,
3129 3475 3290 3530 quam
3337 3461 3488 3517 iuve-

251 3568 358 3615 σις,
400 3551 496 3603 καὶ
536 3553 564 3601 ό
590 3551 746 3618 λόγος
785 3553 1168 3622 εὑρισκόμενος
1211 3553 1362 3630 παρά
1392 3557 1505 3615 τοῖς
1537 3554 1823 3622 φροντίσα-

1925 3551 2077 3604 ninnt
2106 3552 2162 3616 ii,
2206 3544 2295 3620 qui
2346 3551 2578 3619 simplici
2630 3552 2733 3606 fide
2766 3568 2869 3605 non
2902 3554 3136 3605 contenti
3165 3553 3476 3622 Scriptura—

251 3639 623 3711 σινοάναὸἧναι
653 3642 749 3710 μὲν
779 3641 890 3694 ἀπὸ
916 3643 1013 3712 τῆς
1043 3643 1204 3711 ψιλῆς
1243 3643 1496 3708 πίστεως,
1531 3644 1820 3713 ἐρευνῆσαι

1925 3656 2042 3694 rum
2089 3657 2308 3717 sensum
2349 3643 2583 3696 scrutari
2632 3643 2869 3696 student.
2903 3641 2958 3694 Id
3009 3645 3147 3711 quod
3182 3643 3338 3697 Jesus
3370 3643 3483 3710 ipse

245 3733 307 3785 δὲ
355 3731 449 3784 τὸν
479 3735 537 3784 ὲν
562 3734 678 3794 ταῖς
713 3732 885 3796 θείαις
923 3734 1165 3805 Γραφαῖς
1215 3732 1367 3786 νοῦν-
1394 3734 1531 3787 κατὰ
1577 3734 1674 3797 τὰς
1729 3735 1819 3787 τοῦ

1924 3732 2200 3801 praecipit:
2235 3732 2617 3794 «Scrulamini,
2665 3732 2859 3800 inquit,
2895 3732 3206 3801 Scripturas
3233 3733 3310 3796 ⁶⁹;
3361 3751 3382 3785 ι
3428 3742 3481 3787 et

260 3821 438 3891 Ἰησοῦ
482 3820 779 3891 ὑποθήκας,
814 3823 1086 3886 είπόντος·
1149 3842 1167 3873 ι
1233 3824 1516 3892 Ἐρευνᾶτε
1556 3825 1653 3887 τὰς
1683 3825 1822 3895 Γρα-

1921 3825 2120 3880 Paulus
2141 3826 2274 3889 vult,
2302 3826 2568 3894 siquidem
2594 3826 2769 3891 docet,
2799 3835 3048 3894 oportere
3076 3841 3171 3879 nos
3187 3826 3327 3879 scire
3343 3840 3477 3893 quo-

247 3913 358 3982 φάς
377 3928 391 3941 ·
435 3931 454 3964 ι
493 3912 585 3965 καὶ
615 3912 756 3965 κατὰ
784 3913 842 3964 τὸ
885 3911 1129 3984 βούλημα
1156 3913 1250 3966 τοῦ
1275 3914 1579 3978 διδάξαντος
1606 3915 1818 3967 Παύλου

1924 3917 2082 3970 1110ᾱο
2129 3917 2418 3985 unicuique
2464 3915 2986 3985 respondeanms‘".
3017 3917 3475 3982 Quemadmodum

243 4004 362 4058 δεῖν
388 4003 582 4056 εἰδέναι
612 4005 758 4073 ἡμᾶς
798 4005 1011 4076 ἑκάστῳ
1058 4005 1197 4076 κατὰ
1258 4005 1319 4057 τὸ
1361 4006 1480 4058 δέον
1522 4008 1819 4078 άτιοκρίνα-

1920 4014 1975 4058 et
2019 4005 2111 4070 Qui
2166 4005 2342 4058 dicit:
2378 4024 2397 4056 ι
2451 4005 2630 4060 Parati
2679 4021 2893 4075 semper
2943 4008 3009 4061 ad
3056 4005 3476 4060 satisfactionem

246 4095 378 4149 οθαι
410 4111 423 4125 ⁸
470 4095 606 4148 ἀλλὰ
636 4097 731 4148 καὶ
762 4096 856 4149 τοῦ
893 4096 1163 4160 εἰπόντος·
1200 4116 1219 4148 ι
1257 4092 1500 4167 ’Ἑτοιμοι
1551 4099 1637 4150 ἀεὶ
1687 4098 1820 4167 πρὸς

1919 4098 2064 4149 omni
2099 4098 2339 4163 poscenti
2372 4112 2468 4150 vos
2501 4098 2767 4150 rationem
2799 4099 2864 4150 de
2899 4111 2962 4150 ea
2994 4111 3114 4164 quae
3140 4096 3190 4146 in
3221 4094 3368 4147 vnbls
3395 4106 3479 4148 est

243 4185 547 4253 ἀπολογίαν
582 4185 742 4239 παντὶ
775 4185 854 4255 τῷ
892 4186 1127 4239 αἰτοῦντι
1169 4189 1312 4257 ὑμᾶς
1358 4188 1511 4255 λόγον
1553 4188 1680 4256 περὶ
1720 4190 1818 4258 τῆς

1923 4187 2025 4239 fide
2053 4187 2120 4238 ⁷ο.
2155 4205 2173 4237 ι
2201 4185 2354 4252 Quod
2382 4188 2427 4242 si
2457 4189 2556 4241 sibi
2581 4187 2804 4243 concedi
2838 4187 3073 4254 postulat
3102 4186 3200 4239 hoc
3227 4201 3328 4237 non
3351 4199 3477 4239 esse
3524 4234 3525 4237 η

243 4280 306 4331 ὲν
333 4278 461 4348 ὑμῖν
488 4277 742 4339 πίστεως.
781 4298 800 4330 ι
839 4279 901 4330 Εί
940 4278 998 4332 δὲ
1034 4277 1275 4348 βούλεται
1327 4275 1486 4341 αὐτὸς
1526 4282 1817 4348 συγχωρεῖ-

1919 4277 2154 4329 fabulam
2177 4317 2192 4342 ,
2229 4278 2376 4332 dicat
2397 4293 2501 4345 qua
2534 4287 2710 4334 mente
2733 4278 2867 4337 luce,
2901 4290 3019 4343 qua:
3047 4289 3208 4342 supra
3235 4275 3477 4330 homines

245 4361 373 4414 σθαι
401 4362 474 4432 μὴ
495 4360 633 4416 εἶναι
673 4363 917 4433 πλάσμα,
945 4363 1167 4431 λεγέτω,
1200 4365 1250 4416 τί
1283 4365 1574 4436 βουλομένη
1614 4369 1646 4436 ἡ
1677 4367 1815 4439 ὑπὲρ
1847 4426 1864 4439 Ι

1857 4426 1885 4439 λ
1919 4378 2024 4433 est,
2069 4377 2306 4435 potestas
2337 4371 2588 4433 voluerit,
2637 4379 2694 4421 ut
2740 4369 2925 4422 divino
2969 4368 3199 4435 quodam
3246 4368 3359 4421 fato
3407 4380 3476 4421 ex

241 4426 533 4522 ἄνθρωπον
711 4426 938 4522 δύναμις
965 4426 1260 4523 πεποίηκεν
1283 4426 1472 4509 ’ἔκτοθι
1513 4426 1610 4525 της
1636 4426 1815 4509 ’κιὸω-
1837 4426 1860 4510 ,1

1952 4476 2040 4513 rca
2077 4461 2220 4514 foras
2249 4461 2510 4515 evolaret.
2547 4460 2603 4512 Si
2626 4459 2750 4520 quid
2775 4460 2918 4512 enim
2950 4458 3180 4527 alicujus
3220 4461 3473 4513 momenti
3563 4531 3569 4539 ι

239 4540 342 4596 τοῦ
383 4541 632 4612 δαιμονίᾳ
659 4542 764 4594 τινὶ
794 4544 955 4614 μοίρᾳ
978 4544 1262 4614 δωπτῆναι
1289 4561 1303 4609 ;
1333 4546 1395 4597 El
1420 4547 1518 4615 μὲν
1546 4547 1654 4616 γὰρ
1675 4545 1816 4612 ἀξιό-

1916 4555 2244 4623 dignumque
2280 4554 2388 4608 Deo
2440 4555 2492 4605 in
2542 4550 2868 4611 conferendo
2913 4550 3005 4604 illo
3048 4551 3317 4604 Cleomedi
3352 4566 3473 4604 mu-

241 4631 405 4698 λογόν
449 4649 501 4683 τι
551 4633 922 4703 παραστήσει,
968 4635 1061 4688 καὶ
1110 4634 1352 4704 βούλημα
1393 4635 1528 4688 Θεοῦ
1564 4637 1711 4700 ἄξιον
1756 4637 1817 4689 τὸ

1913 4658 2042 4702 nere
2074 4643 2355 4697 consilium
2387 4640 2647 4705 attulerit,
2674 4640 2976 4694 videbimus
3018 4641 3147 4708 quid
3191 4640 3264 4692 illi
3309 4652 3477 4705 appo-

241 4722 628 4792 δωρησάμενον
674 4722 734 4775 τὸ
775 4723 1013 4777 τοιοῦτον
1056 4725 1135 4795 τῷ
1175 4725 1494 4798 Κλεομήδει,
1528 4728 1816 4799 κρινοῦμεν

1914 4734 2145 4788 nendum
2175 4735 2281 4786 erit
2310 4749 2321 4784 :
2352 4733 2432 4786 sin
2465 4738 2643 4784 autem
2673 4731 2807 4784 nihil
2833 4732 3029 4785 habeat
3059 4732 3143 4784 vel
3171 4729 3469 4798 probabile,

241 4810 300 4865 τί
336 4811 440 4882 χρὴ
490 4812 666 4879 λέγειν
713 4813 849 4884 πρὸς
883 4815 1076 4867 αὐτόν·
1109 4819 1156 4868 εἰ
1202 4817 1246 4868 δ’
1279 4819 1542 4888 ἀπορήσει
1590 4819 1690 4872 κᾶν
1737 4837 1818 4872 πι-

1906 4825 2055 4892 quod
2089 4825 2192 4877 hoc
2220 4823 2339 4876 loco
2383 4822 2548 4886 dicat,
2579 4823 2681 4876 hoc
2729 4823 2847 4890 ipso
2886 4821 3028 4892 quod
3059 4821 3255 4873 nullam
3308 4819 3471 4870 ratio-

240 4901 410 4956 θανόν
435 4919 488 4954 τι
513 4905 593 4964 είς
617 4903 709 4957 τὸν
733 4903 895 4956 τόπον
915 4905 1361 4974 λέγειν,δηλονότι
1376 4908 1558 4978 (51)τὸ
1578 4909 1700 4961 ὅσον
1717 4910 1806 4961 ἐπὶ

1915 4929 2037 4968 nem
2091 4914 2330 4982 reperire
2377 4922 2571 4981 potest,
2613 4914 2894 4968 historiam
2952 4913 3100 4967 illam
3147 4924 3327 4964 coram
3381 4909 3469 4971 iis,

239 4992 326 5061 τῷ
356 4993 430 5063 μὴ
458 4994 806 5064 εὑρίσκεσθαι
831 4996 1005 5062 λόγον,
1039 4998 1155 5067 ἦτοι
1182 4998 1537 5068 διαϐαλοῦμεν
1561 5003 1672 5062 τοῖς
1713 5001 1808 5051 αὐ-

1912 5007 2004 5074 qui
2035 5017 2154 5058 eam
2203 5005 2439 5058 nondum
2487 5017 2830 5076 receperunt,
2861 5002 3286 5073 vituperabimus
3316 5007 3373 5054 et
3405 5008 3469 5052 ut

241 5082 346 5153 τὴν
373 5081 447 5151 μὴ
473 5082 952 5152 παραδεξαμένους,
985 5085 1076 5136 καὶ
1111 5085 1471 5154 ὲγκαλέσομεν
1502 5091 1566 5158 τῇ
1604 5089 1807 5158 ἱστορίᾳ

1914 5097 2103 5150 falsam
2136 5097 2555 5166 redarguemus;
2589 5107 2683 5150 ant
2709 5098 2918 5150 dicetur
2960 5091 3278 5145 dzemonium
3307 5089 3472 5157 quod-

237 5169 322 5234 ὥς
344 5172 444 5227 οὐκ
467 5171 673 5242 ἀληθεῖ,
704 5174 737 5242 ἢ
769 5173 1040 5244 δαιμόνιόν
1071 5193 1122 5228 τι
1162 5178 1405 5246 φήσομεν
1434 5179 1806 5248 παραπλήσιον

1916 5189 2037 5241 dam
2065 5188 2303 5256 magicas
2338 5198 2483 5242 artes
2519 5188 2802 5249 imitatum.
2851 5183 3022 5239 oculis
3058 5181 3236 5235 fucum
3279 5178 3471 5232 fecisse

321 5375 368 5409 “
394 5374 550 5445 Joan.
579 5371 754 5445 x._f_8.
834 5376 903 5408 ’⁸⁵
964 5376 1147 5429 Matth.
1182 5393 1351 5438 xxvu,
1376 5378 1450 5431 46
1475 5419 1487 5436 .
1535 5379 1622 5432 50.
1723 5380 1767 5410 ⁸⁸
1795 5378 1929 5434 Joan

1844 5395 1952 5433 ian.
1987 5398 2045 5445 Ir,
2079 5383 2166 5437 l9.
2269 5385 2310 5413 ⁸⁷
2345 5382 2512 5445 lbid.,
2539 5382 2628 5434 2t.
2707 5380 2750 5411 ⁸⁸
2779 5379 2919 5434 Psal.
2950 5395 3040 5442 xv,
3077 5381 3131 5433 9.
3233 5379 3277 5412 ⁸⁸
3306 5379 3463 5434 Joan.

242 5461 304 5511 ν,
334 5446 430 5501 39.
508 5443 576 5474 "‘
609 5441 815 5497 Coloss.
847 5461 918 5503 Iv.
950 5446 1001 5498 6.
1078 5447 1121 5476 7°
1153 5448 1166 5500 1
1198 5449 1311 5501 Pet.
1346 5463 1400 5500 ιιι
1429 5487 1444 5512 ,
1473 5448 1558 5503 15.

321 5623 431 5695 (48)
486 5621 1146 5695 Ἀνεσκολοπισμρνωνη
1183 5621 1291 5695 Sick
1315 5623 1470 5695 codd.
1510 5622 1713 5692 Regius
1749 5631 1800 5675 et
1912 5689 1929 5695 _

1912 5689 1955 5695 __
1979 5618 2452 5695 (50)_H‘mscheli_ns
2472 5626 2527 5671 et
2557 5617 2879 5695 Spencerus,
2912 5625 2944 5692 ἡ
2977 5622 3116 5692 ὑπὲρ
3146 5621 3464 5692 ἀνθρώπων,

247 5687 599 5756 Βδὲὶιέειιειε,
621 5693 758 5744 alias
785 5687 1519 5759 Vct‘oﬁmcxolomﬁ‘opévwv.
1595 5687 1618 5692 ⁷

1244 5689 1519 5759 ιζομένων.
1595 5687 1618 5692 ⁷
1910 5689 2116 5759 Μδξηὴ
2147 5687 2287 5759 ὑπὲρ
2307 5688 2615 5759 ἄνθρωπον,
2646 5692 2863 5745 rectius.

319 5763 435 5831 (49)
477 5760 911 5831 Ηωεοιιειὶυεῄἰιι
936 5756 1566 5831 textu_et_ornnes_rrlss.,
1596 5760 1651 5831 ei
1681 5761 1796 5826 μέν,
1915 5828 1930 5831 _

1915 5756 2538 5831 __151)_An.toydr¢._lta
2578 5761 2746 5815 codex
2790 5759 3148 5824 Basileensis;
3181 5758 3312 5811 alias
3338 5771 3465 5813 vero

245 5825 556 5902 Spetteerus
593 5839 774 5885 autem
811 5829 961 5899 ἡμῖν,
995 5829 1152 5882 male.
1173 5826 1343 5896 Lego,
1367 5829 1415 5879 εἰ
1448 5828 1521 5898 μὴ
1553 5825 1796 5898 πλάσμα.

1003 5829 1152 5882 male.
1173 5826 1343 5896 Lego,
1367 5829 1415 5879 εἰ
1448 5828 1521 5898 μὴ
1553 5825 1796 5898 πλάσμα.
1909 5825 2064 5896 δῆλον
2097 5827 2197 5891 ὅτι,
2227 5825 2408 5910 minus
2438 5827 2595 5882 bene.
