4076 6310
2136 430 2452 486 ORIGENIS

3818 427 3914 482 96d

699 561 826 615 erga
869 546 1014 600 illum
1043 543 1501 615 Astypalzensem
1533 562 1546 598 :
1579 543 1791 597 tametsi
1826 541 2014 597 Celsus
2044 543 2259 597 videtur

2385 546 2470 606 οἷς
2517 543 2974 612 ἐπιδεικνυμένοις
3014 543 3203 613 γόησιν
3253 543 3437 612 ἀπάτῃ
3477 540 3589 611 (52)
3637 539 3916 609 ὀφθαλμῶν

701 635 806 690 sibi
853 645 1109 703 tanquam
1137 652 1168 687 e
1214 633 1418 703 tripode
1448 633 1848 702 pronuntiasse,
1883 634 2028 686 illum
2079 634 2259 686 divino

702 723 934 792 quodam
961 722 1072 777 fato
1097 725 1343 777 evolasse
1371 722 1514 775 foras
1538 737 1603 775 ex
1631 736 1779 775 arca.

769 895 858 946 54.
923 892 1101 947 Credo
1155 893 1406 960 equidem
1477 892 1810 947 solosillos
1877 889 2045 942 fuisse
2107 889 2263 942 Celso

702 981 872 1052 569
897 981 1162 1049 cognitos,
1196 996 1295 1033 nec
1320 981 1521 1034 dixisse
1553 996 1573 1028 ι
1611 979 1749 1031 alios
1788 978 2094 1046 huiusmodi
2136 992 2264 1030 eos-

705 1088 814 1136 que
841 1072 1039 1124 mullos
1072 1071 1266 1123 adduci
1311 1085 1490 1138 posse,
1530 1087 1549 1120 ι
1603 1069 1704 1122 nisi
1755 1079 1814 1121 ιιι
1839 1068 2028 1121 volens
2069 1067 2265 1119 similia

704 1160 953 1226 exempla
1000 1160 1282 1226 reliquisse
1330 1162 1626 1213 videretur.
1663 1157 1860 1211 Verum
1913 1167 2053 1220 esto,
2113 1158 2269 1211 detur

706 1250 781 1303 illi
806 1250 988 1318 plures
1026 1249 1078 1302 id
1109 1264 1277 1317 genus
1313 1249 1479 1303 fuisse
1515 1250 1607 1316 qui
1648 1249 1785 1307 nihil
1823 1246 2131 1314 adjuvarint
2169 1249 2265 1299 hu-

705 1341 907 1402 mines,
935 1340 1064 1407 quid
1093 1341 1284 1393 horum
1306 1329 1522 1408 quidvis
1544 1341 1611 1391 ad
1642 1353 1726 1392 res
1753 1337 1878 1392 Jesu
1908 1347 2091 1408 gestas
2122 1336 2268 1404 ejus-

707 1445 814 1497 que
848 1428 1137 1494 miracula,
1163 1431 1229 1482 de
1257 1430 1452 1496 quibus
1473 1430 1593 1482 l'use
1623 1427 1788 1482 loculi
1824 1428 2049 1481 sumus?
2068 1427 2270 1480 Deinde

709 1521 838 1587 quia
893 1521 1346 1588 comprehensum
1408 1527 1792 1585 mortuumque
1844 1517 2092 1581 colimus,
2138 1517 2268 1571 ait:

717 1627 737 1659 ι
785 1609 972 1663 Simile
1001 1624 1101 1662 nos
1139 1608 1422 1676 quidpiam
1445 1608 1626 1660 facere
1653 1606 1811 1661 Getis
1839 1607 1929 1674 qui
1969 1606 2268 1673 Zamolxin,

710 1698 969 1752 Cilicibus
997 1698 1089 1766 qui
1115 1698 1697 1766 Mopsum,Acarnanis
1727 1697 2272 1763 quiAmphilochum,

711 1786 985 1841 Thebanis
1010 1790 1100 1855 qui
1130 1788 1543 1853 Amphiaraum,
1572 1786 2000 1840 Lebadiensibus
2020 1787 2111 1853 qui
2139 1785 2273 1840 Tro-

2364 636 2720 705 πεποιηκέναι
2761 635 2856 686 καὶ
2899 633 3025 703 περὶ
3073 632 3162 684 τὸν
3215 632 3611 684 Ἀστυπαλαιέα
3636 647 3650 659 ·
3695 632 3819 700 περὶ
3862 625 3917 683 οῦ

2361 724 2530 776 οἴεται
2560 727 2589 776 ό
2615 725 2821 786 Κέλσος
2847 714 2928 775 δτί
2959 723 3288 793 θεοπρόπιόν
3322 739 3372 773 τι
3400 722 3704 783 ἐθέσπισεν,
3729 720 3803 781 ὡς
3822 721 3920 790 ἄρα

2339 814 2528 889 .μοίρᾳ
2552 812 2658 864 τινὶ
2688 812 2938 881 δαιμονίᾳ
2966 811 3156 881 διέπτη
3188 811 3421 879 ἁπὺτῆς
3450 809 3705 865 κιϐωτοῦ.

2401 898 2406 902 ’
2449 901 2587 968 Ἐγὼ
2602 903 2698 970 μὲν
2713 898 2805 954 οῦν
2823 900 2954 969 ἡγοῦ
2963 918 3081 969 μαι,
3093 900 3172 958 ὅτι
3187 900 3407 961 τούτους
3427 899 3616 977 μόνους
3628 897 3919 967 ἠπίστατοὸ

2365 991 2586 1053 Κέλσος·
2620 992 2715 1043 καὶ
2743 993 2830 1044 ἴνα
2866 991 2993 1060 δοκῇ
3025 991 3165 1042 ἐκὼν
3199 989 3523 1059 παραλιπεῖν
3545 988 3614 1039 τά
3639 986 3918 1055 παραπλή-

2367 1094 2477 1142 σια,
2507 1076 2627 1132 εἷπε
2642 1082 2722 1132 τόσ
2754 1099 2772 1131 ι
2806 1082 2914 1134 Καὶ
2937 1081 3124 1142 ἀλλους
3144 1080 3256 1149 ἔχοι
3286 1097 3367 1141 τις
3400 1080 3466 1131 ἂν
3494 1081 3667 1130 εἰπεῖν
3694 1077 3919 1128 τοιούσδε

2368 1171 2634 1234 πλείονας.
2680 1191 2700 1222 ι
2745 1173 2923 1224 Ἔστω
2949 1171 2993 1224 δ’
3026 1167 3118 1224 οὖν
3145 1172 3238 1223 καὶ
3265 1169 3518 1232 δεδόσθω,
3553 1168 3790 1222 τοιούσδε
3818 1168 3921 1236 (55)

2367 1261 2644 1327 γεγονέναι
2661 1261 2927 1322 πλείονας,
2955 1260 3117 1329 μηδὲν
3142 1259 3486 1327 ὠφεληκότας
3505 1258 3567 1310 τὸ
3592 1259 3700 1311 τῶν
3725 1256 3922 1327 ἀνθρὼ-

2370 1366 2495 1401 πων,
2526 1350 2698 1417 γένος·
2730 1350 2782 1401 τί
2832 1350 3033 1401 τούτων
3062 1349 3290 1400 ἕκαστον
3325 1347 3566 1417 εὐρώείη
3608 1347 3676 1399 ἂν
3707 1348 3838 1417 πρὸς
3871 1347 3926 1398 τὸ

2369 1438 2462 1490 τοῦ
2498 1439 2670 1508 Ἰησοῦ
2692 1438 2848 1508 ἔργον
2883 1440 2975 1491 καὶ
3003 1438 3070 1490 τὰ
3092 1440 3218 1509 περὶ
3241 1439 3404 1492 αὐτοῦ
3448 1438 3728 1508 παράδοξα
3753 1477 3768 1500 ,
3802 1438 3926 1507 περὶ

2370 1523 2445 1584 ὧν
2476 1529 2568 1580 ἐπὶ
2610 1529 2790 1581 πλεῖον
2828 1529 3157 1599 είρήκαμεν;
3193 1529 3346 1582 Μετὰ
3376 1528 3549 1581 ταῦτα
3575 1547 3593 1579 ι
3643 1528 3928 1599 παραπλή-

2374 1635 2488 1670 σιον
2517 1620 2660 1687 ἡμᾶς
2689 1638 2706 1668 ι
2745 1619 2915 1671 οἴεται
2950 1637 2968 1668 ι
3010 1620 3394 1689 πεποιηκέναι,
3430 1637 3448 1670 ι
3489 1605 3582 1670 τὸν
3611 1621 3630 1688 (
3661 1618 3738 1680 ὦς
3770 1635 3927 1688 φησιν

2373 1710 2400 1759 ὁ
2435 1709 2697 1784 Κέλσος,)
2743 1710 2938 1760 ἁλόντα
2985 1709 3077 1759 καὶ
3120 1708 3457 1762 ἀποθανόντα
3493 1707 3890 1778 θρησκεύοντας
3913 1750 3928 1770 ,

2383 1816 2400 1847 ι
2436 1801 2546 1861 τοῖς
2580 1799 2766 1860 Γέταις
2796 1798 3009 1850 σέϐουσι
3045 1799 3134 1850 τὸν
3162 1797 3426 1867 Ζάμολξιν
3451 1839 3466 1862 ,
3499 1798 3592 1850 καὶ
3637 1797 3812 1861 Κίλιξι
3841 1797 3930 1849 τὸν

711 1881 969 1947 phonium
1001 1880 1147 1933 cultu
1182 1890 1602 1958 prosequuntur.
1644 1898 1663 1930 ι
1689 1879 1784 1934 His
1813 1895 2029 1948 quoque
2061 1897 2158 1935 nos
2185 1883 2276 1934 ab-

2385 1890 2578 1958 Μόψον,
2603 1891 2696 1943 καὶ¹
2741 1891 3030 1959 ’Δκαρνᾰσι
3058 1889 3147 1940 τὸν
3187 1889 3529 1957 Ἀμφίλοχον,
3561 1889 3654 1938 καὶ
3679 1886 3931 1955 Θηϐαίοις

713 1973 876 2024 snt-de
931 1987 960 2024 a
1008 1973 1164 2026 Celso
1214 1972 1504 2027 assimilari
1557 1973 1636 2026 sic
1680 1973 2015 2026 demonstro.
2052 1973 2090 2026 li
2128 1973 2271 2026 enim

673 2069 679 2074 ‘
715 2062 915 2131 templa
949 2071 1003 2116 et
1033 2072 1240 2115 statuas
1267 2063 1485 2129 erigunt
1520 2062 1624 2114 illis
1655 2077 1792 2130 quos
1828 2063 2126 2116 recensuit.
2158 2063 2273 2118 Nos

717 2162 895 2206 autem
931 2168 958 2204 a
995 2163 1178 2206 nostro
1212 2167 1339 2221 erga
1367 2152 1714 2206 Divinitatem
1742 2152 1888 2207 cultu
1916 2169 2005 2207 res
2031 2154 2148 2208 illas
2191 2169 2276 2206 re-

709 2243 932 2313 jicimus
991 2251 1048 2295 ut
1088 2244 1265 2311 magis
1322 2243 1706 2296 convenientes
1762 2244 2044 2297 dannoniis
2093 2246 2275 2299 nescio

715 2335 988 2402 quomodo
1016 2333 1346 2386 consecratis
1369 2335 1604 2400 quodam
1638 2333 1690 2385 in
1727 2333 1844 2386 loco
1865 2374 1882 2399 ,
1927 2348 2086 2402 quem
2125 2345 2280 2390 caete.

680 2475 692 2482 ,
716 2424 794 2476 ris
828 2422 1200 2490 pnetulerunt,
1232 2431 1326 2474 aut
1355 2423 1409 2473 in
1445 2436 1550 2488 quo
1582 2421 1820 2474 lixerunt
1840 2423 2020 2475 sedem
2051 2425 2277 2490 quibus-

717 2511 841 2563 dam
875 2510 1147 2580 mysteriis
1186 2510 1366 2563 allecti
1392 2520 1446 2562 et
1475 2511 1704 2576 magicis
1737 2511 1946 2564 artibus
1970 2514 2232 2565 incantati
2261 2530 2275 2565 :

694 2607 774 2652 'et
791 2597 972 2652 Iesum
1008 2598 1363 2658 admiramur.
1387 2599 1478 2666 qui
1505 2608 1738 2652 mentem
1775 2610 2014 2653 nostram
2037 2601 2104 2653 ab
2132 2603 2278 2655 omni

718 2705 801 2752 re,
826 2691 1068 2756 quae‘sub
1097 2703 1290 2743 sensus
1322 2689 1490 2752 cadit,
1527 2699 1585 2742 ut
1610 2704 1713 2742 non
1741 2690 1918 2742 solum
1941 2692 2279 2759 corruptioni

720 2778 980 2840 obnoxia,
1009 2778 1101 2832 sed
1125 2779 1287 2830 etiam
1309 2779 1730 2846 corrumpenda,
1763 2790 2052 2833 avocatam
2100 2782 2282 2834 tradu-

722 2868 806 2922 xit
823 2867 888 2920 ad
916 2867 1120 2920 cultum
1153 2867 1264 2921 Deo
1308 2865 1652 2920 tribuendum
1699 2868 1849 2936 puris
1892 2869 2134 2921 moribus
2160 2884 2284 2936 pre-

723 2959 1006 3027 cibusque,
1043 2971 1178 3025 quas
1200 2957 1274 3010 illi
1308 2956 1530 3011 ferimus
1559 2971 1654 3024 per
1689 2972 1835 3022 eum,
1857 2959 1954 3043 lqui
1985 2958 2278 3025 ingenitam

721 3046 867 3103 inter
915 3056 969 3102 et
1016 3049 1251 3116 genitam
1288 3056 1537 3100 naturam
1585 3047 1751 3102 veluti
1787 3050 1993 3102 medius
2019 3087 2035 3112 ,
2077 3049 2142 3101 ad
2186 3062 2283 3101 nos

724 3136 900 3191 defert
927 3137 1105 3192 Patris
1131 3137 1424 3203 beneﬁcia,
1464 3147 1519 3190 et
1554 3138 1856 3192 sacerdotis
1889 3152 2038 3192 more
2073 3148 2284 3193 nostras

728 3231 796 3285 ad
820 3245 1097 3284 summum
1123 3229 1288 3283 Deum
1329 3230 1529 3297 perfert
1563 3244 1774 3298 preces.

2375 1982 2464 2034 τὸν
2523 1981 2883 2050 Ἀμφιάρεων,
2941 1980 3034 2031 καὶ
3072 1978 3353 2042 Λεόαδίοις
3394 1980 3484 2031 τὸν
3532 1979 3857 2048 Τροφώνιον.
3909 2000 3926 2029 ι

2377 2073 2486 2126 Καὶ
2515 2075 2572 2124 ἐν
2601 2072 2806 2132 τούτοις
2834 2071 2888 2122 δὲ
2909 2070 3194 2139 ἐλέγξομεν
3223 2071 3383 2123 αὐτὸν
3408 2071 3509 2122 οὐκ
3539 2070 3770 2136 εὐλόγως
3787 2072 3934 2140 ημᾶς

2376 2161 2714 2231 ὁμοιώσαντα
2764 2163 2876 2223 τοῖς
2938 2160 3372 2231 προειρημένοις.
3409 2160 3474 2211 οι
3519 2161 3614 2228 μὲν
3658 2159 3765 2230 γὰρ
3799 2159 3937 2221 νεὼς

2378 2252 2473 2303 καὶ
2516 2250 2805 2319 ἀγάλματα
2854 2250 3260 2303 κατεσκεύασαν
3304 2252 3418 2310 τοῖς
3475 2249 3933 2318 κατειλεγμένοις·

2380 2342 2537 2410 ἡμεῖς
2562 2340 2637 2403 δέ,
2667 2341 2764 2408 τὴν
2791 2340 2880 2392 διὰ
2904 2340 3010 2393 τῶν
3045 2339 3297 2392 τοιούτων
3329 2339 3493 2408 τιμὴν
3521 2339 3797 2400 ἀνελόντες
3825 2338 3936 2391 ἀπὸ

2377 2429 2472 2481 τοῦ
2502 2430 2666 2491 θείου,
2701 2430 2795 2498 (ὡς
2841 2428 3180 2498 ἁρμοζόντων
3212 2427 3323 2496 (54)
3371 2427 3568 2495 μᾶλλον
3608 2427 3934 2495 δαιμονίοις,

2380 2518 2478 2570 οὐκ
2502 2514 2595 2568 οἷδ’
2613 2519 2759 2584 ὅπως
2785 2517 3082 2586 ἱδρυμένοις
3108 2515 3163 2566 ἐν
3182 2532 3286 2566 τινι
3314 2515 3482 2583 τόπῳ,
3515 2514 3572 2566 ὃν
3592 2513 3707 2583 ἦτοι
3741 2530 3938 2583 προκα-

2380 2605 2841 2674 ταλαμϐάνουσιν,
2888 2606 2921 2673 ἢ
2958 2604 3045 2657 διὰ
3085 2621 3243 2655 τινων
3284 2601 3508 2655 τελετῶν
3543 2602 3792 2672 ἀχθέντες
3847 2605 3939 2656 καὶ

2386 2693 2728 2763 μαγγανειῶν
2762 2693 2948 2763 ὥσπερ
2980 2692 3230 2761 οἰκοῦσιο)
3262 2693 3571 2763 τεθήπαμεν
3595 2693 3684 2744 τὸν
3709 2691 3937 2761 Ἰησοῦν,

2382 2782 2472 2833 τὸν
2507 2781 2628 2834 νοῦν
2647 2781 2803 2852 ἡμῶν
2840 2782 3138 2852 μεταθέντα
3168 2781 3276 2834 ἀπὸ
3305 2781 3504 2843 παντὸς
3537 2779 3792 2848 αἰσθητοῦ
3812 2819 3829 2842 ,
3865 2779 3938 2842 ὡς

2382 2872 2441 2923 οὐ
2472 2873 2630 2942 μόνον
2654 2872 2912 2943 φθαρτοῦ,
2938 2872 3071 2924 ἀλλά
3103 2873 3195 2925 καὶ
3219 2872 3630 2942 φθαρησομένου
3650 2911 3664 2933 ,
3693 2873 3785 2923 καὶ
3808 2870 3938 2923 ἀνά-

2382 2979 2545 3030 γοντα
2583 2964 2674 3014 ἐπὶ
2715 2963 2810 3032 τὴν
2869 2963 3007 3032 μετὰ
3045 2963 3204 3033 ὀρθοῦ
3247 2963 3362 3032 βίου
3396 2962 3530 3032 πρὸς
3554 2962 3645 3016 τὸν
3681 2963 3774 3014 ἐπὶ
3809 2964 3940 3014 πᾶσι

2383 3052 2515 3128 Θεον
2545 3051 2709 3121 τιμὴν
2761 3055 2874 3119 μετ’
2908 3052 3113 3122 εὐχῶν,
3163 3052 3228 3115 ἃς
3263 3053 3609 3122 προσάγομεν
3647 3052 3825 3120 αὐτῷ,
3869 3050 3941 3113 ὡς

2384 3142 2471 3194 διὰ
2500 3143 2698 3212 μεταξύ
2722 3143 2872 3205 ὄντος
2897 3144 3007 3212 (55)
3039 3143 3136 3213 τῆς
3167 3141 3260 3195 τοῦ
3301 3143 3562 3210 ἀγενήτου
3595 3143 3804 3210 καὶτῆς
3837 3141 3944 3194 τῶν

2387 3230 2626 3300 γενητῶν
2666 3233 2879 3285 πάντων
2935 3231 3147 3300 φύσεως
3170 3270 3184 3294 ,
3226 3232 3321 3284 καὶ
3374 3232 3626 3303 φέροντος
3669 3231 3766 3300 μὲν
3812 3233 3945 3300 ἡμῖν

723 3321 824 3383 τὰς
848 3319 1061 3373 ἀπὸτοῦ
1088 3320 1295 3389 [ἰατρὸς
1316 3320 1658 3391 εὐεργεσίας,
1681 3321 2082 3391 διακομίζοντος
2103 3321 2146 3374 δ’
2167 3321 2322 3391 ἡμῶν
2346 3322 2546 3392 τρόπον
2579 3323 2877 3392 ἀρχιερέως
2900 3323 2996 3384 τάς
3020 3323 3182 3392 εὐχὰς
3215 3324 3351 3394 πρὸς
3383 3323 3473 3376 τὸν
3499 3324 3591 3375 ἐπὶ
3627 3325 3759 3375 πᾶσι
3791 3323 3940 3376 Θεόν.

796 3411 884 3466 35.
919 3411 1026 3464 Sed
1059 3409 1317 3463 adversus
1340 3424 1463 3463 eum
1490 3450 1505 3475 ,
1538 3412 1630 3478 qui
1672 3413 1856 3465 nescio
1881 3427 1985 3480 qua
2020 3413 2088 3465 de
2123 3427 2286 3466 causa

728 3504 843 3557 hac
905 3501 1060 3560 dicit,
1119 3497 1308 3552 lubens
1360 3500 1465 3553 hoc
1518 3501 1678 3555 modo
1733 3516 1966 3568 nugarer
2001 3501 2124 3555 :An
2155 3502 2289 3555 nihil

729 3600 856 3649 sunt
885 3592 965 3645 illi
997 3603 1135 3658 quos
1167 3590 1544 3644 enumerasti?
1581 3589 1796 3642 Nihilne
1834 3591 2111 3658 egregium
2157 3590 2291 3642 facit

731 3687 791 3738 in
818 3684 1054 3739 Lebadia
1085 3681 1453 3752 Trophonius,
1489 3681 1692 3734 Thebis
1716 3682 1767 3734 in
1795 3696 1895 3734 suo
1930 3682 2127 3751 templo
2154 3683 2285 3735 Am-

730 3774 1012 3844 phiaraus,
1067 3774 1122 3827 in
1182 3774 1490 3828 Acarnania
1536 3771 1948 3841 Amphilochus,
1994 3772 2047 3828 in
2097 3771 2288 3825 Cilicia

668 3886 670 3889 -
731 3861 989 3930 Mopsus?
1012 3860 1120 3915 Aut
1142 3871 1298 3915 estne
1328 3862 1437 3916 illis
1470 3850 1665 3931 aliquis
1702 3862 1786 3914 Vel
1828 3862 2054 3926 daemon,
2079 3861 2161 3914 vel
2193 3861 2291 3915 he-

731 3967 849 4016 ros,
879 3952 963 4007 vel
981 3953 1140 4015 deus,
1170 3954 1263 4020 qui
1291 3953 1585 4020 quidquam
1607 3994 1620 4016 ,
1672 3952 1818 4024 quod
1850 3953 1992 4004 vires
2024 3953 2290 4004 humanas

735 4053 976 4113 superet,
1007 4042 1206 4097 eﬂiciat
1225 4042 1250 4094 ?
1281 4041 1338 4095 Si
1364 4044 1511 4095 enim
1532 4043 1733 4096 dixerit
1765 4041 1897 4094 nihil
1924 4054 2046 4096 esse
2069 4080 2084 4104 ,
2112 4057 2288 4109 neque

734 4139 1031 4190 daemonem
1056 4178 1070 4201 ,
1119 4150 1301 4203 neque
1338 4134 1504 4186 ullum
1541 4147 1782 4196 numen;
1818 4132 2027 4201 aperiat
2073 4135 2288 4186 tandem

733 4240 858 4295 qua
888 4240 987 4280 sua
1021 4226 1093 4280 sit
1117 4226 1388 4279 sententia
1413 4263 1428 4286 ,
1464 4223 1789 4292 Epicureum
1821 4235 1879 4275 se
1908 4220 2161 4285 fateatur,
2195 4221 2290 4290 qui

736 4327 916 4384 neque
935 4330 1056 4369 cum
1092 4313 1300 4368 Crte'cis
1325 4313 1513 4368 eadem
1562 4311 1781 4376 sentiat,
1818 4325 1990 4379 neque
2022 4311 2293 4364 daemones

666 4419 670 4425 '
735 4413 1021 4475 agnoscat,
1046 4418 1225 4474 neque
1262 4404 1479 4458 eosdem
1507 4417 1570 4456 ac
1602 4402 1676 4456 illi
1710 4402 1838 4457 deos
1870 4411 2158 4456 veneretur
2189 4419 2203 4454 :
2237 4410 2294 4454 et

713 4494 915 4568 palam
950 4497 1046 4550 ﬁat
1077 4509 1218 4549 vana
1251 4509 1372 4548 esse
1393 4509 1511 4562 qua:
1533 4493 1644 4563 jam
1672 4492 1810 4546 dixit
1829 4502 1884 4548 et
1913 4501 2095 4562 postea
2118 4493 2292 4548 dictu-

2473 3413 2799 3483 Ἐϐουλόμην
2839 3414 2895 3465 δὲ
2928 3413 3062 3482 πρὸς
3095 3414 3219 3477 τὸν,
3256 3399 3355 3466 οὐκ
3397 3407 3492 3465 οἶδ’
3526 3414 3673 3475 ὅπως
3726 3413 3948 3466 τοιαῦτα

2388 3503 2613 3571 λέγοντα
2638 3504 2862 3558 τοιαῦτά
2897 3519 3015 3557 τινα
3043 3504 3357 3575 πρεπόντως
3387 3505 3539 3575 αὐτῷ
3567 3504 3943 3574 ἀδολεσχῆσαι·

2388 3591 2524 3663 ⁷Δρ’
2546 3590 2636 3648 οὖν
2668 3596 2818 3647 οὐδέν
2850 3591 2992 3647 εἰσιν
3017 3590 3159 3648 οὗτοι
3182 3595 3274 3658 οὓς
3319 3595 3644 3661 κατέλεξας,
3677 3597 3774 3648 καὶ
3800 3597 3952 3649 οὐδε-

2393 3683 2491 3752 μία
2513 3683 2738 3752 δύναμίς
2763 3687 2908 3738 ἐστιν
2945 3686 3001 3735 ἐν
3040 3683 3277 3753 Λεϐαδία
3306 3685 3449 3736 κατά
3484 3685 3576 3736 τὸν
3619 3684 3949 3753 Τροφώνιον,

2390 3772 2496 3824 οὐδ’
2520 3774 2578 3824 ἐν
2608 3771 2808 3842 Θήϐαις
2844 3773 2970 3842 περὶ
3001 3772 3089 3824 τὸν
3114 3772 3208 3824 τοῦ
3249 3772 3568 3842 Ἀμφιάρεω
3593 3769 3752 3835 νεὼν,
3773 3771 3882 3823 οὐδ’
3899 3773 3954 3823 ἐν

2404 3863 2727 3933 Ἀκαρνανίᾳ
2747 3864 2872 3932 περὶ
2885 3864 2975 3916 τὸν
3005 3864 3339 3933 Ἀμφίλοχον,
3363 3863 3468 3916 οὐδ’
3496 3865 3552 3915 ἐν
3568 3863 3792 3933 Κιλικίᾳ
3823 3864 3955 3933 περὶ

2389 3951 2480 4003 τὸν
2512 3950 2722 4017 Μόῴοκ
2746 3951 2817 4001 Ἥ
2843 3952 3058 4013 ἐστίτις
3073 3953 3129 4003 ἐν
3145 3955 3255 4014 τοῖς
3285 3951 3542 4014 τοιούτοις
3578 3951 3688 4003 εἴτε
3721 3951 3953 4019 δαίμων,

2392 4042 2502 4093 εἴτε
2526 4042 2692 4110 ἥρως,
2718 4040 2827 4092 εἴτε
2843 4042 2936 4093 καὶ
2958 4039 3097 4103 θεὸς,
3119 4042 3356 4111 ἐνεργῶν
3381 4059 3501 4094 τινα
3527 4042 3747 4112 μείζονα
3763 4041 3796 4111 ἢ
3814 4040 3958 4093 κατά

2391 4131 2701 4200 ἀνθρωπον;
2727 4131 2790 4182 Et
2813 4132 2910 4200 μὲν
2934 4131 3041 4199 γάρ
3063 4147 3194 4200 φησι
3231 4133 3395 4202 μηδὲν
3418 4134 3600 4203 ἕτερον
3630 4127 3789 4193 εἶναι,
3820 4135 3956 4200 μήτε

2391 4221 2680 4290 δαιμόνιον,
2710 4223 2845 4292 μήτε
2872 4221 3010 4273 θεῖον
3028 4221 3152 4290 περὶ
3180 4222 3425 4288 τούτους,
3452 4223 3554 4277 κᾶν
3575 4222 3670 4275 νῦν
3694 4223 3960 4292 ὁμολογηο

2395 4314 2540 4366 σάτω
2555 4313 2652 4384 τὴν
2676 4312 2868 4365 ἑαυτοῦ
2895 4315 3138 4383 γνώμην,
3172 4313 3539 4384 Ἐπικούρειος
3559 4313 3654 4377 ῶν,
3671 4316 3764 4367 καὶ
3789 4314 3868 4384 μὴ
3893 4312 3959 4364 τὰ.

2391 4403 2531 4455 αὐτά
2553 4407 2667 4467 τοῖς
2700 4405 2923 4474 Ἕλλησι
2972 4403 3204 4474 φρονῶν,
3259 4405 3354 4457 κα).
3391 4408 3525 4476 μήτε
3569 4386 3830 4475 δαίμονας
3878 4419 3959 4470 τιν’

2393 4493 2650 4561 γνώσκων
2672 4538 2686 4558 ,
2719 4496 2856 4565 μήτε
2885 4495 2985 4548 κᾶν
3032 4495 3108 4558 ὡς
3147 4495 3404 4565 Ἕλληνες
3438 4496 3592 4559 θεοὺς
3628 4488 3820 4549 σέϐων·
3867 4496 3958 4547 καὶ

645 4617 658 4624 ν
736 4601 832 4642 rus
857 4595 940 4640 est
970 4585 1122 4656 quasi
1159 4598 1286 4638 vera
1318 4582 1662 4636 credidisset.
1708 4581 1766 4635 Si
1811 4582 1955 4636 dicet
1992 4592 2174 4637 autem
2201 4592 2282 4636 aut

2396 4585 2718 4654 ἐλεγχέσθω,
2742 4586 2824 4637 ὅτι
2845 4587 3018 4655 μάτην
3043 4588 3137 4638 καὶ
3169 4586 3236 4638 τά
3268 4587 3661 4657 προειρημένα,
3682 4588 3758 4648 ὡς
3777 4604 3956 4657 παρα-

734 4679 1029 4740 daemones,
1078 4683 1173 4729 aut
1218 4675 1435 4738 heroas,
1478 4682 1572 4724 aut
1617 4671 1745 4748 deos
1777 4685 1898 4724 esse
1921 4686 2038 4735 eos,
2071 4686 2208 4739 quos
2239 4673 2282 4724 in

2398 4649 2683 4743 mea.
2719 4649 2857 4726 αὐτά
2881 4649 3019 4726 εἶναι
3047 4675 3240 4743 ἀληθῆ,
3272 4649 3521 4745 ἐκόμισε,
3546 4649 3742 4726 καιτά
3763 4649 3957 4735 ἐντοῖς

736 4767 974 4822 medium
1008 4763 1271 4834 protulit;
1326 4769 1516 4817 caveat
1565 4773 1635 4812 ne
1685 4758 1810 4811 hinc
1841 4759 2121 4826 probetur,
2151 4758 2294 4825 quod

739 4861 962 4917 minime
1003 4859 1134 4922 vult,
1169 4857 1278 4911 tale
1303 4853 1580 4924 quidpiam
1608 4850 1776 4906 fuisse
1807 4850 1990 4906 desum
2016 4868 2033 4916 ;
2069 4851 2295 4920 proinde
2327 4898 2331 4900 .

737 4951 980 5021 potuisse
1006 4949 1195 5003 multis
1219 4947 1534 5001 hominibus
1561 4942 1890 5015 persuadere
1929 4956 1988 4997 se
2031 4943 2296 4996 divinitus

811 5145 923 5214 (5%)
974 5145 1210 5212 Ἀπὰτῃ.
1248 5145 1324 5198 Ita
1374 5139 1828 5214 codd.__Joli_an_us'
1877 5148 1933 5193 et
1978 5137 2303 5214 Basileensis

739 5217 794 5270 in
821 5210 1017 5276 'te'xtu,
1048 5210 1235 5281 sicque
1263 5215 1370 5266 duo
1415 5211 1699 5281 Anglicani
1746 5211 1799 5281 in
1820 5210 2089 5281 _m:_trgine
2125 5218 2304 5281 recte.

739 5286 886 5338 Ordo
929 5275 1038 5346 est,
1063 5275 1334 5353 δαιμόνιόν
1370 5298 1422 5353 τι
1456 5275 1640 5353 ἀπάτῃ
1679 5276 1970 5353 ὀφθαλμῶν
2007 5275 2300 5346 πεποιηκέ-

740 5370 830 5406 ναι
863 5345 1237 5423 ⁸τξιπριζκὲτλίιισιον
1263 5353 1372 5423 τοῖς
1400 5345 1867 5423 ἐπιδεικνυμένοις
1888 5345 2098 5414 γόησιν.

814 5413 1124 5490 (55)’ᾕεε.;
1156 5420 1414 5490 τοιούσδε.
1445 5413 1696 5490 Intprcssi
1731 5413 1985 5490 intextu,
2005 5413 2297 5475 τοιούτους.

957 5489 1296 5562 ﬂmschelius
1324 5485 1581 5562 in__te§tu,
1612 5485 1980 5562 ἁρμοζόντως.
2188 5550 2200 5562 ο

814 5555 928 5622 (55)
964 5559 1054 5621 Ὠς
1078 5556 1174 5608 διὰ
1203 5555 1429 5624 μεταξὺ
1457 5555 1672 5624 ὕντοςέ
1695 5555 2297 5624 Hirscbelius_suspica:

692 5649 698 5654 ·
742 5619 908 5684 batur
931 5619 1250 5696 legendum,
1289 5623 1463 5696 (insi;
1495 5621 1694 5696 μεταξὺ
1723 5622 1908 5696 όντος,
1953 5621 2111 5696 male.
2149 5619 2293 5672 Nihil

748 5699 944 5772 m_uta_ri
974 5693 1198 5772 necesse
1219 5703 1322 5748 est.
1359 5695 1550 5761 Agitur
1570 5693 1767 5770 quippe
1798 5693 2136 5772 deprecibus
2163 5703 2295 5772 quas

745 5765 1024 5821 olet-imus
1059 5763 1170 5818 Deo
1226 5782 1245 5816 ι
1287 5777 1384 5832 per
1412 5759 1542 5815 cum
1594 5759 1715 5828 qui:
1740 5759 1906 5814 veluti
1942 5761 2159 5816 medius
2211 5766 2294 5812 est

2401 4764 2528 4834 ἑξῆς
2566 4764 2951 4836 ἐπιφερόμενα·
2991 4765 3052 4841 εἰ
3085 4763 3140 4815 δὲ
3174 4765 3477 4833 φήσει-εἴτε
3525 4764 3804 4834 δαίμονας,
3853 4767 3956 4816 εἴτε

2399 4854 2616 4922 ἥρωας,
2642 4853 2751 4905 εῐτι
2780 4853 2876 4904 καὶ
2922 4852 3076 4915 θεοὺς
3109 4851 3221 4923 (56)
3262 4847 3399 4904 εῖναι
3448 4853 3576 4916 τοὺς
3611 4854 3959 4923 κατειλεγμέ-

2401 4959 2522 5005 νους
2541 4982 2556 5007 ,
2591 4943 2798 5013 ὁράτω,
2827 4944 2909 4996 ὅτι
2932 4983 2947 5008 ,
2994 4944 3132 5014 ὅπερ
3154 4943 3214 4996 οὐ
3244 4943 3489 5013 βούλεται
3513 4984 3531 5011 ,
3566 4948 3960 4999 κατασκευάσει

2411 5137 2549 5213 inter
2574 5141 2869 5213 inereatam
2903 5150 3149 5213 naturam
3180 5150 3237 5195 et
3264 5151 3511 5213 creatam
3538 5159 3554 5198 :
3587 5162 3605 5195 ι
3629 5144 3705 5207 ὡς
3733 5143 3822 5196 διὰ
3867 5159 3957 5213 με·

2406 5209 2538 5282 ταξὺ
2561 5211 2723 5282 όντος-
2744 5212 2844 5279 τῆς
2868 5211 2962 5264 τοῦ
2993 5213 3255 5282 ἀγενήτου
3284 5213 3377 5265 καὶ
3424 5212 3526 5280 τῆς
3570 5213 3676 5265 τῶν
3724 5209 3959 5282 γενητῶν

2407 5279 2623 5351 πάντων
2657 5279 2896 5351 φύσεως,
2917 5279 3303 5351 Ρτοάγενῄτου
3350 5290 3404 5335 et
3446 5279 3689 5350 γενητῶν
3721 5279 3866 5349 quod
3898 5284 3961 5331 le-

2406 5351 2554 5413 gitur
2590 5349 2643 5399 in
2667 5351 2825 5402 codd.
2867 5349 3034 5415 llegio
3078 5360 3132 5404 et
3164 5349 3494 5416 Basileensi,
3533 5353 3667 5406 libb.
3698 5351 3833 5403 editi
3871 5351 3959 5401 ba-

2411 5419 2581 5489 bent_:
2609 5418 2903 5489 ἀγέννητοι)
2935 5429 2986 5471 et
3008 5417 3302 5489 γεννητῶν.
3331 5420 3549 5474 Ibidem
3578 5434 3776 5473 omnes
3803 5428 3960 5489 {uss}.

2405 5485 2502 5607 ξῗς
2535 5486 2767 5608 τοῦ
2797 5485 3379 5559 Πατρὺςεύεργεσίας.
3419 5489 3503 5544 Ab
3545 5489 3774 5544 excusis
3819 5487 3962 5541 lier

2405 5589 2418 5606 .
2471 5571 2530 5607 es
2685 5594 2698 5608 .
2932 5574 2934 5576 '

2403 5564 2553 5607 abest
2572 5564 2698 5608 ἀπό.
2932 5574 2934 5576 '

2404 5625 2586 5751 nu(353)
2607 5625 2817 5748 'Omnes
2840 5645 2967 5687 mss.
2996 5630 3150 5693 θεούς
3171 5671 3187 5697 ,
3235 5630 3364 5703 libb.
3400 5631 3586 5686 excusi
3619 5629 3801 5694 θείους
3821 5671 3840 5696 ,
3876 5629 3965 5683 ιιιί-

2493 5712 2502 5720 ·
2572 5713 2600 5752 c
2625 5715 2690 5752 te.

2493 5712 2505 5749 i
2535 5712 2690 5753 DCIIC.
