4076 6310
251 421 362 478 9θὸ

1481 427 1758 482 CONTRA
1795 427 2078 484 CELSUM
2139 429 2267 484 LIB.
2308 429 2392 485 Ill.

3379 432 3484 489 966

250 543 320 594 δι’
342 537 415 594 ὧν
448 541 688 613 εἴρηκεν,
723 543 798 605 ὼς
833 545 928 597 καὶ
959 546 987 597 ὁ
1029 543 1232 614 Ἰησοῦς
1278 543 1511 596 τοιοῦτόν
1543 562 1594 596 τι
1626 540 1713 613 ἦν·
1749 544 1808 596 διε

1931 545 1996 597 ad
2025 543 2190 614 470
2213 560 2380 615 genus
2403 545 2700 609 humanum
2724 543 3026 603 advenisse.
3056 543 3208 612 Quod
3226 546 3278 603 -si
3313 550 3482 604 semel

253 629 350 679 καὶ
390 627 672 697 δεδύνηται
708 630 898 682 ἑαυτὸν
947 632 1292 700 παραστῆσαι
1353 632 1452 682 οὐκ
1479 631 1677 698 ὀλίγοις
1713 632 1820 683 τῶν

253 717 553 788 ἀνθρώπων
581 720 693 790 (57)
721 721 903 774 θεόθεν
938 720 1394 789 ἐπιδεδημηκέναι
1425 721 1504 798 τῶ
1542 721 1687 788 γένει
1711 721 1820 772 τῶν

254 808 579 877 ἀνθρώπων.
619 808 800 872 Ἀπαξ
830 811 885 863 δὲ
912 811 1056 861 τοῦτ’
1086 810 1179 862 ὲάν
1205 810 1570 880 παραδέξηται
1594 850 1615 883 ,ν
1635 812 1735 881 ὅρα
1769 813 1817 863 εί

255 896 332 965 μὴ
370 898 843 969 ἀναγκασθήσεται
895 900 1240 970 ἰσχυρότερον
1277 901 1438 952 αὐτὸν
1485 901 1648 970 φῆσαι
1694 899 1819 951 τού-

247 1002 388 1049 των,
424 983 506 1048 οἷς
547 988 710 1039 αὑτὸν
745 990 1279 1058 συγκατηρίθμησεν·
1310 991 1430 1042 ἐπεὶ
1463 991 1682 1042 ἐκείνων
1721 991 1817 1059 μέν

249 1091 316 1140 γε
348 1075 520 1138 οὐδεὶς
548 1077 743 1128 κωλύει
774 1078 872 1140 τάς
901 1079 1037 1146 πρὸς
1059 1080 1183 1141 τοὺς
1206 1079 1424 1147 ἑτέρους
1451 1079 1633 1148 τιμάς·
1667 1075 1820 1142 οὗτος

246 1166 327 1228 δὲ,
354 1167 528 1235 ἑαυτῷ
552 1167 769 1238 θαρρῶν
788 1207 803 1231 ,
833 1169 908 1231 ὡς
942 1170 1157 1221 πάντων
1185 1171 1405 1223 ἐκείνων
1433 1170 1815 1241 δυνατώτεριςς,

248 1257 581 1330 ἀπαγορεύει
614 1258 712 1321 τάς
741 1259 943 1311 τούτων
976 1258 1261 1327 ἀποδοχάς,
1294 1259 1368 1321 ὡς
1400 1260 1684 1330 μοχθηρῶν
1706 1261 1820 1312 δαι-

253 1345 454 1413 μόνων,
489 1347 583 1398 καὶ
602 1347 798 1410 τόπους
841 1349 932 1400 ἐπὶ
971 1349 1073 1418 γῆς
1118 1349 1623 1418 προκατειληφότων
1648 1390 1661 1413 ,
1697 1352 1818 1402 ἐπεὶ

245 1436 348 1505 τῆς
381 1435 769 1507 καθαρωτέρας
800 1438 860 1489 οὐ
891 1438 1141 1491 δύνανται
1167 1439 1476 1507 ἐφάψασθαι
1513 1438 1695 1507 χώρας
1721 1441 1816 1491 καὶ

1924 635 2196 698 admittat,
2235 635 2356 687 vide
2389 649 2571 687 annon
2604 649 2823 688 necesse
2851 636 2999 688 situt
3025 636 3261 690 fateatur
3309 640 3474 703 majo-

1924 739 2036 777 rem
2064 721 2190 780 Jesu
2216 724 2406 789 fuisse,
2441 739 2604 792 quam
2629 738 2850 785 eorum,
2875 715 3093 793 (quibus
3132 727 3278 780 illum
3303 729 3481 781 adnu-

1924 805 2173 874 meravit,
2212 819 2558 879 potestatem.
2593 811 2728 864 Nam
2774 813 2957 866 nullus
3000 828 3186 867 eorum
3230 825 3379 868 vetat
3411 831 3481 871 ne

1921 901 2010 953 alii
2042 901 2327 964 colantur;
2360 901 2448 954 hic
2472 916 2601 954 vero
2640 902 2741 954 sibi
2775 901 2875 969 ipsi
2911 902 3084 957 ﬁdens
3105 942 3119 966 ,
3152 912 3340 972 utpote
3370 905 3480 961 illis
3563 911 3567 916 ’

1920 991 2174 1045 omnibus
2200 992 2492 1058 potentior,
2525 992 2772 1059 prohibet
2810 993 3099 1060 qumninus
3132 995 3206 1048 illi
3249 997 3303 1048 in
3347 997 3475 1050 deo-

1921 1096 2040 1133 rum
2068 1095 2299 1132 numero
2332 1089 2644 1147 ponantur;
2680 1082 2872 1149 quippe
2909 1083 3002 1149 qui
3036 1085 3160 1137 mali
3204 1087 3508 1143 daemones

1921 1170 2024 1223 sint
2047 1207 2062 1232 ,
2094 1170 2185 1238 qui
2217 1170 2420 1223 idcirco
2455 1170 2509 1222 in
2541 1179 2683 1234 terra
2715 1171 2819 1225 sibi
2852 1171 2968 1226 loca
3003 1173 3318 1242 elegerunt,
3349 1180 3476 1245 quia

1920 1259 2164 1325 puriores
2196 1260 2462 1326 attingere
2491 1275 2593 1312 non
2613 1272 2839 1328 possunt
2869 1263 3272 1333 divinioresque
3296 1267 3478 1330 sedes,

1918 1362 2026 1413 quo
2054 1347 2185 1400 nihil
2212 1362 2455 1400 crassum
2481 1364 2511 1401 e
2558 1359 2703 1402 terra
2737 1350 3003 1420 malisque
3031 1368 3150 1421 qua:
3186 1354 3240 1406 in
3269 1369 3333 1409 ea
3350 1365 3478 1409 sunt

1921 1437 2218 1490 innumeris
2246 1438 2527 1507 pertingit.

249 1526 558 1594 θειοτέρας,
607 1527 733 1578 ἔνθα
773 1527 847 1597 μὴ
898 1527 1184 1595 φθάνουσιν
1220 1531 1274 1580 αἱ
1302 1528 1406 1579 ἀπὸ
1437 1529 1534 1598 τῆς
1569 1529 1672 1598 γῆς
1708 1531 1799 1581 καὶ
1825 1526 1935 1580 τῶν
1965 1529 2022 1580 ὲν
2051 1527 2186 1595 αὐτῇ
2222 1527 2426 1597 μυρίων
2449 1527 2631 1581 κακῶν
2662 1529 2983 1600 παχύτητες.

332 1616 485 1668 Ἐπεὶ⁵
523 1615 578 1667 δὲ
623 1616 760 1686 μετά
791 1615 964 1670 ταῦτα
992 1619 1087 1668 καὶ
1136 1619 1205 1670 τά
1232 1620 1359 1688 περὶ
1406 1619 1513 1671 τῶν
1549 1618 1814 1671 παιδικῶν

260 1707 538 1776 Ἀδριανοῦ
573 1706 735 1774 (λέγω
764 1707 820 1760 δὲ
844 1708 914 1760 τά
947 1711 1074 1780 περὶ
1111 1712 1376 1763 Ἀντινόου
1392 1711 1484 1763 τοῦ
1509 1710 1812 1781 μειρακίου,

245 1797 458 1860 καὶτὰς
489 1797 568 1858 είς
597 1798 758 1850 αὐτὸν
806 1799 914 1851 τῶν
948 1802 1005 1851 ὲν
1047 1801 1312 1852 Ἀντινόου
1356 1803 1506 1854 πόλει
1539 1802 1636 1870 τῆς
1661 1799 1817 1867 Αίγύ-

1985 1614 2075 1670 56.
2107 1615 2353 1670 Posthzec
2404 1618 2471 1669 ad
2525 1617 2764 1671 amasios
2805 1618 3031 1683 Adriani
3071 1620 3218 1675 venit
3260 1621 3478 1692 (loquor

1918 1715 2099 1759 autem
2123 1707 2189 1759 de
2227 1706 2576 1760 adolescente
2603 1707 2862 1772 Antinoo,
2898 1708 3154 1776 cultuque
3187 1712 3278 1778 qui
3311 1713 3384 1766 illi
3418 1714 3474 1768 in

1918 1793 2136 1864 Egypti
2169 1795 2300 1850 urbe
2322 1795 2670 1862 Antinoopoli
2703 1797 3016 1867 exhibetur)
3043 1838 3058 1864 ,
3081 1802 3474 1870 contenditque

247 1904 386 1938 πτου
412 1888 521 1956 (58)
546 1887 750 1955 τιμάς)
788 1888 937 1939 οὐδὲν
961 1890 1130 1941 οῐεται
1171 1891 1386 1942 ἀποδεῖν
1413 1892 1510 1960 τῆς
1545 1890 1808 1960 ἡμετέρας

1917 1885 2119 1937 cultum
2146 1885 2295 1939 illum
2319 1901 2348 1938 a
2372 1894 2561 1940 nostro
2595 1885 2647 1938 in
2677 1885 2861 1940 Iesum
2911 1888 3060 1942 cultu
3101 1890 3236 1944 nihil
3263 1892 3478 1948 discre-

246 1977 388 2047 πρὸς
419 1978 509 2028 τὸν
539 1976 745 2045 Ἰησοῦν
770 1977 954 2046 τιμῆςο
985 1978 1116 2048 φέρε
1138 1981 1231 2030 καὶ
1252 1980 1408 2032 τοῦτο
1426 1980 1499 2041 ὼς
1520 1979 1816 2048 φιλέχθρως

246 2066 538 2136 λεγόμενον
581 2065 960 2135 διελέγξωμεν.
999 2068 1062 2118 Τί
1101 2067 1209 2137 γάρ
1243 2069 1417 2120 κοινὸν
1452 2069 1562 2137 ἔχει
1607 2069 1635 2118 ὁ
1661 2069 1814 2134 γενόε-

248 2176 411 2231 μενος
439 2161 495 2210 ὲν
525 2161 639 2220 τοῖς
682 2159 960 2230 Ἀδριανοῦ
1000 2159 1264 2223 παιδικοῖς
1297 2161 1428 2230 βίος,
1455 2161 1572 2212 οὐδὲ
1598 2160 1688 2214 τὸν
1719 2162 1816 2231 ἀρ-

246 2255 385 2321 ρενα
417 2250 601 2320 ἀπαθῆ
631 2251 943 2318 γυναικείας
967 2251 1119 2303 νόσου
1155 2251 1484 2318 φυλάξαντος
1517 2250 1649 2319 (59),
1680 2249 1815 2320 πρὸς

242 2346 340 2397 τὸν
366 2344 560 2415 σεμνὸν
582 2343 740 2414 ήμῶν
791 2343 1019 2415 Ἰησοῦν,
1055 2338 1116 2396 οὗ
1142 2344 1276 2414 μηδὲ
1307 2345 1355 2395 οἱ
1390 2343 1556 2413 μυρία
1582 2357 1816 2412 κατηγο-

244 2436 536 2506 ρήσαντες,
570 2435 664 2486 καὶ
688 2433 858 2502 ψευδῆ
888 2433 986 2484 ὅσα
1014 2434 1142 2502 περὶ
1175 2431 1336 2484 αὑτοῦ
1370 2432 1636 2499 λέγοντες,
1667 2431 1816 2484 δεδύ-

242 2539 436 2591 νηνται
470 2525 772 2584 κατειπεῖν,
795 2522 868 2584 ὼς
897 2520 997 2573 κᾶν
1018 2521 1079 2573 τὸ
1102 2521 1262 2590 τυχὸν
1286 2521 1576 2583 ἀκολασίας
1602 2520 1703 2573 κᾶν
1727 2523 1812 2573 ἐπ’

241 2613 425 2680 ὀλίγον
456 2613 792 2682 γευσαμένου
819 2629 833 2676 ;
879 2611 1037 2664 Ἀλλά
1070 2612 1182 2674 καὶ,
1204 2613 1360 2682 εἴπερ
1384 2611 1689 2682 φιλαληθῶς
1720 2613 1814 2664 καὶ

241 2700 557 2762 ἀδεκάστως
586 2700 653 2752 τά
689 2701 814 2769 περὶ
845 2699 936 2751 τὸν
980 2699 1247 2751 Ἀντίνουν
1281 2699 1520 2765 ἐξετάζοι
1545 2717 1647 2763 τις,
1681 2717 1816 2770 μαγ-

239 2791 471 2860 γανείας
498 2789 565 2842 ἂν
587 2789 900 2856 Αἰγυπτίων
928 2790 1022 2840 καὶ
1057 2789 1276 2851 τελετὰς
1309 2789 1457 2858 εὕροι
1495 2787 1592 2851 τάς
1631 2788 1813 2850 αἰτίας

238 2878 341 2934 τοῦ
366 2881 540 2932 δοκεῖν
575 2877 628 2931 τι
658 2879 819 2931 αὐτὸν
852 2864 1041 2930 ποιεῖν’
1061 2880 1119 2931 ὲν
1174 2879 1439 2931 Ἀντινόου
1487 2877 1636 2929 πόλει
1661 2918 1676 2941 ,
1719 2879 1813 2932 καὶ

243 2968 496 3040 μτάτὴν
509 2968 764 3037 τελευτὴν
777 2966 960 3020 αὐτοῦ·
975 2968 1110 3036 ὅπερ
1127 2968 1219 3020 κα).
1240 2967 1325 3019 ἐπ’
1342 2967 1512 3019 ἀλλων
1525 2966 1659 3018 νεῶν
1673 2969 1812 3018 ίστοο

244 3059 543 3134 ρεϊταιὺπὸ
565 3057 675 3128 (60)
705 3057 1015 3124 Αἰγυπτίων
1046 3058 1139 3111 καὶ
1164 3056 1270 3109 τῶν
1288 3055 1357 3108 τά
1375 3056 1593 3108 τοιαῦτα
1624 3055 1810 3112 δεινῶν

1914 1989 2063 2042 pare.
2090 1975 2200 2042 Age
2227 1983 2282 2030 et
2312 1975 2453 2029 istud
2485 1991 2512 2027 a
2544 1989 2642 2029 suo
2672 1976 2727 2028 in
2763 1990 2863 2030 nos
2889 1977 3012 2031 odio
3027 1978 3326 2047 profectum
3352 1995 3478 2039 esse

1914 2063 2251 2118 evincamus.
2291 2065 2428 2130 Quid
2475 2068 2619 2117 enim
2656 2067 2847 2118 horum
2878 2066 3103 2120 Adriani
3137 2071 3474 2126 amasiorum

1913 2153 2024 2204 vita
2072 2153 2140 2205 ad
2194 2167 2382 2207 omnes
2421 2153 2710 2220 spurcitias
2751 2153 2917 2208 etiam
2965 2165 3153 2209 contra
3225 2171 3475 2216 naturam

1913 2245 2154 2313 projecta
2195 2258 2480 2298 commune
2507 2247 2813 2301 habetcum
2844 2247 2952 2298 vita
2987 2243 3112 2300 Jesu
3150 2264 3310 2316 quem
3335 2251 3474 2304 coli-

1915 2350 2054 2398 mus,
2085 2350 2243 2402 quem
2283 2334 2366 2388 vel
2409 2336 2631 2388 minima
2685 2337 3114 2405 intemperantiae
3144 2341 3356 2394 macula
3387 2358 3476 2397 as-

1913 2439 2139 2492 pergere
2173 2439 2240 2478 ne
2265 2426 2480 2492 quidem
2513 2426 2550 2476 ii
2579 2427 2696 2478 ausi
2724 2437 2870 2487 sunt,
2896 2427 2988 2496 qui
3013 2438 3296 2483 sexcentas
3321 2433 3471 2486 calu-
3561 2445 3564 2448 '

1915 2515 2088 2567 mnias
2118 2515 2509 2582 mendaciaque
2532 2525 2720 2568 contra
2747 2515 2896 2569 illum
2937 2522 3328 2574 evomuerunt?
3365 2522 3474 2576 Sed

1912 2610 1966 2654 et
1983 2601 2154 2668 siquis
2188 2601 2436 2654 veritatis
2457 2617 2643 2655 amans
2668 2617 2752 2655 res
2771 2604 2987 2657 Antinoi
3017 2605 3330 2677 incorrupte
3351 2623 3475 2678 per.

1913 2692 2180 2758 penderit,
2216 2691 2457 2744 inveniet
2487 2693 2821 2760 prmstigiosa
2849 2691 3229 2764 Egyptiorum
3274 2708 3475 2769 myste-

1913 2780 1994 2832 ria
2045 2783 2098 2832 in
2132 2793 2294 2833 causa
2327 2795 2468 2844 esse,
2510 2795 2609 2833 cur
2640 2781 2730 2836 ille
2781 2783 3124 2852 Antin00poli
3159 2787 3319 2840 etiam
3351 2799 3473 2856 post

1913 2876 2143 2922 mortem
2200 2870 2329 2938 quid
2387 2869 2571 2924 facere
2602 2872 2846 2926 videatur
2879 2891 2892 2928 :
2933 2876 3076 2942 quod
3127 2874 3299 2930 fertur
3325 2885 3380 2932 et
3414 2881 3468 2932 in

1911 2959 2033 3013 aliis
2063 2960 2280 3028 templis
2311 2960 2430 3016 ﬁeri
2478 2964 2547 3015 ab
2574 2961 2844 3034 Egyptiis
2884 2964 3117 3034 aliisque
3153 2969 3469 3024 earumdem

1913 3050 2108 3102 artium
2139 3049 2351 3118 peritis.
2387 3049 2453 3102 Hi
2488 3051 2635 3104 enim
2665 3054 2986 3121 quibusdam
3019 3054 3072 3107 in
3100 3055 3234 3110 locis
3272 3058 3473 3111 daemo-

239 3150 544 3218 γεγονέναι,
579 3148 637 3201 ἐν
671 3163 782 3199 τισι
808 3146 992 3210 τόποις
1024 3147 1306 3218 ἱδρυόντων
1339 3145 1595 3215 δαίμονας
1625 3163 1808 3216 μαντι-

1914 3153 2007 3192 nes
2031 3148 2276 3193 statuunt
2305 3139 2518 3193 divinos
2549 3150 2646 3194 aut
2681 3143 2921 3197 medicos
2944 3182 2960 3208 ,
3005 3146 3094 3212 qui
3136 3161 3276 3215 sa-pe
3302 3150 3469 3204 etiam

238 3243 375 3302 κοὺς
405 3238 438 3310 ἢ
465 3240 758 3310 ίατρικοὺς,
791 3238 1050 3300 πολλάκις
1067 3237 1124 3290 δὲ
1153 3238 1247 3290 καὶ
1282 3236 1661 3306 βασανίζοντας
1683 3238 1808 3299 τοὺς

234 3330 532 3392 δοκοῦντάς
555 3347 608 3381 τι
635 3327 1077 3399 παραϐεϐηκέναι
1101 3327 1355 3397 περὶτῶν
1374 3327 1641 3395 τυχόντων
1670 3326 1809 3397 βρω-

241 3417 453 3488 μάτων,
489 3418 525 3488 ﬁ
555 3418 681 3488 περὶ
700 3415 794 3468 τοῦ
829 3415 999 3482 θίγειν
1035 3413 1229 3486 νεκροῦ
1259 3413 1504 3483 σώματος
1535 3414 1808 3483 ἀνθρωπί-

238 3525 360 3571 νου,
393 3509 478 3561 ῖνα
511 3508 718 3560 δοκοῖεν
750 3505 1077 3559 δεδίττεσθαι
1105 3505 1194 3556 τὸν
1222 3504 1387 3556 πολὺν
1417 3503 1541 3555 λαὸν
1572 3503 1682 3572 (61)
1717 3504 1810 3555 καὶ

235 3598 587 3652 ἀπαίδευτον.
617 3596 868 3658 Τοιοῦτος
897 3596 954 3647 δέ
984 3597 1100 3647 ἐστι
1139 3595 1233 3647 καὶ
1265 3595 1323 3644 ὲν
1361 3593 1628 3644 Ἀντινόου
1659 3591 1809 3644 πόλει

209 3673 342 3758 ’τῆς
375 3689 647 3756 Δίγύπτου
672 3688 944 3758 νομισθεὶς
975 3684 1117 3741 εἶναι
1147 3689 1286 3751 θεὸς,
1320 3682 1380 3742 οὗ
1411 3688 1608 3757 ἀρετὰς
1641 3689 1688 3740 οἱ
1712 3689 1808 3757 μέν

234 3795 388 3841 τινες
416 3778 880 3849 κυδευτικώτερον
919 3777 1117 3842 ζῶντες
1149 3778 1602 3846 καταψεύδονται,
1633 3778 1808 3848 ἕτεροι

236 3870 319 3932 δὲ,
348 3869 454 3921 ὑπὸ
479 3868 578 3924 τοῦ
608 3871 725 3922 ἐκεῖ
751 3869 1029 3940 ἱδρυμένου
1053 3868 1302 3937 δαίμονος
1325 3867 1691 3938 ἀπατώμενοι,
1716 3867 1809 3919 καὶ

237 3959 394 4014 ἄλλοι
425 3959 534 4012 ἀπὸ
556 3958 816 4021 ἀσθενοῦς
837 3957 931 4010 τοῦ
963 3957 1260 4020 συνειδότος
1289 3957 1649 4027 ἐλεγχόμενοι,
1671 3957 1809 4008 οῐον-

237 4069 336 4104 ται
367 4034 533 4103 τίνειν
564 4050 822 4122 θεήλατον
857 4050 965 4102 ἀπὸ
996 4047 1090 4101 τοῦ
1147 4049 1414 4102 Ἀντινόου
1454 4049 1643 4119 ποινήν
1672 4048 1805 4119 (62).

239 4140 479 4193 Τοιαῦτα
501 4141 558 4193 δέ
575 4145 700 4194 ’ἐστι
727 4142 822 4194 καὶ⁸
846 4141 915 4193 τὰ
943 4139 1193 4212 δρώμενα
1217 4139 1393 4192 αὐτῶν
1426 4140 1695 4209 μυστήρια
1717 4138 1809 4191 καὶ

236 4231 302 4283 αἱ
331 4228 579 4281 δοκοῦσαι
620 4221 865 4299 μαντεῖαι
883 4269 898 4293 ,
927 4222 1002 4284 ὧν
1035 4229 1177 4281 πάνυ
1220 4228 1434 4297 μακράν
1470 4229 1586 4292 ἐστι
1615 4226 1684 4278 τά
1713 4224 1806 4277 τοῦ

252 4318 456 4389 Ἰησοῦο
500 4320 560 4370 οὐ
606 4318 714 4388 γάρ
759 4319 1106 4380 συνελθόντες
1129 4317 1359 4390 γόητες,
1383 4317 1541 4388 χάριν
1577 4317 1808 4378 τίνοντες

239 4409 457 4481 βασιλεί
479 4426 586 4461 τινι
620 4408 890 4461 κελεύοντι
923 4410 957 4480 ἢ
991 4411 1218 4486 ἡγεμόνι
1260 4409 1676 4478 προστάσσοντι,
1708 4424 1805 4459 πεο

1911 3228 2346 3283 animadvertant
2377 3231 2430 3282 in
2461 3244 2556 3285 eos
2580 3232 2672 3300 qui
2708 3232 2944 3300 ipsorum
2975 3233 3118 3302 leges
3145 3235 3211 3288 de
3236 3235 3476 3305 vulgari-

1912 3318 2013 3374 bus
2040 3321 2178 3376 cibis
2210 3330 2306 3377 aut
2355 3322 2422 3376 de
2452 3337 2558 3376 non
2613 3323 2881 3391 tangendo
2921 3323 3159 3378 humano
3205 3326 3470 3382 cadavere

1911 3413 2140 3477 violant,
2179 3413 2339 3482 idque
2379 3425 2438 3466 ut
2492 3414 2685 3483 vulgus
2735 3415 3046 3484 imperitum
3099 3418 3465 3474 terrefaciant.
3543 3460 3547 3464 .

1909 3502 2086 3570 Atque
2112 3502 2417 3572 hujusmodi
2452 3511 2535 3557 est
2567 3505 2660 3570 qui
2701 3504 3054 3574 Antinoopoli
3087 3509 3154 3562 ab
3195 3508 3470 3580 Egyptiis

1912 3591 2473 3655 deus'existimatur,
2520 3592 2672 3658 cujus
2719 3593 2946 3648 virtutes
2987 3596 3203 3663 quidam
3239 3602 3464 3654 commi-

1912 3682 2195 3734 niscuntur
2239 3682 2435 3748 quibus
2476 3682 2601 3734 inde
2644 3693 2887 3749 questus
2915 3695 3034 3749 est;
3070 3686 3195 3740 dum
3223 3688 3317 3743 alii
3344 3691 3467 3757 qui.

1911 3771 2030 3822 dem
2065 3784 2094 3822 a
2123 3770 2369 3824 daemone
2403 3770 2477 3824 ibi
2509 3771 2777 3826 collocato
2810 3773 3181 3843 decipiuntur,
3217 3777 3306 3831 alii
3333 3793 3466 3834 vero

1911 3859 2141 3912 inﬁrmae
2168 3860 2516 3915 conscientiae
2547 3862 2782 3916 stimulis
2811 3863 3000 3932 agitati
3031 3880 3246 3933 poenam
3291 3869 3395 3923 sibi
3432 3886 3463 3922 a

1909 3949 2012 4004 deo
2049 3950 2286 4004 Antinoo
2321 3950 2576 4006 inﬂictam
2607 3951 2717 4020 pati
2749 3966 2809 4007 se
2839 3955 3209 4022 putantuﬂazc
3235 3967 3361 4025 sunt
3393 3959 3463 4012 il-

1911 4043 2080 4095 lorum
2130 4042 2479 4111 mysteriaet
2528 4055 2648 4108 qua
2675 4041 2932 4095 videntur
2981 4043 3143 4098 edere
3187 4045 3460 4104 vaticinia.

1908 4132 1991 4202 Ab
2024 4132 2108 4185 his
2139 4131 2372 4184 immane
2399 4141 2658 4198 quantum
2684 4131 2939 4186 diﬂ'erunt
2975 4147 3060 4188 res
3083 4135 3236 4191 Jesu.
3275 4137 3462 4208 Neque

1909 4223 2052 4274 enim
2108 4221 2470 4288 impostorum
2519 4223 2676 4275 turba
2725 4223 2867 4292 regis
2914 4224 3188 4292 cujusdam
3219 4228 3463 4295 jubentis

1910 4322 2003 4367 aut
2055 4314 2301 4381 praesidis
2351 4321 2634 4381 captantes
2668 4317 2896 4382 gratiam
2917 4357 2932 4383 ,
2965 4316 3112 4371 illum
3153 4319 3206 4372 in
3236 4321 3457 4374 deorum

1909 4417 2194 4456 numerum
2247 4403 2655 4472 ascripserunt;
2696 4407 2789 4460 sed
2841 4407 2956 4474 ipse
3005 4422 3184 4461 rerum
3217 4410 3454 4464 omnium

238 4503 531 4570 ποιῆκέναι
581 4499 763 4566 ἔδοξαν
806 4501 967 4553 αὐτὸν
1017 4497 1155 4553 εἶναι
1204 4502 1355 4554 Θεόνο
1408 4501 1541 4584 ἀλλ’.
1576 4500 1734 4562 αὐτὸς
1776 4501 1804 4552 ό

1912 4494 2180 4558 conditor,
2215 4492 2444 4548 miriﬁca
2485 4495 2574 4548 illa
2608 4510 2711 4564 qua
2740 4495 2903 4562 pollet
2923 4498 3282 4565 persuadendi
3311 4499 3364 4553 vi
3402 4512 3456 4558 et

231 4594 353 4648 τῶν
384 4593 518 4647 ὅλων
557 4589 887 4662 δημιουργὸς
933 4589 1238 4653 ἀκολούθως
1288 4595 1354 4661 τῇ
1398 4594 1456 4643 ὲν
1506 4592 1582 4663 τῷ
1627 4592 1801 4660 λέγειν

314 4831 432 4902 (57)
459 4829 744 4885 Boherello
773 4827 1059 4902 delendum
1088 4825 1302 4902 videtur
1333 4824 1440 4877 τῶν
1479 4823 1798 4896 ἀνθρώπων,

234 4894 469 4972 propter
505 4902 695 4972 eadem
713 4899 887 4972 _verba
923 4910 1041 4972 qua
1068 4894 1227 4972 paulo
1249 4905 1369 4972 pgst
1393 4894 1725 4972 repetuntur.

315 4963 430 5036 (58)
469 4968 590 5021 Τῶν
611 4969 684 5020 ἐν
712 4967 1006 5036 Ἀντινόου
1039 4965 1208 5036 «(Met
1235 4963 1344 5029 τῆς
1370 4965 1689 5036 Αἰγύπτοιο.
1724 4963 1798 5036 Ita

233 5031 644 5107 recte-omnino
669 5040 838 5107 codex
868 5034 1085 5107 Regius.
1118 5033 1266 5107 Alias
1297 5031 1702 5107 ιιιθηιιοεεητῶν
1740 5033 1797 5084 ὲν
1833 5081 1848 5107 κ

246 5105 521 5175 ᾎντινόου
550 5104 643 5158 τοῦ
674 5105 773 5175 τῆς
823 5099 1118 5175 Αἰγύπτουἱ
1159 5100 1422 5175 (Steterunt
1459 5101 1523 5153 de
1560 5099 1794 5175 Altti_tt00

231 5173 360 5230 IEL
391 5172 574 5238 Spart.
620 5176 673 5227 in
699 5168 938 5228 Adriano
974 5195 984 5225 :
1023 5191 1042 5223 ι
1093 5171 1387 5224 Antinoum
1422 5183 1613 5238 suum,
1667 5168 1791 5238 dum

231 5257 346 5315 per
376 5233 549 5315 Nilum
580 5242 819 5315 navigat2
843 5242 1077 5311 perdidit
1101 5256 1116 5304 ;
1139 5253 1297 5315 quem
1330 5236 1661 5315 muliebriter
1693 5233 1788 5288 ﬂe-

231 5307 333 5365 'vit
359 5310 455 5364 :de
476 5324 582 5377 quo
613 5312 763 5361 varia
797 5307 936 5364 fama
961 5320 1078 5375 est;
1109 5307 1230 5362 aliis
1261 5322 1383 5360 eum
1413 5307 1662 5377 devotum
1689 5318 1786 5377 pro

226 5374 508 5438 Adriano'
541 5380 956 5444 asseren‘tibus;
1000 5379 1141 5440 aliis,
1169 5377 1310 5444 quod
1352 5383 1410 5429 et
1456 5374 1627 5444 forma
1669 5375 1787 5444 ejus

225 5454 495 5517 ostentat
514 5457 570 5500 et
602 5443 1032 5517 nimiavoluptas
1059 5443 1322 5508 Adriani;
1363 5453 1420 5497 et
1450 5443 1621 5498 Gra'ci
1662 5443 1785 5517 qui-

229 5523 398 5584 dem,
413 5515 627 5570 volente
648 5513 1047 5579 Adrianofeum
1071 5521 1547 5584 consecraverunt,
1570 5513 1786 5564 oracula

229 5604 346 5661 per
362 5582 485 5661 eum
505 5584 622 5639 dari
654 5592 955 5661 asserentes
972 5597 1147 5661 aquae.
1169 5582 1789 5661 Adrianus-ipseconin

230 5649 1013 5724 inissejactaturglnnumeri
1035 5649 1335 5721 scriptores
1367 5651 1521 5724 hujus
1547 5649 1789 5724 catamiti

235 5713 626 5783 iunctain-erunt.
651 5721 868 5782 Verum,
888 5729 945 5772 ut
962 5713 1464 5788 tempuscompeudi
1480 5713 1665 5788 facias,
1677 5717 1792 5785 lege

235 5796 585 5865 Scaligerqu
617 5793 671 5847 in
694 5787 1237 5845 Animaduersidnibm
1279 5790 1335 5842 in
1371 5787 1659 5843 Eusebium
1683 5825 1699 5853 ,
1734 5796 1789 5838 et

1911 4597 2200 4659 potestate,
2234 4588 2382 4642 illum
2420 4586 2580 4658 47],
2625 4587 2922 4642 declaravit
2949 4588 3164 4655 dignum
3199 4591 3289 4672 qui
3319 4592 3457 4646 cole-

1909 4825 2262 4900 Salmasimn,
2295 4836 2352 4881 et
2380 4828 2777 4894 Casaubonum,
2813 4830 2866 4884 in
2895 4833 3037 4887 notis
3072 4832 3124 4884 in
3154 4829 3261 4886 IEI.
3295 4829 3455 4900 Sparo

1905 4898 2133 4954 tianum.
2163 4895 2351 4948 ἓνεκα.
3074 4924 3085 4929 ~

1972 4963 2514 5037 (59)_¢v.@d§qrtoc.
2549 4963 2694 5034 Lego
2723 4981 2843 5021 cum
2876 4966 3446 5037 ΒοιιειιεΙΙονφυλάξις.
3522 5021 3527 5027 .

1898 5029 2018 5083 Mox
2061 5029 2398 5087 Hmscheliu's
2439 5035 2491 5086 in
2547 5029 2694 5088 tex'tu
2745 5037 2938 5099 habet,
2971 5035 3107 5107 πρὸς
3133 5029 3223 5088 τὸν
3253 5029 3452 5108 milia!

1896 5099 2023 5166 ἡμῖν
2061 5099 2288 5166 Ἰησοῦν.

1935 5115 2023 5167 μιν
2065 5115 2288 5167 ἰησουν.

2361 5184 2485 5236 pars
2539 5172 3070 5240 manuscriptorum,
3127 5173 3442 5244 ἱστορεῖται.

1892 5238 2062 5306 Alias,
2095 5237 2394 5306 ἱστόρηται,

1963 5304 2072 5374 (61)
2125 5304 2306 5359 Audi».
2345 5308 2492 5362 Hanc
2534 5321 2720 5361 vocem
2751 5321 2872 5376 qua.-
2922 5324 2965 5362 e:
3007 5311 3224 5378 :iderat,
3277 5311 3442 5368 reati-

1893 5381 2046 5428 tuunt
2077 5389 2210 5427 mss.
2560 5393 2570 5401 '

1960 5441 2302 5516 (ϐῆ-*Τίγριν
2337 5444 2626 5516 θεήλατον
2664 5444 2782 5516 dari)
2814 5446 2930 5516 ,τοῦ
2995 5447 3272 5500 Αντινόσυ
3315 5463 3444 5504 εα-

1889 5511 2024 5576 νήν.
2054 5511 2336 5582 ξοδίίαοτ,
2366 5526 2421 5567 ιιι
2451 5511 2702 5566 observat
2731 5513 2954 5568 Bohcrel
2989 5533 3065 5580 λε,
3102 5521 3154 5568 in
3183 5517 3442 5570 Animad-

1889 5596 2023 5653 τίετε,
2071 5579 2290 5653 Enni,
2323 5598 2494 5653 _ann._
2524 5595 2760 5645 ιιοχιν,
2787 5583 2911 5650 legit
2945 5604 2965 5636 τ
2990 5579 3093 5635 νεῖν
3118 5585 3339 5653 ποινήν,
3384 5592 3442 5638 ει

1897 5649 2194 5722 Salmasius
2219 5653 2287 5722 ad
2317 5650 2663 5722 Spartianum
2686 5692 2700 5716 ,
2748 5649 2879 5702 πνεῖ·
2907 5670 3000 5710 ,nv
3024 5653 3102 5722 »ήν
3170 5649 3440 5722 quomodo

1893 5725 1948 5770 et
1972 5719 2114 5788 apud
2146 5717 2477 5788 Scaligerum
2506 5718 2787 5788 legendum
2836 5717 3066 5788 videtan
3112 5717 3217 5788 sed
3261 5720 3439 5788 placet

1895 5786 2108 5855 vulgata
2141 5786 2318 5855 lectio,
2342 5786 2580 5857 propter"
2605 5787 2732 5843 illud
2755 5827 2770 5856 ,
2803 5787 3058 5851 ἀσθενοῦς
3084 5787 3176 5844 τοῦ
3203 5786 3435 5842 cavet“.
