4076 6310
687 430 789 489 m
829 462 834 464 _

2129 427 2450 483 ORIGENIS

3825 430 3930 482 966

685 554 840 606 retur
871 559 976 600 non
1013 546 1080 598 ab
1111 543 1179 598 iis
1206 543 1369 597 modo
1393 545 1487 612 qui
1537 546 1700 598 vitam
1754 545 2046 600 emendare
2099 563 2243 600 suam

2354 545 2653 616 τεραστίως
2702 548 2923 615 πιστικῇ
2984 544 3206 615 δυνάμει
3236 546 3342 616 (65)
3376 546 3703 616 συνέστησεν
3741 545 3924 610 αὐτὸν,

687 638 891 691 Vellent
917 674 935 698 ,
964 636 1060 689 sed
1084 635 1248 688 etiam
1275 649 1304 686 a
1339 633 1675 688 daemonibus
1708 635 1936 705 aliisque
1967 639 2247 703 potestati-

686 732 790 785 bus
839 742 958 796 quae
1015 727 1120 780 sub
1170 740 1367 779 sensus
1399 741 1508 780 non
1541 726 1761 780 cadum.
1797 727 1914 792 Quo
1953 727 2012 781 lit
2048 736 2106 780 ut
2150 729 2253 781 illae

685 820 863 872 adhuc
889 819 1176 872 videantur
1197 827 1288 871 aut
1315 818 1608 870 formidare
1628 817 1756 872 Jesu
1780 833 1974 872 nomen
1997 829 2251 886 tanquam

688 923 748 961 se
790 908 1131 976 potentioris,
1187 917 1281 960 aut
1335 908 1544 977 legibus
1579 909 1698 976 ejus
1741 920 1991 977 tanquam
2042 909 2253 964 Domini

687 1004 1004 1052 reverenter
1029 998 1436 1067 obtemperare.
1466 997 1580 1052 Nisi
1608 1000 1756 1052 enim
1793 1002 1869 1054 sic
1915 1017 1946 1053 a
1990 1001 2099 1054 Deo
2125 1016 2254 1053 con-

687 1090 912 1141 stitutus
948 1088 1158 1153 fuisset,
1184 1091 1482 1152 (Ιωηιοηεε,
1515 1089 1628 1142 solo
1649 1090 1764 1155 ejus
1793 1091 2137 1157 pronuntiato
2160 1106 2255 1144 uo-

689 1179 860 1243 mine,
900 1194 1008 1233 non
1042 1180 1258 1233 exirent
1280 1195 1312 1233 e
1339 1181 1663 1248 corporibus
1689 1197 1806 1249 qua:
1839 1182 2181 1237 obsidebant.

757 1467 844 1520 57.
881 1466 1148 1520 Caeterum
1185 1464 1418 1533 Egyptii
1465 1464 1611 1518 docti
1653 1466 1949 1518 Antinoum
1979 1467 2251 1529 venerari,

686 1555 866 1607 ferent
917 1555 1066 1606 illum
1107 1570 1228 1606 cum
1283 1555 1529 1621 Apolline
1575 1564 1668 1608 aut
1713 1554 1845 1608 Jove
1899 1557 2250 1624 comparari,

685 1646 883 1714 quippe
919 1646 1008 1712 qui
1039 1645 1160 1700 ideo
1192 1647 1343 1698 illum
1369 1646 1573 1711 colant,
1599 1648 1723 1713 quia
1758 1648 1808 1699 in
1839 1649 2024 1700 eodem
2049 1664 2110 1702 ac
2136 1649 2253 1704 illos

687 1750 918 1787 numero
959 1735 1180 1789 habent.
1225 1734 1359 1788 Nam
1394 1747 1542 1789 certe
1572 1736 1762 1791 Celsus
1813 1739 2093 1804 menlitur,
2131 1756 2250 1792 cum

684 1827 763 1878 ait
784 1845 800 1874 ‹
826 1841 928 1877 non
947 1840 1202 1892 passuros
1223 1824 1530 1896 Egyptios,
1568 1828 1738 1894 siquis
1775 1828 1918 1880 illum
1941 1845 2063 1882 cum
2085 1830 2250 1898 Apol—

2352 637 2428 699 ὼς
2481 638 2644 706 τιμῆς
2695 637 2864 702 ἀξιον,
2897 637 2958 688 οὐ
3010 641 3122 698 τοῖς
3168 639 3447 706 εὐφρανεῖν
3490 639 3734 691 ἐθέλουσι
3766 641 3926 709 μόνον

2353 728 2686 798 ἀνθρώποις,
2723 728 2856 781 ἀλλά
2907 730 3000 779 καὶ
3030 729 3266 797 δαίμοσι,
3310 730 3403 781 καὶ
3444 729 3630 792 ἄλλαις
3669 731 3926 800 ἀοράτοις

2352 822 2665 891 δυνάμεσινο
2700 823 2901 884 αἵτινες
2925 821 3084 891 μέχρι
3116 822 3209 873 τοῦ
3237 821 3392 890 δεῦρο
3418 824 3771 891 ἐμφαίνουσιν
3803 824 3923 892 ἦτοι

2354 914 2794 982 φοϐούμεναι,τὸ
2825 914 2993 982 ὄνομα
3039 912 3130 965 τοῦ
3177 913 3348 983 Ἰησοῦ
3401 915 3477 975 ὼς
3524 915 3854 984 κρείττονος,
3889 915 3923 983 ἢ

2356 1006 2663 1074 σεϐασμίως
2691 1005 3075 1074 ἀποδεχόμεναι
3108 1004 3182 1066 ὼς
3211 1004 3351 1056 κατά
3383 1005 3577 1074 νόμους
3609 1005 3790 1058 αὐτῶν
3823 1007 3923 1076 ἀρ-

2356 1111 2558 1163 χοντος.
2591 1095 2654 1145 Εί
2685 1093 2791 1163 γὰρ
2823 1095 2896 1163 μὴ
2923 1093 3101 1144 θεόθεν
3123 1089 3191 1162 ἦν
3220 1093 3368 1161 αὐτῷ
3397 1093 3610 1147 δοθεῖσα
3637 1094 3918 1158 σύστασις,

2353 1185 2452 1236 οὐκ
2475 1184 2538 1236 ἂν
2585 1184 2678 1236 καὶ
2707 1184 2954 1252 δαίμονες
3003 1183 3079 1252 τῷ
3107 1184 3327 1252 ὀνόματι
3375 1185 3536 1237 αὑτοῦ
3584 1186 3923 1253 ἀπαγγελλο-

2359 1273 2503 1341 μένῳ
2535 1272 2692 1340 μόνον
2721 1270 2952 1334 εἴκοντες
2981 1271 3283 1340 ἀνεχώρουν
3326 1273 3432 1324 ἀπὸ
3465 1273 3572 1326 τῶν
3605 1275 3698 1326 ὑπ’
3743 1275 3921 1327 αὐτῶν

2354 1366 2481 1416 πολε
2490 1380 2589 1432 μου
2599 1365 2790 1433 μένων.
3791 1428 3796 1432 _

2422 1455 2706 1522 Αἰγύπτιοι
2753 1455 2848 1522 μὲν
2880 1449 2971 1506 οὖν
3019 1453 3354 1522 διδαχθέντες
3381 1454 3471 1507 τὸν
3513 1455 3778 1507 Ἀντίνοον
3828 1458 3918 1508 σέ-

2355 1546 2490 1606 ϐειν,
2535 1545 2628 1597 ἐὰν
2676 1543 2824 1612 αὑτῷ
2871 1543 3190 1614 παραϐάλῃς
3230 1544 3337 1611 (64)
3376 1543 3683 1596 Ἀπόλλωνα
3722 1546 3757 1614 ἢ
3799 1547 3915 1609 Δία,

2355 1634 2647 1698 ἀνέξονται,
2681 1633 3031 1701 σεμνύνοντες
3047 1634 3135 1684 τὸν
3179 1633 3441 1685 ’Δντίνοον
3459 1633 3545 1686 διὰ
3571 1633 3664 1685 τοῦ
3693 1636 3918 1699 ἐκείνοις

2353 1725 2513 1777 αὑτὸν
2537 1723 2903 1794 συναριθμεῖν.
2930 1708 3039 1776 Καῗ
3068 1725 3126 1776 ἐν
3156 1724 3363 1786 τούτοις
3386 1725 3492 1793 γὰρ
3523 1726 3552 1776 ὁ
3583 1725 3794 1790 Κέλσος
3820 1745 3916 1779 σα-

2354 1817 2467 1882 φῶς
2512 1815 2792 1884 ψεύδεται,
2827 1815 2997 1883 λέγων
3023 1833 3033 1844 ·
3069 1834 3086 1863 ί
3124 1814 3240 1866 Κᾶν
3278 1814 3595 1887 παραϐάλῃς
3644 1817 3792 1886 αὐτῷ
3826 1819 3918 1871 τὸν

683 1917 796 1970 line
845 1927 936 1970 aut
973 1916 1105 1977 Jove
1153 1920 1575 1984 comparaverit.
1619 1938 1638 1970 ι
1670 1918 1740 1972 At
1779 1919 2114 1982 Christiani,
2159 1923 2243 1990 qui

2365 1906 2669 1958 Ἀπόλλωνα
2689 1907 2722 1976 ἢ
2743 1907 2831 1957 τὸν
2867 1905 2982 1968 Δία,
3013 1906 3110 1956 οὐκ
3137 1904 3431 1967 ἀνέξονται.
3455 1924 3473 1955 ι
3492 1907 3834 1976 Χριστιανοᾱ
3859 1910 3916 1960 δὲ

681 2007 1257 2060 didicvruntmternam
1278 2022 1335 2060 se
1360 2022 1582 2061 tnanere
1608 2009 1768 2060 vitam
1799 2009 1850 2060 in
1876 2012 2247 2077 cognoscendo

681 2098 796 2151 solo
829 2113 1011 2151 rerum
1037 2099 1282 2151 omnium
1311 2113 1440 2151 vero
1469 2097 1580 2150 Deo
1612 2099 1679 2160 ",
1711 2109 1765 2152 et
1787 2113 1851 2152 eo
1889 2115 2048 2166 quem
2079 2101 2244 2165 misit,

679 2188 806 2242 Jesn
837 2190 1054 2243 Christo
1083 2191 1314 2258 positam
1343 2207 1355 2252 ;
1394 2189 1485 2256 qui
1513 2199 1712 2242 norunt
1741 2203 1930 2241 omnes
1965 2189 2094 2242 deos
2116 2205 2246 2256 gen-

681 2280 812 2330 tium
851 2280 1007 2332 avida
1041 2294 1160 2334 esse
1185 2280 1452 2333 daemonia
1487 2280 1696 2332 circum
1730 2278 2000 2341 victimas,
2030 2280 2248 2346 sanguio

680 2384 822 2431 nem,
881 2369 1124 2438 aliasque
1175 2371 1569 2424 sacriﬁciorum
1623 2379 1805 2436 partes
1853 2371 2132 2424 volitantia
2176 2371 2242 2435 τ’,

681 2460 840 2527 idque
873 2469 930 2513 ttt
959 2476 1052 2514 eos
1079 2462 1355 2530 decipiant
1385 2463 1475 2530 qui
1503 2463 1572 2514 ad
1593 2461 1757 2514 Deum
1795 2477 1973 2513 rerum
2005 2463 2245 2515 omnium
2271 2524 2277 2529 _

678 2563 788 2602 non
816 2548 1162 2616 confugiunt;
1195 2551 1285 2617 qui
1330 2552 1509 2604 sciunt
1540 2551 1752 2604 divinos
1799 2559 2122 2618 sanctosque
2153 2552 2245 2606 Dei

681 2639 906 2704 angelos
933 2642 1156 2694 alterius
1194 2649 1404 2693 natura:
1447 2650 1503 2692 et
1547 2641 1841 2692 voluntatis
1873 2655 2012 2702 esse,
2044 2656 2108 2692 ac
2136 2642 2246 2693 αω-

680 2744 870 2782 mones
904 2745 1120 2793 omnes,
1159 2731 1255 2798 qui
1285 2731 1338 2781 in
1371 2739 1515 2783 terra
1544 2740 1688 2791 sunt,
1724 2731 1927 2797 hosque
1960 2733 2245 2799 perpaucis

678 2828 840 2871 notos
875 2831 1022 2880 esse,
1057 2817 1124 2870 iis
1157 2819 1418 2870 nimirum
1449 2819 1539 2885 qui
1574 2819 1871 2886 prudenter
1908 2831 1962 2872 et
1993 2831 2246 2874 accurate
2293 2885 2300 2892 ἦ

678 2909 784 2962 illis
809 2909 1202 2978 cognoscendis
1232 2911 1362 2962 dant
1382 2924 1602 2976 operam
1627 2926 1639 2972 ;
1660 2910 1976 2974 Christiani,
2005 2913 2242 2980 inquam,

679 3014 784 3052 non
809 3001 1157 3054 sustinebunt
1186 2997 1491 3066 comparari
1521 2999 1820 3066 Apollinem
1847 3009 1899 3052 et
1919 2998 2127 3066 Jovem,
2155 3014 2246 3056 aut

645 3089 924 3157 quemvis
972 3103 1196 3151 eorum,
1240 3088 1333 3157 qui
1379 3088 1575 3157 adipe,
1619 3090 1880 3158 sanguine
1912 3099 1966 3143 et
2013 3092 2246 3146 victimis

677 3184 980 3250 placantur.
1013 3183 1176 3250 Cujus
1197 3182 1273 3236 rei
1303 3181 1527 3250 quidam
1556 3191 1714 3234 erunt
1741 3181 1978 3248 quidem,
2005 3183 2093 3250 qui
2122 3198 2246 3237 cau-
2272 3222 2313 3275 Ο

679 3289 792 3325 sam
817 3271 1012 3326 afferre
1036 3287 1145 3340 pra:
1179 3288 1276 3326 sua
1310 3273 1658 3343 simplicitate
1688 3288 1791 3326 non
1820 3283 2094 3342 poterunt,
2119 3289 2245 3327 con—

679 3364 811 3414 teuti
847 3366 1091 3416 studiose
1122 3379 1345 3418 scrvare
1378 3381 1497 3431 qua:
1532 3363 1838 3432 acceperint
1871 3381 1882 3416 :
1920 3365 2011 3418 sed
2042 3363 2131 3416 alii
2159 3379 2246 3415 ra-

680 3454 853 3504 tiones
889 3455 1112 3507 reddent
1155 3454 1389 3519 solidas,
1432 3455 1756 3523 profundas,
1802 3465 1873 3519 et,
1920 3464 1979 3509 ut
2023 3454 2244 3510 Graecus

679 3543 908 3606 diceret,
944 3543 1248 3609 interiores
1278 3554 1441 3612 atque
1480 3561 1549 3611 ex
1581 3545 1881 3601 visceribus
1921 3547 1996 3600 rei
2030 3548 2239 3601 ductas.

680 3632 892 3686 Etenim
946 3635 1110 3686 multa
1161 3635 1344 3688 dicent
1387 3636 1452 3689 de
1490 3637 1599 3688 Deo
1635 3635 1826 3703 iisque,
1872 3637 2070 3704 quibus
2105 3639 2241 3692 Deus

679 3735 886 3776 tantum
939 3725 1165 3778 honoris
1196 3725 1412 3789 habuit,
1451 3737 1508 3779 ut
1556 3741 1653 3794 per
1705 3728 2036 3796 unigenitum
2074 3728 2239 3782 Deum

673 3813 911 3867 Verbum
945 3813 1064 3868 illos
1095 3815 1406 3869 divinitatis
1439 3818 1684 3885 adeoque
1715 3828 1771 3871 et
1811 3820 2045 3873 nominis
2075 3821 2242 3884 parti—

674 3905 824 3971 cipes
856 3904 1075 3956 faceret.
1118 3903 1281 3956 Multa
1321 3907 1489 3956 etiam
1533 3906 1638 3957 dici
1686 3917 1908 3973 possunt
1938 3907 2004 3958 de
2044 3909 2241 3960 divinis

675 3993 922 4060 angelis;
960 3995 1127 4046 ntuita
1154 3997 1220 4047 de
1261 3994 1327 4045 iis
1349 3995 1442 4062 qui
1471 3995 1687 4046 veritati
1716 3997 1910 4047 infensi
1941 4007 2086 4058 sunt,
2119 3999 2239 4064 qui-

675 4097 782 4148 que
805 4085 1039 4149 primutn
1093 4083 1334 4150 decepti,
1366 4098 1431 4135 ex
1482 4098 1673 4137 errore
1708 4084 1896 4138 haberi
1931 4085 2115 4138 volunt
2147 4097 2241 4138 aut

675 4187 776 4242 pro
810 4173 936 4235 diis,
968 4183 1062 4224 aut
1096 4187 1194 4240 pro
1223 4173 1315 4225 Dei
1347 4173 1576 4241 angelis,
1599 4184 1690 4226 aut
1719 4190 1817 4241 pro
1847 4174 2000 4228 bonis
2039 4175 2233 4228 daemo-

673 4266 855 4330 nibus,
910 4277 1004 4316 aut
1060 4279 1159 4331 pro
1207 4266 1489 4328 heroibus,
1533 4267 1584 4318 in
1627 4282 1761 4334 quos
1792 4267 2024 4320 humana
2061 4268 2236 4320 anima

676 4362 1144 4414 bonaconversa
1205 4357 1419 4408 fuisset.
1478 4357 1742 4411 Prmtetea
1801 4358 2104 4427 probabunt
2163 4359 2234 4410 illi

674 4448 998 4512 Christiani,
1025 4449 1480 4517 quemadmodum
1512 4451 1562 4502 in
1585 4449 1926 4519 phil050phia
1955 4449 2106 4502 multi
2135 4449 2235 4503 sibi

2354 1997 2694 2066 μεμαθηκόσι
2717 1997 2815 2065 τὴν
2840 1995 3054 2048 αίῶνιον
3077 1997 3258 2057 αὐτοῖς
3297 1992 3433 2048 εἶναι
3461 1995 3604 2066 ζωὴν
3639 1999 3696 2050 ὲν
3722 1999 3799 2067 τῷ
3829 2017 3916 2066 γι-

2349 2087 2612 2153 γνώσκειν
2629 2088 2717 2139 τὸν
2753 2088 2910 2156 μόνον
2944 2087 3035 2138 ἐπὶ
3060 2089 3220 2139 πᾶσιν
3255 2085 3503 2154 ἀληθινὸν
3534 2088 3668 2140 Θεὸν
3687 2128 3702 2151 ,
3735 2092 3827 2142 καὶ
3857 2090 3916 2141 ὃν

2350 2180 2555 2238 ἐκεῖνος
2583 2178 2899 2229 ἀπέστειλεν
2929 2176 3132 2246 Ἰησοῦν
3163 2178 3392 2246 Χριστόν
3418 2195 3431 2208 ·
3471 2179 3706 2247 μαθοῦσι
3730 2181 3788 2233 δὲ
3821 2182 3916 2233 καὶ

2348 2271 2428 2320 ὅτι
2459 2271 2651 2330 πάντες
2675 2271 2770 2338 μὲν
2798 2271 2846 2320 οῖ
2879 2268 2991 2320 θεοὶ
3007 2271 3112 2321 τῶν
3137 2270 3304 2323 ἐθνῶν
3329 2273 3434 2322 είσι
3467 2271 3716 2340 δαιμόνια
3741 2272 3913 2342 λιχνὰ,

2350 2362 2442 2411 καὶ
2477 2360 2606 2428 περ).
2651 2360 2748 2421 τὰς
2787 2358 2978 2420 θυσίας
3013 2360 3122 2427 (65)
3146 2392 3165 2421 ,-
3197 2363 3287 2412 καὶ
3317 2361 3384 2413 τὰ
3414 2363 3656 2430 αἵματα,
3693 2365 3788 2415 καὶ
3819 2366 3915 2426 τὰς

2347 2449 2453 2498 ἀπὸ
2487 2447 2592 2499 τῶν
2643 2446 2837 2498 θυσιῶν
2871 2448 3150 2516 ἀποφορὰς
3187 2449 3574 2517 καλινδούμενα
3605 2451 3698 2504 ἐπὶ
3733 2453 3916 2522 ἀπάτῃ

2346 2540 2452 2589 τῶν
2491 2539 2563 2608 μὴ
2591 2539 3079 2608 προσπεφευγότων
3112 2539 3188 2608 τῷ
3215 2540 3307 2591 ἐπὶ
3342 2543 3472 2606 πᾶσι
3497 2541 3634 2610 θεῷ’
3666 2545 3716 2593 οἱ
3740 2543 3797 2595 δὲ
3819 2543 3914 2596 τοῦ

2346 2631 2478 2681 Θεοῦ
2509 2631 2638 2681 θεῖοι
2680 2632 2771 2683 καὶ
2805 2630 2946 2698 ἆγιοι
2977 2631 3191 2698 ἄγγελοι
3221 2631 3386 2701 ἀλλης
3411 2633 3518 2684 εἰσὶ
3551 2634 3765 2700 φύσεως
3803 2635 3912 2705 (66)

2337 2717 2440 2774 ’καὶ
2475 2725 2847 2792 προαιρέσεως
2893 2722 3044 2792 παρά
3075 2724 3198 2776 τοὺς
3236 2723 3324 2774 ἐπὶ
3353 2724 3455 2792 γῆς
3487 2724 3692 2787 πάντας
3728 2726 3915 2795 δαίμο-

2345 2831 2460 2876 νας·
2492 2815 2583 2866 καὶ
2622 2815 2702 2866 ὅτι
2739 2809 2883 2867 οὗτοι
2915 2815 3116 2885 σφόδρα
3153 2814 3350 2882 ὀλίγοις
3382 2815 3773 2882 γιγνώσκονται
3803 2822 3912 2883 τοῖς

2346 2903 2474 2973 περὶ
2523 2903 2727 2956 τούτων
2759 2905 2990 2967 συνετῶς
3023 2907 3114 2956 καὶ
3158 2905 3430 2974 ἐπιμελῶς
3459 2906 3777 2976 ζητήσασιν,
3819 2911 3912 2961 ἐὰν

2345 2993 2671 3063 παραϐάλῃς
2711 2994 3020 3047 Ἀπόλλωνα
3070 2994 3163 3046 καὶ
3206 2996 3399 3065 Δία,ή
3438 3014 3555 3048 τινα
3608 2998 3716 3048 τῶν
3779 2999 3913 3067 μετά

2344 3085 2592 3152 κνίσσης,
2620 3087 2712 3137 καὶ
2734 3086 2980 3154 αἵματος,
3017 3086 3109 3138 καὶ
3141 3085 3338 3138 θυσιῶν
3358 3126 3371 3151 ,
3403 3092 3913 3158 προσκυνουμένων,

2346 3175 2445 3224 οὐκ
2479 3175 2788 3240 ἀνέξονται·
2828 3178 2968 3240 τινὲς
3011 3179 3106 3244 μὲν
3141 3177 3227 3230 διὰ
3259 3178 3353 3247 τὴν
3381 3179 3574 3248 πολλὴν
3619 3181 3913 3252 ἁπλότητα,

2349 3262 2423 3331 μὴ
2450 3264 2646 3326 εἰδότες
2683 3267 2776 3334 μὲν
2797 3265 2972 3317 δοῦναι
3000 3267 3151 3333 λόγον
3186 3269 3311 3337 περὶ
3341 3262 3412 3321 ὧν
3435 3269 3696 3335 ποιοῦσιν,
3720 3273 3916 3339 εὐγνω-

2348 3353 2524 3422 μόνως
2551 3353 2607 3405 δὲ
2640 3354 2928 3423 τηροῦντες
2947 3355 2982 3408 ἃ.
3008 3358 3402 3427 παρειλήφασιν
3432 3377 3446 3388 ·
3495 3362 3671 3430 ἕτεροι
3704 3364 3764 3414 δὲ
3799 3365 3913 3433 μετ’

2343 3443 2441 3492 οὐκ
2471 3444 2956 3518 εὐκαταφρονήτων
2981 3445 3169 3512 λόγων,
3196 3447 3328 3500 ἀλλά
3352 3447 3443 3501 καὶ
3469 3447 3801 3519 βαθυτέρων,
3824 3453 3914 3504 καὶ

2319 3537 2440 3609 ⁸(ὡς
2471 3537 2534 3589 ἂν
2559 3532 2700 3597 simi
2725 3554 2806 3600 τις
2833 3538 3074 3608 Ἕλλην,)
3105 3542 3442 3608 ἐσωτερικῶν
3463 3543 3553 3592 καὶ
3575 3544 3912 3606 ἐποπτικῶν,

2341 3631 2399 3679 ἐν
2419 3625 2498 3691 οἷς
2532 3625 2696 3692 πολύς
2720 3631 2832 3680 ἐστι
2865 3629 3021 3696 λόγος
3049 3632 3173 3700 περὶ
3207 3631 3338 3683 Θεοῦ
3371 3633 3464 3684 καὶ
3491 3633 3596 3682 τῶν
3617 3635 3916 3703 τετιμημέ-

2341 3736 2445 3770 νων
2477 3719 2585 3770 ἀπὺ
2614 3719 2747 3770 Θεοῦ
2778 3719 2863 3770 διὰ
2884 3720 2976 3770 τοῦ
3000 3720 3322 3789 μονογενοῦς
3350 3721 3484 3772 Θεοῦ
3498 3722 3674 3788 Λόγου
3708 3727 3912 3794 μετοχῇ

2341 3810 2592 3878 θεότητος
2628 3811 2762 3877 ((57),
2798 3811 2886 3862 διὰ
2927 3810 3084 3862 τοῦτο
3110 3812 3164 3861 δὲ
3203 3812 3292 3862 καὶ
3318 3812 3562 3879 ὀνόματι.
3597 3813 3773 3874 Πολὺς
3801 3814 3858 3865 δὲ
3888 3819 3915 3866 ὀ

2341 3901 2494 3966 λόγος
2521 3901 2613 3951 καὶ
2641 3904 2668 3952 ὁ
2695 3902 2821 3968 περί
2845 3901 2953 3952 τῶν
2982 3901 3137 3952 θείων
3160 3901 3421 3966 ἀγγέλων,
3463 3902 3557 3954 καὶ
3586 3905 3619 3953 ὁ
3648 3904 3781 3973 περὶ
3808 3905 3915 3958 τῶν

2348 3990 2611 4041 ἐναντίων
2665 3990 2762 4057 μὲν
2807 3992 2871 4058 τῇ
2921 3990 3166 4059 ἀληθείᾳ,
3201 3990 3564 4058 ἠπατημένων
3602 3992 3680 4054 δὲ,
3725 3995 3820 4046 καὶ
3856 3994 3916 4058 ἐξ

2293 4126 2295 4129 ,
2340 4081 2556 4149 ἀπάτης
2615 4083 2808 4141 αὐτοὺς
2853 4081 3285 4150 ἀναγορευόντων
3335 4081 3509 4143 θεοὺς,
3554 4081 3586 4151 ἢ
3642 4083 3915 4150 ἀγγέλους

2340 4171 2496 4232 Θεοῦ,
2533 4171 2564 4241 ἢ
2599 4172 2853 4241 δαίμονας
2894 4171 3146 4239 ἀγαθοὺς,
3199 4172 3230 4241 ἢ
3272 4171 3457 4241 ἥρωας
3498 4175 3563 4225 ἐκ
3603 4175 3913 4246 μεταδολῆς

2341 4265 2637 4325 συστάντας
2670 4263 2881 4331 ἀγαθῆς
2913 4263 3255 4334 ἀνθρωπίνης
3285 4263 3479 4332 ψυχῆς.
3517 4267 3580 4331 _Ui
3603 4265 3658 4318 δὲ
3681 4267 3913 4321 τοιοῦτοι

2341 4357 2657 4426 Χριστιανοὶ
2686 4355 2780 4408 καὶ
2807 4355 3318 4418 κατασκευάσουσιν,
3348 4356 3430 4408 ὅτι
3450 4397 3464 4420 ,
3499 4357 3688 4428 ῶσπερ
3726 4361 3910 4412 πολλοὶ

2338 4451 2393 4501 ἐν
2415 4449 2698 4517 φιλοσοφία
2721 4447 2963 4500 δοκοῦσιν
2991 4443 3124 4499 εἶναι
3157 4449 3215 4499 ὲν
3242 4447 3468 4518 ἀληθείᾳ
3487 4489 3500 4511 ,
3531 4451 3659 4518 ἦτοι
3679 4453 3910 4515 ἑαυτοὺς

673 4545 928 4597 videnlur
963 4543 1256 4595 veritatem
1289 4551 1493 4604 tenere,
1529 4544 1620 4610 qui
1651 4553 1824 4596 tamen
1856 4543 2128 4612 autseipsi
2160 4543 2233 4596 si-

2343 4539 2831 4607 κατασοφισάμενοι
2870 4537 3045 4605 λόγοις
3083 4538 3342 4603 πιθανοῖς,
3373 4540 3406 4610 ἢ
3433 4543 3544 4603 τοῖς
3577 4543 3666 4609 ὑφ’
3706 4543 3907 4613 ἑτέρων

673 4633 892 4687 utilibus
924 4633 1037 4686 veri
1071 4633 1374 4687 rationibus
1409 4632 1748 4698 fefellerunt,
1789 4644 1881 4686 aut
1908 4636 2138 4687 inventis
2167 4633 2231 4687 ab

671 4724 794 4777 aliis
835 4723 1192 4792 adductisque
1242 4735 1446 4779 temere
1492 4741 1821 4780 consensum
1853 4729 2227 4795 praebuerunt;

669 4815 749 4868 sic
784 4816 924 4867 inter
957 4816 1168 4869 animas
1190 4831 1220 4870 e
1245 4818 1562 4885 corporibus
1593 4832 1857 4886 egressas,
1895 4819 2033 4870 inter
2066 4832 2226 4884 ange-

671 4898 752 4954 los
777 4912 830 4953 ct
859 4903 1296 4968 dwmones,esse
1326 4907 1613 4972 quosdam,
1645 4907 1735 4974 qui
1763 4901 2080 4974 quibusdam
2107 4920 2230 4973 pro-

759 5015 802 5042 "
839 5013 995 5090 Joan.
1022 5031 1154 5081 XVII,
1188 5017 1239 5070 5.

669 5123 781 5168 τος,
810 5119 862 5158 et
890 5107 1163 5175 θεήλατον.

741 5177 848 5242 (65)
888 5177 1238 5252 ᾉςίολούθως
1282 5181 1356 5248 τῇ
1413 5183 1482 5236 ἐν
1539 5182 1616 5246 τῷ
1666 5179 1867 5248 λέγειν
1914 5185 2226 5248 τεραστίως

670 5245 910 5314 manu}
937 5245 1197 5314 δυνάμει.
1227 5245 1420 5306 Cureto
1449 5245 1794 5305 scribendum
1836 5245 2068 5310 videtur,
2095 5254 2224 5303 ἀκο-

672 5313 870 5373 λούθως
898 5317 961 5381 τῇ
989 5319 1060 5390 μὲν
1086 5313 1175 5386 ίτῴ
1213 5320 1352 5390 λόγῳ
1403 5321 1700 5390 τεραστίως
1759 5324 2011 5390 ποιητικῇ
2069 5321 2227 5372 δυνά-

674 5400 785 5453 μει,
812 5386 1596 5459 (ξιιμ,το,.ποιητικῇ”δυνάμει,
1628 5386 1908 5459 requirere
1942 5386 2228 5459 ginvidetut'

672 5453 980 5527 prati-edens
1002 5455 1149 5527 illud,
1169 5453 1522 5527 πεποιηκέναι
1543 5453 1722 5522 ἔδοξαν
1743 5458 1901 5508 αὐτὸν
1919 5454 2054 5509 εἶναι
2072 5458 2220 5527 Θεό-ν.

743 5521 875 5596 (64).
897 5519 1056 5596 Lihh._
1097 5529 1275 5596 excusi
1316 5519 1367 5579 iti
1403 5519 1664 5595 margine,
1690 5527 1968 5596 Αἰγυπτίῳ
2003 5528 2102 5594 μὲν
2133 5525 2223 5580 οὖν

669 5589 965 5669 διδαχθέντι
1013 5592 1100 5644 τὶν
1147 5594 1406 5650 Ἀντίνοον
1455 5589 1648 5661 σέῧειν,
1701 5589 1794 5647 ἐὰν
1842 5589 2221 5669 παραϐάλλῃς.

673 5672 777 5735 etc.
814 5663 1014 5728 Sicque
1043 5677 1229 5716 utnttcs
1279 5682 1406 5717 tnss.
1453 5681 1678 5735 excepto
1712 5663 1931 5718 Joliano'
1959 5663 2220 5732 cujus'le-

673 5732 906 5802 ctiouem
944 5749 993 5785 ιιι
1031 5737 1180 5786 teXtu
1215 5738 1492 5802 sequimur
1535 5732 1604 5791 ob
1632 5738 1909 5802 sequentia
1949 5735 2224 5799 ἀνέξονται

675 5799 1039 5873 σεμνύνοντες,
1293 5799 1310 5808 ⁷

1342 5019 1387 5050 ⁷⁸
1415 5020 1559 5074 Psal.
1598 5035 1718 5084 xcv,
1747 5020 1799 5071 5.

2339 4629 2766 4700 προσαγομένοις
2789 4630 2880 4681 καὶ
2909 4629 3175 4698 εὑρεθεῖσι
3205 4630 3668 4701 συγκαταθέμενοι
3702 4651 3908 4702 προπε-

2336 4723 2462 4784 τῶς·
2483 4721 2652 4783 οὒτως
2669 4724 2773 4773 εἰσὶ
2794 4721 2886 4772 καὶ
2908 4721 2964 4772 ὲν
2986 4724 3103 4781 ταῖς
3129 4720 3231 4783 ἔξω
3261 4722 3527 4790 σωμάτων
3558 4724 3666 4792 (68)
3683 4723 3901 4790 ψυχαῖς,

2337 4815 2429 4866 καὶ
2451 4813 2706 4882 ἀγγέλοις
2733 4814 2822 4864 καὶ
2849 4812 3064 4880 δαίμοσί
3090 4828 3251 4874 τινες,
3287 4812 3390 4863 ὑπὸ
3405 4812 3511 4863 τῶν
3535 4813 3902 4884 πιθανοτήτων

2339 4905 2688 4966 ὲλκυσθέντες
2721 4904 2853 4972 πρὸς
2868 4904 2928 4955 τὸ
2953 4901 3174 4961 ἑαυτοὺς
3197 4902 3558 4971 ἀναγορεῦσαι
3591 4905 3765 4967 θεούς.
3792 4907 3900 4959 Καὶ

2402 5110 2515 5180 (65)
2556 5103 2936 5180 Καὶπερίτᾴς
2952 5102 3180 5179 θυσίας,
3211 5101 3601 5180 etc_._Videqnze
3631 5107 3897 5180 abHuctio

2329 5170 2602 5246 dis‘puiata
2637 5187 2764 5228 sunt
2801 5171 3241 5240 ()t't'geniattorum
3280 5170 3376 5224 lib.
3413 5186 3473 5238 lt,
3497 5170 3803 5242 quaestione
3840 5181 3891 5241 5,

2330 5265 2479 5302 Ιιιιιιι.
2507 5247 2594 5298 58.
2670 5277 2678 5288 ρ
3476 5290 3478 5293 .
3905 5291 3909 5294 ι

2403 5316 2513 5382 (66)
2553 5307 3094 5382 Φύσεολςτ--Οοιιευιε
3127 5325 3263 5382 qum
3297 5312 3612 5369 observavit
3671 5317 3890 5371 Hnetius

2334 5378 2772 5450 Origenianorum
2802 5378 2891 5450 lib.
2922 5393 2980 5440 II,
3014 5392 3204 5450 fittest.
3234 5381 3288 5440 5.
3325 5399 3475 5440 ttum.
3512 5386 3542 5436 7
3567 5398 3622 5440 et
3656 5389 3708 5440 8.

2405 5446 2514 5521 (δῖ)
2559 5446 3196 5521 ωδεηθεὸτητοςίιιίὺῄὺ.
3232 5457 3416 5521 excusi
3452 5456 3505 5507 in
3549 5467 3720 5516 textu,
3755 5453 3890 5516 θειό-

2332 5517 2529 5590 τητοςἈ
2565 5520 2680 5570 Mox
2718 5517 2853 5567 forte
2895 5518 3243 5572 scribendum
3295 5519 3486 5587 fuerit,
3525 5526 3615 5578 διὰ
3640 5525 3795 5578 τοῦτο
3834 5521 3888 5571 δὲ

2333 5588 2426 5645 καὶ
2446 5588 2722 5656 ὀνόματος.

2405 5659 2514 5726 (68)
2541 5653 2747 5731 Ὀθτως
2777 5655 2892 5731 citri
2924 5653 3019 5708 καὶ
3049 5655 3118 5731 ἑις
3143 5659 3273 5725 ταῖς
3313 5660 3431 5731 ἔξω
3479 5662 3779 5731 σωμάτων.
3813 5659 3882 5712 Ita

2337 5738 2483 5783 recte
2515 5728 2684 5779 codex
2717 5727 2980 5784 Julianus.
3016 5727 3153 5781 male
3203 5747 3330 5782 vero
3351 5728 3439 5782 alii
3486 5727 3730 5786 et'libb.
3779 5734 3881 5782 in;-

2333 5795 2714 5869 pressi,06'.w;
2743 5797 2847 5848 εἰσὶ
2879 5797 2969 5850 καὶ
3000 5799 3053 5851 αἱ
3087 5799 3141 5850 ἐν
3173 5803 3289 5862 ταῖς
3322 5799 3426 5865 ἔξω
3452 5802 3735 5869 σωμάτων.
