4076 6310
162 380 268 438 913

1336 343 1612 439 CONTRA
1643 363 1916 437 casm:
1952 379 2083 436 LIB.
2117 379 2206 436 Ill.

3245 423 3247 425 .
3271 337 3374 437 an

169 501 327 574 χῆθεν
356 496 490 555 εἶναι
509 500 643 554 Θεδν
655 500 747 554 καὶ
761 502 886 555 Υἱὺν
904 497 1061 561 Θεοῦ,
1082 490 1233 562 οὗτος
1248 500 1276 552 ὁ
1292 500 1585 569 Αὐτολόγος
1605 499 1722 552 ἐστὶ

1829 497 2028 566 Deique
2064 496 2275 563 Filium
2301 509 2423 551 esse
2469 495 2746 551 credimus
2776 505 2830 550 et
2870 509 2972 564 pro
3011 504 3160 550 certo
3205 496 3374 552 habe-

116 619 141 649 .\
171 592 264 646 καὶ
309 593 343 662 ἠ
392 589 681 661 αὐτοσοφία
711 591 804 644 καὶ
842 591 877 662 ῆ
909 587 1262 660 αὐτοαλήθεια
1281 605 1294 619 ·
1329 591 1391 642 τὸ
1437 590 1501 661 δὴ
1541 588 1730 661 θνητδν

170 680 334 736 αὐτοῦ
388 681 564 751 σῶμα,
591 681 686 736 καὶ
728 681 827 754 τὴν
875 681 1213 754 ἀνθρωπίνην
1261 683 1320 735 ὲν
1371 681 1519 752 αὑτῷ
1552 679 1729 751 ψυχὴν

169 773 234 842 τῇ
285 771 420 841 πρὸς
455 771 661 824 ἐκεῖνον
699 768 806 841 (82)
851 769 914 825 οὐ
965 763 1124 841 μόνον
1167 769 1435 841 κοινωνίᾳ,
1467 768 1600 849 ἀλλά
1634 767 1731 821 καὶ

169 861 358 914 ἑνὼσει
386 861 480 915 κα)⁵
511 861 801 932 ἀνακράσει
816 861 888 914 ντά
915 859 1148 932 ’μέγιστά
1170 878 1346 936 φαμεν
1376 859 1730 932 προσειληφέ-

169 967 278 1015 ναι,
305 951 511 1019 καὶτῆς
529 951 734 1004 ἐκείνου
750 949 1019 1022 θειότητος
1040 952 1471 1022 κεκοινωνηκότα
1492 953 1574 1014 εἰς
1597 950 1728 1006 Θεὸν

172 1031 616 1111 μεταϐεϐηκέναι.
679 1040 803 1094 Ἐὰν
859 1040 916 1094 δέ
955 1059 1040 1106 τις
1090 1043 1405 1114 προσκόπτῃ
1453 1043 1548 1098 καὶ
1600 1041 1728 1113 περὶ

169 1131 261 1183 τοῦ
283 1129 554 1201 ,σώματος
595 1131 757 1185 αὑτοῦ
802 1133 954 1186 ταῦθ’
995 1134 1152 1205 ἡμῶν
1189 1133 1473 1202 λεγόντων,
1504 1137 1728 1207 ἐπιστη-

169 1220 318 1274 σάτω
341 1224 453 1284 τοῖς
477 1221 580 1274 ὑπὸ
606 1223 712 1276 τῶν
742 1223 1003 1296 Ἐλλήνων
1029 1225 1336 1294 λεγομένοις
1369 1227 1497 1298 περὶ
1526 1227 1622 1297 τῆς
1650 1226 1728 1298 τῷ

171 1309 286 1380 ἰδίῳ
326 1309 471 1379 λόγῳ
504 1312 692 1365 ἀποίου
741 1312 893 1384 ὕλης,
947 1317 1235 1384 ποιότητας
1277 1316 1724 1388 ἀμφισχομένης,

167 1396 357 1459 ὁποίας
385 1399 415 1448 ό
451 1397 773 1470 δημιουργὸς
799 1400 1041 1472 βούλεται
1067 1402 1200 1472 αὐτῇ
1233 1403 1584 1474 περιτιθέναι,
1633 1405 1728 1458 καὶ

167 1486 427 1550 πολλάκις
447 1487 546 1550 τὰς
570 1491 955 1564 μὲν”προτέρας
987 1491 1396 1564 ἀποτιθεμένης,
1417 1495 1727 1566 κρείττονας

164 1576 223 1629 δὲ
261 1578 358 1631 καὶ
399 1579 685 1651 διαφόρους
719 1583 1198 1654 ἀναλαμϐανούσης
1217 1601 1231 1614 ·
1280 1587 1330 1638 ει
1359 1570 1465 1657 γὰρ
1494 1585 1628 1656 ὑγιῆ
1657 1586 1724 1640 τὰ

166 1665 415 1730 τοιαῦτα,
460 1669 511 1721 τί
569 1668 894 1741 θαυμαστὸν,
949 1673 1046 1743 τὴν
1099 1672 1356 1744 ποιότητα
1387 1673 1479 1727 τοῦ
1529 1672 1722 1744 θνητοῦ

164 1757 312 1811 κατά
343 1757 435 1811 τὸν
477 1759 678 1830 Ἰησοῦν
699 1760 945 1832 σώματος
977 1763 1090 1832 (83)
1123 1765 1343 1834 προνοίᾳ
1374 1763 1504 1817 Θεοῦ
1537 1764 1723 1836 βουλη-

1831 602 1977 652 mus,
2006 602 2128 641 eum
2161 600 2283 640 esse
2330 584 2557 641 Verbum
2590 586 2787 654 ipsum,
2834 585 3155 655 sapientiam
3181 585 3375 658 ipsam,

1828 674 2004 743 ipsam
2040 673 2338 728 veritatem
2377 689 2391 727 :
2426 670 2654 727 mortale
2701 681 2878 727 autem
2937 673 3053 740 ejus
3097 689 3294 742 corpus
3323 683 3378 728 et

1827 762 2117 819 humanam
2169 777 2291 833 quae
2346 763 2398 816 in
2446 764 2562 832 ipso
2592 770 2676 817 est
2717 762 2952 816 animam
2986 764 3054 817 ad
3086 766 3374 819 maximam

1827 852 2143 922 dignitatem
2168 862 2353 908 evecta
2383 852 2572 918 fuisse,
2600 868 2708 907 non
2732 854 2987 908 societate
3019 856 3225 909 tantum
3256 870 3378 910 cum

1785 983 1788 987 ι
1827 944 1942 1009 illo,
1970 945 2062 1000 sed
2115 945 2278 999 etiam
2325 947 2378 998 in
2406 961 2585 999 unum
2612 959 2880 1001 concursu,
2904 955 2956 998 et
2991 947 3340 1015 permistione
3361 989 3379 1014 ,

1827 1036 1987 1090 ambo
2041 1037 2092 1089 in
2146 1047 2362 1106 partem
2409 1047 2596 1090 vocata
2650 1034 2817 1104 fuisse
2864 1034 3192 1102 divinitatis,
3225 1048 3280 1095 et
3322 1040 3376 1093 in
3436 1039 3441 1043 ’

1824 1126 2160 1180 divinitatem
2187 1126 2352 1181 fuisse
2376 1140 2658 1181 conversa.
2682 1125 2738 1179 Si
2772 1141 2931 1194 quem
2959 1126 3071 1194 lucc
3106 1127 3381 1186 oﬂendant
3410 1170 3431 1192 κ

1825 1231 1947 1285 qua:
1971 1217 2038 1270 de
2069 1214 2194 1270 Iesu
2238 1232 2464 1288 corpore
2500 1216 2748 1282 dicimus,
2789 1217 2833 1270 is
2883 1216 3098 1274 ϐαθεοε
3132 1221 3402 1298 consulat

1825 1307 1893 1362 de
1937 1309 2192 1373 materia,
2239 1323 2398 1378 quam
2439 1308 2633 1362 docent
2663 1324 2760 1377 per
2787 1324 2846 1364 se
2877 1311 3054 1364 omnis
3097 1297 3378 1380 expertem

1834 1413 1954 1453 esse
1981 1398 2287 1467 qualitatis;
2310 1398 2596 1468 qualitates
2632 1399 2778 1455 indui
2801 1395 3207 1471 qualescunque
3234 1399 3380 1458 Deus

1830 1486 1911 1541 illi
1961 1488 2298 1564 circumdare
2344 1487 2484 1554 vult;
2529 1498 2583 1544 et
2636 1505 2796 1560 saepe,
2844 1491 3116 1560 prioribus
3162 1493 3378 1562 positis,

1826 1578 2065 1647 potiores
2095 1587 2150 1632 et
2178 1579 2418 1636 diversas
2442 1593 2737 1633 assumere.
2771 1579 2898 1646 Quae
2924 1581 3142 1650 quidem
3170 1579 3381 1651 opinio,

1814 1670 1874 1722 si
1918 1684 2047 1722 sana
2092 1676 2194 1733 est,
2253 1669 2380 1737 qmd
2425 1670 2622 1724 mirum
2656 1671 2999 1740 qualitatem,
3035 1688 3138 1742 qua
3182 1690 3381 1745 corpus

1823 1755 1946 1812 Josn
1992 1759 2221 1814 mortale
2262 1757 2508 1813 indutum
2535 1769 2670 1827 erat,
2706 1762 2796 1815 Dei
2828 1763 3061 1817 volentis
3091 1766 3381 1834 providen-

166 1846 377 1913 θέντος,
405 1827 719 1918 μεταϐαλεῖν
765 1827 844 1916 είς
877 1827 1113 1924 αἰθέριον
1139 1827 1233 1908 καὶ
1261 1827 1413 1910 θείαν
1435 1827 1696 1927 ποιότητα
1709 1874 1725 1923 ;

1834 1852 1926 1912 tia,
1965 1851 2019 1904 in
2046 1853 2334 1905 mtheream
2370 1851 2718 1922 divinumque
2749 1864 3007 1908 mutatam
3043 1856 3245 1911 fuisse?

236 1940 353 2009 Οὐχ
380 1940 456 2003 ὼς
482 1940 811 2006 διαλεκτικὸς
836 1943 932 2014 μὲν
959 1941 1050 1998 οὖν
1083 1943 1232 2000 εἶπεν
1255 1949 1283 1998 ὁ
1306 1946 1529 2010 Κέλσος,
1558 1963 1736 2019 παρα-

165 2027 379 2081 ϐάλλων
409 2029 506 2094 τάς
537 2032 878 2104 ἀνθρωπίνας
925 2037 1017 2088 τοῦ
1069 2037 1241 2108 Ἰησοῦ
1285 2038 1492 2112 σάρκας
1527 2038 1731 2109 χρυσῷ,

164 2118 264 2170 καὶ
291 2118 531 2191 ἀργύρῳ,
561 2123 656 2175 καὶ
700 2122 850 2195 λίθῳ,
884 2126 963 2179 ὅτι
996 2119 1152 2181 αὗται
1183 2129 1404 2182 ἐκείνων
1440 2127 1735 2200 φθαρτότε-

165 2226 284 2278 ραι.
313 2210 453 2280 Πρὸς
470 2213 577 2284 γὰρ
595 2214 685 2268 τὸν
705 2215 903 2288 ἀκριϐῆ
921 2217 1096 2286 λόγον,
1110 2217 1217 2271 οὔτ’
1239 2219 1507 2288 ἄφθαρτον
1528 2219 1735 2291 ἀφθάρ-

163 2316 262 2351 του
290 2300 703 2375 ἀφθαρτότερον,
739 2305 861 2360 οὔτε
910 2308 1147 2380 φθαρτὸν
1184 2307 1420 2380 φθαρτοῦ
1443 2309 1734 2380 φθαρτότε-

165 2405 288 2459 ρον.
322 2389 464 2444 Ἀλλ’
507 2395 556 2446 εί
599 2394 707 2465 ἀρα
760 2396 1141 2470 φθαρτότερον,
1183 2401 1328 2470 ὅμως
1377 2399 1432 2450 δὲ
1475 2401 1567 2452 καὶ
1600 2383 1734 2470 πρὸς

159 2479 329 2534 τοῦτο
361 2486 620 2555 φήσομεν,
653 2488 732 2539 ὅτι
759 2488 914 2560 εἴπερ
934 2489 1151 2544 δυνατὸν
1179 2491 1420 2560 ἀμείϐειν
1449 2491 1736 2563 ποιότητας

157 2572 270 2642 τὴν
324 2575 683 2650 ὑποκειμένην
728 2580 929 2645 πάσαις
980 2583 1254 2652 ποιότησιν
1308 2581 1467 2654 ὕληνο
1509 2584 1625 2647 πῶς
1658 2584 1732 2638 οὐ

157 2661 392 2717 δυνατὸν
418 2665 511 2718 καὶ⁵
537 2666 634 2737 τὴν
662 2667 838 2739 σάρκα
857 2669 951 2724 τοῦ
989 2671 1157 2740 Ἰησοῦ
1181 2670 1486 2741 ἀμείψασαν
1516 2674 1734 2743 ποιότη-

157 2769 269 2817 τας
319 2756 597 2822 γεγονέναι
642 2759 1128 2829 τοιαύτην,,όποίαν
1183 2761 1346 2832 ἐχρῆν
1388 2760 1529 2815 εἶναι
1549 2763 1646 2834 τὴν
1676 2765 1735 2819 ὲν

157 2844 354 2915 αἰθέρι
382 2848 592 2911 καὶτοῖς
620 2849 872 2922 ἀνωτέρω
899 2850 1009 2922 (84)
1038 2834 1199 2905 αὐτοῦ
1226 2853 1410 2916 τόποις
1453 2853 1734 2909 πολιτευοο

162 2935 364 3006 μένην,
423 2939 607 2991 οὐκέτι
655 2940 876 3009 ἔχουσαν
922 2937 990 2994 τὰ
1030 2942 1128 3010 τῆς
1160 2945 1423 3014 σαρκικῆς
1453 2944 1732 3008 ἀσθενείας

160 3021 301 3087 ῐδια,
326 3025 420 3078 καὶ
457 3026 611 3079 ἅτινα
649 3027 958 3100 μιαρώτερα
989 3029 1264 3100 ὠνόμασεν
1293 3032 1321 3082 ό
1344 3033 1580 3098 Κέλσος;
1610 3032 1731 3086 οὐδὲ

1900 1941 1990 1996 42.
2041 1944 2219 2008 Quare
2255 1940 2451 1997 Celsus
2481 1941 2778 1998 dialecticae
2806 1959 2910 1998 non
2943 1948 3076 2000 satis
3109 1946 3382 2014 'meminit,

1834 2044 1956 2084 cum
1989 2032 2253 2087 humanas
2295 2032 2422 2087 Jcsu
2468 2048 2664 2088 carnes
2705 2050 2826 2088 cum
2876 2050 3027 2101 auro,
3073 2048 3296 2106 argento
3326 2048 3392 2094 et

1834 2121 2012 2190 lapide
2039 2134 2383 2191 comparans,
2404 2123 2478 2175 ait
2501 2136 2693 2177 carnes
2714 2124 2837 2177 illas
2865 2125 3010 2179 hisce
3034 2127 3195 2180 rebus
3215 2126 3382 2184 fuisse

1835 2215 2006 2284 magis
2059 2216 2111 2269 in
2166 2217 2569 2283 corruptionem
2616 2231 2936 2286 propensas.
2975 2216 3110 2271 Nam
3145 2219 3189 2272 si
3237 2216 3383 2290 loqui

1835 2315 2093 2363 accurate
2146 2306 2416 2369 volumus,
2475 2308 2610 2361 nihil
2663 2308 3074 2378 incorruptibile
3108 2321 3192 2366 est
3238 2311 3383 2379 quod

1832 2395 1908 2449 sit
1936 2397 2330 2466 incorruptibili
2369 2398 2859 2467 incorruptibilius:
2897 2415 3070 2469 neque
3109 2403 3383 2471 corrupti-

1837 2486 1944 2542 bile
1972 2488 2378 2558 corruptibilius
2410 2488 2769 2555 corruptibili.
2803 2487 2948 2544 Sane
2983 2504 3109 2545 vero
3137 2491 3207 2546 sit
3234 2493 3384 2560 quid-

1833 2579 1978 2647 piam
2031 2579 2085 2632 in
2142 2580 2540 2648 corruptionem
2587 2578 2832 2647 pronius,
2867 2580 3111 2636 dicemus
3155 2590 3382 2638 tamen:

1839 2669 1897 2723 Si
1946 2672 2185 2724 materia:
2232 2670 2582 2738 qualitatibus
2610 2670 2862 2725 omnibus
2889 2669 3143 2738 subjecta:
3183 2674 3384 2730 mutari

1834 2760 2041 2827 possint
2079 2760 2371 2828 qualitates
2413 2780 2426 2815 :
2463 2775 2561 2815 cur
2615 2760 2729 2815 ﬁeri
2786 2777 2891 2817 non
2941 2765 3116 2833 potuit
3148 2773 3206 2818 ut
3257 2780 3386 2822 caro

1834 2846 1992 2911 Iesu,
2033 2848 2256 2902 mutatis
2294 2849 2668 2916 qualitatibus,
2716 2850 2839 2906 talis
2865 2853 3121 2918 evaserit,
3170 2857 3385 2922 qualem

1846 2924 2087 3006 oportuit
2108 2953 2248 3001 esse,
2281 2955 2400 3008 qua:
2431 2941 2484 2994 in
2518 2942 2717 2996 aethere
2744 2958 2806 2996 ac
2842 2942 2973 2996 locis
3000 2944 3201 2998 aethere
3229 2960 3387 3016 supe—

1832 3031 2067 3085 rior-ibus
2111 3040 2444 3095 versaretur,
2479 3033 2722 3102 nihilque
2777 3034 2999 3090 haberet
3042 3048 3228 3089 eorum
3265 3050 3387 3103 quae

157 3113 330 3170 τοῦτο
369 3117 664 3190 φιλοσόφως
705 3111 892 3174 ποιῶν.
923 3121 995 3175 Τὸ
1025 3122 1132 3195 γάρ
1169 3124 1370 3194 κυρίως
1399 3124 1590 3194 μιαρὸν
1623 3122 1731 3178 ἀπὸ

1831 3120 2056 3175 infirma:
2085 3123 2262 3176 carnis
2291 3114 2509 3192 propria
2538 3133 2681 3190 sunt,
2714 3134 2768 3177 et
2799 3140 2914 3194 (tum
2949 3124 3136 3179 Celsus
3177 3124 3387 3196 impura

157 3209 372 3274 κακίας
397 3211 630 3265 τοιοῦτόν
656 3215 789 3268 ἐστι.
808 3211 970 3277 Φύσις
990 3213 1046 3267 δὲ
1075 3214 1320 3285 σώματος
1352 3213 1413 3266 οὐ
1439 3214 1614 3284 μιαρά
1630 3231 1641 3241 ·
1668 3213 1728 3266 οὐ

156 3296 338 3374 γάρῇ
386 3302 842 3382 φύσιςσώματός
888 3308 1008 3358 ἐστι
1033 3305 1164 3376 (85),
1196 3305 1255 3358 τὸ
1292 3304 1602 3373 γεννητικὸν
1638 3305 1735 3375 τῆς

162 3393 500 3463 μιαρότητος
526 3395 636 3465 ἔχει
686 3397 782 3466 τὴν
825 3397 1038 3450 κακίαν.
1071 3394 1181 3449 Εἶτ’
1215 3398 1355 3459 ἐπεὶ,
1390 3396 1735 3466 ὑπειδόμενος

155 3482 266 3553 τὴν
297 3486 427 3554 παρ’
458 3485 612 3558 ἡμῶν
640 3485 950 3554 ἀπολογίαν,
971 3487 1117 3554 λέγει
1151 3489 1278 3558 περὶ
1300 3488 1400 3556 τῆς
1436 3487 1736 3558 μεταϐολῆς

155 3571 262 3625 τοῦ
281 3571 529 3642 σώματος
554 3575 736 3640 αὑτοῦ,
753 3577 834 3629 ὃτι
853 3596 873 3628 ι
897 3577 1036 3631 Ἀλλ’
1051 3579 1380 3649 ἀποθέμενος
1393 3579 1610 3645 ταύτας,
1626 3580 1735 3651 ἀρα

155 3661 496 3728 ἓσταιΘεός·
521 3666 573 3716 τί
596 3661 686 3719 οὖν
715 3667 835 3736 οὐχὶ
867 3667 1110 3738 μᾶλλονό
1149 3669 1471 3741 Ἀσκληπιὸς
1494 3671 1586 3724 καὶ
1615 3672 1734 3725 Διό-

154 3773 350 3820 νυσος,
369 3758 464 3809 κα)⁸
491 3756 759 3830 Ἡρακλῆς
778 3775 791 3824 ;
807 3760 1093 3831 ιφήσομεν·
1109 3761 1172 3812 Τί
1195 3760 1502 3831 τηλικοῦτον
1518 3763 1738 3832 Ἀσκλη-

153 3848 374 3920 πιδς’ἧ
408 3848 670 3914 Διόνυσος.
703 3850 736 3921 ἢ
776 3851 1048 3924 Ἡρακλῆς
1068 3853 1386 3923 εἰργάσαντο
1409 3868 1422 3916 ;
1448 3853 1556 3904 Καὶ
1583 3853 1731 3913 τίνας
1764 3867 1772 3876 ⁸

152 3940 383 4006 ἕξουσιν
407 3939 678 4005 ἀποδεῖξαι
709 3940 1091 4010 βελτιωθέντας
1115 3944 1182 3995 τά
1204 3942 1307 4013 ἢθη
1335 3944 1428 3996 καὶ
1453 3942 1731 4014 κρείττους

151 4033 494 4104 γενομένους
527 4034 634 4088 ἀπὸ
676 4034 783 4088 τῶν
808 4035 981 4102 λόγων
1007 4035 1102 4088 καὶ
1142 4034 1234 4088 τοῦ
1272 4035 1383 4104 βίου
1415 4035 1611 4098 αὐτῶν,
1647 4034 1732 4087 ἵνα

151 4124 434 4190 γένωνται
453 4123 602 4186 Θεοί;
644 4123 849 4187 Πολλὰς
877 4123 983 4195 γὰρ
1013 4129 1109 4186 τὰς
1145 4125 1269 4194 περὶ
1296 4124 1472 4176 αὐτῶν
1497 4124 1733 4194 ἱστορίας

149 4213 512 4278 ἀναγνόντες,
537 4214 733 4284 ἴδωμεν
759 4216 808 4268 εί
831 4214 1195 4284 ὲκαθάρευσαν
1233 4214 1338 4288 ἀπὸ
1367 4213 1677 4288 ἀκολασίας,
1695 4212 1729 4281 ἦ

148 4299 408 4362 ἀδικίας,
443 4302 477 4371 ἦ
505 4303 832 4371 ἀφροσύνης,
856 4303 890 4372 ἢ
919 4303 1133 4364 δειλίας.
1180 4285 1385 4354 Καὶέί
1435 4303 1534 4372 μὲν
1557 4285 1733 4372 ’μηδὲν

1833 3211 2034 3266 vocat?
2058 3212 2172 3278 Qua
2199 3214 2362 3268 etiam
2389 3214 2442 3268 in
2471 3230 2529 3269 re
2551 3224 2740 3284 peccat
2769 3216 2819 3268 in
2845 3215 3196 3288 philosOphia:
3218 3218 3383 3290 leges.

1833 3301 1970 3356 Nam
2002 3306 2219 3374 proprie
2261 3307 2400 3375 quod
2434 3307 2702 3375 impurum
2731 3317 2834 3374 est,
2865 3307 2915 3362 id
2942 3309 3120 3361 oritur
3163 3323 3191 3361 a
3231 3311 3383 3366 vitio.

1833 3395 2048 3465 impura
2075 3406 2255 3452 autem
2292 3413 2397 3451 non
2425 3406 2511 3451 est
2555 3406 2746 3451 natura
2778 3399 3042 3466 corporis.
3072 3397 3191 3453 Non
3218 3401 3383 3468 enim,

1834 3502 1941 3556 qua
1993 3496 2180 3540 natura
2237 3500 2494 3554 corporea
2531 3495 2635 3550 cst,
2667 3500 2729 3538 ea
2772 3484 3035 3539 malitiam
3061 3487 3387 3556 impuritatis

1836 3576 2148 3645 genitricem
2200 3576 2537 3643 conjunctam
2573 3576 2753 3628 habet.
2784 3573 2920 3639 Quia
2974 3590 3102 3630 vero
3138 3587 3385 3633 nostrum

1836 3667 1940 3720 hoc
1994 3649 2309 3735 responsum
2359 3664 2460 3717 sibi
2514 3665 2694 3717 datum
2740 3665 2804 3716 iri
2837 3665 3160 3732 suspicatus,
3203 3669 3276 3722 ita
3317 3668 3387 3725 de

1836 3755 1928 3809 illa
1965 3756 2206 3820 corporis
2241 3755 2539 3807 inuitatione
2594 3753 2833 3822 loquitur
2870 3769 2886 3807 :
2922 3753 3069 3809 cSed
3131 3756 3385 3825 fortasse,

1840 3843 2022 3896 exutis
2044 3841 2150 3896 illis
2183 3840 2551 3908 qualitatibus,
2580 3840 2715 3895 Deus
2747 3843 2973 3907 evadet;
3003 3843 3184 3910 quidni
3224 3844 3388 3912 igitur

1833 3935 2011 4003 potius
2033 3930 2401 3999 Αῐεοιιιορὶυε,
2430 3931 2694 3998 Bacchus,
2718 3920 3022 3986 Hercules?
3057 3951 3075 3982 ι
3101 3946 3284 4001 quaero
3319 3933 3385 3986 ab

1835 4026 1926 4078 illo
1970 4023 2100 4093 quid
2150 4032 2354 4077 tantum
2402 4021 2645 4077 fecerint
2702 4022 3067 4091 IEseulaplus,
3119 4022 3384 4089 Bacchus,

1832 4112 2109 4169 Hercules.
2160 4115 2372 4182 Ecquas
2438 4113 2641 4168 referre
2695 4122 2940 4177 possunt,
3000 4128 3137 4181 quos
3194 4129 3385 4168 eorum

1833 4219 2117 4260 sermones
2164 4213 2219 4259 ct
2259 4207 2367 4261 vita
2397 4205 2734 4260 correxerint
2766 4211 2821 4256 et
2857 4203 3109 4257 meliores
3137 4203 3386 4258 reddide-

1790 4317 1792 4319 ν
1833 4298 1968 4361 rint,
1996 4308 2058 4350 ut
2091 4299 2144 4352 in
2176 4297 2400 4351 deorum
2439 4310 2662 4349 numero
2699 4294 2821 4348 duci
2853 4293 3117 4348 debeant?
3159 4294 3384 4349 Evolva-

147 4385 420 4456 εὑρεθείη
465 4387 712 4440 τοσοῦτον
752 4388 862 4457 (86)
893 4389 950 4439 ὲν
999 4389 1200 4449 αὐτοῖς,
1233 4388 1445 4458 ἰσχυρὸς
1478 4388 1543 4442 ἂν
1574 4387 1656 4458 εἴη
1703 4391 1731 4441 ό

1832 4403 1952 4442 mus
1986 4389 2146 4457 igitur
2181 4386 2395 4450 multas,
2426 4401 2543 4454 quze
2565 4386 2630 4439 de
2654 4384 2759 4438 illis
2791 4384 3007 4452 scriptae
3037 4391 3187 4446 sunt,
3210 4382 3381 4436 histo-

146 4475 258 4531 τοῦ
292 4475 500 4528 Κέλσου
532 4475 704 4542 λόγος,
747 4475 938 4539 ὲξισῶν
960 4475 1036 4545 τῷ
1094 4476 1265 4544 Ἰησοῦ
1311 4477 1435 4541 τοὺς
1478 4495 1731 4549 προειρητ

1841 4481 1952 4534 rias
1972 4521 1987 4544 ,
2023 4489 2078 4533 ct
2110 4479 2390 4533 videamus
2418 4496 2484 4531 an
2515 4481 2583 4532 ab
2617 4476 3053 4544 intemperantia,
3080 4476 3147 4529 ab
3171 4474 3382 4541 injusti-

150 4567 367 4639 μένους
387 4581 402 4595 ’
433 4567 480 4618 εἰ
501 4566 558 4619 δὲ
581 4566 736 4636 δῆλόν
761 4567 894 4630 ἐστι,
918 4567 1015 4639 κάν
1049 4585 1170 4619 τινα
1214 4568 1442 4638 φέρηται
1483 4569 1612 4639 περὶ
1638 4570 1731 4621 αὑο

1838 4572 1931 4632 tia,
1959 4586 1988 4622 a
2041 4569 2287 4634 stultitia,
2325 4584 2354 4622 a
2387 4569 2672 4623 timiditate
2706 4567 2824 4638 puri
2859 4578 2912 4622 et
2944 4568 3207 4623 immunes
3234 4566 3381 4618 vixe.

143 4654 276 4710 τῶν
311 4655 388 4717 ὡς
427 4655 778 4727 χρηστότερα,
813 4656 893 4708 ὅτι
947 4656 1111 4726 μυρία
1154 4657 1253 4709 ὅσα
1288 4657 1436 4728 παρά
1458 4657 1547 4709 τὸν
1575 4657 1731 4728 ὀρθὸν

1836 4660 1962 4712 rint.
1999 4657 2053 4711 Si
2097 4658 2228 4712 nihil
2264 4661 2456 4727 horum
2501 4661 2754 4714 vitiorum
2778 4659 2832 4713 in
2861 4659 2967 4713 illis
3011 4656 3252 4710 invenire
3275 4665 3380 4720 est,

144 4747 328 4814 λόγον
356 4744 704 4814 πεποιηκέναι
727 4744 1198 4813 ἀναγεγραμμένοι
1238 4745 1342 4796 εἰσί
1360 4761 1373 4774 ο
1406 4744 1522 4807 πῶς
1544 4741 1731 4796 ἔτικεύ-

1837 4751 2033 4804 merito
2096 4750 2284 4806 Celsus
2339 4751 2459 4806 illos
2499 4767 2619 4806 cum
2664 4751 2791 4804 Jesu
2833 4747 3121 4804 contulerit
3166 4764 3181 4800 :
3219 4745 3380 4816 475

144 4838 349 4904 λόγως
372 4834 566 4903 μᾶλλον
600 4833 692 4888 τοῦ
740 4833 912 4904 Ἰησοῦ
943 4836 1130 4903 φήσεις
1159 4835 1351 4896 αὐτοὺς
1370 4833 1731 4905 ἀποθεμένους

1833 4839 1922 4892 sin
1965 4840 2144 4908 palam
2180 4851 2263 4894 est
2289 4856 2403 4905 eos,
2436 4842 2642 4895 etiamsi
2675 4839 2916 4910 quaedam
2945 4839 3010 4891 de
3057 4838 3187 4905 ipsis
3221 4840 3375 4907 quasi

140 4928 214 4980 τὸ
245 4926 450 4996 θνητὸν
475 4925 630 4996 σῶμα
655 4925 928 4993 γεγονέναι
953 4924 1151 4990 θεούςς

1836 4930 2060 4985 meliora
2109 4932 2373 5000 ferantur,
2406 4935 2686 4988 innumera
2738 4942 2914 4982 tamen
2952 4936 3142 4981 contra
3178 4938 3386 4982 rectam.

141 5019 444 5072 rationem
463 5017 658 5074 fecisse
683 5020 1010 5084 memorari;
1039 5019 1214 5073 eritne
1239 5031 1336 5071 cur
1365 5017 1542 5071 adhuc
1570 5019 1723 5074 dicas
1755 5019 1874 5076 illos
1907 5027 2103 5094 potius,
2128 5043 2289 5097 quam
2311 5027 2512 5091 Iesum,
2541 5026 2716 5095 posito
2733 5022 2945 5077 mortali
2975 5035 3225 5090 corpore,
3256 5036 3352 5075 eva
3371 5051 3383 5062 -

141 5112 313 5164 sisse
346 5109 510 5164 deos?

227 5221 357 5298 (ξε)
405 5221 737 5298 liceschelius
778 5236 832 5279 et
880 5226 1203 5298 Spenccrus,
1233 5225 1369 5298 πρὸς
1396 5224 1600 5298 ἐκεῖνρ,
1629 5228 1722 5298 sed

137 5289 495 5363 Pbilocalia,
519 5293 652 5361 πρὸς
685 5289 1114 5348 ὲκεῖνον.Ῥ³ιιιο
1163 5289 1293 5363 νοεῖ
1318 5289 1501 5348 eadem
1538 5295 1722 5350 Philo-

138 5362 348 5421 calia,
391 5359 470 5436 είς
516 5359 646 5413 Θεὸν
699 5359 1175 5436 μεταϐεϐληκέναιξ
1223 5366 1350 5431 Quae
1406 5366 1567 5436 lectio
1616 5383 1718 5419 non

137 5428 504 5503 spernfgryda.
521 5444 639 5482 cum
665 5428 962 5503 praesertim
988 5428 1126 5488 infra
1149 5428 1373 5503 legatur,
1401 5435 1722 5503 μεταϐαλεῖν

134 5495 234 5564 εἰς
276 5495 522 5616 αἰθέριον
563 5495 838 5571 ποιότητα.

223 5566 357 5616 (85)
391 5564 412 5616 l
441 5567 727 5616 mschelins
756 5583 806 5616 et
831 5576 838 5616 ε

1902 5231 2009 5302 (84)
2043 5229 2356 5302 Philocalia,
2397 5229 2665 5302 ἀνωτέρω.
2701 5226 3030 5302 liteschelius
3054 5237 3108 5280 et
3141 5227 3381 5302 Spence-

1831 5298 1942 5363 rus,
1973 5299 2245 5352 ἀνωτάτω.
2294 5300 2510 5363 Ibidem
2535 5298 2872 5352 lltesultelius
2914 5300 2965 5350 in
3001 5307 3148 5351 textu
3195 5298 3374 5357 habet,

1827 5371 1895 5422 τὰ
1921 5360 2014 5450 τῆς
2048 5360 2578 5450 Ξαρκὸςῇάσθενείάς.

1899 5431 2008 5506 (85)
2048 5431 2212 5509 Recte
2241 5437 2549 5498 Philocalla,
2641 5438 2798 5509 φύσις
2817 5435 3059 5509 σώματός
3084 5436 3215 5496 ἐστι,
3242 5435 3379 5509 male

1833 5504 2009 5560 autem
2056 5504 2186 5559 alias
2229 5515 2345 5574 post
2387 5504 2867 5576 vocem'udipazo;
2901 5504 3139 5558 additur
3192 5505 3377 5573 μιαρό-

223 5566 357 5640 (83)
391 5564 806 5649 Ηφειςξιξιίυεςει
831 5574 1155 5649 Spe_ncerns,
1178 5573 1316 5626 κατὰ
1348 5573 1407 5625 τὸ
1437 5570 1723 5649 τοῦΔἸησοῦ

1829 5591 2001 5649 τητρξ·
2044 5643 2084 5649 --
2229 5564 2244 5574 ³
2703 5564 2714 5576 ι
3193 5564 3202 5573 ι
3290 5564 3302 5573 -
3316 5639 3339 5649 -

136 5636 478 5712 σῶμαιξᾷᾷ
511 5636 794 5712 Philocalia
829 5636 887 5692 ut
912 5643 983 5712 _in
1034 5636 1219 5712 nostro
1247 5652 1418 5712 textu.
1458 5642 1595 5695 Infra
1615 5636 1722 5695 ’θο-

1883 5636 2008 5711 ’(86)
2044 5643 2377 5702 Ηωεςιιριῑυδ
2414 5658 2466 5703 et
2505 5648 2803 5708 Spelit-crus
2834 5664 2884 5700 tn
2918 5657 3175 5711 marbme,
3199 5639 3372 5694 τοιοῦ-

137 5705 286 5783 όειὶξ
337 5705 1017 5783 ΡΙιὶΙορεΗτικάνθρωπίνας
1065 5711 1156 5783 τοῦ
1194 5711 1333 5783 -Θεοῦ
1383 5713 1614 5783 σάρκας.
1659 5713 1725 5772 Et
1829 5705 1934 5767 τον.

136 5778 326 5850 paulo
365 5787 509 5846 post,
541 5775 679 5828 κατὰ
704 5775 810 5847 γὰρ
845 5778 933 5830 τὸν
965 5779 1167 5850 ἀκριϐῆ
1193 5781 1367 5850 λόγον.
