  <div class='ocr_page' id='page_1' title='image "/cluster/home/n/w/nwhite01/storage/ocr_20150623/11/pst.000005711918/516.png"; bbox 0 0 4076 6310; ppageno 0'>
   <div class='ocr_carea' id='block_1_1' title="bbox 229 462 341 520">
    <p class='ocr_par' dir='ltr' id='par_1_1' title="bbox 229 462 341 520">
     <span class='ocr_line' id='line_1_1' title="bbox 229 462 341 520; baseline -0.045 0"><span class='ocrx_word' id='word_1_1' title='bbox 229 462 341 520; x_wconf 74' lang='lat'><strong>995</strong></span> 
     </span>
    </p>
   </div>
   <div class='ocr_carea' id='block_1_2' title="bbox 1399 462 2261 520">
    <p class='ocr_par' dir='ltr' id='par_1_2' title="bbox 1399 462 2261 520">
     <span class='ocr_line' id='line_1_2' title="bbox 1399 462 2261 520; baseline -0.001 -1"><span class='ocrx_word' id='word_1_2' title='bbox 1399 464 1667 519; x_wconf 67' lang='lat' dir='ltr'><strong>CONTRA</strong></span> <span class='ocrx_word' id='word_1_3' title='bbox 1705 464 1974 520; x_wconf 71' lang='lat' dir='ltr'><strong>CELSUM</strong></span> <span class='ocrx_word' id='word_1_4' title='bbox 2010 464 2138 518; x_wconf 72' lang='grc' dir='ltr'><strong>ΜΒ.</strong></span> <span class='ocrx_word' id='word_1_5' title='bbox 2174 462 2261 518; x_wconf 89' lang='lat' dir='ltr'><strong>lll.</strong></span> 
     </span>
    </p>
   </div>
   <div class='ocr_carea' id='block_1_3' title="bbox 3316 462 3417 515">
    <p class='ocr_par' dir='ltr' id='par_1_3' title="bbox 3316 462 3417 515">
     <span class='ocr_line' id='line_1_3' title="bbox 3316 462 3417 515; baseline -0.03 0"><span class='ocrx_word' id='word_1_6' title='bbox 3316 462 3417 515; x_wconf 66' lang='lat'><strong>9‘.”</strong></span> 
     </span>
    </p>
   </div>
   <div class='ocr_carea' id='block_1_4' title="bbox 321 575 1789 657">
    <p class='ocr_par' dir='ltr' id='par_1_4' title="bbox 321 578 1774 655">
     <span class='ocr_line' id='line_1_4' title="bbox 321 578 1774 655; baseline 0.001 -24"><span class='ocrx_word' id='word_1_7' title='bbox 321 578 475 631; x_wconf 74' lang='grc' dir='ltr'>Ἐπεὶ</span> <span class='ocrx_word' id='word_1_8' title='bbox 511 579 555 632; x_wconf 82' lang='grc' dir='ltr'>δ’</span> <span class='ocrx_word' id='word_1_9' title='bbox 587 580 898 650; x_wconf 85' lang='grc' dir='ltr'>ὲνηδόμενος</span> <span class='ocrx_word' id='word_1_10' title='bbox 936 579 1013 650; x_wconf 79' lang='grc' dir='ltr'><strong>τῷ</strong></span> <span class='ocrx_word' id='word_1_11' title='bbox 1043 580 1146 655; x_wconf 70' lang='grc' dir='ltr'>τῶν</span> <span class='ocrx_word' id='word_1_12' title='bbox 1190 579 1306 633; x_wconf 88' lang='grc' dir='ltr'>καθ’</span> <span class='ocrx_word' id='word_1_13' title='bbox 1329 581 1479 649; x_wconf 80' lang='grc' dir='ltr'>ἡμῶν</span> <span class='ocrx_word' id='word_1_14' title='bbox 1506 580 1774 650; x_wconf 83' lang='grc' dir='ltr'><strong>λοιδοριῶν</strong></span> 
     </span>
    </p>
   </div>
   <div class='ocr_carea' id='block_1_5' title="bbox 1889 575 3417 657">
    <p class='ocr_par' dir='ltr' id='par_1_5' title="bbox 1944 575 3417 647">
     <span class='ocr_line' id='line_1_5' title="bbox 1944 575 3417 647; baseline -0.003 -13"><span class='ocrx_word' id='word_1_15' title='bbox 1944 580 2032 634; x_wconf 76' lang='lat'><strong>55.</strong></span> <span class='ocrx_word' id='word_1_16' title='bbox 2062 579 2167 635; x_wconf 86' lang='lat' dir='ltr'><strong>Sed</strong></span> <span class='ocrx_word' id='word_1_17' title='bbox 2197 579 2323 647; x_wconf 84' lang='lat' dir='ltr'><strong>quia</strong></span> <span class='ocrx_word' id='word_1_18' title='bbox 2350 577 2450 630; x_wconf 91' lang='lat' dir='ltr'><strong>hoc</strong></span> <span class='ocrx_word' id='word_1_19' title='bbox 2476 575 2879 630; x_wconf 75' lang='lat' dir='ltr'><strong>maledictorum</strong></span> <span class='ocrx_word' id='word_1_20' title='bbox 2913 590 3104 645; x_wconf 78' lang='lat' dir='ltr'><strong>genere</strong></span> <span class='ocrx_word' id='word_1_21' title='bbox 3134 577 3417 629; x_wconf 76' lang='lat' dir='ltr'><strong>admolqu</strong></span> 
     </span>
    </p>
   </div>
   <div class='ocr_carea' id='block_1_6' title="bbox 231 663 1777 739">
    <p class='ocr_par' dir='ltr' id='par_1_6' title="bbox 231 663 1777 739">
     <span class='ocr_line' id='line_1_6' title="bbox 231 663 1777 739; baseline 0.004 -24"><span class='ocrx_word' id='word_1_22' title='bbox 231 663 383 735; x_wconf 79' lang='grc' dir='ltr'>λόγῳ</span> <span class='ocrx_word' id='word_1_23' title='bbox 410 666 709 739; x_wconf 85' lang='grc' dir='ltr'>προσέθηκε</span> <span class='ocrx_word' id='word_1_24' title='bbox 736 670 826 721; x_wconf 76' lang='grc' dir='ltr'>καὶ</span> <span class='ocrx_word' id='word_1_25' title='bbox 864 668 1038 736; x_wconf 77' lang='grc' dir='ltr'>ἔτερα,</span> <span class='ocrx_word' id='word_1_26' title='bbox 1068 669 1216 738; x_wconf 81' lang='grc' dir='ltr'>φέρε,</span> <span class='ocrx_word' id='word_1_27' title='bbox 1250 670 1339 721; x_wconf 76' lang='grc' dir='ltr'><strong>καὶ</strong></span> <span class='ocrx_word' id='word_1_28' title='bbox 1373 669 1539 722; x_wconf 69' lang='grc' dir='ltr'>ταῦτα</span> <span class='ocrx_word' id='word_1_29' title='bbox 1560 670 1777 739; x_wconf 77' lang='grc' dir='ltr'>ἐκθέμε-</span> 
     </span>
    </p>
   </div>
   <div class='ocr_carea' id='block_1_7' title="bbox 231 755 1776 828">
    <p class='ocr_par' dir='ltr' id='par_1_7' title="bbox 231 755 1776 828">
     <span class='ocr_line' id='line_1_7' title="bbox 231 755 1776 828; baseline 0.003 -22"><span class='ocrx_word' id='word_1_30' title='bbox 231 770 335 818; x_wconf 90' lang='grc' dir='ltr'>νοι,</span> <span class='ocrx_word' id='word_1_31' title='bbox 370 755 564 825; x_wconf 78' lang='grc' dir='ltr'>ἴδωμεν</span> <span class='ocrx_word' id='word_1_32' title='bbox 587 756 808 827; x_wconf 86' lang='grc' dir='ltr'>πότερον</span> <span class='ocrx_word' id='word_1_33' title='bbox 836 758 1141 827; x_wconf 76' lang='grc' dir='ltr'><strong>Χριστιανοὶ</strong></span> <span class='ocrx_word' id='word_1_34' title='bbox 1176 758 1560 827; x_wconf 80' lang='grc' dir='ltr'><strong>ἀσχημονοῦσιν</strong></span> <span class='ocrx_word' id='word_1_35' title='bbox 1586 760 1617 828; x_wconf 87' lang='grc' dir='ltr'>ἢ</span> <span class='ocrx_word' id='word_1_36' title='bbox 1641 759 1776 811; x_wconf 83' lang='grc' dir='ltr'>Κέλ-</span> 
     </span>
    </p>
   </div>
   <div class='ocr_carea' id='block_1_8' title="bbox 231 844 1779 916">
    <p class='ocr_par' dir='ltr' id='par_1_8' title="bbox 231 844 1779 916">
     <span class='ocr_line' id='line_1_8' title="bbox 231 844 1779 916; baseline 0.003 -21"><span class='ocrx_word' id='word_1_37' title='bbox 231 860 329 906; x_wconf 85' lang='grc' dir='ltr'><strong>σος</strong></span> <span class='ocrx_word' id='word_1_38' title='bbox 362 844 453 896; x_wconf 72' lang='grc' dir='ltr'>ἐπὶ</span> <span class='ocrx_word' id='word_1_39' title='bbox 480 847 588 907; x_wconf 89' lang='grc' dir='ltr'>τοῖς</span> <span class='ocrx_word' id='word_1_40' title='bbox 613 844 934 913; x_wconf 82' lang='grc' dir='ltr'><strong>λεγομένοις,</strong></span> <span class='ocrx_word' id='word_1_41' title='bbox 971 846 1028 907; x_wconf 88' lang='grc' dir='ltr'>ὃς</span> <span class='ocrx_word' id='word_1_42' title='bbox 1056 862 1233 916; x_wconf 86' lang='grc' dir='ltr'>φησιν·</span> <span class='ocrx_word' id='word_1_43' title='bbox 1265 865 1283 895; x_wconf 82' lang='grc' dir='ltr'><strong>ι</strong></span> <span class='ocrx_word' id='word_1_44' title='bbox 1325 844 1565 915; x_wconf 68' lang='grc' dir='ltr'>Ὀοῶμεν</span> <span class='ocrx_word' id='word_1_45' title='bbox 1592 845 1655 915; x_wconf 78' lang='grc' dir='ltr'>δὴ</span> <span class='ocrx_word' id='word_1_46' title='bbox 1689 851 1779 899; x_wconf 81' lang='grc' dir='ltr'>καὶ</span> 
     </span>
    </p>
   </div>
   <div class='ocr_carea' id='block_1_9' title="bbox 230 936 1775 1006">
    <p class='ocr_par' dir='ltr' id='par_1_9' title="bbox 230 936 1775 1006">
     <span class='ocr_line' id='line_1_9' title="bbox 230 936 1775 1006; baseline 0.002 -19"><span class='ocrx_word' id='word_1_47' title='bbox 230 936 381 988; x_wconf 82' lang='grc' dir='ltr'>κατὰ</span> <span class='ocrx_word' id='word_1_48' title='bbox 412 937 509 999; x_wconf 83' lang='grc' dir='ltr'><strong>τὰς</strong></span> <span class='ocrx_word' id='word_1_49' title='bbox 535 936 665 999; x_wconf 86' lang='grc' dir='ltr'>ίδίας</span> <span class='ocrx_word' id='word_1_50' title='bbox 684 937 858 999; x_wconf 84' lang='grc' dir='ltr'>οἰκίας</span> <span class='ocrx_word' id='word_1_51' title='bbox 894 938 1230 1006; x_wconf 71' lang='grc' dir='ltr'>ὲριουργοὺς,</span> <span class='ocrx_word' id='word_1_52' title='bbox 1264 936 1357 988; x_wconf 75' lang='grc' dir='ltr'><strong>καὶ</strong></span> <span class='ocrx_word' id='word_1_53' title='bbox 1390 937 1775 1006; x_wconf 79' lang='grc' dir='ltr'><strong>σκυτοτόμους,</strong></span> 
     </span>
    </p>
   </div>
   <div class='ocr_carea' id='block_1_10' title="bbox 231 1028 1779 1098">
    <p class='ocr_par' dir='ltr' id='par_1_10' title="bbox 231 1028 1779 1098">
     <span class='ocr_line' id='line_1_10' title="bbox 231 1028 1779 1098; baseline 0 -18"><span class='ocrx_word' id='word_1_54' title='bbox 231 1028 330 1080; x_wconf 76' lang='grc' dir='ltr'><strong>καὶ</strong></span> <span class='ocrx_word' id='word_1_55' title='bbox 361 1032 599 1096; x_wconf 84' lang='grc' dir='ltr'>κναφεῖς,</span> <span class='ocrx_word' id='word_1_56' title='bbox 628 1029 719 1080; x_wconf 72' lang='grc' dir='ltr'><strong>καὶ</strong></span> <span class='ocrx_word' id='word_1_57' title='bbox 747 1030 872 1094; x_wconf 72' lang='grc' dir='ltr'>(τοὺς</span> <span class='ocrx_word' id='word_1_58' title='bbox 920 1028 1397 1091; x_wconf 77' lang='grc' dir='ltr'>ἀπαιδευτοτάτους</span> <span class='ocrx_word' id='word_1_59' title='bbox 1439 1028 1548 1098; x_wconf 75' lang='lat'><strong>(36)</strong></span> <span class='ocrx_word' id='word_1_60' title='bbox 1593 1046 1650 1080; x_wconf 89' lang='grc' dir='ltr'><strong>τε</strong></span> <span class='ocrx_word' id='word_1_61' title='bbox 1688 1030 1779 1081; x_wconf 72' lang='grc' dir='ltr'><strong>καὶ</strong></span> 
     </span>
    </p>
   </div>
   <div class='ocr_carea' id='block_1_11' title="bbox 232 1119 1779 1190">
    <p class='ocr_par' dir='ltr' id='par_1_11' title="bbox 232 1119 1779 1190">
     <span class='ocr_line' id='line_1_11' title="bbox 232 1119 1779 1190; baseline -0.001 -18"><span class='ocrx_word' id='word_1_62' title='bbox 232 1119 685 1189; x_wconf 83' lang='grc' dir='ltr'>ἀγροικοτάτους,</span> <span class='ocrx_word' id='word_1_63' title='bbox 730 1120 965 1172; x_wconf 72' lang='grc' dir='ltr'>ἐναντίον</span> <span class='ocrx_word' id='word_1_64' title='bbox 1010 1119 1105 1189; x_wconf 84' lang='grc' dir='ltr'><strong>μὲν</strong></span> <span class='ocrx_word' id='word_1_65' title='bbox 1142 1119 1247 1172; x_wconf 80' lang='grc' dir='ltr'><strong>τῶν</strong></span> <span class='ocrx_word' id='word_1_66' title='bbox 1283 1120 1657 1190; x_wconf 84' lang='grc' dir='ltr'>πρεσϐυτέρων</span> <span class='ocrx_word' id='word_1_67' title='bbox 1689 1122 1779 1172; x_wconf 78' lang='grc' dir='ltr'><strong>καὶ</strong></span> 
     </span>
    </p>
   </div>
   <div class='ocr_carea' id='block_1_12' title="bbox 233 1209 1775 1284">
    <p class='ocr_par' dir='ltr' id='par_1_12' title="bbox 233 1209 1775 1284">
     <span class='ocr_line' id='line_1_12' title="bbox 233 1209 1775 1284; baseline 0 -20"><span class='ocrx_word' id='word_1_68' title='bbox 233 1211 651 1284; x_wconf 79' lang='grc' dir='ltr'><strong>φρονιμωτέρων</strong></span> <span class='ocrx_word' id='word_1_69' title='bbox 666 1209 931 1263; x_wconf 81' lang='grc' dir='ltr'>δεσποτῶν</span> <span class='ocrx_word' id='word_1_70' title='bbox 950 1210 1097 1262; x_wconf 81' lang='grc' dir='ltr'>οὐδὲν</span> <span class='ocrx_word' id='word_1_71' title='bbox 1115 1209 1438 1277; x_wconf 81' lang='grc' dir='ltr'>φθέγγεσθαι</span> <span class='ocrx_word' id='word_1_72' title='bbox 1452 1210 1775 1280; x_wconf 72' lang='grc' dir='ltr'>τολμῶνταςο</span> 
     </span>
    </p>
   </div>
   <div class='ocr_carea' id='block_1_13' title="bbox 234 1300 1780 1368">
    <p class='ocr_par' dir='ltr' id='par_1_13' title="bbox 234 1300 1780 1368">
     <span class='ocr_line' id='line_1_13' title="bbox 234 1300 1780 1368; baseline 0 -15"><span class='ocrx_word' id='word_1_73' title='bbox 234 1301 457 1353; x_wconf 74' lang='grc' dir='ltr'>ἐπειδὰν</span> <span class='ocrx_word' id='word_1_74' title='bbox 491 1301 549 1353; x_wconf 79' lang='grc' dir='ltr'>δὲ</span> <span class='ocrx_word' id='word_1_75' title='bbox 588 1300 695 1355; x_wconf 85' lang='grc' dir='ltr'><strong>τῶν</strong></span> <span class='ocrx_word' id='word_1_76' title='bbox 736 1300 934 1353; x_wconf 78' lang='grc' dir='ltr'>παίδων</span> <span class='ocrx_word' id='word_1_77' title='bbox 981 1300 1083 1368; x_wconf 74' lang='grc' dir='ltr'>ἰδία</span> <span class='ocrx_word' id='word_1_78' title='bbox 1117 1300 1377 1354; x_wconf 84' lang='grc' dir='ltr'>λάϐωνται</span> <span class='ocrx_word' id='word_1_79' title='bbox 1427 1300 1520 1353; x_wconf 76' lang='grc' dir='ltr'><strong>καὶ</strong></span> <span class='ocrx_word' id='word_1_80' title='bbox 1550 1301 1780 1368; x_wconf 76' lang='grc' dir='ltr'>γυναίων</span> 
     </span>
    </p>
   </div>
   <div class='ocr_carea' id='block_1_14' title="bbox 233 1388 1777 1459">
    <p class='ocr_par' dir='ltr' id='par_1_14' title="bbox 233 1388 1777 1459">
     <span class='ocr_line' id='line_1_14' title="bbox 233 1388 1777 1459; baseline 0 -17"><span class='ocrx_word' id='word_1_81' title='bbox 233 1390 399 1443; x_wconf 81' lang='grc' dir='ltr'>τινῶν</span> <span class='ocrx_word' id='word_1_82' title='bbox 432 1390 527 1442; x_wconf 80' lang='grc' dir='ltr'><strong>σὺν</strong></span> <span class='ocrx_word' id='word_1_83' title='bbox 555 1392 732 1453; x_wconf 79' lang='grc' dir='ltr'>αὐτοῖς</span> <span class='ocrx_word' id='word_1_84' title='bbox 760 1390 1016 1459; x_wconf 85' lang='grc' dir='ltr'>ἀνοήτων,</span> <span class='ocrx_word' id='word_1_85' title='bbox 1044 1388 1293 1459; x_wconf 84' lang='grc' dir='ltr'>θαυμάσι’</span> <span class='ocrx_word' id='word_1_86' title='bbox 1312 1389 1441 1441; x_wconf 84' lang='grc' dir='ltr'>ἄττα</span> <span class='ocrx_word' id='word_1_87' title='bbox 1472 1389 1777 1455; x_wconf 80' lang='grc' dir='ltr'>διεξιόντας,</span> 
     </span>
    </p>
   </div>
   <div class='ocr_carea' id='block_1_15' title="bbox 233 1468 1777 1552">
    <p class='ocr_par' dir='ltr' id='par_1_15' title="bbox 233 1468 1777 1552">
     <span class='ocr_line' id='line_1_15' title="bbox 233 1468 1777 1552; baseline 0.001 -20"><span class='ocrx_word' id='word_1_88' title='bbox 233 1480 311 1543; x_wconf 56' lang='lat' dir='ltr'><strong>to;</strong></span> <span class='ocrx_word' id='word_1_89' title='bbox 342 1482 403 1533; x_wconf 81' lang='grc' dir='ltr'><strong>οὐ</strong></span> <span class='ocrx_word' id='word_1_90' title='bbox 432 1468 545 1552; x_wconf 85' lang='grc' dir='ltr'><strong>χρὴ</strong></span> <span class='ocrx_word' id='word_1_91' title='bbox 567 1482 847 1552; x_wconf 84' lang='grc' dir='ltr'>προσέχειν</span> <span class='ocrx_word' id='word_1_92' title='bbox 874 1480 949 1551; x_wconf 84' lang='grc' dir='ltr'><strong>τῷ</strong></span> <span class='ocrx_word' id='word_1_93' title='bbox 972 1482 1135 1551; x_wconf 78' lang='grc' dir='ltr'>πατρὶ</span> <span class='ocrx_word' id='word_1_94' title='bbox 1164 1480 1253 1533; x_wconf 79' lang='grc' dir='ltr'><strong>καί</strong></span> <span class='ocrx_word' id='word_1_95' title='bbox 1288 1484 1395 1545; x_wconf 86' lang='grc' dir='ltr'>τοῖς</span> <span class='ocrx_word' id='word_1_96' title='bbox 1426 1481 1777 1545; x_wconf 73' lang='grc' dir='ltr'>διδασκάλοις,</span> 
     </span>
    </p>
   </div>
   <div class='ocr_carea' id='block_1_16' title="bbox 237 1570 1780 1642">
    <p class='ocr_par' dir='ltr' id='par_1_16' title="bbox 237 1570 1780 1642">
     <span class='ocr_line' id='line_1_16' title="bbox 237 1570 1780 1642; baseline -0.001 -17"><span class='ocrx_word' id='word_1_97' title='bbox 237 1573 392 1641; x_wconf 82' lang='grc' dir='ltr'>σφίσι</span> <span class='ocrx_word' id='word_1_98' title='bbox 414 1573 471 1625; x_wconf 86' lang='grc' dir='ltr'>δὲ</span> <span class='ocrx_word' id='word_1_99' title='bbox 494 1570 787 1626; x_wconf 86' lang='grc' dir='ltr'>πείθεσθαι·</span> <span class='ocrx_word' id='word_1_100' title='bbox 824 1574 916 1626; x_wconf 74' lang='grc' dir='ltr'>καὶ</span> <span class='ocrx_word' id='word_1_101' title='bbox 942 1572 1066 1635; x_wconf 77' lang='grc' dir='ltr'>τοὺς</span> <span class='ocrx_word' id='word_1_102' title='bbox 1091 1572 1185 1642; x_wconf 88' lang='grc' dir='ltr'><strong>μέν</strong></span> <span class='ocrx_word' id='word_1_103' title='bbox 1212 1588 1274 1639; x_wconf 88' lang='grc' dir='ltr'><strong>γε</strong></span> <span class='ocrx_word' id='word_1_104' title='bbox 1306 1572 1489 1642; x_wconf 84' lang='grc' dir='ltr'>ληρεῖν</span> <span class='ocrx_word' id='word_1_105' title='bbox 1514 1573 1604 1624; x_wconf 75' lang='grc' dir='ltr'><strong>κα)¹</strong></span> <span class='ocrx_word' id='word_1_106' title='bbox 1645 1572 1780 1623; x_wconf 81' lang='grc' dir='ltr'>ἀπο-</span> 
     </span>
    </p>
   </div>
   <div class='ocr_carea' id='block_1_17' title="bbox 235 1660 1781 1734">
    <p class='ocr_par' dir='ltr' id='par_1_17' title="bbox 235 1660 1781 1734">
     <span class='ocr_line' id='line_1_17' title="bbox 235 1660 1781 1734; baseline -0.001 -18"><span class='ocrx_word' id='word_1_107' title='bbox 235 1664 512 1733; x_wconf 78' lang='grc' dir='ltr'>πλήκτους</span> <span class='ocrx_word' id='word_1_108' title='bbox 537 1660 693 1728; x_wconf 79' lang='grc' dir='ltr'>εἶναι,</span> <span class='ocrx_word' id='word_1_109' title='bbox 724 1665 813 1717; x_wconf 79' lang='grc' dir='ltr'>κα).</span> <span class='ocrx_word' id='word_1_110' title='bbox 838 1664 998 1734; x_wconf 76' lang='grc' dir='ltr'>μηδὲν</span> <span class='ocrx_word' id='word_1_111' title='bbox 1027 1663 1102 1732; x_wconf 83' lang='grc' dir='ltr'>τῷ</span> <span class='ocrx_word' id='word_1_112' title='bbox 1129 1663 1238 1714; x_wconf 83' lang='grc' dir='ltr'>ὄντι</span> <span class='ocrx_word' id='word_1_113' title='bbox 1264 1663 1423 1716; x_wconf 84' lang='grc' dir='ltr'>καλὸν</span> <span class='ocrx_word' id='word_1_114' title='bbox 1459 1663 1590 1733; x_wconf 84' lang='grc' dir='ltr'>μήτε</span> <span class='ocrx_word' id='word_1_115' title='bbox 1624 1662 1781 1714; x_wconf 82' lang='grc' dir='ltr'>ίδέναι</span> 
     </span>
    </p>
   </div>
   <div class='ocr_carea' id='block_1_18' title="bbox 238 1751 1785 1822">
    <p class='ocr_par' dir='ltr' id='par_1_18' title="bbox 238 1751 1785 1822">
     <span class='ocr_line' id='line_1_18' title="bbox 238 1751 1785 1822; baseline 0 -19"><span class='ocrx_word' id='word_1_116' title='bbox 238 1752 380 1822; x_wconf 85' lang='grc' dir='ltr'>μήτε</span> <span class='ocrx_word' id='word_1_117' title='bbox 408 1751 661 1805; x_wconf 88' lang='grc' dir='ltr'>δύνασθαι</span> <span class='ocrx_word' id='word_1_118' title='bbox 675 1754 867 1814; x_wconf 85' lang='grc' dir='ltr'>ποιεῖν,</span> <span class='ocrx_word' id='word_1_119' title='bbox 884 1752 1055 1814; x_wconf 80' lang='grc' dir='ltr'>ῦθλοις</span> <span class='ocrx_word' id='word_1_120' title='bbox 1077 1755 1247 1814; x_wconf 82' lang='grc' dir='ltr'>κενοῖς</span> <span class='ocrx_word' id='word_1_121' title='bbox 1268 1752 1377 1821; x_wconf 82' lang='grc'><strong>(57)</strong></span> <span class='ocrx_word' id='word_1_122' title='bbox 1396 1752 1716 1821; x_wconf 80' lang='grc' dir='ltr'>προκατειλη</span> <span class='ocrx_word' id='word_1_123' title='bbox 1726 1769 1785 1821; x_wconf 86' lang='grc' dir='ltr'>μ-</span> 
     </span>
    </p>
   </div>
   <div class='ocr_carea' id='block_1_19' title="bbox 239 1836 1783 1913">
    <p class='ocr_par' dir='ltr' id='par_1_19' title="bbox 239 1836 1783 1913">
     <span class='ocr_line' id='line_1_19' title="bbox 239 1836 1783 1913; baseline 0.001 -24"><span class='ocrx_word' id='word_1_124' title='bbox 239 1836 456 1905; x_wconf 87' lang='grc' dir='ltr'>μένους·</span> <span class='ocrx_word' id='word_1_125' title='bbox 482 1841 618 1913; x_wconf 70' lang='grc' dir='ltr'>σφας</span> <span class='ocrx_word' id='word_1_126' title='bbox 648 1837 704 1891; x_wconf 85' lang='grc' dir='ltr'>δὲ</span> <span class='ocrx_word' id='word_1_127' title='bbox 736 1839 921 1908; x_wconf 78' lang='grc' dir='ltr'>μόνους</span> <span class='ocrx_word' id='word_1_128' title='bbox 951 1838 1095 1900; x_wconf 83' lang='grc' dir='ltr'>ὅπως</span> <span class='ocrx_word' id='word_1_129' title='bbox 1114 1839 1192 1890; x_wconf 88' lang='grc' dir='ltr'><strong>δεῖ</strong></span> <span class='ocrx_word' id='word_1_130' title='bbox 1210 1839 1305 1909; x_wconf 70' lang='grc' dir='ltr'><strong>ζῇν</strong></span> <span class='ocrx_word' id='word_1_131' title='bbox 1336 1840 1670 1893; x_wconf 71' lang='grc' dir='ltr'>ἐπίστασθαι*</span> <span class='ocrx_word' id='word_1_132' title='bbox 1694 1840 1783 1892; x_wconf 63' lang='grc' dir='ltr'><strong>καὶ¹</strong></span> 
     </span>
    </p>
   </div>
   <div class='ocr_carea' id='block_1_20' title="bbox 1875 662 3421 734">
    <p class='ocr_par' dir='ltr' id='par_1_20' title="bbox 1875 662 3421 734">
     <span class='ocr_line' id='line_1_20' title="bbox 1875 662 3421 734; baseline -0.001 -13"><span class='ocrx_word' id='word_1_133' title='bbox 1875 669 2191 730; x_wconf 71' lang='lat' dir='ltr'><strong>delectatus,</strong></span> <span class='ocrx_word' id='word_1_134' title='bbox 2224 666 2422 723; x_wconf 87' lang='lat' dir='ltr'><strong>addidit</strong></span> <span class='ocrx_word' id='word_1_135' title='bbox 2446 674 2501 718; x_wconf 92' lang='lat' dir='ltr'><strong>et</strong></span> <span class='ocrx_word' id='word_1_136' title='bbox 2523 664 2662 729; x_wconf 85' lang='lat' dir='ltr'><strong>alia;</strong></span> <span class='ocrx_word' id='word_1_137' title='bbox 2694 679 2789 733; x_wconf 81' lang='lat' dir='ltr'><strong>age</strong></span> <span class='ocrx_word' id='word_1_138' title='bbox 2822 674 2881 716; x_wconf 89' lang='lat' dir='ltr'><strong>et</strong></span> <span class='ocrx_word' id='word_1_139' title='bbox 2910 665 2992 717; x_wconf 86' lang='lat' dir='ltr'><strong>his</strong></span> <span class='ocrx_word' id='word_1_140' title='bbox 3028 662 3192 734; x_wconf 64' lang='grc'><strong>484</strong></span> <span class='ocrx_word' id='word_1_141' title='bbox 3218 679 3421 720; x_wconf 84' lang='lat' dir='ltr'><strong>memo-</strong></span> 
     </span>
    </p>
   </div>
   <div class='ocr_carea' id='block_1_21' title="bbox 1878 754 3421 822">
    <p class='ocr_par' dir='ltr' id='par_1_21' title="bbox 1878 754 3421 822">
     <span class='ocr_line' id='line_1_21' title="bbox 1878 754 3421 822; baseline -0.002 -11"><span class='ocrx_word' id='word_1_142' title='bbox 1878 760 2037 821; x_wconf 90' lang='lat' dir='ltr'><strong>ratis,</strong></span> <span class='ocrx_word' id='word_1_143' title='bbox 2071 758 2343 811; x_wconf 77' lang='lat' dir='ltr'><strong>videamus</strong></span> <span class='ocrx_word' id='word_1_144' title='bbox 2374 758 2477 808; x_wconf 90' lang='lat' dir='ltr'><strong>utri</strong></span> <span class='ocrx_word' id='word_1_145' title='bbox 2519 755 2636 822; x_wconf 84' lang='lat' dir='ltr'><strong>plus</strong></span> <span class='ocrx_word' id='word_1_146' title='bbox 2672 756 2947 808; x_wconf 78' lang='lat' dir='ltr'><strong>dedecoris</strong></span> <span class='ocrx_word' id='word_1_147' title='bbox 2979 754 3224 818; x_wconf 80' lang='lat' dir='ltr'><strong>aﬁerant,</strong></span> <span class='ocrx_word' id='word_1_148' title='bbox 3259 754 3421 808; x_wconf 86' lang='lat' dir='ltr'><strong>Chri-</strong></span> 
     </span>
    </p>
   </div>
   <div class='ocr_carea' id='block_1_22' title="bbox 1877 836 3420 915">
    <p class='ocr_par' dir='ltr' id='par_1_22' title="bbox 1877 836 3420 915">
     <span class='ocr_line' id='line_1_22' title="bbox 1877 836 3420 915; baseline -0.003 -12"><span class='ocrx_word' id='word_1_149' title='bbox 1877 850 2171 903; x_wconf 83' lang='lat' dir='ltr'><strong>stianorum</strong></span> <span class='ocrx_word' id='word_1_150' title='bbox 2196 848 2464 911; x_wconf 73' lang='lat' dir='ltr'><strong>societati,</strong></span> <span class='ocrx_word' id='word_1_151' title='bbox 2499 862 2563 915; x_wconf 84' lang='lat' dir='ltr'><strong>an</strong></span> <span class='ocrx_word' id='word_1_152' title='bbox 2593 844 2769 900; x_wconf 69' lang='lat' dir='ltr'><strong>Celso.</strong></span> <span class='ocrx_word' id='word_1_153' title='bbox 2806 843 2895 899; x_wconf 82' lang='lat' dir='ltr'><strong>Sic</strong></span> <span class='ocrx_word' id='word_1_154' title='bbox 2938 836 3072 898; x_wconf 87' lang='lat' dir='ltr'><strong>iste:</strong></span> <span class='ocrx_word' id='word_1_155' title='bbox 3096 843 3201 897; x_wconf 69' lang='lat' dir='ltr'><strong>«Et</strong></span> <span class='ocrx_word' id='word_1_156' title='bbox 3234 845 3285 898; x_wconf 93' lang='lat' dir='ltr'><strong>in</strong></span> <span class='ocrx_word' id='word_1_157' title='bbox 3310 846 3420 912; x_wconf 87' lang='lat' dir='ltr'><strong>pri-</strong></span> 
     </span>
    </p>
   </div>
   <div class='ocr_carea' id='block_1_23' title="bbox 1877 934 3422 1001">
    <p class='ocr_par' dir='ltr' id='par_1_23' title="bbox 1877 934 3422 1001">
     <span class='ocr_line' id='line_1_23' title="bbox 1877 934 3422 1001; baseline -0.002 -10"><span class='ocrx_word' id='word_1_158' title='bbox 1877 939 2015 992; x_wconf 82' lang='lat' dir='ltr'><strong>vatis</strong></span> <span class='ocrx_word' id='word_1_159' title='bbox 2046 940 2245 991; x_wconf 76' lang='lat' dir='ltr'><strong>:edihus</strong></span> <span class='ocrx_word' id='word_1_160' title='bbox 2274 938 2455 989; x_wconf 87' lang='lat' dir='ltr'><strong>videre</strong></span> <span class='ocrx_word' id='word_1_161' title='bbox 2491 945 2573 989; x_wconf 90' lang='lat' dir='ltr'><strong>est</strong></span> <span class='ocrx_word' id='word_1_162' title='bbox 2610 936 2868 1001; x_wconf 84' lang='lat' dir='ltr'><strong>lanifices,</strong></span> <span class='ocrx_word' id='word_1_163' title='bbox 2911 942 3142 997; x_wconf 81' lang='lat' dir='ltr'><strong>sutores.</strong></span> <span class='ocrx_word' id='word_1_164' title='bbox 3174 934 3422 1000; x_wconf 84' lang='lat' dir='ltr'><strong>fullones,</strong></span> 
     </span>
    </p>
   </div>
   <div class='ocr_carea' id='block_1_24' title="bbox 1878 1023 3416 1093">
    <p class='ocr_par' dir='ltr' id='par_1_24' title="bbox 1878 1023 3416 1093">
     <span class='ocr_line' id='line_1_24' title="bbox 1878 1023 3416 1093; baseline -0.003 -12"><span class='ocrx_word' id='word_1_165' title='bbox 1878 1028 2333 1093; x_wconf 86' lang='lat' dir='ltr'><strong>imperitissimum</strong></span> <span class='ocrx_word' id='word_1_166' title='bbox 2367 1039 2632 1093; x_wconf 85' lang='lat' dir='ltr'><strong>quemque</strong></span> <span class='ocrx_word' id='word_1_167' title='bbox 2680 1034 2734 1077; x_wconf 89' lang='lat' dir='ltr'><strong>et</strong></span> <span class='ocrx_word' id='word_1_168' title='bbox 2780 1023 3190 1076; x_wconf 86' lang='lat' dir='ltr'><strong>rusticissimum</strong></span> <span class='ocrx_word' id='word_1_169' title='bbox 3227 1039 3416 1077; x_wconf 89' lang='lat' dir='ltr'><strong>coram</strong></span> 
     </span>
    </p>
   </div>
   <div class='ocr_carea' id='block_1_25' title="bbox 1879 1112 3426 1182">
    <p class='ocr_par' dir='ltr' id='par_1_25' title="bbox 1879 1112 3426 1182">
     <span class='ocr_line' id='line_1_25' title="bbox 1879 1112 3426 1182; baseline -0.004 -11"><span class='ocrx_word' id='word_1_170' title='bbox 1879 1115 2179 1171; x_wconf 90' lang='lat' dir='ltr'><strong>senioribus</strong></span> <span class='ocrx_word' id='word_1_171' title='bbox 2208 1125 2263 1167; x_wconf 89' lang='lat' dir='ltr'><strong>et</strong></span> <span class='ocrx_word' id='word_1_172' title='bbox 2288 1112 2725 1182; x_wconf 79' lang='lat' dir='ltr'><strong>prudentioribus</strong></span> <span class='ocrx_word' id='word_1_173' title='bbox 2780 1112 3258 1180; x_wconf 87' lang='lat' dir='ltr'><strong>patribusfamilias</strong></span> <span class='ocrx_word' id='word_1_174' title='bbox 3291 1112 3426 1165; x_wconf 86' lang='lat' dir='ltr'><strong>nihil</strong></span> 
     </span>
    </p>
   </div>
   <div class='ocr_carea' id='block_1_26' title="bbox 1878 1202 3425 1279">
    <p class='ocr_par' dir='ltr' id='par_1_26' title="bbox 1878 1202 3425 1279">
     <span class='ocr_line' id='line_1_26' title="bbox 1878 1202 3425 1279; baseline 0 -22"><span class='ocrx_word' id='word_1_175' title='bbox 1878 1208 2075 1261; x_wconf 88' lang='lat' dir='ltr'><strong>audere</strong></span> <span class='ocrx_word' id='word_1_176' title='bbox 2121 1205 2363 1279; x_wconf 88' lang='lat' dir='ltr'><strong>proloqui</strong></span> <span class='ocrx_word' id='word_1_177' title='bbox 2399 1222 2411 1256; x_wconf 91' lang='lat'>:</span> <span class='ocrx_word' id='word_1_178' title='bbox 2446 1204 2533 1256; x_wconf 90' lang='lat' dir='ltr'><strong>ubi</strong></span> <span class='ocrx_word' id='word_1_179' title='bbox 2579 1218 2707 1257; x_wconf 87' lang='lat' dir='ltr'><strong>vero</strong></span> <span class='ocrx_word' id='word_1_180' title='bbox 2750 1202 2994 1257; x_wconf 86' lang='lat' dir='ltr'><strong>seorsum</strong></span> <span class='ocrx_word' id='word_1_181' title='bbox 3042 1205 3179 1259; x_wconf 85' lang='lat' dir='ltr'><strong>nacti</strong></span> <span class='ocrx_word' id='word_1_182' title='bbox 3224 1204 3425 1257; x_wconf 79' lang='lat' dir='ltr'><strong>fuerint</strong></span> 
     </span>
    </p>
   </div>
   <div class='ocr_carea' id='block_1_27' title="bbox 1880 1294 3423 1366">
    <p class='ocr_par' dir='ltr' id='par_1_27' title="bbox 1880 1294 3423 1366">
     <span class='ocr_line' id='line_1_27' title="bbox 1880 1294 3423 1366; baseline -0.001 -17"><span class='ocrx_word' id='word_1_183' title='bbox 1880 1313 2072 1366; x_wconf 91' lang='lat' dir='ltr'><strong>pueros</strong></span> <span class='ocrx_word' id='word_1_184' title='bbox 2095 1305 2151 1349; x_wconf 89' lang='lat' dir='ltr'><strong>et</strong></span> <span class='ocrx_word' id='word_1_185' title='bbox 2181 1297 2520 1351; x_wconf 84' lang='lat' dir='ltr'><strong>mulierculas</strong></span> <span class='ocrx_word' id='word_1_186' title='bbox 2553 1310 2702 1363; x_wconf 66' lang='lat' dir='ltr'><strong>aeque</strong></span> <span class='ocrx_word' id='word_1_187' title='bbox 2730 1310 2791 1347; x_wconf 90' lang='lat' dir='ltr'><strong>ac</strong></span> <span class='ocrx_word' id='word_1_188' title='bbox 2814 1296 2912 1363; x_wconf 89' lang='lat' dir='ltr'><strong>ipsi</strong></span> <span class='ocrx_word' id='word_1_189' title='bbox 2947 1294 3223 1361; x_wconf 88' lang='lat' dir='ltr'><strong>imperitas</strong></span> <span class='ocrx_word' id='word_1_190' title='bbox 3243 1334 3257 1357; x_wconf 91' lang='lat'><strong>,</strong></span> <span class='ocrx_word' id='word_1_191' title='bbox 3288 1295 3423 1347; x_wconf 89' lang='lat' dir='ltr'><strong>mira</strong></span> 
     </span>
    </p>
   </div>
   <div class='ocr_carea' id='block_1_28' title="bbox 1879 1386 3425 1457">
    <p class='ocr_par' dir='ltr' id='par_1_28' title="bbox 1879 1386 3425 1457">
     <span class='ocr_line' id='line_1_28' title="bbox 1879 1386 3425 1457; baseline -0.001 -19"><span class='ocrx_word' id='word_1_192' title='bbox 1879 1389 2117 1457; x_wconf 65' lang='lat' dir='ltr'><strong>quaedam</strong></span> <span class='ocrx_word' id='word_1_193' title='bbox 2146 1388 2451 1452; x_wconf 77' lang='lat' dir='ltr'><strong>disserunt;</strong></span> <span class='ocrx_word' id='word_1_194' title='bbox 2499 1403 2603 1440; x_wconf 87' lang='lat' dir='ltr'><strong>non</strong></span> <span class='ocrx_word' id='word_1_195' title='bbox 2638 1386 2930 1439; x_wconf 91' lang='lat' dir='ltr'><strong>audiendos</strong></span> <span class='ocrx_word' id='word_1_196' title='bbox 2968 1401 3089 1439; x_wconf 88' lang='lat' dir='ltr'><strong>esse</strong></span> <span class='ocrx_word' id='word_1_197' title='bbox 3120 1390 3329 1454; x_wconf 81' lang='lat' dir='ltr'><strong>patrem</strong></span> <span class='ocrx_word' id='word_1_198' title='bbox 3371 1394 3425 1438; x_wconf 87' lang='lat' dir='ltr'><strong>et</strong></span> 
     </span>
    </p>
   </div>
   <div class='ocr_carea' id='block_1_29' title="bbox 1879 1480 3428 1549">
    <p class='ocr_par' dir='ltr' id='par_1_29' title="bbox 1879 1480 3428 1549">
     <span class='ocr_line' id='line_1_29' title="bbox 1879 1480 3428 1549; baseline 0.004 -21"><span class='ocrx_word' id='word_1_199' title='bbox 1879 1488 2251 1549; x_wconf 67' lang='lat' dir='ltr'><strong>prreceptores,</strong></span> <span class='ocrx_word' id='word_1_200' title='bbox 2286 1481 2387 1535; x_wconf 90' lang='lat' dir='ltr'><strong>sibi</strong></span> <span class='ocrx_word' id='word_1_201' title='bbox 2418 1496 2536 1534; x_wconf 86' lang='lat' dir='ltr'><strong>esse</strong></span> <span class='ocrx_word' id='word_1_202' title='bbox 2567 1481 2925 1543; x_wconf 82' lang='lat' dir='ltr'><strong>credendum;</strong></span> <span class='ocrx_word' id='word_1_203' title='bbox 2971 1481 3090 1533; x_wconf 91' lang='lat' dir='ltr'><strong>illos</strong></span> <span class='ocrx_word' id='word_1_204' title='bbox 3119 1480 3350 1533; x_wconf 89' lang='lat' dir='ltr'><strong>delirare</strong></span> <span class='ocrx_word' id='word_1_205' title='bbox 3373 1490 3428 1534; x_wconf 91' lang='lat' dir='ltr'><strong>et</strong></span> 
     </span>
    </p>
   </div>
   <div class='ocr_carea' id='block_1_30' title="bbox 1882 1570 3428 1639">
    <p class='ocr_par' dir='ltr' id='par_1_30' title="bbox 1882 1570 3428 1639">
     <span class='ocr_line' id='line_1_30' title="bbox 1882 1570 3428 1639; baseline 0.001 -16"><span class='ocrx_word' id='word_1_206' title='bbox 1882 1580 2059 1624; x_wconf 85' lang='lat' dir='ltr'><strong>mente</strong></span> <span class='ocrx_word' id='word_1_207' title='bbox 2085 1585 2203 1623; x_wconf 89' lang='lat' dir='ltr'><strong>esse</strong></span> <span class='ocrx_word' id='word_1_208' title='bbox 2225 1582 2429 1639; x_wconf 89' lang='lat' dir='ltr'><strong>captos,</strong></span> <span class='ocrx_word' id='word_1_209' title='bbox 2459 1572 2595 1624; x_wconf 88' lang='lat' dir='ltr'><strong>nihil</strong></span> <span class='ocrx_word' id='word_1_210' title='bbox 2626 1586 2749 1624; x_wconf 84' lang='lat' dir='ltr'><strong>vere</strong></span> <span class='ocrx_word' id='word_1_211' title='bbox 2781 1572 2990 1623; x_wconf 84' lang='lat' dir='ltr'><strong>honesti</strong></span> <span class='ocrx_word' id='word_1_212' title='bbox 3020 1581 3108 1624; x_wconf 89' lang='lat' dir='ltr'><strong>aut</strong></span> <span class='ocrx_word' id='word_1_213' title='bbox 3131 1570 3313 1624; x_wconf 83' lang='lat' dir='ltr'><strong>videre</strong></span> <span class='ocrx_word' id='word_1_214' title='bbox 3334 1583 3428 1625; x_wconf 89' lang='lat' dir='ltr'><strong>aut</strong></span> 
     </span>
    </p>
   </div>
   <div class='ocr_carea' id='block_1_31' title="bbox 1884 1661 3429 1731">
    <p class='ocr_par' dir='ltr' id='par_1_31' title="bbox 1884 1661 3429 1731">
     <span class='ocr_line' id='line_1_31' title="bbox 1884 1661 3429 1731; baseline 0.001 -17"><span class='ocrx_word' id='word_1_215' title='bbox 1884 1663 2063 1716; x_wconf 88' lang='lat' dir='ltr'><strong>facere</strong></span> <span class='ocrx_word' id='word_1_216' title='bbox 2090 1676 2249 1729; x_wconf 85' lang='lat' dir='ltr'><strong>posse</strong></span> <span class='ocrx_word' id='word_1_217' title='bbox 2283 1662 2439 1730; x_wconf 92' lang='lat' dir='ltr'><strong>nugis</strong></span> <span class='ocrx_word' id='word_1_218' title='bbox 2471 1662 2717 1715; x_wconf 89' lang='lat' dir='ltr'><strong>inanibus</strong></span> <span class='ocrx_word' id='word_1_219' title='bbox 2747 1671 3166 1731; x_wconf 64' lang='lat' dir='ltr'><strong>prmoccupato‘s,</strong></span> <span class='ocrx_word' id='word_1_220' title='bbox 3198 1678 3256 1716; x_wconf 89' lang='lat' dir='ltr'><strong>se</strong></span> <span class='ocrx_word' id='word_1_221' title='bbox 3283 1661 3429 1716; x_wconf 82' lang='lat' dir='ltr'><strong>solos</strong></span> 
     </span>
    </p>
   </div>
   <div class='ocr_carea' id='block_1_32' title="bbox 1878 1753 3431 1820">
    <p class='ocr_par' dir='ltr' id='par_1_32' title="bbox 1878 1753 3431 1820">
     <span class='ocr_line' id='line_1_32' title="bbox 1878 1753 3431 1820; baseline 0 -15"><span class='ocrx_word' id='word_1_222' title='bbox 1878 1755 2023 1819; x_wconf 74' lang='lat' dir='ltr'><strong>scire</strong></span> <span class='ocrx_word' id='word_1_223' title='bbox 2054 1753 2321 1819; x_wconf 89' lang='lat' dir='ltr'><strong>quomodo</strong></span> <span class='ocrx_word' id='word_1_224' title='bbox 2352 1753 2531 1805; x_wconf 81' lang='lat' dir='ltr'><strong>vivere</strong></span> <span class='ocrx_word' id='word_1_225' title='bbox 2553 1762 2838 1818; x_wconf 89' lang='lat' dir='ltr'><strong>oporteat;</strong></span> <span class='ocrx_word' id='word_1_226' title='bbox 2880 1755 2923 1806; x_wconf 90' lang='lat' dir='ltr'><strong>si</strong></span> <span class='ocrx_word' id='word_1_227' title='bbox 2962 1755 3117 1807; x_wconf 87' lang='lat' dir='ltr'><strong>dictis</strong></span> <span class='ocrx_word' id='word_1_228' title='bbox 3140 1753 3431 1820; x_wconf 88' lang='lat' dir='ltr'><strong>adjungant</strong></span> 
     </span>
    </p>
   </div>
   <div class='ocr_carea' id='block_1_33' title="bbox 1883 1842 3428 1911">
    <p class='ocr_par' dir='ltr' id='par_1_33' title="bbox 1883 1842 3428 1911">
     <span class='ocr_line' id='line_1_33' title="bbox 1883 1842 3428 1911; baseline -0.001 -17"><span class='ocrx_word' id='word_1_229' title='bbox 1883 1844 2059 1910; x_wconf 84' lang='lat' dir='ltr'><strong>fidem,</strong></span> <span class='ocrx_word' id='word_1_230' title='bbox 2086 1842 2266 1897; x_wconf 79' lang='lat' dir='ltr'><strong>felices</strong></span> <span class='ocrx_word' id='word_1_231' title='bbox 2302 1842 2417 1896; x_wconf 79' lang='lat' dir='ltr'><strong>fore</strong></span> <span class='ocrx_word' id='word_1_232' title='bbox 2452 1849 2721 1911; x_wconf 84' lang='lat' dir='ltr'><strong>totamque</strong></span> <span class='ocrx_word' id='word_1_233' title='bbox 2753 1842 3033 1897; x_wconf 85' lang='lat' dir='ltr'><strong>familiam.</strong></span> <span class='ocrx_word' id='word_1_234' title='bbox 3068 1844 3279 1911; x_wconf 82' lang='lat' dir='ltr'><strong>Interea</strong></span> <span class='ocrx_word' id='word_1_235' title='bbox 3302 1843 3428 1897; x_wconf 89' lang='lat' dir='ltr'><strong>dum</strong></span> 
     </span>
    </p>
   </div>
   <div class='ocr_carea' id='block_1_34' title="bbox 236 1926 1789 2002">
    <p class='ocr_par' dir='ltr' id='par_1_34' title="bbox 236 1926 1777 2001">
     <span class='ocr_line' id='line_1_34' title="bbox 236 1926 1777 2001; baseline 0.001 -22"><span class='ocrx_word' id='word_1_236' title='bbox 236 1926 303 1979; x_wconf 78' lang='grc' dir='ltr'><strong>ἂν</strong></span> <span class='ocrx_word' id='word_1_237' title='bbox 337 1927 524 1993; x_wconf 77' lang='grc' dir='ltr'>αὐτοῖς</span> <span class='ocrx_word' id='word_1_238' title='bbox 570 1929 619 1979; x_wconf 91' lang='grc' dir='ltr'>οἱ</span> <span class='ocrx_word' id='word_1_239' title='bbox 668 1930 849 1991; x_wconf 85' lang='grc' dir='ltr'>παῖδες</span> <span class='ocrx_word' id='word_1_240' title='bbox 880 1928 1193 2001; x_wconf 77' lang='grc' dir='ltr'>πείθωνται,</span> <span class='ocrx_word' id='word_1_241' title='bbox 1245 1930 1541 1999; x_wconf 73' lang='grc' dir='ltr'>μακαοίους</span> <span class='ocrx_word' id='word_1_242' title='bbox 1589 1932 1777 1994; x_wconf 81' lang='grc' dir='ltr'>αὐτοὺς</span> 
     </span>
    </p>
   </div>
   <div class='ocr_carea' id='block_1_35' title="bbox 1889 1926 3429 2002">
    <p class='ocr_par' dir='ltr' id='par_1_35' title="bbox 1889 1929 3429 2002">
     <span class='ocr_line' id='line_1_35' title="bbox 1889 1929 3429 2002; baseline -0.002 -16"><span class='ocrx_word' id='word_1_243' title='bbox 1889 1934 1994 1987; x_wconf 70' lang='lat' dir='ltr'><strong>laxec</strong></span> <span class='ocrx_word' id='word_1_244' title='bbox 2017 1933 2325 2000; x_wconf 82' lang='lat' dir='ltr'><strong>loquuntur.</strong></span> <span class='ocrx_word' id='word_1_245' title='bbox 2364 1933 2408 1985; x_wconf 93' lang='lat' dir='ltr'><strong>si</strong></span> <span class='ocrx_word' id='word_1_246' title='bbox 2428 1933 2609 1985; x_wconf 88' lang='lat' dir='ltr'><strong>vident</strong></span> <span class='ocrx_word' id='word_1_247' title='bbox 2642 1932 2873 2002; x_wconf 88' lang='lat' dir='ltr'><strong>aliquem</strong></span> <span class='ocrx_word' id='word_1_248' title='bbox 2901 1948 2964 1987; x_wconf 76' lang='lat' dir='ltr'><strong>ex</strong></span> <span class='ocrx_word' id='word_1_249' title='bbox 2990 1929 3429 2001; x_wconf 73' lang='lat' dir='ltr'><strong>praeceptoribus,</strong></span> 
     </span>
    </p>
   </div>
   <div class='ocr_carea' id='block_1_36' title="bbox 234 2014 1786 2091">
    <p class='ocr_par' dir='ltr' id='par_1_36' title="bbox 234 2014 1786 2091">
     <span class='ocr_line' id='line_1_36' title="bbox 234 2014 1786 2091; baseline 0.003 -22"><span class='ocrx_word' id='word_1_250' title='bbox 234 2016 476 2079; x_wconf 66' lang='grc' dir='ltr'>ἔσεσθαι,</span> <span class='ocrx_word' id='word_1_251' title='bbox 510 2020 601 2071; x_wconf 78' lang='grc' dir='ltr'><strong>καὶ</strong></span> <span class='ocrx_word' id='word_1_252' title='bbox 625 2018 714 2072; x_wconf 72' lang='grc' dir='ltr'>τὸν</span> <span class='ocrx_word' id='word_1_253' title='bbox 732 2014 874 2073; x_wconf 74' lang='grc' dir='ltr'>οἶκον</span> <span class='ocrx_word' id='word_1_254' title='bbox 898 2020 1205 2087; x_wconf 84' lang='grc' dir='ltr'>ἀποφαίνειν</span> <span class='ocrx_word' id='word_1_255' title='bbox 1230 2020 1529 2091; x_wconf 76' lang='grc' dir='ltr'>εὐδαίμονα.</span> <span class='ocrx_word' id='word_1_256' title='bbox 1552 2022 1659 2074; x_wconf 73' lang='grc' dir='ltr'><strong>Καὶ</strong></span> <span class='ocrx_word' id='word_1_257' title='bbox 1674 2021 1786 2090; x_wconf 79' lang='grc' dir='ltr'>ἅμα</span> 
     </span>
    </p>
   </div>
   <div class='ocr_carea' id='block_1_37' title="bbox 237 2104 1785 2179">
    <p class='ocr_par' dir='ltr' id='par_1_37' title="bbox 237 2104 1785 2179">
     <span class='ocr_line' id='line_1_37' title="bbox 237 2104 1785 2179; baseline 0.001 -20"><span class='ocrx_word' id='word_1_258' title='bbox 237 2106 509 2174; x_wconf 82' lang='grc' dir='ltr'>λέγοντες,</span> <span class='ocrx_word' id='word_1_259' title='bbox 538 2108 629 2163; x_wconf 75' lang='grc' dir='ltr'><strong>ἐὰν</strong></span> <span class='ocrx_word' id='word_1_260' title='bbox 653 2108 797 2161; x_wconf 75' lang='grc' dir='ltr'>ἴδωσί</span> <span class='ocrx_word' id='word_1_261' title='bbox 820 2126 938 2163; x_wconf 91' lang='grc' dir='ltr'>τινα</span> <span class='ocrx_word' id='word_1_262' title='bbox 964 2110 1222 2179; x_wconf 87' lang='grc' dir='ltr'>παριόντα</span> <span class='ocrx_word' id='word_1_263' title='bbox 1248 2111 1353 2163; x_wconf 83' lang='grc' dir='ltr'><strong>τῶν</strong></span> <span class='ocrx_word' id='word_1_264' title='bbox 1386 2104 1625 2172; x_wconf 82' lang='grc' dir='ltr'>παιδείας</span> <span class='ocrx_word' id='word_1_265' title='bbox 1641 2110 1785 2161; x_wconf 88' lang='grc' dir='ltr'>διδα-</span> 
     </span>
    </p>
   </div>
   <div class='ocr_carea' id='block_1_38' title="bbox 241 2196 1781 2271">
    <p class='ocr_par' dir='ltr' id='par_1_38' title="bbox 241 2196 1781 2271">
     <span class='ocr_line' id='line_1_38' title="bbox 241 2196 1781 2271; baseline 0.001 -20"><span class='ocrx_word' id='word_1_266' title='bbox 241 2198 456 2252; x_wconf 78' lang='grc' dir='ltr'>σκάλων</span> <span class='ocrx_word' id='word_1_267' title='bbox 488 2199 579 2252; x_wconf 75' lang='grc' dir='ltr'><strong>κα)⁸</strong></span> <span class='ocrx_word' id='word_1_268' title='bbox 608 2199 1018 2271; x_wconf 81' lang='grc' dir='ltr'>φρονιμωτέρων</span> <span class='ocrx_word' id='word_1_269' title='bbox 1053 2201 1084 2270; x_wconf 78' lang='grc' dir='ltr'>ἢ</span> <span class='ocrx_word' id='word_1_270' title='bbox 1113 2201 1205 2253; x_wconf 78' lang='grc' dir='ltr'><strong>καὶ</strong></span> <span class='ocrx_word' id='word_1_271' title='bbox 1236 2196 1394 2253; x_wconf 82' lang='grc' dir='ltr'>αὑτὸν</span> <span class='ocrx_word' id='word_1_272' title='bbox 1426 2200 1513 2252; x_wconf 81' lang='grc' dir='ltr'><strong>τὸν</strong></span> <span class='ocrx_word' id='word_1_273' title='bbox 1544 2200 1781 2270; x_wconf 83' lang='grc' dir='ltr'>πατέρα,</span> 
     </span>
    </p>
   </div>
   <div class='ocr_carea' id='block_1_39' title="bbox 237 2290 1785 2363">
    <p class='ocr_par' dir='ltr' id='par_1_39' title="bbox 237 2290 1785 2363">
     <span class='ocr_line' id='line_1_39' title="bbox 237 2290 1785 2363; baseline 0.001 -21"><span class='ocrx_word' id='word_1_274' title='bbox 237 2290 290 2342; x_wconf 85' lang='grc' dir='ltr'><strong>οί</strong></span> <span class='ocrx_word' id='word_1_275' title='bbox 320 2290 421 2359; x_wconf 80' lang='grc' dir='ltr'>μὲν</span> <span class='ocrx_word' id='word_1_276' title='bbox 454 2290 822 2363; x_wconf 81' lang='grc' dir='ltr'>εὐλαϐέστεροι</span> <span class='ocrx_word' id='word_1_277' title='bbox 858 2292 1033 2345; x_wconf 82' lang='grc' dir='ltr'>αὐτῶν</span> <span class='ocrx_word' id='word_1_278' title='bbox 1064 2292 1334 2363; x_wconf 84' lang='grc' dir='ltr'>διέτρεσαν</span> <span class='ocrx_word' id='word_1_279' title='bbox 1365 2292 1492 2361; x_wconf 80' lang='grc'><strong>(58)·</strong></span> <span class='ocrx_word' id='word_1_280' title='bbox 1534 2292 1583 2344; x_wconf 80' lang='grc' dir='ltr'>οἰ</span> <span class='ocrx_word' id='word_1_281' title='bbox 1604 2290 1646 2342; x_wconf 81' lang='grc' dir='ltr'>δ’</span> <span class='ocrx_word' id='word_1_282' title='bbox 1681 2294 1785 2344; x_wconf 82' lang='grc' dir='ltr'>ἰτα-</span> 
     </span>
    </p>
   </div>
   <div class='ocr_carea' id='block_1_40' title="bbox 241 2380 1782 2454">
    <p class='ocr_par' dir='ltr' id='par_1_40' title="bbox 241 2380 1782 2454">
     <span class='ocr_line' id='line_1_40' title="bbox 241 2380 1782 2454; baseline 0.001 -22"><span class='ocrx_word' id='word_1_283' title='bbox 241 2380 477 2450; x_wconf 84' lang='grc' dir='ltr'>μώτεροι</span> <span class='ocrx_word' id='word_1_284' title='bbox 511 2382 635 2445; x_wconf 84' lang='grc' dir='ltr'>τοὺς</span> <span class='ocrx_word' id='word_1_285' title='bbox 661 2382 854 2446; x_wconf 81' lang='grc' dir='ltr'>παῖδας</span> <span class='ocrx_word' id='word_1_286' title='bbox 893 2382 1202 2454; x_wconf 79' lang='grc' dir='ltr'>ἀφηνιάζειν</span> <span class='ocrx_word' id='word_1_287' title='bbox 1233 2383 1528 2453; x_wconf 77' lang='grc' dir='ltr'>ἐπαίρουσι,</span> <span class='ocrx_word' id='word_1_288' title='bbox 1559 2382 1782 2435; x_wconf 88' lang='grc' dir='ltr'>τοιαῦτα</span> 
     </span>
    </p>
   </div>
   <div class='ocr_carea' id='block_1_41' title="bbox 237 2470 1783 2544">
    <p class='ocr_par' dir='ltr' id='par_1_41' title="bbox 237 2470 1783 2544">
     <span class='ocr_line' id='line_1_41' title="bbox 237 2470 1783 2544; baseline 0.001 -22"><span class='ocrx_word' id='word_1_289' title='bbox 237 2470 635 2541; x_wconf 77' lang='grc' dir='ltr'>ψιθυρίζοντες,</span> <span class='ocrx_word' id='word_1_290' title='bbox 677 2473 752 2537; x_wconf 85' lang='grc' dir='ltr'>ὡς</span> <span class='ocrx_word' id='word_1_291' title='bbox 787 2473 1045 2544; x_wconf 86' lang='grc' dir='ltr'>παρόντος</span> <span class='ocrx_word' id='word_1_292' title='bbox 1089 2473 1186 2543; x_wconf 84' lang='grc' dir='ltr'>μὲν</span> <span class='ocrx_word' id='word_1_293' title='bbox 1212 2472 1302 2525; x_wconf 87' lang='grc' dir='ltr'><strong>τοῦ</strong></span> <span class='ocrx_word' id='word_1_294' title='bbox 1331 2472 1531 2543; x_wconf 81' lang='grc' dir='ltr'>πατρὸς</span> <span class='ocrx_word' id='word_1_295' title='bbox 1558 2474 1652 2525; x_wconf 71' lang='grc' dir='ltr'><strong>καὶ</strong></span> <span class='ocrx_word' id='word_1_296' title='bbox 1679 2472 1783 2525; x_wconf 81' lang='grc' dir='ltr'>τῶν</span> 
     </span>
    </p>
   </div>
   <div class='ocr_carea' id='block_1_42' title="bbox 238 2561 1788 2634">
    <p class='ocr_par' dir='ltr' id='par_1_42' title="bbox 238 2561 1788 2634">
     <span class='ocr_line' id='line_1_42' title="bbox 238 2561 1788 2634; baseline 0.001 -20"><span class='ocrx_word' id='word_1_297' title='bbox 238 2561 576 2617; x_wconf 77' lang='grc' dir='ltr'>διδασκάλων</span> <span class='ocrx_word' id='word_1_298' title='bbox 606 2563 755 2617; x_wconf 76' lang='grc' dir='ltr'>οὐδὲν</span> <span class='ocrx_word' id='word_1_299' title='bbox 792 2565 941 2618; x_wconf 78' lang='grc' dir='ltr'>αὐτοὶ</span> <span class='ocrx_word' id='word_1_300' title='bbox 968 2564 1305 2634; x_wconf 74' lang='grc' dir='ltr'>ἐθελήσουσιν</span> <span class='ocrx_word' id='word_1_301' title='bbox 1336 2564 1466 2633; x_wconf 79' lang='grc'><strong>(59),</strong></span> <span class='ocrx_word' id='word_1_302' title='bbox 1492 2563 1609 2616; x_wconf 78' lang='grc' dir='ltr'>οὐδὲ</span> <span class='ocrx_word' id='word_1_303' title='bbox 1638 2563 1788 2634; x_wconf 82' lang='grc' dir='ltr'>δυνή-</span> 
     </span>
    </p>
   </div>
   <div class='ocr_carea' id='block_1_43' title="bbox 244 2651 1788 2727">
    <p class='ocr_par' dir='ltr' id='par_1_43' title="bbox 244 2651 1788 2727">
     <span class='ocr_line' id='line_1_43' title="bbox 244 2651 1788 2727; baseline 0.001 -24"><span class='ocrx_word' id='word_1_304' title='bbox 244 2668 431 2704; x_wconf 77' lang='grc' dir='ltr'>σονται</span> <span class='ocrx_word' id='word_1_305' title='bbox 456 2656 568 2716; x_wconf 85' lang='grc' dir='ltr'>τοῖς</span> <span class='ocrx_word' id='word_1_306' title='bbox 607 2655 791 2723; x_wconf 66' lang='grc' dir='ltr'>παισὶν</span> <span class='ocrx_word' id='word_1_307' title='bbox 827 2654 1141 2725; x_wconf 74' lang='grc' dir='ltr'>ἑρμηνεύειν</span> <span class='ocrx_word' id='word_1_308' title='bbox 1183 2654 1399 2722; x_wconf 84' lang='grc' dir='ltr'>ἀγαθόν·</span> <span class='ocrx_word' id='word_1_309' title='bbox 1436 2651 1788 2727; x_wconf 79' lang='grc' dir='ltr'>ἐκτρέπεσθαι</span> 
     </span>
    </p>
   </div>
   <div class='ocr_carea' id='block_1_44' title="bbox 238 2741 1791 2815">
    <p class='ocr_par' dir='ltr' id='par_1_44' title="bbox 238 2741 1791 2815">
     <span class='ocr_line' id='line_1_44' title="bbox 238 2741 1791 2815; baseline 0.001 -21"><span class='ocrx_word' id='word_1_310' title='bbox 238 2742 352 2811; x_wconf 81' lang='grc' dir='ltr'>γὰρ</span> <span class='ocrx_word' id='word_1_311' title='bbox 371 2741 467 2814; x_wconf 80' lang='grc' dir='ltr'>τὴν</span> <span class='ocrx_word' id='word_1_312' title='bbox 486 2745 707 2809; x_wconf 74' lang='grc' dir='ltr'>ἐκείνων</span> <span class='ocrx_word' id='word_1_313' title='bbox 722 2743 1037 2815; x_wconf 85' lang='grc' dir='ltr'>ἀϐελτηρίαν</span> <span class='ocrx_word' id='word_1_314' title='bbox 1059 2745 1148 2797; x_wconf 79' lang='grc' dir='ltr'><strong>καὶ</strong></span> <span class='ocrx_word' id='word_1_315' title='bbox 1170 2745 1476 2815; x_wconf 82' lang='grc' dir='ltr'>σκαιότητα,</span> <span class='ocrx_word' id='word_1_316' title='bbox 1496 2744 1669 2812; x_wconf 84' lang='grc' dir='ltr'>πάντη</span> <span class='ocrx_word' id='word_1_317' title='bbox 1687 2743 1791 2796; x_wconf 89' lang='grc' dir='ltr'>διε-</span> 
     </span>
    </p>
   </div>
   <div class='ocr_carea' id='block_1_45' title="bbox 208 2830 1784 2904">
    <p class='ocr_par' dir='ltr' id='par_1_45' title="bbox 208 2830 1784 2904">
     <span class='ocr_line' id='line_1_45' title="bbox 208 2830 1784 2904; baseline 0.001 -22"><span class='ocrx_word' id='word_1_318' title='bbox 208 2840 211 2841; x_wconf 67' lang='grc'><strong><em>⁷</em></strong></span> <span class='ocrx_word' id='word_1_319' title='bbox 242 2830 599 2902; x_wconf 81' lang='grc' dir='ltr'>φθαρμένων,</span> <span class='ocrx_word' id='word_1_320' title='bbox 640 2833 738 2891; x_wconf 65' lang='grc' dir='ltr'>καὶ</span> <span class='ocrx_word' id='word_1_321' title='bbox 766 2833 953 2903; x_wconf 77' lang='grc' dir='ltr'>πόρρω</span> <span class='ocrx_word' id='word_1_322' title='bbox 992 2833 1184 2896; x_wconf 83' lang='grc' dir='ltr'>κακίας</span> <span class='ocrx_word' id='word_1_323' title='bbox 1221 2834 1478 2904; x_wconf 81' lang='grc' dir='ltr'>ἡκόντων,</span> <span class='ocrx_word' id='word_1_324' title='bbox 1515 2833 1607 2885; x_wconf 77' lang='grc' dir='ltr'><strong>κα)⁵</strong></span> <span class='ocrx_word' id='word_1_325' title='bbox 1647 2832 1784 2900; x_wconf 79' lang='grc' dir='ltr'>σφᾶς</span> 
     </span>
    </p>
   </div>
   <div class='ocr_carea' id='block_1_46' title="bbox 238 2919 1787 2997">
    <p class='ocr_par' dir='ltr' id='par_1_46' title="bbox 238 2919 1787 2997">
     <span class='ocr_line' id='line_1_46' title="bbox 238 2919 1787 2997; baseline -0.002 -22"><span class='ocrx_word' id='word_1_326' title='bbox 238 2919 601 2985; x_wconf 71' lang='grc' dir='ltr'>κολαζόντων·</span> <span class='ocrx_word' id='word_1_327' title='bbox 630 2925 679 2977; x_wconf 87' lang='grc' dir='ltr'><strong>εί</strong></span> <span class='ocrx_word' id='word_1_328' title='bbox 710 2923 769 2976; x_wconf 88' lang='grc' dir='ltr'>δὲ</span> <span class='ocrx_word' id='word_1_329' title='bbox 797 2923 1014 2987; x_wconf 82' lang='grc' dir='ltr'>θέλοιεν,</span> <span class='ocrx_word' id='word_1_330' title='bbox 1052 2926 1241 2995; x_wconf 81' lang='grc' dir='ltr'>χρῆναι</span> <span class='ocrx_word' id='word_1_331' title='bbox 1270 2924 1461 2986; x_wconf 71' lang='grc' dir='ltr'>αὐτοὺς</span> <span class='ocrx_word' id='word_1_332' title='bbox 1490 2923 1787 2997; x_wconf 81' lang='grc' dir='ltr'>ἀφεμένους</span> 
     </span>
    </p>
   </div>
   <div class='ocr_carea' id='block_1_47' title="bbox 240 3010 1790 3084">
    <p class='ocr_par' dir='ltr' id='par_1_47' title="bbox 240 3010 1790 3084">
     <span class='ocr_line' id='line_1_47' title="bbox 240 3010 1790 3084; baseline -0.001 -22"><span class='ocrx_word' id='word_1_333' title='bbox 240 3010 339 3062; x_wconf 83' lang='grc' dir='ltr'><strong>τοῦ</strong></span> <span class='ocrx_word' id='word_1_334' title='bbox 366 3012 568 3084; x_wconf 86' lang='grc' dir='ltr'>πατρός</span> <span class='ocrx_word' id='word_1_335' title='bbox 588 3029 650 3065; x_wconf 82' lang='grc' dir='ltr'><strong>τε</strong></span> <span class='ocrx_word' id='word_1_336' title='bbox 681 3013 773 3065; x_wconf 82' lang='grc' dir='ltr'><strong>καὶ</strong></span> <span class='ocrx_word' id='word_1_337' title='bbox 802 3012 909 3065; x_wconf 85' lang='grc' dir='ltr'><strong>τῶν</strong></span> <span class='ocrx_word' id='word_1_338' title='bbox 957 3012 1303 3075; x_wconf 83' lang='grc' dir='ltr'>διδασκάλων,</span> <span class='ocrx_word' id='word_1_339' title='bbox 1359 3014 1491 3066; x_wconf 76' lang='grc' dir='ltr'>ἰέναι</span> <span class='ocrx_word' id='word_1_340' title='bbox 1539 3012 1633 3065; x_wconf 80' lang='grc' dir='ltr'><strong>σὺν</strong></span> <span class='ocrx_word' id='word_1_341' title='bbox 1681 3012 1790 3072; x_wconf 88' lang='grc' dir='ltr'>τοῖς</span> 
     </span>
    </p>
   </div>
   <div class='ocr_carea' id='block_1_48' title="bbox 1893 2020 3430 2092">
    <p class='ocr_par' dir='ltr' id='par_1_48' title="bbox 1893 2020 3430 2092">
     <span class='ocr_line' id='line_1_48' title="bbox 1893 2020 3430 2092; baseline -0.003 -15"><span class='ocrx_word' id='word_1_342' title='bbox 1893 2040 1956 2077; x_wconf 81' lang='lat' dir='ltr'><strong>ex</strong></span> <span class='ocrx_word' id='word_1_343' title='bbox 1994 2022 2429 2092; x_wconf 87' lang='lat' dir='ltr'><strong>prudentioribus</strong></span> <span class='ocrx_word' id='word_1_344' title='bbox 2454 2031 2542 2075; x_wconf 89' lang='lat' dir='ltr'><strong>aut</strong></span> <span class='ocrx_word' id='word_1_345' title='bbox 2590 2031 2793 2089; x_wconf 84' lang='lat' dir='ltr'><strong>patrem</strong></span> <span class='ocrx_word' id='word_1_346' title='bbox 2824 2024 2993 2091; x_wconf 89' lang='lat' dir='ltr'><strong>ipsum</strong></span> <span class='ocrx_word' id='word_1_347' title='bbox 3018 2022 3297 2085; x_wconf 88' lang='lat' dir='ltr'><strong>accedere,</strong></span> <span class='ocrx_word' id='word_1_348' title='bbox 3337 2020 3430 2090; x_wconf 88' lang='lat' dir='ltr'><strong>qui</strong></span> 
     </span>
    </p>
   </div>
   <div class='ocr_carea' id='block_1_49' title="bbox 1888 2111 3434 2175">
    <p class='ocr_par' dir='ltr' id='par_1_49' title="bbox 1888 2111 3434 2175">
     <span class='ocr_line' id='line_1_49' title="bbox 1888 2111 3434 2175; baseline -0.001 -9"><span class='ocrx_word' id='word_1_349' title='bbox 1888 2114 2184 2169; x_wconf 84' lang='lat' dir='ltr'><strong>timidiores</strong></span> <span class='ocrx_word' id='word_1_350' title='bbox 2216 2122 2361 2175; x_wconf 91' lang='lat' dir='ltr'><strong>sunt,</strong></span> <span class='ocrx_word' id='word_1_351' title='bbox 2382 2112 2414 2167; x_wconf 91' lang='lat' dir='ltr'><strong>ii</strong></span> <span class='ocrx_word' id='word_1_352' title='bbox 2447 2112 2745 2167; x_wconf 86' lang='lat' dir='ltr'><strong>tremefacti</strong></span> <span class='ocrx_word' id='word_1_353' title='bbox 2784 2113 2980 2175; x_wconf 86' lang='lat' dir='ltr'><strong>silent;</strong></span> <span class='ocrx_word' id='word_1_354' title='bbox 3022 2112 3113 2165; x_wconf 85' lang='lat' dir='ltr'><strong>sed</strong></span> <span class='ocrx_word' id='word_1_355' title='bbox 3143 2111 3434 2165; x_wconf 84' lang='lat' dir='ltr'><strong>ferociores</strong></span> 
     </span>
    </p>
   </div>
   <div class='ocr_carea' id='block_1_50' title="bbox 1887 2200 3431 2271">
    <p class='ocr_par' dir='ltr' id='par_1_50' title="bbox 1887 2200 3431 2271">
     <span class='ocr_line' id='line_1_50' title="bbox 1887 2200 3431 2271; baseline -0.003 -16"><span class='ocrx_word' id='word_1_356' title='bbox 1887 2203 2066 2271; x_wconf 90' lang='lat' dir='ltr'><strong>pueris</strong></span> <span class='ocrx_word' id='word_1_357' title='bbox 2094 2213 2346 2255; x_wconf 84' lang='lat' dir='ltr'><strong>auctores</strong></span> <span class='ocrx_word' id='word_1_358' title='bbox 2371 2212 2520 2265; x_wconf 90' lang='lat' dir='ltr'><strong>sunt,</strong></span> <span class='ocrx_word' id='word_1_359' title='bbox 2563 2210 2619 2255; x_wconf 93' lang='lat' dir='ltr'><strong>ut</strong></span> <span class='ocrx_word' id='word_1_360' title='bbox 2659 2202 2899 2255; x_wconf 86' lang='lat' dir='ltr'><strong>habenas</strong></span> <span class='ocrx_word' id='word_1_361' title='bbox 2945 2201 3240 2265; x_wconf 81' lang='lat' dir='ltr'><strong>excutiant,</strong></span> <span class='ocrx_word' id='word_1_362' title='bbox 3281 2200 3431 2253; x_wconf 89' lang='lat' dir='ltr'><strong>insu-</strong></span> 
     </span>
    </p>
   </div>
   <div class='ocr_carea' id='block_1_51' title="bbox 1885 2288 3430 2359">
    <p class='ocr_par' dir='ltr' id='par_1_51' title="bbox 1885 2288 3430 2359">
     <span class='ocr_line' id='line_1_51' title="bbox 1885 2288 3430 2359; baseline -0.003 -14"><span class='ocrx_word' id='word_1_363' title='bbox 1885 2301 2201 2359; x_wconf 85' lang='lat' dir='ltr'><strong>surrantque</strong></span> <span class='ocrx_word' id='word_1_364' title='bbox 2235 2291 2299 2344; x_wconf 89' lang='lat' dir='ltr'><strong>ad</strong></span> <span class='ocrx_word' id='word_1_365' title='bbox 2343 2305 2501 2344; x_wconf 85' lang='lat' dir='ltr'><strong>aures</strong></span> <span class='ocrx_word' id='word_1_366' title='bbox 2541 2306 2600 2345; x_wconf 91' lang='lat' dir='ltr'><strong>se</strong></span> <span class='ocrx_word' id='word_1_367' title='bbox 2642 2306 2740 2344; x_wconf 88' lang='lat' dir='ltr'><strong>nec</strong></span> <span class='ocrx_word' id='word_1_368' title='bbox 2773 2305 2931 2358; x_wconf 82' lang='lat' dir='ltr'><strong>posse</strong></span> <span class='ocrx_word' id='word_1_369' title='bbox 2983 2305 3080 2343; x_wconf 86' lang='lat' dir='ltr'><strong>nec</strong></span> <span class='ocrx_word' id='word_1_370' title='bbox 3127 2290 3264 2343; x_wconf 88' lang='lat' dir='ltr'><strong>velle</strong></span> <span class='ocrx_word' id='word_1_371' title='bbox 3307 2288 3430 2352; x_wconf 91' lang='lat' dir='ltr'><strong>illis,</strong></span> 
     </span>
    </p>
   </div>
   <div class='ocr_carea' id='block_1_52' title="bbox 1884 2368 3431 2451">
    <p class='ocr_par' dir='ltr' id='par_1_52' title="bbox 1884 2368 3431 2451">
     <span class='ocr_line' id='line_1_52' title="bbox 1884 2368 3431 2451; baseline -0.002 -16"><span class='ocrx_word' id='word_1_372' title='bbox 1884 2384 2228 2450; x_wconf 72' lang='lat' dir='ltr'><strong>praesentibus</strong></span> <span class='ocrx_word' id='word_1_373' title='bbox 2256 2389 2409 2449; x_wconf 89' lang='lat' dir='ltr'><strong>patre</strong></span> <span class='ocrx_word' id='word_1_374' title='bbox 2446 2392 2499 2435; x_wconf 91' lang='lat' dir='ltr'><strong>et</strong></span> <span class='ocrx_word' id='word_1_375' title='bbox 2524 2381 2962 2451; x_wconf 75' lang='lat' dir='ltr'><strong>prmceptoribus,</strong></span> <span class='ocrx_word' id='word_1_376' title='bbox 2986 2368 3274 2448; x_wconf 80' lang='lat' dir='ltr'><strong>quidquam</strong></span> <span class='ocrx_word' id='word_1_377' title='bbox 3305 2378 3431 2433; x_wconf 90' lang='lat' dir='ltr'><strong>boni</strong></span> 
     </span>
    </p>
   </div>
   <div class='ocr_carea' id='block_1_53' title="bbox 1882 2472 3434 2540">
    <p class='ocr_par' dir='ltr' id='par_1_53' title="bbox 1882 2472 3434 2540">
     <span class='ocr_line' id='line_1_53' title="bbox 1882 2472 3434 2540; baseline 0.001 -15"><span class='ocrx_word' id='word_1_378' title='bbox 1882 2473 2173 2540; x_wconf 76' lang='lat' dir='ltr'><strong>explicare;</strong></span> <span class='ocrx_word' id='word_1_379' title='bbox 2209 2474 2442 2526; x_wconf 85' lang='lat' dir='ltr'><strong>aversari</strong></span> <span class='ocrx_word' id='word_1_380' title='bbox 2478 2488 2536 2526; x_wconf 90' lang='lat' dir='ltr'><strong>se</strong></span> <span class='ocrx_word' id='word_1_381' title='bbox 2563 2472 2847 2526; x_wconf 87' lang='lat' dir='ltr'><strong>stultitiam</strong></span> <span class='ocrx_word' id='word_1_382' title='bbox 2871 2484 2923 2526; x_wconf 91' lang='lat' dir='ltr'><strong>et</strong></span> <span class='ocrx_word' id='word_1_383' title='bbox 2950 2472 3209 2526; x_wconf 67' lang='lat' dir='ltr'><strong>saevitiam</strong></span> <span class='ocrx_word' id='word_1_384' title='bbox 3242 2474 3434 2527; x_wconf 88' lang='lat' dir='ltr'><strong>horum</strong></span> 
     </span>
    </p>
   </div>
   <div class='ocr_carea' id='block_1_54' title="bbox 1886 2564 3439 2633">
    <p class='ocr_par' dir='ltr' id='par_1_54' title="bbox 1886 2564 3439 2633">
     <span class='ocr_line' id='line_1_54' title="bbox 1886 2564 3439 2633; baseline 0.001 -16"><span class='ocrx_word' id='word_1_385' title='bbox 1886 2564 2154 2617; x_wconf 87' lang='lat' dir='ltr'><strong>hominum</strong></span> <span class='ocrx_word' id='word_1_386' title='bbox 2193 2567 2521 2632; x_wconf 88' lang='lat' dir='ltr'><strong>perditorum</strong></span> <span class='ocrx_word' id='word_1_387' title='bbox 2552 2576 2606 2620; x_wconf 90' lang='lat' dir='ltr'><strong>et</strong></span> <span class='ocrx_word' id='word_1_388' title='bbox 2635 2576 2875 2620; x_wconf 79' lang='lat' dir='ltr'><strong>extrema</strong></span> <span class='ocrx_word' id='word_1_389' title='bbox 2920 2566 3156 2633; x_wconf 89' lang='lat' dir='ltr'><strong>nequitia</strong></span> <span class='ocrx_word' id='word_1_390' title='bbox 3186 2566 3439 2633; x_wconf 69' lang='lat' dir='ltr'><strong>prtcdito-</strong></span> 
     </span>
    </p>
   </div>
   <div class='ocr_carea' id='block_1_55' title="bbox 1888 2655 3434 2725">
    <p class='ocr_par' dir='ltr' id='par_1_55' title="bbox 1888 2655 3434 2725">
     <span class='ocr_line' id='line_1_55' title="bbox 1888 2655 3434 2725; baseline -0.001 -14"><span class='ocrx_word' id='word_1_391' title='bbox 1888 2669 2026 2719; x_wconf 73' lang='lat' dir='ltr'><strong>Itum,</strong></span> <span class='ocrx_word' id='word_1_392' title='bbox 2057 2655 2145 2721; x_wconf 86' lang='lat' dir='ltr'><strong>qui</strong></span> <span class='ocrx_word' id='word_1_393' title='bbox 2173 2656 2317 2724; x_wconf 82' lang='lat' dir='ltr'><strong>ipsos</strong></span> <span class='ocrx_word' id='word_1_394' title='bbox 2348 2656 2635 2723; x_wconf 89' lang='lat' dir='ltr'><strong>punirent;</strong></span> <span class='ocrx_word' id='word_1_395' title='bbox 2668 2657 2760 2709; x_wconf 88' lang='lat' dir='ltr'><strong>sed</strong></span> <span class='ocrx_word' id='word_1_396' title='bbox 2790 2658 2834 2710; x_wconf 91' lang='lat' dir='ltr'><strong>si</strong></span> <span class='ocrx_word' id='word_1_397' title='bbox 2862 2657 2989 2725; x_wconf 91' lang='lat' dir='ltr'><strong>quid</strong></span> <span class='ocrx_word' id='word_1_398' title='bbox 3017 2656 3228 2712; x_wconf 88' lang='lat' dir='ltr'><strong>discere</strong></span> <span class='ocrx_word' id='word_1_399' title='bbox 3252 2657 3434 2723; x_wconf 88' lang='lat' dir='ltr'><strong>velint,</strong></span> 
     </span>
    </p>
   </div>
   <div class='ocr_carea' id='block_1_56' title="bbox 1887 2747 3440 2816">
    <p class='ocr_par' dir='ltr' id='par_1_56' title="bbox 1887 2747 3440 2816">
     <span class='ocr_line' id='line_1_56' title="bbox 1887 2747 3440 2816; baseline 0.003 -19"><span class='ocrx_word' id='word_1_400' title='bbox 1887 2752 2152 2812; x_wconf 78' lang='lat' dir='ltr'><strong>oportere,</strong></span> <span class='ocrx_word' id='word_1_401' title='bbox 2194 2755 2271 2811; x_wconf 87' lang='lat' dir='ltr'><strong>ut,</strong></span> <span class='ocrx_word' id='word_1_402' title='bbox 2328 2747 2527 2801; x_wconf 86' lang='lat' dir='ltr'><strong>relictis</strong></span> <span class='ocrx_word' id='word_1_403' title='bbox 2574 2757 2723 2815; x_wconf 87' lang='lat' dir='ltr'><strong>patre</strong></span> <span class='ocrx_word' id='word_1_404' title='bbox 2748 2757 2801 2801; x_wconf 91' lang='lat' dir='ltr'><strong>et</strong></span> <span class='ocrx_word' id='word_1_405' title='bbox 2832 2748 3273 2816; x_wconf 57' lang='lat' dir='ltr'><strong>praeceptoribus,</strong></span> <span class='ocrx_word' id='word_1_406' title='bbox 3310 2755 3440 2802; x_wconf 87' lang='lat' dir='ltr'><strong>eant</strong></span> 
     </span>
    </p>
   </div>
   <div class='ocr_carea' id='block_1_57' title="bbox 1887 2837 3438 2905">
    <p class='ocr_par' dir='ltr' id='par_1_57' title="bbox 1887 2837 3438 2905">
     <span class='ocr_line' id='line_1_57' title="bbox 1887 2837 3438 2905; baseline 0.004 -18"><span class='ocrx_word' id='word_1_407' title='bbox 1887 2848 2007 2887; x_wconf 90' lang='lat' dir='ltr'><strong>cum</strong></span> <span class='ocrx_word' id='word_1_408' title='bbox 2039 2837 2367 2891; x_wconf 85' lang='lat' dir='ltr'><strong>mulierculis</strong></span> <span class='ocrx_word' id='word_1_409' title='bbox 2404 2848 2459 2891; x_wconf 88' lang='lat' dir='ltr'><strong>et</strong></span> <span class='ocrx_word' id='word_1_410' title='bbox 2478 2838 2750 2891; x_wconf 88' lang='lat' dir='ltr'><strong>sodalibus</strong></span> <span class='ocrx_word' id='word_1_411' title='bbox 2774 2838 2825 2891; x_wconf 84' lang='lat' dir='ltr'><strong>ir:</strong></span> <span class='ocrx_word' id='word_1_412' title='bbox 2853 2839 3103 2892; x_wconf 82' lang='lat' dir='ltr'><strong>conclave</strong></span> <span class='ocrx_word' id='word_1_413' title='bbox 3132 2841 3438 2905; x_wconf 86' lang='lat' dir='ltr'><strong>mulierum,</strong></span> 
     </span>
    </p>
   </div>
   <div class='ocr_carea' id='block_1_58' title="bbox 1892 2926 3437 2999">
    <p class='ocr_par' dir='ltr' id='par_1_58' title="bbox 1892 2926 3437 2999">
     <span class='ocr_line' id='line_1_58' title="bbox 1892 2926 3437 2999; baseline 0.005 -22"><span class='ocrx_word' id='word_1_414' title='bbox 1892 2935 1983 2977; x_wconf 90' lang='lat' dir='ltr'><strong>ant</strong></span> <span class='ocrx_word' id='word_1_415' title='bbox 2003 2926 2053 2978; x_wconf 88' lang='lat' dir='ltr'><strong>in</strong></span> <span class='ocrx_word' id='word_1_416' title='bbox 2078 2930 2336 2981; x_wconf 85' lang='lat' dir='ltr'><strong>sutoriam</strong></span> <span class='ocrx_word' id='word_1_417' title='bbox 2364 2928 2757 2993; x_wconf 80' lang='lat' dir='ltr'><strong>oliiciuam,aut</strong></span> <span class='ocrx_word' id='word_1_418' title='bbox 2785 2930 2837 2982; x_wconf 92' lang='lat' dir='ltr'><strong>in</strong></span> <span class='ocrx_word' id='word_1_419' title='bbox 2864 2929 3163 2996; x_wconf 88' lang='lat' dir='ltr'><strong>fulloniam,</strong></span> <span class='ocrx_word' id='word_1_420' title='bbox 3198 2933 3267 2984; x_wconf 90' lang='lat' dir='ltr'><strong>ibi</strong></span> <span class='ocrx_word' id='word_1_421' title='bbox 3294 2932 3437 2999; x_wconf 92' lang='lat' dir='ltr'><strong>quod</strong></span> 
     </span>
    </p>
   </div>
   <div class='ocr_carea' id='block_1_59' title="bbox 1895 3015 3363 3090">
    <p class='ocr_par' dir='ltr' id='par_1_59' title="bbox 1895 3015 3363 3090">
     <span class='ocr_line' id='line_1_59' title="bbox 1895 3015 3363 3090; baseline 0.004 -23"><span class='ocrx_word' id='word_1_422' title='bbox 1895 3015 2189 3082; x_wconf 82' lang='lat' dir='ltr'><strong>perfectum</strong></span> <span class='ocrx_word' id='word_1_423' title='bbox 2227 3028 2309 3074; x_wconf 88' lang='lat' dir='ltr'><strong>est</strong></span> <span class='ocrx_word' id='word_1_424' title='bbox 2334 3021 2593 3074; x_wconf 90' lang='lat' dir='ltr'><strong>edocendi</strong></span> <span class='ocrx_word' id='word_1_425' title='bbox 2628 3038 2642 3071; x_wconf 90' lang='lat'><strong>:</strong></span> <span class='ocrx_word' id='word_1_426' title='bbox 2677 3029 2837 3088; x_wconf 77' lang='lat' dir='ltr'><strong>atque</strong></span> <span class='ocrx_word' id='word_1_427' title='bbox 2860 3020 2937 3073; x_wconf 90' lang='lat' dir='ltr'><strong>sic</strong></span> <span class='ocrx_word' id='word_1_428' title='bbox 2966 3021 3309 3090; x_wconf 86' lang='lat' dir='ltr'><strong>persuadent.</strong></span> <span class='ocrx_word' id='word_1_429' title='bbox 3342 3039 3363 3073; x_wconf 70' lang='grc' dir='ltr'><strong>ι</strong></span> 
     </span>
    </p>
   </div>
   <div class='ocr_carea' id='block_1_60' title="bbox 241 3094 3443 3182">
    <p class='ocr_par' dir='ltr' id='par_1_60' title="bbox 241 3094 3443 3182">
     <span class='ocr_line' id='line_1_60' title="bbox 241 3094 3443 3182; baseline 0.004 -27"><span class='ocrx_word' id='word_1_430' title='bbox 241 3103 505 3169; x_wconf 86' lang='grc' dir='ltr'>γυναίοις,</span> <span class='ocrx_word' id='word_1_431' title='bbox 529 3094 742 3167; x_wconf 71' lang='grc' dir='ltr'>καὶτοῖς</span> <span class='ocrx_word' id='word_1_432' title='bbox 763 3102 1120 3175; x_wconf 74' lang='grc' dir='ltr'>συμπαίζουσι</span> <span class='ocrx_word' id='word_1_433' title='bbox 1143 3102 1464 3174; x_wconf 79' lang='grc' dir='ltr'>παιδαρίοις,</span> <span class='ocrx_word' id='word_1_434' title='bbox 1491 3104 1570 3164; x_wconf 84' lang='grc' dir='ltr'><strong>εἰς</strong></span> <span class='ocrx_word' id='word_1_435' title='bbox 1594 3101 1690 3172; x_wconf 83' lang='grc' dir='ltr'>τὴν</span> <span class='ocrx_word' id='word_1_436' title='bbox 1713 3111 2106 3175; x_wconf 78' lang='grc' dir='ltr'>γυναικωνῖτιν,</span> <span class='ocrx_word' id='word_1_437' title='bbox 2140 3110 2172 3179; x_wconf 80' lang='grc' dir='ltr'>ἢ</span> <span class='ocrx_word' id='word_1_438' title='bbox 2206 3112 2266 3165; x_wconf 87' lang='grc' dir='ltr'><strong>τὸ</strong></span> <span class='ocrx_word' id='word_1_439' title='bbox 2295 3114 2559 3175; x_wconf 81' lang='grc' dir='ltr'>σκυτεῖον,</span> <span class='ocrx_word' id='word_1_440' title='bbox 2591 3111 2624 3182; x_wconf 81' lang='grc' dir='ltr'>ἢ</span> <span class='ocrx_word' id='word_1_441' title='bbox 2656 3111 2717 3165; x_wconf 80' lang='grc' dir='ltr'><strong>τὸ</strong></span> <span class='ocrx_word' id='word_1_442' title='bbox 2746 3115 3017 3181; x_wconf 84' lang='grc' dir='ltr'>κναφεῖον,</span> <span class='ocrx_word' id='word_1_443' title='bbox 3050 3112 3136 3166; x_wconf 80' lang='grc' dir='ltr'>ἵνα</span> <span class='ocrx_word' id='word_1_444' title='bbox 3166 3111 3224 3164; x_wconf 81' lang='grc' dir='ltr'>τὸ</span> <span class='ocrx_word' id='word_1_445' title='bbox 3243 3111 3443 3167; x_wconf 88' lang='grc' dir='ltr'>τέλειον</span> 
     </span>
    </p>
   </div>
   <div class='ocr_carea' id='block_1_61' title="bbox 242 3194 1546 3274">
    <p class='ocr_par' dir='ltr' id='par_1_61' title="bbox 242 3194 1546 3274">
     <span class='ocr_line' id='line_1_61' title="bbox 242 3194 1546 3274; baseline -0.002 -26"><span class='ocrx_word' id='word_1_446' title='bbox 242 3194 469 3249; x_wconf 80' lang='grc' dir='ltr'>λάϐωσι’</span> <span class='ocrx_word' id='word_1_447' title='bbox 500 3196 591 3251; x_wconf 78' lang='grc' dir='ltr'><strong>καὶ</strong></span> <span class='ocrx_word' id='word_1_448' title='bbox 613 3195 783 3251; x_wconf 87' lang='grc' dir='ltr'>ταῦτα</span> <span class='ocrx_word' id='word_1_449' title='bbox 810 3197 1051 3265; x_wconf 84' lang='grc' dir='ltr'>λέγοντες</span> <span class='ocrx_word' id='word_1_450' title='bbox 1072 3195 1341 3274; x_wconf 47' lang='grc' dir='ltr'>πείθουσιν</span> <span class='ocrx_word' id='word_1_451' title='bbox 1371 3194 1499 3265; x_wconf 69' lang='grc'><strong>(40).</strong></span> <span class='ocrx_word' id='word_1_452' title='bbox 1528 3213 1546 3246; x_wconf 76' lang='grc' dir='ltr'><strong>ι</strong></span> 
     </span>
    </p>
   </div>
   <div class='ocr_carea' id='block_1_62' title="bbox 316 3338 1789 3414">
    <p class='ocr_par' dir='ltr' id='par_1_62' title="bbox 316 3338 1786 3414">
     <span class='ocr_line' id='line_1_62' title="bbox 316 3338 1786 3414; baseline -0.002 -19"><span class='ocrx_word' id='word_1_453' title='bbox 316 3342 460 3412; x_wconf 85' lang='grc' dir='ltr'>Ὅρα</span> <span class='ocrx_word' id='word_1_454' title='bbox 482 3342 545 3413; x_wconf 81' lang='grc' dir='ltr'>δὴ</span> <span class='ocrx_word' id='word_1_455' title='bbox 572 3342 665 3395; x_wconf 74' lang='grc' dir='ltr'><strong>καὶ</strong></span> <span class='ocrx_word' id='word_1_456' title='bbox 694 3343 752 3395; x_wconf 83' lang='grc' dir='ltr'>ὲν</span> <span class='ocrx_word' id='word_1_457' title='bbox 781 3341 984 3405; x_wconf 84' lang='grc' dir='ltr'>τούτοις</span> <span class='ocrx_word' id='word_1_458' title='bbox 1013 3340 1131 3395; x_wconf 89' lang='grc' dir='ltr'>τίνα</span> <span class='ocrx_word' id='word_1_459' title='bbox 1160 3342 1355 3414; x_wconf 88' lang='grc' dir='ltr'>τρόπον</span> <span class='ocrx_word' id='word_1_460' title='bbox 1378 3340 1424 3393; x_wconf 89' lang='grc' dir='ltr'><strong>δι</strong></span> <span class='ocrx_word' id='word_1_461' title='bbox 1440 3338 1528 3395; x_wconf 81' lang='grc' dir='ltr'><strong>ισύ</strong></span> <span class='ocrx_word' id='word_1_462' title='bbox 1537 3358 1643 3411; x_wconf 91' lang='grc' dir='ltr'><strong>ρων</strong></span> <span class='ocrx_word' id='word_1_463' title='bbox 1664 3340 1786 3403; x_wconf 77' lang='grc' dir='ltr'>τοὺς</span> 
     </span>
    </p>
   </div>
   <div class='ocr_carea' id='block_1_63' title="bbox 1889 3338 3443 3414">
    <p class='ocr_par' dir='ltr' id='par_1_63' title="bbox 1958 3339 3443 3410">
     <span class='ocr_line' id='line_1_63' title="bbox 1958 3339 3443 3410; baseline 0.003 -15"><span class='ocrx_word' id='word_1_464' title='bbox 1958 3339 2045 3395; x_wconf 85' lang='grc'><strong>56.</strong></span> <span class='ocrx_word' id='word_1_465' title='bbox 2085 3341 2147 3394; x_wconf 83' lang='lat' dir='ltr'><strong>Et</strong></span> <span class='ocrx_word' id='word_1_466' title='bbox 2176 3342 2263 3395; x_wconf 90' lang='lat' dir='ltr'><strong>hic</strong></span> <span class='ocrx_word' id='word_1_467' title='bbox 2294 3341 2415 3396; x_wconf 92' lang='lat' dir='ltr'><strong>vide</strong></span> <span class='ocrx_word' id='word_1_468' title='bbox 2442 3342 2637 3410; x_wconf 89' lang='lat' dir='ltr'><strong>quibus</strong></span> <span class='ocrx_word' id='word_1_469' title='bbox 2668 3342 2917 3397; x_wconf 89' lang='lat' dir='ltr'><strong>doctores</strong></span> <span class='ocrx_word' id='word_1_470' title='bbox 2954 3353 3174 3397; x_wconf 60' lang='lat' dir='ltr'><strong>nostris</strong></span> <span class='ocrx_word' id='word_1_471' title='bbox 3206 3342 3443 3401; x_wconf 82' lang='lat' dir='ltr'><strong>lacessat</strong></span> 
     </span>
    </p>
   </div>
   <div class='ocr_carea' id='block_1_64' title="bbox 242 3430 1795 3505">
    <p class='ocr_par' dir='ltr' id='par_1_64' title="bbox 242 3430 1795 3505">
     <span class='ocr_line' id='line_1_64' title="bbox 242 3430 1795 3505; baseline -0.001 -19"><span class='ocrx_word' id='word_1_472' title='bbox 242 3434 380 3504; x_wconf 83' lang='grc' dir='ltr'>παρ’</span> <span class='ocrx_word' id='word_1_473' title='bbox 405 3432 534 3505; x_wconf 78' lang='grc' dir='ltr'>ἡμῖν</span> <span class='ocrx_word' id='word_1_474' title='bbox 572 3433 912 3497; x_wconf 81' lang='grc' dir='ltr'>διδάσκοντας</span> <span class='ocrx_word' id='word_1_475' title='bbox 948 3435 1038 3488; x_wconf 80' lang='grc' dir='ltr'><strong>τὸν</strong></span> <span class='ocrx_word' id='word_1_476' title='bbox 1077 3433 1229 3499; x_wconf 76' lang='grc' dir='ltr'>λόγον</span> <span class='ocrx_word' id='word_1_477' title='bbox 1251 3472 1265 3497; x_wconf 90' lang='grc'><strong>,</strong></span> <span class='ocrx_word' id='word_1_478' title='bbox 1307 3432 1401 3484; x_wconf 73' lang='grc' dir='ltr'><strong>καὶ</strong></span> <span class='ocrx_word' id='word_1_479' title='bbox 1434 3432 1526 3484; x_wconf 75' lang='grc' dir='ltr'>ὲπ).</span> <span class='ocrx_word' id='word_1_480' title='bbox 1562 3431 1648 3484; x_wconf 82' lang='grc' dir='ltr'><strong>τὸν</strong></span> <span class='ocrx_word' id='word_1_481' title='bbox 1688 3430 1795 3484; x_wconf 81' lang='grc' dir='ltr'><strong>τῶν</strong></span> 
     </span>
    </p>
   </div>
   <div class='ocr_carea' id='block_1_65' title="bbox 242 3522 1795 3595">
    <p class='ocr_par' dir='ltr' id='par_1_65' title="bbox 242 3522 1795 3595">
     <span class='ocr_line' id='line_1_65' title="bbox 242 3522 1795 3595; baseline 0.001 -20"><span class='ocrx_word' id='word_1_482' title='bbox 242 3523 382 3576; x_wconf 83' lang='grc' dir='ltr'>ὅλων</span> <span class='ocrx_word' id='word_1_483' title='bbox 413 3524 735 3595; x_wconf 80' lang='grc' dir='ltr'>δημιουργὸν</span> <span class='ocrx_word' id='word_1_484' title='bbox 756 3524 915 3577; x_wconf 76' lang='grc' dir='ltr'>παντὶ</span> <span class='ocrx_word' id='word_1_485' title='bbox 936 3524 1117 3593; x_wconf 83' lang='grc' dir='ltr'>τρόπῳ</span> <span class='ocrx_word' id='word_1_486' title='bbox 1140 3524 1236 3592; x_wconf 81' lang='grc' dir='ltr'>τὴν</span> <span class='ocrx_word' id='word_1_487' title='bbox 1257 3522 1427 3593; x_wconf 80' lang='grc' dir='ltr'>ψυχὴν</span> <span class='ocrx_word' id='word_1_488' title='bbox 1458 3522 1795 3585; x_wconf 77' lang='grc' dir='ltr'>ἀναϐιϐάζειν</span> 
     </span>
    </p>
   </div>
   <div class='ocr_carea' id='block_1_66' title="bbox 243 3612 1796 3685">
    <p class='ocr_par' dir='ltr' id='par_1_66' title="bbox 243 3612 1796 3685">
     <span class='ocr_line' id='line_1_66' title="bbox 243 3612 1796 3685; baseline 0.001 -20"><span class='ocrx_word' id='word_1_489' title='bbox 243 3614 638 3684; x_wconf 82' lang='grc' dir='ltr'>πειρωμένους,</span> <span class='ocrx_word' id='word_1_490' title='bbox 681 3613 1040 3685; x_wconf 87' lang='grc' dir='ltr'>παριστάντας</span> <span class='ocrx_word' id='word_1_491' title='bbox 1074 3614 1129 3665; x_wconf 87' lang='grc' dir='ltr'>δὲ</span> <span class='ocrx_word' id='word_1_492' title='bbox 1161 3614 1252 3666; x_wconf 74' lang='grc' dir='ltr'><strong>καὶ</strong></span> <span class='ocrx_word' id='word_1_493' title='bbox 1291 3612 1365 3675; x_wconf 83' lang='grc' dir='ltr'>ὡς</span> <span class='ocrx_word' id='word_1_494' title='bbox 1412 3613 1516 3684; x_wconf 79' lang='grc' dir='ltr'><strong>γρὴ</strong></span> <span class='ocrx_word' id='word_1_495' title='bbox 1550 3614 1647 3683; x_wconf 81' lang='grc' dir='ltr'><strong>μὲν</strong></span> <span class='ocrx_word' id='word_1_496' title='bbox 1690 3614 1796 3666; x_wconf 85' lang='grc' dir='ltr'>τῶν</span> 
     </span>
    </p>
   </div>
   <div class='ocr_carea' id='block_1_67' title="bbox 243 3700 1795 3774">
    <p class='ocr_par' dir='ltr' id='par_1_67' title="bbox 243 3700 1795 3774">
     <span class='ocr_line' id='line_1_67' title="bbox 243 3700 1795 3774; baseline -0.002 -19"><span class='ocrx_word' id='word_1_497' title='bbox 243 3701 520 3772; x_wconf 79' lang='grc' dir='ltr'>αἰσθητῶν</span> <span class='ocrx_word' id='word_1_498' title='bbox 556 3700 649 3755; x_wconf 66' lang='grc' dir='ltr'><strong>καὶ</strong></span> <span class='ocrx_word' id='word_1_499' title='bbox 682 3702 1039 3774; x_wconf 49' lang='grc' dir='ltr'>προσκαίρων,</span> <span class='ocrx_word' id='word_1_500' title='bbox 1066 3702 1159 3753; x_wconf 78' lang='grc' dir='ltr'><strong>καὶ</strong></span> <span class='ocrx_word' id='word_1_501' title='bbox 1197 3701 1415 3770; x_wconf 83' lang='grc' dir='ltr'>βλεπομε</span> <span class='ocrx_word' id='word_1_502' title='bbox 1434 3719 1536 3754; x_wconf 88' lang='grc' dir='ltr'><strong>νων</strong></span> <span class='ocrx_word' id='word_1_503' title='bbox 1583 3701 1795 3755; x_wconf 84' lang='grc' dir='ltr'>πάντων</span> 
     </span>
    </p>
   </div>
   <div class='ocr_carea' id='block_1_68' title="bbox 244 3780 1807 3861">
    <p class='ocr_par' dir='ltr' id='par_1_68' title="bbox 244 3780 1807 3861">
     <span class='ocr_line' id='line_1_68' title="bbox 244 3780 1807 3861; baseline -0.002 -18"><span class='ocrx_word' id='word_1_504' title='bbox 244 3793 627 3860; x_wconf 84' lang='grc' dir='ltr'>καταφρονεῖν,</span> <span class='ocrx_word' id='word_1_505' title='bbox 647 3791 819 3844; x_wconf 84' lang='grc' dir='ltr'>πάντα</span> <span class='ocrx_word' id='word_1_506' title='bbox 849 3790 904 3843; x_wconf 82' lang='grc' dir='ltr'>δὲ</span> <span class='ocrx_word' id='word_1_507' title='bbox 932 3791 1186 3861; x_wconf 85' lang='grc' dir='ltr'>πράττειν</span> <span class='ocrx_word' id='word_1_508' title='bbox 1214 3790 1348 3861; x_wconf 82' lang='grc' dir='ltr'>ὑπὲρ</span> <span class='ocrx_word' id='word_1_509' title='bbox 1383 3788 1472 3841; x_wconf 76' lang='grc' dir='ltr'><strong>τοῦ</strong></span> <span class='ocrx_word' id='word_1_510' title='bbox 1495 3794 1671 3859; x_wconf 83' lang='grc' dir='ltr'>τυχεῖν</span> <span class='ocrx_word' id='word_1_511' title='bbox 1698 3780 1807 3857; x_wconf 81' lang='grc' dir='ltr'>τῆς</span> 
     </span>
    </p>
   </div>
   <div class='ocr_carea' id='block_1_69' title="bbox 244 3878 1793 3951">
    <p class='ocr_par' dir='ltr' id='par_1_69' title="bbox 244 3878 1793 3951">
     <span class='ocr_line' id='line_1_69' title="bbox 244 3878 1793 3951; baseline 0 -18"><span class='ocrx_word' id='word_1_512' title='bbox 244 3878 345 3943; x_wconf 85' lang='grc' dir='ltr'><strong>τοῦ</strong></span> <span class='ocrx_word' id='word_1_513' title='bbox 382 3878 516 3932; x_wconf 85' lang='grc' dir='ltr'>Θεοῦ</span> <span class='ocrx_word' id='word_1_514' title='bbox 544 3881 843 3944; x_wconf 89' lang='grc' dir='ltr'>κοινωνίας,</span> <span class='ocrx_word' id='word_1_515' title='bbox 884 3879 1098 3951; x_wconf 73' lang='grc' dir='ltr'>καὶτῆς</span> <span class='ocrx_word' id='word_1_516' title='bbox 1139 3880 1243 3933; x_wconf 82' lang='grc' dir='ltr'><strong>τῶν</strong></span> <span class='ocrx_word' id='word_1_517' title='bbox 1280 3896 1479 3949; x_wconf 72' lang='grc' dir='ltr'>νοητων</span> <span class='ocrx_word' id='word_1_518' title='bbox 1508 3880 1599 3932; x_wconf 73' lang='grc' dir='ltr'><strong>κα)⁵</strong></span> <span class='ocrx_word' id='word_1_519' title='bbox 1630 3880 1793 3951; x_wconf 87' lang='grc' dir='ltr'>ἀορά-</span> 
     </span>
    </p>
   </div>
   <div class='ocr_carea' id='block_1_70' title="bbox 245 3970 1797 4043">
    <p class='ocr_par' dir='ltr' id='par_1_70' title="bbox 245 3970 1797 4043">
     <span class='ocr_line' id='line_1_70' title="bbox 245 3970 1797 4043; baseline -0.001 -19"><span class='ocrx_word' id='word_1_520' title='bbox 245 3989 360 4024; x_wconf 89' lang='grc' dir='ltr'><strong>των</strong></span> <span class='ocrx_word' id='word_1_521' title='bbox 380 3970 629 4042; x_wconf 82' lang='grc' dir='ltr'>θεωρίας,</span> <span class='ocrx_word' id='word_1_522' title='bbox 651 3972 743 4025; x_wconf 82' lang='grc' dir='ltr'>καὶ</span> <span class='ocrx_word' id='word_1_523' title='bbox 762 3971 1029 4043; x_wconf 87' lang='grc' dir='ltr'>μακαρίας</span> <span class='ocrx_word' id='word_1_524' title='bbox 1056 3970 1188 4043; x_wconf 82' lang='grc' dir='ltr'>μετὰ</span> <span class='ocrx_word' id='word_1_525' title='bbox 1208 3970 1339 4024; x_wconf 88' lang='grc' dir='ltr'><strong>Θεοῦ</strong></span> <span class='ocrx_word' id='word_1_526' title='bbox 1358 3972 1449 4024; x_wconf 77' lang='grc' dir='ltr'>καὶ</span> <span class='ocrx_word' id='word_1_527' title='bbox 1469 3970 1574 4023; x_wconf 84' lang='grc' dir='ltr'><strong>τῶν</strong></span> <span class='ocrx_word' id='word_1_528' title='bbox 1589 3972 1797 4023; x_wconf 81' lang='grc' dir='ltr'>οἰκείων</span> 
     </span>
    </p>
   </div>
   <div class='ocr_carea' id='block_1_71' title="bbox 186 4059 1799 4135">
    <p class='ocr_par' dir='ltr' id='par_1_71' title="bbox 186 4059 1799 4135">
     <span class='ocr_line' id='line_1_71' title="bbox 186 4059 1799 4135; baseline 0.002 -22"><span class='ocrx_word' id='word_1_529' title='bbox 186 4080 193 4083; x_wconf 59' lang='lat'><em>‘</em></span> <span class='ocrx_word' id='word_1_530' title='bbox 244 4060 345 4113; x_wconf 87' lang='grc' dir='ltr'><strong>τοῦ</strong></span> <span class='ocrx_word' id='word_1_531' title='bbox 383 4059 514 4114; x_wconf 88' lang='grc' dir='ltr'>Θεοῦ</span> <span class='ocrx_word' id='word_1_532' title='bbox 539 4060 871 4131; x_wconf 76' lang='grc' dir='ltr'>διεξαγωγῆς</span> <span class='ocrx_word' id='word_1_533' title='bbox 896 4060 1028 4133; x_wconf 74' lang='grc' dir='ltr'><strong>(Η),</strong></span> <span class='ocrx_word' id='word_1_534' title='bbox 1064 4062 1391 4135; x_wconf 87' lang='grc' dir='ltr'>παραϐάλλει</span> <span class='ocrx_word' id='word_1_535' title='bbox 1435 4063 1626 4126; x_wconf 80' lang='grc' dir='ltr'>αὐτοὺς</span> <span class='ocrx_word' id='word_1_536' title='bbox 1661 4063 1799 4116; x_wconf 86' lang='grc' dir='ltr'>κατὰ</span> 
     </span>
    </p>
   </div>
   <div class='ocr_carea' id='block_1_72' title="bbox 245 4149 1795 4222">
    <p class='ocr_par' dir='ltr' id='par_1_72' title="bbox 245 4149 1795 4222">
     <span class='ocr_line' id='line_1_72' title="bbox 245 4149 1795 4222; baseline 0.002 -20"><span class='ocrx_word' id='word_1_537' title='bbox 245 4149 353 4213; x_wconf 85' lang='grc' dir='ltr'>τὰς</span> <span class='ocrx_word' id='word_1_538' title='bbox 374 4151 551 4213; x_wconf 71' lang='grc' dir='ltr'>οἰκίας</span> <span class='ocrx_word' id='word_1_539' title='bbox 574 4153 891 4222; x_wconf 79' lang='grc' dir='ltr'>ὲριουργοῖς,</span> <span class='ocrx_word' id='word_1_540' title='bbox 930 4153 1151 4216; x_wconf 72' lang='grc' dir='ltr'>καὶτοῖς</span> <span class='ocrx_word' id='word_1_541' title='bbox 1192 4151 1553 4222; x_wconf 88' lang='grc' dir='ltr'>σκυτοτόμοις,</span> <span class='ocrx_word' id='word_1_542' title='bbox 1576 4153 1665 4204; x_wconf 74' lang='grc' dir='ltr'>καὶ</span> <span class='ocrx_word' id='word_1_543' title='bbox 1690 4156 1795 4215; x_wconf 84' lang='grc' dir='ltr'>τοῖς</span> 
     </span>
    </p>
   </div>
   <div class='ocr_carea' id='block_1_73' title="bbox 246 4238 1793 4312">
    <p class='ocr_par' dir='ltr' id='par_1_73' title="bbox 246 4238 1793 4312">
     <span class='ocr_line' id='line_1_73' title="bbox 246 4238 1793 4312; baseline 0.001 -21"><span class='ocrx_word' id='word_1_544' title='bbox 246 4238 537 4307; x_wconf 82' lang='grc' dir='ltr'>κναφεῦσι,</span> <span class='ocrx_word' id='word_1_545' title='bbox 567 4242 785 4303; x_wconf 78' lang='grc' dir='ltr'>καὶτοῖς</span> <span class='ocrx_word' id='word_1_546' title='bbox 817 4242 1216 4312; x_wconf 81' lang='grc' dir='ltr'>άγροικοτάτοις</span> <span class='ocrx_word' id='word_1_547' title='bbox 1237 4241 1344 4294; x_wconf 86' lang='grc' dir='ltr'>τῶν</span> <span class='ocrx_word' id='word_1_548' title='bbox 1376 4241 1793 4312; x_wconf 68' lang='grc' dir='ltr'>ἀνθρώπων,ὲπὶ</span> 
     </span>
    </p>
   </div>
   <div class='ocr_carea' id='block_1_74' title="bbox 245 4326 1847 4403">
    <p class='ocr_par' dir='ltr' id='par_1_74' title="bbox 245 4326 1847 4403">
     <span class='ocr_line' id='line_1_74' title="bbox 245 4326 1847 4403; baseline 0.002 -21"><span class='ocrx_word' id='word_1_549' title='bbox 245 4330 320 4383; x_wconf 81' lang='grc' dir='ltr'>τὰ</span> <span class='ocrx_word' id='word_1_550' title='bbox 343 4329 521 4397; x_wconf 83' lang='grc' dir='ltr'>φαῦλα</span> <span class='ocrx_word' id='word_1_551' title='bbox 541 4326 994 4401; x_wconf 78' lang='grc' dir='ltr'>προκαλουμένοις</span> <span class='ocrx_word' id='word_1_552' title='bbox 1014 4330 1203 4396; x_wconf 86' lang='grc' dir='ltr'>παῖδας</span> <span class='ocrx_word' id='word_1_553' title='bbox 1226 4335 1421 4403; x_wconf 84' lang='grc' dir='ltr'>κομιδη</span> <span class='ocrx_word' id='word_1_554' title='bbox 1445 4335 1686 4403; x_wconf 80' lang='grc' dir='ltr'>νηπίους,</span> <span class='ocrx_word' id='word_1_555' title='bbox 1709 4335 1795 4387; x_wconf 72' lang='grc' dir='ltr'>καὶ</span> <span class='ocrx_word' id='word_1_556' title='bbox 1842 4342 1847 4349; x_wconf 79' lang='lat'><em>‘</em></span> 
     </span>
    </p>
   </div>
   <div class='ocr_carea' id='block_1_75' title="bbox 248 4420 1789 4491">
    <p class='ocr_par' dir='ltr' id='par_1_75' title="bbox 248 4420 1789 4491">
     <span class='ocr_line' id='line_1_75' title="bbox 248 4420 1789 4491; baseline 0.002 -20"><span class='ocrx_word' id='word_1_557' title='bbox 248 4420 471 4489; x_wconf 72' lang='grc' dir='ltr'>γύναια,</span> <span class='ocrx_word' id='word_1_558' title='bbox 494 4420 557 4470; x_wconf 79' lang='grc' dir='ltr'>ἵν’</span> <span class='ocrx_word' id='word_1_559' title='bbox 581 4421 848 4473; x_wconf 81' lang='grc' dir='ltr'>ἀποστῶσι</span> <span class='ocrx_word' id='word_1_560' title='bbox 884 4421 979 4490; x_wconf 82' lang='grc' dir='ltr'><strong>μὲν</strong></span> <span class='ocrx_word' id='word_1_561' title='bbox 1005 4422 1202 4491; x_wconf 79' lang='grc' dir='ltr'>πατρὸς</span> <span class='ocrx_word' id='word_1_562' title='bbox 1226 4424 1318 4474; x_wconf 74' lang='grc' dir='ltr'>καὶ</span> <span class='ocrx_word' id='word_1_563' title='bbox 1340 4422 1684 4484; x_wconf 85' lang='grc' dir='ltr'>διδασκάλων,</span> <span class='ocrx_word' id='word_1_564' title='bbox 1708 4425 1789 4476; x_wconf 81' lang='grc' dir='ltr'><strong>αὺ-</strong></span> 
     </span>
    </p>
   </div>
   <div class='ocr_carea' id='block_1_76' title="bbox 244 4508 1796 4584">
    <p class='ocr_par' dir='ltr' id='par_1_76' title="bbox 244 4508 1796 4584">
     <span class='ocr_line' id='line_1_76' title="bbox 244 4508 1796 4584; baseline 0.004 -23"><span class='ocrx_word' id='word_1_565' title='bbox 244 4513 365 4573; x_wconf 82' lang='grc' dir='ltr'>τοῖς</span> <span class='ocrx_word' id='word_1_566' title='bbox 394 4508 452 4561; x_wconf 79' lang='grc' dir='ltr'>δὲ</span> <span class='ocrx_word' id='word_1_567' title='bbox 480 4508 731 4562; x_wconf 72' lang='grc' dir='ltr'>ἕπωνται.</span> <span class='ocrx_word' id='word_1_568' title='bbox 759 4510 911 4573; x_wconf 83' lang='grc' dir='ltr'>Τίνος</span> <span class='ocrx_word' id='word_1_569' title='bbox 930 4510 1037 4581; x_wconf 83' lang='grc' dir='ltr'><strong>γὰρ</strong></span> <span class='ocrx_word' id='word_1_570' title='bbox 1068 4511 1269 4581; x_wconf 82' lang='grc' dir='ltr'>πατρὸς</span> <span class='ocrx_word' id='word_1_571' title='bbox 1304 4513 1697 4583; x_wconf 80' lang='grc' dir='ltr'>σωφρονοῦντος</span> <span class='ocrx_word' id='word_1_572' title='bbox 1716 4554 1729 4575; x_wconf 92' lang='grc'><strong>,</strong></span> <span class='ocrx_word' id='word_1_573' title='bbox 1764 4514 1796 4584; x_wconf 81' lang='grc' dir='ltr'><strong>ἡ</strong></span> 
     </span>
    </p>
   </div>
   <div class='ocr_carea' id='block_1_77' title="bbox 246 4598 1799 4675">
    <p class='ocr_par' dir='ltr' id='par_1_77' title="bbox 246 4598 1799 4675">
     <span class='ocr_line' id='line_1_77' title="bbox 246 4598 1799 4675; baseline 0.001 -23"><span class='ocrx_word' id='word_1_574' title='bbox 246 4600 412 4652; x_wconf 85' lang='grc' dir='ltr'>τίνων</span> <span class='ocrx_word' id='word_1_575' title='bbox 428 4598 753 4669; x_wconf 72' lang='grc' dir='ltr'>διδασκάλων</span> <span class='ocrx_word' id='word_1_576' title='bbox 784 4602 1076 4671; x_wconf 87' lang='grc' dir='ltr'>σεμνότερα</span> <span class='ocrx_word' id='word_1_577' title='bbox 1090 4601 1456 4665; x_wconf 88' lang='grc' dir='ltr'>διδασκόντων,</span> <span class='ocrx_word' id='word_1_578' title='bbox 1492 4603 1799 4675; x_wconf 82' lang='grc' dir='ltr'>ἀφιστῶμεν</span> 
     </span>
    </p>
   </div>
   <div class='ocr_carea' id='block_1_78' title="bbox 1896 3419 3443 3502">
    <p class='ocr_par' dir='ltr' id='par_1_78' title="bbox 1896 3419 3443 3502">
     <span class='ocr_line' id='line_1_78' title="bbox 1896 3419 3443 3502; baseline 0.003 -17"><span class='ocrx_word' id='word_1_579' title='bbox 1896 3432 2103 3502; x_wconf 85' lang='lat' dir='ltr'><strong>injuriis</strong></span> <span class='ocrx_word' id='word_1_580' title='bbox 2132 3448 2148 3486; x_wconf 93' lang='lat'><strong>:</strong></span> <span class='ocrx_word' id='word_1_581' title='bbox 2180 3434 2269 3502; x_wconf 88' lang='lat' dir='ltr'><strong>qui</strong></span> <span class='ocrx_word' id='word_1_582' title='bbox 2316 3442 2493 3488; x_wconf 87' lang='lat' dir='ltr'><strong>tamen</strong></span> <span class='ocrx_word' id='word_1_583' title='bbox 2537 3436 2707 3489; x_wconf 87' lang='lat' dir='ltr'><strong>modis</strong></span> <span class='ocrx_word' id='word_1_584' title='bbox 2734 3419 2986 3490; x_wconf 81' lang='lat' dir='ltr'><strong>omnibus</strong></span> <span class='ocrx_word' id='word_1_585' title='bbox 3020 3430 3285 3489; x_wconf 87' lang='lat' dir='ltr'><strong>conantur</strong></span> <span class='ocrx_word' id='word_1_586' title='bbox 3320 3438 3443 3490; x_wconf 84' lang='lat' dir='ltr'><strong>ani-</strong></span> 
     </span>
    </p>
   </div>
   <div class='ocr_carea' id='block_1_79' title="bbox 1898 3511 3442 3595">
    <p class='ocr_par' dir='ltr' id='par_1_79' title="bbox 1898 3511 3442 3595">
     <span class='ocr_line' id='line_1_79' title="bbox 1898 3511 3442 3595; baseline 0.004 -20"><span class='ocrx_word' id='word_1_587' title='bbox 1898 3538 2035 3575; x_wconf 90' lang='lat' dir='ltr'><strong>mam</strong></span> <span class='ocrx_word' id='word_1_588' title='bbox 2070 3526 2136 3576; x_wconf 92' lang='lat' dir='ltr'><strong>ad</strong></span> <span class='ocrx_word' id='word_1_589' title='bbox 2187 3539 2365 3577; x_wconf 87' lang='lat' dir='ltr'><strong>rerum</strong></span> <span class='ocrx_word' id='word_1_590' title='bbox 2411 3526 2651 3578; x_wconf 90' lang='lat' dir='ltr'><strong>omnimn</strong></span> <span class='ocrx_word' id='word_1_591' title='bbox 2686 3527 3016 3579; x_wconf 76' lang='lat' dir='ltr'><strong>conditorem</strong></span> <span class='ocrx_word' id='word_1_592' title='bbox 3066 3527 3315 3589; x_wconf 72' lang='lat' dir='ltr'><strong>etehere,</strong></span> <span class='ocrx_word' id='word_1_593' title='bbox 3350 3511 3442 3595; x_wconf 85' lang='lat' dir='ltr'><strong>qui</strong></span> 
     </span>
    </p>
   </div>
   <div class='ocr_carea' id='block_1_80' title="bbox 1896 3615 3443 3683">
    <p class='ocr_par' dir='ltr' id='par_1_80' title="bbox 1896 3615 3443 3683">
     <span class='ocr_line' id='line_1_80' title="bbox 1896 3615 3443 3683; baseline 0.002 -18"><span class='ocrx_word' id='word_1_594' title='bbox 1896 3615 2087 3666; x_wconf 88' lang='lat' dir='ltr'><strong>docent</strong></span> <span class='ocrx_word' id='word_1_595' title='bbox 2118 3615 2543 3668; x_wconf 86' lang='lat' dir='ltr'><strong>contemnendas</strong></span> <span class='ocrx_word' id='word_1_596' title='bbox 2578 3629 2699 3669; x_wconf 89' lang='lat' dir='ltr'><strong>esse</strong></span> <span class='ocrx_word' id='word_1_597' title='bbox 2735 3630 2820 3669; x_wconf 88' lang='lat' dir='ltr'><strong>res</strong></span> <span class='ocrx_word' id='word_1_598' title='bbox 2869 3615 3111 3669; x_wconf 82' lang='lat' dir='ltr'><strong>sensibus</strong></span> <span class='ocrx_word' id='word_1_599' title='bbox 3149 3616 3443 3683; x_wconf 83' lang='lat' dir='ltr'><strong>subjectas,</strong></span> 
     </span>
    </p>
   </div>
   <div class='ocr_carea' id='block_1_81' title="bbox 1895 3703 3442 3771">
    <p class='ocr_par' dir='ltr' id='par_1_81' title="bbox 1895 3703 3442 3771">
     <span class='ocr_line' id='line_1_81' title="bbox 1895 3703 3442 3771; baseline 0.001 -17"><span class='ocrx_word' id='word_1_600' title='bbox 1895 3703 2126 3755; x_wconf 88' lang='lat' dir='ltr'><strong>caducas</strong></span> <span class='ocrx_word' id='word_1_601' title='bbox 2156 3712 2211 3755; x_wconf 92' lang='lat' dir='ltr'><strong>ct</strong></span> <span class='ocrx_word' id='word_1_602' title='bbox 2248 3719 2367 3769; x_wconf 77' lang='lat' dir='ltr'><strong>qua:</strong></span> <span class='ocrx_word' id='word_1_603' title='bbox 2395 3704 2682 3766; x_wconf 84' lang='lat' dir='ltr'><strong>videntur;</strong></span> <span class='ocrx_word' id='word_1_604' title='bbox 2717 3704 2952 3771; x_wconf 85' lang='lat' dir='ltr'><strong>nihilque</strong></span> <span class='ocrx_word' id='word_1_605' title='bbox 2990 3716 3093 3756; x_wconf 85' lang='lat' dir='ltr'><strong>nan</strong></span> <span class='ocrx_word' id='word_1_606' title='bbox 3121 3703 3442 3765; x_wconf 71' lang='lat' dir='ltr'><strong>faciendum;</strong></span> 
     </span>
    </p>
   </div>
   <div class='ocr_carea' id='block_1_82' title="bbox 1895 3791 3445 3862">
    <p class='ocr_par' dir='ltr' id='par_1_82' title="bbox 1895 3791 3445 3862">
     <span class='ocr_line' id='line_1_82' title="bbox 1895 3791 3445 3862; baseline 0.002 -19"><span class='ocrx_word' id='word_1_607' title='bbox 1895 3800 1953 3843; x_wconf 92' lang='lat' dir='ltr'><strong>ut</strong></span> <span class='ocrx_word' id='word_1_608' title='bbox 1997 3802 2335 3859; x_wconf 83' lang='lat' dir='ltr'><strong>comparetur</strong></span> <span class='ocrx_word' id='word_1_609' title='bbox 2375 3792 2462 3844; x_wconf 90' lang='lat' dir='ltr'><strong>illa</strong></span> <span class='ocrx_word' id='word_1_610' title='bbox 2503 3808 2623 3846; x_wconf 88' lang='lat' dir='ltr'><strong>cum</strong></span> <span class='ocrx_word' id='word_1_611' title='bbox 2676 3791 2784 3845; x_wconf 89' lang='lat' dir='ltr'><strong>Deo</strong></span> <span class='ocrx_word' id='word_1_612' title='bbox 2816 3793 3067 3854; x_wconf 88' lang='lat' dir='ltr'><strong>societas,</strong></span> <span class='ocrx_word' id='word_1_613' title='bbox 3104 3809 3155 3845; x_wconf 85' lang='lat' dir='ltr'><strong>tu</strong></span> <span class='ocrx_word' id='word_1_614' title='bbox 3187 3808 3294 3861; x_wconf 91' lang='lat' dir='ltr'><strong>qua</strong></span> <span class='ocrx_word' id='word_1_615' title='bbox 3325 3808 3445 3862; x_wconf 75' lang='lat' dir='ltr'><strong>qua:</strong></span> 
     </span>
    </p>
   </div>
   <div class='ocr_carea' id='block_1_83' title="bbox 1896 3884 3447 3955">
    <p class='ocr_par' dir='ltr' id='par_1_83' title="bbox 1896 3884 3447 3955">
     <span class='ocr_line' id='line_1_83' title="bbox 1896 3884 3447 3955; baseline 0.001 -18"><span class='ocrx_word' id='word_1_616' title='bbox 1896 3897 2087 3937; x_wconf 89' lang='lat' dir='ltr'><strong>sensus</strong></span> <span class='ocrx_word' id='word_1_617' title='bbox 2131 3892 2389 3950; x_wconf 88' lang='lat' dir='ltr'><strong>superant</strong></span> <span class='ocrx_word' id='word_1_618' title='bbox 2435 3899 2586 3951; x_wconf 78' lang='lat' dir='ltr'><strong>mens</strong></span> <span class='ocrx_word' id='word_1_619' title='bbox 2642 3893 2826 3937; x_wconf 88' lang='lat' dir='ltr'><strong>nostra</strong></span> <span class='ocrx_word' id='word_1_620' title='bbox 2878 3892 3103 3955; x_wconf 41' lang='lat' dir='ltr'><strong>contem,</strong></span> <span class='ocrx_word' id='word_1_621' title='bbox 3137 3884 3355 3949; x_wconf 88' lang='lat' dir='ltr'><strong>labitur,</strong></span> <span class='ocrx_word' id='word_1_622' title='bbox 3390 3894 3447 3938; x_wconf 90' lang='lat' dir='ltr'><strong>et</strong></span> 
     </span>
    </p>
   </div>
   <div class='ocr_carea' id='block_1_84' title="bbox 1897 3974 3441 4044">
    <p class='ocr_par' dir='ltr' id='par_1_84' title="bbox 1897 3974 3441 4044">
     <span class='ocr_line' id='line_1_84' title="bbox 1897 3974 3441 4044; baseline -0.002 -14"><span class='ocrx_word' id='word_1_623' title='bbox 1897 3976 2049 4031; x_wconf 89' lang='lat' dir='ltr'><strong>beata</strong></span> <span class='ocrx_word' id='word_1_624' title='bbox 2080 3991 2198 4028; x_wconf 90' lang='lat' dir='ltr'><strong>cum</strong></span> <span class='ocrx_word' id='word_1_625' title='bbox 2232 3974 2341 4028; x_wconf 88' lang='lat' dir='ltr'><strong>Deo</strong></span> <span class='ocrx_word' id='word_1_626' title='bbox 2363 3976 2660 4044; x_wconf 88' lang='lat' dir='ltr'><strong>amicisque</strong></span> <span class='ocrx_word' id='word_1_627' title='bbox 2696 3974 2811 4044; x_wconf 89' lang='lat' dir='ltr'><strong>ejus</strong></span> <span class='ocrx_word' id='word_1_628' title='bbox 2845 3975 2950 4030; x_wconf 85' lang='lat' dir='ltr'><strong>vita</strong></span> <span class='ocrx_word' id='word_1_629' title='bbox 2992 3977 3352 4044; x_wconf 89' lang='lat' dir='ltr'><strong>perlruemur.</strong></span> <span class='ocrx_word' id='word_1_630' title='bbox 3379 3974 3441 4027; x_wconf 86' lang='lat' dir='ltr'><strong>Hi</strong></span> 
     </span>
    </p>
   </div>
   <div class='ocr_carea' id='block_1_85' title="bbox 1896 4065 3447 4135">
    <p class='ocr_par' dir='ltr' id='par_1_85' title="bbox 1896 4065 3447 4135">
     <span class='ocr_line' id='line_1_85' title="bbox 1896 4065 3447 4135; baseline -0.003 -14"><span class='ocrx_word' id='word_1_631' title='bbox 1896 4077 2019 4121; x_wconf 80' lang='lat' dir='ltr'><strong>Sunt</strong></span> <span class='ocrx_word' id='word_1_632' title='bbox 2044 4067 2271 4131; x_wconf 81' lang='lat' dir='ltr'><strong>scilicet,</strong></span> <span class='ocrx_word' id='word_1_633' title='bbox 2302 4081 2437 4135; x_wconf 87' lang='lat' dir='ltr'><strong>quos</strong></span> <span class='ocrx_word' id='word_1_634' title='bbox 2459 4067 2533 4119; x_wconf 87' lang='lat' dir='ltr'><strong>ait</strong></span> <span class='ocrx_word' id='word_1_635' title='bbox 2553 4066 2740 4121; x_wconf 86' lang='lat' dir='ltr'><strong>Celsus</strong></span> <span class='ocrx_word' id='word_1_636' title='bbox 2770 4066 2975 4120; x_wconf 90' lang='lat' dir='ltr'><strong>similes</strong></span> <span class='ocrx_word' id='word_1_637' title='bbox 3018 4065 3447 4129; x_wconf 57' lang='lat' dir='ltr'><strong>laniticis,sutoo</strong></span> 
     </span>
    </p>
   </div>
   <div class='ocr_carea' id='block_1_86' title="bbox 1899 4155 3447 4221">
    <p class='ocr_par' dir='ltr' id='par_1_86' title="bbox 1899 4155 3447 4221">
     <span class='ocr_line' id='line_1_86' title="bbox 1899 4155 3447 4221; baseline -0.004 -8"><span class='ocrx_word' id='word_1_638' title='bbox 1899 4160 2064 4220; x_wconf 87' lang='lat' dir='ltr'><strong>ribus,</strong></span> <span class='ocrx_word' id='word_1_639' title='bbox 2094 4159 2388 4212; x_wconf 86' lang='lat' dir='ltr'><strong>fullonibus</strong></span> <span class='ocrx_word' id='word_1_640' title='bbox 2418 4168 2480 4210; x_wconf 77' lang='lat' dir='ltr'><strong>et‘</strong></span> <span class='ocrx_word' id='word_1_641' title='bbox 2512 4159 2785 4211; x_wconf 88' lang='lat' dir='ltr'><strong>hominum</strong></span> <span class='ocrx_word' id='word_1_642' title='bbox 2816 4157 3204 4217; x_wconf 87' lang='lat' dir='ltr'><strong>rustieissimis,</strong></span> <span class='ocrx_word' id='word_1_643' title='bbox 3246 4155 3337 4221; x_wconf 91' lang='lat' dir='ltr'><strong>qui</strong></span> <span class='ocrx_word' id='word_1_644' title='bbox 3377 4155 3447 4207; x_wconf 89' lang='lat' dir='ltr'><strong>ad</strong></span> 
     </span>
    </p>
   </div>
   <div class='ocr_carea' id='block_1_87' title="bbox 1899 4243 3443 4314">
    <p class='ocr_par' dir='ltr' id='par_1_87' title="bbox 1899 4243 3443 4314">
     <span class='ocr_line' id='line_1_87' title="bbox 1899 4243 3443 4314; baseline -0.006 -13"><span class='ocrx_word' id='word_1_645' title='bbox 1899 4247 2032 4301; x_wconf 85' lang='lat' dir='ltr'><strong>mala</strong></span> <span class='ocrx_word' id='word_1_646' title='bbox 2064 4247 2317 4314; x_wconf 68' lang='lat' dir='ltr'><strong>tmerulos</strong></span> <span class='ocrx_word' id='word_1_647' title='bbox 2360 4254 2413 4297; x_wconf 83' lang='lat' dir='ltr'><strong>et</strong></span> <span class='ocrx_word' id='word_1_648' title='bbox 2467 4244 2810 4297; x_wconf 86' lang='lat' dir='ltr'><strong>mulierculas</strong></span> <span class='ocrx_word' id='word_1_649' title='bbox 2837 4243 3091 4311; x_wconf 83' lang='lat' dir='ltr'><strong>instigant</strong></span> <span class='ocrx_word' id='word_1_650' title='bbox 3124 4250 3443 4309; x_wconf 79' lang='lat' dir='ltr'><strong>urgentque,</strong></span> 
     </span>
    </p>
   </div>
   <div class='ocr_carea' id='block_1_88' title="bbox 1901 4330 3449 4404">
    <p class='ocr_par' dir='ltr' id='par_1_88' title="bbox 1901 4330 3449 4404">
     <span class='ocr_line' id='line_1_88' title="bbox 1901 4330 3449 4404; baseline -0.003 -16"><span class='ocrx_word' id='word_1_651' title='bbox 1901 4346 1976 4399; x_wconf 88' lang='lat' dir='ltr'><strong>ut,</strong></span> <span class='ocrx_word' id='word_1_652' title='bbox 2008 4347 2157 4404; x_wconf 88' lang='lat' dir='ltr'><strong>patre</strong></span> <span class='ocrx_word' id='word_1_653' title='bbox 2183 4344 2235 4387; x_wconf 91' lang='lat' dir='ltr'><strong>et</strong></span> <span class='ocrx_word' id='word_1_654' title='bbox 2264 4333 2679 4401; x_wconf 71' lang='lat' dir='ltr'><strong>prmceptoribus</strong></span> <span class='ocrx_word' id='word_1_655' title='bbox 2704 4330 2968 4395; x_wconf 87' lang='lat' dir='ltr'><strong>dimissis,</strong></span> <span class='ocrx_word' id='word_1_656' title='bbox 2998 4348 3055 4385; x_wconf 91' lang='lat' dir='ltr'><strong>se</strong></span> <span class='ocrx_word' id='word_1_657' title='bbox 3088 4332 3152 4384; x_wconf 89' lang='lat' dir='ltr'><strong>ad</strong></span> <span class='ocrx_word' id='word_1_658' title='bbox 3188 4332 3330 4399; x_wconf 90' lang='lat' dir='ltr'><strong>ipsos</strong></span> <span class='ocrx_word' id='word_1_659' title='bbox 3357 4346 3449 4399; x_wconf 87' lang='lat' dir='ltr'><strong>ap-</strong></span> 
     </span>
    </p>
   </div>
   <div class='ocr_carea' id='block_1_89' title="bbox 1901 4420 3448 4490">
    <p class='ocr_par' dir='ltr' id='par_1_89' title="bbox 1901 4420 3448 4490">
     <span class='ocr_line' id='line_1_89' title="bbox 1901 4420 3448 4490; baseline -0.001 -18"><span class='ocrx_word' id='word_1_660' title='bbox 1901 4425 2096 4490; x_wconf 81' lang='lat' dir='ltr'><strong>pliceltl</strong></span> <span class='ocrx_word' id='word_1_661' title='bbox 2116 4431 2168 4473; x_wconf 91' lang='lat' dir='ltr'><strong>et</strong></span> <span class='ocrx_word' id='word_1_662' title='bbox 2197 4422 2509 4490; x_wconf 72' lang='lat' dir='ltr'><strong>adiungant.</strong></span> <span class='ocrx_word' id='word_1_663' title='bbox 2537 4421 2742 4475; x_wconf 88' lang='lat' dir='ltr'><strong>lndicet</strong></span> <span class='ocrx_word' id='word_1_664' title='bbox 2762 4435 2891 4489; x_wconf 81' lang='lat' dir='ltr'><strong>ergo</strong></span> <span class='ocrx_word' id='word_1_665' title='bbox 2916 4422 3164 4490; x_wconf 86' lang='lat' dir='ltr'><strong>quisnam</strong></span> <span class='ocrx_word' id='word_1_666' title='bbox 3201 4420 3273 4473; x_wconf 87' lang='lat' dir='ltr'><strong>sit</strong></span> <span class='ocrx_word' id='word_1_667' title='bbox 3297 4429 3448 4486; x_wconf 85' lang='lat' dir='ltr'><strong>pater</strong></span> 
     </span>
    </p>
   </div>
   <div class='ocr_carea' id='block_1_90' title="bbox 1900 4498 3445 4581">
    <p class='ocr_par' dir='ltr' id='par_1_90' title="bbox 1900 4498 3445 4581">
     <span class='ocr_line' id='line_1_90' title="bbox 1900 4498 3445 4581; baseline -0.001 -17"><span class='ocrx_word' id='word_1_668' title='bbox 1900 4512 1987 4565; x_wconf 91' lang='lat' dir='ltr'><strong>ille</strong></span> <span class='ocrx_word' id='word_1_669' title='bbox 2023 4512 2254 4579; x_wconf 85' lang='lat' dir='ltr'><strong>sapiens,</strong></span> <span class='ocrx_word' id='word_1_670' title='bbox 2289 4498 2379 4564; x_wconf 86' lang='lat' dir='ltr'><strong>aut</strong></span> <span class='ocrx_word' id='word_1_671' title='bbox 2404 4513 2619 4581; x_wconf 86' lang='lat' dir='ltr'><strong>quinam</strong></span> <span class='ocrx_word' id='word_1_672' title='bbox 2649 4514 2756 4567; x_wconf 88' lang='lat' dir='ltr'><strong>sint</strong></span> <span class='ocrx_word' id='word_1_673' title='bbox 2796 4514 2871 4566; x_wconf 91' lang='lat' dir='ltr'><strong>illi</strong></span> <span class='ocrx_word' id='word_1_674' title='bbox 2914 4513 3154 4581; x_wconf 76' lang='lat' dir='ltr'><strong>magistri</strong></span> <span class='ocrx_word' id='word_1_675' title='bbox 3193 4512 3406 4565; x_wconf 88' lang='lat' dir='ltr'><strong>virtutis</strong></span> <span class='ocrx_word' id='word_1_676' title='bbox 3431 4552 3445 4575; x_wconf 93' lang='lat'><strong>,</strong></span> 
     </span>
    </p>
   </div>
   <div class='ocr_carea' id='block_1_91' title="bbox 1870 4603 3449 4670">
    <p class='ocr_par' dir='ltr' id='par_1_91' title="bbox 1870 4603 3449 4670">
     <span class='ocr_line' id='line_1_91' title="bbox 1870 4603 3449 4670; baseline -0.001 -14"><span class='ocrx_word' id='word_1_677' title='bbox 1870 4620 1931 4656; x_wconf 54' lang='lat' dir='ltr'><strong>&#39;a</strong></span> <span class='ocrx_word' id='word_1_678' title='bbox 1976 4603 2167 4670; x_wconf 88' lang='lat' dir='ltr'><strong>quibus</strong></span> <span class='ocrx_word' id='word_1_679' title='bbox 2217 4618 2410 4669; x_wconf 89' lang='lat' dir='ltr'><strong>pueros</strong></span> <span class='ocrx_word' id='word_1_680' title='bbox 2458 4615 2512 4658; x_wconf 91' lang='lat' dir='ltr'><strong>et</strong></span> <span class='ocrx_word' id='word_1_681' title='bbox 2563 4604 2909 4658; x_wconf 89' lang='lat' dir='ltr'><strong>mulierculas</strong></span> <span class='ocrx_word' id='word_1_682' title='bbox 2940 4603 3358 4664; x_wconf 80' lang='lat' dir='ltr'><strong>abduxerimus;</strong></span> <span class='ocrx_word' id='word_1_683' title='bbox 3394 4610 3449 4654; x_wconf 90' lang='lat' dir='ltr'><strong>et</strong></span> 
     </span>
    </p>
   </div>
   <div class='ocr_carea' id='block_1_92' title="bbox 246 4675 1789 4763">
    <p class='ocr_par' dir='ltr' id='par_1_92' title="bbox 246 4691 1789 4763">
     <span class='ocr_line' id='line_1_92' title="bbox 246 4691 1789 4763; baseline 0 -19"><span class='ocrx_word' id='word_1_684' title='bbox 246 4691 378 4753; x_wconf 74' lang='grc' dir='ltr'>τοὺς</span> <span class='ocrx_word' id='word_1_685' title='bbox 394 4691 584 4756; x_wconf 81' lang='grc' dir='ltr'>παῖδας</span> <span class='ocrx_word' id='word_1_686' title='bbox 600 4691 693 4744; x_wconf 73' lang='grc' dir='ltr'><strong>καὶ</strong></span> <span class='ocrx_word' id='word_1_687' title='bbox 707 4691 773 4745; x_wconf 85' lang='grc' dir='ltr'>τὰ</span> <span class='ocrx_word' id='word_1_688' title='bbox 787 4692 977 4761; x_wconf 85' lang='grc' dir='ltr'>γύναια</span> <span class='ocrx_word' id='word_1_689' title='bbox 997 4700 1241 4763; x_wconf 75' lang='grc' dir='ltr'>παραστη</span> <span class='ocrx_word' id='word_1_690' title='bbox 1250 4694 1391 4747; x_wconf 88' lang='grc' dir='ltr'>σάτω</span> <span class='ocrx_word' id='word_1_691' title='bbox 1417 4696 1444 4747; x_wconf 87' lang='grc' dir='ltr'><strong>ὁ</strong></span> <span class='ocrx_word' id='word_1_692' title='bbox 1473 4694 1692 4757; x_wconf 83' lang='grc' dir='ltr'>Κέλσος,</span> <span class='ocrx_word' id='word_1_693' title='bbox 1712 4694 1789 4746; x_wconf 60' lang='grc' dir='ltr'>καῖ</span> 
     </span>
    </p>
   </div>
   <div class='ocr_carea' id='block_1_93' title="bbox 1889 4675 3449 4763">
    <p class='ocr_par' dir='ltr' id='par_1_93' title="bbox 1905 4690 3449 4759">
     <span class='ocr_line' id='line_1_93' title="bbox 1905 4690 3449 4759; baseline -0.004 -13"><span class='ocrx_word' id='word_1_694' title='bbox 1905 4693 2184 4746; x_wconf 86' lang='lat' dir='ltr'><strong>conferens</strong></span> <span class='ocrx_word' id='word_1_695' title='bbox 2214 4707 2333 4759; x_wconf 77' lang='lat' dir='ltr'><strong>qua:</strong></span> <span class='ocrx_word' id='word_1_696' title='bbox 2383 4694 2634 4747; x_wconf 85' lang='lat' dir='ltr'><strong>docemus</strong></span> <span class='ocrx_word' id='word_1_697' title='bbox 2667 4707 2858 4759; x_wconf 84' lang='lat' dir='ltr'><strong>pueros</strong></span> <span class='ocrx_word' id='word_1_698' title='bbox 2905 4700 2958 4743; x_wconf 85' lang='lat' dir='ltr'><strong>et</strong></span> <span class='ocrx_word' id='word_1_699' title='bbox 2993 4690 3327 4743; x_wconf 80' lang='lat' dir='ltr'><strong>nuilierculas</strong></span> <span class='ocrx_word' id='word_1_700' title='bbox 3357 4704 3449 4741; x_wconf 85' lang='lat' dir='ltr'><strong>no-</strong></span> 
     </span>
    </p>
   </div>
   <div class='ocr_carea' id='block_1_94' title="bbox 247 4783 1799 4855">
    <p class='ocr_par' dir='ltr' id='par_1_94' title="bbox 247 4783 1799 4855">
     <span class='ocr_line' id='line_1_94' title="bbox 247 4783 1799 4855; baseline -0.001 -18"><span class='ocrx_word' id='word_1_701' title='bbox 247 4783 736 4855; x_wconf 83' lang='grc' dir='ltr'>ἀντιπαραϐαλέτω</span> <span class='ocrx_word' id='word_1_702' title='bbox 768 4784 856 4837; x_wconf 76' lang='grc' dir='ltr'><strong>ἐπὶ</strong></span> <span class='ocrx_word' id='word_1_703' title='bbox 887 4783 993 4837; x_wconf 83' lang='grc' dir='ltr'>τῶν</span> <span class='ocrx_word' id='word_1_704' title='bbox 1020 4784 1344 4855; x_wconf 87' lang='grc' dir='ltr'>προσιόντων</span> <span class='ocrx_word' id='word_1_705' title='bbox 1378 4786 1455 4855; x_wconf 79' lang='grc' dir='ltr'><strong>τῷ</strong></span> <span class='ocrx_word' id='word_1_706' title='bbox 1481 4786 1620 4854; x_wconf 76' lang='grc' dir='ltr'>λόγῳ</span> <span class='ocrx_word' id='word_1_707' title='bbox 1648 4785 1799 4855; x_wconf 74' lang='grc' dir='ltr'>ἡμῶν</span> 
     </span>
    </p>
   </div>
   <div class='ocr_carea' id='block_1_95' title="bbox 248 4870 1798 4946">
    <p class='ocr_par' dir='ltr' id='par_1_95' title="bbox 248 4870 1798 4946">
     <span class='ocr_line' id='line_1_95' title="bbox 248 4870 1798 4946; baseline 0.001 -19"><span class='ocrx_word' id='word_1_708' title='bbox 248 4874 457 4928; x_wconf 86' lang='grc' dir='ltr'>παίδων</span> <span class='ocrx_word' id='word_1_709' title='bbox 522 4876 615 4928; x_wconf 80' lang='grc' dir='ltr'>καὶ</span> <span class='ocrx_word' id='word_1_710' title='bbox 644 4876 896 4946; x_wconf 79' lang='grc' dir='ltr'>γυναίων,</span> <span class='ocrx_word' id='word_1_711' title='bbox 937 4874 1137 4945; x_wconf 60' lang='grc' dir='ltr'><strong>⁴πιότερα</strong></span> <span class='ocrx_word' id='word_1_712' title='bbox 1174 4873 1325 4937; x_wconf 88' lang='grc' dir='ltr'>τίνας</span> <span class='ocrx_word' id='word_1_713' title='bbox 1364 4875 1471 4945; x_wconf 69' lang='grc'><strong>(42)</strong></span> <span class='ocrx_word' id='word_1_714' title='bbox 1508 4870 1581 4928; x_wconf 84' lang='grc' dir='ltr'>ὧν</span> <span class='ocrx_word' id='word_1_715' title='bbox 1606 4877 1798 4945; x_wconf 77' lang='grc' dir='ltr'>ἤκουον</span> 
     </span>
    </p>
   </div>
   <div class='ocr_carea' id='block_1_96' title="bbox 232 5067 1784 5148">
    <p class='ocr_par' dir='ltr' id='par_1_96' title="bbox 232 5067 1784 5148">
     <span class='ocr_line' id='line_1_96' title="bbox 232 5067 1784 5148; baseline -0.006 -10"><span class='ocrx_word' id='word_1_716' title='bbox 232 5124 243 5125; x_wconf 60' lang='grc' dir='ltr'><em>η</em></span> <span class='ocrx_word' id='word_1_717' title='bbox 328 5077 441 5148; x_wconf 77' lang='grc'><strong>(56)</strong></span> <span class='ocrx_word' id='word_1_718' title='bbox 474 5067 565 5138; x_wconf 86' lang='lat' dir='ltr'><strong>Sic</strong></span> <span class='ocrx_word' id='word_1_719' title='bbox 604 5096 731 5138; x_wconf 86' lang='lat' dir='ltr'><strong>mss.</strong></span> <span class='ocrx_word' id='word_1_720' title='bbox 777 5091 831 5137; x_wconf 89' lang='lat' dir='ltr'><strong>et</strong></span> <span class='ocrx_word' id='word_1_721' title='bbox 855 5080 1167 5143; x_wconf 87' lang='lat' dir='ltr'><strong>Philocalia,</strong></span> <span class='ocrx_word' id='word_1_722' title='bbox 1195 5079 1329 5133; x_wconf 88' lang='lat' dir='ltr'><strong>alias</strong></span> <span class='ocrx_word' id='word_1_723' title='bbox 1362 5094 1509 5143; x_wconf 88' lang='lat' dir='ltr'><strong>vero,</strong></span> <span class='ocrx_word' id='word_1_724' title='bbox 1536 5077 1784 5131; x_wconf 83' lang='grc' dir='ltr'>ἀπαιδεὺ-</span> 
     </span>
    </p>
   </div>
   <div class='ocr_carea' id='block_1_97' title="bbox 247 5165 395 5211">
    <p class='ocr_par' dir='ltr' id='par_1_97' title="bbox 247 5165 395 5211">
     <span class='ocr_line' id='line_1_97' title="bbox 247 5165 395 5211; baseline -0.02 -9"><span class='ocrx_word' id='word_1_725' title='bbox 247 5165 395 5211; x_wconf 85' lang='grc' dir='ltr'>τους.</span> 
     </span>
    </p>
   </div>
   <div class='ocr_carea' id='block_1_98' title="bbox 326 5220 1798 5308">
    <p class='ocr_par' dir='ltr' id='par_1_98' title="bbox 326 5220 1798 5308">
     <span class='ocr_line' id='line_1_98' title="bbox 326 5220 1798 5308; baseline -0.002 -14"><span class='ocrx_word' id='word_1_726' title='bbox 326 5238 440 5308; x_wconf 75' lang='lat'><strong>(37)</strong></span> <span class='ocrx_word' id='word_1_727' title='bbox 478 5234 654 5294; x_wconf 68' lang='lat' dir='ltr'><strong>Codex</strong></span> <span class='ocrx_word' id='word_1_728' title='bbox 680 5240 1231 5304; x_wconf 68' lang='lat' dir='ltr'><strong>Basileensis,xsvoi’q.</strong></span> <span class='ocrx_word' id='word_1_729' title='bbox 1261 5240 1428 5307; x_wconf 79' lang='lat' dir='ltr'><strong>Alias,</strong></span> <span class='ocrx_word' id='word_1_730' title='bbox 1457 5220 1679 5301; x_wconf 85' lang='grc' dir='ltr'>καινοῖς,</span> <span class='ocrx_word' id='word_1_731' title='bbox 1705 5240 1798 5291; x_wconf 86' lang='lat' dir='ltr'><strong>mi-</strong></span> 
     </span>
    </p>
   </div>
   <div class='ocr_carea' id='block_1_99' title="bbox 252 5308 1793 5378">
    <p class='ocr_par' dir='ltr' id='par_1_99' title="bbox 252 5308 1793 5378">
     <span class='ocr_line' id='line_1_99' title="bbox 252 5308 1793 5378; baseline -0.003 -13"><span class='ocrx_word' id='word_1_732' title='bbox 252 5320 359 5364; x_wconf 82' lang='lat' dir='ltr'><strong>nus</strong></span> <span class='ocrx_word' id='word_1_733' title='bbox 387 5310 542 5363; x_wconf 83' lang='lat' dir='ltr'><strong>bene.</strong></span> <span class='ocrx_word' id='word_1_734' title='bbox 567 5308 731 5361; x_wconf 79' lang='lat' dir='ltr'><strong>Paulo</strong></span> <span class='ocrx_word' id='word_1_735' title='bbox 766 5321 885 5378; x_wconf 84' lang='lat' dir='ltr'><strong>post</strong></span> <span class='ocrx_word' id='word_1_736' title='bbox 911 5310 1219 5367; x_wconf 79' lang='lat' dir='ltr'><strong>Boherellus</strong></span> <span class='ocrx_word' id='word_1_737' title='bbox 1247 5312 1588 5375; x_wconf 82' lang='lat' dir='ltr'><strong>scribendum</strong></span> <span class='ocrx_word' id='word_1_738' title='bbox 1619 5319 1793 5378; x_wconf 81' lang='lat' dir='ltr'><strong>putat,</strong></span> 
     </span>
    </p>
   </div>
   <div class='ocr_carea' id='block_1_100' title="bbox 249 5378 872 5449">
    <p class='ocr_par' dir='ltr' id='par_1_100' title="bbox 249 5378 872 5449">
     <span class='ocr_line' id='line_1_100' title="bbox 249 5378 872 5449; baseline -0.01 -13"><span class='ocrx_word' id='word_1_739' title='bbox 249 5380 547 5447; x_wconf 80' lang='grc' dir='ltr'>ἀποφανεῖν</span> <span class='ocrx_word' id='word_1_740' title='bbox 566 5378 872 5449; x_wconf 82' lang='grc' dir='ltr'>εὐδαίμονα.</span> 
     </span>
    </p>
   </div>
   <div class='ocr_carea' id='block_1_101' title="bbox 326 5469 1801 5542">
    <p class='ocr_par' dir='ltr' id='par_1_101' title="bbox 326 5469 1801 5542">
     <span class='ocr_line' id='line_1_101' title="bbox 326 5469 1801 5542; baseline -0.002 -17"><span class='ocrx_word' id='word_1_741' title='bbox 326 5472 440 5541; x_wconf 74' lang='grc'><strong>(58)</strong></span> <span class='ocrx_word' id='word_1_742' title='bbox 470 5469 803 5542; x_wconf 79' lang='grc' dir='ltr'>Διέτρεο-αν.</span> <span class='ocrx_word' id='word_1_743' title='bbox 854 5469 947 5542; x_wconf 72' lang='grc' dir='ltr'><strong>ΙιιιΔ</strong></span> <span class='ocrx_word' id='word_1_744' title='bbox 973 5470 1434 5542; x_wconf 33' lang='lat' dir='ltr'><strong>coddLVaticani,</strong></span> <span class='ocrx_word' id='word_1_745' title='bbox 1472 5470 1701 5542; x_wconf 63' lang='lat' dir='ltr'><strong>Regius,</strong></span> <span class='ocrx_word' id='word_1_746' title='bbox 1746 5477 1801 5522; x_wconf 93' lang='lat' dir='ltr'><strong>et</strong></span> 
     </span>
    </p>
   </div>
   <div class='ocr_carea' id='block_1_102' title="bbox 249 5538 1798 5612">
    <p class='ocr_par' dir='ltr' id='par_1_102' title="bbox 249 5538 1798 5612">
     <span class='ocr_line' id='line_1_102' title="bbox 249 5538 1798 5612; baseline -0.006 -13"><span class='ocrx_word' id='word_1_747' title='bbox 249 5538 583 5612; x_wconf 76' lang='lat' dir='ltr'><strong>Anglicanus</strong></span> <span class='ocrx_word' id='word_1_748' title='bbox 619 5541 821 5612; x_wconf 79' lang='lat' dir='ltr'><strong>primus</strong></span> <span class='ocrx_word' id='word_1_749' title='bbox 843 5576 860 5602; x_wconf 90' lang='lat'><strong>,</strong></span> <span class='ocrx_word' id='word_1_750' title='bbox 902 5539 1089 5612; x_wconf 76' lang='lat' dir='ltr'><strong>sicque</strong></span> <span class='ocrx_word' id='word_1_751' title='bbox 1110 5538 1261 5612; x_wconf 86' lang='lat' dir='ltr'><strong>_li_bh_._</strong></span> <span class='ocrx_word' id='word_1_752' title='bbox 1298 5543 1539 5612; x_wconf 84' lang='lat' dir='ltr'><strong>impressi</strong></span> <span class='ocrx_word' id='word_1_753' title='bbox 1556 5538 1798 5612; x_wconf 48' lang='lat' dir='ltr'><strong>inuitar-</strong></span> 
     </span>
    </p>
   </div>
   <div class='ocr_carea' id='block_1_103' title="bbox 251 5606 1799 5680">
    <p class='ocr_par' dir='ltr' id='par_1_103' title="bbox 251 5606 1799 5680">
     <span class='ocr_line' id='line_1_103' title="bbox 251 5606 1799 5680; baseline -0.004 -15"><span class='ocrx_word' id='word_1_754' title='bbox 251 5606 401 5678; x_wconf 57' lang='lat' dir='ltr'><strong>gin&#39;e,</strong></span> <span class='ocrx_word' id='word_1_755' title='bbox 446 5625 503 5666; x_wconf 87' lang='lat' dir='ltr'><strong>et</strong></span> <span class='ocrx_word' id='word_1_756' title='bbox 532 5606 884 5680; x_wconf 10' lang='lat' dir='ltr'><strong>rest—geitnina</strong></span> <span class='ocrx_word' id='word_1_757' title='bbox 902 5607 1079 5680; x_wconf 76' lang='lat' dir='ltr'><strong>lectio.</strong></span> <span class='ocrx_word' id='word_1_758' title='bbox 1105 5606 1499 5680; x_wconf 79' lang='lat' dir='ltr'><strong>Sic_llomerus,</strong></span> <span class='ocrx_word' id='word_1_759' title='bbox 1522 5606 1799 5678; x_wconf 84' lang='grc' dir='ltr'>διέτρεσαν</span> 
     </span>
    </p>
   </div>
   <div class='ocr_carea' id='block_1_104' title="bbox 248 5676 1795 5747">
    <p class='ocr_par' dir='ltr' id='par_1_104' title="bbox 248 5676 1795 5747">
     <span class='ocr_line' id='line_1_104' title="bbox 248 5676 1795 5747; baseline -0.006 -11"><span class='ocrx_word' id='word_1_760' title='bbox 248 5676 466 5743; x_wconf 68' lang='grc' dir='ltr'>ἄλλυδις</span> <span class='ocrx_word' id='word_1_761' title='bbox 492 5676 673 5741; x_wconf 73' lang='grc' dir='ltr'>ἄλλοςῖ</span> <span class='ocrx_word' id='word_1_762' title='bbox 712 5676 1042 5743; x_wconf 70' lang='grc' dir='ltr'>ῌωδειιειίιιε</span> <span class='ocrx_word' id='word_1_763' title='bbox 1085 5686 1139 5729; x_wconf 88' lang='lat' dir='ltr'><strong>et</strong></span> <span class='ocrx_word' id='word_1_764' title='bbox 1187 5676 1492 5747; x_wconf 79' lang='lat' dir='ltr'><strong>Spencerus</strong></span> <span class='ocrx_word' id='word_1_765' title='bbox 1542 5682 1596 5732; x_wconf 86' lang='lat' dir='ltr'><strong>in</strong></span> <span class='ocrx_word' id='word_1_766' title='bbox 1632 5676 1795 5741; x_wconf 80' lang='lat' dir='ltr'><strong>textu,</strong></span> 
     </span>
    </p>
   </div>
   <div class='ocr_carea' id='block_1_105' title="bbox 246 5751 555 5821">
    <p class='ocr_par' dir='ltr' id='par_1_105' title="bbox 246 5751 555 5821">
     <span class='ocr_line' id='line_1_105' title="bbox 246 5751 555 5821; baseline 0 -18"><span class='ocrx_word' id='word_1_767' title='bbox 246 5751 555 5821; x_wconf 75' lang='grc' dir='ltr'>διέτρεψαν.</span> 
     </span>
    </p>
   </div>
   <div class='ocr_carea' id='block_1_106' title="bbox 320 5838 1787 5917">
    <p class='ocr_par' dir='ltr' id='par_1_106' title="bbox 320 5838 1787 5917">
     <span class='ocr_line' id='line_1_106' title="bbox 320 5838 1787 5917; baseline -0.003 -20"><span class='ocrx_word' id='word_1_768' title='bbox 320 5844 432 5917; x_wconf 77' lang='grc'><strong>(59)</strong></span> <span class='ocrx_word' id='word_1_769' title='bbox 481 5840 932 5909; x_wconf 70' lang='grc' dir='ltr'>Ἐθελήσουσιν.</span> <span class='ocrx_word' id='word_1_770' title='bbox 960 5838 1151 5894; x_wconf 78' lang='lat' dir='ltr'><strong>Guieto</strong></span> <span class='ocrx_word' id='word_1_771' title='bbox 1194 5838 1401 5893; x_wconf 82' lang='lat' dir='ltr'><strong>videtur</strong></span> <span class='ocrx_word' id='word_1_772' title='bbox 1432 5838 1787 5907; x_wconf 85' lang='lat' dir='ltr'><strong>scribendum,</strong></span> 
     </span>
    </p>
   </div>
   <div class='ocr_carea' id='block_1_107' title="bbox 1906 4778 3446 4850">
    <p class='ocr_par' dir='ltr' id='par_1_107' title="bbox 1906 4778 3446 4850">
     <span class='ocr_line' id='line_1_107' title="bbox 1906 4778 3446 4850; baseline -0.005 -14"><span class='ocrx_word' id='word_1_773' title='bbox 1906 4795 2071 4837; x_wconf 83' lang='lat' dir='ltr'><strong>stram</strong></span> <span class='ocrx_word' id='word_1_774' title='bbox 2101 4785 2401 4839; x_wconf 87' lang='lat' dir='ltr'><strong>doctrinam</strong></span> <span class='ocrx_word' id='word_1_775' title='bbox 2433 4783 2706 4850; x_wconf 79' lang='lat' dir='ltr'><strong>amplexos</strong></span> <span class='ocrx_word' id='word_1_776' title='bbox 2747 4796 2868 4833; x_wconf 90' lang='lat' dir='ltr'><strong>cum</strong></span> <span class='ocrx_word' id='word_1_777' title='bbox 2914 4781 2978 4831; x_wconf 90' lang='lat' dir='ltr'><strong>iis</strong></span> <span class='ocrx_word' id='word_1_778' title='bbox 3005 4794 3122 4846; x_wconf 68' lang='lat' dir='ltr'><strong>quae</strong></span> <span class='ocrx_word' id='word_1_779' title='bbox 3155 4788 3278 4831; x_wconf 88' lang='lat' dir='ltr'><strong>ante</strong></span> <span class='ocrx_word' id='word_1_780' title='bbox 3311 4778 3446 4831; x_wconf 88' lang='lat' dir='ltr'><strong>didi-</strong></span> 
     </span>
    </p>
   </div>
   <div class='ocr_carea' id='block_1_108' title="bbox 1906 4869 3446 4945">
    <p class='ocr_par' dir='ltr' id='par_1_108' title="bbox 1906 4869 3446 4945">
     <span class='ocr_line' id='line_1_108' title="bbox 1906 4869 3446 4945; baseline -0.003 -19"><span class='ocrx_word' id='word_1_781' title='bbox 1906 4883 2111 4937; x_wconf 85' lang='lat' dir='ltr'><strong>cerant,</strong></span> <span class='ocrx_word' id='word_1_782' title='bbox 2160 4873 2321 4945; x_wconf 68' lang='lat'><strong>485</strong></span> <span class='ocrx_word' id='word_1_783' title='bbox 2354 4873 2603 4925; x_wconf 85' lang='lat' dir='ltr'><strong>ostendat</strong></span> <span class='ocrx_word' id='word_1_784' title='bbox 2648 4886 2742 4924; x_wconf 87' lang='lat' dir='ltr'><strong>eos</strong></span> <span class='ocrx_word' id='word_1_785' title='bbox 2787 4871 2854 4923; x_wconf 90' lang='lat' dir='ltr'><strong>ab</strong></span> <span class='ocrx_word' id='word_1_786' title='bbox 2888 4870 3126 4923; x_wconf 85' lang='lat' dir='ltr'><strong>honestis</strong></span> <span class='ocrx_word' id='word_1_787' title='bbox 3158 4869 3446 4936; x_wconf 85' lang='lat' dir='ltr'><strong>probisque</strong></span> 
     </span>
    </p>
   </div>
   <div class='ocr_carea' id='block_1_109' title="bbox 1901 5074 2990 5151">
    <p class='ocr_par' dir='ltr' id='par_1_109' title="bbox 1901 5074 2990 5151">
     <span class='ocr_line' id='line_1_109' title="bbox 1901 5074 2990 5151; baseline -0.005 -20"><span class='ocrx_word' id='word_1_788' title='bbox 1901 5080 2265 5151; x_wconf 80' lang='grc' dir='ltr'>ὲκθλήσουσιν.</span> <span class='ocrx_word' id='word_1_789' title='bbox 2297 5079 2403 5147; x_wconf 81' lang='lat' dir='ltr'><strong>Ego</strong></span> <span class='ocrx_word' id='word_1_790' title='bbox 2428 5076 2563 5129; x_wconf 90' lang='lat' dir='ltr'><strong>nihil</strong></span> <span class='ocrx_word' id='word_1_791' title='bbox 2590 5075 2781 5130; x_wconf 86' lang='lat' dir='ltr'><strong>mutari</strong></span> <span class='ocrx_word' id='word_1_792' title='bbox 2810 5074 2990 5127; x_wconf 88' lang='lat' dir='ltr'><strong>velim.</strong></span> 
     </span>
    </p>
   </div>
   <div class='ocr_carea' id='block_1_110' title="bbox 1973 5184 3445 5253">
    <p class='ocr_par' dir='ltr' id='par_1_110' title="bbox 1973 5184 3445 5253">
     <span class='ocr_line' id='line_1_110' title="bbox 1973 5184 3445 5253; baseline -0.001 -13"><span class='ocrx_word' id='word_1_793' title='bbox 1973 5188 2081 5253; x_wconf 69' lang='lat'><strong>(60)</strong></span> <span class='ocrx_word' id='word_1_794' title='bbox 2117 5188 2241 5241; x_wconf 85' lang='lat' dir='ltr'><strong>Mss.</strong></span> <span class='ocrx_word' id='word_1_795' title='bbox 2280 5188 2589 5252; x_wconf 77' lang='grc' dir='ltr'>Πείθωσιν,</span> <span class='ocrx_word' id='word_1_796' title='bbox 2642 5186 2976 5239; x_wconf 74' lang='grc' dir='ltr'>Πωδοιιοιῖιιε</span> <span class='ocrx_word' id='word_1_797' title='bbox 3024 5193 3077 5238; x_wconf 94' lang='lat' dir='ltr'><strong>et</strong></span> <span class='ocrx_word' id='word_1_798' title='bbox 3127 5184 3445 5252; x_wconf 85' lang='lat' dir='ltr'><strong>Spencerus,</strong></span> 
     </span>
    </p>
   </div>
   <div class='ocr_carea' id='block_1_111' title="bbox 1902 5258 2807 5310">
    <p class='ocr_par' dir='ltr' id='par_1_111' title="bbox 1902 5258 2807 5310">
     <span class='ocr_line' id='line_1_111' title="bbox 1902 5258 2807 5310; baseline 0 -2"><span class='ocrx_word' id='word_1_799' title='bbox 1902 5258 2192 5310; x_wconf 82' lang='grc' dir='ltr'>πείθουσιν.</span> <span class='ocrx_word' id='word_1_800' title='bbox 2804 5294 2807 5295; x_wconf 49' lang='grc' dir='ltr'><em>ν</em></span> 
     </span>
    </p>
   </div>
   <div class='ocr_carea' id='block_1_112' title="bbox 1973 5343 3450 5440">
    <p class='ocr_par' dir='ltr' id='par_1_112' title="bbox 1973 5343 3450 5440">
     <span class='ocr_line' id='line_1_112' title="bbox 1973 5343 3450 5440; baseline -0.005 -18"><span class='ocrx_word' id='word_1_801' title='bbox 1973 5370 2080 5440; x_wconf 61' lang='lat' dir='ltr'><strong>(At)</strong></span> <span class='ocrx_word' id='word_1_802' title='bbox 2118 5343 2501 5440; x_wconf 55' lang='grc' dir='ltr'>Διεξαέχσωγῆς.</span> <span class='ocrx_word' id='word_1_803' title='bbox 2535 5365 2837 5419; x_wconf 78' lang='lat' dir='ltr'><strong>Bolicrellus</strong></span> <span class='ocrx_word' id='word_1_804' title='bbox 2862 5374 3045 5419; x_wconf 82' lang='lat' dir='ltr'><strong>censet</strong></span> <span class='ocrx_word' id='word_1_805' title='bbox 3078 5365 3265 5419; x_wconf 88' lang='lat' dir='ltr'><strong>melius</strong></span> <span class='ocrx_word' id='word_1_806' title='bbox 3315 5363 3450 5416; x_wconf 86' lang='lat' dir='ltr'><strong>forte</strong></span> 
     </span>
    </p>
   </div>
   <div class='ocr_carea' id='block_1_113' title="bbox 1904 5437 3247 5511">
    <p class='ocr_par' dir='ltr' id='par_1_113' title="bbox 1904 5437 3247 5511">
     <span class='ocr_line' id='line_1_113' title="bbox 1904 5437 3247 5511; baseline -0.014 -17"><span class='ocrx_word' id='word_1_807' title='bbox 1904 5437 2003 5511; x_wconf 80' lang='lat' dir='ltr'><strong>legi</strong></span> <span class='ocrx_word' id='word_1_808' title='bbox 2037 5437 2189 5507; x_wconf 80' lang='lat' dir='ltr'><strong>posse</strong></span> <span class='ocrx_word' id='word_1_809' title='bbox 2212 5437 2501 5506; x_wconf 78' lang='grc' dir='ltr'>διαγωγῆς.</span> <span class='ocrx_word' id='word_1_810' title='bbox 3243 5471 3247 5475; x_wconf 80' lang='lat'><strong>.</strong></span> 
     </span>
    </p>
   </div>
   <div class='ocr_carea' id='block_1_114' title="bbox 1978 5542 3455 5622">
    <p class='ocr_par' dir='ltr' id='par_1_114' title="bbox 1978 5542 3455 5622">
     <span class='ocr_line' id='line_1_114' title="bbox 1978 5542 3455 5622; baseline -0.007 -15"><span class='ocrx_word' id='word_1_811' title='bbox 1978 5551 2089 5622; x_wconf 66' lang='grc'><strong>(42)</strong></span> <span class='ocrx_word' id='word_1_812' title='bbox 2130 5551 2355 5622; x_wconf 79' lang='grc' dir='ltr'>Πότερα</span> <span class='ocrx_word' id='word_1_813' title='bbox 2382 5550 2569 5622; x_wconf 64' lang='grc' dir='ltr'>τινας,</span> <span class='ocrx_word' id='word_1_814' title='bbox 2600 5557 2707 5622; x_wconf 67' lang='grc' dir='ltr'>εις.</span> <span class='ocrx_word' id='word_1_815' title='bbox 2737 5546 2880 5622; x_wconf 66' lang='lat' dir='ltr'><strong>Lego</strong></span> <span class='ocrx_word' id='word_1_816' title='bbox 2904 5563 3023 5601; x_wconf 90' lang='lat' dir='ltr'><strong>cum</strong></span> <span class='ocrx_word' id='word_1_817' title='bbox 3052 5545 3233 5622; x_wconf 74' lang='lat' dir='ltr'><strong>eodem</strong></span> <span class='ocrx_word' id='word_1_818' title='bbox 3280 5542 3455 5622; x_wconf 77' lang='lat' dir='ltr'><strong>Bohe-</strong></span> 
     </span>
    </p>
   </div>
   <div class='ocr_carea' id='block_1_115' title="bbox 1906 5614 3450 5689">
    <p class='ocr_par' dir='ltr' id='par_1_115' title="bbox 1906 5614 3450 5689">
     <span class='ocr_line' id='line_1_115' title="bbox 1906 5614 3450 5689; baseline -0.008 -11"><span class='ocrx_word' id='word_1_819' title='bbox 1906 5614 2083 5685; x_wconf 59' lang='lat' dir='ltr'><strong>rello,&#39;</strong></span> <span class='ocrx_word' id='word_1_820' title='bbox 2114 5614 2312 5689; x_wconf 79' lang='grc' dir='ltr'>πότερα</span> <span class='ocrx_word' id='word_1_821' title='bbox 2344 5620 2485 5681; x_wconf 85' lang='grc' dir='ltr'>τίνα,</span> <span class='ocrx_word' id='word_1_822' title='bbox 2522 5630 2625 5671; x_wconf 90' lang='lat' dir='ltr'><strong>etc.</strong></span> <span class='ocrx_word' id='word_1_823' title='bbox 2654 5616 2853 5689; x_wconf 73' lang='lat' dir='ltr'><strong>Guietq</strong></span> <span class='ocrx_word' id='word_1_824' title='bbox 2900 5630 3074 5689; x_wconf 79' lang='lat' dir='ltr'><strong>autem</strong></span> <span class='ocrx_word' id='word_1_825' title='bbox 3108 5614 3450 5689; x_wconf 58' lang='lat' dir='ltr'><strong>scribemlunt</strong></span> 
     </span>
    </p>
   </div>
   <div class='ocr_carea' id='block_1_116' title="bbox 1904 5681 3449 5759">
    <p class='ocr_par' dir='ltr' id='par_1_116' title="bbox 1904 5681 3449 5759">
     <span class='ocr_line' id='line_1_116' title="bbox 1904 5681 3449 5759; baseline -0.01 -13"><span class='ocrx_word' id='word_1_826' title='bbox 1904 5681 2203 5759; x_wconf 77' lang='lat' dir='ltr'><strong>videbatur,</strong></span> <span class='ocrx_word' id='word_1_827' title='bbox 2242 5681 2443 5759; x_wconf 70' lang='grc' dir='ltr'>πότερα</span> <span class='ocrx_word' id='word_1_828' title='bbox 2471 5689 2618 5759; x_wconf 73' lang='grc' dir='ltr'>τίνας</span> <span class='ocrx_word' id='word_1_829' title='bbox 2644 5687 2968 5759; x_wconf 15' lang='grc' dir='ltr'>’ἀφιστῷᾲμεν</span> <span class='ocrx_word' id='word_1_830' title='bbox 3002 5687 3109 5759; x_wconf 74' lang='grc' dir='ltr'>τῶν</span> <span class='ocrx_word' id='word_1_831' title='bbox 3142 5681 3449 5759; x_wconf 72' lang='grc' dir='ltr'>ἡμετέρων,</span> 
     </span>
    </p>
   </div>
   <div class='ocr_carea' id='block_1_117' title="bbox 1900 5754 3452 5829">
    <p class='ocr_par' dir='ltr' id='par_1_117' title="bbox 1900 5754 3452 5829">
     <span class='ocr_line' id='line_1_117' title="bbox 1900 5754 3452 5829; baseline -0.006 -15"><span class='ocrx_word' id='word_1_832' title='bbox 1900 5758 1976 5814; x_wconf 73' lang='grc' dir='ltr'>ὧν</span> <span class='ocrx_word' id='word_1_833' title='bbox 2004 5762 2217 5829; x_wconf 71' lang='grc' dir='ltr'>ἤκουον.</span> <span class='ocrx_word' id='word_1_834' title='bbox 2241 5754 2439 5829; x_wconf 71' lang='lat' dir='ltr'><strong>Ibidem</strong></span> <span class='ocrx_word' id='word_1_835' title='bbox 2470 5755 2823 5829; x_wconf 69' lang='grc' dir='ltr'>ρτιιβελτίονα</span> <span class='ocrx_word' id='word_1_836' title='bbox 2842 5754 3173 5829; x_wconf 68' lang='lat' dir='ltr'><strong>llmschelius</strong></span> <span class='ocrx_word' id='word_1_837' title='bbox 3202 5762 3253 5806; x_wconf 89' lang='lat' dir='ltr'><strong>el</strong></span> <span class='ocrx_word' id='word_1_838' title='bbox 3282 5754 3452 5820; x_wconf 81' lang='lat' dir='ltr'><strong>Speu-</strong></span> 
     </span>
    </p>
   </div>
   <div class='ocr_carea' id='block_1_118' title="bbox 1904 5826 2987 5897">
    <p class='ocr_par' dir='ltr' id='par_1_118' title="bbox 1904 5826 2987 5897">
     <span class='ocr_line' id='line_1_118' title="bbox 1904 5826 2987 5897; baseline -0.01 -9"><span class='ocrx_word' id='word_1_839' title='bbox 1904 5826 2061 5888; x_wconf 24' lang='lat' dir='ltr'><strong>ceruis</strong></span> <span class='ocrx_word' id='word_1_840' title='bbox 2089 5829 2284 5884; x_wconf 81' lang='lat' dir='ltr'><strong>habent</strong></span> <span class='ocrx_word' id='word_1_841' title='bbox 2309 5828 2359 5881; x_wconf 88' lang='lat' dir='ltr'><strong>in</strong></span> <span class='ocrx_word' id='word_1_842' title='bbox 2388 5827 2650 5897; x_wconf 78' lang='lat' dir='ltr'><strong>margine,</strong></span> <span class='ocrx_word' id='word_1_843' title='bbox 2687 5826 2987 5895; x_wconf 76' lang='grc' dir='ltr'>βελτιόνων.</span> 
     </span>
    </p>
   </div>
  </div>
