4100 6318
655 359 759 420 ενδ
993 392 1000 398 -
2101 348 2422 420 ORIGE'Nl-S
2497 399 2501 402 «
3749 369 3855 427 996

653 478 990 567 documentis
1010 481 1075 534 ad
1108 481 1290 551 pejora
1313 481 1482 537 fuisse
1507 496 1537 536 a
1565 483 1723 538 nobis
1764 492 2040 539 avocatos.
2090 483 2185 538 Sed

2299 483 2541 553 βελτίονα
2567 483 2675 538 τῶν
2699 481 3001 554 ἡμετέρων,
3028 483 3250 559 καὶτίνα
3265 484 3463 558 τρόπον
3489 484 3672 540 καλῶν
3692 503 3854 544 τινων

605 581 607 584 ‘
650 570 941 641 quidquam
978 572 1152 627 simile
1195 574 1468 645 nunquam
1513 575 1583 629 de
1631 575 1788 629 nobis
1824 576 2185 632 demonstrare

2295 572 2612 644 καὶσεμνῶν
2635 574 2966 644 μαθημάτων
2987 574 3305 643 ἀφιστάντες
3326 575 3520 639 παῖδας
3541 577 3636 630 καὶ
3660 576 3855 645 γύναια

650 659 1013 730 ροιετίι.”1ιιιο
1041 663 1381 721 mulierculas
1424 667 1718 722 avertimus
1747 667 1814 720 ab
1838 666 2192 735 impudicitia,

648 751 718 804 ab
733 753 1048 807 exercendis
1060 769 1179 809 cum
1198 756 1404 810 maritis
1419 756 1798 822 simultatibus,
1817 771 1846 809 a
1865 757 2192 810 theatrorum

650 840 1101 913 saltationumque
1131 845 1336 899 insania
1356 886 1370 910 ,
1397 863 1424 900 a
1450 847 1862 916 superstitione;
1901 847 2194 915 puberibus

649 941 824 985 autem
853 933 1035 1001 pueris
1061 934 1462 990 lascivientibus
1492 946 1546 989 et
1578 937 1629 989 in
1662 936 1919 991 Venerem
1947 937 2194 1004 prurien-

647 1019 789 1074 libus
809 1019 991 1078 frenos
1014 1023 1304 1092 injicimus,
1338 1023 1630 1078 admonitis
1655 1041 1759 1078 non
1788 1027 1956 1079 solum
1987 1037 2216 1095 quanta-

647 1110 882 1166 libidinis
910 1112 1127 1166 infamia
1150 1114 1241 1178 sit,
1269 1115 1358 1167 sed
1382 1115 1544 1168 etiam
1575 1125 1832 1184 quantum
1855 1117 1978 1170 inde
1999 1120 2194 1172 animae

651 1204 1016 1274 improborum
1046 1204 1322 1260 immineat
1369 1207 1689 1274 periculum,
1718 1223 1853 1276 quas
1876 1222 2064 1278 poenas
2088 1208 2193 1264 lui-

646 1303 764 1349 tura
792 1296 892 1364 sit,
917 1311 1036 1368 qua:
1063 1297 1207 1351 illam
1229 1298 1486 1370 supplicia
1514 1307 1788 1355 maneant.

715 1561 801 1616 57.
842 1560 906 1616 Et
933 1562 1022 1630 qui
1053 1574 1177 1616 sunt
1210 1563 1287 1616 illi
1317 1572 1695 1633 praeceptores,
1739 1577 1997 1632 quorum,
2031 1563 2186 1633 quasi

643 1648 864 1701 meliora
889 1650 1160 1715 docerent,
1189 1652 1543 1717 patrocinium
1571 1652 1797 1718 suscipit
1821 1651 2024 1713 Celsus,
2055 1667 2190 1721 quos

643 1735 874 1790 delirare
908 1747 962 1791 et
992 1749 1171 1791 mente
1215 1747 1404 1808 captos
1448 1752 1569 1793 esse
1598 1737 1864 1792 dicimus?
1895 1737 2006 1793 Nisi
2050 1736 2188 1791 forte

2294 666 2386 718 ἐπὶ
2418 664 2485 718 τὰ
2526 666 2741 736 χείρονα
2774 664 3206 737 προκαλούμεθα.
3251 665 3388 720 Ἀλλ’
3421 668 3518 738 οὐχ
3544 668 3656 734 ἕξει
3683 685 3855 738 παρα-

2295 758 2488 833 στῆσαι
2517 757 2576 810 τὸ
2597 756 2802 810 τοιοῦτο
2830 755 2949 810 καθ’
2974 755 3148 827 ἡμῶν·
3183 755 3490 810 τούναντίον
3519 755 3629 827 γὰρ
3656 755 3728 808 τὰ
3758 756 3854 826 μὲν

2291 846 2486 915 γύναια
2517 845 2805 909 ἀκολασίας
2844 846 2936 898 καὶ
2954 845 3290 916 διαστροφῆς
3313 845 3413 915 τῆς
3451 845 3560 897 ἀπὸ
3583 845 3694 900 τῶν
3740 862 3857 896 σν*

2291 938 2456 994 όντων
2509 934 2832 1008 ἀφίσταμεν,
2870 937 2964 990 καὶ
2999 936 3174 1007 πάσης
3212 935 3619 1007 θεατρομανίας,
3648 937 3745 988 καὶ
3767 936 3852 1007 ὀρ-

2291 1030 2708 1100 χηστρομανίας,
2727 1020 2818 1081 καὶ
2836 1028 3251 1099 δεισιδαιμονίας
3277 1028 3408 1099 (45),
3428 1029 3552 1092 τοὺς
3572 1028 3629 1080 δὲ
3650 1028 3845 1092 παῖδας

2291 1120 2415 1191 άρτι
2440 1121 2683 1191 ἡϐῶντας
2703 1121 2793 1173 καὶ
2814 1119 3151 1191 σφριγῶντας
3175 1123 3293 1182 ταῖς
3317 1120 3443 1193 περὶ
3467 1120 3846 1192 τάάφροδίσια

2290 1211 2499 1282 ὀρέξεσι
2538 1211 2970 1283 σωφρονίζομεν,
3017 1211 3403 1282 παρατιθέντες
3430 1212 3492 1264 ού
3525 1213 3684 1281 μόνον
3711 1211 3771 1263 τὸ
3793 1212 3849 1262 ὲν

2288 1305 2401 1365 τοῖς
2442 1301 2910 1374 ἁμαρτανομένοις
2941 1301 3182 1372 αἰαχρὸν,
3219 1301 3351 1354 ἀλλὰ
3384 1303 3474 1356 καὶ
3506 1305 3562 1355 ἐν
3595 1297 3678 1364 οἷς
3700 1303 3850 1354 ἔσται

2288 1392 2378 1446 διὰ
2404 1394 2472 1447 τὰ
2505 1395 2729 1448 τοιαῦτα
2750 1385 2946 1465 ’ἡτῶν
2977 1393 3192 1462 φαύλων
3229 1393 3394 1464 ψυχὴ,
3431 1394 3526 1446 καὶ
3567 1394 3684 1457 οἵας
3711 1393 3854 1447 τίσει

2288 1483 2463 1548 δίκας,
2495 1487 2589 1538 καὶ
2617 1486 2692 1548 ὡς
2713 1484 3124 1555 κολασθήσεται.

2357 1574 2600 1648 Τίναςνδὲ
2625 1575 2966 1638 διδασκάλους
3004 1574 3233 1644 λέγομεν
3263 1571 3447 1645 ληρεῖν
3489 1575 3582 1626 καὶ
3607 1573 3852 1643 ἀποπλή-

2289 1682 2449 1729 κτους
2475 1663 2634 1732 εἶναι,
2669 1669 2806 1740 ὑπὲρ
2833 1662 2907 1722 ὧν
2934 1669 2962 1720 ὁ
2989 1665 3192 1730 Κέλσος
3221 1667 3449 1731 ἵσταται,
3473 1665 3547 1730 ὡς
3578 1665 3848 1718 διδασκόν-

2287 1773 2396 1810 των
2423 1756 2493 1809 τά
2521 1757 2831 1827 κρείττονας
2860 1759 2907 1811 εί
2934 1749 3008 1831 μῆ
3041 1759 3148 1831 ἀρα
3186 1757 3380 1821 καλοὺς
3412 1755 3579 1809 οἴεται
3603 1755 3846 1808 meum

641 1828 839 1897 probos
865 1839 918 1882 et
949 1844 1054 1882 non
1090 1840 1264 1883 mente
1304 1841 1489 1898 captos
1535 1838 1888 1898 praceptores
1921 1829 2185 1883 existimet

2288 1846 2411 1910 λους
2432 1826 2666 1914 γυναίων
2688 1848 2778 1899 καὶ
2818 1848 2891 1918 μὴ
2916 1826 3211 1920 ληροῦντας
3247 1849 3373 1911 τοὺς
3405 1847 3496 1900 ἐπὶ
3522 1840 3851 1914 δεισιδαιμο-

639 1933 752 1981 eos,
783 1918 873 1987 qui
907 1919 1162 1972 mulieres
1192 1919 1257 1972 ad
1289 1921 1726 1987 superstitionem
1752 1931 1807 1974 et
1838 1921 2044 1987 impura
2073 1935 2191 1987 spe-

614 2014 848 2087 Ictacula
900 2009 1253 2087 compellunt;
1311 2011 1412 2064 nisi
1461 2028 1591 2068 sano
1636 2016 1814 2081 capite
1851 2012 1966 2066 illos
2004 2021 2183 2080 putet,

636 2102 728 2170 qui
787 2101 1159 2156 adolescentes
1211 2101 1426 2156 trahunt
1474 2105 1793 2172 rapiuntque
1846 2105 1912 2158 ad
1961 2104 2185 2157 crimina

638 2192 726 2246 ilia
775 2194 984 2256 omnia,
1033 2208 1152 2261 quae
1188 2194 1389 2247 scimus
1441 2194 1506 2245 ab
1545 2195 1651 2247 illis
1686 2195 1948 2248 committi
1999 2196 2187 2261 saepis-

636 2286 793 2338 sime.
835 2284 938 2339 Eos
971 2284 1155 2348 etiam,
1184 2271 1274 2352 qui
1319 2285 1668 2355 phil050phize
1695 2287 1824 2338 dant
1850 2301 2088 2352 operam,
2119 2285 2186 2338 ad

638 2383 874 2427 nostram
918 2375 1231 2446 religionem
1280 2390 1600 2428 revocamus
1639 2390 1738 2444 pro
1783 2375 2011 2438 viribus,
2056 2375 2187 2428 illis-

636 2478 741 2530 que
779 2465 896 2534 eius
942 2462 996 2520 et
1043 2466 1408 2520 sinceritatem
1445 2467 1884 2533 commendamus
1920 2474 1972 2518 et
2004 2465 2184 2518 excel-

637 2551 881 2611 lentiam.
912 2557 969 2610 Id
997 2572 1026 2609 a
1054 2557 1206 2611 nobis
1235 2555 1351 2608 ﬁeri
1401 2564 1562 2625 negat
1598 2556 1891 2619 Celsus,,et
1930 2556 2072 2610 solos
2105 2555 2187 2608 fa-

637 2652 759 2699 tuos
801 2647 981 2700 vocari
1018 2649 1272 2717 disputat.
1302 2649 1407 2702 Sed
1446 2663 1542 2718 ego
1574 2647 1645 2701 illi
1679 2649 1905 2702 dixerim
1941 2669 1952 2702 :
1996 2647 2052 2700 Si
2090 2662 2185 2701 ac-

635 2750 854 2791 cusares
883 2740 1024 2804 quod
1062 2749 1362 2795 avertamus
1397 2759 1491 2797 eos
1517 2758 1544 2795 a
1581 2741 1916 2811 philosophia
1945 2742 2033 2810 qui
2073 2740 2182 2809 jam

633 2827 724 2884 Illa
754 2829 940 2884 imbuti
970 2841 1113 2895 sunt,
1140 2849 1245 2886 non
1279 2849 1401 2888 vera
1443 2836 1680 2904 quidem,
1709 2836 1802 2888 sed
1843 2845 2021 2887 tamen
2057 2848 2188 2901 pre-

2287 1933 2405 1988 νίαν
2430 1935 2524 1988 καὶ
2549 1935 2642 1998 τάς
2686 1935 3012 2000 ἀκολάστους
3039 1937 3166 2001 θέας
3213 1936 3686 2008 προκαλουμένους
3705 1951 3720 1964 ·
3765 1935 3848 1986 ἔτι

2285 2026 2342 2079 δὲ
2366 2027 2460 2080 καὶ
2487 2026 2562 2096 μὴ
2598 2025 2977 2097 ἀποπλήκτους
3007 2025 3143 2081 εἶναι
3179 2030 3304 2091 τοὺς
3342 2029 3570 2095 ἄγοντας
3613 2027 3706 2078 καὶ
3747 2023 3845 2092 φέ-

2288 2130 2476 2185 ροντας
2507 2114 2634 2176 τοὺς
2663 2113 2814 2177 νέους
2839 2113 2932 2166 ἐπὶ
2953 2116 3161 2187 πάντα,
3183 2115 3281 2168 ὅσα
3308 2114 3462 2185 ἴσμεν
3487 2115 3731 2176 ἀτάκτως
3753 2113 3846 2166 ὑπ’

2285 2205 2459 2257 αὐτῶν
2483 2203 2744 2272 πολλαχοῦ
2765 2205 3077 2275 γιγνόμενα.
3115 2206 3302 2275 Ἡμεῖς
3333 2205 3430 2275 μὲν
3453 2201 3545 2257 οῦν
3582 2205 3679 2258 καὶ
3711 2205 3842 2269 τοὺς

2287 2293 2410 2356 ἀπὸ,
2433 2292 2730 2360 φιλοσόφων
2766 2291 3068 2361 δογμάτων,
3117 2293 3213 2361 ὅση
3250 2291 3502 2362 δύναμις,
3545 2292 3845 2362 προκαλούο

2290 2381 2426 2453 μεθα
2467 2384 2558 2435 ἐπὶ
2601 2383 2696 2453 τὴν
2749 2383 2869 2436 καθ’
2903 2385 3051 2454 ἡμᾶς
3096 2383 3414 2447 θεοσέϐειαν,
3457 2383 3520 2435 τὸ
3567 2383 3844 2456 ἐξαίρετον

2286 2473 2379 2528 καὶ
2410 2471 2470 2524 τὸ
2496 2473 2777 2542 εἰλικρινὲς
2812 2473 2978 2545 αὐτῆς
3009 2473 3391 2545 παριστάντες-
3430 2473 3551 2524 ἐπεὶ
3583 2473 3641 2525 δὲ
3665 2473 3732 2525 δι’
3764 2466 3841 2526 ὧν

2285 2563 2465 2631 ἔλεγεν
2507 2567 2535 2616 ὁ
2577 2564 2781 2627 Κέλσος
2825 2565 3165 2636 παρέστησε,
3209 2565 3363 2618 τοῦτο
3422 2565 3520 2635 μὲν
3564 2566 3709 2638 ἡμᾶς
3767 2565 3845 2636 μὴ

2287 2656 2475 2719 ποιεῖν,
2506 2656 2694 2724 μόνους
2729 2657 2785 2709 δὲ
2807 2659 2930 2721 τοὺς
2969 2659 3223 2728 ἀνοήτους
3253 2657 3462 2711 καλεῖν·
3495 2657 3743 2728 εἴποιμεν
3780 2657 3845 2710 ἂν

2285 2745 2420 2815 πρὸς
2443 2746 2625 2799 αὐτόν’
2655 2748 2718 2800 El
2754 2748 2851 2818 μὲν
2879 2750 3149 2812 ἐνεκάλεις
3172 2751 3299 2820 ἡμῖν
3322 2749 3396 2812 ὡς
3440 2749 3710 2818 ἀφιστῶσι
3734 2746 3846 2818 (μ)

2286 2836 2595 2905 φιλοσοφίας
2638 2840 2762 2902 τοὺς
2811 2840 2911 2910 ἥδη
2964 2839 3528 2911 προκατειλημμένους
3570 2841 3628 2892 ὲν
3674 2839 3844 2908 αὐτῇ.

632 2915 828 2972 habilis
858 2928 1000 2972 esset
1038 2921 1375 2985 criminatio;
1409 2938 1529 2976 cum
1563 2937 1691 2976 vero
1718 2923 1853 2976 dicis
1897 2938 2090 2991 pueros
2119 2921 2183 2975 ad

2286 2925 2533 2996 ἀλήθειαν
2565 2927 2660 2996 μὲν
2694 2927 2793 2979 οὐκ
2827 2927 2892 2980 ἂν
2919 2928 3169 2996 ἔφασκες,
3198 2927 3526 2998 πιθανότητα
3557 2929 3602 2981 δ’
3625 2927 3689 2981 ἂν
3728 2924 3842 2997 εἶχέ

632 3017 876 3070 nostram
936 3010 1248 3079 religionem
1321 3015 1634 3067 accedentes
1690 3015 1842 3067 bonis
1912 3013 2183 3082 magistris

573 3094 576 3097 ’
631 3100 903 3163 subtrahi,
929 3102 1152 3154 ostende
1189 3102 1324 3155 alios
1357 3118 1472 3156 esse
1502 3105 1785 3174 magistros
1825 3115 2020 3173 praeter
2065 3105 2182 3173 phi-

2285 3033 2376 3067 σου
2400 3020 2427 3070 ὁ
2453 3017 2636 3084 λόγος’
2679 3017 2792 3070 νυνὶ
2829 3019 2884 3070 δὲ
2923 3019 3114 3085 λέγων,
3157 3020 3299 3088 ἡμᾶς
3340 3020 3567 3089 ἀφιστᾷν
3599 3018 3844 3071 διδασκά-

2283 3108 2388 3161 λων
2422 3110 2548 3172 τοὺς
2588 3109 2903 3179 προσιόντας
2947 3109 3183 3176 ἀγαθῶν,
3203 3109 3559 3178 παράστησον
3608 3110 3734 3171 τοὺς
3761 3109 3842 3161 δι-

631 3189 892 3259 Ιοεοριιίω
938 3191 1207 3254 doctores,
1236 3199 1326 3243 aut
1370 3205 1460 3244 cos
1490 3193 1578 3260 qui
1618 3194 1742 3261 quid
1782 3195 1913 3248 utile
1964 3196 2177 3248 docent.

2286 3189 2580 3260 δασκάλους
2625 3197 2820 3262 ἄλλους
2861 3198 3010 3267 παρά
3051 3198 3176 3260 τοὺς
3209 3197 3518 3266 φιλοσοφίας
3545 3197 3658 3266 (45)
3703 3198 3844 3249 διδα-

630 3280 703 3336 At
740 3281 872 3335 nihil
900 3281 1074 3334 simile
1109 3283 1339 3349 probare
1369 3292 1565 3348 potest.
1597 3283 1799 3335 Deinde
1845 3285 2032 3337 beatos
2071 3285 2185 3338 fore

2286 3289 2596 3359 σκάλους,ῆ
2637 3291 2762 3353 τοὺς
2812 3290 2952 3343 κατά
2982 3307 3033 3342 τι
3066 3289 3172 3341 τῶν
3219 3289 3500 3358 χρησίμων
3541 3289 3848 3358 πεποιημέ-

629 3373 945 3443 pollicemur
992 3372 1153 3442 idque
1205 3374 1460 3425 audacter
1499 3382 1553 3423 et
1588 3383 1803 3439 aperte,
1849 3375 1935 3442 qui
1976 3391 2040 3427 ex
2093 3375 2184 3426 Dei

2286 3399 2424 3445 νους.
2475 3382 2610 3434 Ἀλλ’
2646 3382 2796 3449 οὐδὲν
2847 3381 2955 3445 ἕξει
3012 3380 3244 3434 τοιοῦτον
3305 3379 3593 3449 δεικνύναι.
3652 3382 3846 3432 Μακα-

629 3463 837 3535 legibus
863 3465 1026 3517 vitam
1067 3471 1250 3531 agunt,
1299 3463 1386 3530 qui
1418 3461 1597 3514 omnia
1627 3462 1691 3514 ad
1736 3462 1879 3515 illum
1913 3465 2180 3527 referunt,

629 3558 830 3625 quique
853 3557 1031 3608 omnia
1057 3553 1280 3617 faciunt,
1304 3552 1455 3622 quasi
1485 3554 1635 3606 testis
1662 3564 1714 3606 ct
1741 3563 2007 3620 Spectator
2023 3564 2180 3608 esset.

629 3649 709 3700 An
734 3648 845 3700 haec
866 3654 990 3699 sunt
1013 3645 1362 3708 lanilicorum,
1382 3651 1645 3708 sutorum,
1665 3641 1942 3705 fullonum,
1963 3645 2186 3697 rustico-

631 3754 749 3791 rum
800 3739 1277 3808 imperitorumque
1325 3737 1600 3790 hominum
1648 3735 1953 3806 praecepta?
1998 3733 2181 3802 Neque

630 3830 772 3885 istud
805 3830 1089 3886 ostendere
1127 3831 1346 3898 poterit.

630 3927 724 3979 καὶ
797 3927 1067 3995 κναφέων,
1120 3925 1212 3977 καὶ
1269 3924 1733 3978 ἀπαιδευτοτάτων
1795 3923 2064 3996 ἀγροίκων
2115 3920 2386 3992 (47)};611
2468 3920 2791 3989 μαθήματας

633 4038 800 4075 σεται.

702 4116 792 4171 58.
833 4114 949 4169 1am
991 4117 1081 4185 qui
1117 4118 1253 4185 apud
1289 4118 1497 4173 Celsum
1524 4127 1650 4172 sunt.
1680 4119 1881 4173 similes
1922 4116 2176 4180 laniﬁcis,

632 4207 838 4262 similes
888 4223 1101 4276 quoque
1149 4214 1444 4279 sutoribus,
1497 4214 1816 4274 fullonibus,
1871 4211 2090 4264 rusticis
2125 4218 2179 4262 et

633 4296 936 4365 imperitis,
989 4297 1095 4362 illi‘
1115 4310 1380 4365 praesente
1426 4309 1578 4367 patre
1624 4306 1675 4350 et
1727 4299 2176 4367 praeceptoribus,

631 4388 766 4444 nihil
796 4390 1015 4448 bonum,
1057 4388 1252 4455 inquit,
1291 4387 1471 4440 volent
1499 4398 1587 4440 aut
1628 4397 1877 4455 poterunt
1906 4388 2178 4458 explicare

2282 3469 2426 3537 ρίους
2472 3469 2528 3520 δὲ
2571 3448 2786 3540 ἔσεσθαι
2833 3468 3270 3539 ἐπαγγελλόμεθα
3322 3468 3456 3539 μετά
3500 3448 3843 3540 παρρησίας,

2281 3560 2374 3609 καὶ
2421 3560 2480 3610 οὐ
2521 3538 2778 3629 κρύϐδην,
2828 3561 2953 3622 τοὺς
3003 3559 3210 3623 ζῶντας
3262 3557 3404 3612 κατά
3438 3559 3527 3612 τὸν
3568 3559 3661 3612 τοῦ
3713 3558 3843 3612 Θεοῦ

2286 3645 2458 3714 λόγον,
2493 3649 2585 3699 καὶ
2631 3649 2804 3700 πάντα
2853 3651 2932 3711 είς
2977 3651 3178 3701 ἐκεῖνον
3217 3649 3530 3718 ἀφορῶντας
3569 3649 3713 3718 (46),
3752 3651 3846 3703 καὶ

2287 3738 2361 3799 ὡς
2393 3739 2481 3790 ἐπὶ
2527 3737 2659 3790 Θεοῦ
2699 3739 2885 3791 θεατοῦ
2929 3743 3033 3791 πᾶν
3077 3741 3104 3791 ὅ
3146 3757 3197 3791 τι
3241 3743 3355 3792 ποτ’
3396 3737 3489 3792 οὖν
3533 3740 3842 3792 ἐπιτελοῦνο

2283 3843 2399 3888 τας.
2435 3822 2559 3897 ’Ἆρ’
2599 3823 2688 3879 οὖν
2739 3828 2909 3881 ταῦτα
2958 3820 3284 3898 ἐριουργῶν,
3337 3829 3429 3880 καὶ
3479 3829 3840 3898 σκυτοτόμων,

2869 3921 3027 3973 Ἀλλὰ
3072 3920 3226 3972 τοῦτο
3273 3921 3540 3972 δεικνύναι
3688 3923 3842 3992 δυνή-

2361 4106 2424 4159 Oi
2465 4103 2520 4156 δὲ
2560 4100 2710 4174 παρὰ
2744 4100 2822 4171 τῷ
2863 4101 3052 4172 Κέλσῳ
3095 4102 3456 4173 παραπλήσιοι
3496 4104 3606 4166 τοῖς
3641 4103 3699 4154 ἐν
3729 4105 3840 4166 ταῖς

2284 4199 2480 4258 οἰκίαις
2529 4195 2855 4265 ὲριουργοῐς,
2901 4193 3072 4262 ὅμοιοι
3114 4193 3168 4245 δὲ
3219 4194 3450 4256 καὶτοῖς
3501 4195 3841 4264 σκυτοτόμοις

2283 4289 2375 4340 καὶ
2410 4285 2698 4355 κναφεῦσι,
2737 4286 2828 4337 καὶ
2872 4283 3334 4348 ἀπαιδευτοτάτοις
3389 4285 3663 4357 ἀγροίκοις
3687 4327 3702 4351 ,
3743 4303 3840 4339 πα-

2286 4381 2468 4450 ρὸντος
2521 4379 2618 4447 μὲν
2679 4374 2881 4447 πατρὸς
2932 4379 3025 4430 καὶ
3062 4376 3406 4444 διδασκάλων,
3447 4377 3567 4432 οὐδὲ
3612 4380 3839 4451 (gryph)

631 4480 830 4549 pueris.
860 4481 929 4532 At
976 4477 1122 4530 illum
1172 4494 1344 4546 rogo:
1385 4479 1589 4543 Quem,
1637 4493 1668 4530 o
1716 4479 1880 4542 bone,
1937 4489 2175 4546 patrem,

2286 4468 2458 4536 λέγειν
2487 4467 2592 4538 (48)
2618 4461 3128 4536 ἐθελήσουσιν,ὀύδὲ
3171 4467 3486 4538 δυνήσονται
3513 4470 3624 4531 τοῖς
3661 4469 3839 4521 παισὶν

631 4586 786 4641 quem
819 4577 1198 4637 praeceptorem
1242 4569 1409 4621 dicis?
1452 4568 1506 4620 Si
1549 4583 1691 4631 eum,
1720 4567 1809 4634 qui
1843 4568 2026 4619 virtuti
2068 4578 2180 4619 stu-

632 4666 776 4724 deat,
806 4662 895 4730 qui
927 4660 1220 4728 nequitiam
1254 4659 1491 4721 horreat,
1517 4659 1609 4726 qui
1642 4657 1862 4709 meliora
1896 4665 2175 4722 capessat;

631 4755 766 4808 scito
797 4768 892 4806 nos
934 4765 1114 4804 coram
1159 4749 1246 4801 illo
1280 4749 1546 4816 intrepide
1590 4756 1770 4798 nostra
1824 4747 2003 4813 pueris
2041 4758 2179 4797 rete-

631 4855 834 4908 cturos,
882 4854 1073 4916 certos.
1106 4841 1354 4892 nimirum
1400 4838 1490 4891 tali
1541 4835 1709 4905 judici
1760 4835 2040 4902 probatum
2089 4835 2175 4889 iri.

633 4933 892 4992 Tacentus
933 4944 1108 4985 autem
1151 4945 1330 4984 coram
1374 4929 1538 5000 486
1571 4936 1720 4995 patre
1771 4926 1859 4992 qui
1909 4924 2090 4976 virtuti
2124 4932 2178 4976 et

635 5007 897 5074 honestati
930 5030 1012 5074 est
1059 5021 1338 5080 inimicus,
1385 5031 1566 5070 coram
1622 5011 2039 5083 praeceptoribus
2088 5011 2178 5076 qui

636 5113 902 5165 contraria
939 5127 1082 5165 sanae
1124 5112 1380 5165 doctrina:
1430 5111 1670 5162 tradunt.
1719 5106 1900 5172 Neque
1935 5103 1984 5156 id
2029 5103 2181 5155 nobis

854 5342 1006 5401 Libh.
1039 5345 1304 5415 impressi,
1332 5343 1773 5415 δυσειδαιμονίας,
1805 5339 1965 5415 male.
2025 5407 2040 5415 _
2068 5409 2076 5415 ι

709 5406 816 5481 (ii)
857 5414 1021 5466 Codd.
1053 5406 1250 5480 Regius
1277 5406 1330 5469 et
1358 5406 1695 5476 Basilccnsis,
1720 5409 2002 5479 ὰφιστῶσι.
2024 5406 2172 5461 Libb.

639 5497 795 5535 antea
833 5483 982 5542 editi,
1017 5484 1289 5549 ἀφιστᾶσι.

857 5551 1009 5603 Libl).
1039 5557 1217 5623 ext-usi
1255 5558 1305 5606 in
1342 5558 1598 5623 margine,
1629 5551 1928 5623 φιλοσοφίᾳ.

708 5617 818 5687 (46)
873 5621 1242 5687 Ἀφορῶντας.
1305 5617 1650 5678 δυνὼῖιιιιιιιιιὶ
1705 5617 1912 5677 videtur
1959 5617 2170 5682 Guieto,

638 5690 1016 5760 ἀναφέροντας.

689 5761 816 5835 Δ(47)
870 5760 1189 5829 Ἀγροίκων.
1235 5760 1390 5815 Forte
1425 5761 1723 5830 legendum,
1761 5763 1850 5816 καὶ
1880 5762 2170 5831 ἀγροίκων,

2285 4561 2598 4632 ἑρμηνεύειν
2651 4560 2870 4627 ἀγαθόν.
2919 4561 3026 4612 Καὶ
3093 4560 3227 4630 πρὸς
3261 4558 3436 4610 πιοῦτο
3486 4555 3530 4609 δτ
3574 4557 3836 4628 ἐροῦμεν·

2284 4654 2443 4703 Ποίου
2477 4653 2600 4720 φῂς,
2632 4645 2675 4702 ὦ
2705 4645 2884 4713 οὗτος,
2925 4650 3147 4719 πατρὸς,
3190 4649 3280 4700 καὶ
3316 4648 3466 4699 ποίου
3493 4647 3837 4710 διδασκάλους

2285 4745 2347 4794 El
2377 4744 2471 4810 μὲν
2514 4741 2607 4793 τοῦ
2645 4741 2842 4811 ἀρετὴν
2888 4738 3300 4806 ἀποδεχομένου,
3342 4737 3435 4787 καὶ
3480 4737 3675 4786 κακίαν
3715 4739 3839 4787 ἀπο-

2288 4833 2668 4903 στρεφομένου,
2696 4831 2786 4883 καὶ
2811 4829 3189 4898 ἀσπαζομένου
3215 4824 3282 4878 τὰ
3321 4826 3621 4895 κρείττονα,
3661 4827 3836 4885 ἄκουε,

2286 4925 2365 4976 ὃτι
2406 4925 2494 4974 καὶ
2534 4923 2674 4990 μάλα
2718 4919 3076 4990 θαρροῦντες,
3125 4917 3200 4979 ὼς
3247 4914 3658 4985 εὐδοκιμοῦντες
3696 4915 3838 4985 παρὰ

2287 5015 2362 5083 τῷ
2388 5011 2608 5081 τοιούτῳ
2640 5013 2817 5080 κριτῇ,
2859 4996 3086 5080 ἐροῦμεν
3115 5012 3226 5071 τοῖς
3264 5009 3416 5060 παισὶ
3454 5008 3522 5060 τὰ
3567 5009 3804 5079 ἡμέτερα
3825 5023 3840 5041 ·

2288 5106 2334 5154 εί
2368 5104 2409 5154 δ’
2436 5102 2660 5153 ἐνώπιον
2709 5099 2910 5166 πατρὸς
2938 5092 3355 5170 διαϐεϐλημένου
3386 5101 3494 5172 (49)
3536 5101 3671 5171 πρὸς
3716 5101 3838 5170 ἀρεο

2285 5348 2336 5389 et
2366 5336 2524 5403 paulo
2552 5343 2670 5402 post
2695 5331 3166 5396 ἁπαιδευτοτάτοις
3193 5351 3286 5386 κα.
3312 5333 3610 5404 ἀγροίκοιςΣ

2356 5399 2467 5473 (48)
2513 5399 2703 5457 Vocem
2750 5404 2928 5468 λέγειν
2985 5404 3265 5458 delendam
3325 5399 3509 5456 censa
3555 5399 3838 5473 _Boherel-

2284 5467 2387 5536 lus,
2418 5467 2470 5525 et
2500 5485 2645 5527 certe
2676 5467 2832 5528 abest,
2855 5486 3011 5538 supra
3038 5489 3186 5526 num.
3211 5474 3518 5527 54.11)ἱι1εηι
3555 5470 3695 5528 loco,
3731 5467 3839 5519 ὲθε·

2280 5543 2560 5615 λήσουσιν,
2614 5544 2805 5599 Guieto
2862 5543 3205 5598 scribendum
3273 5543 3481 5598 videtur
3544 5538 3839 5606 ὲκθλήςουο

2281 5633 2383 5667 σιν.

2282 5754 2311 5807 6
2349 5685 2462 5769 (49)
2503 5683 2834 5745 Ηοεδςῖιριὶυε
2866 5697 2918 5746 et
2947 5686 3253 5759 Spencerus
3288 5686 3345 5741 in
3371 5678 3634 5750 margine,
3660 5675 3838 5730 suae.

2315 5770 2564 5807 οημενου.

2315 5771 2376 5825 οη
2387 5770 2564 5824 μενου.
