4100 6318
237 411 354 470 ειη

1424 413 1702 472 CONTRA
1740 413 2017 472 CELSUM
2052 412 2180 469 LIB.
2220 410 2308 468 111.

3358 411 3459 477 998

236 531 352 599 τὴν
383 530 478 582 καὶ
509 529 928 599 καλοκάγαθίαν,
963 531 1268 604 σιωπῶμεν,
1294 533 1386 585 καὶ
1415 534 1524 587 τῶν
1558 536 1629 590 τὰ
1654 536 1794 589 ἐναν-

1911 533 2042 588 vitio
2083 542 2270 598 verte;
2302 538 2544 586 vorteres
2577 532 2721 584 enim
2775 528 2990 598 injuste.
3042 530 3118 584 Tu
3153 531 3293 584 enim
3345 534 3459 597 ipse

235 618 337 672 τία
359 619 438 688 τῷ
469 621 610 688 ὑγιεῖ
637 620 777 691 λόγῳ
811 621 1184 687 διδασκόντων,
1209 621 1365 676 τοῦτο
1396 625 1516 696 μηδ’
1546 627 1676 697 ἡμῖν
1717 627 1809 708 ὲγέ

239 712 431 766 κάλει·
468 713 528 765 ού
575 712 683 786 γὰρ
725 714 958 783 εὐλόγως
1001 716 1269 783 ἐγκαλεῖς.
1313 716 1422 768 Kal
1467 717 1531 768 σὺ
1577 716 1705 784 γοῦν
1737 717 1807 771 τὰ

239 802 560 871 φιλοσοφίας
579 801 737 876 δργια
759 807 870 868 τοῖς
898 806 1035 869 νέοις
1060 807 1154 859 καὶ
1181 808 1334 870 υἱοῖς,
1364 808 1611 878 πατέρων
1636 809 1804 884 ἀργδν

239 894 476 964 πρᾶγμα
501 894 593 947 καὶ
618 895 888 964 ἀνωφελὲς
919 896 1263 966 νομιζόντων,
1289 897 1598 966 φιλοσοφίαν
1628 915 1803 968 παρα-

235 984 416 1049 διδοὺς
455 989 570 1050 τοῖς
611 989 817 1050 παισὶν,
865 988 964 1040 οὐκ
1005 989 1097 1042 ἐπὶ
1132 987 1241 1043 τῶν
1288 990 1502 1059 φαύλων
1550 991 1802 1060 πατέρων

238 1076 416 1147 ἀρεῖς·
461 1076 594 1130 ἀλλὰ
647 1077 961 1149 βουλόμενος
1018 1081 1332 1152 χωρίζεσθαι
1382 1083 1509 1145 τοὺς
1561 1099 1802 1153 προτρα-

241 1165 445 1230 πέντας
483 1169 576 1220 ἐπὶ
620 1168 932 1239 φιλοσοφίαν
966 1171 1115 1234 υίοὺς
1162 1165 1268 1225 τῶν
1315 1172 1596 1244 μοχθηρῶν
1635 1173 1803 1226 πατέρ

241 1272 376 1326 ρων,
414 1259 758 1329 ὲπιτηρήσεις
797 1261 1046 1330 καιροὺς,
1074 1261 1161 1313 ἵνα
1206 1261 1532 1315 καθίκωνται
1564 1263 1612 1314 oi
1653 1262 1801 1331 φιλο·

243 1345 436 1415 σοφίας
458 1345 605 1415 λόγοι
635 1347 744 1401 τῶν
776 1349 928 1402 νέων.
963 1351 1072 1403 Καὶ
1098 1351 1224 1422 περὶ
1252 1351 1360 1428 τῶν
1379 1336 1708 1404 διδασκάλων
1745 1351 1801 1404 δὲ

241 1435 315 1488 τὰ
340 1436 477 1489 αύτά
509 1438 777 1509 φήσομεν·
808 1441 855 1492 εί
889 1442 986 1511 μὲν
1017 1439 1124 1512 γὰρ
1149 1442 1528 1513 ἀποτρέπομεν
1553 1443 1803 1496 διδασκά-

243 1523 353 1576 λων
379 1525 732 1582 διδασκόντων
754 1529 821 1582 τὰ
844 1531 1053 1600 ἄσεμνα
1075 1531 1176 1600 τῆς
1208 1531 1514 1602 κωμῳδίας,
1555 1534 1648 1585 καὶ
1675 1535 1804 1595 τοὺς

242 1613 572 1681 ἀκολάστους
597 1619 704 1673 τῶν
747 1620 972 1690 ἰάμϐων,
1017 1623 1108 1674 καὶ
1135 1624 1233 1675 ὅσα
1264 1622 1417 1686 ἄλλα,
1455 1623 1490 1676 ἃ
1533 1625 1668 1694 μήτε
1711 1623 1801 1676 τὸν

241 1704 468 1775 λέγοντα
489 1709 820 1781 ἐπιστρέφει,
854 1713 988 1783 μήτε
1013 1714 1135 1775 τοὺς
1156 1712 1444 1776 ἀκούοντας
1463 1713 1678 1782 ὠφελεῖ,
1708 1715 1801 1780 καὶ

243 1797 322 1867 μὴ
356 1798 560 1862 εἰδότας
593 1801 891 1870 φιλοσόφως
925 1801 1138 1856 ἀκούειν
1173 1805 1510 1874 ποιημάτων,
1550 1804 1656 1864 καὶ,
1682 1807 1802 1857 tm-

1903 639 2008 678 non
2055 624 2292 692 aperires
2349 624 2779 683 adolescentibus
2819 629 2873 674 et
2924 622 3051 675 tiliis
3099 621 3457 692 philosophia

1902 727 2096 766 arcana
2122 727 2303 766 coram
2352 714 2593 782 patribus
2637 711 2773 767 male
2819 711 3054 775 allectis,
3103 710 3305 778 quique
3338 724 3454 763 rem

1905 802 2118 857 inanem
2155 801 2505 875 inutilemque
2539 803 2847 871 iudicarent
2871 817 2990 872 esse
3021 801 3449 870 pliilowpbiam;

1901 895 2000 948 sed
2025 894 2186 948 velles
2217 910 2312 948 eos
2342 894 2504 961 lilios,
2547 911 2683 964 quos
2716 895 2783 947 ad
2827 894 3221 962 philosophiam
3253 895 3455 948 adhor-

1902 985 2090 1036 tandos
2122 985 2391 1047 duxisses,
2428 985 2706 1038 discedere
2753 983 2821 1036 ab
2866 983 3126 1052 improbis
3175 983 3453 1051 patribus;

1901 1087 2147 1146 captares
2173 1078 2550 1138 occasionem,
2598 1077 2687 1130 ubi
2718 1075 2793 1127 tui
2841 1074 2907 1127 de
2953 1073 3290 1144 philosophia
3341 1089 3458 1128 ser-

1903 1186 2089 1226 mones
2146 1179 2364 1226 teneros
2407 1161 2916 1240 juvenum'auimos
2979 1169 3260 1238 attingant.
3302 1167 3451 1246 Quod

1903 1261 2042 1316 ident
2074 1262 2194 1316 dico
2238 1263 2306 1317 de
2335 1261 2772 1330 praeceptoribus.
2825 1262 2883 1315 Si
2920 1262 3061 1314 enim
3092 1275 3120 1312 a
3157 1270 3455 1329 praecepto-

1900 1353 2050 1406 ribus
2091 1353 2442 1416 rabdncimns,
2493 1352 2584 1419 qui
2635 1352 2920 1406 obsctnnas
2969 1352 3300 1425 commdias,
3349 1350 3471 1403 im-r

1900 1459 2061 1512 puros
2109 1444 2316 1498 iambos
2344 1445 2535 1498 docent
2560 1451 2614 1495 et
2643 1443 2768 1506 alia,
2812 1458 2933 1511 qua:
2965 1459 3064 1497 nec
3092 1452 3451 1496 exponentem

1899 1532 2177 1600 corrigunt
2212 1547 2311 1587 nec
2343 1533 2494 1585 utilia
2538 1537 2661 1585 sunt
2703 1529 3063 1593 audientibus,
3089 1531 3211 1599 quia
3243 1527 3452 1583 neciin

1899 1624 2268 1694 philosophice
2318 1625 2500 1678 animo
2550 1622 2788 1678 carmina
2841 1612 3026 1675 audiie
3063 1630 3317 1690 possunt,
3355 1635 3452 1675 uec

1900 1715 1975 1768 illi
2022 1716 2243 1784 singulis
2285 1715 2568 1781 juvenibus
2614 1712 2955 1777 interpretari
2999 1726 3118 1778 qua:
3164 1713 3230 1764 ad
3263 1725 3451 1765 eorum

1898 1806 2180 1859 utilitatem
2211 1807 2463 1870 tendunt;
2501 1805 2554 1858 id
2585 1819 2714 1857 vero
2741 1801 2896 1855 fateri
2922 1817 3027 1854 non
3057 1802 3451 1862 erubescimus.

238 1885 420 1956 λέγειν
455 1886 702 1953 ἑκάστοις
740 1891 809 1944 τὰ
868 1893 1202 1946 συντείνοντα
1247 1896 1326 1958 είς
1380 1894 1642 1962 ὠφέλειαν
1695 1895 1794 1948 τῶν

1905 1894 1998 1949 Siti
2044 1895 2160 1964 agis
2199 1894 2266 1949 de
2294 1892 2735 1963 prteceptorihus,
2780 1892 2869 1959 qui
2905 1890 3299 1959 philosophiam
3340 1892 3451 1943 ‘do-

240 1977 408 2031 νέωνο
453 1979 610 2032 τοῦτο
643 1978 948 2045 ποιοῦντες,
985 1983 1083 2035 ούκ
1122 1983 1480 2053 αἰσχυνόμεθα
1521 1984 1797 2054 ὁμολογεῖν

236 2066 302 2119 τὸ
333 2068 728 2138 πραττόμενονο
758 2072 807 2122 εί
839 2071 894 2123 δὲ
931 2073 1296 2142 παραστήσεις
1333 2089 1420 2142 μοι
1453 2072 1799 2136 διδασκάλους

235 2156 377 2228 πρὸς
427 2158 735 2228 φιλοσοφίαν
775 2162 1228 2231 προπαιδεύοντας
1267 2164 1359 2216 καὶ
1400 2166 1456 2216 έν
1510 2165 1796 2235 φιλοσοφίᾳ

235 2245 639 2317 γυμνάζοντας,
688 2251 787 2304 οὐκ
828 2252 1115 2323 ἁπατρέψω
1164 2254 1261 2323 μὲν
1299 2254 1408 2324 (50)
1453 2255 1558 2308 ἀπὸ
1596 2256 1797 2308 τούτων

233 2338 368 2401 τοὺς
417 2339 596 2404 νέους,
645 2343 969 2413 πειράσομαι
1006 2344 1062 2396 δὲ
1107 2346 1658 2415 προγυμνασαμένους
1709 2348 1798 2402 αύ-

233 2427 366 2490 τοὺς
401 2427 477 2491 ὡς
515 2431 574 2482 ὲν
607 2431 913 2498 ὲγκυκλίοις
959 2421 1239 2504 μαθήμαόπ
1287 2434 1378 2487 καὶ
1425 2438 1534 2497 τοῖς
1583 2436 1795 2503 φιλοσο-

235 2519 528 2588 φουμένοις
562 2520 883 2578 ἀναδιδάσαι
910 2526 1000 2577 ἐπὶ
1026 2525 1084 2577 τὸ
1118 2526 1307 2596 σεμνὸν
1346 2527 1439 2578 καὶ
1468 2527 1666 2595 ὑψηλὸν
1696 2517 1814 2596 τῆς.

233 2605 521 2677 λεληθυίας
549 2611 673 2674 τοὺς
702 2612 923 2674 πολλοὺς
965 2613 1302 2682 Χριστιανῶν
1357 2615 1758 2684 μεγαλοφωνίας
1778 2655 1794 2679 ,

235 2698 370 2766 περὶ
418 2699 526 2751 τῶν
576 2702 840 2769 μεγίστων
883 2703 976 2754 καὶ
1020 2704 1453 2770 ἀναγκαιοτάτων
1498 2705 1795 2773 διαλαμϐα-

1904 1995 2062 2040 ceant
2089 1994 2144 2038 ct
2171 1984 2225 2038 in
2256 1983 2594 2053 philosophia
2621 1976 2934 2045 eserceant,
2961 1982 3028 2033 ab
3056 1979 3270 2035 his'non
3298 1995 3452 2033 aver-

1901 2085 2008 2130 tam
2042 2076 2260 2144 quidem
2303 2074 2706 2150 adolescentes;
2751 2076 2846 2129 sed
2895 2073 3134 2127 conabor
3186 2071 3302 2124 illos
3339 2070 3450 2136 jam

1902 2174 2023 2220 ante
2065 2166 2411 2240 exercitatos,
2441 2175 2496 2219 et
2548 2166 2599 2218 in
2650 2166 3056 2235 disciplinarum
3109 2162 3273 2215 veiuti
3322 2162 3452 2215 orbe

1901 2264 2145 2309 versatos
2193 2265 2352 2323 atque
2401 2255 2738 2325 phil050pliia
2792 2265 3119 2325 praeparatos
3169 2256 3236 2308 ad
3287 2268 3450 2306 vene-

1903 2347 2124 2399 randam
2154 2346 2542 2414 sublimemque
2578 2357 2633 2400 et
2677 2347 2830 2414 vulgo
2875 2348 3108 2416 ignotam
3155 2345 3462 2398 subvehere

1898 2437 2450 2506 grandiloquentiam,
2503 2455 2606 2508 qua
2663 2439 2956 2492 Christiani
2997 2439 3061 2490 de
3118 2439 3279 2490 rebus
3331 2451 3449 2488 ina-

1898 2528 2057 2580 ximis
2102 2530 2438 2595 maximeque
2472 2529 2791 2582 necessariis
2842 2529 3152 2590 disserunt,
3195 2535 3248 2578 et
3292 2540 3445 2578 suam

1898 2617 2312 2685 philosophiam,
2346 2617 2459 2679 Dei,
2493 2618 2911 2694 upmphtitarnm,
2951 2616 3186 2688 Jesuque
3232 2629 3448 2689 aposto-

1898 2706 2071 2758 lorum
2102 2707 2491 2774 pltilosolihiam
2519 2707 2642 2774 esse
2673 2703 3064 2762 demonstrant.

231 2792 458 2854 νόντων,
503 2795 595 2845 καὶ
622 2795 1048 2848 ἀποδεικνύντων
1076 2797 1168 2848 καὶ
1206 2799 1580 2868 παριστάντων
1611 2798 1745 2850 αὐτά
1799 2798 2253 2867 πεφιλοσοφῆσθαι
2283 2799 2431 2867 παρὰ
2467 2771 2577 2872 alii;
2607 2799 2698 2852 τοῦ
2744 2801 2875 2853 Θεοῦ
2909 2804 3207 2872 προφήταις
3232 2803 3321 2854 καὶ
3341 2805 3452 2864 τοῖς

232 2881 333 2936 τοῦ
364 2884 538 2953 Ἰησοῦ
567 2886 896 2950 ἀποστόλοις.

309 2968 441 3024 Εἶτα
469 2973 604 3043 μετὰ
626 2974 815 3038 ταῦτα,
843 2977 1156 3048 αἰσθόμενος
1186 2978 1374 3030 ἑαυτοῦ
1405 2982 1432 3031 ὁ
1466 2979 1671 3042 Κέλσος
1705 2998 1795 3031 πι-

233 3063 493 3135 κρότερον
522 3068 651 3135 ἡμῖν
694 3068 1166 3140 λοιδορησαμένου,
1211 3071 1451 3143 ὡσπερεὶ
1503 3072 1794 3141 ἀπολογούη

237 3173 419 3226 μενος,
452 3159 675 3213 τοιαῦτά
733 3178 924 3230 φησιν·
977 3182 994 3212 ι
1026 3164 1146 3215 Ὅτι
1190 3163 1245 3215 δὲ
1292 3165 1440 3218 οὐδὲν
1480 3166 1795 3236 πικρότερον

1966 2980 2054 3032 59.
2095 2978 2282 3032 Celsus
2312 2990 2493 3046 postea
2536 2979 2799 3033 conscius
2831 2995 2889 3033 se
2919 2981 2983 3034 de
3029 2980 3180 3033 nobis
3230 2993 3447 3031 amaru-

1896 3070 2091 3124 lentius
2118 3070 2482 3135 maledixisse,
2503 3072 2650 3138 quasi
2675 3071 2738 3123 ad
2770 3071 3129 3125 excusandum
3161 3070 3236 3122 sic
3258 3083 3448 3137 prose.

1895 3162 2078 3230 quitur
2104 3179 2117 3213 :
2156 3175 2175 3209 (
2202 3160 2354 3224 Quod
2381 3175 2481 3228 ego
2518 3176 2619 3214 non
2651 3161 2925 3214 acerbiora
2956 3159 3243 3226 objecerim
3283 3173 3444 3227 quam

234 3249 566 3319 ἐπαιτιῶμαι
595 3251 627 3320 ἢ
658 3252 740 3318 ἐφ’
765 3253 885 3304 ὅσον
923 3254 957 3322 ἡ
996 3253 1216 3319 ἀλήθεια
1262 3253 1527 3323 βιάζεται,
1569 3273 1794 3324 τεκμαι-

1897 3267 2015 3319 qua:
2058 3251 2256 3304 veritas
2286 3253 2492 3318 coegit,
2539 3252 2621 3326 vel
2662 3252 2787 3305 hinc
2829 3251 3017 3315 conjici
3069 3259 3262 3316 potest.
3310 3248 3442 3300 Nam

235 3338 418 3409 ρὲσθω
443 3341 532 3393 καὶ
554 3341 739 3394 τούσδε
772 3360 854 3405 τις
881 3343 1012 3413 (51).
1039 3343 1100 3396 Oi
1141 3344 1235 3413 μὲν
1270 3346 1376 3415 γὰρ
1400 3350 1478 3409 εἰς
1508 3347 1603 3409 τὰς
1631 3348 1790 3410 ἄλλας

235 3428 465 3488 τελετὰς
500 3429 785 3492 καλοῦντες
823 3432 1248 3501 προκηρύττουσι
1277 3434 1429 3485 τάδε’
1468 3435 1652 3498 Ὅστις
1683 3439 1792 3504 χεῖ-

236 3533 340 3586 ρας
370 3517 606 3587 καθαρὸς
641 3520 733 3569 καὶ
773 3519 952 3588 φωνὴν
990 3520 1235 3580 συνετός·
1267 3523 1357 3572 καὶ
1397 3518 1552 3584 αὖθις
1589 3524 1787 3592 ἕτεροι·

237 3606 428 3668 Ὅστις
464 3607 624 3674 ἁγνὸς
672 3607 778 3659 ἀπὺ
833 3609 1029 3672 παντὸς
1083 3611 1282 3680 μύσους
1318 3610 1447 3680 (52),
1496 3613 1588 3663 καὶ
1611 3613 1723 3681 fico.)
1758 3615 1789 3681 ἠ

233 3693 382 3763 ψυχὴ
418 3693 566 3747 οὐδὲν
610 3695 812 3749 σύνοιδε
850 3699 1033 3758 κακὸν,
1070 3699 1164 3750 καὶ
1203 3700 1308 3767 ὅτῳ
1340 3694 1398 3750 εὖ
1441 3701 1532 3751 καὶ
1573 3676 1791 3762 6m);

237 3782 511 3852 βεϐίωται.
547 3786 656 3837 Kal
705 3785 877 3839 ταῦτα
928 3787 1389 3859 προκηρύττουσιν
1436 3790 1483 3839 οἱ
1524 3789 1790 3861 καθάρσια

233 3875 642 3945 ἁμαρτημάτων
660 3878 1092 3948 ὑπισχνούμενοι.
1111 3880 1528 3950 Ὑπακούσωμεν
1559 3881 1614 3932 δὲ
1643 3882 1790 3943 τίνας

235 3965 370 4017 ποτὲ
398 3960 540 4018 οὗτοι
590 3968 869 4021 καλοῦσιν·
911 3971 1099 4033 Ὅστις
1129 3970 1314 4041 [φησὶν
1349 3969 1490 4041 (55)]
1534 3972 1788 4041 ἀμαρτω-

233 4055 357 4118 λὸς,
385 4057 532 4119 ὅστις
573 4059 855 4122 ἀσύνετος,
900 4061 1046 4124 ὅστις
1100 4063 1318 4129 νήπιος,
1357 4063 1448 4113 καὶ
1487 4062 1561 4122 ὡς
1609 4061 1790 4123 άπλῶς

232 4149 429 4208 εἰπεῖν,
484 4148 628 4211 ὅστις
683 4150 1043 4219 κακοδαίμων,
1091 4152 1274 4204 τοῦτον
1329 4154 1361 4222 ή
1413 4151 1652 4220 βασιλεία
1696 4150 1787 4202 τοῦ

232 4237 370 4289 Θεοῦ
399 4237 620 4302 δέξεται.
660 4241 763 4292 Τὸν
795 4243 1115 4310 ἁμαρτωλὸν
1145 4239 1254 4314 ἆρα
1288 4243 1346 4294 ού
1377 4243 1562 4316 τοῦτον
1606 4241 1789 4308 λέγετε

231 4325 326 4377 τὸν
371 4326 568 4388 ἄδικον,
605 4329 696 4380 καὶ
729 4329 982 4398 κλέπτην,
1017 4333 1107 4382 καὶ
1149 4334 1494 4402 τοιχωρύχον,
1527 4334 1618 4384 καὶ
1653 4349 1789 4401 φαρ-

235 4414 438 4484 μακέα,
482 4417 574 4466 καὶ
616 4418 904 4485 ἱερόσυλον,
952 4421 1044 4471 καὶ
1085 4423 1467 4491 τυμϐωρύχον;
1515 4424 1672 4484 Τίνας
1723 4422 1788 4474 ἂν

233 4505 428 4568 ἄλλους
487 4507 869 4576 προκηρύττων
917 4509 1115 4578 λῃστὰς
1158 4510 1265 4578 (54)
1319 4512 1576 4574 ἐκάλεσε;
1609 4531 1625 4561 ι
1679 4513 1786 4563 Kal

1897 3342 1986 3408 qui
2016 3340 2080 3392 ad
2115 3339 2215 3391 alia
2262 3335 2515 3407 mysteria
2546 3350 2756 3401 vocant,
2801 3340 2913 3393 hare
2945 3340 3295 3406 pronuntiant
3335 3337 3441 3390 alla

1895 3444 2062 3484 voce:
2093 3429 2351 3496 QuiSquis-
2373 3429 2519 3496 puris
2555 3438 2638 3481 est.
2669 3428 2913 3480 manibus
2951 3438 3004 3478 et
3030 3442 3158 3479 voce
3190 3425 3436 3492 sapiens;

1891 3528 1946 3571 et
1987 3535 2171 3572 rursus
2200 3520 2289 3570 alii
2331 3533 2344 3568 :
2381 3517 2630 3587 Quisquis
2679 3533 2845 3585 purus
2896 3519 2962 3570 ab
3008 3516 3152 3569 omni
3204 3516 3434 3579 scelere,

1893 3610 2042 3675 cujus
2074 3593 2456 3659 conscientiam
2502 3607 2632 3658 nihil
2673 3607 2798 3658 tnali
2837 3607 3135 3669 remordet,
3185 3606 3268 3656 cui
3304 3604 3442 3657 bene

1891 3705 1942 3749 et
1978 3696 2121 3762 juste
2164 3703 2376 3761 peracta
2407 3694 2513 3745 vita
2561 3702 2658 3746 est.
2705 3692 2883 3760 Atque
2929 3694 3042 3745 hanc
3083 3693 3320 3759 quidem,
3350 3693 3441 3760 qui

1889 3795 2228 3856 peccatorum
2278 3783 2646 3852 purgationem
2709 3783 3053 3848 proinittunt.
3104 3779 3256 3832 Nunc
3303 3793 3433 3831 vero

1890 3882 2172 3933 audiamus
2201 3893 2455 3946 quosnam
2484 3869 2746 3928 adiloceut
2777 3872 3072 3926 Christiani
3105 3887 3120 3923 :
3151 3871 3430 3938 Quisquis,

1891 3972 2164 4038 inquiunt,
2211 3980 2479 4036 peccator,
2535 3965 2779 4033 quisquis
2841 3964 3135 4030 insipiens,
3192 3960 3438 4029 quisquis

1891 4077 2044 4131 puer,
2075 4070 2149 4124 et,
2176 4071 2234 4113 ut
2262 4059 2426 4112 verbo
2461 4060 2654 4120 dicant,
2686 4057 2932 4123 quisquis
2953 4054 3133 4107 infelix
3165 4064 3266 4118 est,
3297 4053 3439 4106 hunc

1890 4154 1984 4206 Dei
2019 4166 2240 4220 regnum
2269 4150 2514 4216 accipiet.
2555 4147 2616 4200 Et
2652 4161 2809 4214 quem
2847 4154 3184 4214 pcecatorem
3217 4143 3439 4197 dicitis?

1888 4241 2075 4296 Nonne
2103 4241 2377 4309 injustum,
2411 4241 2604 4302 furem,
2641 4251 2917 4290 murorum
2955 4234 3319 4296 ell‘ractoreni,
3351 4249 3440 4286 ve-

1891 4337 2156 4397 nelicum,
2221 4333 2578 4399 sacrilegum,
2637 4338 2970 4382 mortuorum
3049 4325 3440 4394 spoliatorem?

1891 4425 2097 4490 Ecquos
2143 4423 2274 4477 alios
2305 4430 2561 4484 vocaret,
2611 4421 2701 4488 qui
2735 4419 2999 4472 latronum
3043 4413 3299 4470 conﬂaret
3347 4429 3437 4467 so-
3508 4444 3515 4451 -

1891 4514 2184 4567 cietatem?
2219 4533 2237 4564 ι
2296 4513 2374 4565 Ad
2422 4515 2536 4564 hmo
2586 4510 2845 4570 dicimus,
2897 4506 3041 4559 aliud
3100 4519 3218 4558 esse
3265 4519 3437 4572 aegras

231 4595 374 4664 πρὸς
403 4596 573 4651 ταῦτα
598 4598 654 4650 δέ
696 4617 891 4668 φαμεν,
930 4601 1089 4652 auos
1135 4600 1326 4652 ταυτόν
1365 4603 1480 4652 ἐστι
1509 4601 1790 4663 νοσοῦντας

1895 4604 2100 4655 animas
2125 4603 2188 4655 ad
2220 4602 2585 4663 curationem;
2624 4598 2769 4650 aliud
2823 4611 2980 4650 sanas
3030 4596 3095 4648 ad
3137 4608 3317 4646 rerum
3353 4593 3434 4643 di-

229 4686 332 4756 τὴν
367 4687 543 4758 ψυχὴν
569 4691 658 4741 ἐπὶ
682 4690 966 4758 θεραπείαν
991 4691 1189 4748 καλεῖν,
1214 4691 1304 4742 καὶ
1332 4690 1665 4756 ὑγιαίνοντας
1693 4690 1785 4741 ἐπὶ

228 4777 330 4844 τὴν
385 4779 491 4829 τῶν
544 4778 822 4850 θειοτέρων
889 4780 1083 4848 γνῶσιν
1149 4781 1241 4832 καὶ
1297 4781 1618 4849 ἐπιστήμην.
1675 4781 1784 4830 Καὶ

227 4869 394 4936 ἡμεῖς
419 4868 494 4932 δὲ,
534 4870 812 4940 ἀμφότερα
851 4869 1019 4923 ταῦτα
1065 4868 1485 4937 γιγνώσκοντες,
1529 4867 1645 4918 κατ’
1687 4869 1786 4935 ἀρ-

227 4957 331 5027 χάς
375 4959 472 5026 μὲν
506 4961 927 5031 προκαλούμενοι
975 4962 1064 5014 ἐπὶ
1113 4959 1175 5010 τὸ
1222 4957 1614 5027 θεραπευθῆναι
1659 4957 1782 5018 τοὺς

223 5050 573 5118 ἀνθρώπους,
623 5055 996 5123 προτρέπομεν
1058 5055 1182 5116 τοὺς
1238 5050 1589 5121 ἁμαρτωλοὺς
1628 5049 1780 5115 ἣκειν

226 5139 324 5192 ἐπὶ
373 5139 497 5200 τοὺς
550 5139 890 5206 διδάσκοντας
941 5144 1129 5210 λόγους
1184 5141 1256 5211 μὴ
1305 5138 1653 5208 ἁμαρτάνειν,
1690 5138 1782 5187 καὶ

223 5227 355 5290 τεὺς
400 5226 685 5304 ἀσυνέτο-υς
731 5231 823 5283 ἐπὶ
853 5234 976 5294 τοὺς
1018 5231 1372 5301 ἐμποιοῦντας
1411 5227 1640 5284 σύνεσιν,
1689 5225 1783 5275 καὶ

223 5319 354 5379 τοὺς
389 5316 612 5386 νηπίους
655 5319 734 5381 είς
779 5319 839 5371 τὸ
872 5320 1177 5374 ἀναϐαίνειν
1234 5319 1536 5388 φρονήματι
1570 5312 1661 5364 ἐπὶ
1693 5312 1782 5363 τὸν

300 5515 411 5586 (50)
450 5517 618 5582 Alias,
648 5517 1042 5588 ἀποτρέψομεν,
1071 5522 1230 5574 male.

299 5589 411 5684 (at)
456 5588 678 5684 Todgae
705 5606 824 5684 τις.
862 5589 1510 5684 liciterellp'seribendttm
1539 5593 1769 5660 videtur,

219 5656 300 5720 ὥς
335 5656 400 5722 γέ
428 5675 531 5719 τις,
567 5659 756 5713 Guieto
791 5667 964 5710 autent
992 5659 1162 5710 τοῖσδέ
1195 5676 1295 5721 τις.

299 5727 413 5796 (5:2)
453 5726 786 5780 steltelius
814 5727 864 5779 in
894 5737 1059 5788 textu,
1094 5729 1300 5796 μίσους.

298 5795 411 5866 (53)
450 5799 663 5865 Φησίν.
700 5797 997 5867 Legenduui
1033 5799 1255 5864 videtur,
1286 5799 1458 5866 φασίν.

1892 4691 2157 4742 viniornm
2199 4690 2560 4758 cognitionem
2599 4696 2651 4739 et
2702 4685 2980 4738 scientiam
3023 4697 3234 4734 vocare.
3294 4678 3434 4743 Nos,

1890 4782 1980 4848 qui
2033 4781 2312 4846 utriusque
2357 4779 2646 4832 discrimen
2687 4775 2908 4835 scimus,
2963 4772 3225 4840 principio
3273 4768 3434 4838 487

1891 4871 2101 4936 quidem
2157 4870 2398 4922 homines
2457 4870 2734 4920 hortamur
2778 4875 2835 4916 ut
2883 4863 3061 4916 curari
3121 4876 3177 4913 se
3230 4863 3432 4923 velint;

1888 4960 2168 5012 hortamur
2224 4968 2570 5024 peccatores,
2603 4965 2661 5006 ut
2707 4955 2950 5007 doctores
3001 4951 3226 5002 audiant
3278 4949 3433 5014 quia

1887 5054 2159 5120 peccando
2191 5054 2490 5115 deterrent;
2540 5053 2876 5120 insipientes,
2908 5059 2964 5100 ut
2997 5048 3312 5102 acuentibus
3344 5049 3437 5098 ad-

1881 5142 2300 5210 juvantibusque
2330 5145 2393 5195 ad
2428 5144 2830 5211 intelligendum
2877 5140 3076 5192 dociles
3109 5154 3269 5191 aures
3301 5153 3436 5206 prae-

1890 5233 2076 5295 beant;
2112 5247 2330 5300 pueros,
2359 5243 2419 5286 ut
2451 5247 2647 5286 sensus
2680 5232 3023 5296 animumque
3062 5229 3267 5280 virilem
3309 5243 3436 5279 cou-

1889 5323 2122 5390 cipiant;
2159 5323 2402 5378 infelices
2442 5325 2672 5392 denique
2721 5323 2785 5374 ad
2818 5323 2981 5372 vitam
3032 5317 3272 5382 felicem,
3317 5334 3431 5380 seu,

1951 5523 2062 5596 (54)
2102 5527 2357 5594 Λῃστάς.
2398 5524 2699 5596 Legendum
2742 5524 2951 5596 videtur
3000 5521 3220 5596 λῃστῄς.
3272 5520 3432 5596 Paulo

1879 5590 2001 5659 poSt
2044 5590 2207 5651 codd.
2260 5590 2562 5662 Regius—et
2619 5594 2960 5652 Basileensis,
3015 5590 3301 5662 νοσοῦντας
3333 5590 3430 5662 τῂν

1880 5656 2074 5759 ἐξαυχῄν.
2137 5656 2471 5720 Ηωδςιιὲίὶυε
2530 5672 2581 5716 ei
2638 5664 2960 5732 Spcnccrus,
3016 5661 3269 5712 νοσοῦντα
3333 5656 3425 5722 τὴν

1878 5750 2069 5802 ψυχηνο
