4100 6318
759 379 863 436 999

2209 384 2524 441 ORICENIS

3808 386 3951 444 i000

760 510 818 552 ut
867 499 1032 566 magis
1074 503 1287 569 proprie
1325 503 1529 572 loquar,
1562 498 1645 556 ad'
1678 504 2055 576 beatitudinem
2091 506 2266 559 excita

2388 507 2573 575 ἄνδρα,
2613 504 2703 557 καὶ
2762 504 2872 566 τοὺς
2929 503 3109 565 ἁπλῶς
3145 503 3529 573 κακοδαίμονας
3571 503 3659 555 ἐπὶ
3698 500 3947 571 εὐδαιμο-

757 604 896 642 mus.
923 588 1025 643 Sed
1054 600 1333 658 postquam
1363 592 1419 653 ii,
1460 608 1589 662 quos
1614 595 1810 647 hortati
1833 610 2035 656 rstuuus,
2060 610 2295 664 progres-

756 677 958 732 sionem
988 680 1052 731 ad
1092 682 1340 735 virtutem
1370 680 1630 746 fecerunt,
1660 684 1732 735 ita
1762 694 1813 735 ut
1850 683 1965 737 illos
1993 700 2020 736 τι
2050 684 2289 737 doctrina

754 769 1063 823 emendatos
1099 769 1261 824 fuisse
1310 773 1641 848 innotescat,
1683 782 1793 826 tum
1839 775 2045 826 (lenium
2093 776 2291 829 uosuis

753 863 1021 929 mysteriis
1068 863 1367 918 initiantur.
1417 884 1436 917 ι
1470 866 1799 935 Sapientiam
1840 866 1980 919 enim
2022 865 2288 935 loquimur

752 952 894 1006 inter
928 953 1194 1021 perfectos
1214 956 1279 1008 ".
1304 974 1323 1004 ι

816 1151 905 1206 60.
944 1154 1205 1219 Qucniam
1236 1171 1361 1210 vero
1390 1160 1720 1221 docemus”
1745 1157 2057 1224 sapientiam
2088 1159 2137 1210 in
2173 1173 2287 1210 ma-

745 1241 969 1297 levolam
1006 1246 1237 1300 animam
1270 1264 1373 1300 nou
1403 1238 1763 1309 introituram,
1804 1262 1901 1300 nec
1927 1247 2282 1301 habitatur-am

745 1334 797 1386 in
830 1348 1050 1402 corpore
1088 1336 1300 1389 subdito
1327 1338 1565 1404 peccatis
1590 1335 1630 1402 ί,
1662 1356 1678 1387 ι
1726 1335 1949 1390 dicimus
1986 1356 1999 1389 :
2034 1339 2285 1403 Quisquis

743 1432 826 1475 est
854 1424 999 1489 puris
1024 1424 1267 1477 manibus
1292 1440 1344 1496 et
1371 1428 1461 1493 qni
1494 1436 1770 1492 propterea
1806 1440 1992 1477 manus
2018 1428 2080 1479 ad
2118 1426 2280 1480 Deum

742 1528 903 1582 puras
933 1512 1093 1577 levat,
1126 1517 1247 1581 quia
1279 1515 1528 1568 sublimia
1572 1515 1916 1583 ccelestiaque
1951 1524 2166 1579 tractat,
2210 1515 2280 1568 ita

745 1611 801 1652 ut
832 1603 1007 1655 dicere
1056 1602 1226 1669 possit
1264 1617 1277 1651 :
1319 1603 1597 1657 «Elevatio
1647 1620 1894 1656 manuum
1926 1620 2159 1657 mearum
2194 1620 2281 1657 sa-

742 1691 998 1744 criticium
1052 1694 1472 1760 vespertinum”,
1525 1714 1542 1745 ι
1596 1694 1639 1746 is
1668 1696 1731 1747 ad
1779 1712 1874 1748 nos
1914 1697 2108 1749 veniat.
2138 1696 2273 1749 Dici-

742 1802 860 1841 mus
904 1789 1061 1841 etiau-
1120 1806 1135 1842 :
1187 1789 1441 1856 Quisquis
1486 1801 1568 1844 est
1613 1805 1743 1843 voce
1778 1792 2007 1858 sapiens,
2041 1791 2178 1858 quod
2226 1790 2276 1843 in

742 1874 858 1944 lege
889 1877 1093 1929 Domini
1125 1879 1409 1931 meditetur
1436 1881 1521 1931 die
1553 1895 1614 1933 ac
1642 1890 1818 1945 nocte,
1848 1891 1900 1933 et
1932 1897 2024 1948 pro
2052 1896 2276 1934 consue-

741 1965 923 2018 tudine
968 1966 1290 2019 exercitatos
1327 1966 1521 2020 habeat
1572 1982 1757 2020 sensus
1789 1968 1852 2019 ad
1905 1969 2277 2021 discretionem

736 2053 861 2107 bOui
893 2070 954 2108 ac
1004 2054 1200 2120 mali';
1253 2057 1298 2109 is
1348 2074 1413 2109 ue
1461 2066 1710 2124 gravetur
1758 2056 1821 2107 ad
1853 2058 2050 2109 solidos
2080 2072 2278 2124 eosque

737 2144 1005 2211 spiritales
1034 2146 1182 2199 cibos
1224 2162 1336 2199 acet
1354 2149 1500 2211 dere,
1536 2148 1624 2216 qui
1660 2147 1903 2215 pietatis,
1945 2148 2277 2215 aliarumque

734 2236 991 2287 Virtutum
1022 2237 1261 2289 omnium
1293 2238 1512 2292 athletis
1538 2238 1882 2294 conveniunt.
1934 2239 1997 2291 Et
2024 2239 2145 2307 quia
2186 2237 2273 2291 Dei

734 2324 901 2399 gratia
930 2335 1011 2379 est
1042 2324 1161 2378 (tum
1189 2327 1439 2395 oiuuihus
1470 2329 1559 2397 qui
1596 2331 1902 2396 incorrupto
1943 2345 2124 2382 amore
2153 2344 2272 2380 eum

734 2422 935 2477 amant,
968 2430 996 2468 a
1044 2430 1149 2482 quo
1178 2417 1243 2469 de
1275 2417 1673 2471 immortalitate
1706 2420 2031 2473 documenta
2061 2419 2271 2479 dantur,

733 2499 962 2555 dicimus
993 2517 1007 2554 :
1039 2502 1289 2573 Quisquis
1338 2521 1502 2573 purus
1537 2516 1619 2559 est
1654 2522 1757 2559 non
1808 2507 1875 2560 ab
1902 2510 2042 2575 onmi
2071 2508 2272 2561 scelere

732 2600 968 2655 tantum,
1016 2594 1108 2645 sed
1137 2594 1296 2647 etiam
1328 2598 1396 2647 ab
1425 2595 1490 2647 iis
1520 2595 1756 2663 peccatis
1786 2612 1901 2664 quae
1932 2612 2027 2664 pro
2058 2596 2272 2652 leviori-

731 2678 832 2733 bus
880 2681 1163 2745 habentur,
1221 2683 1445 2761 fidenter
1491 2686 1708 2739 accedat
1739 2687 2026 2740 iuitiandus
2054 2688 2268 2758 religio-

731 2768 817 2823 nis
845 2768 967 2824 Jesu
1017 2774 1302 2839 mysteriis,
1337 2790 1458 2843 quae
1507 2776 1713 2829 nonnisi
1747 2793 1842 2844 pro
1873 2780 2019 2845 puris
2060 2789 2111 2832 et
2140 2795 2267 2834 sun-

729 2859 834 2911 ctis
876 2860 1114 2915 instituta
1164 2873 1309 2917 sunt.
1361 2862 1426 2918 Et
1475 2876 1641 2937 mysta
1697 2869 1910 2936 quidem
1962 2869 2098 2923 Celsi
2144 2870 2262 2923 ait:

734 2967 754 3000 ι
777 2948 934 3017 Cujus
958 2954 1342 3008 conscientiam
1364 2956 1495 3008 nihil
1522 2958 1643 3010 mali
1674 2952 1966 3022 rem'ordet,
1995 2963 2206 3028 veniat;
2240 2982 2260 3015 ι

726 3037 819 3095 sed
848 3038 953 3107 qui
984 3044 1274 3096 secundum
1316 3040 1441 3098 Iesu
1492 3048 1821 3114 disciplinam
1850 3047 1941 3102 Dei
1996 3054 2263 3119 mysteriis

726 3127 923 3194 iuitiat,
973 3132 1102 3185 dicit
1149 3134 1236 3197 iis,
1284 3149 1508 3202 quorum
1535 3136 1642 3202 jam
1675 3140 1848 3191 anima
1880 3151 2098 3208 purgata
2127 3152 2206 3195 est
2244 3159 2258 3195 :
2291 3162 2332 3217 (;

724 3217 974 3287 Quisquis
1023 3220 1338 3289 jamdudum
1389 3226 1520 3279 nihil
1556 3227 1676 3279 mali
1727 3229 1983 3284 conscivit
2033 3231 2156 3295 sibi,
2209 3242 2263 3285 et

720 3312 1015 3379 praesertim
1042 3325 1105 3363 ex
1152 3328 1257 3379 quo
1286 3314 1541 3369 doctrinm
1594 3318 1853 3371 medicina
1899 3330 2122 3373 sanatus
2154 3330 2257 3384 est,

719 3397 811 3452 ille
840 3401 1019 3454 audiat
1084 3417 1185 3471 pne
1213 3401 1372 3459 Jesus
1399 3406 1622 3461 seorsim
1655 3408 1771 3461 suis
1819 3410 2092 3478 discipulis
2120 3411 2261 3464 edis-

718 3488 904 3541 seruit.
968 3489 1046 3542 Ex
1097 3504 1203 3557 quo
1240 3492 1482 3564 elIieitur
1530 3495 1764 3559 Celsum,
1816 3499 1938 3551 dum
1988 3500 2259 3569 religionis

716 3578 1037 3634 Graecanica:
1100 3584 1379 3638 ministros
1431 3586 1704 3653 religionis
1768 3587 1894 3641 Jesu
1953 3589 2257 3643 doctoribus

715 3673 977 3737 opposuit,
1013 3688 1119 3727 non
1156 3674 1489 3729 intellexisse
1541 3661 1680 3745 quid
1718 3679 1831 3732 haec
1855 3680 1959 3733 duo
1988 3681 2257 3749 discrepa-

716 3768 859 3822 rcut,
892 3776 1081 3813 vocare
1112 3763 1284 3816 malos
1325 3765 1391 3817 ad
1422 3766 1677 3818 sumenda
1712 3769 1963 3834 remedia,
2007 3779 2058 3823 et
2092 3785 2255 3837 puros

715 3846 782 3897 ad
811 3861 986 3901 rerum
1015 3852 1431 3905 reconditiorum
1467 3855 1843 3921 cognitionem.

782 3939 869 3991 6i.
911 3938 1018 3993 Nec
1070 3940 1325 4007 iniustum
1357 3932 1538 4009 igitur,
1583 3951 1683 3998 nec
1727 3946 1916 4008 iurem,
1953 3964 2049 4002 nec
2077 3964 2253 4002 muro-

712 4044 829 4082 rum
858 4030 1216 4097 elfractorem,
1268 4046 1365 4084 nec
1391 4038 1707 4101 venelicuut,
1764 4053 1860 4091 nec
1912 4040 2250 4105 sacrilegum,

712 4135 809 4173 nec
859 4130 1192 4174 morturrum
1248 4122 1617 4190 spoliatorem,
1670 4142 1767 4180 nec
1802 4128 1937 4180 alios
1979 4145 2248 4197 quoscun-

707 4226 811 4279 que
852 4211 1037 4265 Celsus
1068 4215 1439 4282 exaggeraudo
1484 4232 1764 4269 numerare
1797 4230 1993 4283 posset,
2024 4220 2088 4271 ad
2134 4236 2247 4288 my-

706 4302 993 4357 steriorum
1067 4304 1294 4355 notitiam
1346 4321 1619 4365 vacamus,
1672 4314 1765 4356 aut
1797 4309 2084 4377 participes
2112 4308 2245 4365 faei-

706 4406 822 4444 mus
869 4394 1167 4460 sapicutim,
1222 4411 1381 4464 «quae
1431 4396 1739 4449 abscondita
1777 4406 2074 4463 est,'quam
2110 4415 2245 4467 pra:-

2395 596 2529 656 νίαν,
2570 593 2625 662 ἦ,
2667 592 2817 661 (ὅπερ
2852 592 3169 662 κυριώτερϐν
3204 595 3345 643 ἐστιν
3384 592 3595 660 εἰπεῖν,)
3632 593 3720 644 ἐπὶ
3757 610 3944 661 μακα-

2397 684 2612 751 ριότητα
2631 699 2644 711 ·
2678 681 2810 733 ἐπὰν
2843 682 2886 733 δ’
2908 684 2953 733 οἱ
2976 682 3365 751 προκόπτοντες
3390 680 3496 731 τῶν
3523 681 3945 751 προτραπέντων

2388 773 2773 842 παραστήσωσι
2802 772 2861 822 τὸ
2890 770 3217 839 κεκαθάρθαι
3247 770 3348 821 ὑπὸ
3373 769 3465 821 τοῦ
3494 768 3667 836 λόγου,
3697 771 3813 831 καὶ,
3846 771 3943 838 ὅση

2388 859 2630 929 δύναμις,
2675 843 2876 928 βέλτιον
2918 860 3252 928 βεϐιωκέναι,
3295 860 3355 910 τὸ
3386 859 3635 926 τηνικάδε
3667 857 3944 926 καλοῦμεν

2387 950 2580 1019 αὐτοὺς
2628 951 2716 1002 ἐπὶ
2765 949 2862 1012 τὰς
2918 952 3043 1022 παρ’
3086 952 3213 1020 ἡμῖν
3251 949 3486 1012 τελετάς.
3537 967 3555 999 ι
3586 950 3776 1016 Σοφίαν
3835 946 3941 1016 γάρ

2385 1039 2648 1109 λαλοῦμεν
2678 1043 2733 1092 ὲν
2763 1044 2873 1101 τοῖς
2903 1040 3140 1103 τελείοις.
3167 1060 3184 1090 ι

2365 1130 2370 1135 ’
2456 1131 2563 1181 Καὶ
2593 1130 2944 1192 διδάσιοντες,
2974 1130 3053 1181 ὅτι
3112 1149 3128 1179 ι
3158 1131 3251 1193 Εἰς
3292 1129 3609 1199 κακότεχνον
3633 1126 3813 1196 ψυχὴν
3843 1126 3938 1177 οὐκ

2384 1220 2738 1272 εἰσελεύσεται
2774 1222 2948 1289 σοφία,
3000 1221 3116 1273 οὐδὲ
3150 1222 3457 1291 κατοικήσει
3502 1222 3558 1271 ἐν
3593 1217 3799 1287 σώματι
3834 1233 3935 1268 κα-

2381 1310 2592 1379 τάχρεῳ
2628 1311 2740 1379 ἁμα
2760 1310 2913 1372 πίας,
2942 1330 2959 1360 ι
3011 1310 3220 1380 φαμεν*
3255 1309 3435 1371 Ὅστις
3466 1312 3643 1378 χεῖρας
3674 1306 3933 1374 καθαρὸς,

2383 1398 2475 1449 καὶ
2505 1398 2592 1449 διὰ
2633 1398 2775 1449 τοῦτ’
2802 1399 3040 1469 ἐπαίρων
3085 1402 3266 1469 χεῖρας
3321 1398 3471 1460 ὁσίας
3524 1396 3600 1465 τῷ
3650 1394 3790 1463 θεῷ,
3844 1395 3935 1445 καὶ

2382 1490 2531 1559 παρὰ
2553 1491 2611 1542 τὸ
2638 1489 2896 1562 διηρμένα
2920 1492 3011 1542 καὶ
3030 1491 3250 1559 οὐράνια
3278 1489 3555 1551 ἐπιτελεῖν,
3584 1486 3799 1539 δύναται
3823 1484 3932 1554 (55)

2380 1582 2575 1651 λέγειν,
2635 1584 2930 1651 ε”Επαρσις
2974 1580 3081 1633 τῶν
3124 1581 3316 1651 χειρῶν
3368 1596 3467 1650 μου
3515 1578 3668 1630 θυσία
3717 1577 3935 1645 ἑσπερι-

2378 1674 2439 1741 νή
2462 1689 2474 1701 ο
2502 1693 2519 1723 ι
2549 1674 2726 1745 ἡκέτω
2760 1673 2891 1742 πρὸς
2925 1674 3097 1743 ἡμᾶς’
3134 1672 3245 1723 καίο
3281 1672 3461 1731 Ὅστις
3486 1668 3663 1739 φωνὴν
3696 1666 3930 1727 συνετὴ,

2377 1762 2453 1831 τῷ
2488 1764 2709 1834 μελετᾷν
2762 1764 2848 1814 τὸν
2894 1763 3051 1832 νόμον
3083 1761 3279 1831 Κυρίου
3326 1761 3532 1831 ἡμέρας
3583 1758 3676 1811 καί⁸
3718 1756 3929 1817 νυκτὸς,

2311 1840 2351 1893 Β
2380 1854 2472 1905 καὶ
2515 1852 2591 1921 τῷ
2640 1852 2741 1905 διάμ
2770 1854 2865 1924 τὴν
2912 1852 3020 1917 ἕξιν
3049 1852 3115 1904 τὰ
3148 1851 3465 1922 αἰσθητήρια
3508 1845 3932 1915 γεγυμνασμένα

2378 1943 2663 2013 ἐσχηκέναι
2714 1941 2848 2013 πρὸς
2878 1942 3143 2011 διάκρισιν
3192 1940 3353 1994 καλοῦ
3381 1956 3438 1991 τε
3486 1939 3580 1990 καὶ
3627 1934 3821 1995 κακοῦ,
3856 1933 3930 2002 μὴ

2377 2034 2597 2086 ὀκνείτω
2650 2034 2923 2102 προσιέναι
2972 2034 3212 2102 στερεαῖς
3264 2029 3502 2096 λογικαῖς
3544 2028 3769 2094 τροφαῖς

2376 2127 2468 2189 καὶ
2496 2124 2851 2194 ἁρμοζούσαις
2879 2123 3128 2194 ἀθληταῖς
3153 2120 3424 2192 εὐσεϐείας
3457 2119 3549 2170 καὶ
3587 2116 3765 2185 πάσης
3799 2114 3927 2181 ἀρε-

2374 2215 2491 2283 τῆς.
2531 2216 2682 2267 Ἐπεὶ
2712 2214 2767 2266 δὲ
2794 2216 2884 2267 καὶ
2928 2215 2960 2283 ή
2990 2214 3143 2282 χάρις
3183 2210 3273 2263 τοῦ
3303 2208 3434 2261 Θεοῦ
3477 2210 3590 2259 ὲστι
3623 2205 3759 2276 μετά
3794 2205 3928 2257 πάν-

2374 2322 2480 2357 των
2526 2306 2633 2357 τῶν
2679 2306 2735 2356 ὲν
2782 2304 3054 2373 ἀφθαρσίᾳ
3099 2299 3426 2369 ἀγαπώντων
3470 2298 3561 2349 τὸν
3610 2294 3925 2347 διδάσκαλον

2371 2393 2478 2445 τῶν
2507 2395 2602 2463 τῆς
2635 2393 2759 2445 ἁθαι
2771 2393 2926 2454 ασίας
2954 2391 3305 2467 μαθημάτωνο
3337 2390 3521 2448 Ὅστις
3546 2382 3706 2452 ἁγνὸς
3729 2382 3793 2433 οὐ
3830 2382 3911 2449 p6

2373 2500 2458 2536 vov
2496 2486 2600 2535 ἀπὸ
2627 2483 2823 2545 παντὸς
2855 2482 3204 2553 μύσους-(57),
3253 2478 3385 2532 ἀλλά
3431 2478 3521 2530 καὶ
3550 2474 3660 2526 τῶν
3708 2471 3925 2525 ἐλαττό-

2371 2592 2473 2642 νων
2501 2570 2635 2626 εἷναι
2661 2573 3020 2644 νομιζομένων
3046 2569 3469 2641 ἁμαρτημάτων,
3522 2563 3737 2635 θαρρῶν
3769 2561 3922 2631 pusi-

2372 2664 2480 2715 σθω
2520 2663 2587 2715 τὰ
2613 2643 2794 2734 μόνοι;
2833 2663 3004 2729 ἁγίοις
3032 2643 3123 2714 καὶ
3148 2659 3398 2729 καθαροῖς
3429 2655 3661 2722 εὐλόγως
3694 2650 3923 2720 παραδι-

2366 2753 2564 2823 δόμενα
2610 2770 2879 2823 μυστιρια
2927 2752 3023 2821 τῆς
3055 2750 3193 2805 κατὰ
3232 2747 3431 2817 Ἰησοῦν
3479 2742 3806 2803 θεοσεὸείας.
3859 2738 3917 2791 ’0

2369 2845 2465 2913 μὲν
2509 2839 2599 2896 οὖν
2631 2843 2836 2896 Κέλσου
2873 2843 3078 2911 μύστης
3126 2840 3303 2909 φησὶν,
3366 2856 3385 2888 ‹
3411 2837 3555 2904 Ὅτῳ
3583 2833 3731 2886 οὐδὲν
3762 2833 3798 2900 ἡ
3820 2829 3921 2899 ψυ-

2467 2933 2667 2986 σύνοιδε
2711 2933 2897 2996 κςκὸν,
2946 2932 3151 3002 ήκέτω’
3177 2950 3195 2980 ι
3238 2931 3265 2981 6
3299 2928 3353 2979 δὲ
3402 2926 3539 2979 κατὰ
3580 2923 3673 2975 τὸν
3710 2918 3917 2991 Ἰησοῦν

2368 3024 2735 3095 μυσταγωγῶν
2784 3022 2860 3092 τῷ
2892 3021 3009 3091 Θεῷ
3036 3024 3143 3083 τοῖς
3170 3017 3588 3087 κεκαθαρμένοις
3616 3014 3715 3084 τὴν
3739 3013 3919 3082 ψυχὴν

2364 3117 2500 3186 ἐρεῖ·
2542 3118 2681 3184 Ὅτῳ
2709 3114 2883 3183 πολλῷ
2919 3112 3090 3183 χρόνῳ
3114 3110 3299 3181 ἡψυχὴ
3326 3108 3474 3162 οὐδὲν
3496 3104 3698 3158 σύνοιδε
3723 3102 3915 3167 κακὸν,

2363 3204 2454 3255 καὶ
2488 3203 2716 3272 μάλιστα
2743 3203 2833 3269 ἀφ’
2860 3196 2919 3252 οῦ
2960 3195 3315 3269 προσελήλυθε
3345 3197 3408 3264 τῇ
3438 3193 3530 3245 τοῦ
3569 3191 3722 3258 λόγου
3753 3191 3920 3261 θερα-

2362 3295 2507 3365 πείᾳ,
2551 3290 2700 3355 οὗτος
2728 3294 2821 3344 καὶ
2848 3292 2953 3344 τῶν
2987 3292 3103 3343 κατ’
3136 3288 3268 3340 ἰδίαν
3294 3283 3666 3354 λελαλημένων
3691 3281 3796 3334 ὑπὸ
3818 3280 3915 3333 τοῦ

2371 3386 2544 3454 Ἰησοῦ
2577 3387 2685 3445 τοῖς
2718 3384 2955 3453 γνησίοις
2989 3380 3249 3451 μαθηταῖς
3276 3377 3530 3430 ἀκουέτω.
3581 3372 3787 3427 Οὐκοῦν
3815 3372 3915 3424 καὶ

2358 3479 2414 3530 ἐν
2442 3474 2522 3539 οἷς
2552 3478 2767 3544 ἀντιπαί
2786 3474 2993 3544 ατίθησι
3038 3472 3105 3525 τὰ
3132 3471 3239 3524 τῶν
3282 3467 3554 3539 μυούντων
3597 3466 3656 3517 ἐν
3688 3463 3915 3532 Ἕλλησι

2354 3570 2464 3629 τοῖς
2491 3566 2758 3619 διδάσκου(
2782 3584 2794 3615 ι
2822 3550 2891 3616 τὰ
2921 3562 3014 3615 τοῦ
3056 3560 3226 3631 Ἰησοῦ
3258 3560 3356 3613 οὐκ
3388 3553 3492 3609 οἶδε
3525 3554 3787 3625 διαφοράν
3810 3572 3915 3606 κα-

2353 3658 2619 3727 λουμένων
2668 3656 2758 3708 ἐπὶ
2789 3657 2884 3725 μὲν
2914 3654 3200 3724 θεραπείαν
3228 3651 3460 3719 φαύλων,
3505 3650 3598 3701 ἐπὶ
3620 3648 3678 3701 δὲ
3704 3648 3773 3699 τὰ
3806 3664 3913 3717 μυ·-

2356 3748 2654 3818 στικώτερα
2687 3746 2793 3799 τῶν
2818 3746 2913 3816 ἤδη
2945 3744 3356 3817 καθαρωτάτων.

2421 3949 2530 4000 υύκ
2553 3950 2640 4000 ἐπὶ
2670 3967 2759 4017 pur
2777 3950 2936 4019 τήρια.
2960 3944 3051 4001 οῦν
3081 3947 3170 4000 καὶ
3198 3944 3474 3999 κοινωνίαν
3506 3944 3695 4014 σοφίας
3720 3948 3776 3997 ὲν
3808 3963 3909 4013 μυ-

2351 4040 2551 4110 στηρίῳ
2581 4060 2598 4090 ι
2625 4042 2750 4091 ἀπο)
2778 4039 3127 4109 ῑκρυμμένης,
3160 4037 3227 4103 ἢν
3254 4036 3552 4106 προώρισεν
3587 4038 3616 4087 6
3637 4035 3765 4098 Θεὸς
3794 4037 3907 4103 πρὸ

2346 4132 2453 4184 τῶν
2490 4130 2696 4183 αἰώνων
2740 4150 2748 4178 ι
2773 4134 2816 4192 ξς
2842 4129 2995 4191 δόξαν
3024 4148 3042 4178 ι
3078 4128 3183 4180 τῶν
3209 4127 3425 4179 δικαίων
3459 4126 3670 4187 ἑαυτοῦ,
3701 4126 3903 4179 καλοῦ-

2351 4239 2447 4291 μεν
2478 4221 2568 4273 τδν
2598 4220 2747 4273 ἄδικο
2783 4260 2797 4283 ,
2850 4220 2941 4271 καὶ
2991 4218 3244 4285 κλέπτην,
3292 4218 3386 4269 καὶ
3420 4217 3761 4287 τοιχωρύχον,
3806 4219 3907 4271 καὶ

2345 4313 2654 4382 φαρμακέα,
2716 4312 2807 4363 κεί.
2862 4309 3146 4382 ἱερόσυλον,
3207 4308 3298 4361 καὶ
3373 4308 3744 4381 τυμϐωρύχον,
3804 4311 3906 4361 καὶ

2344 4405 2497 4466 ὅσους
2528 4404 2591 4457 ἂν
2636 4403 2751 4455 ἀλλι
2766 4421 2822 4466 σς
2848 4402 3151 4455 δεινοποιῶν
3179 4404 3205 4453 6
3234 4400 3437 4462 Κέλσος
3467 4402 3744 4469 ὀνομάσαι,
3780 4401 3902 4453 ἀλλ’

703 4481 993 4543 destinavit
1029 4484 1167 4536 Deus
1214 4496 1341 4539 ante
1390 4487 1581 4540 Stecula
1630 4488 1679 4539 in
1724 4487 2025 4554 gloriam")
2078 4488 2242 4554 justo-

2362 4496 2434 4545 ;rt‘t
2474 4495 2779 4565 θεραπείαν.
2835 4496 2983 4546 Ἔστι
3012 4492 3117 4563 γὰρ
3150 4493 3206 4544 ὲν
3244 4494 3308 4561 τῇ
3339 4492 3431 4545 τοῦ
3463 4492 3616 4559 λόγου
3662 4492 3899 4561 θειότητι

703 4587 820 4625 rum
848 4572 994 4637 ejus;
1042 4575 1133 4625 sed
1181 4576 1244 4625 ad
1276 4578 1603 4630 sanationem
1632 4578 1966 4631 advocamus.
2024 4579 2157 4632 Nam
2186 4581 2236 4632 in

700 4663 877 4715 divina
924 4674 1104 4717 nostra
1140 4666 1384 4718 doctrina
1422 4668 1525 4719 alia
1570 4677 1698 4722 sunt
1741 4682 2046 4738 comparata
2098 4673 2235 4724 male

700 4755 1034 4818 habentibus,
1068 4757 1132 4809 de
1158 4758 1351 4824 quibus
1382 4758 1457 4809 ait
1492 4777 1503 4811 :
1546 4777 1562 4806 ι
1587 4760 1698 4812 Non
1730 4772 1809 4813 est
1849 4777 1979 4835 opus
2006 4762 2232 4814 valenti-

696 4844 795 4898 bus
843 4849 1099 4909 medicus,
1147 4848 1241 4899 sed
1273 4849 1409 4901 male
1445 4850 1881 4913 habentibus‘p
1934 4852 2036 4903 alia
2083 4867 2251 4915 vero,

694 4949 814 5001 quae
870 4949 1061 5002 corpu:.
1107 4934 1271 5005 488
1336 4938 1677 5003 animamque
1729 4953 1857 5004 pura
1920 4941 2232 4992 habentibus

694 5028 981 5079 ostendunt
1010 5044 1026 5075 ε
1054 5026 1434 5082 revelatiouem
1468 5030 1701 5099 mysterii
1739 5031 2061 5106 temporibus
2083 5042 2233 5083 teter-

694 5115 777 5168 nis
824 5119 992 5181 taciti,
1030 5120 1281 5181 patefacti
1314 5136 1455 5174 nunc
1486 5137 1580 5189 per
1605 5120 1911 5188 Scriptztras
1944 5108 2228 5188 propheta-

694 5220 809 5256 rum
835 5207 873 5271 ⁸,
911 5217 963 5258 et
1012 5194 1106 5275 per
1142 5211 1428 5263 adventum
1466 5212 1668 5263 Domini
1722 5212 1883 5263 nostri
1926 5211 2045 5265 Jcsu
2075 5212 2230 5265 Chri-

692 5294 759 5345 sti
786 5292 871 5356 ⁷,»
939 5297 1027 5361 qui
1078 5298 1337 5351 adventus
1386 5300 1637 5366 perfectis
1685 5302 1931 5353 omnibus
1984 5302 2226 5368 patescit,

692 5394 1031 5451 mentemque
1059 5389 1122 5439 ad
1155 5403 1239 5441 res
1268 5388 1408 5441 nulla
1433 5391 1693 5443 mendacii
1724 5390 2005 5443 formidine
2035 5406 2227 5455 cogno-

758 5495 803 5569 Ῠ⁹
830 5495 849 5548 ί
879 5497 1002 5551 COF-
1040 5514 1099 5569 ιι,
1125 5501 1176 5552 (5.
1255 5503 1273 5533 ³
1305 5502 1427 5569 Snp.
1458 5519 1495 5566 ι,
1528 5505 1577 5555 4.
1683 5504 1702 5532 ²
1734 5505 1874 5557 Psal.
1898 5519 2018 5567 CXL,
2046 5502 2098 5554 2.

688 5566 710 5597 ⁸
741 5564 895 5618 iioiu.
929 5583 1037 5629 xu,
1070 5568 1157 5621 ‘25.
1253 5572 1271 5600 ⁷
1327 5564 1537 5625 η’Τὶιιι.
1567 5587 1605 5635 ι,
1640 5571 1721 5625 10.

756 5681 866 5750 (55)
894 5682 1161 5735 Δύναται.
1207 5684 1511 5751 Bohprcllus
1547 5685 1689 5751 legit,
1726 5687 1939 5749 δυνατός

754 5752 865 5823 (uti)
894 5752 1226 5807 llmsehelius
1258 5753 1309 5807 in
1344 5764 1512 5819 testu,
1542 5759 1776 5825 τροχαῖς,
1812 5761 1963 5810 male.

2175 5502 2196 5533 ³
2230 5501 2371 5557 Psal.
2414 5521 2448 5566 ι,
2481 5508 2548 5570 2;
2581 5507 2711 5559 lleb.
2736 5507 2887 5568 v,-H.

2344 4585 2475 4637 ἄλλα
2504 4587 2599 4653 μὲν
2625 4585 2690 4636 τὰ
2719 4584 3075 4656 θεραπευτικά
3102 4583 3207 4637 τῶν
3235 4582 3418 4644 κακῶς
3449 4584 3673 4651 ἐχόντων
3702 4582 3900 4651 βοηθή-

2340 4691 2505 4743 ματα,
2540 4676 2663 4739 περὶ
2706 4669 2779 4727 ὧν
2808 4672 2955 4726 εἶπεν
2980 4676 3007 4726 6
3028 4658 3181 4741 λόγος
3202 4679 3289 4738 τὸ,
3323 4692 3340 4722 ι
3371 4674 3443 4725 Οὐ
3468 4672 3653 4742 χρείαν
3680 4673 3898 4741 ἔχουσιν

2339 4768 2385 4816 οἱ
2424 4765 2691 4833 ἰσχύοντες
2722 4765 2921 4834 ἰατροῦ,
2970 4764 3081 4816 ἀλλ’
3106 4766 3154 4816 oi
3190 4763 3371 4824 κακῶς
3418 4762 3659 4830 ἔχοντες·
3691 4780 3709 4811 ι
3758 4763 3895 4815 ἄλλα

2337 4856 2392 4907 δὲ
2425 4856 2490 4907 τὰ
2517 4858 2623 4919 τοῖς
2652 4856 2905 4926 καθαροῖς
2946 4854 3115 4923 ψυχὴν
3147 4854 3237 4904 καὶ
3284 4852 3439 4920 σῶμα
3464 4852 3891 4921 παραδεικνύντα

2344 4968 2362 4998 ι
2390 4947 2720 5015 ἀποκάλυψιν
2751 4946 3062 5017 μυστηρίου,
3110 4944 3312 5014 χρόνοις
3339 4943 3573 5005 αἰωνίοις
3605 4946 3895 5013 σεσιγημέ.

2338 5026 2445 5101 νου,
2492 5042 2883 5112 φανερωθέντος
2917 5041 2970 5092 δὲ
3000 5033 3105 5092 ’νῦν
3148 5038 3235 5092 διά
3259 5056 3313 5091 τε
3354 5040 3392 5090 Γ
3397 5040 3579 5109 ραιρῶν
3624 5057 3892 5110 προφητι-

2338 5120 2465 5191 κῶν,
2508 5132 2599 5181 καὶ
2643 5130 2739 5197 τῆς
2783 5127 3095 5196 ἐπιφανείας
3142 5125 3232 5177 τοῦ
3273 5126 3475 5196 Κυρίου
3520 5126 3671 5196 ἡμῶν
3712 5126 3885 5195 Ἰησοῦ

2336 5218 2587 5288 Χριστοῦ,
2615 5238 2631 5268 ι
2676 5219 2884 5287 ἑκάστῳ
2926 5216 3030 5268 τῶν
3076 5215 3289 5269 τελείων
3327 5217 3745 5286 ἐπιφαινομένης
3790 5216 3883 5269 καὶ

2332 5306 2665 5375 φωτιζούσης
2710 5309 2788 5368 είς
2831 5306 3030 5375 ἀψευδῆ
3067 5306 3258 5373 γνῶσιν
3303 5307 3408 5359 τῶν
3453 5308 3785 5378 πραγμάτων
3822 5304 3884 5356 τι

2328 5398 2661 5467 ἡγεμονικόν.
2707 5397 2855 5448 Ἐπεὶ
2901 5397 2955 5448 δὲ
3000 5396 3301 5449 δεινοποιῶν
3334 5397 3401 5450 τά
3443 5397 3563 5450 καθ’
3592 5395 3742 5465 ημῶν
3789 5396 3883 5459 ἐγ-

2965 5505 3016 5558 ⁶Ι
3042 5507 3163 5561 Cor.
3195 5524 3254 5571 ιι,
3285 5507 3335 5558 7.
3411 5508 3432 5537 ⁸
3468 5506 3654 5559 Matth.
3684 5521 3755 5569 ις,
3788 5504 3877 5557 19..

2409 5682 2518 5753 (57)
2555 5684 2883 5743 llmschelius
2909 5689 2959 5742 in
2996 5699 3162 5757 textu,
3190 5688 3394 5757 μίσῦυς-
