4076 6310
178 468 315 524 ποθι

1353 460 1628 517 CONTRA
1667 457 1937 513 CELSUM
1977 458 2105 512 ΜΒ.
2147 459 2235 514 Ill.

3250 450 3390 507 £013

175 580 452 651 κλήματα,
480 578 721 650 ἐπιφέρει
743 572 821 640 οἷς
842 578 1119 648 ὠνόμασεν
1139 578 1439 649 ἀνθρώποις
1470 577 1722 647 μιαρωτά-

1834 576 2064 629 sccudas
2103 575 2392 629 illuminat.
2448 575 2597 640 Quod
2627 574 2723 638 ait,
2758 584 2811 628 ut
2843 572 3244 628 accusationem
3276 572 3417 625 amo‘

172 686 289 727 τοις
337 668 417 729 τὸ,
469 688 488 719 ι
516 670 673 732 Τίνας
716 668 905 730 ἀλλους
947 667 1332 739 προκηρύττων
1379 666 1576 737 λῃστὴς
1603 667 1729 718 ἐκά-

174 765 333 823 λεσε;
358 779 377 810 ι
420 760 511 814 καὶ
545 760 678 831 πρὸς
700 761 855 813 τοῦτο
880 762 1139 830 φήσομεν,
1164 760 1245 811 ὅτι
1272 758 1469 831 λῃστὴς
1495 759 1605 831 (58)
1633 758 1730 827 μὲν
1764 818 1772 825 ἱ

172 849 302 911 τοὺς
350 848 617 911 τοιούτους
650 848 820 913 καλεῖ,
878 849 1152 919 χρώμενος
1184 848 1358 901 αὐτῶν
1391 850 1454 917 τῇ
1490 846 1731 923 ,πονηρίᾳ

172 939 298 992 κατ’
330 937 627 1009 ἀνθρώπων
672 939 765 1001 οὓς
812 936 1049 1007 φονεύειν
1101 940 1194 991 καὶ
1241 938 1402 1008 συλᾷν
1458 938 1729 1007 βούλονται

173 1028 287 1098 (59)
307 1044 323 1058 '
374 1029 694 1099 Χριστιανὸς
714 1028 789 1090 δὲ,
839 1027 937 1081 κᾶν
973 1028 1108 1098 καλῇ
1141 1027 1233 1090 οὓς
1264 1031 1291 1080 ὁ
1323 1027 1518 1098 λῃστὴς
1558 1027 1726 1091 καλεῖ,

169 1118 429 1189 διάφορον
460 1118 645 1187 κλῆσιν
678 1119 871 1181 αὐτοὺς
918 1118 1103 1171 καλεῖ·
1147 1119 1213 1171 ἵν’
1244 1118 1420 1172 αὐτῶν
1458 1118 1731 1191 καταδήσῃ

172 1208 243 1259 τὰ
264 1207 550 1277 τραύματα
588 1208 664 1278 τῷ
707 1208 867 1279 λόγῳ,
897 1210 986 1262 καὶ
1012 1209 1203 1283 ἐπιχέῃ
1229 1213 1295 1279 τῇ
1328 1209 1727 1283 φλεγμαινούσῃ

172 1298 231 1348 ὲν
258 1300 447 1360 κακοῖς
471 1298 610 1368 ψυχῇ
642 1298 709 1350 τὰ
727 1299 835 1353 ἀπὸ
854 1299 946 1352 τοῦ
972 1299 1128 1368 λόγου
1161 1300 1442 1371 φάρμακα,
1473 1301 1728 1368 ἀνάλογον

172 1390 320 1456 οἴνῳ,
375 1388 467 1439 καὶ
499 1388 676 1458 ἐλαίῳ,
711 1390 801 1443 καὶ
850 1390 1181 1459 μαλάγματι,
1234 1392 1326 1444 καὶ
1373 1394 1482 1454 τοῖς
1530 1391 1730 1455 λοιποῖς

170 1478 280 1530 ἀπὸ
314 1479 564 1549 ἰατρικῆς
594 1479 769 1551 ψυχῆς
796 1480 904 1552 (60)
933 1474 1283 1551 βοηθήμασιν.

240 1566 375 1621 Εἶτα
426 1571 771 1640 συκοφαντῶν
815 1570 881 1625 τὰ
922 1573 1232 1643 προτροπῆς
1263 1574 1419 1626 ἕνεκα
1466 1575 1729 1644 εἰρημένα

170 1661 266 1713 καὶ
296 1664 654 1734 γεγραμμένα
701 1665 799 1735 τῆς
830 1664 964 1735 πρὸς
999 1667 1124 1728 τοὺς
1154 1666 1335 1728 κακῶς
1384 1666 1726 1735 βεϐιωκότας,

170 1753 264 1808 καὶ
305 1755 569 1809 καλοῦντα
616 1755 812 1819 αὐτοὺς
857 1757 949 1809 ἐπὶ
996 1757 1278 1826 μετάνοιαν
1320 1757 1413 1809 καὶ
1451 1757 1729 1826 διόρθωσιν

165 1851 267 1918 τῆς
292 1850 472 1920 ψυχῆς
518 1850 712 1933 αύτῶχ,
780 1850 941 1919 φησὶν
986 1850 1132 1919 ἡμᾶς
1168 1849 1363 1915 λέγειν,
1407 1851 1517 1911 τοῖς
1550 1851 1725 1919 ἁμαρ-

1834 666 2036 734 plilicet
2077 684 2090 719 :
2134 666 2395 735 tEcquos
2441 667 2575 721 alios
2606 675 2822 720 vocaret
2862 664 3039 717 latro?
3069 682 3088 716 ι
3149 663 3394 730 Respon-

1833 758 2077 831 demusa
2110 756 2321 812 latrone
2352 757 2534 812 vocari
2564 756 2824 820 latrones,
2876 756 3017 823 quod
3052 753 3266 808 illorum
3296 770 3389 807 ne-

1833 846 2003 913 quitia
2038 856 2219 900 utatur
2249 855 2437 901 contra
2490 847 2735 901 homines
2766 860 2901 915 quos
2933 847 3240 900 interﬁcere
3280 845 3394 898 vult

1831 943 1886 989 et
1912 936 2180 1003 spoliare;
2226 935 2565 991 Christianos
2609 952 2756 998 vero,
2804 938 2902 991 etsi
2937 937 3150 991 eosdem
3197 944 3389 990 vocent

1832 1038 1896 1078 ac
1925 1023 2085 1087 latro,
2142 1025 2248 1079 alio
2277 1035 2457 1079 tamen
2490 1041 2683 1079 vocare
2734 1025 2994 1089 c0usilio;
3043 1025 3294 1078 nimirum
3332 1032 3390 1077 ut

1833 1115 2076 1168 doctrina
2132 1114 2355 1169 vulnera
2407 1130 2595 1168 eorum
2639 1116 2895 1186 obligem,
2946 1125 2999 1168 et
3053 1116 3103 1168 in
3152 1116 3388 1167 animam

1833 1205 2178 1271 cupiditatum
2226 1204 2490 1259 incendiis
2537 1204 2917 1261 inﬂammatam
2975 1206 3254 1260 infundant
3295 1214 3385 1259 re—

1834 1294 2032 1357 media,
2062 1310 2180 1363 quae
2230 1294 2381 1357 vino,
2431 1295 2573 1359 oleo,
2606 1296 2832 1364 aliisque
2864 1295 3223 1365 respondeant
3256 1294 3389 1349 leui-

1833 1384 2031 1442 meutis
2059 1398 2177 1452 qua:
2204 1384 2394 1438 medici
2425 1385 2741 1453 corporibus
2773 1385 3081 1438 admovent.

1903 1553 1990 1607 62.
2020 1554 2157 1608 Tum
2189 1554 2396 1620 Celsus,
2444 1570 2561 1624 qua:
2610 1555 2753 1608 dicta
2786 1564 2839 1607 ct
2870 1536 3069 1624 Scripta
3099 1564 3223 1609 sunt
3263 1553 3388 1608 lior-

1834 1644 2012 1697 tanois
2053 1643 2193 1699 male
2238 1645 2542 1698 viventibus
2593 1643 2957 1711 vocandisque
3009 1643 3071 1697 ad
3124 1645 3392 1712 pmniten—

1834 1735 1967 1788 tiam
1998 1745 2051 1789 et
2084 1738 2276 1791 anima:
2307 1752 2416 1791 sua:
2444 1737 2898 1797 emendationem,
2933 1736 3151 1800 indigne
3183 1738 3382 1791 calum-

1832 1828 2006 1894 nians,
2030 1827 2104 1882 ait
2129 1829 2312 1883 dicere
2345 1844 2465 1893 nos,
2500 1849 2519 1879 ι
2546 1829 2766 1882 missum
2795 1830 2859 1880 ad
2889 1841 3199 1896 peccatores
3223 1832 3390 1886 fuisse

165 1916 409 2002 τωλοίςτ
430 1916 752 2010 ’πεπέμφθαι
895 1916 1044 1993 Θεὸν.
1072 1958 1091 1989 δ
1125 1941 1343 2009 Ὅμοιον
1370 1939 1426 1991 δὲ
1456 1940 1549 1992 καὶ
1577 1916 1722 1992 τοῦτα

1834 1917 2063 1971 Deum.»
2110 1918 2261 1983 Quod
2296 1918 2517 1986 perinde
2550 1918 2679 1973 facit
2727 1935 2790 1973 ac
2828 1920 2872 1974 si
2919 1920 3239 1988 quibusdam
3282 1922 3388 1975 cri-

166 2033 335 2093 ποιεῖ,
390 2031 464 2094 ὡς
511 2032 559 2083 εί
607 2030 845 2084 ἐνεκάλει
872 2032 1000 2093 τισι,
1038 2029 1253 2098 λέγουσι
1280 2029 1367 2081 διὰ
1393 2031 1515 2093 τοὺς
1547 2031 1731 2093 κακῶς

165 2117 452 2186 διάγοντας
479 2123 535 2172 ἐν
562 2124 625 2189 τῇ
655 2120 808 2171 πόλει
856 2119 1167 2189 πεπέμφθαι
1214 2119 1317 2171 ὑπὸ
1362 2119 1733 2190 φιλανθρωπο-

163 2210 331 2262 τάτου
366 2210 623 2279 βασιλέως
667 2210 756 2262 τὸν
797 2210 995 2281 ἰατρόν.
1038 2208 1318 2278 Ἐπέμφθη
1349 2205 1438 2261 οῦν
1467 2210 1596 2271 Θεὸς
1628 2210 1730 2261 Λό-

163 2317 284 2366 γος,
316 2300 452 2353 καθὸ
498 2302 594 2370 μὲν
624 2302 823 2372 ἰατρὸς,
869 2303 982 2362 τοῖς
1008 2299 1367 2370 ἁμαρτωλοῖς,
1415 2299 1547 2352 καθὸ
1574 2300 1629 2351 δὲ
1658 2300 1731 2351 δι-
1766 2312 1771 2315 ·

160 2390 431 2454 δασκαλος
470 2392 627 2446 θείων
662 2393 990 2463 μυστηρίων,
1042 2394 1153 2453 τοῖς
1203 2391 1301 2461 ἤδη
1353 2391 1607 2461 καθαροῖς
1640 2392 1731 2443 καὶ

166 2482 369 2551 μηκέτι
418 2484 835 2555 ἁμαρτάνουσιν.
878 2484 936 2536 Ὀ
985 2482 1041 2555 δὲ
1085 2481 1308 2544 Κέλσος,
1336 2481 1504 2535 ταῦτα
1539 2482 1611 2553 μὴ
1637 2483 1726 2534 δυ-

166 2482 369 2551 μηκέτι
418 2484 835 2555 ἁμαρτάνουσιν.
878 2484 936 2536 Ὀ
980 2482 1041 2642 Σὲ
1085 2482 1308 2544 Κέλσος,
1336 2482 1504 2535 ταῦτα
1539 2482 1611 2553 μὴ
1637 2483 1726 2534 δυ-

160 2573 349 2643 νηθεὶς
385 2574 671 2645 διακρῖναι,
715 2576 793 2644 (ού
822 2573 928 2644 γὰρ
1020 2572 1248 2644 ϐουλήθη
1304 2574 1727 2643 φιλομαθῆσαγ)

162 2664 297 2732 φησι
320 2681 335 2694 ·
386 2683 405 2715 ι
429 2664 492 2716 Τί
538 2665 613 2726 δὲ,
641 2668 752 2726 τοῖς
779 2665 1177 2735 ἀναμαρτήτοις
1203 2663 1301 2715 οὐκ
1343 2663 1629 2734 ὲπέμφθη;
1663 2664 1727 2717 Τί

163 2753 336 2806 κακόν
382 2757 497 2806 ἐστι
525 2756 589 2807 τὸ
621 2756 694 2825 μὴ
722 2756 1134 2825 ήμαρτηκέναις
1182 2755 1289 2806 Καὶ
1316 2754 1450 2825 πρὸς
1480 2753 1635 2806 τοῦτο
1668 2755 1724 2806 δέ

163 2859 368 2909 φαμεν,
417 2843 519 2905 ὅτι,
569 2844 632 2895 Εἰ
680 2842 777 2912 μὲν
808 2844 1216 2914 ἀναμαρτήτους
1249 2842 1393 2909 λέγει
1440 2843 1566 2905 τοὺς
1622 2860 1723 2913 μη-

161 2930 281 2981 κέτι
314 2932 741 3001 ἁμαρτάνοντας,
790 2931 1044 3002 ἐπέμφθη
1095 2932 1188 2986 καὶ
1216 2931 1423 2993 τούτοις
1463 2934 1490 2983 ὁ
1534 2933 1723 3002 Σωτὴρ

160 3018 321 3085 ἡμῶν
364 3020 584 3088 Ἰησοῦς,
634 3021 747 3073 ἀλλ’
780 3022 877 3074 ούκ
912 3021 1092 3091 ίατρός
1113 3039 1127 3055 ο
1157 3023 1205 3075 εί
1249 3022 1304 3073 δὲ
1329 3022 1722 3095 ἀναμαρτήτοις

158 3111 274 3171 τοῖς
310 3108 443 3180 μηδὲ
477 3109 690 3162 πώποτε
736 3111 1123 3183 ἡμαρτηκόσιν,
1155 3111 1233 3180 (οὐ
1259 3110 1365 3181 γὰρ
1398 3111 1722 3165 διεστείλατο

161 3199 221 3250 ὲν
251 3200 319 3269 τῇ
347 3197 535 3251 ἑαυτοῦ
565 3198 705 3263 λέξει
725 3200 761 3267 ⁸)
788 3200 1039 3269 ἐροῦμεν,
1068 3200 1147 3253 ὅτι
1178 3200 1433 3252 ἀδύνατον
1469 3196 1604 3252 εἶναι
1632 3200 1719 3254 οὓς

157 3306 271 3352 τως
293 3289 573 3359 ἄνθρωπον
606 3290 1000 3360 ἀναμάρτητον.
1050 3289 1217 3343 Τοῦτο
1249 3291 1305 3343 δέ
1330 3308 1527 3360 φαμεν,
1560 3290 1723 3355 ὑπεξ-

158 3382 480 3451 αιρουμένου
512 3381 602 3433 τοῦ
653 3377 793 3433 κατὰ
834 3382 923 3433 τὸν
961 3381 1162 3451 Ἰησοῦν
1209 3382 1492 3450 νοουμένου
1518 3381 1723 3451 ἀνθρώφ

157 3486 288 3531 που,
339 3469 396 3531 ὃς
431 3471 741 3539 (ἁμαρτίαν
790 3471 888 3522 οὐκ
942 3472 1178 3539 ἐποίησε.
1211 3489 1229 3522 ι
1283 3471 1617 3541 Κακούργως
1656 3472 1718 3542 δή

158 3574 327 3626 φησιν
354 3561 381 3610 ὁ
412 3558 614 3620 Κέλσος
660 3560 785 3628 περὶ
824 3560 998 3629 ἡμῶν,
1042 3560 1117 3622 ὡς
1148 3560 1210 3631 δὴ
1255 3562 1586 3627 φασκόντων,
1640 3562 1719 3615 ὃτι

160 3665 183 3697 ι
215 3646 320 3698 Τὸν
370 3648 466 3715 μὲν
498 3648 694 3707 ἄδικον,
741 3647 833 3699 ὲάν
883 3648 1042 3700 αὑτὸν
1070 3648 1173 3701 ὑπὸ
1205 3649 1503 3721 μοχθηρίας
1528 3668 1717 3705 ταπει-

156 3734 329 3806 νώσῃ,
360 3735 562 3800 δέξεται
606 3739 634 3789 ό
658 3736 788 3799 Θεός
809 3754 823 3767 ·
854 3738 945 3789 τὸν
974 3738 1030 3789 δὲ
1070 3739 1293 3802 δίκαιον,
1328 3740 1420 3793 ὲάν
1452 3742 1565 3809 μετ’
1593 3743 1718 3816 ἀρε-

153 3825 259 3895 τῆς
288 3828 381 3879 ἀπ’
411 3829 581 3898 ἀρχῆς
618 3830 728 3882 ἀνω
755 3830 889 3900 πρὸς
919 3831 1079 3886 αὑτὸν
1113 3830 1302 3902 βλέπῃ,
1336 3832 1522 3887 τοῦτον
1555 3836 1613 3888 οὐ
1643 3835 1718 3887 δέ-

156 3915 330 3981 ξεται.
359 3936 377 3967 ι
422 3919 697 3971 Ἀδύνατον
730 3920 838 3990 γάρ
882 3937 1056 3990 φαμεν
1105 3917 1239 3973 εἷναι
1273 3921 1551 3991 ἄνθρωπον
1600 3927 1714 3992 μετ’

153 4008 361 4077 ἀρετῆς
387 4009 479 4060 ἀπ’
511 4011 683 4080 ἀρχῆς
712 4010 846 4080 πρὸς
876 4012 966 4063 τὸν
995 4011 1123 4063 Θεὸν
1163 4013 1274 4065 ἄνω
1306 4012 1539 4081 βλέπειν.
1596 4015 1713 4071 Κα-

152 4097 284 4150 κίαν
326 4099 433 4169 γὰρ
467 4100 788 4167 ὑφίστασθαι
818 4102 1104 4169 ἀναγκαῖον
1148 4102 1360 4171 πρῶτον
1407 4104 1465 4153 έν
1509 4102 1714 4172 ἀνθρώ-

151 4205 281 4249 ποις
312 4186 442 4257 (61).
488 4190 636 4241 Καθὸ
663 4192 754 4243 καὶ
783 4192 811 4241 ὁ
838 4192 1044 4255 Παῦλος
1076 4192 1251 4259 λέγει’
1294 4211 1312 4242 ι
1348 4191 1633 4260 Ἐλθούσης
1655 4192 1712 4244 δὲ

146 4278 255 4345 τῆς
280 4278 516 4347 ἐντολῆς,
540 4281 573 4349 η
596 4282 830 4350 ἁμαρτία
850 4282 955 4351 (62)
976 4282 1251 4353 ἀνέζησεν,
1281 4282 1389 4350 ἐγὼ
1418 4284 1473 4335 δὲ
1507 4284 1710 4335 ἀπέθα-

146 4383 262 4417 νον.
286 4386 304 4416 ι
355 4367 510 4419 Ἀλλά
536 4370 628 4420 καὶ
672 4371 730 4421 οὐ
761 4370 1074 4440 διδάσκομεν
1105 4374 1230 4441 περὶ
1268 4371 1375 4422 τοῦ
1394 4372 1598 4435 ἀδίκου,
1628 4373 1708 4425 ὅτι

142 4456 423 4526 αὔταρκες
461 4457 605 4527 αύτῷ
646 4458 707 4511 τὸ
733 4459 821 4512 διὰ
849 4461 947 4530 τὴν
978 4462 1269 4533 μοχθηρίαν
1307 4460 1493 4514 ἑαυτὸν
1520 4480 1710 4517 ταπει-

140 4546 275 4598 νοῦν
301 4547 438 4617 πρὸς
468 4548 529 4599 τὸ
557 4548 803 4619 δεχθῆναι
833 4550 937 4602 ὑπὸ
961 4551 1054 4603 τοῦ
1100 4552 1230 4604 Θεοῦ
1251 4568 1265 4581 °
1299 4552 1431 4614 ἀλλ’,
1482 4553 1574 4605 ἐὰν
1609 4556 1704 4624 μὲν
1736 4574 1779 4630 D

139 4637 241 4689 ἐπὶ
266 4640 379 4698 τοῖς
405 4637 684 4709 προτέροις
711 4639 897 4693 ἑαυτοῦ
933 4642 1246 4708 καταγνοὺς,
1291 4642 1584 4712 πορεύηται
1613 4662 1703 4699 να-

138 4726 331 4789 πεινὸς
364 4728 448 4780 ἐπ’
475 4730 714 4794 ἐκείνοις,
760 4732 852 4784 καὶ
876 4734 1279 4803 κεκοσμημένος
1307 4734 1400 4787 ἐπὶ
1440 4738 1550 4799 τοῖς
1576 4737 1697 4789 δευ-

133 4818 346 4889 τέροις,
373 4819 557 4873 τοῦτον
582 4822 992 4893 παραδέξεται“ό
1014 4826 1161 4888 Θεός.

209 4905 367 4969 Εἶτα.
401 4910 475 4979 μὴ
500 4912 632 4964 νοῶν
649 4911 763 4975 πῶς
787 4914 995 4985 εἴρηται
1022 4916 1103 4977 τὸ,
1139 4937 1158 4969 ι
1198 4918 1312 4981 Πᾶς
1341 4920 1370 4971 ὁ
1395 4919 1541 4986 ὑψῶν
1572 4919 1695 4971 ἑαυα-

129 5000 230 5050 τὸν
258 5002 719 5071 ταπεινωθήσεται
739 5020 753 5035 ν
796 5023 815 5056 ι
855 5006 987 5075 μηδὲ
1020 5009 1121 5059 κᾶν
1154 5009 1261 5061 ἀπὸ
1290 5009 1382 5061 τοῦ
1414 5009 1695 5069 Πλάτωνος

126 5086 427 5155 διδαχθεὶς,
471 5089 553 5141 ὅτι
600 5110 619 5139 ι
665 5092 722 5143 ⁸0
755 5093 913 5157 καλὸς
939 5097 1029 5149 καὶ
1057 5097 1256 5163 ἀγαθὸς
1286 5078 1575 5166 πορεύεταῖ
1600 5111 1695 5145 τα·-

201 5200 231 5232 ⁸
262 5201 280 5252 l
303 5197 424 5252 Pet.
452 5215 511 5264 ιι,
532 5199 623 5254 22.

201 5331 684 5409 {58)_llmscheliu_s
718 5344 771 5388 et
813 5340 1144 5409 Spettcerns.
1180 5338 1681 5409 lqczigéxﬂeaa;

121 5406 226 5458 καὶ
257 5401 393 5472 πρὸς
412 5401 565 5453 τοῦτο
593 5401 964 5473 φήσομενζότι
988 5401 1335 5477 λῃστὰςίὲιε.
1376 5406 1483 5461 Sed
1518 5401 1701 5464 .‘odeit'

124 5473 465 5526 Basileeusis
496 5480 551 5522 ut
580 5473 630 5522 in
659 5483 841 5525 nostro
870 5484 1034 5527 textu.

168 5488 465 5525 asueeusrs
496 5488 551 5522 ιιι
580 5488 630 5522 ΙΙΙ
659 5488 841 5525 ιιοειη)
870 5488 1034 5527 ωὶιιι.

195 5541 325 5610 (59)
373 5542 710 5593 Βούλονται.
770 5540 947 5597 Malim
997 5561 1116 5597 cum
1163 5542 1461 5609 Boherello,
1506 5546 1683 5615 βούλε-

367 5678 593 5754 ιξνυχῆς.
630 5678 887 5754 _O_mnino
932 5683 1293 5748 scribendum,
1342 5682 1553 5754 τέχνης,
1598 5685 1677 5739 vel

120 5746 404 5817 ὕλης,’νρι
435 5751 561 5815 quid
598 5746 794 5801 simile.

189 5819 314 5889 (61)
352 5818 576 5870 Κακίαν
595 5818 703 5884 τὰρ
732 5817 1087 5884 ὑφίστασθαι
1111 5822 1430 5891 ἀναγκαῖον
1450 5824 1680 5895 πρῶτον

446 5905 715 5966 Ριτιιοι..
762 5904 877 5965 Gn.
926 5908 1037 5967 XI.

696 5203 717 5233 '
747 5203 903 5257 Rom.
928 5221 1023 5270 νυ,
1048 5207 1101 5260 9.
1176 5207 1220 5237 ¹⁰
1250 5206 1433 5262 Matth.
1470 5223 1616 5268 uni,
1655 5203 1745 5258 12.

1834 2007 1961 2061 mini
1992 2008 2234 2071 duceret,
2268 2009 2406 2076 quod
2446 2010 2710 2072 medicum
2742 2012 2808 2064 ab
2839 2011 3229 2067 humanissimo
3260 2029 3387 2081 rege

1832 2101 1897 2149 ad
1932 2098 2116 2150 urbem
2144 2108 2364 2165 propter
2385 2114 2499 2161 eos,
2531 2100 2620 2165 qui
2658 2100 2858 2155 morbis
2887 2101 3216 2166 laborabant,
3250 2105 3385 2160 mis.

1829 2202 1945 2239 sum
1974 2202 2094 2240 esse
2144 2186 2495 2240 alIirmarent.
2551 2188 2741 2246 Missus
2772 2193 2937 2260 igitur
2968 2204 3049 2247 est
3079 2193 3221 2249 Deus
3249 2193 3386 2249 Ver»

1830 2275 1952 2327 bum
1999 2276 2065 2328 ad
2113 2286 2429 2344 peccatores
2482 2288 2735 2348 tauquam
2790 2283 3065 2349 medicus;
3120 2286 3214 2340 sed
3267 2295 3383 2340 tau-

1828 2383 1997 2435 quam.
2040 2368 2341 2421 divinorum
2393 2371 2771 2438 mysteriorum
2823 2372 3008 2427 doctor
3038 2374 3102 2427 ad
3136 2390 3253 2440 eos,
3289 2376 3379 2444 qui

1828 2457 1987 2512 elutis
2022 2458 2265 2525 pristinis
2316 2459 2569 2526 peccatis,
2604 2460 2655 2513 in
2683 2476 2743 2513 ea
2784 2461 2897 2527 jam
2927 2479 3030 2518 non
3070 2466 3386 2521 relabuntur
3452 2493 3457 2507 τ

1828 2547 2077 2615 amplius.
2109 2550 2178 2603 At
2209 2548 2423 2616 Celsus,
2470 2549 2628 2617 hujus
2668 2553 2993 2609 discriminis
3027 2556 3263 2625 ignarus,
3296 2568 3382 2611 ut-

1826 2648 1950 2707 pote
1983 2640 2121 2706 quod
2146 2640 2435 2709 exquirere
2462 2640 2653 2705 uoluit,
2701 2653 2855 2712 rogat
2885 2661 2898 2697 :
2936 2645 3082 2699 (Cur
3109 2663 3210 2700 non
3248 2649 3381 2702 mis-

1827 2742 1919 2780 sus
1954 2738 2038 2783 est
2071 2731 2138 2783 ad
2186 2729 2449 2805 immunes
2502 2746 2533 2785 a
2565 2733 2836 2801 peccatis?
2884 2732 3019 2800 Quid
3074 2737 3270 2791 malum
3299 2746 3380 2793 est

1823 2832 1929 2869 non
1968 2814 2429 2909 peccassthAd
2470 2823 2572 2875 boc
2625 2824 2855 2881 dicimus
2897 2842 2911 2877 :
2949 2825 3003 2877 Si
3049 2841 3144 2895 per
3182 2829 3376 2880 immu-

1822 2922 1919 2962 nc-s
1944 2922 1974 2960 a
2002 2910 2242 2977 peccatis
2277 2876 2561 2984 iiliplligat'
2583 2913 2673 2980 qui
2724 2928 2827 2967 non
2868 2876 3094 2983 amplitls
3130 2928 3375 2984 peccant,

1822 2922 1919 2962 nes
1944 2922 1974 2960 a
2002 2921 2242 2977 peccatis
2277 2921 2329 2963 ιη
2391 2921 2673 2980 lllgat’qui
2724 2928 2827 2967 non
2868 2921 3094 2983 amplius
3130 2928 3373 2984 peccant,

1822 2999 2070 3054 Salvator
2096 3012 2279 3055 noster
2324 2921 2505 3085 rigens
2537 3004 2732 3059 missus
2763 3015 2866 3071 est,
2905 3009 2997 3060 sed
3031 3024 3135 3064 non
3166 3021 3221 3061 ut
3260 3024 3373 3063 me-

1782 3094 2000 3156 ,dicus;
2052 3094 2134 3146 sin
2183 3101 2363 3145 autem
2421 3108 2515 3148 eos
2560 3094 2649 3163 qui
2703 3110 2971 3164 nunquam
3022 3112 3375 3166 peccaverunt

1821 3182 2016 3253 (neque
2051 3185 2193 3237 enim
2247 3184 2362 3238 hmo
2408 3184 2524 3252 ejus
2571 3184 2731 3239 verba
2772 3199 2955 3255 aperte
2996 3190 3372 3261 distinguunt),

1827 3275 2154 3343 impossibile
2179 3284 2260 3331 est
2294 3278 2565 3331 hominem
2592 3294 2710 3334 esse
2744 3284 2834 3349 qul
2887 3296 3159 3351 nunquam
3187 3300 3377 3352 pecca—

1822 3366 1981 3457 verit,
2009 3378 2235 3436 excepto
2279 3376 2457 3422 tamen
2492 3370 2710 3426 homine
2738 3385 2766 3424 a
2797 3370 2923 3426 Jcsu
2954 3386 3247 3443 assumpto,
3282 3381 3371 3447 qui

1819 3458 1978 3511 homo
2032 3474 2050 3507 ι
2073 3468 2350 3525 peccatum
2387 3474 2492 3512 non
2530 3459 2656 3514 fecit
2677 3461 2718 3513 ⁸.
2745 3479 2765 3513 ι
2797 3462 3041 3532 improbe
3071 3468 3230 3520 etiam
3278 3485 3374 3524 no-

1818 3542 2065 3602 bis'hanc
2093 3550 2335 3618 assignat
2363 3552 2686 3606 sententiam
2714 3571 2729 3607 :
2759 3572 2777 3605 ι
2798 3553 3053 3621 lnjustum
3094 3572 3124 3609 a
3154 3558 3258 3613 Deo
3287 3574 3373 3615 re-

1816 3646 2028 3706 ceptum
2068 3639 2153 3704 iri,
2190 3640 2322 3693 sise
2347 3641 2414 3693 de
2441 3639 2680 3708 nequitia
2717 3654 2814 3695 sua
2852 3642 3245 3709 bumiliaveriL;
3277 3650 3373 3702 mi-

1816 3728 1959 3781 nime
1995 3741 2173 3783 autem
2198 3730 2427 3797 justum,
2456 3730 2501 3781 si
2534 3729 2821 3785 virtutibus
2842 3739 3067 3786 ornatus
3095 3733 3161 3787 ab
3192 3735 3366 3801 initio,

1816 3821 1878 3873 ad
1904 3820 2048 3873 illum
2096 3820 2278 3874 oculos
2327 3818 2632 3873 tetenderit.
2662 3840 2681 3873 ι
2738 3820 3037 3879 Censemus
3073 3827 3216 3881 enim
3249 3829 3363 3883 ﬁeri

1814 3926 1917 3962 non
1972 3924 2145 3977 posse,
2198 3919 2257 3961 ut
2304 3909 2465 3961 homo
2506 3910 2795 3965 virtutibus
2840 3924 3066 3968 ornatus
3116 3917 3184 3971 ab
3212 3918 3365 3973 initio

1812 3996 1877 4048 ad
1907 3996 2070 4049 Deum
2099 3995 2283 4050 oculos
2310 3997 2499 4066 erigat.
2527 3995 2764 4053 Primum
2790 4002 2932 4055 enim
2966 4003 3018 4057 in
3059 4005 3365 4064 hominibus

1811 4096 2087 4151 peccatum
2134 4084 2258 4153 puni
2296 4099 2516 4141 necesse
2557 4096 2660 4152 est,
2694 4089 2905 4146 dicente
2939 4092 3104 4147 Paulo
3136 4112 3150 4149 :
3187 4114 3205 4147 ι
3228 4097 3363 4151 Cum

1810 4177 2044 4230 venisset
2092 4177 2427 4242 mandatum,
2475 4189 2757 4245 peccatum
2793 4183 3021 4248 revixit;
3050 4200 3147 4254 ego
3185 4198 3362 4243 autem

1810 4278 2057 4321 mortuus
2101 4268 2283 4323 sum’.
2312 4288 2331 4321 ι
2386 4269 2572 4338 Neque
2602 4272 2764 4325 etiam
2812 4276 3085 4341 docemus,
3133 4288 3189 4332 ut
3223 4279 3361 4346 iniu-

1810 4367 1924 4412 stus
1956 4374 1985 4411 a
2016 4359 2121 4413 Deo
2149 4359 2458 4427 recipiatur,
2492 4359 2621 4413 satis
2648 4374 2784 4425 esse,
2824 4362 2869 4416 si
2922 4374 3142 4433 propter
3174 4370 3361 4437 nequi-

1811 4450 1940 4503 tiam
1994 4466 2051 4505 se
2087 4451 2483 4513 humiliaverit;
2530 4449 2700 4520 489
2750 4454 3018 4509 sedilium
3052 4473 3080 4509 a
3131 4458 3242 4513 Deo
3278 4478 3360 4517 ree

1808 4550 2022 4609 ceptum
2057 4542 2120 4594 iri
2152 4541 2266 4610 qui,
2298 4540 2579 4608 pristinam
2610 4542 2772 4594 vitam
2807 4545 3195 4613 coudemnans,
3233 4566 3332 4619 pro

1808 4641 1926 4700 pter
1958 4631 2102 4684 illam
2150 4632 2393 4685 modeste
2442 4639 2498 4684 et
2539 4633 2607 4685 ob
2659 4634 3018 4691 recentiorem
3066 4644 3357 4710 composite

1806 4721 2107 4775 incesserit.

1870 4915 1954 4967 65.
1977 4914 2104 4969 Post
2126 4914 2241 4970 haec
2262 4930 2365 4971 non
2396 4917 2699 4987 intelligens
2725 4920 2858 4989 quid
2881 4922 2986 4976 sibi
3012 4924 3173 4977 velint
3198 4926 3345 4981 haec:

1806 5023 1823 5055 ι
1847 5004 2145 5075 Omnis‘qui
2169 5022 2227 5060 se
2247 5008 2472 5074 exaltat,
2493 5010 2869 5065 humiliabitur
2887 5013 2963 5079 ¹⁰;
2996 5031 3016 5063 ι
3040 5014 3350 5086 oblitusque

1800 5095 1925 5164 quid
1962 5094 2115 5149 Plato
2150 5098 2340 5151 doceat
2363 5136 2379 5163 ,
2418 5115 2439 5149 ι
2478 5098 2652 5151 virum
2696 5101 2920 5167 probum
2974 5112 3028 5154 et
3060 5102 3348 5161 honestum

1790 5336 1859 5388 ἐν
1887 5337 2233 5403 ἀνθρώποις.
2280 5335 2357 5407 De
2396 5346 2625 5407 peccato
2669 5338 2913 5407 originali
2950 5340 3077 5407 quid
3116 5348 3347 5399 senserit

1791 5407 2086 5480 Οινὶειξιῖςιιοε,⁵
2124 5408 2245 5480 vide
2310 5404 2775 5480 Qrigeni‘qnorunt:
2804 5407 2899 5461 lib.
2941 5404 3003 5472 li,
3057 5423 3247 5480 (111338!-
3290 5416 3339 5472 7.

1791 5490 1845 5526 n.
1886 5478 1974 5527 2L
2050 5474 2283 5526 Consule
2338 5476 2463 5527 item
2512 5475 2769 5542 Speuccri
2820 5474 3226 5535 adnotationem
3276 5486 3343 5539 ad

1789 5542 1885 5597 lib.
1920 5559 1968 5595 Iv
1998 5552 2180 5594 contra
2210 5542 2438 5606 Celsum,
2468 5559 2614 5595 num.
2638 5545 2728 5598 40.

1861 5612 1970 5681 (62)
2016 5612 2084 5664 Ἠ
2106 5611 2377 5689 ἁμαρτίᾳ,
2404 5621 2512 5665 etc.
2550 5613 2661 5689 _Sic
2689 5630 2875 5689 omnes
2924 5632 3053 5689 mss.
3079 5618 3339 5689 litesche.

1787 5681 1891 5757 lius
1923 5691 2098 5757 autem
2128 5691 2181 5757 et
2213 5681 2513 5757 §peiicertls
2550 5681 2602 5735 in
2653 5695 2823 5750 textu,
2855 5688 2888 5755 ή
2929 5681 3167 5757 ἁμαρτία
3202 5686 3325 5741 ἀπέ-

1787 5751 1959 5815 θανεν,
1994 5747 2101 5817 ἐγὼ
2125 5749 2179 5802 δὲ
2207 5749 2455 5821 ἀνέζησα.

2976 5907 3057 5968 32
