4100 6318
656 437 670 452 .
698 374 832 429 tum

2152 366 2472 424 ORIGENlS

3777 362 3903 415 ίιυι

691 495 926 539 «mdeste
973 492 1024 537 et
1059 484 1358 552 compesite
1404 482 1675 546 incedere,
1717 503 1735 535 ι
1790 495 1949 552 atque
1983 485 2241 553 ignorans

2345 488 2520 548 στεινὸς
2555 487 2642 537 καὶ
2669 486 3073 555 κεκοσμημένος
3095 502 3108 515 ο
3151 504 3167 535 ι
3200 487 3273 555 μὴ
3299 485 3448 548 εἰδὼς
3475 484 3530 536 δὲ
3560 485 3672 543 καὶ,
3705 480 3779 543 ῶς
3810 495 3900 546 φα-

693 577 742 627 id
771 581 910 643 quod
937 577 1169 629 dicimus
1196 595 1208 630 :
1246 594 1263 624 ι
1301 575 1674 628 llumiliamini
1708 576 1874 642 igitur
1906 577 2006 630 sub
2035 578 2241 644 potenti

691 682 848 720 manu
883 667 994 727 Dei,
1026 677 1086 718 ιιι
1110 665 1306 718 exaltet
1331 681 1426 718 vos
1454 667 1505 716 in
1539 675 1779 733 tempore
1801 665 1885 728 “;
1919 682 1938 716 ι
1971 665 2046 718 ait
2076 685 2087 718 :
2124 685 2142 716 ι
2169 667 2244 719 Ac

695 762 936 811 homines
964 758 1179 824 quidem
1214 757 1302 822 qui
1342 766 1483 809 recte
1526 755 1764 822 iudicum
1801 754 1976 809 οίῐὶιιίο
2015 755 2244 823 fungun—

691 859 795 902 tur,
833 861 952 898 reos
987 856 1170 897 vetant
1206 846 1279 896 uti
1327 859 1509 897 coram
1541 860 1596 897 se
1634 845 1924 912 gemitibus
1950 855 1998 897 et
2035 845 2242 898 lamen-

691 939 779 993 tis.
813 946 868 987 ut
903 951 968 987 ne
1018 935 1068 986 in
1097 935 1394 1000 liminando
1445 935 1814 986 misericordia
1859 936 2039 1000 potius
2085 949 2242 999 quam

690 1029 920 1078 veritate
954 1036 1264 1077 moveantur
1296 1040 1310 1086 ;
1342 1036 1396 1075 at
1425 1025 1563 1076 Deus
1592 1024 1731 1076 inter
1759 1023 2106 1090 iudicandum
2139 1039 2241 1076 non

689 1117 958 1174 veritatis,
1009 1115 1102 1168 sed
1149 1114 1479 1166 adulationis
1526 1115 1790 1166 rationem
1845 1113 2025 1166 habet.
2069 1132 2087 1164 ι
2138 1111 2243 1166 Sed

691 1224 932 1277 qmenam
961 1206 1216 1264 adulatio,
1249 1209 1339 1271 qui
1373 1207 1602 1272 gemitus
1633 1205 1683 1256 in
1703 1205 1997 1272 Scriptnris
2025 1218 2245 1272 compa-

693 1307 833 1356 rt‘ut,
863 1311 980 1347 cum
1013 1295 1101 1361 qui
1146 1294 1387 1362 peccavit
1419 1295 1561 1346 dicat
1590 1295 1641 1346 in
1685 1295 1797 1347 suis
1829 1296 1893 1346 ad
1925 1294 2089 1346 Deum
2125 1309 2245 1361 pre—

690 1390 882 1441 ribus;
920 1406 937 1435 ι
980 1386 1238 1438 Delicttttn
1269 1399 1444 1438 meum
1474 1386 1744 1452 cognitum
1779 1384 1870 1436 tibi
1915 1383 2040 1447 feci,
2078 1395 2131 1437 et
2158 1387 2242 1437 in-

687 1479 953 1546 justitiam
987 1489 1156 1530 meam
1193 1491 1297 1529 non
1332 1475 1609 1529 abscondi.
1643 1474 1783 1534 Dixi,
1817 1474 2118 1527 confitebor
2151 1475 2245 1527 ad-

692 1586 907 1623 versum
943 1585 1026 1622 me
1081 1567 1402 1634 iniustitiam
1441 1581 1615 1618 meam
1669 1565 1928 1627 Domino,
1959 1577 2067 1620 etc.
2097 1566 2182 1618 "?
2221 1585 2238 1616 ι

691 1667 772 1717 An
801 1653 1107 1726 probaverit
1138 1658 1444 1726 huiusmodi
1478 1658 1871 1711 confessionem
1913 1673 2120 1720 eorum,
2153 1658 2243 1725 qui

692 1769 748 1808 se
784 1762 902 1820 post
931 1751 1278 1804 commissum
1331 1758 1612 1817 peccatum
1661 1749 1948 1801 bnmiliant
1975 1747 2073 1801 sub
2115 1747 2242 1812 Deo,

695 1847 762 1894 ad
796 1844 1007 1894 illorum
1040 1842 1434 1895 correctionem
1470 1856 1577 1892 non
1617 1839 1966 1892 conducere?
2003 1838 2106 1892 Sed
2131 1837 2244 1905 ejus

692 1931 1030 1984 obtrectandi
1059 1931 1228 1982 libido
1256 1929 1408 1990 facit,
1443 1938 1498 1978 ut
1542 1928 1641 1979 sibi
1673 1929 1922 1994 loquatur
1953 1928 2240 1980 contraria.

697 2020 844 2073 Nunc
874 2020 1013 2072 enim
1046 2033 1374 2087 cognoscere
1402 2019 1612 2069 videtur
1645 2016 1916 2069 hominem
1941 2059 1953 2080 ,
1993 2018 2084 2084 qui
2130 2017 2244 2067 sine

696 2121 957 2178 peccato,
1007 2110 1184 2178 justus
1234 2117 1286 2157 et
1334 2111 1529 2157 virtute
1577 2106 1831 2172 prrcditns
1870 2110 1937 2157 ab
1984 2106 2136 2157 initio
2178 2104 2245 2156 ad

698 2201 858 2252 Deum
889 2199 1075 2251 oculos
1099 2179 1374 2250 sustulerit
1401 2213 1412 2251 :
1443 2212 1583 2247 nunc
1609 2197 1874 2262 approbat
1905 2197 1955 2247 id
1984 2197 2125 2263 quod
2150 2211 2246 2249 nos

695 2292 922 2342 dicimus
967 2306 978 2339 :
1036 2307 1053 2338 ι
1101 2287 1234 2351 Quis
1263 2288 1422 2338 homo
1453 2285 1694 2353 perfecte
1735 2285 1950 2350 justus?
1991 2296 2086 2340 aut
2123 2287 2244 2354 quis

694 2384 812 2434 sine
839 2390 1059 2447 peccato
1084 2379 1172 2431 “‘i
1210 2395 1228 2428 ι
1259 2380 1345 2430 Ait
1374 2380 1515 2429 enim
1551 2377 1665 2442 ipse
1693 2395 1706 2428 :
1744 2394 1762 2426 ι
1807 2377 2001 2429 Verum
2038 2385 2121 2429 est
2147 2393 2244 2428 na-

698 2480 816 2522 tura
846 2468 1080 2536 proclive
1109 2481 1230 2520 esse
1260 2467 1323 2518 ad
1346 2469 1676 2534 peccandum
1710 2481 1878 2531 genus
1897 2467 2194 2519 hominum.
2220 2486 2238 2518 ι

700 2558 920 2619 Deinde,
958 2557 1112 2624 quasi
1162 2571 1269 2610 non
1319 2571 1505 2608 omnes
1550 2557 1614 2606 ad
1664 2565 1901 2608 nostram
1935 2555 2243 2624 religionem

696 2662 1028 2706 vocarentur
1054 2668 1069 2702 :
1106 2666 1125 2698 ι
1163 2647 1432 2716 Oportuit,
1464 2648 1654 2714 inquit,
1686 2648 1903 2700 omnino
1934 2662 2122 2701 omnes
2151 2662 2246 2702 vo-

699 2745 832 2804 cari,
862 2745 905 2796 si
940 2741 1158 2810 quidem
1191 2754 1378 2794 omnes
1429 2738 1794 2806 peccaverint.
1837 2757 1854 2788 »
1886 2737 1952 2792 Ει
1978 2747 2155 2793 tamen
2191 2741 2242 2792 in

698 2833 1070 2899 superioribus
1097 2829 1313 2881 allatum
1350 2847 1376 2880 a
1411 2829 1568 2880 nobis
1594 2837 1677 2880 est
1707 2829 1845 2881 istud
1869 2828 1999 2881 Jesu
2029 2847 2044 2882 :
2084 2848 2103 2880 ι
2142 2828 2245 2883 Ve-

697 2923 813 2977 nite
838 2923 901 2975 ad
936 2937 1040 2985 me,
1068 2934 1258 2973 omnes
1285 2920 1373 2985 qui
1403 2918 1663 2971 laboratis
1701 2928 1755 2970 et
1785 2921 1990 2972 onerati
2017 2919 2166 2981 estis,
2190 2927 2246 2972 et

695 3029 794 3080 ego
845 3013 1077 3063 reficiam
1129 3025 1224 3063 vos
1265 3009 1330 3061 “.
1368 3029 1386 3061 ι
1425 3008 1623 3063 Omnes
1667 3010 1827 3076 igitur
1867 3010 2112 3063 homines
2144 3012 2247 3062 hac

697 3103 762 3155 ad
809 3103 1139 3169 peccandum
1187 3099 1526 3166 proclivitate
1591 3098 1902 3151 laborantes
1936 3109 1991 3152 et
2039 3100 2243 3151 onerati
2271 3136 2316 3192 Ο

697 3201 960 3245 Vocantur
992 3193 1055 3242 ad
1087 3191 1228 3241 illam
1278 3188 1366 3240 Dei
1401 3189 1715 3254 requietem,
1745 3203 1906 3255 quam
1939 3202 2122 3240 nostra
2150 3189 2244 3242 d0-

701 3287 869 3335 rtrina
897 3281 1178 3355 promittit.
1203 3297 1221 3328 ι
1248 3278 1390 3331 Misit
1419 3297 1438 3329 ι
1470 3280 1610 3332 enim
1636 3277 1775 3334 Deus
1802 3278 2066 3355 «Verbum
2089 3296 2242 3333 suum

697 3385 750 3426 et
778 3374 986 3425 sanavit
1019 3387 1130 3434 eos,
1159 3381 1213 3424 et
1241 3372 1437 3440 eripuit
1467 3386 1562 3426 eos
1596 3377 1660 3426 de
1689 3372 2128 3441 corruptionibus
2155 3386 2247 3426 eo-

699 3478 818 3518 rum
844 3464 905 3517 ".
945 3482 961 3512 ι

767 3641 854 3695 64.
883 3640 1096 3710 Pergit:
1138 3657 1156 3689 ι
1188 3639 1300 3705 Qua
1334 3640 1494 3704 igitur
1542 3653 1704 3691 causa
1754 3645 2070 3705 peccatores
2105 3651 2243 3704 pra:-

698 3731 986 3784 leruntur?
1023 3749 1040 3779 I
1074 3730 1340 3797 Additque
1380 3729 1530 3796 plura
1561 3729 1609 3780 id
1639 3728 2246 3797 genus.Respondemus

697 3828 1036 3888 peccatorem
1085 3819 1398 3886 simpliciter
1448 3833 1551 3870 non
1581 3818 1831 3884 anteponi
1867 3817 1976 3880 illi,
2003 3817 2094 3886 qui
2139 3831 2244 3869 non

697 3923 779 3966 est
811 3921 1102 3979 peccator;
1139 3910 1232 3962 sed
1261 3909 1528 3962 interdum
1574 3909 1855 3962 accidit-ut
1881 3918 2132 3976 peccator
2161 3907 2245 3961 sui

699 4002 905 4067 peccati
933 3997 1262 4052 conscientia
1290 4005 1462 4049 tactus
1491 4007 1544 4049 et
1571 3997 1769 4049 idcirco
1797 3997 2066 4064 paenitens
2084 4000 2247 4063 atqite

700 4101 917 4157 propter
951 4104 1045 4141 sua
1097 4096 1318 4156 peccata
1367 4086 1585 4140 humilis
1629 4085 1961 4138 anteleratur
2008 4084 2105 4147 illi,
2151 4084 2244 4152 qui

668 4164 878 4236 uninus
907 4180 1120 4249 quidem
1154 4180 1243 4232 illo
1265 4178 1498 4232 habetur
1519 4185 1790 4245 peccator,
1819 4178 1912 4229 sed
1943 4191 2001 4230 se
2029 4177 2246 4228 minime

696 4281 1032 4340 peecatorem
1064 4285 1180 4325 esse
1207 4271 1515 4333 existimat,
1547 4268 1655 4321 imo
1682 4267 1941 4336 gloriatur
1973 4267 2249 4334 turgescit-

695 4379 803 4432 que
831 4365 1149 4432 quibusdam
1186 4364 1339 4417 bonis
1361 4403 1376 4427 ,
1407 4363 1602 4434 quibus
1630 4361 1729 4414 sibi
1765 4360 1879 4428 ipse
1919 4369 2142 4412 ornatus
2169 4358 2249 4411 vi-

2346 596 2464 648 μεν,
2498 598 2514 627 ι
2555 576 2918 647 ταπεινώθητε
2951 573 3043 629 οὖν
3075 577 3179 628 ὑπὸ
3206 578 3302 646 τὴν
3335 577 3599 647 κραταιάν
3632 576 3787 644 χεῖρα
3813 570 3899 622 τοῦ

2341 670 2496 730 Θεοῦ,
2528 670 2613 721 ἵνα
2646 669 2789 737 ὑμᾶς
2817 667 3007 738 ὑψώσῃ
3035 669 3091 719 έν
3121 667 3296 737 καιρῷ
3315 683 3328 696 ·
3368 687 3386 716 ι
3415 668 3596 737 φησιν,
3625 667 3708 716 ὅτι
3737 681 3754 714 ι
3783 664 3888 729 Ἂν·

2343 759 2550 829 θρωποι
2582 760 2678 828 μὲν
2705 757 2878 827 ὀρθῶς
2907 756 3062 826 δίκης
3101 756 3484 828 προϊστάμενοι
3515 756 3641 816 τοὺς
3672 753 3765 805 ἐπὶ
3796 756 3900 814 τοῖς

2343 851 2667 920 ἀδικήμασιν
2711 849 3135 918 ὀλοφυρομένους
3176 848 3514 905 ἀποπαύουσι
3546 846 3665 898 τῶν
3697 847 3896 914 οἰκτρο-

2341 942 2502 1009 γοῶν,
2536 943 2619 993 ἵνα
2659 942 2730 1010 μὴ
2761 941 2896 1011 πρὸς
2923 939 3068 992 έλεον
3106 940 3302 1009 μᾶλλον
3331 939 3363 1009 ἢ
3397 939 3527 1009 πρὸς
3550 937 3804 1008 ἀλήθειαν
3829 937 3902 987 δι-

2344 1029 2647 1103 κασθῶσινο
2694 1030 2722 1079 ὁ
2763 1028 2891 1088 Θεὸς
2931 1027 2976 1078 δ’
3023 1026 3131 1096 ἀρα
3176 1028 3236 1078 οὐ
3278 1026 3414 1096 πρὸς
3457 1025 3738 1095 ἀλήθειαν,
3769 1023 3899 1077 ἀλλὰ

2343 1121 2480 1190 πρὸς
2522 1120 2808 1171 κολακείαν
2854 1117 3081 1179 δικάζει.
3125 1137 3142 1166 ι
3184 1116 3318 1168 Ποία
3347 1116 3453 1187 γάρ
3485 1113 3772 1178 κολακεία,
3813 1117 3900 1167 καὶ

2344 1215 2493 1272 ποῖος
2533 1211 2686 1276 λόγος
2731 1209 3054 1280 οἰκτρογοῶν
3092 1207 3231 1260 κατὰ
3261 1207 3359 1270 τὰς
3406 1207 3551 1268 θείας
3593 1206 3901 1275 γιγνόμενος

2347 1301 2589 1370 Γραφάς,
2622 1300 2759 1352 έπάν
2794 1301 2821 1350 ὁ
2863 1298 3186 1369 ἁμαρτάνων
3224 1296 3356 1369 λέγῃ
3389 1297 3444 1347 ὲν
3469 1297 3584 1358 ταῖς
3617 1295 3752 1365 πρὸς
3775 1295 3900 1347 Θεὸν

2344 1391 2547 1456 εὐχαῖς,
2586 1408 2601 1437 ι
2643 1388 2754 1457 Τὴν
2785 1387 3050 1457 ἁμαρτίαν
3087 1403 3184 1455 μου
3215 1385 3481 1454 ἐγνώρισα
3500 1423 3514 1446 ,
3543 1382 3637 1435 καὶ
3662 1381 3760 1450 τὴν
3788 1383 3903 1433 ἀνο-

2349 1480 2474 1548 μίαν
2527 1495 2628 1547 μου
2661 1479 2760 1529 οὐκ
2793 1477 3035 1544 ἐκάλυψα
3057 1493 3069 1505 ·
3111 1495 3129 1526 ι
3165 1472 3289 1527 εἶπα
3313 1514 3326 1535 ,
3361 1494 3378 1524 ι
3418 1470 3757 1543 ὲξαγορεύσω
3786 1473 3900 1522 κατ’

2345 1569 2476 1638 ἐμοῦ
2513 1570 2610 1636 τὴν
2660 1569 2886 1637 ἀνομίαν
2927 1585 3024 1637 μου
3067 1565 3145 1634 τῷ
3184 1566 3402 1635 Κυρίῳ,
3451 1584 3468 1615 ι
3502 1565 3594 1616 καὶ
3641 1561 3712 1612 τὰ
3743 1560 3900 1630 ἑξῆςς

2358 1661 2514 1712 Ἀλλά
2560 1661 2778 1712 δύναται
2809 1659 2918 1728 (65)
2952 1657 3316 1728 παραστῆσαι,
3360 1656 3441 1708 ὅτι
3473 1655 3574 1706 οὐκ
3615 1653 3759 1705 ἔστιν
3786 1654 3902 1702 ἑπι-

2350 1750 2667 1820 στρεπτικὸν
2708 1750 2767 1801 τὺ
2794 1748 3028 1801 τοιοῦτον
3072 1748 3180 1800 τῶν
3212 1746 3642 1817 ἁμαρτανόντων,
3677 1743 3780 1794 ὺπὺ
3817 1743 3904 1793 τὸν

2276 1826 2316 1879 Β
2344 1841 2474 1892 Θεὸν
2534 1843 2757 1904 ἑαυτοὺς
2811 1838 3196 1892 ταπεινοῦντων
3247 1839 3305 1889 ὲν
3361 1839 3479 1898 ταῖς
3527 1836 3750 1904 εὑχαῖς;
3801 1833 3906 1885 Καὶ

2347 1932 2744 2000 συγκεχυμένος
2787 1931 2831 1982 δ’
2877 1930 2983 1981 ἀπὸ
3029 1930 3125 1996 τῆς
3155 1927 3246 1979 ἐπὶ
3276 1928 3336 1979 τὸ
3363 1927 3682 1995 κατηγορεῖν
3711 1924 3902 1992 ὁρμῆς.

2346 2021 2526 2090 ἑαυτῷ
2574 2021 2791 2071 ἐναντία
2834 2019 3010 2084 λέγει’
3061 2019 3193 2069 ὅπου
3241 2017 3336 2085 μὲν
3387 2015 3660 2084 ἐμφαίνων
3711 2012 3908 2064 εἰδέναι

2344 2112 2719 2181 ἀναμάρτητον
2748 2109 3028 2179 ἄνθρωπον
3061 2109 3153 2160 καὶ
3193 2107 3397 2159 δίκαιον
3429 2106 3540 2175 μετ’
3574 2103 3774 2175 ἀρετῆς
3812 2101 3906 2154 ἀπ’

2345 2202 2517 2271 ἀρχῆς
2547 2201 2680 2271 πρὸς
2707 2199 2864 2252 αὐτὸν
2887 2198 2994 2269 (64)
3015 2197 3126 2250 ἄνω
3155 2196 3414 2269 βλέποντα
3435 2212 3447 2224 ο
3480 2196 3613 2246 ὅπου
3643 2194 3687 2244 δ⁴
3711 2193 3908 2245 ἀποξε-

2346 2292 2578 2361 χόμενος,
2597 2293 2658 2343 τὸ
2685 2291 2982 2360 λεγόμενον
3018 2290 3105 2357 ὑφ’
3133 2288 3305 2357 ἡμῶν,
3331 2287 3412 2338 ὅτι
3444 2305 3462 2335 ι
3499 2283 3906 2352 Τίςάνθρωπος

2344 2383 2538 2443 τελέως
2561 2381 2763 2443 δίκαιος
2799 2397 2813 2444 ;
2841 2381 2875 2449 ἢ
2906 2380 2988 2441 τίς
3014 2379 3388 2448 ἀναμάρτητος
3420 2391 3434 2438 ;
3474 2393 3492 2424 ι
3538 2374 3623 2436 Ὠς
3648 2373 3905 2441 ἀποδεχό-

2349 2489 2506 2540 μενος
2539 2471 2646 2541 γὰρ
2673 2470 2836 2533 αὐτὸ,
2873 2468 3034 2539 φησίν
3081 2453 3238 2520 τοῦτο
3279 2466 3374 2536 μὲν
3411 2464 3664 2524 ἐπιεικῶς
3689 2461 3903 2531 ἀληθὲς,

2345 2567 2427 2616 ὃτι
2456 2563 2662 2631 πέφυκέ
2695 2579 2808 2622 πως
2835 2561 2895 2612 τὸ
2927 2558 3260 2629 ἀνθρώπινον
3289 2545 3450 2624 φῦλον
3487 2553 3840 2624 ἁμαρτάνειν.
3881 2571 3900 2601 ι

2346 2651 2507 2717 Εἶτα,
2554 2655 2628 2715 ὡς
2687 2653 2761 2722 μὴ
2804 2652 3021 2706 πάντων
3053 2649 3397 2718 καλουμένων
3443 2645 3544 2698 ὑπὸ
3585 2645 3682 2698 τοῦ
3723 2642 3901 2710 λόγου,

2345 2746 2506 2816 φησίν
2532 2762 2544 2775 ·
2583 2766 2600 2795 ι
2652 2743 2842 2814 Ἐχρῆν
2879 2738 2970 2795 οὖν
3019 2741 3203 2802 ἀπλῶς
3240 2741 3445 2800 πάντας
3485 2736 3703 2795 καλεῖν,
3739 2734 3796 2785 εί
3844 2750 3903 2800 γε

2345 2837 2543 2896 πάντες
2570 2832 2956 2904 ἁμαρτάνουσι.
2984 2849 3002 2880 ι
3033 2829 3141 2880 Καὶ
3163 2828 3219 2878 ὲν
3245 2829 3355 2888 τοῖς
3383 2823 3634 2892 ἀνωτέρω
3658 2820 3714 2872 δὲ
3734 2835 3903 2889 παρε-

2343 2925 2622 2993 δείκνυμεν
2657 2922 2745 2974 τὸν
2787 2918 2990 2987 Ἰησοῦν
3017 2916 3320 2987 εἰρηκέναι,
3357 2932 3376 2963 ι
3422 2911 3585 2965 Δεῦτε
3616 2910 3818 2971 πάντες
3855 2909 3903 2959 oi

2346 3013 2638 3072 κοπιῶντες
2655 3011 2748 3062 καὶ
2765 3006 3201 3078 πεφορτισμένοι,
3221 3002 3372 3071 κάγὼ
3391 3000 3686 3055 ἀναπαύσω
3701 2999 3863 3067 ὑμᾶς,
3877 3014 3900 3048 ι

2347 3104 2550 3164 Πάντες
2596 3098 2687 3154 οὖν
2727 3100 2996 3169 ἄνθρωποι
3021 3135 3036 3158 ,
3081 3096 3168 3149 διὰ
3205 3095 3302 3164 τὴν
3343 3095 3441 3162 τῆς
3484 3091 3759 3161 ἁμαρτίας
3802 3089 3900 3157 φύ-

2349 3209 2432 3244 σιν
2483 3190 2589 3258 (65)
2639 3188 2932 3249 κοπιῶντες
2979 3187 3072 3239 καὶ
3117 3183 3570 3254 πεφορτισμένοι,
3615 3179 3906 3235 καλοῦνται

2346 3285 2436 3334 ἐπὶ
2467 3283 2562 3350 τὴν
2593 3279 2742 3351 παρά
2771 3278 2848 3348 τῷ
2875 3278 3016 3346 λόγῳ
3047 3276 3137 3327 τοῦ
3157 3275 3290 3328 Θεοῦ
3321 3275 3620 3327 ἀνάπαυσιν
3639 3289 3653 3301 ·
3692 3291 3710 3320 ι
3751 3269 3902 3334 Ἐξα-

2346 3373 2586 3425 πέστειλε
2649 3372 2755 3441 γάρ
2815 3371 2843 3420 ὁ
2899 3369 3028 3430 Θεὸς
3056 3367 3178 3441 ⁵τὸν
3249 3366 3416 3433 Λόγον
3457 3363 3643 3425 αὐτοῦ,
3677 3363 3773 3415 καὶ
3822 3361 3900 3412 ld-

2347 3480 2475 3515 σατο
2507 3464 2718 3523 αὐτοὺς,
2741 3462 2832 3514 καὶ
2859 3436 3122 3530 ἐρρύσατο
3153 3457 3347 3518 αὐτοὺς
3374 3457 3437 3508 ὲκ
3464 3454 3570 3506 τῶν
3598 3451 3899 3522 διαζθορῶν

2344 3554 2520 3604 αὐτῶν
2531 3593 2542 3604 .
2585 3571 2602 3600 ι

2427 3644 2578 3694 Ἐπεὶ
2607 3641 2663 3692 δέ
2689 3657 2818 3710 φησι
2849 3639 2941 3692 καὶ
2967 3641 3062 3702 τὸ,
3104 3655 3123 3687 ι
3163 3637 3257 3697 Τίς
3284 3631 3376 3688 οὖν
3407 3635 3540 3704 αὕτη
3579 3633 3710 3686 ποτὲ
3734 3635 3768 3702 ἡ
3800 3631 3902 3683 τῶν

2346 3732 2679 3803 ἁμαρτωλῶν
2703 3731 3025 3800 προτίμησις
3060 3744 3074 3791 ;
3109 3746 3128 3779 ι
3161 3728 3254 3780 καὶ
3279 3728 3438 3795 ὅμοια
3473 3725 3680 3786 τούτοις
3711 3721 3901 3790 ἐπιφέ-

2349 3839 2468 3893 ρειο
2509 3819 2941 3891 ἀποκρινούμεθα
2966 3858 2981 3881 ,
3031 3818 3112 3869 ὅτι
3152 3813 3405 3879 καθάπαξ
3456 3815 3552 3884 μὲν
3584 3811 3902 3882 ἁμαρτωλὸς

2345 3914 2419 3964 οὐ·
2437 3913 2763 3982 προτιμᾶται
2789 3908 2880 3961 τοῦ
2909 3909 2982 3978 μὴ
3010 3905 3330 3977 ἀμαρτωλοῦ
3353 3922 3366 3935 ·
3397 3904 3511 3956 ἐστι
3538 3904 3584 3955 δ’
3606 3903 3694 3955 ὅτε
3725 3904 3905 3969 ἀμαρ-

2344 4004 2510 4065 τωλὸς
2531 4043 2544 4065 ,
2578 3999 2985 4068 συναισθόμενος
3015 3999 3112 4067 τῆς
3159 3995 3292 4058 ίδίας
3335 3994 3604 4064 ἁμαρτίας
3628 4032 3644 4054 ,
3693 3992 3789 4044 καὶ
3817 3991 3904 4042 διὰ

2345 4095 2501 4148 τοῦτο
2530 4093 2665 4163 πρὸς
2687 4091 2746 4142 τὸ
2772 4091 3043 4161 μετανοεῖν
3065 4087 3439 4158 πορευόμενος,
3474 4085 3567 4137 ἐπὶ
3589 4086 3703 4146 τοῖς
3727 4085 3909 4153 ήμαρο

2345 4187 2598 4258 τημένοις
2628 4183 2896 4244 ταπεινὸς,
2932 4180 3260 4250 προτιμᾶται
3304 4175 3398 4228 τοῦ
3439 4175 3661 4228 ἔλαττον
3687 4175 3785 4242 μὲν
3812 4191 3902 4224 νο-

2351 4277 2638 4346 μιζομένου
2684 4270 2820 4326 εἶναι
2861 4267 3179 4341 ἀμαρτωλοῦ
3205 4308 3220 4327 ,
3248 4269 3346 4320 οὐκ
3391 4267 3636 4336 οἰομένου
3663 4266 3709 4317 δ’
3743 4265 3906 4319 αὑτὸν

2351 4366 2662 4436 ἁμαρτωλὸν
2683 4404 2697 4427 ,
2732 4363 2842 4416 ἀλλ’
2887 4361 3238 4432 ἐπαιρομένου
3295 4358 3385 4410 ἐπί
3438 4373 3611 4418 τισιν,
3641 4351 3722 4417 οἷς
3760 4356 3908 4408 δοκεῖ

697 4456 874 4509 detur.
901 4454 1064 4524 m
1089 4454 1144 4525 id
1175 4455 1313 4521 quod
1358 4453 1604 4506 candidis
1639 4450 2050 4519 Evangeliorum
2083 4449 2246 4501 lecto-

2353 4456 2642 4508 συνειδέναι
2671 4455 2778 4524 (66)
2812 4453 2988 4522 ἑαυτῷ
3014 4452 3280 4522 κρείττοσι
3308 4489 3321 4512 ,
3363 4450 3456 4501 καὶ
3488 4446 3906 4516 πεφυσιωμένοι»

699 4545 848 4599 ribus
894 4546 1101 4598 indicat
1149 4544 1213 4596 de
1249 4545 1536 4611 publieano
1565 4553 1619 4596 et
1674 4541 1940 4594 Pbarisaeo
1966 4539 2245 4609 parabola,

693 4647 923 4698 quorum
957 4632 1047 4684 ille
1078 4632 1330 4684 dicebat:
1372 4651 1389 4681 ι
1438 4631 1707 4700 Propitius
1731 4639 1851 4682 esto
1882 4629 2008 4680 mibi
2053 4641 2249 4695 pecca-

697 4722 798 4773 tori
827 4738 840 4784 ;
875 4741 894 4771 ι
937 4719 1024 4772 hic
1070 4729 1246 4772 autem
1293 4724 1498 4787 ‘magna
1547 4720 1614 4770 de
1639 4733 1696 4770 se
1725 4717 1974 4784 Opinione
2003 4717 2137 4768 male
2165 4724 2248 4767 tu-

696 4811 911 4862 midus:
948 4828 967 4858 ι
1005 4806 1249 4870 Gratias,
1299 4807 1615 4875 inquiebat,
1665 4821 1768 4874 ago
1805 4807 1922 4868 tibi,
1967 4810 2093 4873 quia
2140 4821 2247 4859 non

695 4913 814 4952 sum
850 4900 988 4953 sicut
1013 4899 1191 4953 caeteri
1224 4898 1524 4963 hominum,
1555 4906 1820 4964 raptores,
1864 4897 2069 4963 injusti,
2100 4895 2250 4948 adul-

696 4990 824 5049 teri,
849 4991 988 5042 velut
1021 4992 1182 5044 etiam
1215 4991 1303 5043 hie
1335 4988 1675 5058 publicanus.
1714 5007 1732 5039 ι
1759 4985 1975 5041 Etenim
2001 4984 2160 5040 Jesus
2183 4987 2252 5041 de

697 5081 977 5148 utriusque
1003 5083 1249 5133 oratione
1272 5081 1350 5135 sic
1380 5079 1596 5145 judicat
1621 5095 1635 5131 :
1675 5096 1694 5130 ι
1729 5078 2017 5131 Descendit
2046 5078 2136 5131 hic
2165 5073 2250 5147 ju-

693 5170 960 5224 stlﬂcatus
988 5170 1042 5221 in
1068 5170 1285 5220 domum
1315 5184 1462 5221 suam
1496 5170 1563 5223 ab
1603 5168 1738 5232 illo;
1773 5170 1898 5235 quia
1950 5169 2129 5222 omnis
2158 5169 2249 5235 qui

692 5271 756 5314 ac
789 5258 1015 5320 exaltat,
1053 5258 1426 5312 bumiliabitur
1452 5275 1466 5321 ;
1496 5268 1550 5311 et
1576 5258 1670 5328 qui
1714 5274 1774 5313 se
1803 5257 2073 5322 humiliat,
2103 5257 2251 5311 exat.

769 5393 813 5423 “
841 5393 858 5443 l
891 5391 1039 5444 Petr.
1074 5405 1126 5453 ν,
1159 5391 1210 5452 6,
1242 5390 1292 5441 7.
1374 5391 1419 5421 “
1449 5389 1597 5445 Psal.
1636 5405 1786 5455 xui,
1814 5391 1868 5446 5.

765 5527 880 5596 (63)
925 5529 1104 5583 Ἀλλὰ
1131 5528 1391 5582 δύναται.
1436 5525 1694 5583 Gelenius
1732 5528 1978 5598 legebat,
2028 5529 2140 5584 ἀλλ’
2189 5529 2249 5580 οὐ

691 5599 753 5793 ΪΣ
766 5615 1055 5791 ίὲἒιῑιρὸς
1093 5668 1297 5722 αὐτόν.
1338 5667 1620 5730 Gelenius,
1654 5668 2068 5747 «pignugmtéyo,
2096 5669 2250 5724 .vitle‘

759 5754 783 5790 t'
871 5755 1026 5793 mssc.

759 5754 783 5790 ι·
819 5754 1026 5804 legisse.

1950 5391 1994 5422 “
2018 5387 2119 5444 Job
2151 5401 2238 5452 xv,
2276 5388 2361 5442 ﬂ.

2351 4547 2437 4599 ἐπ’
2469 4547 2666 4607 αὐτοῖς.
2693 4545 2800 4595 Καὶ
2828 4544 2982 4595 τοῦτο
3018 4542 3167 4610 δηλοῖ
3193 4543 3304 4603 τοῖς
3338 4537 3675 4608 βουλομένοις
3697 4538 3906 4601 εὐγνω-

2349 4637 2520 4706 μόνως
2563 4626 2905 4701 ἐντυγχάνειν
2938 4635 3050 4693 τοῖς
3092 4629 3442 4697 Εὑαγγελίοις
3477 4629 3512 4696 ἡ
3538 4627 3666 4695 περὶ
3697 4624 3792 4676 τοῦ
3833 4627 3910 4674 εί-

2345 4726 2532 4787 οπόντος
2557 4722 2784 4776 τελώνου
2814 4720 3110 4790 παραϐολή·
3151 4739 3170 4770 ι
3206 4718 3468 4786 ’ἱλάσθητί
3500 4732 3588 4784 μοι
3616 4714 3693 4782 τῷ
3724 4714 3908 4781 ἀμαρ-

2343 4815 2497 4884 τωλῷ
2532 4832 2545 4843 ·
2594 4833 2613 4865 ι
2661 4813 2755 4865 καὶ
2801 4813 2928 4881 περὶ
2969 4809 3063 4862 τοῦ
3106 4806 3520 4878 καυχησαμένου
3575 4805 3716 4874 μετά
3762 4818 3910 4866 τινος

2351 4904 2620 4976 μοχθηροῦ
2651 4904 2909 4972 οἰήματος
2938 4900 3252 4970 Φαρισαίου,
3278 4898 3370 4950 καὶ
3402 4897 3702 4966 φήσαντος·
3740 4913 3761 4946 ι
3799 4893 3910 4946 Εὑ-

2347 4985 2585 5063 χαριστῶ
2615 4993 2808 5053 σοι,ὂτι
2830 4991 2930 5042 οὐκ
2955 4990 3070 5058 είμὶ
3093 4989 3167 5051 ὡς
3185 4991 3233 5041 ot
3260 4988 3434 5041 λοιτιολ⁵
3458 4988 3565 5040 τῶν
3581 4986 3907 5057 ἀνθρώπων,

2349 5086 2611 5154 ἅρπαγες,
2632 5082 2823 5141 ἄδικοι.
2857 5081 3050 5150 μοιχοὶ,
3072 5080 3106 5150 ἢ
3137 5082 3229 5132 καὶ
3250 5081 3325 5143 ὼς
3355 5073 3507 5142 οὗτος
3535 5080 3565 5130 ὁ
3595 5078 3853 5146 πλώνης.
3889 5099 3906 5125 ο

2362 5172 2635 5240 Ἑπιφέρει
2667 5169 2774 5240 γὰρ
2799 5171 2829 5220 ὁ
2864 5167 3068 5240 Ἰησοῦς
3114 5167 3193 5238 τῷ
3237 5169 3365 5238 περὶ
3397 5168 3720 5239 ἀμφοτέρων
3763 5168 3911 5234 λόγῳ

2348 5261 2430 5321 τὸ,
2461 5279 2479 5310 ι
2518 5259 2734 5327 Κατέϐη
2772 5253 2922 5320 οὗτος
2955 5261 3033 5320 είς
3068 5260 3158 5311 τὸν
3187 5254 3331 5312 οἷκον
3361 5258 3526 5325 αὐτοῦ
3553 5258 3911 5324 δεδικαιωμέ-

2440 5389 2487 5420 ⁸δ
2519 5387 2724 5440 Matth.
2759 5405 2834 5455 xi,
2865 5390 2953 5443 ΞΒ.
3035 5385 3168 5441 “Ps.
3200 5401 3306 5453 cn,
3329 5387 3423 5442 20.

2431 5524 2544 5593 (65)
2589 5523 2898 5590 Ἀμαρτίας
2921 5524 3129 5591 φύσιν.
3159 5522 3295 5577 Vide
3323 5521 3698 5577 adnotationes
3717 5519 3780 5572 ad
3815 5515 3910 5570 lib.

2356 5594 2834 5728 Πίὲῖἒδῃῖιέεὲὲιιοι.
2864 5661 3202 5733 ει-ξρεωτ.
3231 5663 3282 5715 iv
3317 5672 3485 5723 textu,
3517 5657 3785 5717 nam.
3820 5644 3911 5708 ἀεί

2355 5747 2541 5789 οιιιιιρε
2572 5747 2722 5796 mss.,
2759 5728 3078 5783 συνειδέναι.-
