4056 6310
191 407 329 462 1009

1373 387 1650 450 CONTRA
1687 382 1961 442 CELSUM
1995 380 2122 438 LIB.
2152 378 2240 433 ill.

3267 359 3407 417 10H)

187 511 325 569 εἶναι
356 515 682 587 ἀνθρώπων;
712 496 849 567 6MOE
868 517 1012 584 ὅμως
1033 513 1215 582 ἴσχυσε
1240 507 1394 577 λόγος
1424 508 1516 560 καὶ
1537 504 1713 557 τούτου

1817 542 1822 559 λ
1855 501 2063 553 ratione
2106 492 2430 549 audiebant?
2469 485 2779 557 Huiusmodi
2815 482 3060 563 homines
3104 485 3285 531 tamen
3311 487 3406 530 us-

185 607 514 677 ἐπιστρέψας
562 607 778 675 ποιῆσαι
830 605 920 656 ἐπὶ
969 601 1216 655 τοσοῦτον
1272 596 1645 667 διαϐεϐηκέναι
1689 597 1744 644 ἐν

183 697 488 766 φιλοσοφίᾳ,
537 697 676 748 ὥστε
727 697 815 748 τὸν
863 697 959 765 μὲν
1010 693 1116 746 ὑπὸ
1162 691 1440 753 Πλάτωνος
1494 686 1743 758 κριθῆναι

179 785 327 852 ἅξιον
359 785 453 840 τοῦ
491 788 581 839 τὸν
619 787 746 855 περὶ
791 785 887 853 τῆς
937 782 1231 844 ἀθανασίας
1277 777 1601 843 διεξοδεῦσαι
1634 775 1744 825 Σω-

179 877 415 945 κράτους
451 875 628 945 λόγον,
671 876 764 928 καὶ
791 875 888 945 τὴν
928 875 986 926 ἐν
1015 873 1092 943 τῷ
1127 869 1477 940 δεσμωτηρίῳ
1505 865 1742 918 εὐτονίαν

175 968 342 1021 αὐτοῦ
364 973 729 1040 παραστῆσαι,
761 971 821 1023 οὐ
844 968 1218 1040 φροντίσαντος
1240 963 1332 1016 τοῦ
1358 961 1603 1033 κωνείου,
1627 956 1738 1010 ἀλλ’

172 1056 345 1122 ἀδεῶς
371 1062 462 1113 καὶ
493 1062 630 1133 μετά
669 1063 848 1132 πάσης
876 1061 1111 1130 γαλήνης
1139 1057 1234 1126 τῆς
1264 1057 1321 1107 ἐν
1345 1057 1410 1125 τῇ
1438 1054 1580 1123 ψυχῇ
1603 1050 1738 1114 διεξ-

170 1151 486 1221 οδεύσαντος
516 1153 748 1206 τοσαῦτα
785 1153 876 1204 καί
899 1146 1212 1222 τηλικαῦτα,
1230 1142 1308 1209 οἷς
1335 1147 1488 1216 μόγις
1507 1160 1739 1214 παρακο-

171 1240 380 1294 λουθεῖν
423 1243 517 1295 καὶ
541 1243 593 1294 οί
632 1243 768 1294 πάνυ
806 1240 1194 1309 καθεστηκότες
1223 1236 1315 1290 καὶ
1341 1238 1442 1289 ὑπὸ
1474 1235 1736 1305 μηδεμιᾶς

167 1331 544 1400 ἐνοχλούμενοι
585 1333 954 1394 περιστάσεως
1004 1331 1281 1384 δύνανται·
1336 1329 1450 1389 τὸν,
1478 1330 1534 1382 δὲ
1580 1326 1736 1380 Πολέ-

173 1440 328 1491 μωνα
351 1423 480 1492 (74),
502 1420 560 1486 ἐξ
586 1421 793 1475 ἀσώτου
833 1423 1112 1492 γενόμενον
1157 1421 1607 1491 σωφρονέστατον,
1628 1418 1735 1471 δια-

165 1512 420 1576 δέξασθαι
439 1513 539 1584 τὴν
556 1513 648 1565 τοῦ
663 1513 939 1582 διαϐοήτου
955 1515 1046 1566 ἐπὶ
1075 1512 1357 1582 σεμνότητι
1376 1509 1733 1580 Ξενοκράτους

163 1602 462 1673 διατριϐήν.
518 1605 629 1656 Οὐκ
672 1604 778 1673 ἄρα
832 1602 1079 1673 ἀληθεύει
1126 1602 1326 1664 Κέλσος
1373 1600 1567 1668 λέγων,
1607 1598 1732 1661 τοὺς

162 1692 476 1759 πεφυκότας
511 1693 835 1763 ἁμαρτάνειν
855 1695 948 1745 καὶ
967 1691 1301 1761 εἰθισμένους
1331 1691 1498 1753 οὐδεὶς
1519 1689 1585 1742 ἂν
1610 1688 1729 1742 οὐδὲ

160 1781 408 1844 κολάζων
445 1781 619 1851 πάντη
655 1781 962 1850 μεταϐάλοι.

245 1871 407 1923 Ἀλλά
429 1872 526 1940 τὴν
557 1871 653 1940 μὲν
677 1872 827 1936 τάξιν
860 1873 954 1924 καὶ
989 1870 1232 1924 σύνθεσιν
1260 1871 1354 1922 καὶ
1388 1869 1584 1940 φράσιν
1621 1869 1727 1921 τῶν

152 1961 268 2014 ἀπὸ
293 1961 604 2029 φιλοσοφίας
623 1962 793 2029 λόγων
814 1962 1034 2014 τοιαῦτα
1060 1964 1138 2024 εἰς
1158 1962 1283 2023 τοὺς
1309 1961 1728 2030 προειρημένους

98 2099 106 2107 .
153 2052 534 2120 πεποιηκέναι,
563 2045 657 2105 καὶ
696 2052 873 2116 ἄλλως
901 2052 1010 2121 (75)
1054 2052 1237 2113 κακῶς
1285 2050 1629 2120 βεϐιωκότας,
1665 2050 1726 2101 οὗ

153 2142 299 2194 πάνυ
331 2161 383 2194 τι
418 2143 722 2213 θαυμαστόν
741 2164 753 2174 ·
789 2145 923 2199 ὲπάν
955 2145 1010 2198 δὲ
1040 2143 1133 2207 οὖς
1165 2160 1328 2211 φησιν
1365 2138 1498 2193 εἶναι
1535 2140 1727 2193 ἰδιωτι-

151 2236 287 2296 κοὺς
337 2235 527 2302 λόγους
570 2239 598 2289 ὁ
639 2236 844 2299 Κέλσος
887 2237 1324 2305 κατανοήσωμεν,
1356 2232 1590 2305 ὡσπερεὶ
1633 2233 1726 2284 καὶ

149 2324 390 2393 ἐπῳδάς,
425 2327 701 2394 δυνάμεως
733 2328 1206 2400 πεπληρωμένους,
1255 2326 1347 2378 καὶ
1385 2326 1510 2387 τοὺς
1536 2324 1725 2391 λόγους

146 2416 470 2497 θεωρῶμέν,
510 2419 717 2489 ἀθρόως
755 2397 1150 2490 προτρέποντας
1192 2418 1366 2489 πλήθη
1414 2417 1506 2470 ἐπὶ
1541 2418 1637 2469 τὸν·
1668 2417 1724 2480 ἐξ

142 2507 466 2559 ἀκολάστων
506 2511 586 2571 εἰς
623 2509 711 2561 τὸν
752 2510 1170 2562 εὐπαθέστατον
1217 2509 1350 2579 βίον,
1398 2509 1490 2561 καί¹
1533 2508 1622 2560 τὸν
1658 2507 1724 2579 ξὲξ

141 2597 351 2651 ἀδίκων
380 2600 461 2661 εἰς
481 2599 572 2650 τὸν
598 2601 972 2669 χρηστότερον,
1010 2600 1101 2652 καὶ
1132 2600 1221 2652 τὸν
1261 2600 1325 2651 ἐκ
1352 2599 1538 2652 δειλῶν
1568 2599 1600 2667 ἢ
1626 2599 1720 2650 ἀν-

141 2688 360 2757 άνδρων
385 2689 465 2748 εἰς
491 2689 580 2740 τὸν
609 2688 701 2740 ἐπὶ
725 2689 973 2741 τοσοῦτον
1002 2689 1236 2751 εὔτονον,
1263 2689 1338 2749 ὡς
1367 2690 1458 2740 καὶ
1492 2689 1719 2740 θανάτου

135 2778 232 2830 διὰ
246 2781 348 2846 τὴν
365 2782 618 2846 φανεῖσαν
636 2782 692 2832 ὲν
712 2781 890 2842 αὐτοῖς
910 2779 1183 2832 εὐσέϐειαν
1202 2783 1557 2849 καταφρονεῖν
1577 2799 1584 2806 ·
1602 2778 1720 2840 πῶς

135 2868 266 2936 οὐχὶ
299 2868 524 2932 δικαίως
567 2869 914 2940 θαυμάσομεν
963 2871 1058 2940 τὴν
1091 2873 1146 2932 ὲν
1183 2870 1329 2941 αὐτῷ
1361 2870 1616 2939 δύναμιν;
1659 2871 1718 2922 Ὀ

134 2955 256 3025 γὰρ
288 2956 447 3024 λόγος
475 2956 583 3010 τῶν
615 2959 786 3012 ταῦτα
814 2959 911 3031 τὴν
941 2960 1114 3031 ἀρχὴν
1141 2959 1586 3029 πρεσϐευσάντων
1624 2958 1718 3011 καὶ

133 3045 453 3115 καμόντων,
498 3047 584 3099 ἵνα
632 3049 965 3120 συστήσωσιν
1010 3049 1326 3118 Ἐκκλησίας
1356 3048 1527 3102 Θεοῦθ
1580 3049 1714 3102 ἀλλά

130 3137 241 3188 καὶ
280 3136 346 3188 τὸ
383 3138 639 3208 κήρυγμα
683 3139 859 3192 αὐτῶν
904 3141 960 3193 ὲν
1006 3140 1178 3218 πειθοῖ
1220 3141 1318 3210 μὲν
1364 3141 1614 3209 γέγονεν,
1652 3143 1713 3196 οὐ
1743 3169 1786 3225 c

395 3229 472 3291 δὲ,
501 3229 660 3282 ὁποία
687 3231 802 3283 ἐστὶ
833 3230 1001 3283 πειθὼ
1121 3235 1232 3294 τοῖς
1281 3231 1470 3300 σοφίαν
1499 3232 1716 3285 Πλάτω-

125 3332 230 3378 νος
274 3318 786 3388 ἐπαγγελλομένοις,
828 3321 860 3391 ἧ
906 3338 1048 3382 τινος
1095 3320 1200 3372 τῶν
1243 3321 1715 3391 φιλοσοφησάντων

122 3406 312 3458 ὅντων
339 3407 655 3477 ἀνθρώπων,
688 3411 781 3461 καὶ
817 3411 967 3463 οὐδὲν
996 3411 1121 3465 ἄλλο
1165 3412 1303 3482 πλὴν
1339 3404 1438 3480 τῆς
1485 3412 1592 3481 (76)
1624 3414 1716 3465 ἀν-

120 3494 422 3563 Θρωπίνης
462 3497 673 3562 φύσεως
718 3498 965 3565 ἐχόντων.
1006 3499 1068 3550 Ἡ
1100 3499 1143 3551 δ’
1192 3499 1462 3565 ἀπόδειξις
1505 3501 1562 3552 ὲν
1603 3502 1715 3562 τοῖς

133 3582 332 3653 Ἰησοῦ
367 3584 676 3648 ἀποστόλοις
707 3585 886 3638 θεόθεν
918 3588 1146 3650 δοθεῖσα,
1167 3589 1391 3659 πιστικὴ
1415 3590 1520 3643 ἀπὸ
1548 3590 1714 3642 Πνεύ-

121 3682 313 3739 ματος
359 3676 450 3725 καὶ
499 3675 794 3747 δυνάμεως,
838 3678 1033 3750 Διόπερ
1073 3680 1301 3750 τάχιστα
1346 3683 1439 3734 καὶ
1482 3681 1711 3746 ὀξύτατα

113 3763 376 3834 ἔδραμεν
395 3766 423 3817 ὁ
448 3767 600 3835 λόγος
629 3769 833 3822 αὐτῶν*
860 3771 1055 3841 μᾶλλον
1083 3772 1138 3824 δὲ
1163 3774 1190 3825 ὁ
1219 3773 1308 3824 τοῦ
1331 3773 1486 3836 Θεοῦ,
1515 3775 1582 3826 δι’
1612 3775 1710 3828 αὐ-

109 3857 241 3909 τῶν
280 3860 630 3927 μεταϐάλλων
653 3862 877 3926 πολλοὺς
899 3865 1004 3916 τῶν
1032 3865 1363 3937 ἁμαρτάνειν
1395 3869 1711 3936 πεφυκότων

109 3949 226 3999 καὶ
263 3948 610 4019 εἰθισμένων
634 3953 727 4016 οὒς
753 3955 870 4023 οὐδὲ
901 3957 1140 4020 κολάζων
1173 3959 1270 4028 μὲν
1295 3960 1359 4012 ἄν
1389 3977 1476 4021 τις
1500 3959 1707 4028 ἀνθρω-

107 4054 232 4098 πος
271 4036 389 4106 (77)
420 4040 729 4107 μετέϐαλεν,
761 4044 789 4094 ὁ
825 4043 879 4094 δὲ
911 4043 1066 4111 λόγος
1112 4045 1454 4114 μετεποίησε,
1488 4041 1705 4114 μορφώ-

102 4145 228 4189 σας
267 4128 367 4179 καὶ
397 4129 649 4193 τυπώσας
685 4132 879 4196 αὐτοὺς
909 4133 1049 4186 κατά
1079 4135 1138 4186 τὸ
1169 4134 1331 4186 αὐτοῦ
1366 4135 1632 4203 βούλημα.

188 4295 315 4346 Καὶ
345 4296 374 4346 ὁ
408 4294 503 4363 μὲν
537 4296 738 4358 Κέλσος
770 4300 921 4366 φησὶ,
967 4298 1036 4351 τὰ
1073 4300 1335 4355 ἀκόλουθα
1369 4305 1544 4375 ἑαυτῷ
1586 4308 1703 4359 ἐπι-

93 4388 337 4456 φέρων,
370 4385 448 4436 ὅτι
482 4387 638 4452 φύσιν
669 4388 892 4456 ἀμεῖψαι
924 4391 1118 4454 τελέως
1149 4394 1516 4463 παγχάλεπον·
1543 4400 1701 4468 ἡμεῖς

1845 609 1947 660 que
1971 592 2105 644 adeo
2125 587 2414 642 emendare
2446 585 2583 636 ratio
2605 591 2658 635 et
2683 582 2748 634 ad
2776 585 2952 633 tantos
2983 576 3035 627 in
3067 568 3404 642 philosophia

1845 696 2155 752 progressus
2180 678 2478 749 perducere
2510 678 2704 743 putuit,
2740 681 2795 724 nt
2823 671 2970 724 illum
3005 668 3160 720 Plato
3185 666 3406 732 dignum

1799 773 2183 840 \judicaverit,
2211 769 2305 839 qui
2350 766 2596 822 Socratis
2640 766 2706 818 de
2749 760 3154 816 immortalitate
3198 772 3409 810 sermo-

1843 882 1962 920 nem
1993 865 2213 934 ejusque
2259 865 2312 915 in
2355 873 2576 913 carcere
2619 855 2982 913 constantiam
3017 852 3282 907 referret:
3312 846 3403 914 qui

1843 968 2018 1010 tamen
2057 948 2309 1009 Socrates
2347 951 2476 1004 nihil
2499 951 2565 1003 de
2589 950 2763 1003 cicuta
2797 943 3083 1026 sollicitus.
3112 940 3258 995 nulla
3291 940 3403 991 for-

1842 1049 2064 1108 midine,
2101 1045 2338 1116 perfecta
2379 1042 2544 1095 animi
2593 1037 2985 1106 tranquillitate
3027 1043 3106 1088 tot
3150 1048 3213 1086 ac
3257 1039 3399 1082 tanta

1839 1139 2111 1202 disseruit,
2143 1126 2203 1190 ut
2229 1135 2319 1188 illa
2345 1134 2434 1186 vix
2462 1129 2675 1205 assequi
2711 1129 2914 1197 possint
2938 1129 3022 1179 vel
3047 1124 3135 1191 qui
3167 1123 3402 1176 maxime

1837 1229 2122 1284 attendunt
2163 1241 2268 1282 nec
2315 1224 2422 1279 nlla
2464 1238 2593 1277 cura
2642 1221 3050 1280 distrahtmtur;
3102 1216 3207 1268 iste
3251 1229 3398 1278 vero,

1835 1320 2052 1375 Polemo
2089 1317 2362 1378 videlicet,
2405 1330 2473 1370 ex
2519 1315 2915 1380 intemperante
2969 1306 3398 1377 temperantissi-

1835 1427 1954 1466 lllllS
2004 1410 2199 1475 factus,
2248 1407 2444 1462 schola:
2489 1404 2811 1458 Xenocratis
2845 1402 3107 1470 gravitate
3153 1397 3396 1452 celeber-

1834 1507 1950 1558 rimi
1999 1517 2122 1574 post
2166 1506 2344 1574 ipsum
2379 1500 2677 1569 preluerit.
2721 1497 2957 1552 Aberrat
3005 1494 3163 1561 igitur
3204 1506 3232 1542 a
3271 1505 3397 1542 vero

1831 1596 2017 1650 Celsus
2047 1612 2171 1650 cum
2215 1596 2309 1657 ait,
2338 1609 2474 1661 quos
2501 1601 2690 1644 natura
2726 1598 2782 1643 et
2814 1585 3146 1642 consuetudo
3176 1582 3240 1635 ad
3273 1596 3400 1648 pec-

1830 1686 2058 1738 candum
2095 1685 2306 1754 abripit,
2331 1700 2424 1738 eos
2470 1696 2537 1736 ne
2581 1681 2757 1749 poenis
2785 1679 3000 1747 quidem
3033 1673 3252 1729 omnino
3283 1689 3402 1727 tuu-

1832 1775 1929 1826 tari
1965 1789 2142 1842 posse.
3089 1833 3102 1835 ς

1760 1834 1802 1886 Β
1902 1834 1989 1919 68'.
2019 1862 2203 1931 Neque
2242 1876 2373 1915 vero
2415 1860 2610 1914 mirum
2657 1856 2943 1912 admodum
2989 1834 3398 1909 eStisermoncs

1831 1957 2230 2026 phiIOSOphicos
2259 1963 2367 2007 tam
2403 1962 2553 2019 apte,
2574 1959 2681 2004 tam
2710 1947 3029 2014 composite,
3061 1955 3166 1999 tam
3207 1955 3397 1999 ornate

1826 2050 2132 2105 elaboratus
2181 2054 2388 2099 tantum
2429 2046 2684 2099 habuisse
2723 2038 2977 2093 momenti
3019 2037 3086 2089 ad
3118 2036 3396 2102 corrigen-

1829 2144 1926 2196 dos
1959 2138 2081 2195 illos
2106 2137 2198 2207 qui
2231 2151 2392 2205 supra
2413 2133 2706 2189 'memorati
2751 2144 2895 2192 sunt,
2932 2131 3172 2195 aliosque
3219 2125 3391 2193 pessi-

1828 2248 1938 2285 mae
1953 2233 2085 2297 vitae.
2129 2228 2396 2282 homines.
2432 2225 2538 2291 Sed
2591 2240 2712 2278 cum
2747 2223 2994 2276 videmus
3028 2233 3306 2273 sermones
3330 2217 3392 2268 il-

1826 2320 1926 2382 los,
1958 2333 2094 2387 quos
2116 2318 2382 2371 demissos
2423 2324 2475 2368 et
2519 2312 2752 2368 humiles
2785 2319 2941 2364 vocat
2972 2309 3182 2371 Celsus,
3221 2309 3394 2360 instar

1827 2409 2270 2470 incantationum,
2299 2415 2446 2461 tanta
2475 2407 2525 2457 vi
2556 2416 2611 2458 et
2652 2403 2888 2457 eﬂicacia
2934 2401 3191 2468 praeditos
3217 2417 3231 2451 :
3266 2415 3391 2454 cum

1826 2497 2088 2560 ridemus,
2129 2499 2370 2567 inquam,
2393 2495 2732 2550 sermonibus
2775 2493 2882 2546 illis
2913 2508 2942 2545 ιι
2991 2491 3275 2544 libidinosa
3323 2491 3389 2544 ad

1823 2601 2208 2659 temperantem
2237 2569 2420 2654 vitam,
2453 2588 2522 2642 ab
2552 2588 2735 2653 iniqua
2765 2587 2830 2639 ad
2856 2587 3082 2654 justam,
3121 2601 3155 2640 a
3191 2586 3391 2639 timidi-

1823 2694 1933 2737 tate
1972 2684 2036 2735 ad
2061 2691 2268 2736 tantam
2291 2678 2661 2738 constantiam
2692 2679 2934 2735 revocari
2967 2678 3385 2739 multitudinem,

1819 2783 1880 2824 ut
1909 2772 2120 2838 pietatis
2146 2785 2336 2836 causa,
2364 2763 2526 2840 quam
2553 2768 2982 2824 commendatam
3011 2770 3117 2823 illis
3145 2767 3386 2840 animad-

1820 2864 2012 2928 vertit,
2065 2871 2292 2918 mortem
2349 2850 2484 3004 prdk3
2505 2861 2674 2915 nihilo
2722 2871 2906 2930 putet;
2961 2860 3228 2929 quomodo
3281 2872 3384 2911 non

1821 2956 2014 3004 merilo
2084 2963 2287 3004 tantam
2361 2964 2449 3004 not
2490 2961 2683 3004 statem
2745 2950 3176 3004 admirabimur?
3247 2948 3383 3002 Nam

1821 2956 2014 3008 merito
2084 2963 2287 3009 tantam
2361 2948 2683 3021 polleslatem
2745 2950 3176 3005 admirabimur?
3247 2948 3383 3002 Nam

1817 3059 1997 3098 sermo
2027 3058 2235 3105 eorum,
2262 3041 2455 3110 quibus
2480 3041 2548 3094 ab
2573 3041 2727 3095 initio
2759 3040 3035 3108 vulgaudtc
3061 3048 3259 3094 nostra:
3287 3040 3386 3094 do-

1819 3135 2006 3189 ctrina:
2037 3142 2246 3204 spartes
2283 3133 2421 3186 datae
2473 3141 2598 3186 sunt
2638 3130 2837 3201 quique
2887 3130 2940 3183 in
2989 3131 3385 3186 constituendis

1820 3229 1907 3282 Dei
1944 3227 2201 3293 Ecclesiis
2228 3225 2567 3288 laborarunt,
2600 3233 2655 3277 et
2691 3237 2877 3278 eorum
2911 3224 3224 3294 praedicatio
3257 3238 3382 3289 per-

1814 3319 1979 3371 suasit
2021 3318 2262 3385 quidem,
2296 3317 2387 3371 sed
2427 3332 2531 3372 non
2581 3331 2647 3369 ea
2697 3314 2909 3371 ratione
2951 3333 3054 3386 qua
3096 3316 3386 3370 Platonicae

1813 3412 2095 3479 sapientiae
2136 3411 2386 3464 doctores
2417 3421 2509 3464 aut
2551 3409 2779 3478 quilibet
2809 3410 2898 3463 alii
2936 3409 3258 3479 philosolihi,
3291 3413 3382 3476 qui

1814 3503 1943 3556 nihil
1992 3517 2150 3572 supra
2201 3503 2452 3558 humanae
2511 3512 2717 3557 naturae
2764 3502 2908 3555 vires
2962 3510 3232 3568 poterant.
3275 3499 3383 3554 Sed

1811 3597 2126 3661 argumenta
2174 3593 2371 3661 quibus
2414 3592 2707 3648 utebantur
2748 3591 2996 3660 apostoli,
3030 3591 3150 3643 data
3191 3591 3296 3644 illis
3348 3605 3380 3643 a

1812 3674 1922 3735 Deo
1955 3681 2190 3747 fuerant,
2217 3682 2434 3751 vimque
2478 3682 2834 3747 persuadendi
2882 3697 2910 3732 a
2953 3681 3153 3745 Spiritu
3189 3692 3242 3735 et
3266 3682 3378 3736 vir—

1811 3780 1925 3826 tute
1975 3773 2267 3829 habebant.
2298 3773 2636 3841 Quapropter
2683 3771 3078 3839 promptissime
3110 3782 3161 3826 et
3200 3773 3375 3826 celer-

1810 3861 1947 3913 rime
1971 3875 2148 3913 sermo
2178 3877 2362 3915 eorum
2396 3876 2720 3929 quocunque
2749 3860 3015 3928 pervasit;
3052 3861 3160 3915 imo
3198 3878 3374 3918 sermo

1812 3952 1926 4011 Dei.
1955 3952 2044 4019 qui
2078 3968 2173 4019 per
2207 3952 2325 4004 illos
2359 3954 2603 4006 mutabat
2645 3968 2780 4022 quos
2821 3964 3016 4007 natura
3055 3964 3111 4008 et
3147 3969 3377 4010 consue-

1810 4043 1936 4095 tudo
1981 4045 2045 4095 ad
2084 4055 2362 4111 peccatum
2417 4045 2742 4112 trahebant;
2793 4058 2847 4102 et
2890 4064 3027 4118 quos
3082 4064 3150 4102 ne
3203 4047 3378 4116 poenis

1808 4134 2024 4199 quidem
2060 4136 2344 4202 quisquam
2389 4136 2666 4190 hominum
2715 4117 3060 4205 correiisset,
3109 4140 3206 4193 hos
3253 4155 3374 4192 cor-

1806 4225 1964 4288 rexit,
1993 4224 2316 4290 cﬂ'ormavit,
2353 4228 2420 4280 ad
2454 4242 2606 4281 suam
2638 4229 2968 4284 voluntatem
3005 4232 3290 4286 convertit.

1873 4315 1962 4368 69.
2004 4317 2165 4369 Addit
2203 4317 2389 4371 Celsus
2445 4319 2510 4370 ad
2561 4334 2711 4372 suam
2751 4322 3012 4375 rationem
3062 4338 3373 4377 accommo-

1804 4408 1926 4460 date
1959 4427 1970 4462 :
2003 4428 2020 4460 ι
2058 4409 2165 4462 Res
2207 4420 2289 4462 est
2343 4411 2693 4478 perdiﬂicilis,
2723 4412 2958 4481 perfecta
3010 4426 3213 4470 natura
3250 4434 3375 4470 mu-

85 4481 164 4533 δὲ
213 4477 384 4548 (μίαν
421 4478 577 4545 φύσιν
624 4481 972 4550 ἐπιστάμενοι
1020 4484 1196 4556 πάσης
1236 4485 1454 4559 λογικῆς
1501 4490 1696 4563 ψυχῆς,

1817 4501 1957 4554 .atio.
1990 4520 2008 4550 ι
2041 4501 2148 4554 Nos
2182 4517 2330 4565 vero,
2368 4504 2459 4570 qui
2495 4503 2698 4557 scimus
2731 4522 2893 4559 unam
2929 4521 3048 4560 esse
3089 4509 3373 4564 rationalis

95 4571 208 4624 ςειὶ
246 4569 519 4638 μηδεμίαν
553 4570 846 4637 φάσκοντες
882 4575 1116 4644 πονηρὰν
1150 4577 1252 4628 ὑπὸ
1287 4578 1380 4630 τοῦ
1420 4573 1700 4646 κτίσαντος

77 4661 173 4715 τὰ
208 4660 317 4712 ὅλα
343 4659 848 4732 δεδημιουργῆσθαι,
878 4667 1150 4732 γεγονέναι
1171 4669 1227 4721 δὲ
1252 4671 1475 4733 πολλοὺς
1495 4676 1696 4737 κακοὺς

75 4751 277 4821 παρὰ
309 4750 413 4815 τὰς
452 4752 776 4822 ἀνατροφὰς,
828 4758 920 4809 καὶ
960 4758 1058 4821 τὰς
1094 4759 1437 4830 διαστροφάς,
1473 4765 1564 4816 καὶ
1595 4765 1692 4827 τὰς

72 4842 499 4912 περιηχήσεις,
548 4843 684 4897 ὥστε
719 4848 811 4899 καὶ
843 4850 1174 4919 φυσιωθῆναι
1215 4851 1271 4902 ἓν
1310 4846 1416 4905 τισί
1460 4854 1554 4923 τὴν
1593 4873 1690 4907 κα-

67 4931 264 5000 κίειν)
333 4932 646 5002 πειθόμεθα,
675 4938 755 4989 ὅτι
788 4938 863 5006 τῷ
894 4938 1026 5007 θείῳ
1059 4941 1196 5011 λόγῳ
1224 4945 1446 5012 ἀμεῖψαι
1489 4948 1685 4998 κακίαν

64 5021 477 5095 φυσιὼσασάν
508 5028 651 5079 ἐστιν
696 5029 756 5080 ού
798 5029 953 5099 μόνον
984 5031 1084 5083 οὐκ
1115 5033 1388 5097 ἀδύνατον,
1425 5037 1556 5088 ἀλλά
1596 5039 1688 5090 καὶ

58 5116 150 5167 οὐ
192 5111 357 5162 πάνυ
391 5113 648 5180 χαλεπόνο
686 5119 820 5172 ἐπὰν
856 5121 1013 5189 μόνον
1056 5123 1415 5193 παραδέξηταί
1458 5144 1560 5189 τις,
1608 5128 1688 5178 ὅτι

60 5202 402 5257 πιστεύειν
425 5200 504 5254 δεῖ
555 5207 743 5259 ἑαυτὸν
775 5209 851 5279 τῷ
903 5213 994 5263 ἐπὶ
1035 5214 1165 5264 πᾶσι
1208 5214 1344 5284 (θεῷ,
1380 5218 1471 5268 καὶ
1517 5217 1689 5269 πάντα

53 5441 190 5516 τρῦ
227 5435 514 5516 Φαίδωνος
546 5438 849 5516 ἱστορεῖται.
875 5443 1008 5497 Vide
1038 5447 1306 5501 Lanrtinm
1332 5451 1382 5501 in
1408 5451 1688 5503 Pllmdonis

55 5514 236 5566 Vita
273 5517 332 5558 et
363 5505 763 5578 Origeucm’lib.
800 5527 813 5562 ι
855 5526 1035 5566 contra
1065 5515 1289 5578 Celsum,
1321 5535 1460 5571 ιιιιιιι.
1495 5520 1581 5573 65.
1619 5525 1624 5530 ”

155 5578 303 5640 (π)
349 5575 464 5646 Τὸν
493 5576 558 5628 δὲ
590 5578 922 5646 Πολέμωνα.
953 5580 1081 5635 Vide
1123 5575 1367 5640 ennnlem
1414 5587 1686 5641 Laertium

39 5657 122 5708 in
167 5645 678 5719 Vita_Po_lemon_is_,
728 5658 782 5700 et
831 5649 1095 5719 Valerium
1148 5655 1431 5709 Maximum
1484 5659 1574 5711 lib.
1616 5673 1687 5718 γι,

31 5734 217 5782 rap.
268 5716 328 5768 Η
361 5731 377 5767 :
421 5715 550 5767 item
584 5714 822 5785 0rigen.,
855 5714 1005 5772 libi:
1052 5735 1230 5775 contra
1269 5725 1496 5790 Celsum,
1542 5714 1685 5780 unm.

24 5790 175 5845 64-

1800 4588 1992 4640 animle
2035 4598 2308 4650 naturam,
2345 4604 2443 4643 nec
2483 4590 2645 4641 ullam
2675 4607 2703 4642 a
2742 4606 2922 4643 rerum
2947 4596 3183 4646 omnium
3223 4595 3368 4648 Con-

1797 4678 1970 4730 ditore
2021 4678 2216 4730 malam
2267 4677 2431 4732 fuisse
2465 4689 2701 4732 creatam
2729 4697 2743 4744 ;
2779 4681 3050 4748 plerisque
3082 4682 3243 4753 493
3273 4700 3371 4738 au-
3431 4747 3435 4750 ,

1795 4777 1899 4818 tem
1951 4769 2204 4836 nequitiae
2253 4782 2446 4821 causas
2486 4783 2608 4822 esse
2661 4771 3052 4834 educationem,
3095 4775 3363 4842 excn'ipla,

1792 4858 1930 4910 mala
1965 4858 2212 4920 consilia,
2258 4859 2329 4913 ita
2367 4869 2426 4911 ut
2458 4861 2509 4912 in
2554 4862 2875 4927 quibusdam
2918 4864 3153 4929 nequitia
3199 4868 3367 4918 veluti

1793 4960 1946 4998 versa
1991 4947 2059 4998 sit
2108 4947 2156 4999 in
2202 4956 2483 5015 naturam;
2521 4951 2573 5003 id
2608 4952 2863 5005 habemus
2898 4969 2992 5019 pro
3023 4965 3168 5008 certo
3215 4959 3366 5011 mali-

1797 5037 1926 5088 tiam
1962 5037 2043 5089 vel
2078 5037 2218 5089 illam
2249 5040 2400 5106 quasi
2453 5044 2750 5097 naturalem
2798 5060 2902 5097 non
2936 5045 3106 5096 solum
3148 5064 3302 5114 posse
3334 5066 3362 5102 ει
3422 5075 3424 5077 ν

1796 5125 1976 5178 divino
2011 5120 2170 5180 verbo
2204 5131 2422 5195 inuitari,
2451 5134 2546 5185 sed
2593 5136 2752 5187 etiam
2787 5137 2838 5190 id
2882 5138 2953 5190 illi
2997 5140 3218 5192 omnino
3256 5158 3358 5193 non

1797 5232 1915 5269 esse
1943 5218 2184 5283 diﬂicile;
2220 5223 2376 5276 modo
2419 5223 2468 5276 id
2512 5240 2673 5277 unmn
2720 5228 3061 5296 admittatur,
3109 5244 3362 5299 oportere

2009 5454 2274 5536 attiguae;
2287 5457 2594 5536 Legendum
2608 5461 2834 5536 .vidctur
2891 5465 3098 5527 ἄλλους.
3122 5479 3126 5485 ·

1801 5590 1810 5599 ι
1855 5523 1974 5603 (n76)
2003 5524 2173 5603 nam»
2203 5525 2327 5603 τῆς,
2361 5523 2464 5581 etc.
2500 5528 2712 5595 Optime
2752 5548 2881 5587 mss.
2924 5523 3090 5598 Alias,
3122 5536 3152 5603 ἦ
3196 5537 3357 5590 πλέον

1788 5590 2132 5662 ἀνθρωπίνης
2159 5595 2386 5661 φύσεως.
2547 5590 2559 5595 ’
2716 5649 2719 5652 .

1857 5659 1966 5742 (77)
2001 5659 2488 5742 Μδέξηᾷνθριυττοςἶ
2528 5666 2905 5742 Lib_b._excnsi
2954 5673 3004 5725 in
3055 5682 3220 5737 texm,
3261 5676 3354 5726 άν-

1791 5726 2234 5810 θρωπωνηῐξιιιιιί)
2265 5726 2385 5810 post
2421 5726 2579 5791 iidem
2625 5738 2750 5793 libb.
2783 5744 2964 5796 excusi
2995 5741 3046 5795 in
3084 5726 3346 5810 malignis,

1792 5798 1926 5850 κατὰ
1956 5800 2014 5852 τὸ
2044 5801 2171 5854 αὐτὸ
2206 5803 2472 5875 βούλημα.
