4100 6318
257 430 396 485 ⁸01⁸1

1445 425 1716 484 CONTRA
1751 422 2023 483 CELSUM
2061 424 2188 480 LlB.
2224 421 2308 476 Ill.

3323 415 3458 473 10⁸8

260 563 388 606 των,
427 544 521 599 καὶ
561 545 668 596 τῶν
701 547 816 615 μετ’
854 541 1195 618 ἐπικρύψεως
1230 546 1532 618 εἰρημένων
1575 547 1633 598 ὲν
1667 547 1794 616 νόμιε

1914 545 2192 613 prophetis
2212 553 2266 595 et
2298 538 2601 608 Evangelils
2629 539 2858 592 obscure
2886 536 3032 590 dicta
3062 543 3209 600 sunt,
3240 521 3453 602 aSscqui

259 639 356 689 καὶ
399 637 700 706 προφήταις
745 639 838 690 καὶ
880 639 1242 707 Εὑαγγελίοις,
1275 633 1349 691 ῶν
1379 639 1453 702 ὡς
1491 640 1639 690 οὐδὲν
1669 639 1812 704 ἀξιό-

249 729 412 794 λογον
440 725 793 794 περιεχόντων
823 726 930 797 (92)
974 727 1478 799 καταπεφρόνηκας,
1510 730 1568 779 ού
1594 725 1811 794 βασανί-

255 832 360 876 σας
387 814 477 865 τὸν
501 816 557 864 ὲν
589 814 772 876 αὐτοῖς
797 814 939 876 νοῦν,
975 817 1093 885 μηδ’
1136 815 1390 868 εἰσελθεῖν
1422 814 1695 886 πειραθεὶς
1731 815 1810 876 εἰς

251 901 319 952 τὸ
350 901 592 971 βούλημα
618 901 724 952 τῶν
748 903 1092 971 γραψάντων,
1637 953 1640 956 ,

341 993 490 1044 Ἐπὶ
523 991 578 1043 δὲ
615 992 707 1050 καὶ
744 993 878 1061 μετά
912 994 1084 1047 ταῦτα
1125 1014 1144 1047 ι
1181 995 1555 1065 παραπλήσιον
1586 1012 1606 1044 i
1647 993 1812 1062 φησὶν

255 1098 278 1129 ι
317 1082 490 1133 ποιεῖν
517 1081 606 1133 τὸν
647 1081 714 1132 τὰ
742 1082 1164 1155 Χριστιανισμοῦ
1211 1085 1526 1138 διδάσκοντα
1565 1083 1641 1152 τῷ
1683 1084 1809 1134 ὑπι-

217 1201 235 1218 ο
252 1172 570 1242 σχνουμένῳ
596 1174 695 1243 μὲν
722 1175 849 1243 ὑγιῆ
879 1178 1050 1228 ποιεῖν
1080 1175 1169 1228 τάο
1181 1175 1425 1245 σώματα,
1452 1175 1809 1245 ἀποτρέποντι

249 1262 312 1314 δὲ
337 1262 430 1313 τοῦ
465 1263 747 1334 προσέχειν
780 1268 891 1327 τοῖς
918 1267 1269 1336 ὲπιστήμοσιν
1298 1267 1517 1335 ἰατροῖς,
1549 1264 1627 1333 τῷ
1655 1264 1806 1330 ὲλὲγ-

248 1351 445 1420 χεσθαι
483 1353 574 1404 ὑπ’
605 1353 779 1406 αὐτῶν
810 1354 908 1424 τὴν
940 1355 1200 1406 ίδιωτείαν
1231 1353 1392 1406 αὑτοῦ
1411 1370 1426 1385 °
1466 1371 1492 1412 ,ι
1535 1354 1627 1405 καὶ
1671 1353 1808 1422 πρὸς

245 1439 422 1494 ταῦτα
445 1442 693 1512 ἐροῦμενο
718 1443 879 1506 Τίνας
901 1445 1004 1514 φῂς
1034 1445 1264 1513 ἰατροὺς,
1290 1445 1383 1511 ἀφ’
1409 1437 1483 1496 ὧν
1505 1443 1640 1495 ἀποτ
1651 1443 1808 1512 ρέπο-

249 1548 354 1602 μεν
381 1533 504 1595 τοὺς
537 1533 778 1598 ἰδιώτας;
811 1535 884 1586 Οὐ
913 1535 1020 1604 γὰρ
1051 1534 1112 1604 δὴ
1155 1534 1548 1604 ὑπολαμϐάνεις
1576 1543 1686 1598 τοῖς
1717 1553 1806 1603 φι-

243 1625 532 1694 λοσοφοῦσι
559 1629 850 1699 προσάγειν
873 1630 1018 1698 ἡμᾶς
1035 1628 1133 1698 τὴν
1161 1631 1239 1690 εἰς
1266 1626 1356 1682 τὸν
1390 1628 1545 1696 λόγον
1577 1643 1806 1698 προτρο-

248 1717 379 1787 πὴν,
435 1717 501 1769 ἶν’
544 1719 783 1780 ἐκείνους
829 1718 1055 1789 νομίσῃς
1109 1715 1246 1770 εἶναι
1296 1719 1531 1789 ἰατροὺς,
1589 1718 1681 1786 ἀφ’
1731 1711 1805 1770 ὧν

245 1806 650 1876 ἀποτρέπομεν,
673 1807 766 1870 οὓς
782 1809 873 1859 ἐπὶ
893 1808 982 1860 τὸν
1000 1807 1138 1860 θεῖον
1165 1808 1432 1878 καλοῦμεν
1445 1809 1618 1875 λόγον.
1645 1808 1804 1859 Ἤτοι

1911 638 2151 691 valeant.
2194 633 2323 700 llaec
2373 633 2573 699 scripta
2619 638 2673 681 tu
2708 629 2926 696 quidem
2959 627 3268 694 aspernaris
3301 628 3454 695 quasi

1912 727 2045 781 nihil
2090 726 2319 794 alicujus
2346 722 2599 777 momenti
2632 722 3007 785 continerent;
3053 720 3148 773 sed
3185 720 3238 772 id
3279 718 3415 777 facis
3438 761 3456 784 ,

1908 819 2035 887 quia
2070 830 2340 883 numquam
2378 828 2563 866 eorum
2607 811 2942 864 intellectum
2981 811 3325 878 inquisivisti,
3358 826 3456 865 nec

1911 923 2144 976 unquam
2175 907 2226 957 in
2265 919 2451 958 eorum
2486 912 2719 957 mentem
2753 906 2960 955 intrare
2986 911 3214 954 conatus
3236 917 3315 953 cs.

1979 995 2065 1050 75.
2116 995 2207 1049 Ait
2235 1004 2425 1062 postea
2471 1012 2490 1045 ι
2521 994 2924 1071 Christianismi
2973 993 3245 1046 doctorem
3284 989 3461 1045 simile

1909 1087 2037 1155 quid
2071 1085 2252 1139 facere
2296 1085 2394 1149 illi,
2427 1085 2516 1152 qui
2548 1085 2833 1137 sanitatem
2867 1097 3151 1148 corporum
3187 1082 3457 1150 pollicitus

1908 1176 2218 1245 prohiberet
2247 1177 2535 1246 quominus
2584 1173 2742 1242 periti
2786 1173 2983 1227 medici
3027 1182 3458 1233 accerserentur,

1907 1279 1974 1316 ne
2005 1265 2085 1318 sic
2113 1280 2207 1316 sua
2236 1265 2554 1332 proderetur
2583 1261 2906 1330 imperitia.»
2945 1261 3042 1314 Hic
3081 1277 3272 1315 rursus
3299 1261 3462 1314 inter-

1909 1371 2075 1424 rogo:
2121 1356 2268 1419 Quos
2317 1370 2511 1409 narras
2559 1356 2820 1417 medicos,
2862 1369 2894 1407 a
2947 1355 3143 1422 quibus
3185 1352 3460 1420 simplices

1907 1449 2248 1502 avertimus?
2294 1446 2410 1500 Non
2461 1446 2703 1514 profecto
2744 1447 2953 1500 dixeris
3002 1446 3238 1498 medicos
3277 1446 3395 1499 illos
3427 1460 3457 1502 a

1906 1538 2099 1605 quibus
2120 1553 2213 1590 eos
2244 1551 2539 1591 avocamns
2565 1552 2700 1604 quos
2734 1538 2800 1588 ad
2833 1536 3072 1589 divinam
3102 1547 3341 1590 nostram
3371 1550 3459 1590 re-

1919 1628 2170 1696 ligionem
2197 1629 2500 1689 hortamur,
2533 1641 2652 1680 esse
2689 1626 3056 1696 philosophos.
3093 1626 3277 1693 Neque
3313 1625 3456 1678 enim

1905 1715 2063 1787 putas
2087 1731 2179 1771 eos
2206 1716 2297 1786 qui
2324 1717 2677 1787 philosophia
2706 1718 2837 1771 dant
2863 1731 3105 1785 operam,
3133 1733 3164 1769 a
3194 1716 3352 1771 nobis
3390 1715 3458 1769 ad

1905 1809 2218 1879 religionem
2245 1809 2671 1876 amplectendam
2695 1808 3001 1875 provocari.
3027 1808 3134 1861 Aut
3157 1807 3316 1874 igitur
3366 1821 3465 1857 ne-

240 1893 339 1948 οῦν
373 1897 471 1949 ούκ
514 1896 861 1968 ἀποκρίνεται
909 1896 980 1966 μὴ
1024 1897 1159 1967 ἔχων
1187 1898 1364 1966 λέγειν
1401 1900 1528 1962 τοὺς
1567 1891 1794 1969 ἰατροὺς,

1906 1900 2084 1953 sciens
2101 1899 2319 1968 quinam
2345 1898 2420 1952 illi
2451 1898 2643 1952 medici
2668 1898 2794 1962 sint,
2827 1912 2932 1950 non
2956 1895 3338 1965 respondebit,
3367 1902 3462 1949 aut

238 1980 278 2051 ἢ
309 1985 518 2055 ἀνάγκη
542 1986 701 2038 αὐτὸν
723 1987 1084 2054 καταφεύγειν
1112 1988 1203 2040 ἐπὶ
1224 1990 1349 2050 τοὺς
1378 1988 1606 2051 ἰδιώτας,
1636 1989 1684 2040 οἳ
1710 1988 1804 2041 καὶ⁹

238 2073 398 2127 αὐτοὶ
444 2075 791 2146 περιηχοῦσιν
840 2076 1259 2145 ἀνδραποδωδῶς
1302 2079 1370 2132 τὰ
1421 2080 1548 2149 περὶ
1597 2079 1803 2132 πολλῶν

237 2162 404 2251 θεῶν,
443 2165 535 2217 καὶ
578 2163 843 2251 dea/dna
884 2166 1091 2234 λέγοιεν
1134 2167 1198 2221 ἂν
1243 2169 1462 2222 ἰδιῶται.
1503 2152 1803 2240 Ἑκατέρως

237 2250 338 2308 οὖν
364 2243 744 2326 ἐλεγχθήσεται
777 2243 950 2328 μάτην
977 2257 1303 2329 παραλαϐὼν
1345 2262 1402 2312 ὲν
1439 2260 1516 2330 τῷ
1540 2261 1683 2332 λόγῳ
1712 2262 1802 2314 τὸν

242 2345 621 2415 ἀποτρέποντα
658 2347 765 2398 τῶν
809 2349 1186 2418 ἐπιστημόνων
1230 2350 1445 2420 ἰατρῶν.
1481 2352 1597 2404 Ἵνα
1629 2352 1685 2404 δὲ
1711 2353 1803 2404 καὶ

238 2435 349 2490 ἀπὺ
388 2436 487 2504 τῆς
529 2433 849 2508 Ἐπικούρου
891 2438 999 2508 (95)
1042 2438 1375 2508 φιλοσοφίας,
1419 2441 1649 2494 καὶτῶν
1681 2445 1801 2496 κατ’

248 2525 570 2594 Ἐπίκουρον
609 2527 972 2597 νομιζομένων
1022 2530 1220 2599 ἰατρῶν
1252 2529 1361 2600 (94)
1408 2533 1802 2603 ἀποτρέπωμεν

231 2614 364 2676 τοὺς
396 2615 454 2665 ὲν
492 2614 715 2678 ἐκείνοις
747 2618 1152 2687 ἀπατωμένους,
1189 2619 1306 2682 πῶς
1335 2621 1432 2673 οὐκ
1462 2621 1800 2690 εὐλογώτατα

235 2703 553 2772 ποιήσομεν,
582 2703 902 2771 ἀφιστάντες
931 2707 1082 2759 νόσου
1111 2709 1368 2779 χαλεπῆς,
1390 2712 1454 2780 ἣν
1481 2712 1801 2780 ἐνεποίησαν

231 2793 284 2843 οἰ
317 2793 523 2847 Κέλσου
559 2796 760 2867 ἰατροὶ,
794 2798 892 2868 τῆς
919 2799 1058 2852 κατά
1093 2799 1191 2870 τὴν
1234 2801 1510 2871 ἀναίρεσιν
1539 2803 1635 2872 τῆς
1671 2821 1801 2872 προ-

233 2880 386 2943 νοίας
426 2883 522 2934 καὶ
557 2887 861 2956 εἰσαγωγὴν
891 2887 992 2956 τῆς
1033 2885 1227 2958 ἡδονῆς
1255 2889 1331 2953 ὡς
1369 2891 1605 2959 ἀγαθοῦ;
1652 2895 1801 2946 Ἀλλ’

232 2968 397 3034 ἔστω,
456 2973 653 3044 ἰατρῶν
707 2974 855 3046 ἡμᾶς
905 2978 1079 3035 ἄλλων
1130 2980 1428 3049 φιλοσόφων
1488 2982 1801 3050 ἀφιστάνειν

231 3059 479 3126 τούτους,
527 3063 619 3127 οὒς
665 3068 1043 3139 προτρέπομεν
1087 3070 1177 3122 ἐπὶ
1210 3064 1596 3145 τὸνήμέτερον
1621 3074 1797 3143 λόγον,

232 3152 346 3205 τῶν
372 3153 478 3205 ἀπὸ
509 3155 602 3206 τοῦ
631 3157 938 3228 Περιπάτου
974 3160 1105 3229 (95),
1138 3161 1498 3232 ἀναιρούντων
1528 3164 1625 3234 τὴν
1660 3165 1796 3236 πρὸς

1905 1990 2025 2044 illos
2049 1990 2191 2044 inter
2224 1990 2509 2056 imperitos
2535 1999 2740 2058 quaerat
2769 2003 2995 2043 necesse
3019 1997 3122 2050 est,
3153 1985 3244 2053 qui
3277 1995 3455 2038 tamen

1901 2089 1956 2135 et
1983 2081 2082 2150 ipsi
2107 2083 2339 2150 turpiter
2361 2081 2654 2135 multorum
2677 2082 2897 2135 deorum
2925 2080 3123 2134 cultum
3144 2079 3456 2148 perdocent.

1905 2181 1961 2224 et
1993 2169 2251 2239 quidquid
2284 2171 2350 2222 ab
2385 2170 2649 2238 imperitis
2673 2170 3096 2238 exspectandum
3129 2176 3235 2220 est.
3270 2165 3456 2220 Utrin-

1902 2277 2006 2328 que
2036 2275 2167 2329 ergo
2189 2275 2441 2328 peccasse
2481 2260 2750 2328 arguitur,
2790 2273 2912 2312 cum
2936 2259 3182 2325 exemplo
3219 2272 3348 2309 usus
3373 2265 3459 2310 est

1903 2350 2160 2412 hominis,
2209 2350 2304 2417 qui
2356 2364 2388 2402 a
2432 2350 2623 2418 peritis
2653 2350 2878 2402 medicis
2919 2357 3209 2402 averteret.
3253 2347 3456 2400 Verum

1900 2441 2006 2496 etsi
2049 2442 2116 2496 ab
2164 2442 2382 2509 Epicuri
2430 2440 2771 2509 philosophia
2813 2439 3199 2509 Epicureisque
3231 2437 3458 2492 medicis

1899 2545 1994 2584 eos
2019 2545 2336 2586 revocamus
2358 2531 2451 2600 qui
2477 2531 2546 2585 ab
2570 2530 2678 2583 illis
2702 2529 2754 2582 in
2781 2543 3020 2584 errorem
3037 2529 3282 2598 perducti
3303 2538 3453 2594 sunt,

1900 2637 2078 2676 nonne
2101 2622 2399 2690 justissima
2425 2623 2494 2676 de
2533 2638 2698 2678 causa
2727 2624 2957 2678 facimus
2983 2621 3009 2675 ?
3038 2621 3130 2675 Sic
3155 2621 3300 2675 enim
3331 2619 3455 2675 illos

1898 2723 2140 2770 tutamur
2192 2730 2221 2766 a
2252 2718 2402 2783 gravi
2440 2718 2654 2779 morbo,
2695 2716 2748 2769 in
2791 2730 2948 2782 quem
2989 2714 3110 2767 illos
3152 2713 3457 2781 iniecerunt

1899 2806 2096 2871 medici
2129 2806 2291 2870 Celsi,
2320 2823 2441 2861 cum
2471 2792 2865 2877 providentiam
2892 2807 3177 2868 sustulere,
3212 2815 3269 2858 et
3301 2819 3449 2858 coin-

1903 2898 2069 2950 menti
2095 2905 2220 2950 sunt
2245 2912 2512 2950 sumnmm
2541 2897 2739 2950 bonum
2768 2911 2892 2950 esse
2931 2897 3282 2962 voluptatem.
3316 2893 3451 2948 Esto

1896 2988 2058 3040 etiam
2090 2987 2467 3056 prohibeamus
2487 3003 2576 3052 ne,
2605 3003 2741 3055 quos
2769 2989 2836 3041 ad
2867 2997 3104 3040 nostram
3137 2986 3450 3056 religionem

1898 3076 2189 3139 allicimus,
2237 3076 2271 3129 ii
2323 3076 2650 3130 medicorum
2707 3075 2827 3130 loco
2878 3077 3120 3130 habeant
3149 3075 3450 3142 aliquarum

1898 3177 2166 3222 sectarum
2212 3168 2591 3236 philosophos,
2637 3168 2788 3222 verbi
2834 3181 2997 3236 cau§a
3038 3165 3452 3233 Peripateticos.

231 3238 384 3307 ἡμᾶς
421 3242 694 3312 πρόνοιαν,
731 3247 823 3299 καὶ
855 3247 951 3318 τὴν
982 3251 1162 3319 σχέσιν
1199 3251 1330 3319 πρὸς
1356 3253 1672 3325 ἀνθρώπους
1694 3252 1789 3306 τοῦ

1894 3257 1984 3324 qui
2015 3255 2106 3308 Dei
2139 3271 2268 3322 erga
2304 3272 2403 3310 nos
2437 3256 2855 3324 providentiam,
2885 3238 3159 3322 ullamque
3184 3253 3327 3306 illius
3348 3266 3448 3304 no-

231 3328 419 3381 Θείου⁸
447 3333 562 3396 πῶς
591 3335 709 3403 οὐχὶ
742 3337 982 3401 εὐσεϐεῖς
1007 3340 1115 3408 (96)
1147 3342 1244 3410 μὲν
1274 3345 1436 3412 ἡμεῖς
1457 3347 1793 3398 κατασκευά-

235 3435 421 3486 σομεν,
478 3423 568 3474 καὶ
635 3425 1037 3497 θεραπεύσομεν
1082 3432 1206 3493 τοὺς
1259 3435 1789 3504 προτετραμμένους,

231 3509 510 3594 πείθοντες
537 3513 732 3576 αὐτοὺς
756 3515 1066 3569 ἀνακεῖσθαι
1093 3518 1170 3588 τῷ
1195 3521 1287 3572 ἐπὶ
1314 3522 1444 3574 πᾶσι
1465 3522 1601 3593 Θεῷ,
1625 3527 1792 3594 μεγά-

228 3593 340 3645 λων
372 3596 430 3648 δὲ
457 3600 800 3669 τραυμάτων,
832 3603 938 3655 τῶν
961 3605 1066 3658 ἀπὸ
1098 3604 1268 3673 λόγων
1300 3593 1665 3678 νομιζομένων
1700 3630 1787 3679 φι-

227 3683 494 3751 λοσόφων,
551 3689 964 3761 ἀπαλλάσσομεν
1015 3694 1142 3756 τοὺς
1211 3697 1562 3766 πειθομένους
1616 3702 1788 3769 ἡμῖν;

237 3769 401 3826 Ἀλλά
434 3778 526 3829 καὶ
550 3778 738 3842 ἄλλους
767 3781 994 3834 δεδόσθω
1019 3786 1051 3854 ἡ
1062 3786 1166 3853 μᾶς
1198 3788 1525 3857 ἀποτρέπειν
1561 3792 1667 3842 ἀπὸ
1711 3794 1792 3844 ία-

222 3861 373 3931 τρῶν
409 3865 662 3918 Στωϊκῶν
707 3869 838 3938 (97),
880 3870 1011 3924 Θεὸν
1053 3872 1284 3945 φθαρτὸν
1332 3875 1671 3944 εἰσαγόντων,
1698 3881 1792 3932 καὶ

221 3952 326 4021 τὴν
354 3955 540 4008 οὐσίαν
563 3957 724 4010 αὐτοῦ
753 3959 1015 4030 λεγόντων
1051 3965 1207 4035 σῶμα
1234 3967 1464 4038 τρεπτὸν
1485 3969 1654 4021 διόλου
1679 3971 1787 4039 (98)

226 4045 324 4096 καὶ
360 4045 642 4105 ἀλλοιωτὸν
668 4053 760 4102 καὶ
789 4054 1138 4124 μεταϐλητὸν,
1167 4056 1258 4107 καί
1279 4074 1406 4108 ποτε
1435 4059 1604 4110 πάντα
1643 4060 1790 4127 φθει-

223 4135 430 4204 ρόντων
458 4139 550 4190 καὶ
577 4139 733 4208 μόνον
760 4141 849 4191 τὸν
877 4142 1006 4194 Θεὸν
1051 4145 1453 4197 καταλιπόντων
1471 4163 1484 4175 ·
1524 4148 1641 4211 πῶς
1668 4151 1788 4220 οὐχὶ

218 4225 320 4276 καὶ
351 4225 492 4278 οὓτω
518 4230 697 4281 κακῶν
724 4229 820 4297 μὲν
842 4232 1219 4301 ἀπαλλάξομεν
1261 4236 1392 4297 τοὺς
1416 4236 1785 4308 πειθομένους,

218 4314 570 4384 προσάξομεν
595 4317 639 4368 δ’
679 4319 892 4371 εύσεδεϊ
913 4319 1053 4389 λόγῳ
1084 4321 1158 4392 τῷ
1199 4325 1326 4395 περὶ
1352 4324 1445 4376 τοῦ
1472 4328 1787 4382 ἀνακεῖσθαι

213 4404 300 4473 τῷ
334 4405 668 4477 δημιουργῷ,
703 4410 795 4460 καὶ
839 4410 1134 4479 θαυμάζειν
1161 4413 1251 4466 τὸν
1283 4418 1492 4486 πατέρα
1513 4417 1612 4487 τῆς
1653 4421 1788 4490 Χρι·

215 4496 458 4547 στιανῶν
472 4497 830 4562 διδασκαλίας,
850 4499 1330 4572 φιλανθρωπότατα
1348 4509 1788 4577 ὲπιστρεπτικὸν,

450 4700 756 4776 _P_hiloca_liit,
787 4703 1039 4776 ἑχόντων.

291 4772 403 4838 (τιὸ)
450 4772 822 4843 Ἑίτικούρου,
848 4775 970 4827 \ide
997 4789 1154 4843 supra
1180 4774 1551 4832 aduotationes
1575 4778 1640 4832 ad
1675 4779 1764 4836 lib.

211 4854 234 4892 I
265 4851 453 4892 contra
493 4840 653 4902 Cels.,
683 4840 831 4894 tium.
860 4844 948 4896 ‘21.

290 4910 404 4977 (94)
424 4910 846 4979 ’Νομιζομένων
876 4911 1105 4978 ἰατρῶν,
1133 4921 1235 4967 etc.
1268 4915 1357 4968 Sic
1385 4925 1529 4970 recte
1550 4919 1770 4973 omnino

208 4980 389 5057 codex
418 4977 659 5057 Julianus
692 4984 929 5057 secunda
951 4977 1130 5057 manu.
1152 4984 1297 5057 alias
1324 4995 1594 5050 corrupte,
1625 5005 1772 5057 νομι-

207 5044 467 5122 ζομένοις
507 5049 888 5122 Ἐπικουρείοις
904 5051 1129 5122 ἰατρῶν.
1152 5052 1467 5122 ΒυΙιεΓεΗιις
1487 5044 1768 5122 legendum

207 5116 461 5178 Coujicit,
502 5116 1279 5191 νομιζομένων*ἐπιστημόνων
1317 5116 1768 5191 ίατρῶνῘΙὺίΛιηιι

206 5196 408 5263 quinos
461 5200 586 5263 mss.
608 5199 780 5263 rce-te,
813 5188 928 5249 πῶς
966 5190 1064 5240 οὐκ
1097 5188 1431 5257 εὐλογώτατα
1463 5193 1776 5263 ποιήσομεν.

201 5252 394 5328 Alias,
421 5251 534 5328 1:9;
569 5254 911 5328 εὐλογώτατα
937 5251 1263 5328 ποιήσωμεν,
1294 5262 1448 5314 male.

287 5319 401 5389 (95)
442 5319 788 5395 Περιπάτου.
823 5319 1547 5395 Videsupra‘aditotaliones
1579 5331 1642 5383 ad
1681 5331 1774 5388 lill.

201 5407 223 5447 ι
252 5399 440 5442 contra
476 5389 698 5452 Celsum,
732 5408 876 5444 num.
902 5394 992 5447 21.

283 5458 413 5533 (96)-
441 5457 572 5533 Πῶς
599 5460 1046 5533 οὐχὶ-εὐσεϐεῖς.
1067 5463 1376 5518 Boherellns
1406 5467 1628 5532 mavult,
1659 5470 1774 5533 πῶς

199 5526 621 5604 οὐχἰξὺσξδῶςν
644 5541 704 5604 εει
736 5526 1032 5604 ilitlegissc
1062 5534 1268 5586 videtur
1289 5536 1560 5588 Gelenius.

284 5598 402 5669 (οἵ)
441 5598 732 5650 Στωϊκῶν.
772 5598 1306 5669 Y‘ideadnomtiones
1335 5607 1400 5656 ad
1435 5605 1522 5657 lib.
1553 5622 1586 5665 ι,
1623 5623 1771 5661 ηιιιιι.

196 5671 266 5722 21
293 5666 312 5733 ’;
353 5668 446 5718 lib.
473 5681 543 5725 tv,
591 5683 736 5719 num.
766 5666 830 5718 Η
867 5676 920 5719 et
961 5669 1051 5720 68.
1097 5670 1364 5726 Plutarch.
1414 5675 1462 5726 in
1518 5675 1651 5727 libro
1698 5679 1770 5728 De

197 5739 514 5794 Stoicorum
560 5737 912 5805 repugnantiis
936 5751 957 5789 :
986 5738 1170 5800 Ούδείς
1214 5737 1304 5792 οῦν
1342 5745 1457 5794 ἐστι
1491 5743 1596 5795 τῶν
1631 5746 1767 5796 πάν-

197 5823 318 5859 των
342 5807 369 5859 ὁ
396 5805 716 5875 Χρύσιππος
735 5805 853 5857 κατ’
888 5806 1252 5877 Ἀντίπατρον.
1279 5812 1443 5864 Οὐδὲν
1472 5813 1578 5883 γὰρ
1598 5813 1765 5865 οἴεται

1895 3344 2326 3416 biscum‘negant
2354 3360 2475 3399 esse
2506 3345 2960 3400 necessitudinem
2988 3364 3001 3398 :
3033 3360 3208 3398 nonne
3232 3343 3451 3411 pietatis

1890 3435 2128 3490 ofﬁcium
2159 3446 2260 3498 est,
2309 3437 2431 3490 illos
2473 3437 2703 3501 institui,
2731 3438 2934 3500 curari,
2975 3435 3347 3504 persuadendo
3385 3440 3445 3486 ut

1891 3542 1949 3581 se
1993 3536 2134 3588 totos
2178 3527 2288 3582 Deo
2321 3543 2502 3582 rerqu
2541 3530 2780 3583 omnium
2820 3527 3159 3581 devoveant?
3184 3523 3436 3589 Quando-

1889 3617 2106 3683 quidem
2145 3618 2224 3670 sic
2258 3632 2454 3684 magna
2484 3618 2704 3671 vulnera
2739 3624 3024 3676 sanantur,
3056 3629 3176 3681 qua:
3200 3611 3438 3681 philoso‘

1873 3704 2118 3770 phorum
2168 3703 2377 3756 illorum
2424 3703 2676 3757 doctrina
2727 3702 2999 3757 intulerat.
3047 3701 3181 3754 Volo
3235 3710 3288 3754 et
3346 3714 3448 3754 nos

1893 3793 2156 3860 impedire
2198 3794 2486 3862 quominus
2527 3794 2769 3847 medicos
2816 3793 3012 3846 adeant
3059 3793 3303 3856 Stoicos,
3351 3790 3445 3862 qui

1891 3883 2055 3935 Deum
2090 3885 2424 3951 corruptioni
2452 3883 2615 3954 ω’]
2666 3879 2982 3946 obnoxium,
3030 3882 3146 3950 ejus
3196 3893 3444 3936 naturam

1889 3983 2204 4038 corpoream
2255 3986 2481 4038 eamque
2529 3972 2844 4026 mutabilem
2878 3980 2934 4027 et
2965 3976 3205 4026 omnium
3247 3972 3446 4024 forma-

1897 4075 2013 4113 rum
2061 4074 2319 4129 capacem
2363 4062 2625 4117 inducunt
2665 4065 2970 4130 doceatque
3012 4062 3213 4122 omnia,
3251 4069 3447 4130 prater

1892 4150 2084 4213 Deum,
2131 4166 2251 4205 esse
2284 4152 2560 4219 peritura;
2593 4153 2776 4220 quidni
2813 4154 2978 4206 etiam
3015 4167 3044 4203 a
3091 4152 3254 4203 tantis
3284 4149 3445 4202 malls

1897 4251 2114 4295 nostros
2153 4243 2571 4307 removebimus,
2601 4243 2791 4310 hisque
2829 4244 3011 4311 potius
3041 4243 3146 4310 piis
3177 4242 3443 4315 institutis

1890 4331 2318 4397 informabimus,
2355 4347 2682 4386 consecrare
2735 4346 2794 4386 se
2827 4333 3098 4387 conditori
3140 4333 3360 4396 debere,
3389 4342 3446 4387 et

1889 4423 2151 4475 admirari
2197 4423 2524 4477 Christiana:
2554 4424 2815 4478 doctrinae
2845 4435 3146 4494 parentem,
3179 4427 3272 4495 qui
3311 4442 3440 4480 cou-

1887 4514 2162 4565 vertendis
2194 4513 2479 4567 animabus
2505 4515 3226 4605 curavit,.utbeiiignissima
3258 4519 3310 4570 in
3345 4518 3447 4571 bo-

1810 4719 1850 4773 D
1882 4714 2018 4798 πλὴν
2068 4714 2161 4798 τοῦ
2211 4715 2379 4798 πυρὸς
2421 4716 2694 4798 ἀφθαρτον
2746 4715 2881 4772 εἶναι
2907 4719 3040 4798 ,τῶν
3083 4719 3251 4780 Θεῶν,
3280 4720 3438 4798 ’ἀλλὰ

1878 4787 2081 4872 πάντας
2100 4787 2343 4872 δρμαλῷς
2371 4789 2465 4867 καὶ
2507 4787 2792 4872 γεγονότας
2836 4790 2929 4842 καὶ
2977 4789 3438 4872 φθαρησρμένομς.

1876 4857 2056 4908 Ταῦτα
2095 4856 2151 4907 δὲ
2195 4859 2486 4927 πανταχοῦ,
2517 4858 2591 4921 ώς
2621 4860 2749 4920 ἔπος
2784 4862 2974 4918 εἰπεῖν,
3007 4856 3099 4927 ,ὑπ’
3143 4856 3303 4910 αὐτοῦ
3351 4859 3437 4914 λέ-

1875 4943 2048 4997 γεται.
2090 4926 2480 4997 Ιιαραθήσομαι
2522 4929 2578 4980 δὲ
2626 4929 2767 4993 λέξιν
2812 4929 2882 4997 ἐκ,
2935 4926 3028 4979 τοῦ
3079 4928 3261 4996 τρίτου
3299 4930 3439 4997 Περί
3470 4931 3481 4942 ’

1877 4996 2026 5051 θεῶν
2052 4997 2168 5067 καθ’
2197 4996 2392 5065 ἕτερον
2411 4999 2582 5064 λόγον.
2611 5001 2669 5052 Οἱ
2699 4999 2797 5067 μὲν
2829 4996 2933 5066 γὰρ
2966 4997 3181 5063 γενητοί
3211 4999 3314 5049 εἰσι
3346 4996 3440 5055 καὶ

1878 5066 2133 5138 φθαρτοί-
2166 5068 2214 5117 οἱ
2243 5067 2299 5119 δὲ
2336 5068 2608 5138 ἀγένητοι.
2657 5088 2673 5118 ι
2703 5066 2885 5138 Nullus
2912 5077 2994 5118 est
3033 5068 3190 5134 igitur
3223 5084 3286 5120 ex
3323 5086 3440 5121 om-

1881 5136 2035 5187 nibus
2068 5139 2347 5203 Autipatm
2383 5135 2732 5204 Chrysippus.
2761 5135 2859 5189 llic
2886 5138 3027 5188 enim
3065 5147 3290 5204 excepto
3325 5139 3430 5204 igni

1885 5207 2084 5257 nullmn
2123 5205 2285 5259 Deum
2323 5218 2474 5273 putat
2508 5208 2720 5258 interitu
2773 5221 2958 5258 carere
2999 5221 3014 5259 :
3063 5208 3153 5258 sed
3207 5216 3436 5263 cactcrus

1882 5287 2068 5329 omnes
2103 5290 2253 5342 :cque
2283 5289 2335 5327 et
2375 5285 2526 5328 natos
2555 5285 2608 5326 et
2638 5275 2897 5326 obituros.
2946 5277 3119 5339 Atque
3167 5275 3268 5325 hoc
3319 5273 3432 5329 fere

1881 5346 2078 5408 passim
2107 5346 2171 5395 ah
2204 5359 2268 5396 eo
2298 5346 2508 5398 dicitur.
2543 5344 2710 5396 Verba
2746 5353 2922 5411 tamen
2959 5344 3072 5407 ejus
3098 5359 3127 5395 e
3166 5344 3323 5395 tertio
3356 5343 3429 5397 De

1877 5412 1981 5463 diis
2017 5414 2151 5466 libro
2180 5415 2468 5465 ascribam.
2518 5413 2632 5464 Alia
2685 5429 2865 5480 porro,
2915 5414 3106 5479 inquit.
3158 5413 3296 5464 ratio
3347 5425 3427 5466 est

1877 5482 2095 5533 deorum
2174 5481 2275 5534 Alii
2337 5483 2480 5535 cnim
2525 5483 2632 5534 nati
2688 5493 2838 5544 sunt,
2885 5495 2937 5535 et
2983 5483 3291 5538 mtcrituri;
3338 5484 3424 5534 alii

1877 5551 1984 5602 nati
2039 5566 2141 5603 non
2179 5561 2365 5606 sunt.)
2422 5550 2556 5607 Vide
2604 5551 2836 5613 ibidem,
2889 5565 3008 5617 pag.
3050 5551 3204 5604 1052.
3257 5552 3421 5604 Sci-Lit.-

1877 5635 1995 5672 CER.

1947 5689 2056 5758 (98)
2095 5691 2324 5744 Διόλου.
2377 5690 2451 5745 lla
2505 5692 2661 5748 codd.
2710 5691 2907 5760 Regius
2955 5698 3007 5743 ct
3079 5687 3421 5744 llasileezzsis.

1871 5760 2036 5826 Alias,
2063 5762 2127 5814 δι’
2149 5762 2316 5816 ὅλωνν
