4100 6318
757 465 893 522 1013

2191 473 2511 531 οιιιςειιις

3846 469 3973 524 ιου

757 581 963 634 ιιιιιιιιιη
993 597 1166 651 genus
1213 599 1373 640 omne
1403 588 1730 645 documenta
1761 584 2165 662 spargerentur.
2205 594 2300 648 Eis

2423 595 2515 646 καὶ
2559 591 2743 662 ψυχῶν
2790 592 3079 663 μαθήματα
3123 591 3233 662 (99)
3279 593 3707 663 οίκονομήσαντα
3746 592 3970 643 ἐπισω-

750 683 1010 738 ιιιπιετεα
1048 675 1313 729 medicam
1355 677 1463 732 illis
1489 693 1646 749 opem
1680 679 1969 737 aﬂ'eramus
1999 685 2090 751 qui
2133 698 2164 737 a
2199 699 2315 738 me-

750 762 889 815 dicis
916 773 1167 816 naturam
1202 767 1428 822 rationis
1459 779 1798 838 compotem,
1823 772 1982 825 modo
2021 773 2072 825 in
2105 775 2316 828 ratione

756 865 994 919 cassam,
1038 856 1200 908 modo
1247 857 1299 909 in
1343 859 1635 928 imaginum
1675 861 1888 915 artiﬁce
1934 861 2191 918 facultate
2220 879 2314 918 ca-

747 953 954 998 rentem
991 947 1380 1016 relegautibus,
1403 951 1593 1005 insana
1629 952 1719 1005 illa
1753 955 2051 1008 animarum
2087 958 2136 1009 in
2164 957 2311 1010 varia

746 1045 975 1100 corpora
1015 1038 1520 1105 transmigrationis
1564 1043 1819 1109 opinione
1865 1044 2110 1098 infatuati
2143 1056 2311 1110 sunt;

755 1138 934 1177 annon
965 1127 1163 1180 animae
1191 1143 1382 1182 eorum
1429 1131 1729 1185 redduntur
1762 1134 2037 1199 meliores,
2078 1151 2200 1188 cum
2232 1138 2315 1190 eis

747 1218 1161 1283 persuademus,
1197 1235 1303 1272 non
1340 1237 1504 1274 sensu
1536 1233 1591 1276 et
1633 1225 1846 1278 ratione
1883 1227 2081 1294 privari
2117 1227 2315 1294 impro-

742 1306 870 1360 bum
897 1322 1019 1360 cum
1045 1312 1308 1375 punitur;
1345 1313 1439 1364 sed
1463 1315 1642 1381 potius
1667 1315 1876 1370 labores
1911 1332 1942 1370 a
1972 1318 2080 1372 Deo
2130 1319 2309 1383 injun-

742 1410 862 1450 I'iOS
894 1412 1191 1466 plenasque
1221 1400 1454 1457 inﬂictas
1485 1405 1765 1472 improbis,
1790 1421 1909 1459 esse
1939 1409 2170 1461 remedia
2191 1410 2311 1476 qui-

741 1484 844 1541 bus
901 1489 968 1539 ad
1028 1479 1178 1541 illum
1237 1492 1506 1544 emendati
1561 1496 1947 1548 revertantur?
1993 1495 2115 1550 liscc
2165 1499 2308 1552 enim

743 1577 1039 1642 prudentes
1071 1578 1363 1633 Christiani
1403 1583 1682 1651 cogitant;
1722 1585 1808 1639 his
1837 1587 2216 1654 simpliciores,
2251 1599 2310 1642 ut

740 1679 925 1734 patres
948 1670 1226 1735 parvulos,
1261 1671 1541 1727 erudiunt.
1576 1672 1689 1727 Non
1725 1677 1889 1744 igitur
1917 1678 2175 1745 parvulis,
2205 1694 2308 1732 non

741 1758 984 1824 rusticis,
1013 1775 1116 1812 non
1152 1761 1315 1816 fatuis
1348 1775 1596 1817 auctores
1627 1780 1835 1830 sumus,
1874 1778 1932 1820 ut
1961 1771 2198 1824 medicos
2227 1771 2310 1824 fu-

741 1850 898 1921 giant
928 1867 942 1903 :
969 1866 1073 1904 non
1114 1852 1218 1906 illis
1247 1854 1478 1908 dicimus
1503 1873 1514 1908 :
1552 1874 1569 1906 ι
1607 1857 1807 1911 Cavete
1827 1873 1893 1911 ue
1923 1861 2044 1927 quis
2071 1872 2305 1915 vestrum

2419 685 2575 754 ρῆναι
2606 683 2712 753 ὅλῳ
2739 683 2816 753 τῷ
2837 683 2945 735 τῶν
2975 683 3273 754 ἀνθρώπων
3300 683 3481 750 γένεις
3531 683 3688 734 Ἀλλά
3714 681 3823 734 κάν
3854 682 3972 746 τοὺς

2415 773 2751 837 πεπονθότας
2782 772 2880 843 τὴν
2914 775 3039 844 περὶ
3079 773 3176 843 τῆς
3221 772 3756 843 μετενσωματὼσεως
3799 773 3970 824 ἄνοιαν

2415 864 2520 917 ἀπὸ
2564 864 2781 934 ἰατρῶν,
2814 864 2919 916 τῶν
2955 863 3421 926 καταῦιῦαζόντων
3448 863 3547 931 τὴν
3569 862 3792 932 λογικὴν
3818 862 3968 928 φύσιν

2414 955 2503 1006 ὁτὲ
2535 955 2633 1025 μὲν
2667 956 2760 1007 ἐπὶ
2795 955 2895 1026 τὴν
2929 954 3118 1022 ἄλογον
3153 956 3351 1019 πᾶσαν,
3395 953 3483 1006 ὁτὲ
3524 953 3579 1005 δὲ
3609 954 3700 1004 καὶ
3739 953 3838 1003 ἐπὶ
3877 952 3964 1020 τήν

2411 1046 2768 1113 ἀφάνταστον,
2791 1044 3175 1116 θεραπεύωμεν
3205 1044 3302 1115 (1)’
3331 1045 3450 1107 πῶς
3477 1045 3536 1096 ού
3563 1043 3837 1112 βελτίονας
3859 1047 3966 1104 ταῖς

2411 1134 2607 1203 ψυχαῖς
2641 1136 3113 1205 κατασκευάσομεν
3141 1136 3268 1198 τοὺς
3311 1135 3660 1206 πειθομένους
3701 1133 3869 1202 λόγῳ,
3910 1133 3964 1184 οὗ

2409 1225 2708 1279 διδάσκοντι
2742 1228 2840 1297 μὲν
2864 1229 2920 1279 ὲν
2960 1227 3232 1290 κολάσεως
3263 1228 3427 1298 μοίρᾳ.
3453 1227 3531 1297 τῷ
3572 1226 3758 1296 φαύλῳ
3789 1225 3967 1298 άποδιτ

2410 1315 2594 1369 δοσθαι
2637 1281 2986 1388 ἀναίσθησίαν
3025 1318 3058 1388 ἢ
3101 1281 3700 1388 ἀλογίάν,.τ·.αρίστάντι
3728 1281 3797 1368 ’δὲ
3838 1281 3965 1368 εἷναί

2408 1422 2529 1457 τινα
2555 1389 2820 1476 φάρμακα
2853 1407 3246 1478 ἐπιστρεπτικά
3269 1407 3393 1468 τοὺς
3419 1406 3524 1458 ἀπὸ
3547 1405 3676 1458 Θεοῦ
3698 1409 3818 1468 τοῖς
3838 1404 3965 1472 φαύ-

2409 1494 2519 1558 λοις
2561 1497 3000 1566 προσαγομένους
3025 1497 3215 1558 πόνους
3247 1496 3339 1547 καὶ
3363 1495 3460 1557 τάς
3489 1495 3770 1559 κολάσεις;
3803 1495 3964 1547 τοῦτο

2407 1584 2516 1653 γάρ
2557 1587 2605 1637 οἱ
2645 1586 2917 1655 φρονίμως
2950 1587 3262 1655 Χριστιανοὶ
3300 1584 3498 1648 ζῶντες
3531 1585 3604 1654 (2)
3647 1585 3963 1654 φρονοῦντες

2407 1675 2747 1745 οἰκονομοῦσι
2780 1677 2907 1738 τοὺς
2950 1675 3366 1746 ἁπλουστέρους,
3404 1674 3479 1737 ὼς
3520 1676 3612 1726 καὶ
3643 1677 3689 1726 οἱ
3733 1673 3967 1743 πατέρες

2406 1767 2533 1829 τοὺς
2599 1767 2796 1837 κομιδῆ
2849 1766 3092 1835 νηπίους.
3148 1767 3222 1818 Ού
3276 1764 3683 1833 καταφεύγομεν
3731 1761 3828 1816 οὖν
3881 1764 3967 1815 ἐπὶ

2407 1858 2630 1927 νηπίους
2651 1858 2744 1910 καὶ
2761 1857 2997 1926 ἠλιθίους
3019 1858 3326 1928 ἀγροίκους,
3347 1857 3590 1925 λέγοντες
3612 1857 3814 1919 αὐτοῖς,
3841 1855 3967 1908 Φεύ-

739 1938 974 2006 attiugat
1019 1939 1348 1994 scientiam:
1393 1961 1413 1993 ι
1457 1957 1632 2012 neque
1672 1945 1901 1998 dicimus
1937 1950 2064 2015 quid
2103 1951 2301 2004 malum

2405 1963 2527 2015 γετε
2558 1949 2684 2011 τοὺς
2723 1947 2957 2017 ἰατρούς·
2987 1947 3104 1999 ούδὲ
3130 1947 3382 2016 λέγομεν,
3427 1966 3446 1997 ‹
3507 1947 3694 2016 Ὁρᾶτε
3725 1949 3802 2014 μή
3837 1943 3964 1996 ποτέ

737 2042 859 2082 esse
883 2029 1203 2094 scientiam;
1243 2045 1420 2100 neque
1465 2049 1531 2087 eo
1573 2035 1797 2088 insania:
1827 2040 2066 2105 provecti
2098 2055 2306 2106 suutus,

737 2128 798 2170 ut
831 2120 1144 2188 cognitione
1187 2136 1507 2176 censeamus
1539 2124 1788 2180 homines
1829 2128 1898 2180 ab
1932 2131 2126 2182 animae
2159 2131 2309 2183 sani-

736 2219 848 2262 tate
878 2213 1142 2266 removeri
1168 2231 1184 2279 ;
1212 2223 1305 2266 aut
1341 2228 1672 2282 queinquam
1705 2213 1942 2286 unquam
1967 2236 1994 2272 a
2036 2221 2306 2288 sapientia

738 2299 906 2355 luisse
929 2302 1303 2370 depravatum.
1343 2305 1456 2359 Etsi
1489 2307 1767 2372 docemus,
1791 2323 1948 2362 nemo
1977 2319 2155 2364 tamen
2206 2327 2305 2364 no-

741 2401 920 2444 strqu
992 2393 1159 2448 dixit:
1203 2412 1222 2444 ι
1274 2394 1402 2449 Mihi
1457 2399 1810 2452 adhaerescite
1852 2415 1866 2450 :
1901 2417 1919 2450 ι
1956 2404 2048 2453 sed
2101 2401 2300 2469 potius,

737 2478 846 2533 Deo
877 2495 1058 2534 rerum
1084 2484 1325 2537 omnium
1384 2488 1737 2541 adluerescite
1769 2497 1822 2543 et
1849 2489 1973 2543 Jesu
2007 2491 2150 2546 illius
2178 2495 2302 2547 do-

744 2571 942 2624 ctrina:
969 2572 1174 2628 doctori
1202 2591 1216 2627 :
1255 2591 1427 2644 neque
1453 2579 1614 2632 etiam
1635 2580 1922 2649 quisquam
1951 2590 2194 2635 nostrum
2224 2583 2300 2636 ita

733 2672 821 2716 est
867 2678 1158 2732 arrogans,
1197 2677 1254 2720 ut
1305 2669 1450 2721 dicat
1485 2671 1674 2737 sociis,
1711 2672 1854 2738 quod
1887 2682 2064 2725 tamen
2105 2674 2195 2726 uni
2230 2691 2298 2729 ex

738 2758 944 2811 nostris
975 2741 1309 2815 .doctoribns
1353 2763 1650 2834 assignavit
1698 2765 1912 2830 Celsus,
1958 2784 1977 2817 ι
2015 2765 2124 2834 Ego
2152 2768 2301 2821 solus

731 2847 910 2900 salvos
930 2863 1028 2903 vos
1059 2850 1322 2904 faciam.)
1363 2852 1492 2906 Vide
1525 2853 1687 2921 igitur
1715 2870 1881 2922 quant
1925 2854 2088 2908 multa
2112 2865 2298 2909 contra

735 2952 836 2991 nos
885 2950 1198 2994 mentiatur.
1249 2941 1359 2996 Nec
1398 2958 1633 3012 unquam
1686 2946 1889 2999 dictum
1919 2961 1948 2998 a
1993 2945 2148 2998 nobis
2190 2953 2298 3008 est,

737 3044 759 3076 ι
791 3041 823 3079 a
857 3030 1002 3082 veris
1038 3032 1260 3085 medicis
1311 3033 1544 3088 iutertici
1578 3035 1826 3088 homines
1864 3035 2061 3105 quibus
2093 3037 2299 3090 sanita-

737 3128 847 3170 tetn
891 3121 1230 3186 pollicentur.
1268 3141 1289 3174 ι

805 3205 896 3261 76.
923 3210 1083 3264 Aliud
1126 3215 1288 3277 etiam
1335 3223 1525 3268 contra
1573 3231 1673 3271 nos
1702 3217 2005 3285 exemplum
2055 3218 2292 3272 atltibet.

735 3314 760 3347 ι
797 3296 945 3351 Idem
978 3299 1131 3364 facit,
1169 3303 1366 3371 inquit,
1413 3307 1603 3359 doctor
1631 3307 1771 3361 inter
1814 3310 1958 3372 illos,
1997 3326 2062 3363 ac
2098 3311 2141 3364 si
2173 3313 2295 3379 quis

738 3387 926 3442 rbi-ius
953 3403 1204 3445 verszatus
1238 3395 1378 3447 inter
1423 3397 1625 3462 ebrios,
1664 3401 2089 3455 calmnniaretur
2117 3404 2298 3458 ebrios

731 3496 854 3535 esse
909 3482 1000 3550 qui
1053 3481 1226 3537 sobrii
1272 3495 1478 3541 essent.
1511 3505 1531 3536 ι
1572 3487 1770 3541 Probet
1815 3490 1978 3558 igitur
2015 3508 2046 3544 e
2081 3494 2298 3561 scriptis

731 3569 905 3635 Pauli,
957 3573 1187 3642 exempli
1250 3589 1453 3641 causa,
1502 3577 1649 3631 hunc
1717 3582 2025 3645 apostolum
2084 3584 2296 3637 ebriqu

731 3660 924 3726 fuisse,
971 3678 1149 3730 neque
1192 3664 1364 3718 sobrii
1416 3667 1653 3721 hominis
1695 3666 1863 3722 fuisse
1909 3685 2029 3738 quae
2057 3671 2292 3738 dixerit;

732 3761 828 3804 aut
855 3766 920 3806 ex
951 3754 1017 3808 iis
1037 3770 1158 3823 quae
1177 3756 1399 3825 scripsit
1423 3756 1680 3820 Joannes.
1711 3758 1829 3826 ejus
1862 3765 2162 3816 sententias
2190 3781 2298 3818 non

729 3857 850 3895 €358
906 3848 1359 3915 temperantiS'et
1408 3864 1439 3901 a
1483 3851 1741 3904 vitiorqu
1795 3853 2063 3907 ebrietate
2109 3856 2297 3911 alieni.

735 3931 931 3988 Nullus
964 3937 1130 4006 igitur
1157 3938 1484 3995 Christiana:
1516 3944 1792 4014 religionis
1827 3946 2023 4000 doctor
2061 3962 2166 4000 non
2205 3963 2297 4000 soo

732 4023 885 4077 brius
914 4037 1021 4089 est,
1054 4029 1229 4084 nullus
1265 4033 1549 4087 ebrietatis
1580 4039 1825 4090 accusari
1859 4049 2036 4106 potest
2070 4055 2085 4104 ;
2125 4049 2178 4092 et
2217 4040 2298 4091 iu-

732 4112 896 4180 digna
924 4113 1093 4185 598
1122 4119 1446 4188 philosopho
1477 4135 1598 4175 sunt
1629 4142 1746 4192 qun:
1773 4127 1960 4181 Celsus
1982 4126 2042 4181 in
2075 4145 2172 4182 uos
2197 4129 2298 4185 hac

733 4207 802 4256 de
834 4218 892 4256 re
911 4206 1047 4272 jat'it
1086 4209 1349 4262 convicia.
1399 4213 1600 4266 ludicet
1639 4231 1800 4283 porro
1840 4221 2029 4273 Celsus
2076 4239 2294 4289 (ltltlltttll

733 4296 812 4349 illi
838 4297 1006 4350 sobrii
1028 4299 1158 4364 sint,
1187 4315 1324 4368 quos
1344 4305 1513 4356 nostri
1531 4306 1786 4361 doctores
1807 4311 2017 4378 injuriis
2036 4313 2294 4364 alliciant.

730 4385 840 4441 Nos
867 4390 1011 4444 enim
1061 4389 1242 4443 ebrios
1287 4392 1502 4459 quidem
1535 4394 1766 4468 dicimus
1825 4415 1936 4466 eos,
1986 4405 2078 4469 qui
2135 4402 2296 4457 rebus

731 4481 1054 4534 inanituatis
1104 4481 1260 4548 quasi
1314 4481 1425 4536 Deo
1492 4483 1680 4553 preces
1734 4488 1928 4541 ferant.
1985 4491 2124 4556 Quid
2183 4495 2293 4546 dixi

2405 2055 2488 2101 τις
2521 2037 2672 2108 ὑμῶν
2716 2039 3021 2107 ἐπιστήμης
3061 2037 3402 2107 ἐπιλάϐηταιο
3445 2055 3464 2087 ι
3509 2037 3626 2089 οὐδὲ
3662 2037 3965 2104 φάσκομεν,

2404 2130 2486 2182 ὅτι
2515 2130 2681 2183 κακόν
2723 2133 2868 2184 ἐστιν
2893 2131 3167 2200 ὲπιστήμη
3189 2146 3204 2160 ·
3239 2129 3357 2181 οὐδὲ
3407 2129 3746 2197 μεμήναμεν,
3784 2127 3856 2178 ἶν’
3889 2125 3966 2177 ιι-

2405 2235 2614 2286 πωμεν,
2637 2220 2717 2272 ὅτι
2743 2221 2943 2287 γνῶσις
2967 2219 3187 2289 σφάλλει
3219 2219 3346 2279 τοὺς
3382 2216 3695 2287 ἀνθρώπους
3739 2218 3849 2270 om
3870 2217 3966 2286 τῆς

2404 2305 2545 2358 κατά
2572 2307 2750 2377 ψυχὴν
2775 2308 2962 2376 ὑγείας
2980 2324 2994 2336 ⁸
3022 2306 3135 2360 ἀλλ’
3160 2306 3266 2358 οὐδ’
3295 2303 3622 2355 ἀπόλλυσθαι
3645 2301 3755 2354 ἀπὸ
3777 2303 3966 2371 σοφίας

2403 2397 2650 2466 εἴποιμεν
2663 2397 2728 2450 ἀν
2747 2414 2868 2450 τινα
2886 2396 3123 2450 πώποτει
3160 2396 3356 2456 οἵτινες
3375 2394 3495 2446 οὐδὲ
3512 2392 3600 2456 τὸ,
3623 2410 3641 2441 ι
3665 2392 3791 2461 ἐμοὶ
3809 2405 3964 2461 προσ-

2403 2487 2575 2555 έχετε,
2608 2505 2626 2536 ι
2662 2486 2765 2539 κᾶν
2787 2487 3143 2556 διδάσκωμεν,
3175 2484 3357 2555 φαμέν
3375 2499 3388 2513 °
3421 2483 3575 2543 ἀλλὰ,
3596 2480 3686 2551 Τῷ
3708 2480 3832 2550 Θεῷ
3859 2480 3963 2532 τῶν

2401 2577 2537 2630 ὅλων
2566 2577 2860 2646 προσέχετε
2897 2577 2990 2630 καὶ
3017 2574 3319 2643 διδασκάλῳ
3355 2574 3462 2628 τῶν
3499 2573 3626 2640 περὶ
3650 2571 3819 2624 αὐτοῦ
3863 2585 3962 2642 με..

2401 2665 2659 2736 θημάτων
2687 2665 2762 2734 τῷ
2800 2666 2990 2735 Ἰησοῦ.
3018 2665 3203 2726 Οὐδεὶς
3221 2664 3265 2716 δ”
3298 2664 3449 2734 ήμῶν
3464 2663 3634 2723 οὕτως
3657 2661 3807 2713 ἐστὶν
3835 2661 3961 2712 άλα-

2401 2754 2532 2821 ζὼν,
2557 2755 2623 2808 ἵν’
2649 2753 2818 2826 (ὅπερ
2853 2755 3056 2818 Κέλσος
3085 2754 3375 2826 περιέθηκε
3405 2752 3483 2823 τῷ
3513 2750 3606 2804 τοῦ
3629 2750 3962 2808 διδάσκοντος

2399 2846 2707 2920 προσώπῳ)
2733 2846 2875 2900 εἴποι
2897 2848 3032 2919 πρὸς
3057 2848 3181 2910 τοὺς
3207 2845 3512 2917 γνωρίμους
3526 2846 3608 2905 τὸ,
3636 2863 3654 2894 ι
3683 2842 3796 2910 ἐγὼ
3825 2843 3961 2912 ὑμᾶς

2402 2939 2562 2993 σώσω
2603 2939 2780 3009 μόνος.
2818 2958 2836 2990 ι
2889 2940 3030 3009 Ὅρα,
3057 2936 3151 2992 οὖν
3179 2939 3321 2990 πόσα
3348 2937 3500 3008 ήμῶν
3553 2934 3960 3004 καταψεύδεται.

2409 3031 2546 3084 Ἀλλ’
2578 3031 2707 3084 οὐδέ
2719 3048 2932 3101 αφαμεν,
2966 3032 3046 3084 ὃτι
3066 3051 3085 3081 ι
3110 3033 3158 3082 οἱ
3198 3025 3412 3100 άληθῶς
3445 3030 3615 3100 ἰατροὶ
3655 3027 3963 3098 φθείρουσιν

2398 3121 2488 3186 οὓς
2513 3122 2933 3189 ἐπαγγέλλονται
2960 3121 3300 3192 θεραπεύειν.
3341 3138 3359 3170 ι

2469 3235 2581 3288 Καὶ
2619 3233 2869 3304 δεύτερον
2915 3232 2972 3284 δὲ
3015 3231 3169 3302 φέρει
3218 3232 3341 3285 καθ’
3387 3229 3546 3301 ήμῶν
3593 3227 3960 3299 παράδειγμα,

2399 3327 2623 3396 φάσκων
2657 3346 2676 3377 ι
2709 3327 2930 3396 Ὅμοιον
2961 3326 3132 3378 ποιεῖν
3160 3324 3250 3376 τὸν
3283 3325 3341 3376 ὲν
3367 3323 3496 3394 ήμῖν
3519 3319 3863 3382 διδάσκαλον,
3894 3318 3963 3378 ὡς

2399 3417 2551 3481 εἴτις
2581 3417 2793 3489 μεθύων
2821 3419 2901 3479 είς
2931 3415 3226 3486 μεθύοντας
3253 3413 3483 3486 παριὼν,
3518 3413 3818 3480 κατηγορεῖ
3845 3411 3964 3471 τοὺς

2397 3512 2662 3579 νήφοντας
2688 3507 3106 3580 ὼςλμεθύοντας.
3145 3526 3163 3557 ι
3193 3503 3602 3576 Παραστησάτω
3631 3501 3738 3572 γάρ
3761 3503 3837 3554 ὲκ
3861 3500 3963 3552 τῶν

2397 3601 2734 3669 γραμμάτων
2772 3593 2925 3669 (φέρ’
2959 3599 3166 3666 εἰπεῖν)
3194 3596 3428 3659 Παύλου,
3450 3597 3530 3648 ὅτι
3553 3593 3778 3663 ἐμέθυεν
3814 3594 3846 3644 ό
3876 3590 3964 3643 τοῦ

2413 3689 2586 3760 Ἰησοῦ
2625 3690 2942 3752 ἀπόστολος,
2978 3690 3070 3742 καὶ
3110 3690 3208 3742 οὐκ
3238 3685 3378 3758 ἦσαν
3409 3689 3459 3740 oi.
3497 3687 3641 3754 λόγοι
3673 3683 3844 3737 αὐτοῦ
3878 3683 3967 3754 νή-

2400 3796 2590 3847 φοντες
2619 3780 2692 3848 (3)
2713 3797 2728 3810 ο
2760 3780 2792 3848 ἢ
2820 3780 2878 3844 ἐξ
2908 3774 2983 3833 ὧν
3012 3779 3246 3847 ἔγραψεν
3291 3778 3563 3847 Ἰωάννης,
3592 3777 3671 3828 ὅτι
3705 3774 3832 3843 οὐχὶ
3862 3790 3965 3825 σω-

2400 3866 2717 3938 φρονοῦντος
2738 3869 2830 3920 καὶ
2859 3867 3273 3937 ἀπηλλαγμένου
3301 3866 3402 3935 τῆς
3426 3866 3534 3918 ἀπὸ
3567 3864 3762 3940 κακίας
3795 3861 3964 3932 μέθης

2400 3961 2523 4011 πνεῖ
2559 3957 2721 4010 αύτοῦ
2754 3957 2823 4009 τὰ
2860 3959 3124 4027 νοήματα.
3161 3957 3348 4019 Οὐδεὶς
3378 3953 3471 4009 οὖν
3511 3952 3826 4023 σωφρονῶν,
3876 3954 3963 4005 καὶ

2399 4049 2660 4102 διδάσκων
2688 4050 2780 4102 τὸν
2813 4047 3154 4119 Χριστιανῶν
3173 4049 3350 4116 λόγον,
3387 4045 3600 4116 μεθύειο
3627 4044 3738 4097 ἀλλ’
3774 4042 3964 4110 ἀφιλο-

2403 4140 2580 4208 σόφως
2634 4140 2764 4210 ήμῖν
2803 4136 3208 4209 λοιδορούμενος
3255 4136 3429 4190 ταῦτά
3459 4153 3620 4204 φησιν
3663 4136 3692 4187 ό
3734 4133 3963 4196 Κέλσος.

2401 4231 2562 4292 Τίνας
2585 4231 2641 4284 δὲ
2667 4232 2758 4284 καὶ
2778 4232 3041 4300 νήφοντας
3063 4228 3476 4300 κακηγοροῦμεν
3502 4231 3552 4280 oi
3576 4224 3966 4297 πρεσϐεύοντες

2398 4323 2466 4374 τὰ
2511 4321 2848 4392 Χριστιανῶν
2888 4321 3147 4391 δόγματα,
3185 4321 3390 4388 λεγέτω
3419 4322 3449 4372 ό
3489 4317 3711 4379 Κέλσος.
3757 4316 3965 4376 Πάντες

2399 4410 2508 4480 γὰρ
2537 4409 2657 4461 καθ’
2701 4411 2847 4479 ἡμᾶς
2883 4410 3168 4481 μεθύουσιν
3213 4410 3264 4460 οἱ
3308 4411 3420 4470 τοῖς
3458 4406 3685 4477 ἀψύχοις
3727 4407 3807 4468 ὡς
3849 4405 3965 4473 Θεῷ

2400 4499 2847 4571 προσλαλοῦντες.
2873 4501 2984 4554 Καὶ
3013 4501 3066 4552 τί
3106 4501 3249 4568 λέγω
3279 4499 3599 4570 μεθύουσιν;
3633 4497 3833 4566 μᾶλλον
3859 4499 3965 4567 γάρ

727 4573 947 4630 ebrias?
978 4573 1088 4626 luto
1120 4565 1552 4642 insaniuut‘qui,
1584 4581 1634 4630 iu
1663 4582 1858 4647 templa
1891 4594 2292 4646 procurrentes,

2404 4584 2728 4660 μεμήνασιν,
2761 4595 2839 4653 είς
2864 4595 2989 4654 τοὺς
3030 4591 3168 4655 νεὼς
3214 4593 3556 4654 σπεύδοντες,
3593 4591 3688 4642 καὶ
3718 4589 3798 4651 ὡς
3827 4589 3964 4650 θεοῖς

729 4673 949 4720 statuas
982 4668 1214 4719 adorant
1247 4679 1338 4719 aut
1363 4668 1621 4721 animalia
1654 4674 1805 4739 quasi
1837 4673 1906 4724 dii
1945 4684 2149 4725 essent.
2187 4674 2296 4729 Nec

615 4806 623 4815 ,
729 4759 951 4826 sapiunt
994 4761 1167 4828 magis
1213 4761 1311 4824 illi,
1346 4760 1440 4828 qui
1489 4765 1540 4812 in
1576 4765 1836 4815 honorem
1883 4776 2130 4815 verorum
2171 4767 2297 4818 deo-

731 4862 854 4900 rum
885 4865 1006 4902 esse
1034 4859 1227 4918 putant
1253 4851 1545 4905 simulacra
1579 4869 1608 4905 a
1634 4852 1750 4919 vili,
1775 4854 2045 4906 interdum
2077 4854 2242 4908 etiam
2265 4870 2295 4908 a

730 4937 1160 4993 sceleratissimo
1184 4942 1399 5006 artitice
1428 4941 1716 4994 fabricata.

805 5025 893 5080 77.
950 5028 1144 5084 Postea
1195 5031 1408 5084 confert
1456 5047 1580 5086 cum
1638 5031 1895 5101 lippiente
1929 5030 2209 5085 doctorem
2245 5041 2302 5084 et

730 5129 858 5170 cum
920 5105 1273 5192 lippientibus
1321 5123 1636 5188 auditores,
1689 5126 1872 5190 aitque
1923 5140 1942 5173 ‹
1986 5123 2298 5190 lippientem

731 5206 874 5273 apud
913 5207 994 5259 sui
1018 5203 1259 5272 'sitniles,
1297 5213 1571 5279 postulare
1603 5213 1867 5267 caecitatis
1894 5225 1988 5267 eos
2028 5211 2118 5279 qui
2145 5220 2301 5264 acute

731 5308 1037 5370 ceruuul.t
1077 5299 1308 5364 Quinam
1364 5305 1528 5371 igitur
1573 5306 1668 5358 alii
1720 5319 1867 5369 sunt,
1901 5324 1932 5357 υ
1963 5305 2162 5364 Crzeci,
2207 5304 2296 5371 qui

732 5389 892 5442 nobis
915 5404 1036 5440 esse
1071 5392 1198 5442 caeci
1234 5393 1544 5460 vidcantur,
1576 5398 1678 5450 nisi
1716 5400 1807 5466 qui
1843 5414 1904 5452 ex
1941 5407 2087 5449 tanta
2121 5411 2298 5447 rerum

806 5504 916 5572 (99)
963 5503 1241 5580 lloherello
1268 5511 1608 5563 scribendum
1639 5515 1870 5575 videtur,
1916 5510 2300 5580 φιλανθρωπό-

732 5590 870 5627 τατα
895 5575 987 5652 καὶ
1009 5575 1192 5652 ψυχῴν
1214 5578 1602 5652 ἐπιστρεπτικὰ
1636 5575 1943 5652 μαθήματα.

808 5645 886 5727 (ιι)
926 5645 1105 5696 Codex
1141 5645 1485 5713 Basileeusis,
1513 5645 1921 5720 θεραπεύωμεν.
1957 5652 2122 5716 Alias,
2151 5656 2303 5721 θερα-

734 5730 993 5784 πίνομεν,

812 5783 907 5851 (‘2')
952 5783 1286 5850 Χριστιανοὶ
1358 5783 1580 5851 ζῶντες.
1645 5788 1990 5844 Scrihenduut
2070 5793 2297 5850 videtur,

743 5854 1230 5917 Χριστιανίζοντες.
1281 5854 1448 5910 Paulo
1497 5869 1614 5926 post
1647 5862 1811 5913 coch
1869 5861 2206 5926 lissileensis,
2240 5863 2299 5914 ού

2397 4685 2509 4742 τοῖς
2537 4682 2839 4750 ἀγάλμασιν
2865 4683 2898 4752 ἢ
2928 4685 3039 4744 τοῖς
3065 4681 3223 4745 ζώοις
3247 4679 3695 4752 προσκυνοῦντες.
3728 4678 3847 4748 Οὐχ
3874 4675 3963 4746 ἧτ-

2397 4787 2488 4822 τον
2516 4766 2572 4823 δὲ
2603 4773 2804 4823 τούτων
2837 4772 3112 4841 μαίνονται
3144 4771 3238 4823 καὶ
3277 4773 3326 4822 ot
3358 4769 3664 4837 νομίζοντες
3693 4770 3774 4828 είς
3807 4767 3962 4834 τιμὴν

2400 4859 2534 4910 θεῶν
2562 4859 2825 4929 ἀληθινῶν
2856 4859 3282 4912 κατεσκευάσθαι
3307 4857 3376 4909 τά
3410 4858 3514 4908 ὑπὸ
3552 4853 3839 4924 βαναύσων
3875 4854 3963 4906 καὶ

2399 4949 2740 5016 φαυλοτάτων
2766 4950 2875 5002 ἔσθ’
2899 4952 2988 5002 ὅτε
3011 4947 3219 5018 ἀνδρῶν
3249 4945 3790 5014 κατασκευαζόμενα.

2468 5040 2620 5092 Μετά
2663 5039 2834 5092 ταῦτα
2876 5039 3108 5109 ἐξομοιοῖ
3149 5037 3240 5089 τὸν
3277 5036 3374 5106 μὲν
3412 5033 3724 5087 διδάσκοντα
3767 5031 3960 5101 ὀφθαλ-

2404 5129 2614 5198 μιῶντι,
2643 5133 2767 5194 τοὺς
2798 5131 2860 5198 δὲ
2895 5129 3261 5200 μανθάνοντας
3292 5123 3630 5195 όφθαλμιῶσι
3651 5140 3664 5153 ·
3698 5123 3794 5176 καί
3836 5138 3959 5192 φησι

2408 5237 2440 5270 ι.
2462 5218 2646 5272 τοῦτον
2671 5221 2762 5272 ἐπὶ
2792 5221 2895 5272 τῶν
2934 5216 3354 5287 ὀφθαλμιώντων
3395 5213 3664 5267 αἰτιᾶσθαι
3704 5214 3835 5275 τοὺς
3871 5211 3957 5276 ὀξὺ

2404 5309 2693 5376 βλέποντας
2712 5311 2785 5371 ὡς
2807 5327 2950 5378 πεπη
2960 5309 3248 5379 ρωμένους.
3278 5325 3297 5357 ι
3317 5306 3472 5368 Τίνες
3486 5300 3577 5357 οὖν
3596 5303 3848 5372 εἴποιμεν
3864 5301 3957 5369 (ό).

2405 5401 2678 5470 Ἕλληνες,
2735 5405 2803 5464 οἱ,
2846 5401 2963 5453 καθ’
3005 5403 3151 5470 ήμᾶς
3169 5400 3228 5452 ού
3267 5399 3569 5468 βλέποντες,
3599 5398 3631 5464 ἦ
3677 5399 3725 5448 οἱ
3771 5397 3834 5446 ὲκ
3869 5390 3957 5444 τοῦ

2404 5511 2813 5580 καταφεύγομεν
2876 5507 2986 5562 οὖν.
3040 5509 3220 5574 Alias,
3265 5511 3328 5561 ού
3380 5507 3486 5576 γάρ
3549 5504 3957 5571 καταφεύγομιν

2402 5600 2549 5718 oms-5}
2587 5649 2754 5704 Codd.
2790 5649 3016 5716 llegius.
3064 5647 3384 5702 Basileeusis
3430 5657 3480 5700 et
3531 5645 3636 5698 duo
3681 5637 3957 5695 Valle-nl.

2404 5724 2678 5789 νήφοντες,
2713 5723 2864 5796 alius.
2893 5722 3164 5796 νήφοντος.
3232 5789 3293 5796 __
3317 5791 3331 5796 Α
3355 5791 3370 5796 Δ
3602 5786 3612 5796 _

2474 5775 2549 5859 (ἰ)
2595 5775 2756 5854 τίνες
2783 5775 2893 5843 οὖν
2916 5775 3203 5859 εῖὲτςιμέν,
3231 5789 3536 5859 ’Ἑλλῃγζεᾳ
3563 5786 3636 5839 εί,
3667 5775 3961 5859 eierato

2405 5852 2709 5930 legendum,
2737 5852 2881 5922 τινες
2913 5856 3004 5911 οὖν
3023 5852 3170 5914 ἄλλοι
3199 5859 3316 5928 μὲν,
3343 5854 3619 5921 Ἕλληνες,
3643 5852 3715 5906 οι.
3748 5857 3858 5900 etc.
