4100 6318
215 510 358 571 κει

1417 501 1697 558 CONTRA
1733 500 2006 558 CELSUM
2042 502 2169 556 LIB.
2205 499 2289 556 ill.

3314 491 3447 546 ιοει

215 623 536 696 τηλικούτου
565 621 826 692 μεγέθους
845 622 953 673 τῶν
991 624 1047 672 ἐν
1079 617 1156 688 τῷ
1189 617 1376 688 κόσμῳ
1413 619 1506 670 καὶ
1533 619 1624 670 τοῦ
1660 619 1781 670 κάλ-

1893 619 2055 688 hojus
2096 615 2282 670 mundi
2333 611 2737 683 magniﬁcentia
2784 619 2839 665 et
2886 607 3290 680 pulchritudine
3340 623 3444 660 non

211 719 346 779 λους
371 717 480 770 τῶν
517 715 1007 787 δημιουργηματων
1050 715 1124 784 μὴ
1163 713 1444 782 δυνάμενοι
1487 709 1783 778 ἀναϐλέψαι

212 810 317 861 καὶ
366 807 657 877 θεωρῆσαι,
709 808 791 858 ὅτι
837 807 1158 874 προσκυνεῖν
1207 803 1300 856 καὶ
1349 799 1647 871 θαυμάζειν
1691 800 1784 852 καὶ

211 899 402 951 σέίὶειν
435 898 540 967 χρὴ
585 899 742 966 μόνον
777 895 866 948 τὸν
903 895 1070 947 ταῦτα
1108 894 1463 964 πεποιηκότα,
1501 893 1595 945 καὶ
1633 893 1784 945 οὐδὲν

211 988 328 1040 τῶν
342 990 480 1064 ,παρ’
500 987 802 1058 ἀνθρώποις
825 985 1402 1054 κατασκευαζομένων,
1431 985 1524 1037 καὶ⁵
1548 985 1626 1045 είς
1647 983 1786 1036 θεῶν

208 1077 386 1147 τιμὴν
411 1076 998 1147 παραλαμϐανομένων,
1029 1072 1373 1144 καθηκόντως
1403 1073 1467 1126 ἄν
1503 1089 1588 1134 τις
1613 1072 1782 1133 σέὸοι,

211 1167 330 1218 εῖτε
345 1167 511 1236 χωρὶς
529 1165 621 1217 τοῦ
643 1164 970 1236 δημιουργοῦ
997 1163 1132 1216 Θεοῦ
1156 1164 1264 1215 εἴτε
1285 1163 1378 1214 καὶ
1399 1163 1516 1231 μετ’
1539 1161 1783 1224 ἐκείνου;

211 1255 290 1306 τὶ
334 1254 442 1324 γαρ
483 1254 730 1323 οὐδαμῶς
786 1253 1049 1324 συγκριτὰ
1099 1252 1403 1321 συγκρίνειν
1452 1249 1530 1320 τῷ
1575 1249 1786 1318 ἀπείρῳ

215 1345 461 1416 ὑπεροχῇ
497 1345 810 1415 ὑπερέχοντι
846 1345 1023 1414 πάσης
1051 1343 1280 1411 γενητῆς
1326 1341 1534 1410 φύσεως
1571 1339 1785 1408 τυφλῶν

213 1437 320 1506 τὴν
340 1436 574 1488 διάνοιάν
599 1439 744 1488 ἐστιν
771 1435 949 1506 ἔργον.
976 1436 1090 1488 Οὐκ
1113 1432 1524 1504 όςθαλμιῶντας
1545 1426 1636 1484 οῦν
1658 1432 1786 1493 τοὺς

213 1528 316 1594 ὀξὺ
345 1527 636 1597 βλέποντας
673 1527 901 1597 λέγομεν
942 1524 1078 1580 εἶναι
1107 1527 1138 1597 ἢ
1172 1525 1624 1595 πεπηρωμένους,
1650 1522 1786 1576 ἀλλά

212 1621 348 1684 τοὺς
379 1617 824 1688 καλινδουμένους
851 1619 1042 1689 ἀγνοίᾳ
1066 1615 1200 1670 Θεοῦ
1227 1617 1320 1668 ἐπὶ
1351 1618 1479 1679 τοὺς
1511 1615 1666 1680 νεὼς,
1693 1617 1786 1669 καὶ

213 1712 291 1765 τὰ
317 1711 624 1780 ἀγάλματα,
649 1710 741 1762 καὶ
769 1711 866 1773 τὰς
901 1705 1198 1778 λεγομένας
1222 1708 1556 1780 ἱερομηνίας,
1586 1709 1786 1778 φάσκο-

217 1816 324 1866 μεν
353 1798 727 1870 τετυφλῶσθαι
748 1800 837 1850 τὸν
861 1795 984 1851 νοῦν
1003 1814 1019 1828 ο
1048 1800 1141 1852 καὶ
1165 1799 1420 1869 μάλιστα,
1448 1799 1536 1850 ὅτε
1559 1800 1694 1870 πρὸς
1719 1802 1783 1870 τῇ

212 1887 443 1960 ἀσεϐείᾳ
479 1890 573 1944 καὶ
595 1891 651 1942 ἐν
677 1889 930 1959 ἀσελγείᾳ
953 1889 1135 1954 ζῶσιν,
1167 1891 1196 1942 ὅ
1227 1891 1278 1942 τί
1305 1891 1422 1942 ποτ’
1460 1891 1607 1943 ἐστὶν
1643 1891 1784 1944 αἰδέ-

1889 718 2112 777 possunt
2153 707 2220 762 ad
2272 719 2458 759 earum
2494 704 2833 759 conditorem
2875 704 3124 758 attollere
3160 700 3350 756 oculos
3392 714 3446 753 et

1889 799 2196 868 perspicere
2240 797 2416 852 solum
2463 796 2610 849 illum
2652 809 2794 858 esse,
2827 795 2912 849 cui
2943 806 3284 863 prosternere
3313 807 3448 855 nos,

1888 906 2049 960 quem
2099 889 2384 953 admirari,
2437 904 2597 958 quem
2648 889 2829 944 colere
2877 895 3149 956 oporteat;
3203 894 3262 939 et
3313 883 3446 937 nihil

1888 998 2078 1038 eorum
2107 995 2228 1050 qua:
2253 982 2393 1047 apud
2426 981 2672 1035 homines
2703 980 2840 1034 ﬁunt
2877 991 2936 1033 et
2966 979 3031 1032 ad
3077 978 3280 1031 cultum
3315 977 3446 1028 deo-

1889 1092 2010 1130 rum
2036 1076 2388 1137 adhibentur,
2416 1073 2516 1124 rite
2539 1087 2697 1138 posse
2726 1073 2856 1135 coli,
2886 1073 2997 1125 sive
3021 1071 3138 1124 sine
3167 1069 3275 1122 Deo
3297 1082 3450 1122 crea-

1888 1176 2031 1230 tore,
2059 1167 2177 1220 sive
2211 1182 2336 1220 cum
2365 1166 2502 1220 illo?
2534 1163 2670 1218 Nam
2715 1177 3036 1231 comparare
3077 1178 3197 1216 cum
3231 1161 3322 1213 illo
3355 1159 3449 1220 qui

1890 1269 2140 1312 naturam
2189 1249 2422 1311 omnem.
2461 1268 2700 1310 creatam
2751 1256 3072 1308 immensum
3117 1260 3353 1320 superat,
3384 1265 3449 1304 ea

1888 1363 2009 1416 qua:
2039 1358 2310 1415 nequeunt
2336 1347 2665 1416 comparari,
2703 1346 2983 1398 hominum
3015 1352 3096 1396 est
3127 1340 3319 1394 meute'
3347 1355 3451 1392 cae.

1887 1441 2241 1495 cutieutium.
2276 1438 2392 1493 Non
2419 1454 2551 1508 ergo
2579 1439 2938 1499 criminamur
2962 1434 3276 1504 lippitudine
3304 1432 3453 1485 labo-

1889 1545 2014 1583 rare
2039 1537 2136 1581 aut
2169 1544 2344 1583 caecos
2366 1544 2509 1593 esse,
2537 1530 2631 1597 qui
2663 1539 2820 1581 acute
2850 1525 3061 1588 vident;
3099 1526 3192 1578 sed
3215 1525 3305 1592 qui
3357 1520 3450 1576 Dei

1856 1642 1858 1644 τ
1888 1617 2228 1686 ignoratione
2257 1618 2503 1686 templis,
2535 1616 2873 1680 simulacris,
2905 1614 3054 1668 testis
3077 1624 3221 1668 stato
3251 1624 3454 1664 mensis

1887 1709 1978 1763 die
2010 1710 2418 1764 recurrentibus
2447 1709 2656 1762 assidui
2693 1717 2843 1770 sunt,
2888 1704 2988 1759 hos
3017 1714 3196 1757 mente
3223 1703 3453 1755 dicimus

1892 1812 2195 1854 occaecatos
2231 1815 2390 1854 esse:
2424 1801 2726 1868 pratsertim
2759 1797 2803 1851 si
2841 1797 2912 1849 ad
2947 1795 3161 1848 illorum
3205 1793 3453 1860 impieta-

1891 1901 1996 1944 tem
2031 1891 2256 1945 accedat
2289 1893 2398 1944 vita
2448 1890 2764 1944 libidinibus
2792 1888 3028 1957 perdita,
3058 1897 3112 1940 et
3154 1886 3302 1938 nulla
3351 1885 3452 1938 lto-

214 1991 379 2047 σιμον
402 1979 559 2048 ἔργον
579 1979 711 2050 μηδὲ
727 1978 1035 2050 ζητοῦντες,
1055 1980 1190 2032 ἀλλὰ
1211 1981 1365 2035 πάντ’
1386 1981 1644 2052 αἰσχύνης
1660 1981 1781 2045 ἄξια

1887 1980 2112 2038 nestatis
2136 1981 2318 2035 habita
2359 1980 2570 2033 ratione
2598 1979 2775 2048 turpia
2801 1979 2982 2031 omnia
3011 1985 3325 2045 perpetrent

214 2069 570 2142 πράττοντες.

289 2161 442 2214 Μετά
464 2161 634 2214 ταῦτα
661 2161 878 2215 τοσαῦθ’
920 2163 1065 2233 ἡμᾶς
1098 2163 1480 2233 αἰτιασάμενος
1518 2163 1658 2216 θέλει
1684 2165 1782 2233 έμ-

213 2252 408 2322 φῆναι,
438 2254 519 2306 ὅτι
545 2254 639 2306 καὶ
666 2254 828 2324 ἕτερα
857 2254 993 2324 ἔχων
1026 2255 1222 2323 λέγειν,
1254 2257 1585 2327 παρασιωπᾷ
1624 2255 1781 2308 αὑτά.

217 2345 376 2414 ¹Ἔχει
401 2345 447 2396 δ’
475 2345 646 2408 οὕτως
674 2346 836 2398 αὑτοῦ
864 2349 897 2417 η
917 2346 1057 2412 λέξις
1091 2347 1186 2417 (5)⁶
1220 2366 1239 2397 ι
1269 2347 1456 2399 Ταῦτα
1477 2337 1576 2415 μὲν
1597 2344 1783 2398 αἰτιῶ-

217 2453 324 2506 μαι
368 2437 460 2489 καὶ
504 2437 571 2490 τε
612 2437 865 2501 τοιαῦτα,
896 2437 982 2490 ἵνα
1031 2437 1105 2508 μὴ
1144 2437 1300 2497 πάντ’
1341 2435 1657 2506 ἀπαριθμῶ,
1694 2435 1786 2486 καί

213 2544 362 2598 φημι
403 2527 736 2598 πλημμελεῖν
757 2529 952 2590 αὐτοὺς
987 2514 1384 2598 ὲπηρεάζοντας
1410 2529 1486 2588 εἰς
1514 2526 1604 2576 τὸν
1631 2525 1783 2590 Θεὸν,

213 2618 310 2672 ινα
366 2619 632 2689 πονηροὺς
685 2617 1001 2690 ἀνθρώπους
1047 2618 1360 2684 ὑπάγωνται
1415 2617 1642 2686 κούφαις
1680 2617 1784 2691 ,ἐλ-

213 2709 362 2772 τίσι,
391 2709 483 2761 καὶ
517 2709 892 2779 παραπείσωσι
928 2709 1337 2780 καταφρονῆσαι
1383 2710 1493 2762 τῶν
1543 2711 1773 2781 κρειττό-

213 2799 349 2862 vi",
390 2798 465 2861 ὼς
486 2837 502 2861 ,
558 2798 654 2851 ὲάν
717 2799 1022 2869 ἀπέχωνται
1071 2799 1281 2863 αὐτῶν,
1331 2800 1551 2869 ἄμεινον
1603 2802 1785 2864 αὐτοῖς

213 2887 391 2941 ἐσται.
421 2907 441 2939 ι
483 2889 590 2941 Καὶ
626 2889 761 2959 πρὸς
785 2890 954 2941 ταῦτα
980 2889 1037 2942 δὲ
1062 2890 1254 2958 λέγοιτ’
1293 2890 1358 2944 ἂν
1398 2891 1503 2943 ἀπὸ
1533 2892 1632 2961 τῆς
1656 2893 1784 2962 περὶ

214 2979 328 3033 τῶν
359 2980 803 3051 προσερχομένων
829 2980 903 3051 (6)
929 2981 1335 3051 Χριστιανισμῷ
1361 2983 1661 3053 ἐνεργείας,
1700 2985 1782 3036 ὃτι

214 3070 282 3124 οὐ
341 3071 479 3122 πάνυ
521 3088 574 3124 τι
623 3073 849 3141 πονηροὶ
895 3074 1191 3140 ὑπάγονται
1234 3072 1311 3143 τῷ
1351 3073 1514 3144 λόγῳ,
1563 3075 1688 3127 ὅσον
1733 3077 1783 3127 οἱ

213 3159 596 3232 ἁπλούστερα,
627 3162 719 3215 καὶ
751 3163 768 3223 ί
781 3163 856 3226 ὡς
883 3163 948 3216 ἂν
971 3166 1019 3215 οἱ
1061 3165 1242 3216 πολλοὶ
1270 3164 1613 3236 όνομάσαιεν)
1649 3183 1784 3236 κομ-

214 3252 331 3322 ψοί.
371 3247 528 3306 Οὗτοι
572 3254 684 3326 γὰρ
735 3255 882 3325 φόὸῳ
915 3254 993 3326 τῷ
1035 3257 1163 3326 περὶ
1209 3257 1316 3309 τῶν
1359 3257 1629 3313 κολάσεων
1673 3257 1782 3310 τῶν

1957 2157 2047 2212 78.
2091 2156 2221 2212 Post
2265 2155 2676 2210 criminationes
2729 2165 2838 2207 tam
2887 2164 3124 2217 atroces,
3167 2151 3344 2206 innuit
3393 2165 3457 2206 se

1888 2253 2044 2322 plura
2092 2253 2294 2306 habere
2339 2228 2462 2319 quae
2491 2250 2647 2301 nobis
2693 2247 2936 2316 obiiciat,
2987 2246 3082 2300 sed
3119 2245 3207 2300 illa
3236 2245 3455 2298 silentio

1869 2333 2328 2416 'pratermittere.
2376 2343 2466 2396 Sic
2500 2341 2682 2395 autem
2717 2340 2998 2407 loquitur:
3052 2358 3071 2390 ‹
3121 2343 3301 2407 Atque
3340 2338 3454 2392 hinc

1887 2448 2010 2493 sunt
2031 2453 2151 2506 quae
2180 2437 2287 2489 illis
2322 2432 2634 2504 objicienda
2667 2432 2817 2486 duxi.
2851 2433 3062 2486 Similia
3103 2432 3299 2485 afferre
3321 2445 3452 2500 pose

1887 2531 1988 2584 sim
2014 2547 2029 2583 :
2060 2530 2153 2584 sed
2193 2538 2251 2582 ut
2279 2543 2347 2587 ne
2375 2530 2558 2584 omnia
2585 2545 2899 2598 persequar,
2931 2527 3139 2581 ailirtno
3173 2526 3301 2579 illos
3350 2523 3455 2577 iui-

1887 2634 1993 2690 que
2021 2619 2202 2673 facere
2246 2629 2304 2672 et
2333 2620 2404 2674 in
2453 2621 2621 2675 Deum
2676 2621 2968 2689 injuriosos
3017 2634 3158 2681 esse,
3202 2631 3346 2681 cum,
3394 2623 3452 2668 ut

1889 2712 2060 2764 malos
2091 2712 2340 2764 homines
2369 2711 2618 2778 illiciant,
2645 2713 2762 2767 illos
2793 2729 2934 2767 vana
2965 2728 3058 2780 spe
3084 2711 3304 2772 lactant,
3335 2723 3452 2776 per-

1886 2803 2224 2869 suadeutque
2258 2812 2318 2854 ut
2347 2803 2485 2857 bona
2520 2803 2845 2872 despiciant,
2871 2802 3023 2867 quasi
3060 2801 3167 2853 illis
3215 2798 3454 2849 dimissis

1887 2892 2271 2962 praestantiora
2324 2873 2692 2962 consecuturi.
2731 2910 2750 2942 ι
2778 2892 2857 2944 Ad
2887 2891 3000 2941 Iuec
3042 2885 3453 2953 respondebitur

1886 2960 2084 3039 virtute
2117 2985 2226 3050 illa,
2259 2960 2640 3053 qualndtnines
2664 2983 2730 3032 ad
2754 2979 3065 3047 religionem
3089 2973 3453 3028 Christianam

1888 3077 2129 3140 adducit,
2163 3045 2531 3128 non-omnino
2559 3080 2667 3124 tam
2707 3045 2880 3124 facile
2901 3066 3213 3135 persuaderi
3253 3066 3456 3131 impro-

1888 3164 2005 3231 bos,
2037 3179 2200 3232 quam
2227 3161 2587 3229 simpliciores
2616 3167 2690 3221 et,
2727 3168 2785 3210 ut
2813 3157 2885 3209 ita
2933 3155 3143 3222 loquar,
3186 3155 3454 3207 subrusti-

1885 3270 1998 3308 cos.
2061 3253 2120 3306 Hi
2166 3253 2309 3306 enim
2349 3251 2764 3320 suppliciorum,
2823 3264 2941 3317 qua:
2983 3249 3227 3302 doctrina
3267 3257 3452 3302 nostra

213 3324 726 3414 ἀπαγγελλομένων,
749 3324 982 3398 κινοῦντι
1003 3324 1197 3408 αὐτοὺς
1219 3349 1312 3399 καὶ
1329 3349 1684 3418 προτρέποντι
1706 3348 1780 3418 (7)

1886 3345 2190 3407 minitatur,
2247 3354 2390 3397 metu
2438 3354 2689 3396 movente
2747 3342 2897 3409 ipsos
2947 3351 3002 3393 et
3049 3340 3334 3394 inducente
3384 3343 3453 3392 ad

215 3434 315 3487 ἐπὶ
343 3435 405 3486 τὸ
433 3434 725 3504 ἀπέχεσθαι
749 3437 972 3500 τούτων,
1011 3439 1079 3490 δι’
1101 3438 1137 3491 ἃ
1162 3441 1216 3490 αί
1253 3439 1522 3503 κολάσεις,
1554 3440 1786 3510 πειρῶν-

213 3540 307 3577 ται
346 3523 635 3576 ἐπιδιδόναι
674 3525 897 3590 ἑαυτοὺς
927 3529 993 3596 τῇ
1026 3527 1165 3578 κατὰ
1199 3528 1626 3597 ,Χριστιανισμὺν
1670 3528 1787 3579 θεο-

216 3614 406 3685 σεϐείᾳ
422 3631 436 3644 ·
461 3616 552 3668 ἐπὶ
574 3616 825 3674 τοσοῦτον
855 3618 960 3670 ὑπὸ
979 3618 1074 3671 τοῦ
1097 3619 1258 3687 λόγου
1300 3619 1680 3690 κρατούμενοι,
1710 3621 1785 3682 ὼς

214 3705 370 3777 φόϐῳ
408 3707 517 3760 τῶν
560 3707 704 3761 κατά
752 3711 845 3763 τὸν
889 3710 1044 3779 λόγον
1087 3713 1499 3782 ὀνομαζομένων
1554 3713 1786 3766 αἰωνίων

211 3797 510 3862 κολάσεων,
556 3799 737 3869 πάσης
772 3801 872 3871 τῆς
914 3803 1043 3873 παρ’
1089 3802 1391 3873 ἀνθρώποις
1442 3805 1560 3858 κατ’
1607 3805 1784 3857 αὐτῶν

213 3890 602 3962 ἑπινοουμένης
626 3891 700 3962 (8)
753 3893 985 3962 βασάνου
1031 3897 1124 3947 καὶ
1171 3896 1307 3965 μετὰ
1360 3897 1568 3967 μυρίων
1605 3897 1783 3950 πόνων

213 3981 450 4036 θανάτου
481 3987 858 4053 καταφρονεῖν,
911 3986 1048 4056 ὅπερ
1087 3985 1261 4049 οὐδεὶς
1308 3987 1375 4040 ἂν
1415 3989 1524 4040 τῶν
1562 3985 1620 4041 εὖ
1656 4005 1785 4060 φρο-

209 4070 450 4122 νούντων
503 4072 669 4141 φήσαι
713 4072 963 4143 πονηρῶν
1006 4075 1375 4144 προαιρέσεων
1414 4075 1574 4145 ἔργον
1625 4073 1780 4127 εἶναι.

212 4160 343 4223 Πῶς
387 4160 436 4214 δ⁴
483 4161 591 4214 ἀπὸ
635 4164 1004 4233 προαιρέσεως
1051 4167 1291 4234 πονηρᾶς
1346 4167 1638 4235 ἐγκράτεια
1690 4167 1782 4218 καὶ

211 4251 535 4320 σωφροσύνη
567 4253 835 4314 ἀσκεῖται,
873 4253 906 4322 ἢ
946 4253 1006 4304 τὸ
1039 4255 1386 4321 μεταδοτικὸν
1421 4256 1514 4306 καὶ
1537 4271 1781 4307 κοινωνι-

211 4339 348 4404 κόνς
403 4339 541 4392 Ἀλλ’
577 4341 691 4392 οὐδ’
717 4343 748 4392 ό
787 4343 922 4410 πρὸς
961 4344 1022 4394 τὸ
1069 4343 1220 4394 Θεῖον
1261 4344 1440 4411 φόϐος,
1486 4346 1570 4412 ἐφ’
1607 4345 1667 4396 ὃν
1709 4346 1783 4405 ὡς

209 4433 482 4503 χρήσιμον
506 4434 616 4494 τοῖς
657 4431 868 4494 πολλοῖς
896 4433 1210 4508 παρακμλεῖ
1261 4436 1285 4485 ὁ
1329 4434 1482 4502 λόγος
1523 4437 1648 4498 τοὺς
1689 4454 1785 4506 μη-

206 4523 362 4578 δέπω
399 4523 726 4592 δυναμένους
768 4525 830 4577 τὸ
858 4526 928 4577 δι’
965 4525 1097 4577 αὐτὸ
1142 4527 1356 4594 αἱρετὸν
1401 4526 1636 4594 βλέπειν,
1689 4530 1782 4580 καὶ

207 4612 480 4684 αἱρεῖσθαι
507 4613 657 4676 αὐτὸ,
681 4614 757 4676 ὠς
783 4614 1036 4684 μέγιστον
1062 4615 1284 4682 ἀγαθὸν,
1323 4615 1414 4668 καὶ
1438 4617 1578 4685 ὑπὲρ
1604 4620 1780 4670 πᾶσαν

205 4705 574 4772 ἐπαγγελίαν
618 4705 677 4770 ἐξ
713 4699 788 4758 ὧν
825 4707 885 4758 οὐ
927 4705 1083 4759 τοῦτο
1104 4707 1181 4776 τῷ
1215 4705 1358 4759 κατά
1399 4707 1661 4778 πονηρίαν
1698 4712 1780 4761 αἱ-

210 4796 462 4866 ρουμένῳ
488 4796 584 4866 ζῇν
608 4797 921 4863 ἐγγενέσθαι
955 4798 1217 4865 πέφυκεν.

292 4889 420 4941 Ἐἀν
464 4889 518 4940 δέ
559 4906 643 4952 τις
691 4891 748 4940 ἐν
789 4889 995 4952 τούτοις
1036 4889 1452 4958 δεισιδαιμονίαν
1502 4887 1699 4957 μᾶλλον
1740 4890 1772 4958 ἢ

205 4979 472 5048 πονηρίαν
501 4981 625 5048 περὶ
649 4981 774 5043 τοὺς
793 4980 1014 5043 πολλοὺς
1034 4981 1142 5034 τῶν
1163 4981 1515 5032 πιστευόντων
1533 4979 1610 5049 τῷ
1636 4981 1776 5050 λόγῳ

204 5063 351 5120 εἶναι
407 5067 758 5140 φαντάζηται,
811 5074 904 5124 καὶ
955 5073 1156 5142 ἐγκαλῇ
1239 5075 1314 5135 ὡς
1379 5073 1776 5142 δεισιδαίμονας

204 5157 451 5210 ποιοῦντι
493 5159 571 5228 τῷ
600 5159 742 5232 λόγῳ
784 5163 956 5232 ἡμῶν
1004 5165 1244 5232 φήσομεν
1286 5163 1420 5232 πρὸς
1463 5162 1642 5222 αὐτὸν,
1672 5163 1774 5222 ὅτι,

201 5249 399 5319 ὥσπερ
426 5250 576 5317 ἔλεγέ
611 5269 696 5315 τις
721 5254 827 5306 τῶν
866 5255 1163 5324 νομοθετῶν
1194 5255 1269 5325 (9)
1319 5255 1453 5324 πρὸς
1493 5254 1776 5323 ἐρωτῶντα

279 5498 358 5566 (5)
401 5497 595 5562 Λέξις.
643 5496 980 5552 Hmscltelitts
1030 5502 1081 5552 in
1138 5511 1320 5560 textu,
1373 5503 1545 5564 τάξις.
1599 5504 1767 5557 Paulo

201 5577 515 5642 post-uitiis,
544 5569 696 5620 πάντ’
729 5569 1040 5642 ἀπαρ-ιθμῶ.
1059 5571 1238 5642 Alius,
1281 5572 1435 5623 πάντ’
1459 5572 1692 5642 ἀριθμῶ.

281 5637 360 5702 (ὕ)
398 5633 591 5711 _Guieto
641 5633 979 5711 scribendum
1021 5641 1252 5711 videtur,
1281 5643 1408 5711 περί
1439 5633 1562 5702 τοὶς
1591 5633 1765 5711 ’προσ-

198 5705 556 5778 ερχομένιδυς,
605 5719 653 5759 et
704 5708 862 5778 paulo
899 5717 1042 5773 post,
1083 5710 1316 5777 ἄκομψοι
1351 5705 1443 5777 pro
1472 5705 1690 5778 κομψοί.

279 5775 357 5835 (7)
401 5777 735 5830 stchelius
785 5777 836 5828 in
889 5787 1068 5845 textu,
1105 5775 1378 5842 κινοῦντος
1433 5775 1629 5842 αὐτοὺς
1677 5783 1766 5833 καὶ

201 5845 641 5916 εροτρέποντος,
701 5862 820 5916 qua:
878 5845 1073 5916 Guieto
1131 5850 1372 5901 addititia
1426 5852 1763 5902 videbantur.

204 5907 376 5967 rsum
409 5913 544 5968 intra
581 5907 768 5970 omnes
800 5934 950 5982 mss,
983 5915 1086 5969 ὑπὸ
1116 5916 1208 5968 τοῦ
1256 5919 1411 5985 λόγου
1462 5921 1762 5990 κρατούμε-

1890 3438 2272 3491 abstinendum
2324 3437 2411 3501 iis,
2446 3435 2645 3504 quibus
2693 3435 2961 3487 destinata
3003 3433 3260 3501 supplicia
3301 3442 3451 3492 sunt,

1885 3537 2185 3597 properant
2233 3544 2293 3581 se
2353 3526 2795 3581 Christianorum
2848 3524 3088 3593 religioni
3143 3525 3454 3586 devovere;

1888 3634 2057 3689 usque
2087 3619 2222 3674 adeo
2245 3628 2430 3670 nostra
2465 3619 2708 3671 doctrina
2735 3617 2887 3676 victi,
2915 3625 2994 3677 ut,
3035 3628 3230 3681 pmuas
3267 3613 3453 3674 veriti,

1886 3725 2023 3778 quas
2045 3709 2278 3764 azternas
2300 3707 2468 3779 499
2495 3717 2677 3770 vocat,
2708 3707 2889 3758 omnia
2941 3715 3207 3756 tormenta
3253 3707 3320 3756 ab
3352 3703 3450 3756 Ito-

1889 3801 2128 3855 minibus
2165 3811 2353 3852 contra
2409 3801 2556 3866 ipsos
2601 3797 2930 3858 excogitata,
2980 3809 3251 3846 mrumnas
3293 3794 3450 3846 innu-

1886 3908 2084 3955 meras,
2129 3901 2358 3943 mortem
2413 3891 2582 3956 ipsam
2631 3895 2982 3940 contemnere
3037 3901 3141 3936 non
3183 3885 3449 3943 dubitent.

1886 3983 1999 4036 Hoc
2024 3993 2204 4034 autem
2249 3997 2407 4033 nemo
2443 3994 2588 4031 sanae
2624 3979 2821 4030 mentis
2855 3978 3053 4030 dixerit
3095 3976 3145 4028 in
3187 3991 3453 4044 perversa:

1887 4077 2176 4129 voluntatis
2203 4074 2448 4126 homines
2477 4080 2804 4136 competere.
2836 4069 2971 4122 Num
3010 4072 3152 4123 enim
3173 4085 3448 4138 ,perversa

1885 4165 2137 4218 voluntas
2175 4165 2353 4218 studet
2405 4161 2797 4230 temperantiae,
2848 4161 3169 4227 sobrietati,
3210 4161 3452 4214 liberali-

1885 4257 2005 4318 tati,
2042 4253 2458 4310 betteﬁcctttim?
2506 4252 2562 4304 In
2609 4266 2728 4304 eam
2777 4267 2842 4303 ne
2873 4251 2967 4304 Dei
3024 4253 3186 4305 timor
3233 4254 3449 4319 quidem

1884 4347 2050 4408 cadit,
2074 4347 2140 4400 ad
2169 4361 2328 4412 quem
2355 4345 2606 4397 timorem
2637 4351 2816 4395 tamen
2845 4353 3026 4397 nostra
3060 4346 3300 4398 doctrina
3326 4347 3451 4398 hor-

1886 4445 2030 4489 tatur
2060 4445 2117 4488 ut
2147 4437 2329 4488 utilem
2363 4435 2567 4498 multis,
2599 4435 2689 4502 qui
2717 4435 2952 4494 nondum
3021 4434 3098 4497 id,
3135 4438 3279 4505 quod
3324 4452 3449 4504 pro-

1884 4537 2002 4594 pter
2052 4542 2110 4580 se
2135 4527 2493 4596 expetendum
2515 4535 2620 4588 est,
2659 4536 2752 4580 aut
2784 4527 3048 4596 dispicere
3084 4537 3326 4595 possunt,
3357 4539 3449 4580 aut

1884 4619 2082 4682 eligere
2129 4628 2188 4670 ut
2233 4633 2506 4670 summqu
2543 4618 2745 4671 bonum
2791 4628 2847 4671 et
2896 4617 3044 4670 omni
3092 4619 3446 4684 promissione

1887 4709 2096 4776 majus;
2149 4710 2292 4777 quod
2353 4710 2544 4762 borum
2597 4711 2794 4764 nemini
2839 4710 3085 4764 accidere
3116 4719 3315 4776 potest,
3354 4710 3448 4778 qui

1887 4799 2142 4866 nequiter
2173 4800 2354 4852 vivere
2377 4801 2742 4869 proposuerit.

1953 4892 2042 4946 79.
2079 4891 2407 4960 Cogitavcrit
2443 4893 2673 4946 fortasse
2715 4892 2982 4958 quispiam
3023 4892 3075 4944 in
3113 4892 3200 4944 his
3233 4893 3440 4944 nostris

1885 4983 2145 5035 institutis
2180 4999 2282 5036 non
2318 4985 2617 5050 nequitiam
2655 4982 2895 5050 quidem,
2925 4981 3016 5034 sed
3046 4991 3221 5034 tamen
3251 4997 3445 5050 Super-

1884 5073 2158 5124 stitionem
2181 5087 2323 5132 esse,
2358 5074 2590 5141 hincque
2617 5072 2878 5125 docu'ime
2913 5083 3113 5124 nostra:
3144 5073 3271 5127 vitio
3298 5075 3446 5126 dabit

1882 5164 2023 5231 quod
2077 5164 2482 5230 superstitiosos
2517 5163 2696 5214 facint.
2737 5162 3228 5229 Respomlebimus,
3257 5180 3447 5232 quem-

1882 5255 2170 5307 admodum
2222 5255 2441 5320 quidam
2481 5268 2546 5306 ex
2617 5253 3014 5320 legislatoribus
3063 5257 3439 5325 interroganti,

1875 5527 1972 5561 νοι.
2008 5509 2163 5591 tum.
2206 5510 2398 5591 excusi
2445 5511 2496 5563 in
2542 5517 2690 5563 textu
2726 5510 2958 5573 habent,
2998 5508 3102 5560 ὑπὸ
3141 5503 3235 5558 τοῦ
3280 5502 3438 5571 λόγου

1875 5586 2213 5646 κινούμενοι.ῖ

1944 5642 2373 5714 (Milo-schelius
2392 5649 2442 5699 in
2467 5658 2637 5711 textu,
2655 5648 3071 5715 ἐπινοουμένοις.
3100 5645 3234 5698 Infra
3259 5642 3400 5695 idem
3421 5682 3432 5697 .

1871 5718 1927 5782 ἐξ
1960 5715 2032 5769 ων
2061 5715 2125 5770 αὖ
2155 5719 2312 5771 τοῦτο
2339 5717 2415 5786 τῷ
2441 5718 2599 5781 κατά,
2628 5731 2758 5780 elc.,
2790 5719 2946 5768 male.

1941 5791 2014 5856 (9)
2040 5788 2160 5841 Τῶν
2178 5779 2528 5856 νομοθέτῶν.
2561 5779 2633 5841 Ita
2667 5779 2808 5840 recte
2834 5787 3052 5856 outuitto
3077 5782 3235 5856 habet
3265 5779 3420 5833 code)

1870 5849 2108 5914 Jol‘ta'uus
2140 5849 2376 5915 secunda
2405 5875 2585 5914 manu.
2619 5859 2785 5925 Alias,
2818 5855 2907 5907 τὸν
2941 5849 3256 5919 νομοθέτην.
