4056 6310
178 395 323 453 1029

1331 394 1604 449 CONTRA
1633 391 2071 463 censuque.
2104 392 2191 447 ιν.

3258 398 3392 453 W50

176 514 572 585 συγγράμματι
612 510 773 563 αὑτοῦ
814 509 1092 579 οἰκοδομῆς
1125 509 1475 579 παραπλήσια
1506 511 1726 579 τῇ“οἰκο-

1838 521 2001 576 opere
2022 507 2344 570 construxit,
2380 508 2525 562 haud
2552 508 2811 566 dissimile
2835 511 3063 565 aedilicio
3084 527 3269 565 eorum
3294 515 3386 579 qui

172 604 319 673 δομῇ
343 603 449 654 τῶν
472 602 729 654 εἰπόντων
756 617 768 631 ·
800 619 819 650 ι
848 600 1033 659 Δεῦτε,
1063 600 1735 680 οἰκοδομήσωμενέαυτοϊς

174 692 338 744 πόλιν
372 692 463 744 καὶ
496 690 720 761 πύργον,
747 682 806 742 οὗ
840 691 873 760 ὴ
901 688 1292 757 κεφαλὴ⁹ἒσται
1317 688 1420 750 ἔως
1450 687 1542 739 τοῦ
1569 688 1732 757 οὐρα-

174 782 272 838 νοῦ
291 799 304 810 ·
334 802 353 831 ι
372 780 507 834 ἀλλά
524 780 617 833 καὶ
638 779 903 851 χρῄζομεν
924 779 1110 848 σοφίας
1136 798 1153 831 ι
1181 779 1542 849 κατασπώσης
1564 779 1737 831 πάντα

174 871 249 925 τὰ
270 872 601 941 ὲπαιρόμενα
619 871 757 922 κατὰ
780 870 877 937 τῆς
895 868 1141 937 γνώσεως
1154 869 1246 921 τοῦ
1266 869 1397 920 Θεοῦ
1416 868 1697 938 ὑψώματα,
1711 887 1729 919 ι

174 962 274 1013 καὶ
304 960 363 1012 τὸ
388 960 591 1012 Κέλσου
614 959 965 1029 ἐπαιρόμενον
986 958 1108 1011 καθ’
1132 959 1285 1027 ἡμῶν
1304 958 1401 1027 τῆς
1422 958 1735 1021 ἀλαζονείας

173 1048 400 1118 ὕψωμα.
448 1044 559 1099 Εἶτ’
601 1049 719 1099 ἐπεὶ
760 1048 837 1115 μὴ
868 1046 972 1116 χρὴ
1016 1046 1337 1113 καταλήγειν
1366 1046 1511 1113 ἡμᾶς
1555 1044 1645 1095 ἐπὶ
1672 1045 1735 1096 ’τὸ

172 1137 428 1209 ὲκριζοῦν
468 1126 977 1190 καὶκατασκάπτειν
1007 1137 1073 1188 τὰ
1100 1136 1484 1205 προειρημένα,
1516 1134 1629 1187 ἀλλ’
1658 1137 1736 1196 είς

176 1228 281 1297 μὲν
308 1228 406 1297 τὴν
436 1227 613 1297 χώραν
644 1226 749 1277 τῶν
795 1224 1191 1296 ὲκριζωθέντων
1219 1224 1607 1292 καταφυτεύειν
1634 1242 1733 1291 φυ-

172 1317 329 1368 τείαν
361 1334 377 1364 ι
406 1315 497 1367 τοῦ
530 1314 669 1366 κατά
692 1314 820 1365 Θεὸν
850 1313 1135 1383 γεωργίου,
1181 1333 1199 1362 ›
1234 1315 1311 1376 είς
1337 1313 1393 1364 δὲ
1437 1314 1527 1365 τὸν
1572 1314 1734 1365 τόπον

171 1406 285 1456 τῶν
325 1405 778 1472 κατασκαφέντων
810 1404 1105 1472 οἰκοδομεῖν
1152 1402 1284 1454 Θεοῦ
1336 1402 1617 1472 οἰκοδομὴν
1641 1403 1735 1455 καὶ⁵

173 1496 307 1563 ναὸν
322 1495 477 1564 δόξης
497 1495 629 1547 Θεοῦ
647 1513 658 1525 ⁸
682 1493 768 1545 διὰ
798 1493 973 1555 τοῦτο,
1002 1493 1092 1545 καὶ
1118 1495 1248 1562 ἡμῖν
1278 1493 1493 1545 εὐκτέον
1518 1494 1632 1545 ἐστὶ
1655 1493 1733 1563 τῷ

170 1586 429 1639 δεδωκότι
452 1586 640 1656 Κυρίῳ
669 1584 736 1637 τὰ
766 1586 823 1637 ἐν
848 1584 925 1653 τῷ
964 1584 1198 1655 Ἱερεμίᾳ
1228 1585 1581 1655 γεγραμμένα
1602 1624 1616 1645 ,
1647 1586 1733 1637 ἵνα

174 1678 271 1730 καὶ
303 1678 434 1746 ἡμῖν
584 1675 771 1743 λόγους
812 1676 905 1727 καὶ
931 1675 1066 1745 πρὸς
1095 1676 1153 1727 τὺ
1195 1676 1491 1745 οἰκοδομεῖν
1538 1676 1605 1728 τ“ἀ
1638 1675 1731 1728 τοῦ

172 1766 433 1836 Χριστοῦ,
452 1766 545 1817 καὶ
558 1764 946 1832 καταφυτεύειν
960 1768 1049 1819 τὸν
1068 1768 1426 1836 πνευματικὸν
1442 1768 1621 1836 νόμον,
1639 1766 1733 1819 καὶ

150 828 172 892 )

1836 598 2120 651 dicebant:
2168 616 2187 649 ι
2224 596 2435 663 Venite,
2497 598 2757 653 faciamus
2811 602 2963 653 nobis
3001 602 3279 656 civitatem
3331 612 3389 656 et

1836 688 2049 751 turrim,
2076 686 2227 755 cujus
2254 687 2465 741 culmen
2490 690 2755 756 pertingat
2780 691 2845 743 ad
2873 691 3066 743 malum
3091 691 3157 744 ".
3189 712 3209 743 ι
3241 692 3389 761 Opus

1835 777 2094 830 habemus
2123 778 2410 845 sapientia,
2441 795 2558 846 quze
2597 799 2615 829 ι
2656 782 2925 846 disperdat
2958 794 3113 833 »ευῐιι
3133 797 3388 836 «omnem

1833 866 2170 919 altitudinem
2232 869 2589 921 extollentem
2653 886 2711 922 se
2771 873 3033 928 adversus
3109 875 3391 927 scientiam

1833 956 1927 1010 Dei
1955 958 2025 1021 ³⁵,
2063 975 2082 1007 ι
2126 966 2237 1009 tum
2267 960 2597 1025 arrogantia:
2629 961 3126 1030 altitudinem,‘qua
3176 980 3235 1017 se
3268 964 3392 1015 Cel-

1833 1064 1925 1103 sus
1958 1056 2148 1101 contra
2190 1062 2290 1101 nos
2320 1050 2552 1102 extollit.
2622 1050 2726 1104 Sed
2757 1066 2945 1118 parum
2971 1054 3132 1108 fuerit
3161 1053 3393 1107 evellere
3454 1078 3457 1081 -

1833 1149 1883 1191 et
1915 1139 2241 1201 destruere;
2274 1148 2486 1205 oportet
2522 1141 2640 1193 Inoo
2669 1157 2855 1195 eorum
2883 1184 2899 1205 ,
2946 1160 3065 1212 quae
3116 1146 3389 1198 eradicata

1837 1226 2059 1286 fuerint.
2092 1227 2193 1279 alia
2228 1242 2415 1280 serere
2442 1245 2562 1296 qna-
2591 1250 2609 1281 ε
2644 1230 2734 1285 Dei
2769 1233 3108 1302 agricultura:
3140 1252 3159 1284 ι
3189 1249 3390 1289 conve-

1835 1318 1989 1371 niant
2036 1320 2103 1381 ”,
2138 1330 2191 1371 et
2223 1319 2617 1372 destructorum
2671 1323 2795 1374 loco
2845 1323 2941 1376 Dei
2994 1325 3282 1377 aulilicium
3337 1335 3395 1379 et

1835 1408 2085 1475 templum
2114 1409 2297 1477 gloriae
2330 1407 2421 1460 Dei
2450 1420 2790 1465 construere.
2821 1412 3085 1487 Quocirca
3118 1417 3395 1483 rogandus

1833 1512 1915 1555 est
1947 1501 2222 1562 Dominus,
2254 1515 2440 1553 eorum
2469 1515 2587 1566 quae
2619 1502 2671 1553 in
2699 1502 2930 1557 Jeremia
2984 1519 3390 1569 memorantur,

1832 1591 2074 1660 largitor,
2103 1601 2161 1643 ut
2183 1602 2236 1643 et
2255 1590 2406 1643 nobis
2434 1591 2524 1644 det
2548 1606 2610 1643 ea
2635 1591 2800 1659 loqui,
2827 1594 3024 1661 quibus
3048 1611 3165 1662 qua:
3191 1596 3390 1649 Clu-isti

1832 1696 1958 1735 sont
1981 1681 2269 1745 aediﬁcare,
2302 1680 2710 1749 spiritalemque
2732 1683 2900 1749 legem
2930 1693 2985 1737 et
3014 1683 3293 1739 referenda
3324 1689 3390 1741 ad

1834 1771 1978 1824 illam
2005 1771 2316 1838 prophetica
2347 1771 2566 1824 oracula
2590 1788 2775 1826 serere
2796 1774 3090 1829 valeamus.
3115 1774 3240 1831 Haec
3262 1794 3391 1832 vero

169 1860 301 1921 τοὺς
319 1858 574 1923 ἀνάλογον
599 1857 743 1927 αὐτῷ
766 1860 1129 1928 προφητικοὺς
1144 1858 1349 1925 λόγους.
1372 1859 1479 1910 Καὶ
1504 1858 1726 1928 μάλιστα

1838 1860 2049 1913 oracula
2086 1875 2229 1913 nunc
2275 1862 2513 1913 maxime
2546 1864 2833 1917 ostendere
2883 1878 3021 1933 Opus
3048 1876 3134 1919 est
3163 1869 3388 1936 pulchre

172 1950 334 2017 χρεία
361 1950 489 2017 ἡμῖν
520 1949 655 2019 πρὸς
696 1949 763 2001 τὰ
809 1948 903 2001 νῦν
930 1949 1054 2018 ἑξῆς
1082 1952 1191 2011 τοῖς
1216 1950 1626 2020 προειρημένοις
1652 1952 1730 2021 τῷ

173 2036 372 2107 Κέλσῳ
393 2040 658 2109 λεγόμενα
681 2041 1192 2103 κατασκευάσαι,δτι
1209 2040 1383 2103 καλῶς
1406 2041 1472 2094 τὰ
1492 2041 1617 2111 περὶ
1635 2040 1729 2093 τοῦ

174 2128 417 2199 Χριστοῦ
456 2131 911 2201 πεπροφήτευται.
944 2132 1092 2200 Ἀμα
1113 2130 1218 2201 γὰρ
1242 2131 1377 2201 πρὸς
1394 2131 1729 2202 ἀμφοτέρους

174 2220 463 2287 ιστάμενος
489 2222 517 2271 ὀ
544 2220 764 2283 Κέλσος,
806 2220 1086 2282 Ἰουδαίους
1138 2222 1235 2289 μὲν
1266 2222 1618 2291 ἀρνουμένους
1641 2238 1733 2288 γε·-

171 2309 388 2377 γονέναι
419 2310 515 2380 τὴν
542 2309 774 2380 Χριστοῦ
799 2310 1107 2399 ὲπιδημίανν
1157 2310 1467 2373 ἐλπίζοντας
1495 2312 1539 2363 δ’
1564 2310 1729 2380 αὐτὴν

170 2398 426 2473 εσεσθαι,
472 2400 821 2470 Χριστιανοὺς
867 2400 923 2452 δὲ
968 2398 1356 2469 ὁμολογοῦντας
1398 2402 1488 2453 τὸν
1528 2400 1729 2469 Ἰησοῦν

172 2486 316 2541 εἶναι
348 2489 437 2539 τὸν
466 2490 902 2561 πφφητευθέντα
926 2490 1175 2562 Χριστὸν,
1205 2492 1397 2562 φησίν·

290 2593 309 2623 ι
350 2576 468 2626 Ὀτι
516 2577 571 2627 δὲ
600 2578 691 2628 καὶ
714 2578 1048 2647 Χριστιανῶν
1074 2594 1216 2640 τινες
1245 2580 1338 2630 καὶ
1379 2579 1644 2639 Ἰουδαῖοι,
1677 2579 1728 2630 οί

177 2665 281 2732 μὲν
310 2665 731 2735 καταϐεϐηκέναι
776 2668 937 2734 φασὶν
965 2667 1113 2736 (Ξὸ),
1143 2669 1193 2720 οἱ
1222 2668 1277 2721 δὲ
1330 2668 1728 2738 καταϐήσεσθαι

173 2757 257 2815 είς
284 2755 381 2823 τὴν
408 2756 508 2823 γῆν
533 2773 651 2807 τινα
693 2757 823 2809 Θεὸν
846 2758 878 2828 ἢ
910 2758 1040 2810 Θεοῦ
1088 2756 1217 2811 Υίὺν
1245 2759 1351 2811 τῶν
1374 2760 1497 2829 τῇδε
1523 2760 1731 2813 δικαιω-

1833 1950 1901 2003 de
1931 1950 2145 2004 Christo
2176 1949 2333 2025 edita
2355 1950 2541 2011 fuisse.
2566 1963 2625 2005 ut
2656 1967 2775 2020 qua:
2803 1954 3053 2023 deinceps
3085 1957 3271 2010 Celsus
3293 1960 3391 2014 oh-

1826 2039 1946 2109 jicit
1972 2039 2290 2093 refutentur.
2320 2037 2588 2108 Utrosque
2609 2043 2753 2095 enim
2778 2046 3071 2114 impugnat,
3087 2046 3386 2115 etJudzeos,

1832 2129 1925 2196 qui
1951 2128 2225 2182 Christum
2254 2129 2537 2183 advenisse
2558 2143 2754 2201 negant
2776 2136 3240 2207 adventurmnque
3264 2156 3384 2207 spc-

1831 2230 1977 2285 rant,
2002 2232 2056 2275 et
2087 2222 2430 2275 Christianos
2468 2222 2561 2286 qui
2586 2221 2770 2277 Jesum
2803 2240 2921 2280 esse
2949 2226 3222 2283 Christmn
3254 2244 3387 2283 eon-

1831 2313 2053 2367 fitentur
2114 2329 2275 2383 quem
2333 2315 2612 2384 propheta:
2663 2317 3048 2384 praedixerunt.
3096 2318 3187 2373 Sic
3223 2320 3387 2389 igitur

1831 2404 1920 2459 ille
1944 2421 1960 2458 :

1898 2576 1954 2631 2.
1988 2596 2009 2629 ι
2043 2577 2270 2643 Quidam
2304 2592 2337 2632 e
2364 2576 2687 2633 Christianis
2718 2588 2773 2633 et
2801 2577 2969 2633 Judaei
3003 2580 3297 2648 disputant,
3326 2582 3381 2636 hi

1830 2669 2043 2737 quidem
2070 2670 2121 2720 in
2145 2680 2340 2721 terram
2364 2668 2750 2747 descensurum
2777 2684 2901 2722 esse
2925 2671 3079 2722 deum
3098 2674 3385 2737 quemdam

1829 2765 1925 2809 aut
1961 2755 2054 2809 Dei
2085 2756 2276 2808 Filium
2309 2755 2468 2825 huj‘us
2498 2766 2656 2810 terra:
2691 2756 2899 2811 incolas
2930 2757 3376 2825 justiﬂeaturum;

170 2846 295 2915 τὴν,
325 2845 464 2897 τοῦτ’
493 2846 764 2916 αἴσχιστον
780 2887 793 2909 ,
826 2848 917 2899 καὶ
944 2849 1061 2901 οὐδὲ
1085 2848 1251 2902 δεῖται
1284 2850 1492 2920 μακροῦ
1516 2850 1671 2917 λόγου
1698 2852 1726 2903 ὁ

1832 2846 1908 2901 illi
1943 2860 2069 2900 vero
2091 2846 2202 2915 jam
2257 2847 2624 2935 desceiipisse.
2670 2846 2850 2916 Turpe
2887 2838 3190 2915 dissidium,
3235 2854 3379 2919 quod

171 2937 414 3005 ἔλεγχος.
454 2956 472 2987 ι
506 2939 613 2990 Καὶ
638 2938 781 2991 δοκεί
807 2939 917 3009 (24)
950 2956 1013 3007 γε
1046 2939 1282 3011 ἀκριόῶς
1306 2941 1432 3011 περὶ
1464 2940 1558 3010 μὲν
1598 2942 1726 2993 Ἰου-

1832 2937 2077 3004 pluribus
2112 2936 2356 2990 refellere
2410 2951 2797 3005 supervacuum
2842 2950 3001 2992 esset.
3037 2958 3059 2990 ›
3117 2941 3382 2993 Accurate

169 3026 338 3078 δαίων
365 3028 426 3079 οὐ
450 3027 609 3080 τινῶν
626 3067 640 3090 ,
668 3026 802 3081 ἀλλά
831 3030 1047 3082 πάντων
1067 3030 1261 3097 λέγειν,
1291 3031 1371 3082 ὅτι
1399 3029 1595 3082 οἴονταί
1610 3047 1726 3084 τινα

1833 3027 1884 3082 id
1917 3028 2133 3097 quidem
2166 3026 2377 3081 Judteos
2416 3042 2520 3080 non
2547 3029 2831 3095 quosdam,
2861 3030 2952 3082 sed
2987 3046 3172 3083 omnes
3196 3033 3380 3086 existi-

170 3118 577 3189 καταϐήσεσθαι
600 3120 694 3173 ἐπὶ
723 3120 829 3194 τὴν
868 3125 1002 3198 γῆν*
1028 3124 1149 3192 ⁴περὶ.
1172 3121 1229 3174 δὲ
1261 3120 1618 3191 Χριστιανῶν,
1646 3122 1726 3175 ὅτι

1832 3132 1980 3171 mare
2028 3104 2161 3170 hanc
2202 3119 2251 3169 in
2287 3128 2484 3170 terram
2514 3121 2797 3184 quemdam
2826 3134 2945 3173 esse
2975 3121 3378 3189 descensurum;

168 3199 318 3273 τίνὲς
346 3211 522 3263 αὐτῶν
550 3212 840 3278 καταδεση
852 3210 1273 3281 κε’ναιλὲγουσιν.
1315 3213 1591 3283 Ἐμφαίνει
1622 3213 1726 3281 γὰρ

1830 3208 2087 3275 quosdam
2119 3220 2299 3262 autem
2341 3225 2373 3262 e
2398 3210 2722 3263 Christianis
2785 3210 3126 3266 descendisse
3175 3214 3375 3267 dicere.

166 3303 299 3362 τοὺς
352 3302 459 3354 ἀπὸ
504 3301 812 3356 Ἰουδαϊκῶν
843 3305 1061 3374 Γραφὸυ
1103 3306 1598 3368 κατασκευάζοντας
1628 3305 1726 3374 τὴν

1828 3297 1918 3351 Sic
1940 3298 2081 3351 enim
2118 3299 2321 3353 indicat
2345 3309 2401 3354 et
2429 3316 2522 3355 eos
2543 3341 2557 3362 ,
2607 3302 2695 3366 qui
2728 3317 2759 3355 e
2802 3302 3043 3356 Judaicis
3087 3305 3380 3371 Scripturis
3412 3342 3413 3345 η

170 3390 411 3462 Χριστοῦ
463 3391 573 3460 (25)
618 3393 924 3463 ὲπιδημιοιυ
942 3396 1015 3452 ὡς
1053 3396 1149 3465 ἤδη
1179 3395 1579 3466 γεγενημένην·
1633 3393 1728 3447 καὶ

166 3480 347 3531 ἔοικεν
372 3481 691 3545 εἰδέναινὸτι
718 3482 821 3535 είσί
838 3501 978 3547 τινες
997 3484 1231 3554 αἱρέσεις
1250 3485 1571 3555 ἀρνούμεναι
1595 3486 1746 3556 Χρι-

167 3570 296 3622 στὸν
339 3570 539 3639 Ἰησοῦν
568 3567 703 3625 εἶναι
740 3574 831 3626 τὸν
882 3575 1409 3645 προπεφητευμένον.
1445 3576 1580 3644 Ἤδη
1627 3576 1725 3646 μὲν

164 3656 262 3713 οὖν
290 3662 381 3714 καὶ
430 3664 489 3714 ἐν
534 3666 644 3726 τοῖς
668 3664 947 3735 προτέροις
970 3666 1096 3735 περὶ
1121 3663 1214 3716 τοῦ
1252 3665 1723 3733 προπεφητεῦσθαι

163 3746 259 3805 τὸν
288 3755 517 3823 Χριστὸν
544 3755 684 3809 κατά
707 3755 929 3826 δύναμιν
948 3755 1293 3827 διειλήφαμεν
1311 3774 1326 3788 ο
1357 3757 1436 3809 διδ
1464 3758 1530 3809 τὰ
1557 3756 1725 3812 πολλά

162 3844 275 3897 τῶν
322 3845 626 3917 δυναμένων
653 3846 915 3914 ,λέγεσθαι
941 3850 1021 3910 εἰς
1066 3847 1156 3899 τὸν
1200 3847 1363 3901 τόπον
1394 3849 1491 3900 οὐκ
1524 3849 1724 3901 ἐπανα-

163 3936 512 4007 λαμϐάνομεν
535 3980 549 3997 ,
599 3939 685 3991 ἵνα
714 3938 788 4009 μὴ
821 3938 1240 4008 παλιλλογῶμεν.
1291 3940 1429 4011 Ὀρα
1470 3941 1533 4010 δὴ
1553 3980 1567 4001 ,
1597 3942 1679 3993 ὃτι
1703 3981 1721 4004 ,

164 4028 326 4100 εἰπερ
354 4030 489 4098 μετά
519 4045 659 4092 τινος
680 4029 782 4081 κᾶν
812 4030 1067 4098 δοκούσης
1231 4031 1540 4092 ἀκολουθίας
1568 4032 1721 4084 ἐϐού-

160 4118 289 4170 λετο
312 4120 633 4190 ἀνατρέπειν
665 4122 763 4191 τὴν
793 4121 921 4192 περὶ
962 4121 1068 4173 τῶν
1123 4121 1480 4191 προφητειῶν,
1527 4120 1559 4191 ἢ
1597 4124 1722 4191 περὶ

161 4210 259 4262 τοῦ
279 4211 630 4279 ἐπιδημήσειν
648 4211 680 4279 ἦ
703 4212 1145 4281 ἐπιδεδημηκέναι
1165 4213 1253 4263 τὸν
1268 4213 1499 4281 Χριστὸν
1519 4214 1719 4278 πίστιν,

165 4300 339 4370 ἐχρῆν
368 4301 527 4351 αὐτὸν
551 4300 718 4361 αὐτὰς
748 4299 996 4352 ἐκθέσθαι
1022 4302 1118 4363 τὰς
1149 4303 1480 4372 προφητείας
1503 4342 1517 4365 ,
1546 4299 1633 4364 αἷς
1662 4305 1720 4357 ἐν

158 4390 241 4459 τῷ
269 4389 607 4455 διαλέγεσθαι
637 4389 769 4459 πρὸς
797 4388 1055 4458 ἀλλήλους
1098 4390 1353 4459 χρώμεθα
1408 4394 1718 4461 Χριστιανοὶ

158 4480 258 4529 καὶ
299 4476 552 4527 Ἰουδαῖοι.
584 4476 734 4528 Οὕτω
759 4475 865 4546 γὰρ
894 4476 958 4528 ἂν
985 4477 1083 4529 κᾶν
1112 4478 1254 4541 ἔδοξε
1289 4479 1414 4541 τοὺς
1444 4497 1715 4549 περισπω-

158 4566 359 4635 μένους
385 4566 487 4616 ὑπὸ
516 4566 631 4635 τῆς,
677 4566 753 4629 ὡς
777 4568 942 4619 οἴεται
961 4605 976 4628 ,
1026 4566 1370 4637 πιθανότητο,
1396 4568 1569 4621 δοκεῖν
1604 4571 1714 4641 (27)

154 4659 484 4727 ἀνατρέπειν
528 4658 633 4710 ἀπὸ
658 4658 755 4728 τῆς
798 4658 930 4728 πρὸς
958 4658 1024 4710 τά
1053 4660 1356 4729 προφητικά
1390 4662 1717 4727 συγκαταθέ-

154 4766 325 4813 σεως.
348 4749 438 4801 καὶ
470 4750 567 4818 τῆς
594 4748 679 4800 διὰ
724 4748 793 4801 τὰ
835 4748 1142 4819 προφητικά
1168 4751 1247 4811 εἰς
1292 4749 1383 4800 τὸν
1417 4751 1617 4819 Ἰησοῦν
1643 4752 1716 4811 ὡς

152 4840 290 4892 ὅντα
319 4840 544 4909 Χριστὸν
574 4840 827 4901 πίστεως.
863 4838 995 4890 Νυνὶ
1028 4838 1081 4889 δὲ
1102 4877 1117 4898 ,
1172 4840 1288 4908 ἢτοι
1320 4838 1391 4907 μὴ
1425 4839 1713 4907 δυνάμενος

152 4933 465 5001 ἀπαντῆσαι
516 4933 648 5001 πρὸς
674 4931 773 4995 τάς
826 4930 952 5002 περὶ
993 4930 1224 4999 Χριστοῦ
1258 4931 1621 4999 προφητείας,
1676 4932 1707 4999 ἢ

153 5022 296 5092 μηδὲ
325 5021 433 5091 (28)
465 5022 561 5090 τὴν
601 5023 773 5092 ἀρχὴν
818 5021 971 5083 sidcis;
997 5021 1117 5073 τίνα
1156 5021 1269 5072 ἐστὶ
1296 5020 1361 5072 τά
1388 5022 1513 5089 περὶ
1543 5019 1704 5071 αὐτοῦ

149 5112 601 5181 προφητευόμενα
619 5150 634 5172 ,
662 5111 913 5180 οὐδεμίαν
942 5112 1039 5181 μὲν
1069 5110 1210 5174 λέξιν
1236 5110 1411 5181 τίθησι
1444 5128 1707 5181 προφητι-

226 5226 276 5256 ¹³
306 5226 440 5279 Gen.
461 5241 531 5291 ιι,
552 5226 609 5281 4.
686 5228 732 5258 ⁸⁸
759 5228 801 5282 ll
826 5228 950 5282 Cor.
985 5242 1038 5291 κ,
1064 5227 1116 5280 5.
1194 5226 1239 5257 ’⁸
1273 5228 1287 5279 Ι
1316 5229 1442 5279 Cor.
1476 5243 1550 5291 ιιι,
1580 5229 1633 5281 ν.

221 5355 342 5430 (95)
372 5356 583 5410 Φᾶσίν.
618 5358 902 5430 Omittitur
951 5359 1000 5410 iu
1029 5356 1181 5410 libris
1211 5368 1366 5412 antea
1396 5360 1577 5430 editis,
1610 5364 1703 5417 sed

146 5426 424 5495 reperitur
448 5430 499 5479 in
552 5431 739 5482 codice
772 5426 1003 5481 Joliano.

226 5495 523 5564 (24)‘Libb.
576 5497 846 5565 impressi,
876 5498 969 5549 καὶ
992 5496 1055 5548 οὐ
1080 5494 1225 5548 δοκεῖ
1248 5536 1262 5560 ,
1319 5498 1410 5551 sed
1437 5500 1623 5551 Yttcula
1650 5499 1709 5550 οὗ

144 5566 310 5622 abest
339 5567 406 5617 ab
432 5567 679 5620 omnibus
714 5580 844 5620 mss.

225 5634 340 5707 (25)
364 5636 642 5707 Χριστοῦ,
671 5636 744 5688 Ita
764 5634 933 5707 _codd.
954 5634 1125 5703 .Beg.,
1164 5634 1324 5688 Basil.
1366 5648 1423 5699 et
1455 5638 1558 5689 duo
1596 5636 1705 5687 Λιι-

144 5703 580 5775 ςιίὸειιιίεὴιὶασ,
620 5703 810 5774 Ἰησοῦ.
1088 5774 1095 5775 7
1180 5773 1196 5775 ᾼ
1276 5774 1281 5775 γ
1408 5706 1413 5775 ξ

224 5776 341 5845 ια)
378 5773 717 5830 litescbelius
746 5778 797 5828 in
830 5782 977 5829 textu
998 5813 1013 5838 ,
1047 5774 1145 5826 οὐκ
1174 5773 1239 5825 ἂν
1266 5774 1544 5843 δοκούσης.

1825 3384 2360 3444 astruuut'Cbristum
2372 3392 2485 3461 jam
2500 3392 2803 3457 advenisse,
2824 3404 2881 3447 et
2903 3397 3160 3461 quasdam
3180 3406 3374 3459 sectas,

1824 3494 1947 3547 qua:
1974 3478 2155 3534 .lesum
2188 3489 2388 3551 negant
2419 3496 2539 3535 esse
2570 3481 2846 3535 Christum
2877 3499 2905 3534 a
2936 3485 3215 3552 prophetis
3244 3499 3375 3551 prae-

1824 3567 2153 3646 nuntiatum.
2197 3572 2393 3641 Atjam
2424 3587 2585 3641 supra
2614 3587 2716 3640 pro
2745 3573 2951 3627 viribus
2970 3573 3283 3628 conﬁrmavi
3309 3576 3381 3629 de

1824 3660 1919 3715 ilo
1946 3661 2086 3717 edita
2116 3676 2237 3719 esse
2266 3662 2651 3732 prophetarum
2682 3661 2964 3714 vaticinia.
2996 3660 3173 3726 Quare
3224 3672 3282 3714 ut
3309 3677 3375 3715 ne

1822 3742 2010 3808 eadem
2042 3754 2232 3808 iterem
2261 3754 2487 3822 saepius.
2523 3767 2642 3821 qua:
2680 3753 2781 3804 hoc
2817 3751 2936 3806 loco
2973 3751 3077 3806 dici
3116 3765 3369 3820 possent,

1822 3844 2067 3897 consulto
2110 3843 2417 3913 praeteribo.
2463 3841 2574 3895 lloc
2623 3850 2832 3893 tantum
2886 3844 3142 3896 observes
3178 3843 3366 3904 velim,

1822 3932 2037 3987 Celsum
2058 3971 2079 3999 ,
2128 3934 2175 3987 si
2202 3934 2343 4001 quod
2396 3933 2708 4001 praedictum
2738 3934 2901 3986 fuisse
2930 3933 3155 3985 credunt
3179 3931 3376 3997 Judaei,

1823 4024 2097 4079 Christum
2127 4032 2416 4077 venturum
2445 4037 2589 4085 esse,
2636 4032 2729 4075 aut
2751 4024 2891 4091 quod
2917 4022 3231 4088 Christiani,
3258 4025 3368 4093 jam

1822 4116 2054 4177 venisse,
2082 4112 2317 4167 refutare
2344 4123 2469 4182 apte
2497 4112 2664 4165 videri
2693 4114 2971 4177 voluisset,
2998 4115 3252 4170 debuisse
3278 4132 3375 4169 va-

1822 4204 2001 4257 licinia
2039 4217 2336 4256 memorare
2360 4243 2375 4265 ,
2413 4204 2612 4271 quibus
2645 4207 2858 4270 utrique
2906 4205 3046 4257 inter
3091 4204 3366 4274 disputan.

1819 4293 1947 4346 dum
1978 4302 2219 4345 utuntur.
2248 4292 2338 4345 Sic
2360 4294 2505 4345 enim
2535 4307 2669 4361 quos
2698 4301 2848 4361 putat
2875 4293 3255 4362 probabilitate
3283 4296 3373 4347 dc-

1818 4395 2022 4455 ceptos,
2052 4401 2081 4438 a
2120 4386 2223 4439 fide
2261 4386 2531 4439 vaticiniis
2562 4387 2898 4454 adiungenda
2944 4402 3216 4454 revocare,
3252 4399 3306 4443 et
3335 4410 3367 4441 ει
3398 4380 3401 4383 ’

1821 4479 2086 4532 sententia
2115 4492 2178 4529 ex
2216 4476 2492 4529 vaticiniis
2513 4487 2663 4537 nata,
2715 4477 2898 4531 Jesum
2923 4492 3046 4531 esse
3070 4478 3361 4542 Christum,

1820 4576 2063 4618 avertere
2097 4566 2240 4617 visus
2266 4564 2477 4619 fuisset.
2499 4568 2696 4621 Contra
2728 4566 2840 4631 ille,
2870 4566 2983 4620 sive
3013 4568 3266 4621 vaticinia
3298 4570 3369 4621 de

1812 4654 2024 4708 Christo
2047 4654 2204 4723 503
2231 4656 2486 4723 defugere
2510 4673 2613 4710 non
2646 4666 2851 4724 posset,
2877 4659 2989 4710 sive
3019 4671 3121 4709 non
3144 4659 3365 4711 omnino

1810 4755 2158 4812 cognosceret
2208 4761 2456 4813 quaenam
2501 4747 2568 4800 de
2622 4748 2713 4800 illo
2741 4756 2925 4800 essent
2972 4746 3260 4814 praedicta;
3294 4765 3363 4802 ne

1813 4836 2031 4889 verbum
2066 4837 2283 4903 quidem
2314 4852 2345 4889 e
2372 4837 2641 4889 vaticiniis
2669 4835 2902 4904 profert,
2935 4850 3241 4903 quanquam
3275 4836 3365 4893 in-

1815 4948 2037 4985 numera
2065 4934 2130 4985 de
2155 4932 2373 4985 Christo
2394 4930 2531 4993 sint;
2572 4939 2626 4982 et
2656 4930 2741 4982 illa
2772 4929 2869 4981 sibi
2921 4931 3245 4996 redarguere
3280 4933 3364 4985 vi-

1816 5022 1991 5085 detur,
2026 5036 2094 5073 ne
2136 5020 2375 5086 exposita
2404 5020 2655 5087 quidem,
2684 5033 2842 5083 quam
2875 5017 2982 5070 illis
3014 5020 3194 5072 inesse
3215 5021 3362 5087 judi—

1814 5121 1921 5175 cet,
1956 5110 2349 5178 probabilitate.
2377 5107 2561 5174 Neque
2586 5108 2749 5159 etiam
2776 5107 2933 5160 scivit
2950 5122 3069 5162 eam
3103 5124 3209 5163 non
3240 5124 3364 5165 οδε.

1881 5359 1991 5427 (27)
2023 5354 2243 5429 Δοκεῖν.
2266 5348 2480 5429 Mei-itii~
2505 5343 2814 5429 Rupere-llus
2866 5348 2970 5429 deli
3028 5352 3150 5429 dum
3184 5364 3357 5429 putat.

1809 5415 1945 5495 Quid
1974 5415 2045 5477 Sit
2086 5416 2407 5495 etiittt_£50c';s
2452 5415 2657 5495 δοκεζν;
2709 5418 2909 5495 Ibidem
2953 5421 2967 5469 Ι
3029 5422 3093 5495 b._
3133 5415 3357 5481 eieusi,

1808 5482 1919 5549 (ἶπὺ
1968 5494 2065 5561 τῆς
2088 5494 2164 5553 είς
2198 5491 2265 5543 τὰ
2293 5482 2604 5553 προφητικά
2625 5519 2641 5543 ,
2694 5491 2788 5537 sed
2818 5500 2947 5540 mss.
3005 5497 3054 5539 λι
3082 5489 3133 5542 in
3172 5497 3360 5543 nostro

2034 5630 2123 5702 'H_
2142 5626 2315 5696 μηδέ.
2366 5620 2534 5702 Recte
2566 5621 2733 5675 codex
2777 5620 2969 5676 JUliT‘llt
2998 5639 3039 5677 ς.
3076 5626 3135 5677 Al
3193 5634 3347 5677 antra

1806 5690 1984 5762 editis,
2012 5690 2222 5754 exciuit'
2263 5694 2450 5747 vocula
2506 5690 2562 5755 ἡ.
