4100 6318
741 391 874 449 ωσι
2172 401 2263 456 0R

2354 404 2447 458 ENl
2458 404 2494 458 S
3808 420 3933 470 Hm

734 505 975 559 omnium
1004 501 1312 559 Iudaeorum
1337 510 1683 572 sententiam,
1713 511 2022 577 Christum,
2045 516 2131 582 qui
2163 531 2257 570 ven

2354 573 2355 576 η
2386 517 2504 588 κὴν,
2538 518 2776 589 καίτοιγε
2810 523 2994 592 μυρίαι
3023 524 3141 576 ὗσαι
3175 526 3281 576 eici.
3324 527 3451 595 περὶ
3477 529 3741 596 Χριστοῦ·
3777 549 3932 600 κατη-

734 607 886 649 turus
925 603 1027 658 est,
1064 597 1229 649 Deum
1258 597 1374 651 fore
1409 611 1501 652 aut
1543 600 1636 653 Dei
1666 599 1882 667 Filium,
1925 613 1982 656 ut
2006 605 2116 670 jam
2155 606 2279 659 alibi

729 688 864 742 dixi.
895 687 1095 739 Tamen
1126 688 1257 740 satis
1285 703 1404 741 esse
1433 702 1584 759 putat
1608 693 1857 746 retulisse
1886 696 2023 761 quod
2051 696 2279 748 dicimus
2303 735 2305 737 ι

731 776 1003 830 Christum
1037 778 1383 834 descendisse
1405 822 1420 844 ,
1452 793 1508 835 et
1540 784 1681 850 quod
1726 783 1895 837 Judaei
1936 785 2154 848 dicunt,
2187 787 2280 838 de-

733 880 1050 918 scensurum
1080 883 1201 920 esse
1223 884 1310 936 qut
1334 868 1620 937 justilicet,
1646 882 1704 925 ut
1734 875 1784 926 id
1814 878 1968 941 quasi
2017 885 2171 946 turpe
2201 879 2278 929 vi-

699 964 943 1020 -tuperet
981 966 1036 1009 et
1069 958 1222 1024 longa
1272 959 1594 1015 refutatione
1632 964 1925 1031 indignum.

2384 613 2563 679 γορεῖν
2608 611 2664 661 δὲ
2707 610 2872 664 οἴεται
2903 612 3006 665 τῶν
3039 615 3407 684 προφητικῶν,
3440 618 3556 686 μηδ’
3583 619 3647 687 ἦν
3702 621 3843 672 εἴποι
3874 623 3932 674 iv

2384 702 2584 763 ἐκεῖνος
2615 702 2938 770 πιθανότητα
2969 705 3142 756 αὐτῶν
3181 707 3486 775 ἐκθέμενος.
3539 710 3649 761 Οὐκ
3677 707 3782 762 οἶδε
3815 712 3931 780 μέν·

2385 791 2646 856 τοιγε,ὂτι
2676 792 2735 842 οὐ
2769 793 2906 844 πάνυ
2936 812 2988 846 τι
3034 795 3270 847 Ἰουδαῖοι
3295 796 3503 862 λέγουσι
3535 799 3663 851 Θεὸν
3693 801 3821 852 ὅντα
3848 803 3929 854 τνὲιν

2384 881 2610 950 Χριστὸν
2639 883 3035 951 καταϐήσεσθαι
3064 885 3096 954 ἢ
3131 886 3263 939 Θεοῦ
3303 887 3557 960 Υἰὸνμὶις
3591 891 3683 942 καὶ
3737 895 3793 943 ἐν
3823 897 3926 955 τοῖς

2381 971 2631 1040 ἀνωτέρω
2659 973 2972 1041 εἰρήκαμεν.
3002 975 3108 1026 Καὶ
3133 974 3297 1026 εἰπὼν
3324 976 3483 1028 αὑτὸν
3505 1016 3519 1039 ,
3544 979 3633 1045 ὑφ’
3654 979 3809 1047 ἡμῶν
3836 980 3926 1048 μὲν

729 1043 978 1112 λέγεσθαι
1003 1048 1428 1119 καταϐεϐηκέναι
1450 1093 1464 1117 ,
1492 1052 1596 1104 ὑπὸ
1637 1054 1896 1109 Ἰουδαίων
1925 1058 1984 1110 δὲ
2015 1059 2412 1130 καταϐήσεσθαι
2442 1061 2748 1132 δικαιωτήν.
2779 1065 3113 1135 Κατηγορεῖν
3136 1066 3358 1119 αὐτόθεν
3385 1067 3553 1121 οἴεται
3581 1068 3673 1122 τοῦ
3707 1070 3926 1140 λεγομέα

729 1153 841 1200 νου,
871 1137 946 1199 ώς
987 1140 1259 1209 αἰσχίστου
1289 1145 1383 1197 καὶ
1410 1148 1528 1200 οὐδὲ
1553 1151 1761 1226 μακροῦ
1790 1153 2011 1224 ἐλέγχου
2039 1156 2307 1225 δεομένου,
2378 1176 2380 1178 ⁷

797 1233 851 1285 3.
893 1230 1083 1285 Postea
1107 1274 1121 1296 ,
1161 1253 1180 1284 ‹
1205 1251 1310 1304 quo
1341 1242 1567 1300 consilio
1588 1284 1604 1308 ,
1642 1254 1821 1313 rogat,
1871 1247 2010 1302 Deus
2045 1250 2146 1302 huc
2177 1250 2270 1301 de-

727 1323 1061 1378 scendisset?
1088 1342 1106 1373 ι
1131 1324 1328 1394 Nempe
1349 1330 1557 1397 ignorat
1578 1333 1736 1402 hujus
1752 1336 2041 1392 descensus
2069 1354 2098 1390 a
2122 1341 2272 1392 nobis

728 1419 993 1486 assignari
1033 1423 1341 1475 consilium.
1384 1425 1655 1495 Prmcipue
1693 1430 1934 1502 quidem,
1973 1439 2031 1482 ut
2066 1445 2184 1497 qua:
2216 1431 2267 1483 in

723 1511 1019 1578 Evangelia
1053 1514 1307 1567 dicuntur
1337 1533 1464 1572 oves
1493 1521 1686 1574 domus
1738 1523 1934 1585 Israel,
1987 1535 2269 1578 converte-

725 1613 953 1669 rentur;
987 1606 1206 1668 deinde,
1241 1616 1300 1658 ut
1328 1619 1547 1678 propter
1574 1597 1781 1664 illarum
1844 1614 2268 1667 incredulitatem

725 1696 1028 1748 auferretur
1055 1699 1122 1750 ab
1175 1699 1256 1751 eis
1311 1701 1453 1766 quod
1491 1715 1713 1768 regnum
1769 1702 1861 1756 Dei
1893 1713 2142 1767 vocatur,
2175 1722 2268 1758 ex-

2449 1250 2556 1302 Καί
2610 1269 2770 1320 φησιν
2820 1252 2953 1315 «Τίς
2983 1254 3011 1304 ό
3055 1252 3176 1317 νοῦς
3222 1253 3320 1322 τῆς
3349 1256 3555 1307 τοιᾶσδε
3594 1255 3817 1308 καθόδου
3848 1257 3922 1327 τῷ

2376 1340 2529 1410 Θεῴς
2562 1359 2579 1390 ι
2621 1343 2717 1410 οὐχ
2755 1344 2914 1412 ὁρῶν,
2956 1345 3035 1396 ὅτι
3081 1345 3173 1396 καὶ
3204 1345 3322 1396 καθ’
3352 1346 3496 1414 ἡμᾶς
3534 1346 3646 1397 ὲστι
3689 1347 3789 1416 τῆς
3827 1365 3922 1401 κα-

2375 1431 2524 1483 θόδου
2554 1436 2582 1485 ὁ
2618 1433 2741 1496 νοῦς
2759 1473 2773 1496 ,
2805 1436 3220 1506 προηγουμένως
3255 1437 3349 1505 μὲν
3377 1437 3444 1488 τὰ
3470 1437 3732 1506 λεγόμενα
3759 1440 3817 1492 ὲν
3844 1438 3920 1509 τῷ

2373 1526 2686 1597 Εὐαγγελίῳ
2715 1529 3021 1581 ἀπολωλότα
3053 1528 3297 1599 πρόϐατα
3340 1515 3484 1581 οἴκου
3528 1520 3741 1600 Ἰσραὴλ
3799 1531 3919 1582 ἑπι-

2374 1616 2634 1685 στρέψαι·
2697 1603 2961 1687 δευτέρως
3013 1617 3069 1669 δὲ
3124 1617 3186 1670 τὸ
3239 1616 3326 1668 διὰ
3360 1618 3458 1686 τὴν
3507 1618 3728 1670 ἐκείνων
3761 1619 3917 1670 ἀπεί-

2371 1701 2519 1755 θειαν
2572 1701 2701 1774 ἆραι
2742 1704 2835 1756 ἀπ’
2869 1705 3042 1757 αὐτῶν
3072 1706 3167 1774 τὴν
3207 1706 3590 1776 ὀνομασθεῖσαν
3642 1706 3917 1775 βασιλείαν

724 1786 992 1855 clnsisque
1041 1790 1232 1854 priscis
1281 1790 1515 1856 Iudaeis,
1563 1795 1786 1848 daretur
1835 1796 1956 1848 aliis
1990 1798 2262 1864 agricolis,

2367 1793 2459 1846 τοῦ
2518 1766 2672 1858 Θεοῦ,
2719 1797 2813 1848 καὶ
2865 1795 3045 1847 δοῦναι
3095 1766 3273 1860 ἀλλοις
3299 1766 3576 1869 ’γεωργοῖς
3612 1766 3761 1869 παρὰ
3792 1800 3918 1863 τοὺς

722 1877 1046 1931 Christianis
1096 1881 1374 1945 nimirum,
1404 1884 1509 1952 qui.
1536 1883 1745 1938 fructus
1769 1888 1916 1954 regni
1952 1886 2070 1949 Dei,
2105 1902 2264 1954 opera

721 1971 974 2023 nimirum
1034 1974 1145 2027 suis
1196 1990 1421 2043 quaeque
1477 1977 1802 2044 temporibus
1855 1979 1960 2030 Deo
2007 1979 2264 2034 reddituri

720 2070 894 2113 erant.
956 2061 1134 2128 Atque
1163 2062 1275 2116 haec
1317 2079 1485 2130 pauca
1526 2066 1590 2118 de
1637 2065 1819 2117 multis
1847 2067 1912 2116 ad
1948 2066 2084 2119 hanc
2124 2066 2262 2121 Celsi

722 2147 1219 2220 interrogationem,
1276 2169 1420 2222 «quo
1465 2155 1689 2209 consilio
1738 2155 1878 2209 Deus
1908 2157 2011 2210 huc
2042 2158 2265 2211 descen-

714 2239 904 2295 disset.
945 2262 963 2292 ι
1024 2243 1141 2295 Alia
1174 2244 1276 2296 sibi
1329 2245 1546 2313 quidem
1587 2246 1831 2313 reponit,
1881 2247 1973 2300 sed
2019 2262 2136 2315 qua
2166 2264 2263 2303 nec

716 2328 914 2395 Judaei,
946 2347 1046 2386 nec
1079 2333 1247 2386 nostri
1278 2335 1547 2402 dicerent;
1579 2353 1598 2386 ‹
1623 2353 1747 2388 ηιιιιι
1768 2377 1784 2402 ,
1810 2337 2012 2404 inquit,
2053 2348 2111 2391 ut
2144 2353 2262 2406 quae

718 2422 860 2475 inter
915 2423 1160 2477 homines
1217 2422 1354 2477 ﬁunt
1410 2425 1731 2480 disceret?»
1801 2426 1967 2480 Nemo
2021 2436 2259 2480 nostrum

712 2511 860 2563 enim
897 2512 1095 2565 dixerit
1125 2511 1404 2567 Christum
1452 2515 1555 2569 huc
1603 2516 1831 2578 venisse,
1869 2526 1927 2568 ut
1965 2517 2160 2571 certior
2193 2516 2260 2569 de

715 2601 878 2654 rebus
910 2601 1156 2655 humanis
1189 2604 1364 2657 ﬁeret.
1435 2603 1636 2658 Tamen
1666 2605 1818 2670 quasi
1861 2604 2074 2673 quidam
2110 2606 2256 2660 dice-

715 2700 855 2754 rent,
895 2709 915 2743 ι
941 2704 996 2744 ut
1033 2709 1118 2745 res
1143 2694 1400 2748 humanas
1431 2695 1699 2758 disceret,
1721 2713 1739 2746 ι
1782 2695 1964 2764 objicit
1993 2695 2105 2764 ipse
2133 2696 2254 2761 sibi,

718 2799 738 2832 ε
762 2778 938 2836 annon
970 2783 1417 2838 sciebatomnia?
1440 2806 1467 2836 -o
1522 2786 1656 2839 Tum
1691 2787 1850 2840 veluti
1880 2801 2132 2854 responso
2161 2802 2254 2841 ac-

712 2884 924 2939 cepto,c
947 2872 1154 2926 sciebat
1180 2891 1192 2925 :
1225 2891 1244 2924 ι
1285 2894 1303 2926 ι
1322 2876 1559 2938 Sciebat,
1583 2894 1602 2927 ι
1628 2886 1780 2943 rOgat
1811 2877 2124 2941 illeiterum,
2158 2895 2176 2928 ι
2199 2889 2254 2932 et

712 2978 822 3016 non
861 2967 1132 3028 correxit,
1188 2981 1288 3019 nec
1332 2967 1604 3034 corrigere
1646 2977 1765 3018 erat
1804 2967 1856 3024 in
1907 2968 2085 3020 divina
2138 2968 2254 3036 ejus

711 3055 1018 3120 potestate?
1049 3073 1068 3105 ι
1100 3055 1302 3110 Horum
1340 3057 1473 3109 nihil
1515 3072 1620 3110 non
1647 3055 2077 3147 ineptissimum._
2099 3055 2251 3109 Sem-
2277 3092 2319 3147 C

714 3158 811 3209 per
840 3145 981 3196 enim
1022 3144 1165 3197 Deus
1189 3153 1242 3197 et
1271 3145 1569 3212 quibusque
1599 3144 1924 3211 temporibus
1959 3143 2130 3198 Verbo
2155 3159 2251 3199 suo

715 3231 772 3284 in
798 3241 1012 3285 sanctas
1048 3233 1260 3286 animas
1293 3234 1654 3286 descendente
1677 3242 1732 3286 et
1764 3234 1966 3288 amicos
1997 3234 2103 3288 Deo
2130 3251 2252 3304 pro-

712 3322 1007 3390 phetasque
1030 3334 1377 3390 comparaute
1395 3323 1619 3392 corrigit
1641 3323 1950 3392 quicunque
1974 3340 2030 3378 se
2053 3325 2252 3379 dociles

711 3413 973 3482 praebent,
1001 3421 1054 3466 et
1081 3412 1152 3465 ab
1172 3413 1406 3465 adventu
1439 3414 1636 3467 Christi
1665 3413 1976 3468 Christiana
2006 3415 2248 3469 doctrina

714 3506 882 3557 utitur
910 3506 975 3558 ad
1023 3504 1373 3572 corrigendos
1398 3521 1503 3557 non
1530 3506 1620 3573 qui
1671 3505 1873 3569 nolunt,
1902 3508 1995 3559 sed
2019 3508 2107 3575 qui
2142 3522 2250 3562 me-

709 3593 896 3647 liorem
939 3604 1256 3662 gratamque
1305 3594 1412 3649 Deo
1445 3595 1608 3648 vitam
1641 3595 1860 3664 eligunt.
1927 3594 2032 3650 Sed
2066 3597 2249 3653 Celsus

710 3685 892 3737 nescio
939 3685 1237 3752 cuiusmodi
1283 3685 1666 3738 correctionem
1711 3684 1907 3738 factam
1952 3687 2115 3740 fuisse
2157 3702 2249 3740 vo-

709 3774 824 3827 lens
855 3793 868 3828 :
906 3793 924 3824 ‹
950 3776 1140 3828 Annon
1169 3779 1220 3828 in
1242 3771 1423 3828 divina
1448 3775 1563 3842 ejus
1597 3783 1885 3845 potestate,
1914 3775 2105 3841 inquit,
2131 3787 2267 3831 erat.

707 3863 1016 3928 corrigere,
1081 3863 1182 3915 nisi
1233 3864 1353 3930 quis
1401 3864 1469 3916 ad
1524 3848 1625 3916 hoc
1671 3861 1789 3914 data
1847 3876 2006 3930 opera
2058 3863 2249 3924 missus

707 3956 944 4009 fuisset?
981 3975 999 4005 ι
1051 3956 1132 4008 An
1165 3955 1323 4007 vellet
1357 3966 1438 4020 ut,
1484 3956 1592 4009 Deo
1623 3955 1913 4022 nequitiam
1942 3954 2118 4007 subito
2147 3955 2245 4005 tol-

708 4046 852 4099 lente
881 4056 935 4098 et
970 4048 1217 4099 virtutem
1253 4046 1544 4107 inscrente,
1599 4046 1839 4099 homines
1887 4044 2036 4098 novis
2070 4059 2244 4097 rerum

707 4139 1026 4207 imaginibus
1053 4138 1328 4205 conceptis
1353 4135 1810 4189 emendarentur?
1867 4136 1922 4189 Id
1976 4136 2247 4203 qumsierit

707 4229 846 4283 alius
883 4243 948 4280 an
979 4239 1183 4281 natura:
1205 4229 1274 4279 sit
1300 4233 1754 4301 consentaneum,
1784 4239 1850 4276 an
1886 4225 1999 4278 ﬁeri
2038 4223 2241 4292 possit;

707 4335 806 4388 ego
823 4334 964 4382 vero,
979 4321 1061 4372 fac
1079 4334 1235 4388 posse
1255 4314 1436 4386 504
1449 4317 1538 4369 sed
1555 4315 1679 4382 quid
1702 4314 1868 4368 libero
1883 4317 2102 4368 arbitrio
2120 4312 2244 4366 ﬂet?

2365 1887 2529 1940 πάλαι
2567 1886 2849 1947 Ἰουδαίους
2883 1886 3220 1955 Χριστιανοῖς
3238 1925 3250 1948 ,
3275 1887 3397 1950 τοὺς
3424 1890 3665 1958 καρποὺς
3696 1889 3797 1958 τῆς
3821 1889 3913 1944 τοῦ

2362 1977 2495 2030 Θεοῦ
2524 1977 2793 2046 βασιλείας
2826 1975 3155 2029 ἀποδώσουσι
3187 1977 3263 2046 τῷ
3286 1977 3422 2047 Θεῷ,
3449 1979 3506 2031 ὲν
3533 1982 3642 2040 τοῖς
3680 1981 3914 2049 ἑκάστης

2362 2069 2607 2138 πράξεως
2621 2066 2783 2138 οὔσης
2804 2068 3041 2138 καρποὺς
3065 2067 3163 2136 τῆς
3187 2067 3458 2136 βασιλείας
3481 2073 3710 2139 καιροῖς.
3727 2071 3924 2138 Ἡμεῖς.

2365 2159 2462 2227 μὲν
2482 2155 2572 2211 οὖν
2597 2158 2701 2210 ἀπὸ
2723 2158 2977 2209 πλειόνων
2997 2156 3149 2222 ὀλίγα
3173 2156 3394 2224 εἴπομεν
3418 2158 3552 2226 πρὸς
3578 2157 3677 2226 τὴν
3703 2158 3909 2210 Κέλσου

2360 2247 2552 2299 πεῦσιν
2598 2247 2868 2310 εἰπόντος·
2916 2247 3010 2309 Τίς
3042 2247 3148 2317 γὰρ
3194 2249 3221 2299 ὁ
3273 2247 3393 2309 νοῦς
3421 2248 3520 2316 τῆς
3563 2249 3776 2300 τοιᾶσδε
3809 2267 3910 2303 κα-

2360 2333 2508 2386 θόδου
2536 2334 2614 2403 τῷ
2644 2335 2798 2404 Θεῷ;
2838 2335 3040 2398 Κέλσος
3085 2336 3141 2388 δὲ
3184 2336 3249 2388 τὰ
3281 2338 3416 2406 μήτε
3463 2336 3568 2387 ὑπὸ
3619 2337 3906 2402 Ἰουδαίων,

2362 2419 2496 2488 μήτε
2548 2419 2634 2487 ὑφ’
2684 2420 2838 2488 ἡμῶν
2891 2419 3144 2488 λεχθέντα
3193 2422 3263 2474 ἂν
3305 2422 3480 2492 ἑαυτῷ
3527 2423 3904 2491 ἀποφαίνεται,

2357 2507 2546 2575 λέγων,
2610 2527 2629 2559 ‹
2657 2511 2726 2561 “II
2788 2510 2871 2562 ἵνα
2907 2511 3051 2583 μάθῃ
3090 2511 3161 2564 τὰ
3189 2514 3246 2564 ὲν
3287 2512 3626 2582 ἀνθρώποις;
3660 2533 3677 2563 ι
3722 2516 3906 2579 Οὐδεὶς

2356 2598 2463 2668 γὰρ
2514 2600 2665 2669 ἡμῶν
2704 2617 2884 2670 φησιν,
2914 2601 3028 2663 ὃτι,
3063 2601 3147 2654 ἵνα
3191 2601 3337 2673 μάθῃ
3363 2602 3433 2654 τὰ
3465 2604 3522 2653 ὲν
3569 2603 3902 2673 ἀνθρώποις,

2355 2690 2584 2759 Χριστὸς
2613 2691 2860 2761 ἐπιδημεῖ
2878 2691 2953 2762 τῷ
2978 2691 3092 2762 βίῳ.
3120 2688 3268 2755 Εἶτα,
3288 2691 3361 2754 ώς
3390 2693 3646 2744 εἰπόντων
3669 2694 3730 2745 ἄν
3749 2711 3904 2746 τινων

2353 2787 2401 2833 τ’
2425 2817 2441 2842 ,
2464 2799 2483 2830 ι
2509 2781 2594 2833 ἵνα
2631 2781 2773 2850 μάθῃ
2799 2782 2869 2833 τὰ
2895 2784 2952 2835 ἐν
2980 2781 3301 2854 ἀνθρώποις,
3332 2802 3349 2833 ι
3377 2783 3553 2853 ἐαυτῷ
3596 2783 3901 2852 ἀνθυποφέ-

2354 2888 2437 2942 ρει
2482 2873 2615 2943 πρὸς
2653 2872 2806 2924 τοῦτο
2834 2872 2913 2933 τὸ,
2959 2892 2977 2922 ι
3007 2875 3078 2926 Οὺ
3107 2873 3214 2944 γὰρ
3238 2871 3341 2926 οἶδε
3371 2874 3578 2939 πάντα;
3623 2872 3758 2927 Εἶτα
3778 2916 3792 2937 ,
3830 2876 3901 2937 ὡς

2351 2963 2837 3033 ἀποκρινουμένων,
2869 2966 2949 3016 ὅτι
2975 2958 3100 3028 οἶδε,
3127 2983 3145 3015 ι
3182 2964 3340 3017 πάλιν
3379 2968 3663 3035 ὲπαπορεῖ,
3689 2967 3860 3033 λέγων
3881 2982 3895 2995 ·

2352 3054 2432 3106 ὅτι
2465 3073 2483 3103 ι
2509 3051 2653 3124 Ἀρα
2680 3050 2782 3106 οἶδε
2813 3056 2929 3123 μὲν,
2960 3056 3059 3107 οὐκ
3090 3053 3375 3124 ἐπανορθοῖ
3404 3056 3510 3123 (29)
3534 3055 3624 3118 δὲ,
3652 3055 3760 3106 οὐδ’
3793 3050 3899 3107 οἷον

2351 3161 2410 3196 τε
2437 3144 2582 3214 αὑτῴ
2621 3143 2738 3214 θείᾳ
2779 3145 2999 3213 δυνάμει
3039 3144 3401 3215 ἐπανορθοῦν;
3435 3164 3452 3194 ι
3490 3146 3600 3199 Καὶ
3628 3143 3802 3196 ταῦτα
3845 3145 3899 3198 δὲ

2352 3241 2526 3293 πάντα
2555 3237 2762 3307 εὐήθως
2809 3236 2973 3302 λέγει,
3013 3237 3135 3288 -Ἀεὶ
3177 3235 3284 3304 γὰρ
3327 3237 3355 3287 ὁ
3405 3237 3534 3297 Θεδς
3584 3236 3663 3304 τῷ
3705 3236 3894 3286 ἑαυτοῦ

2349 3326 2488 3394 λόγῳ
2534 3324 2671 3379 κατὰ
2721 3325 2909 3393 γενεὰς
2960 3324 3038 3384 είς
3080 3324 3253 3394 ψυχὰς
3300 3325 3449 3385 ὁσίας
3501 3323 3893 3391 μεταϐαίνοντι,

2350 3416 2442 3469 καὶ
2497 3415 2679 3484 φίλους
2743 3405 2875 3465 Θεοῦ
2929 3413 3021 3466 καὶ
3082 3415 3361 3482 προφήτας
3418 3413 3894 3475 κατασκευάζοντι,

2349 3505 2634 3574 ἐπανορθοῖ
2669 3504 2793 3565 τοὺς
2836 3501 3123 3564 ἀκούοντας
3177 3502 3282 3553 τῶν
3335 3501 3672 3571 λεγομένωνο
3700 3504 3803 3555 καὶ
3841 3503 3896 3553 ἐν

2347 3599 2413 3669 τῇ
2447 3594 2677 3665 Χριστοῦ
2704 3595 2760 3647 δὲ
2788 3574 3047 3666 ἐπιδημία
3075 3591 3354 3662 ἐπανορθοῖ
3381 3590 3456 3660 τῷ
3479 3591 3617 3644 κατὰ
3637 3593 3897 3660 Χριστια-

2347 3685 2534 3753 νισμὸν
2562 3685 2723 3754 λόγῳ,
2766 3684 2884 3753 οὐχὶ
2918 3685 3043 3745 τοὺς
3077 3683 3150 3753 μὴ
3182 3681 3566 3752 βουλομένους,
3610 3681 3746 3734 ἀλλὰ
3774 3685 3898 3746 τοὺς

2347 3775 2436 3828 τὸν
2462 3774 2740 3844 κρείττονα
2769 3773 2880 3841 βίον
2909 3773 2998 3825 καὶ
3027 3772 3323 3842 ἀρέσκοντα
3349 3771 3424 3841 τῷ
3447 3771 3565 3840 Θεῷ
3585 3771 3890 3839 ἑλομένους.

2348 3867 2460 3919 Οὐκ
2493 3861 2606 3918 οἶδα
2645 3864 2699 3915 δὲ
2731 3866 2822 3916 καὶ
2854 3861 3486 3932 ποταπὴνὲπανόρθωσιν
3521 3861 3839 3930 βουλόμενος
3869 3864 3896 3912 ὁ

2347 3954 2550 4015 Κέλσος
2577 3952 2856 4020 γενέσθαι,
2903 3952 3213 4020 ὲπηπόρησε
3245 3950 3412 4016 λέγων
3460 3967 3479 3998 σ
3502 3945 3628 4018 'Ap'
3657 3951 3757 4017 οὐχ
3787 3945 3896 4000 οἶόν

2346 4060 2402 4096 τε
2432 4043 2576 4112 αὐτῷ
2608 4042 2829 4111 δυνάμει
2859 4041 2975 4110 θείᾳ
3011 4039 3355 4109 ἐπανορθοῦν,
3381 4037 3474 4089 ἐὰν
3501 4039 3575 4107 μὴ
3603 4038 3766 4106 φύσει
3788 4039 3892 4107 (50)

2342 4134 2460 4186 τινὰ
2506 4134 2598 4184 ἐπὶ
2643 4131 2797 4183 τοῦτο
2846 4129 3065 4201 πέμψῃ;
3092 4148 3109 4178 ι
3145 4125 3290 4196 τΑρα
3330 4126 3437 4195 γὰρ
3480 4127 3636 4196 ῆθελε
3696 4145 3898 4194 φαντα-

2346 4222 2644 4291 σιουμένοις
2693 4225 2802 4282 τοῖς
2839 4220 3137 4289 ἀνθρώποις
3181 4218 3284 4269 ὑπὸ
3329 4218 3487 4279 Θεοῦ,
3539 4218 3895 4287 ἀπειληφότος

2348 4312 2444 4380 μὲν
2477 4311 2685 4380 ἁθρόως
2713 4309 2808 4379 τὴν
2856 4309 3068 4369 κακίαν,
3107 4307 3399 4376 ὲμψύοντος
3445 4307 3501 4358 δὲ
3542 4308 3640 4375 τὴν
3669 4309 3892 4377 ἀρετὴν,

707 4411 985 4475 Quomodo
1022 4411 1175 4463 laude
1206 4411 1364 4479 digna
1392 4411 1498 4464 erit
1522 4410 1643 4461 data
1675 4405 1891 4458 veritati
1925 4403 2244 4458 consensio?

2354 4399 2441 4467 τὴν
2469 4397 2830 4466 ἐπανόρθωσιν
2863 4395 3141 4462 γενέσθαι;
3198 4395 3384 4457 ’Ἄλλος
3418 4397 3515 4464 μὲν
3553 4393 3644 4448 οὖν
3671 4397 3896 4465 ζητήσει

705 4503 981 4566 Quomodo
1027 4503 1360 4552 niemlacium
1397 4501 1633 4554 aversari
1683 4501 1735 4550 in
1788 4497 1941 4550 laude
1979 4494 2245 4562 ponetur?

704 4592 784 4645 Do
828 4604 956 4641 vero
985 4588 1034 4640 id
1074 4597 1127 4638 et
1153 4587 1387 4654 potuisse
1422 4597 1476 4640 et
1523 4586 1763 4640 decuisse
1794 4586 1945 4648 ﬁeri;
1997 4592 2050 4637 at
2093 4593 2243 4651 roget

706 4682 967 4749 quispiam
1017 4678 1229 4732 Celsum
1283 4676 1543 4738 imitatus,
1582 4675 1821 4741 nunquid
1853 4689 1956 4726 non
1998 4672 2136 4726 Deus
2163 4672 2242 4725 di-

705 4773 827 4824 vina
857 4787 950 4825 sua
980 4771 1174 4822 virtute
1200 4768 1459 4836 potuisset
1502 4766 1744 4818 homines
1786 4765 1850 4816 ab
1885 4765 2034 4816 initio
2055 4770 2254 4816 creare

705 4862 782 4914 ita
813 4861 996 4913 virtuti
1035 4860 1301 4917 addictos,
1350 4857 1420 4909 ita
1475 4854 1758 4923 perfectos,
1806 4862 1865 4905 ut
1922 4852 2061 4904 nulla
2097 4861 2240 4904 esset

706 4951 971 5017 nequitia,
1037 4949 1288 5015 nullaque
1337 4946 1471 4998 adeo
1522 4943 1857 4997 correctione
1909 4941 2238 5008 indigerent?

705 5034 829 5087 Haec
865 5035 1133 5101 simplices
1175 5035 1407 5086 fortasse
1429 5047 1493 5086 ac
1541 5030 1724 5083 tardos
1775 5043 2083 5095 permovere
2111 5043 2236 5094 pos-

706 5127 848 5187 sint,
900 5143 1003 5178 non
1056 5129 1179 5179 item
1210 5142 1331 5179 emn
1385 5125 1475 5193 qui
1534 5123 1587 5174 in
1624 5135 1796 5172 rerum
1839 5127 2029 5171 natura
2070 5120 2242 5171 intro-

703 5217 882 5284 spicit.
922 5216 1077 5268 Novit
1103 5218 1243 5270 enim
1277 5218 1524 5268 virtutem
1555 5223 1743 5266 natura
1771 5224 1888 5262 esse
1912 5224 2076 5277 usque
2102 5210 2234 5261 adeo

773 5368 884 5437 (29A;
934 5367 1288 5430 Ἐπανορθοῒ.
1345 5367 1436 5419 Sic
1471 5381 1598 5420 mss.
1639 5364 1786 5417 Alias
1813 5375 1940 5415 vero
1972 5362 2025 5413 in
2066 5368 2236 5422 textu,

709 5435 1033 5506 ἐπηνώρθου.
1171 5503 1181 5506 Α
1629 5503 1658 5506 _
1710 5503 1718 5506 Α
1841 5501 1872 5506 __
2191 5496 2203 5506 _
2229 5461 2235 5467 -

773 5496 1068 5578 (ὅθίγοιι,
1117 5503 1311 5573 φύσει,
1368 5506 1575 5578 videtur
1628 5496 2238 5578 BnlterellocOtnntode

701 5571 1094 5644 poisc’ahesse,
1122 5571 1241 5644 qua;
1264 5590 1380 5623 cum
1405 5575 1502 5644 hac
1526 5575 1638 5644 ipsa
1667 5572 1855 5644 pagina
1886 5571 1966 5644 bis
1989 5576 2234 5644 potiatur,

702 5636 855 5698 lac-ile
886 5645 1055 5712 potuit
1083 5636 1185 5694 huc
1231 5641 1527 5715 irrepsisse.
1549 5636 1764 5715 'lhidem
1798 5640 1969 5715 codex.
1997 5636 2239 5715 Julianus

701 5700 930 5766 secumla
963 5729 1118 5763 manu
1160 5700 1631 5781 φαντασιουμένοις
1660 5713 1766 5768 τοῖς
1806 5700 2238 5781 ἁνθρώποιςυῦπὺ

699 5781 834 5836 θεοῦ
864 5774 1218 5844 ἀπειληφότος
1239 5819 1253 5841 ,
1307 5779 1494 5831 melius
1521 5794 1650 5831 sane
1681 5794 1835 5840 quam
1877 5777 2072 5827 habent
2105 5774 2231 5824 libb.

2345 4488 2393 4540 εί
2424 4485 2728 4547 ἀκόλουθον,
2757 4485 2788 4554 ἢ
2819 4487 2868 4536 εί
2889 4485 3105 4536 δυνατόν
3133 4486 3243 4538 ἐστι
3272 4487 3335 4554 τῇ
3367 4485 3522 4551 φύσει
3546 4486 3604 4536 τὸ
3624 4485 3888 4536 τοιοῦτον·

2343 4579 2503 4645 ἡμεῖς
2534 4577 2588 4630 δὲ
2630 4576 2870 4645 εἴποιμεν
2899 4576 2996 4638 ἂν,
3024 4579 3103 4628 ὃτι
3149 4577 3303 4637 ἔστω,
3353 4577 3444 4628 καὶ
3487 4575 3706 4627 δυνατὸν
3763 4574 3894 4624 αὐτὸ

2345 4661 2502 4718 εἶναι.
2538 4666 2646 4718 Ποῦ
2680 4662 2770 4718 οὖν
2798 4666 2855 4717 τὸ
2883 4667 2964 4733 ἐφ’
2996 4668 3160 4735 ημίν;
3203 4667 3294 4717 καὶ
3324 4666 3424 4717 ποῦ
3465 4665 3723 4732 ἐπαινετὴ
3762 4679 3888 4729 συγ-

2343 4759 2628 4819 κατάθεσις
2664 4759 2796 4828 πρὸς
2836 4760 2895 4810 τὸ
2941 4759 3161 4825 ἁληθέςς
3214 4757 3245 4824 ἢ
3294 4755 3557 4822 ἀποδεκτὴ
3607 4755 3888 4814 ἀνάνευσις

2341 4849 2448 4901 ἀπὸ
2495 4848 2586 4900 τοῦ
2631 4849 2890 4917 ψεύδους
2934 4848 3091 4902 Ἀλλὰ
3133 4847 3224 4898 καὶ
3269 4848 3315 4895 εἰ
3350 4842 3491 4915 ἅπαξ
3535 4843 3742 4911 δοθείη,
3796 4846 3889 4897 καὶ

2341 4937 2558 4991 δυνατὸν
2611 4937 2785 5000 τοῦτο,
2839 4939 2930 4989 καὶ
2984 4935 3293 5004 πρεπόντως
3341 4932 3648 5000 γινόμενον·
3696 4933 3784 4983 διὰ.
3837 4933 3887 4984 τί

2340 5029 2458 5096 οὐχὶ
2516 5028 2710 5097 μᾶλλον
2765 5027 2981 5095 ζητήσει
3021 5041 3102 5085 τις
3146 5023 3243 5092 τὴν
3291 5022 3482 5090 ἀρχὴν,
3529 5023 3785 5088 ἀνάλογόν
3836 5040 3886 5074 τι

2343 5119 2562 5185 φάσκων
2587 5117 2663 5187 τῷ
2688 5116 2894 5183 Κέλσῳ,
2931 5117 3006 5168 ὅτι
3044 5115 3139 5182 οὐχ
3167 5108 3273 5164 οἷόν
3305 5128 3362 5162 τε
3400 5107 3468 5181 ἦν
3509 5114 3587 5182 τῷ
3620 5113 3738 5181 Θεῴ
3770 5114 3888 5182 θεία

2340 5206 2559 5275 δυνάμει
2599 5204 2720 5274 μηδ’
2752 5199 3165 5271 ἐπανορθώσεως
3189 5199 3466 5270 δεομένους
3505 5201 3726 5269 ποιῆσαι
3762 5206 3884 5262 τοὺς

2335 5359 2606 5422 impressi,
2626 5353 3108 5425 φαντασιουμένους
3131 5352 3253 5413 τοὺς
3270 5351 3593 5425 ,ἀνθρώπους
3623 5353 3728 5405 ὑπὸ
3751 5353 3882 5403 Θεοῦ

2335 5421 3034 5496 ἀνειληφότοςηρτοιιιιὶιιιιε
3065 5421 3610 5496 ΒυΙιιξιὈΙιιιξίΙεεριιιιι
3636 5441 3648 5472 :
3685 5438 3888 5496 φαντα-

2335 5491 2630 5563 σιουμένων
2661 5494 2767 5544 τῶν
2813 5491 3128 5563 ἀνθρώπων,
3163 5503 3267 5543 «te.
3296 5491 3450 5563 Αυιιιι
3503 5502 3586 5543 cst
3611 5491 3889 5563 ,__verbt_tt_ts

2333 5558 2708 5634 ἀνειληφότος,
2740 5571 2831 5613 aut
2861 5558 3512 5634 dﬁcrkrjtpdeoq,_Gt_ticttts
3545 5560 3752 5634 nullum
3797 5558 3885 5608 hic

2335 5628 2515 5687 locum
2536 5628 2735 5686 habere
2767 5638 2918 5698 putat
2939 5669 2953 5686 .
2978 5642 3032 5682 et
3057 5630 3157 5698 legi
3192 5629 3300 5693 volt
3327 5628 3680 5700 ἀνῃρηκότος.
