4100 6318
2560 406 2566 439 l

211 516 350 572 1033
1369 505 1653 565 CONTRA
1685 503 1962 591 CELSUM
1995 504 2122 560 LIB.
2163 503 2252 559 IN.
3306 493 3443 549 1034

206 630 530 700 ἀνθρώπους
552 669 565 692 ,
610 630 721 683 ἀλλ’
752 628 976 683 αὐτόθεν
1022 626 1337 689 σπουδαίους
1384 628 1476 678 καὶ
1506 625 1768 688 τελείους,

1883 625 2129 687 liberam,
2161 634 2218 675 nt
2246 622 2459 678 sublata
2493 621 2765 683 libertate,
2797 620 2911 690 ipsa
2937 610 3174 675 e'medio
3203 619 3441 674 tollatur.

214 726 339 778 οὐδὲ
388 725 484 794 τὴν
536 724 706 793 ἀρχὴν
740 720 1047 791 ὑποστάσης
1101 720 1198 789 τῆς
1239 720 1472 782 κακίας;
1507 718 1691 786 Ταῦτα
1734 717 1768 769 δ⁴

1884 713 2083 767 Verum
2129 715 2232 769 hac
2265 716 2331 768 de
2380 729 2438 768 re
2498 723 2607 767 ιοιο
2647 724 2878 765 tractatu
2918 726 3049 779 opus
3090 720 3254 765 esset.
3296 708 3465 789 Hanc-

221 814 437 877 ἰδιώτας
475 814 569 883 μὲν
610 815 703 867 καὶ
726 812 1015 874 ἀδυνάτους
1036 811 1140 881 (⁵51)
1166 802 1384 864 δύναται
1418 808 1768 879 συναρπάσαι,

1885 804 2058 859 Graeci
2114 806 2168 859 in
2214 805 2325 860 suis
2362 806 2427 858 de
2458 805 2807 859 Providentia
2842 802 2991 856 libris
3022 803 3140 856 fuse
3178 812 3451 857 tractave-

205 901 269 953 οὐ
299 900 403 970 μὴν
436 901 646 952 καὶτὸν
678 900 945 970 ἐνορῶντα
981 902 1048 970 τῇ
1087 899 1245 967 φύσει
1278 898 1385 951 τῶν
1410 898 1768 969 πραγμάτων

1889 905 2032 957 runt,
2069 898 2157 949 ubi
2189 896 2414 949 ouillum
2447 897 2601 949 abest
2630 908 2683 947 ιιι
2714 896 2896 969 dicant
2926 897 3070 964 quod
3109 894 3198 949 hic
3221 894 3410 949 Celsus
3437 916 3449 948 :

205 990 292 1043 ὅτι
318 991 517 1061 ἀρετῆς
545 990 647 1059 μὲν
671 990 763 1042 ἐὰν
786 989 976 1061 ἀνέλῃς
997 990 1056 1041 τὸ
1086 988 1351 1051 ἑκούσιον,
1377 988 1585 1051 ἀνεῖλες
1612 987 1768 1055 αὐτῆς

1894 1002 1913 1034 ι
1937 983 2155 1039 Sciebat
2206 987 2369 1054 igitur
2398 986 2487 1039 ille
2514 995 2565 1039 et
2617 1001 2721 1040 non
2750 986 3012 1049 correxit,
3044 1000 3145 1039 nec
3181 984 3235 1038 in
3269 984 3453 1039 divina

206 1081 305 1134 καὶ
357 1081 449 1151 τὴν
501 1067 725 1133 οίισίτιιν⁸
772 1081 899 1150 ὅλης
952 1079 998 1132 δ’
1049 1081 1130 1143 είς
1185 1080 1355 1132 ταῦτα
1400 1079 1768 1149 πραγματείας

1895 1079 2012 1145 ejus
2052 1088 2323 1145 potestate
2352 1087 2469 1132 erat
2509 1079 2801 1147 corrigere.
2830 1097 2849 1129 ι
2894 1077 3033 1143 Quin
3061 1086 3115 1130 et
3151 1091 3251 1144 ego
3279 1091 3455 1144 quan-

204 1169 368 1241 χρεία
393 1186 407 1199 ⁸
448 1171 579 1241 περὶ
607 1167 675 1242 ἦς
707 1170 806 1224 οὐκ
836 1168 990 1237 ὀλίγα
1016 1172 1073 1221 ὲν
1095 1171 1204 1230 τοῖς
1233 1169 1360 1236 περὶ
1388 1168 1647 1238 Προνοίας·
1687 1167 1768 1218 καῖ

1891 1178 1999 1221 tum
2053 1171 2198 1236 potui
2245 1170 2310 1221 de
2361 1169 2427 1221 iis
2451 1184 2594 1237 saepe
2639 1183 2947 1223 sermonem
2984 1167 3124 1232 feci,
3174 1177 3230 1220 et
3261 1168 3469 1240 divinas

209 1260 467 1329 Ἕλληνες
525 1261 841 1339 εἰρήκασιν·
909 1259 959 1312 οἱ
1011 1258 1085 1328 μὴ
1137 1259 1380 1321 εἰπόντες
1431 1258 1530 1322 ἂν,
1565 1256 1706 1326 ὅπερ
1752 1260 1768 1310 ἐ

1891 1257 2181 1326 Scriptum:
2228 1260 2415 1312 eadem
2445 1262 2799 1322 conﬁrmant,
2854 1260 3014 1313 modo
3061 1260 3452 1340 intelligantur.

204 1344 412 1413 Κέλσος
469 1334 679 1414 ἐξέθετο
737 1351 944 1418 λέγων⁸
997 1348 1158 1404 «Οἷδε
1209 1350 1307 1420 μὲν
1369 1344 1481 1412 οὖν,
1520 1348 1620 1400 οὐκ
1661 1348 1949 1419 ἐπανορθοῖ
1998 1350 2074 1413 δὲ,
2117 1350 2177 1402 οὐ
2222 1349 2265 1401 δ’
2303 1344 2413 1403 οἷόν
2464 1366 2525 1402 τε
2588 1350 2737 1420 αὐτῷ
2789 1351 3016 1422 δυνάμει
3069 1352 3188 1424 θείᾳ
3224 1334 3455 1422 ἐπανορο

204 1443 353 1499 θοῦν.
382 1464 399 1495 ι
441 1446 549 1499 Καὶ
581 1447 740 1516 ἡμεῖς
765 1445 822 1498 δὲ
863 1443 1127 1515 πολλαχοῦ
1176 1442 1319 1497 κατὰ
1360 1442 1689 1507 τὸδυνατὸν
1729 1443 1857 1512 ἡμῖν
1892 1445 2186 1514 εἰρήκαμεν
2237 1444 2364 1515 περὶ
2410 1442 2646 1507 τούτων,
2678 1446 2772 1497 καὶ
2826 1449 2888 1525 ὀί
2946 1446 3077 1499 θεῖοι
3135 1447 3278 1514 λόγοι
3338 1448 3453 1510 τοῖς

203 1536 424 1591 ἀκούειν
454 1536 768 1606 δυναμένοις
805 1536 982 1589 αὐτῶν
1009 1536 1378 1606 παρέστησαν.

281 1627 561 1693 Λελέξεται
591 1624 712 1689 οὖν,
740 1630 878 1699 ὅπερ
912 1630 1041 1699 ἡμῖν
1072 1629 1164 1683 καὶ
1202 1629 1470 1693 Ἰουδαίοις
1509 1630 1771 1701 προσάγει
1838 1654 1842 1657 ·

198 1718 230 1770 ό
260 1716 498 1779 Κέλσος,
534 1720 626 1771 καὶ
658 1719 790 1788 meo;
811 1719 993 1783 αὐτὸν,
1041 1706 1122 1773 ὅτι
1151 1716 1316 1792 τΑρα,
1347 1716 1392 1774 ὦ
1418 1713 1601 1785 οὗτος,
1634 1717 1768 1773 οἶδεν

1883 1717 2025 1770 idem
2059 1723 2247 1769 contra
2289 1714 2466 1783 ipsum
2494 1712 2883 1770 adliibebitum
2905 1713 3002 1768 Dic
3025 1716 3193 1782 enim,
3221 1733 3254 1771 ο
3293 1719 3453 1782 bone,

195 1808 230 1859 ὁ
292 1807 564 1861 ὲπὶνπᾶσι
615 1809 745 1871 Θεὸς
786 1808 854 1862 τὰ
902 1812 960 1865 ὲν
1000 1812 1339 1883 ἀνθρώποις,
1391 1812 1422 1882 ἦ
1470 1814 1570 1865 οὐκ
1598 1809 1768 1877 οἳδενς

1885 1807 2024 1860 Deus
2066 1806 2289 1860 nov‘itne
2328 1819 2417 1858 res
2461 1804 2749 1868 humanas,
2780 1806 3004 1859 annon?
3057 1807 3100 1860 si
3160 1807 3325 1861 Deum
3360 1808 3453 1863 ad-

1949 1626 2005 1681 4.
2046 1625 2197 1691 Quod
2244 1625 2408 1693 igitur
2442 1624 2600 1677 nobis
2644 1622 2955 1692 .Indmisque
3007 1624 3197 1681 Celsus
3245 1604 3451 1693 objicit,

216 1896 362 1948 Ἀλλ’
391 1896 549 1968 εἴπερ
598 1899 753 1969 τίθης
784 1897 919 1953 εἶναι
946 1902 1077 1956 Θεὸν
1109 1905 1201 1957 καὶ
1244 1904 1523 1974 Πρόνοιαν,
1560 1902 1636 1966 ὡς
1672 1905 1771 1973 έμ-

205 1986 391 2054 φαίνει
437 2004 529 2039 σου
571 1988 630 2040 τὸ
659 1988 990 2060 σύγγραμμα
1010 2029 1024 2055 ,
1052 1993 1344 2060 ἀναγκαῖον
1367 1992 1527 2045 αὑτὸν
1554 1992 1769 2045 εἰδέναι.

202 2077 276 2129 Et
311 2075 355 2127 δ’
379 2072 505 2141 οἶδε,
542 2076 631 2129 διά
669 2078 720 2129 τί
758 2080 857 2131 οὐκ
913 2081 1235 2151 ἐπανορθοῖ;
1271 2084 1340 2135 Ἢ
1380 2083 1509 2153 ἡμῖν
1542 2081 1639 2152 μὲν
1679 2083 1774 2134 ἀν-

203 2168 440 2233 αγκαῖον
466 2167 845 2235 ἀπολογεῖσθαι
870 2168 1033 2223 διὰτί
1052 2170 1203 2235 εἰδὼς
1222 2172 1320 2225 οὐκ
1342 2168 1627 2240 ἐπανορθοῖ
1646 2187 1659 2200 ·
1691 2172 1774 2224 σοὶ

198 2257 263 2309 δὲ
291 2294 306 2319 ,
367 2255 439 2326 μὴ
485 2257 625 2309 πάνυ
666 2258 980 2327 ἐμφαίνοντι
1010 2260 1200 2316 διὰτοῦ
1224 2256 1649 2335 συγγράμματος
1682 2260 1773 2313 τὸν

227 2348 623 2417 Ἐπικούρειον,
680 2348 811 2402 άλλά
864 2351 1304 2421 προσποιουμένῳ
1336 2347 1593 2423 Πρόνοιαν
1642 2350 1776 2402 εἰδέ-

200 2457 319 2502 ναι,
372 2440 472 2493 ούκ
514 2425 708 2509 ἐπίσης
740 2440 1040 2505 λελέξεται,
1085 2440 1256 2497 διὰτί
1294 2439 1448 2503 είδὼς
1484 2438 1554 2494 τὰ
1580 2441 1654 2513 ἐν,
1683 2442 1775 2493 ἀν-

198 2529 657 2602 θρώποιςνπάντα
706 2533 734 2583 ὁ
782 2530 912 2594 Θεὸς
956 2533 1056 2585 οὐκ
1102 2532 1442 2602 ίὲπανορθοϊ,
1489 2531 1607 2584 οὐδὲ
1646 2520 1775 2604 θείᾳ

194 2622 432 2691 δυνάμει
473 2620 806 2674 ἀπαλλάσσει
841 2621 1047 2685 πάντας
1090 2622 1187 2691 τῆς
1222 2623 1453 2687 κακίας;
1510 2621 1649 2675 Ἀλλ’
1674 2624 1774 2676 οὐκ

196 2711 570 2782 αἰσχυνόμεθα
614 2711 790 2779 λέγειν
825 2711 957 2782 (32),
992 2714 1074 2764 ὅτι
1114 2712 1201 2779 ἀεὶ
1248 2712 1345 2783 μὲν
1394 2713 1600 2782 πέμπει
1647 2698 1774 2777 τοὺς

198 2799 767 2869 ὲπανορθωσομένους.
826 2803 889 2857 Ol
947 2802 1057 2871 γὶρ
1091 2802 1183 2856 ἐπὶ
1233 2801 1302 2854 τὰ
1348 2802 1600 2877 βέλτιστα
1644 2820 1776 2873 προ-

197 2886 525 2958 καλούμενοι
562 2889 730 2957 λόγοι,
770 2888 906 2942 Θεοῦ
944 2889 1140 2952 αὐτοὺς
1180 2889 1501 2957 δεδωκότος,
1542 2892 1677 2945 εἰσὶν
1717 2896 1774 2945 ὲν

198 2972 531 3045 ἀνθρώποις.
596 2976 734 3046 Ἤδη
796 2976 852 3028 δὲ
898 2976 1006 3029 τῶν
1054 2976 1483 3048 διακονουμένων
1532 2998 1561 3032 τ
1581 2982 1610 3048 ρ
1655 2980 1774 3050 Θεῷ

201 3065 397 3120 πολλαί
426 3069 532 3120 είσι
562 3066 847 3135 διαφοραὶ,
887 3069 980 3121 καὶ
1014 3067 1183 3135 ὀλίγοι
1224 3071 1361 3123 είσὶν
1388 3071 1438 3122 οί
1465 3070 1638 3141 πάντη
1676 3089 1774 3124 κα-

1886 1895 2100 1951 miseris
2135 1906 2191 1950 et
2215 1894 2645 1958 Providentiam,
2679 1903 2733 1948 ut
2762 1909 2828 1954 ex
2859 1904 2948 1949 tuo
2975 1898 3179 1965 scripto
3206 1896 3457 1965 judicare

1878 1987 2024 2049 licet,
2055 1992 2212 2040 notas
2239 1986 2311 2039 illi
2342 1999 2463 2039 esse
2493 1985 2717 2039 fatearis
2759 2000 2984 2041 necesse
3019 1998 3125 2041 est.
3160 1986 3253 2041 Sln
3280 1990 3453 2056 novit,

1877 2093 1978 2132 cur
2009 2092 2115 2130 non
2150 2077 2419 2147 corrigit?
2457 2077 2538 2130 An
2563 2076 2733 2133 nobis
2757 2078 3127 2131 necessarium
3152 2087 3453 2136 estcausa:

1878 2168 2123 2232 reddere,
2152 2183 2251 2222 cur
2298 2167 2564 2223 humanas
2617 2180 2705 2222 res
2760 2182 2867 2221 non
2898 2168 3177 2238 corrigat,
3228 2171 3451 2226 tametsi

1876 2258 2191 2325 cognoscit;
2222 2268 2277 2311 tu
2303 2244 2455 2324 vero,
2479 2259 2571 2329 qui
2604 2258 2655 2312 in
2690 2266 2783 2311 tuo
2804 2259 3012 2327 scripto
3048 2267 3097 2311 te
3122 2258 3452 2327 Epicureum

1876 2360 1983 2399 non
2042 2342 2228 2416 aperte
2282 2349 2488 2416 prodis,
2540 2348 2633 2401 sed
2687 2345 3091 2400 Providentiam
3152 2362 3452 2415 agnoscere

1878 2436 2121 2502 simulas,
2148 2438 2332 2494 dicere
2362 2453 2471 2493 non
2513 2439 2736 2501 teneris,
2762 2453 2861 2492 cur
2892 2437 3035 2491 Deus
3065 2431 3343 2493 humanas
3362 2446 3453 2493 res

1880 2539 2194 2600 perspectas
2244 2529 2451 2606 habens
2482 2546 2587 2597 non
2641 2530 2931 2595 emendet,
2983 2543 3084 2584 nec
3130 2544 3317 2584 omnes
3355 2544 3451 2584 ne-

1881 2621 2050 2689 quitia
2093 2620 2287 2674 liberet
2327 2606 2511 2685 divina
2541 2620 2846 2690 potestate?
2890 2621 2960 2673 At
2991 2635 3090 2674 nos
3116 2621 3298 2674 dicere
3343 2638 3448 2676 non

1881 2710 2210 2773 dubitamus.
2246 2726 2273 2763 a
2302 2712 2412 2765 Deo
2437 2726 2654 2780 semper
2680 2711 2820 2764 mitti
2848 2710 2938 2779 qui
2970 2710 3270 2779 corrigant.
3307 2712 3451 2765 Sunt

1876 2800 2022 2854 enim
2079 2799 2222 2853 inter
2277 2790 2525 2859 homines
2555 2800 2877 2853 documenta
2929 2800 3064 2869 ipsis
3096 2816 3124 2853 a
3160 2802 3267 2855 Deo
3302 2802 3446 2867 data.

1876 2890 2074 2958 quibus
2114 2889 2181 2942 ad
2213 2872 2872 2958 optimaHprovocentur;
2933 2907 3246 2960 quanquam
3308 2895 3451 2951 inter

1877 2979 2172 3043 ministros,
2204 2980 2401 3047 quibus
2438 2960 2609 3102 d‘itur
2659 2982 2832 3044 Deus,
2880 2984 3104 3038 multum
3137 2987 3211 3040 sit
3250 2989 3449 3043 ciscri-

1879 3067 2040 3102 minie
2106 3067 2317 3102 nninno
2344 3078 2469 3102 cun!
2512 3070 2667 3102 noun:
2695 3071 2785 3102 nn:
2821 3085 2954 3102 nul-nn
2980 3074 3201 3102 ..m..:....
3243 3077 3412 3102 ...ι-ι.-

1878 3067 2064 3120 minis.
2106 3067 2317 3136 Quippe
2344 3067 2493 3127 sunt‘
2512 3070 2669 3136 pauci
2695 3071 2787 3137 qui
2809 3085 2955 3138 pure
2980 3074 3202 3127 omnino
3243 3077 3447 3131 verita-

200 3155 389 3226 θαρῶς
429 3156 818 3227 πρεσϐεύοντες
841 3158 911 3211 τὰ
935 3145 1049 3228 τῆςι
1070 3160 1325 3230 ἀληθείας
1344 3200 1359 3223 ,
1386 3160 1479 3213 καὶ
1504 3159 1601 3233 τὴν
1630 3177 1768 3215 πιέν·

1877 3168 1984 3211 tem
2040 3158 2274 3212 doceant
2327 3166 2382 3210 et
2438 3158 2746 3214 hominibus
2804 3148 3052 3229 perfecte
3105 3166 3446 3235 corrigendis

196 3246 331 3317 τελῆ
372 3247 743 3319 ἐπανόρθωσιν
801 3242 1184 3321 ἐργαζόμενον
1240 3252 1414 3304 ὁποῖοι
1442 3248 1578 3323 ἦσαν
1605 3254 1770 3306 Μωῦ-

200 3340 306 3409 σῆς
332 3341 427 3394 καὶ
461 3342 510 3393 οἱ
554 3340 847 3412 προφῆται·
908 3342 1065 3412 Παρὰ
1091 3342 1148 3394 δὲ
1189 3343 1408 3405 τούτους
1437 3345 1641 3407 πάντας
1677 3362 1772 3415 με-

195 3433 342 3501 γάλη
380 3434 413 3501 ὴ
457 3431 543 3484 διὰ
571 3431 666 3484 τοῦ
705 3431 878 3503 Ἰησοῦ
908 3432 1276 3503 ἐπανόρθωσις
1318 3434 1378 3486 οὐ
1414 3434 1539 3497 τοὺς
1590 3453 1641 3488 εν
1673 3438 1771 3508 μιᾷ

194 3522 376 3593 γωνίᾳ
423 3523 521 3592 τῆς
573 3523 895 3592 οἰκουμένης
949 3521 1299 3591 βουληθέντος
1364 3524 1555 3593 μόνους
1611 3525 1773 3597 θερα-

199 3611 491 3677 πεύεσθαι,
546 3610 701 3676 ἀλλὰ,
740 3610 802 3664 τὸ
837 3610 957 3664 ὅσον
983 3612 1069 3663 ἐπ’
1106 3611 1273 3682 αὐτῷ,
1311 3613 1404 3665 καὶ
1432 3613 1557 3676 τοὺς
1590 3631 1772 3669 ταντα-

197 3702 300 3773 χοῦ
324 3720 338 3733 ο
377 3701 564 3773 Σωτὴρ
596 3701 704 3772 γὰρ
739 3697 867 3772 ἦλθε
894 3702 1109 3755 πάντων
1138 3702 1454 3774 ἀνθρώπιον.

271 3790 428 3845 Μετὰ
454 3791 607 3844 ταῦθ’
635 3794 663 3846 ό
681 3792 1051 3859 γενναιότατος
1076 3793 1308 3858 Κέλσος,
1333 3793 1432 3847 οὐκ
1450 3788 1546 3848 οἷδ’
1574 3795 1769 3848 ὁπόθεν

190 3877 401 3943 λαεὼν,
426 3883 693 3953 ὲπαπορεῖ
714 3867 850 3952 πρὸς
872 3884 1019 3953 ἡμᾶς
1039 3882 1113 3945 ώς
1138 3882 1393 3952 λέγοντας
1410 3924 1424 3949 ,
1454 3886 1535 3939 ὅτι
1567 3913 1585 3936 κ
1610 3885 1771 3941 αὐτὸς

193 3972 410 4025 κάτεισι
440 3971 574 4041 πρὸς
608 3972 922 4044 ἀνθρώπους
943 3973 971 4024 ό
998 3973 1182 4036 Θεός.»
1221 3975 1329 4027 Καὶ
1362 3975 1530 4028 οἴεται
1549 3976 1770 4028 ἀκολου-

191 4058 315 4112 θεῖν
339 4059 515 4128 τούτῳ
537 4060 617 4123 τὸ,
639 4077 657 4111 ι
681 4059 777 4131 τὴν
799 4060 991 4113 ἑαυτοῦ
1027 4060 1187 4131 ἕδραν
1208 4062 1368 4115 αὐτὸν
1382 4063 1717 4116 καταλιπεῖν.
1744 4081 1762 4113 ι

189 4151 277 4205 οὐ
305 4153 419 4225 γὰρ
443 4146 550 4203 οἶδε
580 4149 807 4220 δύναμιν
834 4148 991 4215 Θεοῦ,
1033 4153 1124 4203 καὶ
1158 4152 1239 4203 ὅτι
1272 4170 1289 4201 ι
1309 4151 1533 4221 Πνεῦμα
1578 4152 1766 4221 (υρίου

186 4239 531 4310 πεπλήρωκε
550 4240 647 4309 τὴν
667 4239 989 4308 οἰκουμένην
1006 4254 1019 4268 ο
1044 4239 1139 4290 καὶ
1167 4239 1229 4290 τὸ
1264 4239 1484 4307 συνέχον
1503 4239 1568 4291 τὰ
1589 4241 1766 4294 πάντα

183 4329 398 4399 γνῶσιν
424 4328 534 4396 ἔχει
556 4329 756 4396 φωνῆς.
781 4350 797 4378 ι
828 4329 961 4380 Οὐδὲ
983 4328 1453 4381 συνιέναιδύναται
1480 4333 1547 4384 τὸ
1591 4349 1609 4379 ι
1633 4330 1765 4399 Οὐχὶ

180 4418 289 4473 τὸν
329 4416 557 4488 οὐρανὸν
594 4418 688 4468 καὶ
738 4417 836 4485 τὴν
897 4417 1002 4485 γῆν
1048 4414 1157 4483 ἐγὼ
1194 4416 1403 4485 πληρῶ,
1452 4415 1599 4484 λέγει
1646 4418 1762 4471 Κύρ-

1877 3248 2007 3302 dent
2036 3262 2283 3318 operam.
2324 3248 2643 3319 Huiusmodi
2674 3250 2884 3321 Moyses
2916 3259 2971 3307 et
3013 3258 3291 3324 proiilieta:
3322 3258 3444 3314 fue-

1875 3347 2046 3411 runt:
2085 3338 2179 3393 sed
2228 3338 2281 3392 in
2338 3339 2442 3393 hoc
2494 3339 2805 3407 corrigendi
2836 3341 3054 3413 negotio
3086 3358 3277 3398 omnes
3324 3345 3443 3400 illos

1874 3420 2031 3497 longe
2075 3429 2353 3497 superavit
2401 3425 2599 3493 Jesus,
2656 3431 2749 3498 qui
2805 3445 2911 3484 non
2970 3433 3129 3487 unius
3178 3447 3440 3490 terrarum

1873 3519 2057 3589 anguli
2088 3519 2324 3585 incolas,
2354 3504 2447 3575 sed
2476 3536 2663 3577 omnes
2701 3523 2938 3591 undique
2987 3537 3247 3592 quantum
3296 3529 3349 3580 in
3381 3542 3443 3584 se

1872 3608 1996 3676 fuit,
2029 3619 2247 3666 sanatos
2274 3610 2459 3664 voluit.
2506 3610 2661 3666 Venit
2698 3614 2843 3666 enim
2882 3624 2941 3667 ut
2970 3595 3215 3668 omnium
3268 3617 3442 3673 homi-

1875 3716 2002 3755 num
2036 3701 2283 3756 Salvator
2321 3710 2491 3756 esset.

1953 3791 2008 3845 5.
2054 3792 2254 3845 Deinde
2283 3792 2532 3861 egregius
2562 3791 2651 3845 ille
2682 3790 2766 3844 vir
2791 3793 2975 3846 nescio
3011 3795 3153 3848 unde
3192 3797 3438 3852 occasio-

1873 3893 1993 3933 nem
2054 3890 2244 3934 nactus
2299 3881 2654 3947 qumstionem
2718 3881 2979 3935 adversus
3052 3899 3150 3937 nos
3228 3878 3435 3953 movet,

1875 3969 2029 4036 quasi
2078 3968 2380 4025 diceremus
2452 3970 2659 4024 «Deum
2712 3971 2883 4039 ipsum
2935 3973 3002 4025 ad
3066 3989 3165 4029 nos
3214 3976 3439 4031 descen-

1868 4073 2056 4131 surum
2107 4073 2245 4134 esse.
2279 4076 2298 4110 ι
2370 4057 2522 4113 Unde
2574 4062 2829 4130 consequi
2895 4072 3077 4130 putat,
3128 4076 3227 4119 «ut
3282 4083 3437 4123 suum

1869 4147 1970 4215 ipsi
2014 4147 2205 4201 soliqu
2238 4148 2597 4204 deserendum
2642 4151 2826 4204 fuerit.
2862 4170 2880 4202 ι
2923 4151 3107 4206 Nescit
3146 4157 3288 4208 enim
3320 4171 3440 4224 quae

1869 4238 1961 4292 Dei
1993 4242 2059 4293 sit
2094 4247 2369 4307 potestas,
2420 4244 2594 4297 nescit
2647 4262 2664 4294 ι
2693 4244 2955 4312 Spiritum
2984 4247 3193 4300 Domini
3229 4265 3263 4300 rc
3291 4248 3437 4316 plere

1867 4331 2052 4382 orbein
2093 4339 2364 4384 terrarum
2392 4342 2446 4386 et
2474 4334 2578 4387 hoc
2604 4334 2746 4401 quod
2773 4336 3020 4389 continet
3048 4339 3228 4389 omnia
3276 4338 3435 4392 scien-

1869 4418 1998 4470 tiam
2032 4419 2235 4475 habere
2263 4423 2492 4477 vocis".
2522 4442 2541 4475 ›
2584 4423 2771 4492 Neque
2797 4441 2993 4493 capere
3026 4436 3207 4494 potest
3250 4429 3432 4482 istud:

186 4524 347 4581 ριοςς
386 4525 407 4558 ι
440 4506 572 4558 Οὐδὲ
608 4506 812 4575 βλέπει,
847 4505 928 4577 oft:
964 4506 1103 4559 κατὰ
1130 4506 1219 4558 τὸν
1244 4502 1579 4575 Χριστιανῶν
1605 4508 1758 4577 λόγον

1870 4506 2028 4577 505
2069 4527 2087 4558 ι
2127 4508 2381 4579 Nunquid
2414 4528 2519 4566 non
2554 4488 2749 4568 caelum
2773 4526 2825 4568 et
2864 4488 3061 4569 ierrani
3090 4532 3189 4585 ego
3218 4518 3444 4583 impleo,‘

176 4600 242 4653 οξ
274 4598 475 4659 πάντες
505 4598 562 4649 ἐν
585 4595 731 4665 αὐτῷ
764 4595 961 4665 ζῶμεν,
979 4595 1073 4649 καὶ
1105 4595 1417 4666 κινούμεθα,
1440 4598 1534 4651 καὶ
1570 4600 1755 4668 ἐσμὲν,

176 4690 269 4751 ὡς
313 4687 411 4740 καὶ
459 4685 668 4747 Παῦλος
717 4688 774 4737 ὲν
804 4685 869 4755 τῇ
916 4685 1052 4755 πρὸς
1095 4684 1406 4754 Ἀθηναίους
1453 4687 1760 4761 δημηγορίᾳ

175 4776 420 4842 ἐδίδαξε.
457 4778 576 4832 Κᾶν
604 4779 633 4830 ό
663 4776 794 4838 Θεὸς
824 4776 999 4829 τοίνυν
1030 4775 1136 4828 τῶν
1166 4776 1302 4829 ὅλων
1332 4780 1398 4848 τῇ
1444 4779 1637 4834 ἑαυτοῦ
1670 4782 1760 4835 δυ-

172 4872 354 4941 νάμει
385 4867 787 4937 συγκαταϐαίνῃ
822 4868 930 4939 (ὅᾷ)
960 4866 1038 4937 τῷ
1084 4865 1257 4937 Ἰησοῦ
1287 4870 1367 4930 είς
1403 4870 1493 4923 τὸν
1522 4871 1629 4924 τῶν
1668 4875 1761 4926 άν-

175 4962 429 5035 θρώπων
463 4961 593 5029 βίον,
628 4960 729 5011 κᾶν
766 4958 795 5009 ό
841 4960 899 5010 ὲν
936 4959 1077 5028 ἀρχῇ
1113 4958 1247 5030 πρὸς
1276 4959 1365 5013 τὸν
1398 4959 1528 5014 Θεὸν
1567 4963 1757 5031 Λόγος,

172 5050 326 5113 Θεὸς
358 5050 451 5103 καὶ
479 5048 638 5111 αὐτὸς
664 5046 760 5111 ὣν,
796 5048 1019 5119 ἔρχηται
1047 5050 1180 5119 πρὸς
1211 5052 1357 5120 ἡμᾶς
1376 5067 1389 5081 °
1422 5053 1523 5105 οὐκ
1547 5051 1760 5124 ἐξεδρος

170 5140 421 5212 γίνεται.
449 5138 566 5191 οὐδὲ
592 5138 904 5192 καταλείπει
932 5139 1027 5211 τὴν
1059 5140 1250 5193 ἑαυτοῦ
1290 5142 1448 5218 ἕδραν
1466 5159 1481 5173 ⁸
1525 5145 1601 5206 ὥς
1636 5162 1757 5197 τινα

168 5230 295 5305 μὲν
324 5228 486 5280 τόπον
519 5228 671 5281 κενὸν
709 5228 872 5282 αὐτοῦ
914 5228 1071 5293 εἶναι,
1117 5232 1300 5303 ἕτερον
1351 5233 1408 5286 δὲ
1453 5232 1652 5304 πλήρη,
1695 5237 1754 5286 οὐ

164 5316 457 5387 πρότερον
505 5317 663 5370 αὑτὸν
716 5318 922 5388 ἔχοντα.
985 5320 1267 5390 Ἑπιδημεῖ
1310 5321 1366 5373 δὲ
1404 5320 1627 5391 δύναμις
1663 5323 1755 5374 καὶ

162 5409 381 5479 θεότης
406 5407 541 5460 Θεοῦ
573 5407 637 5460 δι⁴
670 5401 730 5459 οῦ
758 5408 1023 5478 βούλεται,
1056 5410 1148 5462 καὶ
1182 5413 1239 5462 ἐν
1288 5404 1332 5475 ᾧ
1376 5411 1615 5480 εὑρίσκει
1646 5411 1753 5481 χώ-

160 5515 315 5576 ραν,
349 5498 449 5549 οὐκ
474 5497 788 5567 ἀμείόοντος
820 5498 1003 5561 τόπον,
1047 5499 1157 5551 οὐδ’
1197 5497 1533 5560 ἐκλείποντος
1570 5486 1756 5568 χώραν

258 5585 307 5618 ’⁸
334 5584 464 5653 Sap.
495 5603 530 5649 ι,
556 5586 609 5640 7.
689 5587 733 5617 ³⁷
758 5586 958 5642 Jerein.
1009 5602 1157 5652 mn,
1184 5586 1274 5639 24.

166 5714 167 5717 η
258 5676 391 5747 (51),
430 5676 808 5743 Ἀδυνάτους.
872 5678 1011 5745 Lege
1038 5695 1159 5731 cum
1192 5678 1503 5747 Bobcrello,
1552 5679 1747 5731 ἀσυνέ-

153 5746 592 5816 τουςεενι-υιίε
612 5748 740 5816 fons
766 5748 865 5800 luit
899 5763 1000 5799 vox
1037 5762 1267 5816 sequens
1294 5746 1533 5799 δύναται.

282 5814 393 5892 32)⁵
415 5817 582 5892 timid.
609 5815 807 5892 Regius
839 5827 900 5892 c_t_
928 5814 1251 5892 liasilecnsis
1271 5854 1289 5879 ,
1339 5816 1453 5892 αλλ’
1496 5815 1748 5892 αἰσχυνό-

1866 4600 1999 4651 dicit
2029 4598 2294 4655 Dominus
2327 4601 2412 4655 ⁸⁷2
2448 4621 2467 4653 ι
2512 4602 2698 4671 Neque
2732 4605 2875 4657 videt
2902 4620 2969 4657 ex
3003 4604 3431 4659 Christianorum

1865 4688 2111 4741 doctrina
2141 4688 2239 4743 nos
2265 4704 2457 4743 omnes
2489 4691 2544 4744 in
2574 4691 2693 4758 ipso
2730 4694 2931 4756 vivere,
2967 4694 3170 4746 moveri
3206 4704 3258 4745 et
3290 4708 3430 4759 esse,

1867 4788 1924 4830 ut
1949 4777 2146 4833 Paulus
2181 4779 2236 4833 in
2274 4780 2683 4835 Atheniensium
2717 4783 2976 4836 concione
3006 4783 3187 4836 docuit
3218 4780 3281 4835 ’⁸.
3315 4784 3429 4847 Etsi

1869 4867 2036 4934 igitur
2071 4868 2445 4921 universorum
2494 4867 2636 4921 Dens
2675 4884 2773 4921 sua
2824 4868 2992 4936 ipsius
3026 4875 3290 4937 potestate
3330 4871 3428 4923 de-

1866 4959 2092 5011 scendat
2120 4972 2241 5011 cum
2299 4957 2427 5028 Jesu
2474 4958 2528 5011 in
2581 4958 2720 5012 hanc
2751 4958 3029 5011 hominum
3075 4959 3277 5019 vitam;
3324 4963 3426 5015 etsi

1868 5047 2011 5113 quod
2059 5046 2111 5099 in
2151 5047 2421 5115 principio
2461 5049 2601 5114 apud
2642 5047 2805 5099 Deum
2837 5055 2954 5098 erat
2989 5045 3247 5113 Verbum.
3283 5048 3429 5104 Deus

1865 5137 2001 5204 ipse,
2034 5136 2216 5189 veniat
2258 5138 2325 5189 ad
2360 5150 2479 5200 nos,
2509 5148 2615 5187 non
2654 5135 2855 5187 idcirco
2885 5150 2916 5187 e
2962 5136 3101 5189 solio
3129 5139 3427 5208 egreditur,

1864 5236 1957 5280 aut
2002 5226 2130 5279 illud
2186 5226 2471 5295 relinquit;
2530 5226 2603 5277 ita
2658 5234 2738 5287 ut,
2788 5225 2905 5281 loco
2964 5241 3136 5280 vacuo
3186 5230 3424 5296 deserto,

1813 5378 1822 5389 η
1864 5318 2025 5371 alium
2062 5319 2281 5386 impleat
2309 5319 2395 5370 ubi
2433 5317 2583 5384 prius
2617 5334 2721 5371 non
2747 5328 2883 5373 erat.
2921 5319 3029 5375 Sed
3060 5321 3152 5377 Dei
3186 5310 3425 5392 petestas

1862 5424 1925 5462 ac
1952 5407 2208 5460 divinitas
2228 5421 2332 5473 quo
2356 5407 2469 5459 vult
2504 5407 2868 5475 proﬁciscitur
2898 5420 2951 5464 et
2991 5428 3316 5481 quocunque
3346 5413 3424 5467 lo-

1863 5514 1981 5551 cum
2030 5498 2258 5562 invenit,
2308 5511 2414 5550 nou
2446 5497 2624 5551 eloco
2666 5501 2726 5557 ,in
2778 5500 2951 5554 locum
3002 5506 3421 5574 transmigraus,

1372 5587 1416 5618 ³⁸
1443 5586 1564 5641 Act.
1613 5602 1738 5651 xm,
1776 5586 1867 5640 28.

1853 5676 2265 5797 ἕρεσὸεύοντες.
2335 5680 2523 5748 Alias,
2578 5684 2753 5755 πάντη
2810 5685 2902 5739 καὶ
2968 5685 3219 5757 καθαρῶς
3249 5703 3416 5757 πρετ-

1887 5762 2121 5797 ευοντες.
2280 5774 2289 5782 ·

1887 5762 2121 5809 ευοντες.
2280 5774 2289 5782 ·

1926 5816 2038 5884 (5⁷5)
2076 5821 2278 5892 omnes
2309 5836 2465 5882 inss.,
2488 5821 2917 5892 συγκαταϐαίνῃ,
2948 5833 3111 5887 recte,
3147 5836 3265 5875 cum
3292 5841 3416 5883 tuo;

158 5883 333 5960 μεθα
379 5884 574 5953 λέγειν.
662 5883 802 5937 lulra
868 5886 1028 5938 iidem
1084 5886 1240 5939 codd.
1286 5885 1460 5953 πάντη
1496 5884 1745 5954 καθαρῶς

1870 5883 2109 5953 sequatur
2140 5887 2386 5959 ἔρχηται.
2419 5883 2585 5959 Alius;
2623 5883 3062 5957 συγκαταὲαίνει

504 5978 774 6037 Pauor“
807 5978 922 6036 Gn.
962 5980 1070 6037 Kl.

3062 5986 3144 6042 3³
