4100 6318
757 439 894 504 1955

2184 433 2462 491 ORlGENl
2474 433 2511 489 S

3832 437 3847 490 ί
3859 429 3946 491 055

756 571 854 613 nec
879 569 1037 608 unum
1071 567 1128 607 se
1153 566 1380 608 vacuum
1429 552 1736 622 relinquens
1765 558 1820 606 ut
1849 550 2013 605 alium
2054 561 2281 620 occupet

2406 548 2567 603 αὑτοῦ
2610 549 2790 622 κενὴν,
2845 551 2936 602 καὶ
2982 548 3145 619 ἄλλην
3195 549 3544 622 πληροῦντος.
3574 550 3692 603 Ἵνα
3737 550 3838 624 γὰρ
3865 558 3939 609 και

758 645 826 702 Ut
870 649 1010 700 enim
1038 643 1279 698 dicamus
1325 642 1551 696 alterum
1601 641 1666 694 ab
1713 639 1804 694 illo
1844 640 2044 704 deseri,
2074 639 2300 693 alterum

759 735 990 805 repleri,
1026 735 1077 788 id
1127 747 1234 787 non
1277 733 1343 787 dc
1391 731 1506 785 loco
1554 731 1901 798 intelligimus
1935 747 1948 782 :
1986 730 2078 783 sed
2119 737 2301 783 nostra

758 839 907 883 mens
943 837 1050 886 est,
1083 823 1310 892 improbi
1343 831 1398 876 et
1430 821 1671 890 nequitia
1715 819 1908 890 perditi
1935 819 2167 873 hominis
2194 819 2304 871 ani-

753 927 894 968 tnam
936 928 965 966 ο
1001 915 1106 966 Deo
1144 911 1406 980 relinqui;
1436 911 1668 964 animam
1699 919 1879 964 autem
1906 909 2040 979 ejus,
2068 909 2158 976 qui
2190 907 2300 961 vir-
2340 977 2344 981 '

751 1005 921 1059 intem
959 1005 1010 1057 in
1041 1004 1270 1057 vivendo
1293 1001 1487 1057 sectari
1513 1001 1722 1067 statuit,
1757 1001 1844 1054 vel
1876 1000 1928 1054 in
1962 1015 2024 1054 ea
2053 1013 2302 1070 progres-

750 1097 952 1149 sionem
988 1095 1136 1157 facit,
1173 1092 1255 1147 vel
1284 1092 1448 1146 etiam
1475 1095 1542 1144 ad
1572 1105 1688 1143 eam
1719 1106 1844 1144 suos
1867 1104 2045 1144 mores
2087 1102 2300 1157 compo-

747 1187 848 1250 nit,
905 1184 1100 1254 repleri
1145 1193 1236 1237 aut
1283 1182 1519 1251 Spiritus
1572 1181 1739 1246 divini
1788 1194 1908 1234 esse
1943 1179 2284 1247 participem.

745 1273 1003 1338 Quamvis
1043 1273 1203 1334 igitur
1231 1271 1474 1325 Christus
1523 1271 1808 1326 descendat
1833 1278 1924 1322 aut
1951 1268 2016 1320 ad
2049 1269 2297 1321 homines

745 1360 971 1416 accedat
1003 1361 1163 1422 Deus,
1210 1373 1314 1412 non
1365 1359 1620 1412 continuo
1671 1359 1767 1426 ipsi
1799 1357 1972 1425 major
2001 1357 2296 1411 deserenda

746 1454 900 1506 sedes
941 1451 1060 1514 fuit,
1093 1461 1184 1502 aut
1221 1464 1442 1504 necesse
1471 1457 1553 1502 est
1586 1459 1644 1502 ut
1675 1449 1761 1501 hic
1793 1455 2066 1521 mutentur
2095 1445 2297 1500 omnia.

747 1547 897 1612 Quod
952 1555 1125 1599 tamen
1179 1544 1454 1614 opinatum
1512 1541 1676 1594 fuisse
1734 1536 1946 1592 Celsum
2006 1537 2120 1589 hzec
2179 1535 2297 1603 ejus

746 1639 913 1692 verba"
943 1636 1175 1690 iudicant
1205 1650 1220 1688 :
1258 1652 1277 1684 ι
1314 1633 1370 1688 Si
1406 1631 1548 1685 enim
1598 1630 1684 1684 hic
1723 1643 1887 1683 unum
1930 1627 2060 1696 quid
2091 1627 2173 1679 vel
2219 1625 2298 1678 le-

742 1725 1020 1780 vissimum
1045 1721 1356 1785 mutaveris,
1385 1719 1645 1775 subversa
1677 1728 1832 1773 ruent
1859 1718 2058 1771 omnia.
2100 1734 2118 1767 ι
2143 1713 2294 1781 Quod

743 1818 790 1872 si
835 1817 1141 1887 quempiam
1187 1828 1284 1883 per
1333 1811 1677 1883 praesentiam
1722 1810 1935 1864 virtutis
1973 1809 2066 1864 Dei
2100 1817 2152 1863 et
2202 1823 2296 1877 per

742 1907 904 1963 Verbi
935 1908 1076 1961 inter
1103 1905 1346 1959 homines
1378 1904 1666 1956 adventum
1693 1901 1798 1955 dici
1834 1909 2094 1954 mutatum
2134 1913 2294 1968 Opor-

743 2008 880 2061 teat,
909 1997 1088 2051 dicere
1116 2010 1222 2050 non
1270 1994 1578 2050 verebimur
1615 2008 1645 2047 e
1694 1993 1832 2047 bono
1879 1993 1932 2045 in
1978 1992 2197 2055 malum,
2229 2005 2296 2044 ex

746 2087 1031 2141 libidinoso
1063 2086 1115 2138 in
1152 2092 1563 2154 temperantem,
1599 2097 1630 2136 e
1664 2081 2039 2150 superstitioso
2071 2081 2121 2132 in
2147 2079 2293 2147 pium

743 2180 964 2244 mutari,
999 2178 1302 2247 quicunque
1336 2173 1430 2230 Dei
1479 2174 1711 2230 Verbum
1763 2173 1814 2227 in
1864 2187 2014 2227 suam
2062 2171 2291 2226 animam

738 2271 963 2327 veniens
991 2267 1207 2336 recepit.

810 2361 868 2417 6.
905 2360 1023 2416 Jam
1072 2357 1116 2413 si
1147 2355 1385 2427 postules
1431 2355 1681 2410 utetiam
1730 2353 1794 2407 iis
1841 2366 2141 2416 occurram,
2175 2367 2294 2421 quae

738 2454 974 2507 maxime
1013 2449 1236 2503 ridicula
1281 2452 1425 2511 sunt,
1474 2447 1595 2501 audi
1629 2445 1841 2501 Celsum
1873 2463 1888 2500 :
1931 2462 1950 2496 ι
1989 2443 2130 2498 Deus
2159 2443 2293 2497 forte

740 2542 1046 2598 hominibus
1103 2541 1355 2609 ignotus,
1405 2545 1460 2592 et
1517 2545 1800 2606 propterea
1852 2535 1954 2589 sibi
2019 2533 2290 2601 quidpiam

741 2635 926 2689 deesse
954 2630 1264 2692 arbitratus,
1299 2628 1546 2696 cognosci
1580 2627 1648 2682 ab
1675 2627 1779 2680 illis
1809 2626 1974 2679 voluit
1995 2633 2068 2679 .et
2108 2622 2292 2692 explo-

738 2739 861 2778 rare
901 2723 990 2791 qui
1020 2721 1325 2784 crederent,
1358 2718 1447 2786 qui
1479 2724 1659 2771 essent
1693 2714 1977 2770 increduli.
2012 2714 2162 2768 Haud
2205 2728 2289 2766 se-

737 2829 833 2868 cus
863 2828 927 2866 ac
966 2812 1024 2874 ii,
1052 2810 1140 2879 qui
1183 2809 1325 2863 inter
1354 2809 1597 2863 homines
1639 2805 1843 2874 amplas
1883 2818 2070 2858 recens
2109 2802 2285 2871 adepti

736 2917 860 2960 sunt
908 2904 1212 2965 facultates,
1258 2908 1531 2955 ostentare
1565 2898 1684 2953 illas
1732 2896 1924 2959 solent,
1963 2896 2147 2962 sicque
2194 2894 2288 2962 ad;-

734 3013 924 3053 versns
971 2998 1134 3050 Deum
1183 2992 1571 3055 testiﬁcantur,
1619 2989 1768 3044 illum
1817 2989 1972 3048 valde
2028 2983 2284 3040 delectari

734 3087 948 3144 mortali
984 3087 1177 3157 gloria.
1235 3103 1253 3135 ι
1289 3083 1548 3151 Equidem
1601 3078 1770 3157 fateor
1816 3079 1978 3132 Deum
2029 3074 2283 3143 improbis

737 3181 1042 3235 hominibus
1084 3179 1327 3247 ignotum
1383 3173 1546 3225 fuisse
1575 3181 1627 3223 et
1667 3156 1733 3222 ab
1773 3168 1879 3220 illis
1929 3166 2157 3220 voluisse
2196 3178 2352 3247 (ιο-α

733 3271 949 3340 gnosci;
1007 3284 1111 3322 non
1153 3266 1292 3334 quod
1329 3263 1502 3330 aliqua
1536 3275 1592 3315 re
1631 3260 1786 3314 defici
1831 3260 1932 3312 sibi
1973 3257 2281 3319 videretur;

731 3365 824 3416 sed
854 3370 930 3427 ut,
957 3362 1046 3429 qui
1082 3365 1488 3428 cegnoscerent,
1517 3369 1581 3406 ex
1617 3350 1848 3406 miseriis
1894 3349 2279 3402 eximerentur.

730 3455 913 3523 Neque
945 3453 1107 3506 etiam
1154 3465 1273 3502 cum
1300 3461 1494 3502 arcana
1516 3447 1746 3514 quadam
1779 3449 1832 3494 et
1864 3439 2040 3493 divina
2085 3437 2281 3492 virtute

729 3548 783 3598 in
821 3545 1082 3613 quosdam
1128 3539 1340 3594 advenit
1368 3546 1457 3590 aut
1490 3549 1642 3611 suum
1681 3533 1952 3585 Christum
1991 3527 2178 3590 mittit,
2227 3525 2280 3578 id

730 3637 858 3688 facit
908 3644 965 3687 ut
1008 3633 1247 3701 exploret
1279 3630 1496 3698 quinam
1543 3626 1764 3678 credant
1806 3631 1898 3674 ant
1931 3620 2019 3688 qui
2064 3619 2173 3672 sint
2202 3619 2282 3671 in-

729 3727 966 3788 creduli;
1003 3726 1093 3791 sed
1132 3734 1187 3777 ttt
1217 3715 1734 3776 onn‘libusmiseriis
1764 3712 2009 3766 exsolvat
2047 3710 2279 3777 quicun~

728 3830 832 3882 que
864 3812 1189 3868 crediderint
1222 3820 1275 3865 et
1305 3810 1419 3878 ejus
1456 3807 1785 3882 divinitatem
1822 3800 2165 3867 acceperint;
2197 3797 2280 3849 in-

727 3907 967 3962 credulis
987 3919 1113 3958 vero
1142 3919 1353 3956 omnem
1378 3886 1741 3955 excusationis
1765 3895 1937 3977 locum
1965 3891 2276 3961 praecludat,

728 4012 786 4050 se
820 3997 938 4048 idco
979 4006 1082 4047 non
1117 3991 1430 4053 credidisse,
1458 3987 1618 4058 506
1644 3986 1763 4056 quia
1811 3983 2052 4037 doctrina
2087 3979 2274 4035 defuit.

724 4087 838 4153 Qua
895 4087 1055 4155 igitur
1083 4081 1286 4137 ratione
1336 4081 1631 4134 ostenderit
1675 4092 1740 4129 ex
1789 4083 1968 4128 nostra
2011 4069 2274 4125 sententia

724 4177 1000 4244 consequi,
1041 4184 1098 4227 ut
1127 4173 1268 4226 Deus
1301 4169 1364 4223 iis
1392 4171 1461 4223 sit
1494 4167 1704 4229 similis,
1734 4164 1824 4233 qui
1871 4163 2065 4216 divites
2090 4175 2275 4214 recens

725 4263 851 4316 facti
898 4272 1172 4318 ostentare
1215 4276 1274 4313 se
1324 4258 1466 4312 soliti
1513 4254 1680 4308 sunt?
1719 4251 1900 4319 Neque
1927 4252 2089 4311 enim,
2127 4258 2183 4301 ut
2217 4262 2275 4301 se

725 4363 979 4420 ostentet,
1013 4355 1152 4406 Deus
1191 4367 1342 4405 suam
1377 4365 1405 4402 a
1440 4346 1592 4401 nobis
1633 4341 2000 4398 excellentiam
2050 4337 2272 4405 intelligi

722 4443 836 4494 vult
863 4450 917 4495 et
948 4441 1269 4508 cogitatione
1307 4433 1726 4506 comprehendi;
1766 4433 1857 4484 sed
1895 4428 2023 4497 quia
2072 4426 2273 4479 nostris

2403 639 2674 693 ὲκλείπειν
2697 640 2809 710 (54)
2837 640 2998 694 αὑτὸν
3023 639 3231 710 φῶμεν,
3259 641 3353 694 καὶ
3380 641 3536 695 ἄλλον
3560 640 3684 694 τινὰ
3709 643 3938 713 πληροῦν,

2401 731 2460 782 οὐ
2495 729 2620 800 περὶ
2643 731 2808 783 τόπου
2839 730 2899 784 τὸ
2932 730 3167 784 τοιοῦτον
3207 730 3626 801 άποφανούμεθα
3646 750 3658 761 ·
3695 732 3828 785 άλλά
3862 735 3939 802 τὴν

2405 819 2502 901 μὲν
2532 818 2625 873 τοῦ
2677 819 2883 889 φαύλου
2915 822 3006 874 καὶ
3041 821 3335 892 κεχυμένου
3379 825 3436 876 ὲν
3475 824 3538 892 τῇ
3581 822 3749 891 κακία
3791 823 3941 892 ψυχὴν

2401 913 2641 982 φήσομεν
2681 910 3093 965 καταλείπεσθαι
3138 912 3242 972 ὑπὸ
3286 911 3379 964 τοῦ
3421 911 3588 978 Θεοῦ,
3628 912 3729 982 τὴν
3779 914 3832 965 δὲ
3866 911 3942 964 τοῦ

2401 1001 2718 1070 βουλομένου
2751 1001 2848 1073 ζῇν
2880 1005 2998 1056 κατ’
3025 1001 3245 1072 ἀρετῆνν
3273 1003 3307 1073 ἦ
3344 1003 3436 1056 καὶ
3468 993 3880 1074 “mmmam;
3913 1004 3939 1073 ἢ

2400 1095 2492 1146 καί
2515 1094 2611 1163 ἤδη
2644 1091 2840 1157 ζῶντος
2870 1094 2988 1146 κατ’
3021 1095 3207 1164 αὐτὴν,
3239 1094 3658 1165 ἀποφανούμεθα
3688 1096 3794 1164 (35)
3823 1095 3941 1165 πλη-

2401 1183 2640 1256 ροῦσθαι,
2677 1185 2710 1255 ἢ
2751 1186 2993 1254 μετέχειν
3027 1186 3170 1238 θείου
3199 1184 3530 1254 Πνεύματος.
3564 1188 3639 1238 Οὐ
3679 1188 3831 1256 χρεία
3866 1183 3944 1240 οὖν

2399 1277 2477 1337 εἰς
2510 1277 2605 1346 τὴν
2656 1275 2747 1328 τοῦ
2798 1274 3032 1345 Χριστοῦ
3083 1275 3324 1338 κάθοδον,
3370 1275 3514 1346 ἥείς
3569 1278 3667 1346 τὴν
3700 1278 3832 1348 πρὸς
3860 1281 3943 1330 άν-

2399 1365 2643 1435 θρώπους
2675 1365 3002 1436 ἐπιστροφὴν
3032 1366 3123 1418 τοῦ
3167 1364 3321 1431 Θεοῦ,
3355 1367 3772 1420 καταλείπεσθαι
3801 1370 3946 1438 ἕδραν

2401 1451 2637 1520 μείζονα,
2684 1452 2778 1504 καὶ
2827 1452 3251 1522 μεταϐάλλεσθαι
3292 1453 3359 1506 τά
3389 1453 3532 1524 τῇδε,
3568 1455 3641 1517 ὡς
3685 1456 3714 1507 ό
3756 1457 3944 1521 Κέλσος

2397 1541 2563 1594 οἴεται
2581 1541 2750 1610 λέγων
2769 1559 2783 1573 ο
2803 1553 2835 1594 ἰ
2855 1545 2916 1596 Ei
2938 1543 3119 1614 γάρὲν
3147 1561 3196 1597 τι
3223 1545 3328 1597 τῶν
3344 1545 3463 1616 τῇδε
3484 1545 3589 1616 (56)
3614 1547 3943 1617 τούλάχιστον

2400 1633 2739 1704 μεταϐάλοις,
2773 1634 3150 1704 ἀνατραπέντα
3181 1637 3454 1707 οἰχήσεταί
3488 1655 3570 1690 σοι
3599 1638 3664 1691 τά
3701 1641 3892 1696 πάντα.
3925 1663 3940 1695 ι

2396 1723 2456 1774 Ei
2499 1721 2556 1774 δὲ
2751 1723 2928 1789 λέγειν
2978 1725 3328 1794 μεταϐάλλειν
3359 1728 3629 1798 παρουσίᾳ
3678 1729 3945 1800 δυνάμεως

2395 1805 2526 1858 Θεοῦ
2559 1808 2652 1860 καὶ
2688 1808 2946 1880 ἐπιδημίᾳ
2973 1810 3066 1862 τοῦ
3097 1812 3270 1879 Λόγου
3316 1815 3396 1876 είς
3446 1813 3761 1885 ἀνθρώπους
3814 1821 3946 1887 τινά,

2397 1897 2495 1950 οὐκ
2549 1897 2846 1968 ὀκνήσομεν
2905 1899 3081 1966 λέγειν
3119 1903 3470 1972 μεταϐάλλειν
3519 1907 3582 1958 ὲκ
3624 1909 3827 1976 φαύλου
3874 1914 3946 1975 εἰς

2396 1988 2624 2051 ἀστεῖον,
2659 1991 2751 2041 καὶ
2778 1990 2834 2055 ἐξ
2865 1990 3160 2045 ἀκολάστου
3191 1995 3270 2056 είς
3301 1993 3568 2065 σώφρονα,
3587 1999 3680 2050 καὶ
3700 2001 3762 2052 ὲκ
3793 2001 3947 2053 δεισι-

2393 2077 2639 2148 δαίμονος
2682 2081 2760 2142 είς
2807 2081 3022 2152 εὐσεϐῆ,
3082 2083 3172 2136 τὸν
3209 2085 3646 2156 παραδεξάμενον
3701 2089 3798 2159 τὴν
3858 2090 3944 2144 τοῦ

2393 2168 2563 2236 Λόγου
2588 2169 2678 2222 τοῦ
2712 2170 2843 2224 Θεοῦ
2877 2173 3276 2243 ὲπιδημίανείς
3302 2174 3398 2245 τὴν
3429 2176 3618 2230 ἑαυτοῦ
3647 2179 3845 2249 ψυχήν.

2466 2350 2528 2402 Et
2569 2351 2625 2402 δὲ
2665 2351 2755 2403 καὶ
2803 2351 2936 2423 πρὸς
2978 2350 3046 2405 τά
3087 2353 3584 2421 καταγελαστότατα
3615 2357 3709 2411 τοῦ
3743 2361 3944 2415 Κέλσου

2392 2440 2561 2503 θέλεις
2592 2443 2737 2511 ἡμᾶς
2761 2444 3019 2513 ἀπαντᾷν,
3051 2442 3211 2496 ἄκουε
3235 2444 3397 2497 αὑτοῦ
3430 2445 3677 2514 λέγοντος
3695 2465 3709 2478 ·
3734 2468 3752 2501 ι
3789 2451 3942 2505 Ἀλλά

2389 2530 2496 2602 γάρ
2519 2532 2873 2602 ἀγνοούμενος
2896 2536 2922 2584 ὁ
2965 2533 3094 2596 Θεὸς
3111 2535 3168 2586 ὲν
3189 2534 3508 2606 ἀνθρώποις,
3527 2537 3626 2590 καῖ
3643 2540 3795 2610 παρά
3810 2541 3942 2593 τοῦτ’

2390 2621 2602 2674 ἔλαττον
2633 2622 2774 2692 ἔχειν
2813 2622 3000 2690 δοκῶν,
3027 2623 3194 2675 ἐθέλοι
3221 2625 3285 2676 ἂν
3316 2624 3643 2694 γνωσθῆναι,
3680 2629 3776 2681 καὶ
3816 2632 3940 2692 τώς

2389 2711 2734 2775 πιστεύοντάς
2764 2729 2822 2764 τε
2854 2713 2945 2770 καὶ
2977 2713 3331 2777 ἀπιστοῦντας
3361 2714 3706 2801 διαπεὶράσαι
3729 2735 3742 2748 ·
3780 2721 3942 2772 καθά-

2390 2821 2494 2874 περ
2512 2805 2558 2855 οἱ
2583 2804 2887 2856 νεόπλουτοι
2907 2804 3014 2855 τῶν
3030 2803 3328 2873 ἀνθρώπων
3361 2807 3790 2872 ὲπιδεικτιῶντες
3814 2813 3938 2879 (δη,

2388 2894 2585 2964 πολλήν
2611 2911 2729 2946 τινα
2762 2895 2853 2946 καὶ
2905 2895 3043 2946 πάνυ
3089 2895 3288 2965 θνητὴν
3333 2897 3640 2967 φιλοτιμίαν
3681 2901 3776 2952 τοῦ
3811 2901 3941 2956 Θεοῦ

2387 2985 2876 3055 καταμαρτυροῦσι.
2937 3005 2954 3036 ι
3019 2987 3198 3055 Φαμὲν
3253 2983 3364 3050 οὖν,
3420 2989 3520 3051 ὅτι,
3584 2991 3942 3062 ἀγνοούμενος

2386 3074 2515 3138 Θεὸς
2561 3077 2679 3150 ὑπὸῆ
2704 3075 2917 3142 φαύλων
2959 3075 3288 3146 ἀνθρώπων,
3337 3079 3397 3130 οὐ
3459 3080 3607 3150 παρά
3664 3081 3724 3133 τὸ
3785 3082 3941 3145 αὐτὸς

2386 3163 2598 3217 ἔλαττον
2631 3165 2768 3233 ἔχειν
2789 3166 2958 3230 δοκεῖν
2990 3166 3128 3218 θέλοι
3154 3167 3217 3219 ἂν
3245 3168 3564 3238 γνωσθῆναι,
3594 3171 3729 3224 ἀλλά
3758 3172 3822 3224 τὸ
3849 3173 3940 3241 τὴν

2387 3255 2582 3321 γνῶσιν
2617 3254 2775 3307 αὑτοῦ
2807 3255 3214 3324 κακοδαιμονίας
3238 3258 3598 3311 ἀπαλλάσσειν
3636 3261 3726 3313 τὸν
3754 3263 3941 3329 γιγνώ-

2387 3361 2579 3396 σκοντα
2603 3361 2615 3374 ·
2644 3344 2756 3396 ἀλλ’
2790 3345 2908 3396 οῦδὲ
2937 3345 3278 3416 διαπειράσαι
3312 3347 3479 3400 θέλων
3508 3350 3633 3412 τοὺς
3663 3353 3942 3404 πιστεύον-

2382 3453 2497 3500 τας,
2541 3436 2572 3506 ἢ
2620 3437 2743 3499 τοὺς
2783 3437 3159 3500 ἀπιστοῦντας,
3211 3439 3327 3508 ἤτοι
3379 3439 3537 3502 αὐτὸς
3585 3442 3810 3512 ἀρῥῆτφ
3851 3445 3939 3495 κείὶ

2381 3526 2499 3597 θείᾳ
2530 3527 2750 3597 δυνάμει
2784 3527 2837 3578 ἐν
2873 3544 3013 3580 τισιν
3046 3529 3313 3599 ἐπιδημεῖ,
3345 3529 3375 3599 ἢ
3417 3530 3618 3599 πέμπει
3671 3532 3761 3584 τὸν
3806 3535 3940 3604 Χρι-

2381 3621 2503 3671 στὸν
2534 3619 2715 3684 αὑτοῦ,
2751 3618 2861 3671 ἀλλ’
2896 3620 3040 3687 ὑπὲρ
3071 3618 3160 3669 τοῦ
3200 3618 3544 3682 πιστεύοντας
3576 3621 3672 3688 μὲν
3724 3625 3818 3674 καὶ
3846 3641 3942 3675 κα-

2377 3711 2815 3779 ταλαμϐάνοντας
2847 3708 3007 3761 αὑτοῦ
3061 3709 3158 3777 τὴν
3219 3707 3464 3779 θεότητα,
3501 3712 3941 3765 ἀπαλλάσσεσθαι

2380 3801 2557 3868 πάσης
2590 3799 3020 3868 κακοδαιμονίας,
3067 3799 3422 3861 ἀπιστοῦντας
3468 3800 3523 3851 δὲ
3573 3803 3695 3870 μηδ’
3741 3804 3942 3855 ἀπολο-

2379 3890 2500 3957 γίας
2533 3890 2607 3941 ἔτι
2643 3890 2826 3961 χώραν
2852 3890 3012 3958 ἔχειν,
3043 3889 3116 3952 ὡς
3151 3889 3298 3959 παρὰ
3325 3890 3382 3941 τὸ
3417 3889 3488 3959 μὴ
3516 3892 3814 3960 ἀκηκοέναι
3851 3896 3941 3945 καὶ

2377 3980 2751 4049 δεδιδάχθαιού
2785 3978 3174 4040 πιστεύσαντας
3197 3979 3326 4044 (58).
3363 3978 3457 4040 Τίς
3490 3973 3582 4030 οὖν
3604 3979 3763 4047 λόγος
3799 3999 3942 4049 παρσ-

2382 4071 2585 4139 ίστησιν
2640 4064 3124 4134 ἀκολουθεῖν’ἡμῖν
3185 4065 3243 4117 τὸ
3287 4065 3374 4116 τὸν
3440 4064 3570 4116 Θεὸν
3621 4064 3744 4118 καθ’
3793 4069 3943 4134 ἡμᾶς

2375 4156 2529 4223 εἶναι,
2576 4159 2649 4221 ὡς
2700 4159 2821 4219 τοὺς
2871 4155 3214 4217 νεοπλούτους
3247 4155 3352 4206 τῶν
3394 4153 3693 4223 ἀνθρώπων
3741 4156 3943 4207 ἐπιδειο

2375 4251 2672 4313 κτιῶντας;
2724 4249 2796 4301 Ού
2840 4249 2948 4320 γὰρ
2997 4247 3291 4316 ἐπιδεικτιᾷ
3335 4247 3363 4297 ό
3406 4245 3537 4307 Θεὸς
3585 4246 3722 4316 πρὸς
3768 4250 3941 4316 ἡμᾶς,

2376 4339 2686 4408 βουλόμενος
2717 4339 2862 4406 ἡμᾶς
2891 4338 3121 4389 συνιέναι
3151 4336 3244 4388 καὶ
3267 4337 3404 4388 νοεῖν
3442 4335 3600 4387 αὐτοῦ
3632 4335 3730 4404 τὴν
3761 4339 3941 4406 ὑπερ-

2374 4429 2501 4497 οχήν
2534 4426 2640 4495 (59)
2661 4442 2672 4454 ·
2709 4425 2842 4478 ἀλλά
2873 4425 2968 4494 τὴν
3001 4426 3109 4477 ἀπὸ
3139 4423 3232 4475 τοῦ
3267 4423 3657 4491 γιγνώσκεσθαι
3681 4428 3815 4494 ἡμῖν
3845 4427 3946 4478 αὐ-

724 4535 920 4587 animis
947 4532 1252 4595 felicitatem
1301 4531 1352 4583 in
1401 4529 1481 4581 sui
1527 4524 1837 4594 cognitione
1887 4519 2116 4587 positam
2149 4531 2273 4569 cono

2386 4519 2467 4571 τὸν
2497 4516 2846 4586 ὲγγινομένην
2875 4517 2992 4576 ταῖς
3020 4515 3214 4584 ψυχαῖς
3243 4502 3399 4584 ὴμῶν
3438 4517 3812 4585 μακαριότητα
3839 4517 3944 4585 ἐμ.

722 4626 864 4678 ferre
896 4631 1062 4691 optat,
1086 4621 1154 4675 ob
1179 4619 1317 4672 hanc
1363 4633 1475 4670 rem
1519 4614 1728 4670 curavit
1772 4621 1829 4666 ut
1866 4611 2110 4665 Christus
2143 4605 2272 4660 Ver-

721 4718 956 4783 bumquc
988 4718 1243 4781 perpetuo
1291 4708 1427 4775 apud
1457 4719 1552 4760 nos
1583 4712 1907 4768 versaretur,
1953 4714 2158 4767 nosque
2204 4699 2271 4751 ad

721 4807 836 4873 ejus
866 4803 1284 4857 familiaritatem
1331 4798 1601 4850 invitaret.
1633 4793 1842 4846 Nullam
1877 4793 2040 4860 igitur
2067 4799 2268 4842 morta-

722 4897 788 4948 lis
833 4895 1011 4962 glorizc
1051 4890 1399 4946 ambitionem
1446 4885 1557 4938 Deo
1604 4882 1793 4936 tribuit
1837 4879 2265 4933 Christianorum

723 4989 874 5038 “(’05.

791 5076 847 5128 ’1.
890 5075 1174 5143 Postquam
1206 5073 1317 5125 haec
1345 5083 1463 5137 qua:
1489 5063 1786 5118 rcfellimns
1815 5059 2010 5113 frustra
2042 5067 2268 5125 nugatns

722 5177 822 5228 est,
853 5175 1030 5232 postea
1062 5166 1243 5218 nescio
1279 5160 1544 5228 quomodo
1575 5155 1865 5214 concludit,
1903 5169 1920 5200 ι
1967 5149 2130 5201 Deum
2160 5163 2264 5199 non

721 5267 937 5325 pr0pter
959 5271 1016 5308 se
1061 5257 1295 5322 indigere
1324 5262 1378 5302 ut
1419 5255 1793 5316 cognoscatur,
1821 5243 1911 5296 scd
1943 5247 2138 5292 nostra:
2171 5252 2258 5290 sa-

789 5411 900 5477 (54)
942 5407 1328 5477 Spcnccrusin
1364 5400 1653 5477 ισταμέάν
1682 5399 1787 5477 γάρ
1835 5398 1924 5450 καὶ
1969 5394 2258 5447 ἐκλείπειν.

719 5468 1034 5534 uomit-uuis
1065 5476 1212 5537 legit,
1243 5475 1334 5523 ἕνα
1357 5474 1462 5541 γάρ
1495 5473 1542 5522 ει
1577 5468 1861 5541 ἐκλείπειν.

787 5551 897 5617 (55)
938 5532 1821 5617 (Σοιίιςτὶὶυξξὶιιε,ἀποθανούμεθα,
1878 5543 2044 5589 recte.
2095 5532 2260 5591 Alias,

717 5614 1139 5686 ἀποφαινόμεθα.

786 5667 1045 5754 {suum
1071 5697 1112 5733 Ix
1146 5680 1398 5754 _J.»liann_s
1448 5677 1701 5754 secundtL
1726 5690 1923 5754 titantt,_
1962 5669 2070 5749 τῷν
2113 5667 2258 5737 τῇδε,

716 5742 1170 5810 τριῖιείΑΙῙιιδποῦ
1187 5747 1329 5814 τῇδε.
1356 5745 1517 5814 l’aulo
1534 5756 1647 5814 post
1665 5743 1993 5797 llwschclius
2014 5742 2222 5806 inltcxtn
2245 5776 2259 5800 ,

718 5826 991 5897 παρρησίᾳ
1031 5811 1308 5888 δυνάμεως
1341 5812 1496 5874 Θεοῦ,
1533 5811 1689 5865 Inalc.

2379 4607 2601 4677 φύεσθαι
2621 4607 2749 4675 ἡμῖν
2775 4604 2959 4664 θέλων,
2991 4603 3425 4672 πραγματεύεται
3446 4601 3535 4654 διὰ
3558 4602 3651 4654 τοῦ
3673 4605 3940 4673 Χριστοῦ,

2377 4699 2467 4751 καὶ
2517 4699 2610 4768 τῆς
2655 4695 2742 4746 ἀεὶ
2791 4691 3075 4761 ἐπιδημίας
3131 4691 3224 4743 τοῦ
3283 4693 3474 4758 Λόγου,
3533 4691 3940 4760 ἀναλαμσάνεεν

2375 4791 2519 4859 ἡμᾶς
2553 4788 2650 4858 τὴν
2684 4786 2814 4855 πρὸς
2856 4784 3014 4835 αὑτὸν
3046 4782 3332 4835 οίκείωσιν.
3367 4781 3631 4849 Ούδεμίαν
3662 4777 3759 4832 οὖν
3801 4780 3939 4849 θνη-

2370 4881 2465 4949 τὴν
2511 4877 2811 4947 φιλοτιμίαν
2856 4877 2883 4926 ὁ
2932 4871 3264 4943 Χριστιανῶν
3317 4870 3470 4937 λόγος
3520 4886 3938 4940 καταμαρτυρε-

2372 4967 2462 5020 τοῦ
2495 4965 2647 5018 Θεοῦ.

2440 5057 2550 5108 Ούκ
2587 5046 2700 5106 οἶδα
2726 5055 2768 5106 δ’
2796 5053 2943 5113 ὅπως
2973 5049 3282 5122 φλυαρήσας
3320 5047 3492 5117 μάτην
3526 5049 3607 5116 ἐφ’
3639 5045 3719 5111 οἷς
3748 5049 3937 5114 ἐξεθε-

2375 5148 2530 5216 μεθα,
2575 5145 2793 5216 ὒστερόν
2845 5160 2971 5195 ποτε
3007 5140 3296 5200 ἐκτίθεται,
3340 5140 3418 5190 ὅτι
3467 5157 3484 5189 ι
3544 5140 3603 5191 ού
3650 5139 3717 5191 δι’
3767 5143 3937 5193 αὑτὸν

2365 5237 2610 5306 δεόμενος
2639 5234 2961 5304 γνωσθῆναι,
3003 5232 3137 5285 ἀλλά
3178 5230 3263 5282 διὰ
3300 5230 3396 5301 τὴν
3435 5232 3708 5301 ἡμετέραν
3752 5246 3928 5298 σωτη-

2442 5391 2550 5459 (37‘,
2591 5387 2902 5459 Boltet‘ellus
2931 5397 3050 5459 post
3079 5386 3296 5438 verbum
3321 5385 3772 5448 ὲπιδεικτιῶντες,
3802 5386 3933 5438 seri-

2372 5455 2457 5509 hit'
2478 5459 2694 5522 majoris
2723 5456 3080 5508 distinctionis
3115 5463 3293 5506 notam
3323 5468 3374 5506 et
3412 5467 3533 5521 post
3568 5471 3755 5509 vocent
3795 5455 3930 5505 πολ-

2371 5527 2465 5594 λήν
2495 5527 2636 5576 addit
2667 5524 2827 5594 γοῦν,
2850 5526 2930 5578 vel
2960 5524 3086 5591 quid
3119 5522 3310 5594 simile.

2437 5595 2547 5664 (.38)
2586 5588 2751 5645 Codd.
2798 5588 2996 5661 Regius
3054 5601 3109 5645 et
3145 5590 3488 5651 Basileensis,
3533 5589 3596 5640 ού
3644 5588 3932 5642 πιστεύον-

2368 5681 2482 5726 τας.

2438 5725 2549 5802 (59)
2591 5729 2922 5784 lla-schelius
2965 5727 3016 5781 in
3056 5734 3224 5790 textu,
3271 5725 3438 5794 αὐτὴν
3486 5725 3584 5792 τὴν
3629 5725 3912 5797 ὑπεροχήν
