4100 6318
178 564 197 619 I
209 559 343 623 (ιε-ι’

1327 559 1607 617 CONTRA
1635 554 1909 613 CELSUM
1943 556 2070 612 LIB.
2107 556 2196 612 IV.

3242 552 3381 608 1038

176 681 304 753 ρίαν
328 678 522 749 γνῶσιν
544 679 672 750 ήμῖν
705 679 1001 751 παρασχεῖν
1031 676 1222 732 ἑαυτοῦ
1282 676 1554 747 βούλεται’
1592 646 1659 730 Iv;
1688 678 1734 729 οί

1847 673 1936 728 luti
1968 674 2269 736 consulere,
2297 686 2417 727 cum
2448 671 2528 727 sui
2563 669 2716 726 nobis
2761 668 3003 724 notitiam
3035 669 3284 739 praebet;
3324 675 3380 722 ut

177 772 284 842 μὲν
315 769 739 842 παραδεξάμενοι
777 769 944 840 αὐτὴν
976 770 1201 840 χρηστοὶ
1237 769 1513 839 γενόμενοι
1547 768 1734 822 σωθῶ-ο

177 879 299 918 cur
334 863 382 915 ol
404 861 461 914 δὲ
496 860 568 931 μὴ
600 859 1027 932 παραδεξάμενοι
1056 860 1460 930 ἀποδειχθέντες
1491 860 1734 932 πονηροὶ,

175 951 532 1006 κολασθῶσιν.
576 971 594 1003 ι
638 953 746 1005 Καὶ
782 951 1068 1021 ἐκθέμενός
1093 969 1150 1004 τε
1182 953 1243 1006 τὸ
1271 951 1503 1005 τοιοῦτον
1533 954 1737 1005 ἐπαπο-

177 1046 271 1116 pet
309 1044 499 1111 λέγων,
542 1063 559 1096 ι
607 1043 721 1096 Νῦν
764 1039 873 1113 ἆρα
907 1043 1042 1113 μετὰ
1081 1043 1331 1096 τοσοῦτον
1377 1042 1543 1097 αἰῶνα
1576 1042 1682 1112 (40)
1708 1042 1738 1093 δ

173 1133 316 1199 Θεὸς
355 1133 661 1206 ἀνεμνήσθη
682 1135 966 1188 δικαιῶσαι
995 1135 1085 1188 τὸν
1111 1135 1406 1207 ἀνθρώπων
1441 1135 1571 1205 βίον,
1607 1134 1737 1205 πρό-

175 1243 340 1298 τερον
371 1227 426 1280 δὲ
458 1226 680 1297 ἠμέλεις
721 1245 739 1278 ι
781 1228 888 1279 Καὶ
919 1227 1054 1297 πρὸς
1085 1227 1237 1280 τοῦτο
1270 1227 1326 1279 δὲ
1362 1229 1621 1297 φήσομεν,
1655 1227 1736 1279 ὃτι

175 1319 283 1370 οὐκ
320 1316 462 1370 ἐστιν
493 1319 569 1370 ὅτ’
600 1318 701 1370 οὐκ
726 1317 982 1388 ὲΰουλήθη
1019 1317 1296 1370 δικαιῶσαι
1320 1317 1409 1369 τὸν
1441 1315 1735 1387 ἀνθρώπων

182 1409 302 1479 βίον
332 1412 361 1464 ὁ
389 1410 554 1473 Θεός’⁶
588 1408 723 1462 ἀλλὰ
745 1411 836 1462 καί
863 1410 949 1462 ἀεὶ
981 1409 1306 1479 ἐπεμελήθη,
1340 1409 1512 1472 διδοὺς
1537 1408 1738 1480 ἀρετῆς

180 1501 438 1572 ἀφορμὰς
467 1502 559 1555 τοῦ
593 1501 1014 1572 ἐπανορθοῦσθαι
1046 1503 1106 1553 τὸ
1151 1499 1359 1568 λογικὸν
1392 1499 1546 1563 ζῶον.
1585 1499 1740 1555 Κατὰ

180 1591 297 1662 γὰρ
328 1592 559 1662 ἑκάστην
595 1593 786 1660 γενεὰν
834 1594 866 1662 ἡ
909 1592 1067 1660 σοφία
1117 1590 1209 1644 τοῦ
1257 1589 1389 1642 Θεοῦ
1433 1591 1512 1653 εἰς
1542 1589 1737 1660 ψυχὰς,

180 1683 252 1746 ἃς
298 1683 539 1753 εὑρίσκει
586 1683 754 1747 ὁσίας,
801 1684 1206 1752 μεταϐαίνουσα,
1243 1684 1423 1752 φίλους
1471 1682 1605 1736 Θεοῦ
1648 1684 1741 1736 καὶ

182 1774 470 1843 προφήτας
524 1774 931 1837 κατασκευάζει.
985 1774 1094 1826 Καὶ
1144 1773 1414 1844 εὑρεθεῖέν
1467 1774 1517 1843 γ’
1571 1774 1636 1826 ἂν
1685 1775 1741 1827 ὲν

175 1868 307 1938 ’ταῖς
342 1869 510 1936 ἱεραῖς
540 1864 734 1935 βίϐλοις
765 1867 813 1916 οί
847 1865 961 1917 καθ’
996 1867 1232 1936 ἑκάστην
1263 1865 1453 1933 γενεὰν
1485 1867 1618 1918 ὅσιοι
1650 1865 1742 1917 καί¹

182 1958 422 2012 δεκτικοὶ
451 1956 544 2010 τοῦ
591 1955 731 2009 θείου
776 1955 1114 2024 Πνεῦματος·
1167 1956 1259 2007 καὶ
1301 1956 1376 2020 ὠς
1415 1955 1741 2026 ἐπέστρεφον

182 2050 314 2112 τοὺς
347 2051 465 2102 κατ’
497 2050 690 2111 αὐτοὺς
725 2048 854 2119 (41),
887 2048 985 2114 ὅση
1011 2038 1256 2117 δύναμις.

261 2207 423 2261 Οὐδὲν
456 2208 511 2261 δὲ
536 2206 845 2295 θαυμαστὸν
874 2205 933 2260 τὸ
971 2209 1181 2276 γενεαῖς
1211 2224 1320 2260 τισι
1349 2207 1627 2277 προφήτας
1653 2222 1745 2273 γε·
1805 2211 1809 2215 ’

184 2300 425 2368 γονέναι,
459 2299 815 2370 ὑπερέχοντας
840 2300 896 2351 ὲν
917 2302 982 2370 τῇ
1016 2301 1290 2371 παραδοχῇ
1320 2300 1420 2369 τῆς
1455 2299 1741 2369 θειότητος,

183 2389 276 2443 διὰ
299 2390 390 2443 τὸν
421 2393 513 2444 ἐπὶ
548 2390 724 2443 πλεῖον
757 2389 967 2442 εὔτονον
997 2390 1089 2442 καὶ
1121 2388 1426 2461 ἐρρωμένον
1461 2387 1590 2458 βίον,
1627 2387 1745 2457 έτέ-
1826 2387 1830 2390 ’

187 2500 302 2553 ρων
350 2481 639 2554 προφητῶν
669 2498 829 2535 τινων
867 2480 964 2552 μὲν
1020 2482 1139 2534 κατ’
1189 2481 1382 2549 αὐτοῦς
1403 2521 1417 2542 ,
1451 2479 1640 2540 ,ἄλλων
1690 2478 1746 2530 δὲ

187 2573 687 2645 προγενεστέρωνῆ
720 2572 1206 2645 μεταγενεστέρων.
1234 2571 1388 2624 Οῦτω
1423 2571 1479 2624 δὲ
1518 2571 1576 2623 οὐ
1618 2569 1746 2622 θαυ-

188 2666 396 2736 μαστὸν
424 2666 524 2720 καί
542 2682 662 2719 τινα
710 2666 896 2736 καιρὸν
941 2664 1239 2732 γεγονέναι,
1272 2663 1348 2716 ὅτ’
1378 2663 1651 2734 ἐξαίρετόν
1691 2679 1744 2714 τι

185 2757 378 2826 χρῆμα
420 2757 778 2827 ἐπιδεδήμηκε
819 2755 897 2825 τῷ
944 2756 1087 2823 γένει
1138 2753 1244 2806 τῶν
1291 2752 1618 2824 ἀνθρώπων,
1654 2751 1746 2804 καὶ

182 2847 445 2916 διαφέρον
484 2846 632 2916 παρὰ
677 2849 800 2908 τοὺς
859 2845 1310 2916 προγενεστέρους
1350 2842 1512 2896 αὐτοῦ
1568 2844 1600 2913 ἢ
1654 2845 1748 2897 καὶ

190 2937 696 3008 μεταγενεστέρους.
734 2937 882 3005 Ἔχει
929 2937 986 2988 δέ
1015 2953 1066 2987 τι
1110 2938 1137 2987 ὁ
1180 2936 1308 3003 περὶ
1345 2933 1546 2986 τούτων
1594 2933 1748 3000 λόγος

188 3025 594 3099 μυπικὼτερον
621 3025 714 3078 καὶ
748 3024 1056 3094 βαθύτερον,
1087 3022 1179 3075 καὶ
1225 3022 1298 3092 μὴ
1345 3021 1482 3074 πάνυ
1525 3037 1577 3072 τι
1615 3020 1749 3087 φθά-

186 3135 307 3174 νσιν
348 3118 637 3186 δυνάμενον
686 3116 777 3168 ἐπὶ
826 3117 922 3185 τὴν
960 3112 1366 3185 δημωδεστέραν
1405 3111 1589 3182 ἀκοήν.
1640 3109 1748 3162 Καὶ

186 3212 290 3274 δεῖ,
322 3211 461 3281 ὑπὲρ
517 3208 608 3262 τοῦ
654 3207 822 3261 ταῦτα
870 3203 977 3276 (42)
1020 3204 1399 3274 ἀφανισθῆναι,
1446 3202 1541 3255 καὶ
1579 3201 1750 3254 ἁπαν-

186 3304 426 3374 τηθῆναι
465 3302 598 3372 πρὸς
647 3299 716 3353 τὰ
757 3299 1017 3368 λεγόμενα
1057 3297 1182 3374 περὶ
1226 3295 1323 3364 τῆς
1355 3292 1587 3365 Χριστοῦ
1629 3294 1748 3345 ἑπι-

153 3396 424 3466 -δημίας,
474 3396 573 3464 (ὅτι
629 3411 646 3443 ι
700 3389 810 3444 Νῦν
869 3387 974 3459 ἆρα
1019 3387 1155 3457 μετὰ
1207 3385 1451 3438 τοσοῦτον
1507 3383 1678 3437 αἰῶνα
1721 3376 1816 3436 ὁϐ

186 3489 326 3551 Θεὸς
359 3483 663 3557 ἀνεμνήσθη
693 3482 973 3536 δικαιῶσαι
999 3479 1057 3532 τὸ
1086 3478 1382 3550 ἀνθρώπων
1409 3476 1579 3543 γένος,
1616 3475 1748 3544 πρό-

185 3596 352 3652 τερον
382 3579 438 3629 δὲ
467 3577 691 3645 ἡμέλει;
728 3579 772 3638 ι)
818 3571 1052 3639 ἅψασθαι
1091 3569 1183 3621 τοῦ
1233 3568 1357 3637 περὶ
1404 3567 1630 3637 μερίδων
1663 3566 1750 3616 λό-

186 3687 315 3739 γου,
346 3669 439 3720 καὶ
471 3663 878 3735 σαφηνίσαι,διὰ
907 3662 981 3724 τί,
1008 3663 1093 3713 ὅτε
1120 3657 1421 3728 διεμέριζεν
1441 3662 1468 3710 ὁ
1496 3659 1751 3726 "remo;

187 3763 360 3830 ἔθνη,
407 3759 481 3820 ὡς
528 3757 824 3824 διέσπειρεν
887 3753 1032 3814 υἱοὺς
1098 3751 1305 3824 ’Λδὰμγ,
1358 3749 1581 3818 ἔστησεν
1629 3749 1750 3816 ὅρια

188 3853 364 3908 ἐθνῶν
393 3851 510 3903 κατ’
534 3847 759 3920 ἀριθμὸν
779 3845 1019 3912 ἀγγέλων
1042 3841 1174 3894 Θεοῦ
1196 3859 1208 3871 θ
1232 3841 1323 3893 καὶ
1343 3840 1569 3910 ἐγενήθη
1597 3837 1750 3908 μερὶς

188 3946 400 4016 Κυρίου
455 3942 580 4004 λαὸς
631 3939 791 3992 αὑτοῦ
869 3937 1091 3999 Ἰακὼϐ,
1159 3935 1437 4004 σχοίνισμα
1495 3933 1751 4002 κληρονο-

195 4038 328 4110 μίας
378 4034 537 4089 αὐτοῦ
584 4032 826 4102 Ἰσραήλ⁸
861 4049 879 4080 ι
912 4029 1002 4080 καὶ
1033 4028 1209 4098 δεήσει
1241 4028 1336 4096 τὴν
1382 4023 1554 4077 αἰτίαν
1578 4024 1750 4074 εἰπεῖν

188 4131 294 4200 τῆς
317 4129 393 4190 εἰς
421 4127 644 4179 ἕκαστον
666 4125 807 4194 ὅριον
833 4121 1112 4189 γενέσεως,
1142 4118 1243 4170 ὑπὸ
1275 4118 1362 4169 τὸν
1402 4113 1750 4185 κεκληρωμέ-

190 4239 287 4272 νον
312 4219 373 4270 τὸ
394 4219 556 4287 ὃριον,
585 4217 676 4268 καὶ
701 4213 816 4276 πῶς
837 4211 1067 4279 εὐλόγως
1100 4207 1327 4278 ἐγενήθη
1359 4208 1511 4278 μερὶς
1551 4203 1751 4274 Κυρίου

188 4311 328 4372 λαὸς
372 4308 531 4361 αὑτοῦ
589 4305 798 4367 Ἰακὼϐ,
853 4304 1134 4373 σχοίνισμα
1193 4299 1549 4371 κληρονομίας
1594 4295 1752 4349 αὑτοῦ

205 4400 446 4470 Ἰσραήλο
482 4397 576 4450 καὶ
623 4397 711 4450 διὰ
744 4396 796 4447 τί
829 4395 1087 4465 πρότερον
1121 4393 1214 4462 μὲν
1243 4389 1308 4461 ἦν
1358 4391 1512 4461 μερὶς
1551 4388 1752 4458 Κυρίου

189 4491 326 4552 λαὸς
381 4488 543 4541 αὐτοῦ
597 4487 805 4548 Ἰακὼϐ,
861 4485 1140 4554 σχοίνισμα
1194 4481 1548 4551 κληρονομίας
1593 4479 1754 4531 αὐτοῦ

189 4578 434 4650 Ἰσραήλ⁸
460 4575 584 4646 περὶ
611 4577 664 4629 ἃ
681 4575 788 4626 τῶν
813 4573 1275 4643 ὕστερονελέγεται
1300 4570 1431 4638 πρὸς
1460 4569 1546 4621 τὸν
1573 4567 1755 4637 Σωτῆ-

195 4687 272 4742 ρα
302 4667 404 4721 ὑπὸ
438 4665 530 4718 τοῦ
566 4664 794 4736 Πατρὸς,
823 4682 840 4712 ‹
874 4663 1099 4730 Ᾱῖτησαι
1137 4664 1261 4730 παρ’
1296 4659 1449 4729 ἐμοῦ,
1485 4659 1577 4724 καὶ
1601 4657 1754 4710 δώσω
1786 4690 1804 4742 '—

195 4778 294 4814 σοι,
341 4757 466 4827 ἔθνη
511 4756 608 4827 τὴν
644 4753 999 4824 κληρονομίαν
1049 4768 1163 4810 σου,
1219 4752 1309 4805 καὶ
1349 4749 1447 4820 τήν
1489 4748 1750 4816 κατάσχε-

195 4854 289 4908 civ
337 4868 430 4903 σου
477 4848 547 4901 τὰ
584 4846 792 4917 πέρατα
822 4845 919 4914 τῆς
969 4843 1087 4913 γῆς.
1124 4861 1143 4893 ι
1173 4841 1290 4893 Εἰσὶ
1337 4840 1444 4910 γάρ
1476 4856 1616 4903 τινες
1647 4840 1755 4908 εἱρ-

196 4946 300 5018 μοὶ
343 4943 438 4997 καὶ
489 4939 790 4996 ἀκολουθίαι
845 4938 1034 5004 ἄφατοί
1084 4934 1174 4985 καὶ
1214 4931 1583 5001 ἀνεκδιήγητοι
1632 4929 1756 4999 περὶ

190 5037 305 5106 τῆς
349 5033 488 5089 κατὰ
529 5033 628 5097 τὰς
675 5027 1014 5102 ἀνθρωπίνας
1064 5025 1238 5096 ψυχὰς
1300 5023 1552 5092 διαφόρου
1611 5023 1755 5073 οἰκο-

195 5130 417 5197 νομίας.

279 5212 479 5268 *Ηλθεν
513 5212 624 5280 οὖν,
657 5215 756 5269 κᾶν
790 5213 862 5284 μὴ
898 5211 1145 5281 βούληται
1187 5208 1388 5268 Κέλσος
1412 5245 1426 5267 ,
1465 5203 1598 5274 μετὰ
1628 5202 1756 5260 πολ-

194 5308 332 5368 λοὺς
354 5307 631 5375 προφήτας
652 5303 1142 5375 ἐπανορθουμένους
1176 5298 1240 5350 τὰ
1266 5296 1354 5347 τοῦ
1383 5293 1592 5364 Ἰσραὴλ
1624 5291 1762 5343 ὲκεί-

197 5381 325 5463 νου,
369 5395 742 5465 έπανορθωτὴς
785 5397 904 5447 ὅλου
942 5393 1034 5446 τοῦ
1082 5392 1282 5459 κόσμου
1323 5390 1348 5439 ὁ
1393 5385 1654 5454 Χριστός’
1699 5384 1756 5433 οὗ

195 5487 457 5557 δεόμενος
485 5483 622 5536 κατὰ
645 5484 739 5554 τὴν
772 5484 1036 5552 προτέραν
1071 5477 1374 5546 οἰκονομίαν
1401 5478 1495 5543 τῆς
1526 5473 1640 5525 κατ’
1666 5473 1758 5523 ἀν-

197 5577 443 5648 θρώπων
468 5575 710 5645 χρήσεως
755 5573 1047 5641 μαστίγων,
1084 5574 1173 5624 καὶ
1205 5567 1436 5639 δεσμῶν,
1473 5566 1564 5617 καὶ
1599 5564 1760 5633 βασα-

304 5695 350 5725 ”
378 5691 532 5744 Deut.
576 5703 704 5750 xm,
735 5686 788 5746 8,
830 5686 884 5739 9.
929 5685 1004 5718 -°°
1045 5684 1184 5736 Psal.
1227 5702 1286 5744 ll,
1315 5684 1369 5736 8.

285 5777 395 5848 (Ml)
425 5773 598 5848 βψω.
642 5771 770 5848 Ileg.
816 5781 869 5822 et
910 5771 1064 5824 anil.
1111 5781 1254 5825 recte
1293 5772 1532 5834 omnino,
1577 5769 1767 5824 αἰῶνα.

199 5841 384 5907 Miris,
411 5844 614 5911 ἀγῶνα,
645 5841 802 5911 male.

206 5967 222 5976 ,
285 5916 397 5987 (41)
437 5907 568 5966 Kar‘
595 5910 812 5987 αὐτούς
842 5907 1238 5987 lialien_t_roi_lil.
1294 5909 1493 5987 Regius
1517 5919 1569 5987 et
1619 5910 1763 5962 Basi-

199 5977 439 6049 Icc'usis,
471 5994 656 6052 sit-que
685 5980 840 6048 paulo
867 5987 983 6045 post
1008 5977 1129 6031 libri
1165 5979 1418 6046 impressi
1450 5982 1540 6047 qui
1587 5991 1760 6032 tamen

1834 765 1923 834 qui
1955 763 2098 817 illam
2125 763 2451 833 acceperint,
2479 763 2602 816 boni
2625 761 2776 825 facti,
2801 759 3027 815 salutem
3056 769 3411 830 consequam‘

1836 864 1956 921 tur;
2001 857 2092 924 qui
2134 871 2264 911 vero
2309 853 2628 924 rejeeerint,
2680 863 2861 921 aperta
2912 853 3169 922 nequitia,
3199 867 3388 920 poenas

1836 948 2004 1001 luant.
2043 965 2062 998 ι
2098 945 2446 1015 Quoposito,
2490 945 2568 1000 sic
2601 946 2896 1013 interrogat
2928 960 2942 998 :
2981 964 2999 994 ι
3045 942 3222 1010 Quid?
3265 952 3389 1012 post

1838 1048 1912 1093 tot
1945 1040 2311 1095 saecula’nunc
2341 1037 2550 1091 tandem
2577 1035 2685 1091 Deo
2707 1036 2764 1091 in
2791 1044 3021 1090 mentem
3051 1035 3195 1088 venit
3223 1034 3384 1087 vitam

1837 1128 2113 1180 hominum
2146 1127 2494 1196 adjustitiam
2525 1126 2818 1199 reducere;
2857 1136 3002 1180 ante.
3027 1134 3204 1178 autem
3244 1138 3387 1178 cura:

1838 1218 2133 1274 nonfuit?
2184 1237 2200 1269 ι
2254 1218 2569 1287 Responch
2612 1218 2776 1271 Deum
2818 1231 3091 1288 nunquam
3141 1231 3244 1268 non
3293 1230 3386 1269 vo-

1839 1309 2004 1364 luisse
2034 1320 2090 1363 ut
2128 1309 2513 1376 hominesjusti
2538 1310 2764 1375 tierent;
2792 1310 2844 1362 id
2869 1324 3080 1377 semper
3105 1308 3252 1362 cordi
3289 1307 3386 1361 ha-

1839 1401 2057 1468 buisse;
2107 1402 2301 1472 quippe
2358 1402 2449 1470 qui
2497 1401 2711 1457 animali
2765 1401 2994 1455 rationis
3050 1401 3298 1469 compote
3334 1410 3388 1455 et

1839 1493 2211 1546 consectanda:
2259 1493 2468 1546 virtutis
2513 1502 2567 1547 et
2613 1503 2757 1546 recte
2808 1492 3034 1546 faciendi
3076 1493 3389 1546 occasiones

1840 1585 2147 1652 praebuerit.
2182 1585 2284 1640 Per
2320 1586 2558 1656 singulas
2589 1587 2730 1639 enim
2763 1585 3137 1654 generationes
3180 1583 3270 1637 Dei
3304 1598 3390 1637 sa-

1840 1675 2039 1743 pientia
2068 1675 2120 1728 in
2151 1678 2379 1742 animas,
2404 1693 2537 1746 quas
2560 1685 2774 1730 sanctas
2805 1675 3022 1739 invenit,
3055 1675 3387 1730 descendens

1841 1765 2047 1819 amicos
2073 1766 2168 1821 Dei
2195 1769 2590 1837 prephetasquc
2620 1767 2766 1819 facit.
2796 1752 3101 1832 Quinetiam
3131 1767 3180 1818 in
3216 1767 3386 1820 sacris

1841 1854 1994 1908 libris
2023 1857 2266 1911 invenire
2303 1868 2405 1920 est,
2445 1860 2535 1928 qui
2582 1860 2878 1928 quibusque
2926 1859 3170 1912 mtatibus
3211 1860 3386 1912 sancti

1841 1947 2041 2001 fuerint
2075 1956 2130 2001 et
2179 1948 2418 2001 divinum
2461 1949 2514 2002 in
2561 1964 2617 2002 se
2663 1949 2922 2015 Spiritum
2970 1949 3294 2017 receperint,
3337 1957 3390 2002 et

1773 2023 1814 2077 Β
1844 2053 1938 2107 pro
1972 2037 2175 2092 viribus
2215 2040 2281 2091 ad
2309 2039 2445 2092 alios
2473 2039 2861 2093 convertendos
2890 2039 3124 2092 studium
3150 2039 3391 2110 contule-

1847 2130 1954 2183 rint
1978 2140 2030 2184 et
2058 2131 2295 2198 operam.

1912 2222 1965 2275 8.
2007 2221 2272 2275 Cancrum
2320 2221 2510 2273 mirum
2546 2236 2648 2274 non
2694 2235 2813 2276 esse
2843 2221 3017 2287 debet,
3070 2221 3391 2290 quibusdam

1844 2311 2052 2365 sarculis
2080 2311 2244 2367 fuisse
2269 2312 2578 2381 prophetas,
2605 2313 2692 2381 qui
2723 2297 3228 2382 propteraaqualem
3254 2329 3394 2368 sein-

1846 2417 1940 2470 per
1972 2411 2411 2471 constantcmque
2447 2404 2606 2456 vitam
2650 2404 2700 2456 in
2743 2404 3078 2471 suscipienda
3114 2406 3392 2460 divinitate

1851 2503 2175 2562 superarent
2212 2494 2478 2550 alios'suaa
2513 2496 2684 2549 artatis
2714 2496 3002 2565 prophetas
3029 2506 3121 2550 aut
3148 2499 3394 2564 superio-

1849 2599 1936 2636 res
1971 2594 2064 2637 aut
2106 2596 2370 2653 posteros.
2418 2583 2601 2650 Neque
2645 2586 2837 2638 mirum
2884 2585 3044 2638 etiam
3093 2597 3173 2639 est
3221 2585 3396 2653 quod-

1850 2676 1969 2726 dam
2002 2673 2167 2729 l‘uisse
2207 2684 2433 2744 tempus,
2481 2693 2600 2730 cum
2633 2685 2896 2744 praestans
2938 2676 3065 2745 quid
3107 2687 3159 2730 et
3207 2679 3392 2747 singu-

1849 2763 1964 2819 lare
2010 2766 2077 2818 ad
2127 2767 2415 2821 humanum
2462 2783 2630 2838 genus
2681 2768 2981 2830 adveniret,
3031 2770 3113 2821 cui
3144 2768 3274 2823 nihil
3304 2780 3396 2826 aut

1849 2856 2216 2921 superioribus
2266 2859 2594 2924 temporibus
2638 2856 2832 2920 luerit,
2884 2868 2972 2912 aut
3024 2861 3396 2914 consecuturis

1849 2947 2092 2999 futurum
2122 2963 2218 3017 par
2250 2955 2304 3001 ct
2346 2948 2521 3002 simile
2550 2957 2713 3004 esset.
2765 2948 2870 3002 Sed
2919 2950 3106 3002 horum
3157 2951 3395 3004 omnium

1850 3035 2112 3088 occultior
2156 3045 2237 3089 est
2267 3044 2322 3089 et
2371 3034 2528 3089 altior
2574 3037 2738 3100 ratio,
2785 3044 2949 3103 quam
2995 3047 3051 3090 ut
3094 3053 3210 3091 eam
3251 3037 3397 3109 vulgl

1850 3132 2035 3189 captus
2071 3124 2284 3191 assequi
2323 3124 2512 3192 possit.
2545 3123 2678 3178 Nam
2730 3126 2792 3177 ad
2827 3125 3136 3181 diluendum
3183 3129 3399 3183 solven-

1851 3212 2082 3281 dumque
2116 3214 2164 3266 id
2217 3215 2356 3282 quod
2388 3213 2542 3270 nobis
2591 3214 2655 3269 de
2697 3214 2898 3269 Christi
2946 3219 3175 3271 advequ
3209 3219 3398 3286 objici-

1853 3312 1974 3358 tur:
2012 3323 2030 3355 ι
2072 3303 2273 3374 Ecquid
2312 3314 2430 3374 post
2485 3313 2558 3359 tot
2604 3307 2794 3360 saecula
2844 3323 2984 3362 nunc
3028 3310 3242 3363 tandem
3293 3311 3400 3366 Deo

1854 3397 1905 3447 iu
1943 3406 2172 3450 mentem
2201 3397 2347 3450 venit
2391 3396 2554 3451 vitam
2587 3398 2859 3467 hominum
2909 3399 3174 3455 adducere
3217 3403 3280 3455 ad
3305 3403 3399 3472 ju-

1853 3488 2075 3551 stitiam,
2106 3498 2261 3540 antea
2314 3497 2491 3542 autem
2538 3504 2678 3542 cura-
2731 3504 2830 3543 non
2869 3487 3012 3544 fuit?
3061 3510 3078 3541 ι
3135 3491 3401 3546 disserere

1854 3586 2098 3644 oporteat
2170 3578 2236 3631 de
2308 3579 2544 3647 gentium
2609 3584 2933 3647 partitione,
3004 3591 3059 3636 et
3131 3599 3400 3651 exponere

1853 3681 1968 3727 cur,
2002 3684 2019 3716 ι
2065 3669 2278 3734 quando
2323 3668 2594 3722 dividebat
2621 3670 2926 3724 Altissimus
2950 3681 3151 3739 gentes,
3189 3678 3403 3741 quando

1854 3755 2134 3822 scparabat
2188 3757 2325 3811 filios
2376 3758 2569 3819 Adam,
2606 3762 2942 3813 COIISltltli-t'il
2997 3765 3254 3817 terminos
3302 3780 3399 3833 po-

1850 3847 2094 3915 pulorum
2154 3848 2309 3915 juxta
2386 3864 2664 3903 numerum
2747 3852 3058 3919 angelorum
3135 3853 3267 3918 Dei;
3347 3866 3404 3909 et

1853 3952 1976 4004 pars
2012 3937 2218 3991 Domini
2263 3938 2421 4000 fuerit
2462 3942 2689 4008 populus
2723 3941 2836 4008 ejus
2883 3943 3043 3997 Jacob
3089 3955 3143 3998 et
3184 3946 3402 4000 funicu-

1853 4024 1935 4078 lus
1967 4026 2296 4080 hzereditatis
2325 4026 2441 4096 ejus
2468 4028 2630 4082 Israel
2663 4029 2728 4083 ”.
2768 4049 2786 4081 ›
2825 4031 2970 4099 Opus
2992 4047 3205 4102 quoque
3241 4036 3403 4089 fuerit

1855 4115 2010 4184 507
2035 4113 2230 4170 aﬂ‘erre
2267 4132 2481 4177 causam
2530 4134 2626 4171 cur
2660 4120 2820 4172 certis
2853 4121 3171 4188 quibusdam
3205 4123 3255 4176 in
3286 4125 3407 4176 tini-

1855 4210 1954 4260 bus
1995 4207 2206 4274 quidam
2251 4218 2560 4272 nascantur,
2593 4220 2648 4263 ct
2679 4211 2728 4262 in
2757 4211 2872 4280 ejus
2907 4212 3104 4266 ditioue
3135 4215 3220 4282 qui
3273 4215 3408 4269 lines

1856 4298 1974 4353 illos
2013 4300 2233 4353 sortitus
2279 4309 2361 4353 est
2396 4318 2411 4354 :
2447 4316 2546 4354 cur
2592 4305 2783 4355 merito
2837 4318 2960 4369 pars
3003 4303 3211 4357 Domini
3247 4306 3406 4360 fuerit

1855 4393 2077 4461 pepulus
2134 4394 2249 4462 ejus
2312 4391 2510 4455 Iacob,
2581 4391 2848 4446 fiiiiieulus
2909 4395 3237 4462 haereditatis
3289 4397 3407 4464 ejus

1856 4484 2050 4547 Israel;
2087 4500 2182 4536 cur
2207 4485 2352 4552 prius
2385 4498 2505 4552 pars
2530 4485 2732 4536 Domini
2765 4493 2906 4538 esset
2929 4485 3153 4552 pepulus
3183 4486 3298 4552 ejus
3319 4487 3406 4541 Ja-

1856 4575 1976 4636 σοι),
2010 4573 2277 4627 funiculus
2306 4575 2632 4627 haereditatis
2651 4577 2763 4642 ejus
2791 4575 2981 4639 Israel;
3014 4584 3197 4642 postea
3228 4587 3405 4632 autem

1858 4665 1924 4717 ad
1952 4664 2280 4720 Salvatorem
2325 4679 2355 4716 a
2389 4662 2550 4717 Patre
2584 4665 2784 4717 dictum
2829 4665 3028 4720 fuerit:
3072 4685 3089 4716 ι
3120 4667 3330 4722 Postula
3373 4684 3405 4722 a

1859 4770 1966 4817 me,
1997 4763 2050 4808 et
2089 4754 2224 4808 dabo
2258 4755 2350 4808 tibi
2394 4764 2579 4823 gentes
2613 4756 2973 4811 haereditatem
3004 4766 3169 4821 tuam,
3199 4766 3251 4811 et
3290 4772 3411 4824 pos-

1852 4848 2146 4900 sessionem
2205 4855 2346 4901 tuam
2403 4845 2657 4909 terminos
2718 4855 2874 4898 terra:
2924 4846 2988 4898 '°.
3035 4863 3054 4898 ι
3089 4847 3218 4900 Sunt
3267 4850 3405 4903 enim

1854 4945 1991 5006 apta:
2024 4937 2166 4992 inter
2185 4946 2244 4991 se
2270 4947 2326 4992 et
2346 4951 2603 4992 connexa:
2637 4937 2858 4990 diversae
2886 4936 3144 5000 rationes,
3177 4953 3308 5007 quas
3342 4941 3408 4991 ad

1855 5030 2112 5096 regendas
2159 5029 2423 5085 humanas
2469 5029 2862 5093 animas-Deus
2907 5028 3161 5092 adhibet,
3193 5032 3246 5082 et
3273 5046 3408 5099 quas

1855 5131 2014 5169 nemo
2040 5119 2293 5186 consequi
2337 5128 2390 5173 et
2422 5133 2679 5172 enarrare
2711 5128 2903 5186 potest.

1937 5204 1990 5258 9.
2027 5204 2207 5268 Igitur,
2235 5209 2579 5274 quantumvis
2600 5207 2786 5261 Celsus
2821 5208 3093 5270 reclamet,
3128 5216 3246 5276 post
3276 5208 3414 5260 mul-

1867 5302 1948 5344 tos
2001 5296 2286 5361 prOphelas
2338 5296 2428 5363 qui
2484 5295 2632 5348 illum
2669 5296 2825 5349 Israel
2885 5311 3201 5359 correxere,
3255 5300 3403 5349 venit

1865 5384 2113 5437 Christus
2142 5396 2196 5436 ut
2219 5387 2473 5439 mundum
2504 5401 2715 5440 omnem
2741 5391 3058 5457 corrigeret.
3081 5389 3262 5458 Neque
3279 5401 3414 5456 opus

1865 5474 2072 5534 habuit,
2107 5483 2164 5525 ut
2196 5474 2246 5526 in
2285 5475 2452 5540 prima
2484 5477 2912 5542 dispensatione,
2947 5478 3132 5544 virgis,
3184 5478 3412 5530 vinculis

1868 5571 1922 5614 et
1953 5565 2232 5617 tormentis
2265 5565 2329 5616 ad
2358 5565 2701 5634 castigandus
2728 5569 2995 5620 homines.
3025 5570 3247 5630 Quando
3271 5570 3414 5623 enim

1875 5769 1972 5823 hoc
1999 5769 2113 5822 loco
2142 5769 2360 5832 habent,
2398 5767 2514 5820 καθ’
2547 5771 2768 5834 ἑαυτούς

1944 5841 2053 5909 (42)
2097 5841 2427 5962 ίῗωεςιιριίυδ
2466 5840 2518 5894 itt
2554 5851 2722 5906 textu,
2768 5841 2982 5905 ταύτας,
3019 5843 3198 5906 sicque
3231 5853 3415 5894 omnes

1944 5930 1998 5962 is.
2035 5929 2114 5962 inn
2140 5927 2189 5962 e.

1874 5927 1998 5966 "I55.
2035 5927 2189 5964 litate.
