4100 6318
761 315 902 373 1043

2217 317 2536 375 OillCENIS

3827 317 3955 373 ἴου

759 450 880 490 sum
907 438 1242 506 compescat,
1281 447 1495 509 gustum
1525 439 1797 495 auditores
1828 440 2057 495 habeant
2083 457 2098 505 ;
2127 449 2305 510 postea

2410 440 2623 511 χλεύην,
2646 441 2736 492 ἐπὶ
2768 438 2834 493 τὰ
2859 439 2985 508 έξῆς
2999 437 3399 509 τραπησόμεθα.
3419 436 3553 506 Φησὶ
3566 436 3629 506 δὴ
3651 437 3679 487 6
3705 436 3845 497 Octo,
3872 432 3954 487 λό-

759 529 828 581 ad
870 527 1072 596 reliqua
1126 539 1310 599 perget
1353 532 1549 586 oratio.
1582 532 1772 604 Divina
1819 532 2091 601 Scriptura
2135 534 2298 586 Deum

759 625 998 670 nostrum
1026 629 1184 671 vocat
1219 637 1238 670 ι
1274 619 1448 690 ignem
1473 631 1879 688 consumentem
1907 622 1974 684 “,
2011 640 2030 673 ι
2066 631 2119 674 et
2149 639 2166 670 ι
2205 619 2304 675 liu-

760 709 878 762 vios
929 710 1069 778 ignis
1109 709 1240 763 dicit
1265 712 1444 781 egredi
1477 726 1506 765 a
1537 711 1675 767 facie
1716 712 1832 779 ejus
1857 711 1924 774 ³⁸,
1967 730 1986 762 ι
2023 719 2077 765 et
2124 710 2303 778 ipsum

764 817 785 850 ι
817 800 1021 870 ingredi
1053 811 1110 857 ut
1142 802 1316 871 ignem
1357 802 1678 858 conﬂantem
1716 813 1770 857 et
1804 814 2051 872 tanquam
2081 803 2302 857 herbam

757 891 1018 945 fullonum
1058 903 1115 945 ut
1145 892 1341 947 conliet
1371 893 1625 962 populum
1651 909 1805 947 suum
1833 894 1900 948 ⁸⁸.
1928 912 1947 945 ι
1982 892 2118 960 Quia
2143 893 2305 963 igitur

757 978 898 1034 Deus
941 989 1023 1033 est
1062 982 1199 1050 ignis
1246 996 1592 1046 consumens,
1617 984 1754 1052 quid
1781 992 1864 1043 est
1916 984 2151 1054 quod~ab
2185 982 2306 1038 .illo

756 1073 1001 1126 consumi
1045 1074 1334 1140 oporteat?
1372 1074 1624 1130 Dicintus-
1648 1089 1745 1130 nos
1772 1075 2048 1142 malitiam,
2077 1083 2131 1129 et
2146 1089 2305 1144 qua.

717 1168 720 1171 ’
758 1175 971 1231 cunque
997 1163 1106 1216 -ab-
1140 1177 1201 1217 ea
1233 1165 1666 1232 proficiscuntur,
1698 1179 1923 1236 quaeque
1961 1165 2184 1237 figurate
2237 1165 2304 1218 li-

759 1265 945 1318 gnum,
1008 1249 1211 1305 frenum
1238 1261 1294 1306 et
1332 1252 1523 1321 stipula
1565 1264 1848 1320 vocantur,
1909 1271 1994 1309 res
2019 1269 2139 1309 esse
2169 1267 2304 1322 quas

761 1342 902 1396 Deus
943 1349 1001 1395 ut
1046 1342 1183 1412 ignis
1208 1347 1497 1399 consumit.
1529 1344 1698 1399 Maius
1737 1360 1867 1417 ergo
1897 1345 2096 1400 dicitur
2145 1359 2305 1412 super

757 1432 989 1497 positum
1015 1433 1163 1500 prius
1185 1434 1502 1489 rationabile
1525 1434 1936 1489 fundamentum
1977 1434 2304 1503 superzdili-

758 1536 888 1577 care
921 1522 1084 1593 ligna,
1112 1523 1313 1578 [mnum
1334 1534 1388 1578 et
1408 1526 1679 1594 stipulam.
1708 1527 1836 1593 Quae
1859 1507 1906 1580 si
1927 1527 2153 1596 probare
2179 1542 2303 1595 pns-

757 1615 831 1668 sit
875 1614 930 1669 in
956 1615 1136 1668 animo
1167 1630 1270 1670 non
1308 1615 1475 1672 fuisse
1514 1618 1628 1672 ltazc
1661 1620 1944 1683 scribenti,
1985 1619 2080 1672 sed
2127 1621 2306 1688 potius

757 1707 900 1759 dicta
931 1707 1095 1762 fuisse
1121 1707 1185 1762 de
1210 1709 1351 1763 malo
1370 1711 1458 1777 qui
1481 1725 1605 1764 vera
1629 1721 1681 1764 et
1710 1713 1923 1780 proprie
1958 1712 2103 1764 dicta
2136 1712 2300 1780 ligna,

2402 545 2496 596 γος
2525 529 2614 581 τὸν
2645 527 2776 581 Θεὸν
2798 527 2951 599 ἡμῶν
2979 523 3115 580 εἶναι
3167 546 3186 577 ι
3228 525 3336 596 πῦρ
3363 525 3771 579 καταναλίσκον·
3812 542 3831 573 s
3866 523 3954 575 καὶ

2407 637 2426 668 ι
2462 619 2736 687 ποταμοὺς
2759 618 2926 688 πυρὸς
2941 617 3118 671 ἕλκειν
3142 614 3443 686 ἔμπροσθεν
3467 614 3651 667 αὐτοῦ·
3677 633 3696 664 ι
3718 612 3854 665 ἀλλά
3869 614 3955 665 καὶ

2403 709 2564 763 αὐτὸν
2604 727 2622 758 ι
2662 707 3066 780 εἰσπορεύεσθαι
3099 708 3173 771 ὡς
3201 708 3311 777 πῦρ
3349 705 3731 775 χωνευτηρίου,
3759 704 3856 757 καὶ
3886 704 3955 765 ὠς

2398 802 2540 854 πόαν
2556 799 2876 863 πλυνόντων,
2898 799 2982 851 ἶνα
2997 797 3239 870 χωνεύσῃ
3254 797 3342 850 τὸν
3365 795 3715 849 ὲαυτοῦελαὸν.
3741 814 3760 846 ι
3793 795 3956 847 Ἐπὰν

2403 889 2494 946 οὖν
2533 893 2752 962 λέγηται
2775 891 2893 962 πῦρ.
2914 887 3047 943 εἶναι
3079 881 3484 953 καταναλίσκον,
3527 886 3813 958 ζητοῦμεν,
3842 887 3958 938 τίνα

2405 983 2602 1054 πρέπει
2618 983 2720 1035 ὑπὸ
2735 980 2867 1058 Θεοῦ
2885 979 3390 1043 καταναλίσκεσθαις
3420 978 3527 1032 Καί
3548 995 3745 1048 φαμεν,
3764 979 3848 1030 ὅτι
3866 977 3956 1045 τὴν

2389 1074 2618 1138 κακίαν,
2651 1073 2842 1133 καὶ,τά
2870 1074 2963 1125 ἀπ’
2995 1070 3162 1142 αὐτῆς
3186 1069 3528 1146 πραττομενα
3557 1068 3688 1138 (49).
3719 1068 3817 1123 καὶ
3843 1084 3962 1137 τρο-

2404 1163 2580 1227 πικῶς
2593 1163 2855 1233 λεγόμενα
2879 1161 3008 1226 ξύλα
3035 1157 3193 1224 εἶναι,
3218 1160 3310 1214 καὶ
3340 1160 3550 1230 χόρτον,
3567 1159 3657 1210 καὶ
3685 1157 3959 1226 καλάμην,

2404 1252 2779 1305 καταναλίσκει
2817 1253 2845 1303 6
2870 1252 2999 1314 Θεὸς
3029 1250 3104 1313 ὡς
3144 1248 3273 1319 πῦρ.
3325 1247 3721 1315 Ἐποικοδομεῖν
3754 1245 3888 1313 γοῦν
3933 1245 3962 1296 6

2405 1342 2605 1411 φαῦλος
2631 1341 2840 1412 λέγεται
2860 1341 2934 1411 τῷ
2961 1339 3329 1410 προῦποϐεϐλη
3340 1339 3481 1408 μένῳ
3505 1335 3705 1405 λογικῷ
3730 1335 3964 1404 θεμελίῳ

2406 1432 2534 1498 ξύλα
2557 1434 2647 1486 καὶ
2663 1437 2868 1504 χόρτον,
2903 1434 2995 1486 καὶ
3025 1432 3293 1502 καλάμην.
3317 1432 3378 1483 Ei
3415 1431 3509 1499 μὲν
3532 1424 3624 1481 οὖν
3656 1428 3768 1497 ἔχει
3796 1426 3964 1491 δεῖξαι

2404 1524 2576 1588 ἄλλως
2615 1524 2894 1594 νενοῆσθαι
2916 1523 3085 1577 ταῦτα
3119 1522 3192 1592 τῷ
3227 1521 3617 1593 ἀναγράψαντι,
3649 1519 3744 1571 καὶ
3775 1534 3964 1586 σωμα-

2405 1616 2568 1678 τικῶς
2606 1614 2826 1667 δύναταί
2855 1633 2936 1678 τις
2980 1615 3322 1686 παραστῆσαι
3371 1610 3823 1681 ὲποικοδομσῦντα
3877 1608 3965 1660 τὸν

2407 1707 2604 1776 φαῦλον
2634 1706 2760 1772 ξύλα
2786 1707 2818 1776 ἢ
2846 1708 3033 1777 χόρτον
3067 1705 3099 1777 ἢ
3142 1706 3409 1777 καλάμηνυ
3443 1703 3619 1774 δῆλον,
3659 1704 3743 1754 ὅτι
3774 1701 3874 1753 καὶ
3909 1699 3966 1752 1:6

757 1793 962 1848 faenum
1016 1805 1068 1848 et
1120 1797 1371 1865 stipulam
1433 1801 1826 1868 superanlilicat
1853 1802 1918 1866 ³⁷,
1952 1803 2093 1856 hunc
2130 1803 2301 1872 ignem

2404 1800 2512 1870 πῦρ
2549 1800 2727 1852 ὑλικὸν
2775 1801 2866 1874 καὶ
2892 1798 3147 1870 αἰσθητὸν
3177 1798 3509 1869 νοηοήσεται⁸
3548 1797 3594 1848 εί
3632 1794 3674 1848 δ’
3707 1795 3968 1862 ἄντικρυς

761 1885 944 1952 utique
995 1900 1312 1953 corporeum
1361 1897 1414 1940 et
1473 1891 1772 1944 sensibilem
1819 1892 2039 1959 intelligi
2087 1907 2304 1947 necesse

759 1973 882 2026 erit.
916 1973 970 2026 Si
1002 1983 1177 2028 autem
1206 1975 1425 2030 evidens
1454 1986 1534 2030 est
1564 1980 1866 2032 nominibus
1908 1981 2057 2049 ligni,
2091 1979 2218 2034 freni
2250 1991 2302 2036 et

759 2063 967 2132 stipulae
1013 2079 1175 2133 opera
1222 2067 1345 2119 mali
1391 2068 1622 2121 hominis
1668 2069 1993 2138 signiﬁcari;
2035 2077 2301 2141 quomodo

757 2168 866 2209 non
895 2155 1073 2209 statim
1097 2161 1365 2212 succurrit
1395 2160 1609 2227 quinam
1651 2161 1788 2230 ignis
1818 2163 2162 2230 accipiendus
2207 2166 2299 2228 sit,

759 2260 869 2315 quo
913 2247 1216 2315 hujusmodi
1262 2249 1403 2318 ligna
1435 2252 1856 2305 consumeutur?
1897 2271 1916 2302 ι
1954 2253 2302 2324 Uniuscujus-

756 2351 861 2405 que
876 2353 1031 2406 opus,
1061 2338 1230 2406 inquit
1255 2341 1558 2408 Apostolus,
1587 2341 1745 2409 quale
1766 2343 1855 2407 sit,
1880 2343 2014 2411 ignis
2035 2345 2298 2412 probabit.

756 2425 816 2481 Si
845 2427 994 2494 cujus
1027 2443 1160 2496 opus
1194 2431 1452 2483 manserit
1476 2431 1617 2498 quod
1655 2433 2124 2498 superaadilicavit,
2160 2448 2304 2488 ruer-

757 2517 942 2571 cedem
976 2519 1223 2585 accipiet.
1251 2520 1305 2572 Si
1336 2520 1488 2588 cujus
1516 2535 1649 2589 Opus
1676 2523 1892 2587 arserit,
1920 2523 2300 2578 detrimentum

707 2598 714 2603 ’
756 2609 991 2679 patietur
1014 2608 1082 2662 ⁸³.
1117 2627 1136 2659 ι
1173 2609 1270 2663 llic
1311 2624 1444 2678 opus
1473 2621 1716 2664 exustum
1765 2613 1891 2680 quid
1918 2613 2061 2667 aliud
2101 2615 2306 2684 signiti-

759 2706 1041 2767 cat,quam
1070 2699 1327 2767 quidquid
1351 2715 1414 2754 ex
1448 2703 1683 2770 nequitia
1706 2705 1925 2757 oritur?
1955 2704 2093 2758 Deus
2120 2717 2302 2759 noster

756 2785 925 2855 igitur
949 2805 971 2838 ι
994 2789 1132 2857 ignis
1157 2803 1478 2844 consumens
1497 2807 1532 2839 Ἰ
1562 2801 1663 2855 est,
1696 2806 1805 2860 quo
1832 2807 1992 2847 sensu
2017 2794 2299 2868 explicavi.

762 2893 785 2928 ι
819 2876 1122 2946 Ingreditur
1166 2894 1374 2949 quoque
1434 2889 1489 2934 ut
1534 2881 1670 2949 ignis
1699 2881 1956 2945 conflans,
1999 2901 2018 2936 ι
2057 2893 2302 2938 naturam

759 2968 985 3022 rationis
1028 2970 1339 3046 participem
1383 2980 1707 3039 purgaturus
1751 2987 1781 3022 ει
1827 2971 2043 3039 plumbo
2085 2973 2302 3028 malitia:

758 3057 984 3126 aliisque
1003 3059 1228 3128 impuris
1247 3059 1503 3122 materiis,
1525 3076 1644 3128 qua:
1658 3075 1899 3128 auream,
1923 3073 1980 3115 ut
2001 3067 2072 3116 ita
2096 3063 2300 3132 loquar,

759 3157 1134 3218 argenteamve
1160 3150 1350 3203 anima:
1383 3159 1630 3205 naturam
1658 3142 1981 3208 adulteram.
2025 3153 2116 3208 Sic
2140 3156 2304 3208 etiam

759 3235 907 3291 fluvii
934 3237 1072 3306 ignis
1119 3237 1306 3306 egredi
1339 3238 1589 3292 dicuntur
1613 3254 1642 3292 a
1686 3238 1824 3293 facie
1863 3239 1981 3306 Dei,
2011 3242 2078 3295 ad
2111 3255 2307 3296 consu-

763 3327 1018 3381 mendum
1044 3327 1302 3395 quidquid
1330 3329 1653 3393 uequitiaiu
1683 3337 1791 3382 tota
1818 3331 1994 3383 anima
2021 3332 2306 3384 admistum

760 3425 866 3471 est.
903 3419 1079 3485 Atque
1121 3419 1233 3472 haec
1281 3412 1552 3473 sulliciunt
1587 3419 1847 3474 adversus
1899 3420 2085 3474 istud:
2151 3420 2310 3492 510

768 3526 794 3560 ι
845 3507 984 3563 Hinc
1034 3510 1234 3564 erroris
1291 3526 1453 3567 causa
1503 3529 1518 3567 :
1597 3511 1722 3565 hinc
1787 3521 1868 3566 est
1932 3512 2073 3580 quod
2127 3513 2310 3568 dicant

760 3598 930 3654 Deum
976 3601 1359 3656 descensurum
1401 3616 1523 3657 esse
1570 3603 1791 3676 tortoris
1841 3604 2010 3657 instar
2040 3613 2304 3658 armatum

761 3691 906 3760 igne.
941 3710 962 3743 ι
1752 3734 1755 3738 .
2322 3691 2329 3697 ’

831 3782 920 3836 ﬂ.
954 3783 1106 3837 Nunc
1140 3784 1410 3840 videamus
1453 3800 1569 3854 qum
1613 3785 1796 3855 Celsus
1836 3787 2088 3857 deinceps
2119 3803 2306 3857 magna

759 3873 1120 3928 ostentatione
1160 3878 1504 3943 pronuntiat:
1555 3895 1573 3927 ι
1609 3876 1712 3930 Sed
1756 3892 1892 3939 rem.
1923 3879 2117 3945 inquit,
2150 3879 2310 3932 altius

761 3973 1086 4032 repetamus,
1133 3966 1289 4033 idque
1323 3967 1566 4033 pluribus
1607 3967 1954 4034 argumentis.
1985 3966 2128 4020 Nihil
2186 3969 2307 4021 novi

760 4054 952 4118 dicam,
1012 4059 1104 4108 sed
1141 4055 1450 4122 jamdudum
1495 4056 1758 4110 confessa.
1807 4056 1944 4110 Deus
2000 4067 2080 4110 est
2117 4057 2306 4123 bonus,

761 4138 1004 4206 pulcher.
1037 4141 1258 4201 beatus;
1290 4141 1544 4210 quidquid
1584 4143 2020 4211 pulcherrimum,
2052 4147 2309 4214 quidquid

761 4229 1022 4297 optimum
1049 4239 1150 4293 est,
1177 4231 1229 4283 in
1259 4246 1316 4285 se
1355 4233 1610 4288 continet.
1645 4233 1700 4288 Si
1730 4235 2004 4287 descendit
2032 4238 2096 4287 ad
2141 4237 2311 4290 homi-

761 4330 883 4383 nes,
910 4319 962 4372 id
992 4320 1231 4384 profecto
1259 4321 1700 4394 sinemutatione
1727 4321 1842 4375 fieri
1871 4337 1975 4376 non
2007 4333 2219 4391 potest;
2257 4335 2312 4378 et

2399 1889 2800 1961 τροπολογεῖται
2825 1888 2896 1941 τὰ
2927 1889 3017 1941 τοῦ
3043 1889 3243 1956 φαύλου
3279 1888 3411 1958 ἔργα
3592 1885 3864 1955 λεγόμενα
3889 1879 3967 1936 εἴ·

2401 1998 2485 2033 ναι
2515 1980 2698 2049 ξύλαῆ
2729 1979 2961 2050 χόρτοςῆ
2997 1981 3233 2050 καλάμη·
3266 1979 3381 2041 πῶς
3413 1979 3510 2029 οὐκ
3537 1976 3760 2028 αὐτόθεν
3799 1990 3968 2043 προσ·

2399 2072 2584 2124 πίπτει
2619 2071 2853 2123 ποδαπὸν
2885 2070 2993 2141 πῦρ
3016 2069 3513 2140 παραλαμβάνεται,
3538 2068 3622 2118 ἵνα
3642 2066 3711 2118 τὰ
3739 2062 3968 2115 τοιαῦτα

2402 2163 2530 2228 ξύλα
2580 2163 2862 2232 ἀναλωθῇ;
2926 2181 2944 2213 ι
3003 2162 3259 2214 Ἐκὰστου
3310 2161 3437 2229 γὰρ,
3499 2159 3648 2227 φησὶ,
3697 2157 3758 2208 τὸ
3807 2156 3968 2225 ἔργον

2399 2254 2577 2307 ὁποῖόν
2603 2256 2737 2317 ἐστι,
2767 2255 2826 2306 τὸ
2858 2254 2967 2324 πῦρ
2995 2253 3300 2323 δοκιμάσει.
3333 2252 3399 2303 Εἴ
3421 2267 3562 2312 τινος
3596 2249 3653 2301 1:6
3677 2248 3839 2316 ἔργον
3873 2246 3965 2315 μέ-

2400 2347 2544 2409 νει,ὂ
2577 2345 2973 2415 ἐπῳκοδόμησε,
3004 2345 3190 2416 μισθὸν
3205 2343 3446 2414 λήψεται·
3475 2342 3527 2393 εἴ
3550 2353 3693 2402 τινος
3717 2340 3778 2390 τὸ
3809 2338 3968 2408 ἔργον

2401 2438 2820 2506 κατακαήσεται,
2854 2435 3271 2506 ζημιωθήσεται.
3312 2452 3329 2484 ι
3365 2434 3560 2507 Ἔργον
3597 2431 3653 2483 δὲ
3674 2429 3967 2481 κατακαιὸ-

2405 2544 2562 2597 μενον
2608 2529 2754 2578 ποῖον
2785 2527 2849 2580 ἂν
2871 2527 2929 2579 ὲν
2947 2526 3151 2588 τούτοις
3181 2525 3407 2593 λέγοιτο,
3430 2523 3463 2593 ἦ
3488 2523 3593 2575 πᾶν
3624 2521 3686 2574 τὸ
3720 2520 3832 2572 ἀπὸ
3871 2536 3964 2570 κα-

2403 2618 2525 2680 κίας
2553 2618 2946 2689 πραττόμενον;
2988 2615 3192 2669 Οὐκοῦν
3215 2619 3243 2669 6
3272 2615 3403 2676 Θεὸς
3428 2611 3580 2684 ἡμῶν
3614 2631 3632 2662 ι
3666 2611 3778 2681 πῦρ
3802 2625 3964 2662 κατα-

2403 2709 2649 2761 ναλίσκον
2681 2727 2698 2757 r
2731 2707 2865 2772 ἐστὶ,
2890 2708 2964 2767 ὡς
2993 2705 3421 2775 ἀποδεδώκαμενο
3453 2704 3542 2756 καὶ
3569 2702 3742 2764 οὕτως
3775 2720 3796 2753 ι
3854 2701 3962 2752 είσ-

2402 2796 2708 2868 πορεύεται,
2765 2795 2840 2858 ὡς
2889 2795 2997 2866 πῦρ
3045 2797 3422 2867 χωνευτηρίου,
3468 2813 3489 2845 ι
3531 2791 3820 2864 χωνεύσων
3867 2791 3960 2860 τὴν

2402 2887 2621 2957 λογικὴν
2666 2886 2843 2955 φύσιν,
2892 2885 3318 2956 πεπληρωμένην
3351 2882 3444 2937 τοῦ
3482 2881 3587 2935 ἀπὸ
3617 2881 3713 2950 τῆς
3766 2878 3964 2939 κακίας

2407 2977 2685 3047 μολύϐδου,
2729 2977 2820 3029 καὶ
2846 2975 2952 3028 τῶν
2984 2975 3155 3028 ἄλλων
3194 2973 3514 3044 ἀκαθάρτων
3545 2971 3715 3033 ὑλῶν,
3740 2970 3844 3038 τὴν
3872 2967 3962 3020 τοῦ

2334 3100 2375 3156 C
2408 3067 2604 3138 χρυσοῦ
2634 3068 2733 3134 (ἵν’
2754 3067 2925 3129 οὓτως
2955 3065 3231 3156 ὀνομάσω)
3261 3064 3416 3156 φύσιν
3448 3065 3545 3156 τῆς
3561 3061 3758 3156 ψυχῆς.
3793 3059 3830 3127 ἢ

2409 3158 2670 3229 ἀργύρου,
2720 3156 3077 3209 δολωσάντων.
3109 3155 3262 3207 Οῦτω
3307 3154 3362 3206 δὲ
3393 3153 3485 3206 καὶ
3521 3151 3751 3219 ποταμοὶ
3796 3148 3960 3218 πυρὸς

2408 3246 2647 3316 λέγονται
2675 3247 2974 3317 ἔμπροσθεν
2990 3242 3124 3298 εἶναι
3150 3243 3242 3297 τοῦ
3259 3242 3415 3308 Θεοῦ,
3441 3242 3533 3296 τοῦ
3557 3239 3961 3309 ὲξαφανιοῦντος

2406 3338 2504 3407 τὴν
2535 3338 2596 3390 δι’
2619 3338 2740 3407 ὅλης
2769 3338 2864 3406 τῆς
2890 3337 3064 3406 ψυχῆς
3089 3333 3533 3404 ἀνακεκραμένην
3552 3332 3769 3386 κακίαν.
3807 3329 3960 3384 Ἀλλὰ

2406 3427 2512 3499 γάρ
2530 3429 2684 3499 ἀρκεῖ
2696 3427 2861 3480 ταῦτα
2876 3427 3010 3498 πρὸς
3033 3424 3112 3479 τὰ
3146 3446 3163 3476 ς
3188 3426 3348 3479 Ταῦτ’
3368 3424 3562 3496 αὐτοὺς
3583 3423 3836 3490 ἐποίησεν
3853 3421 3956 3490 (5i)

2408 3517 2713 3588 ἐσφαλμένῃ
2759 3516 2879 3587 δόξῃ
2912 3516 3105 3584 λέγειν,
3139 3516 3218 3567 ὅτι
3248 3517 3276 3568 6
3316 3514 3446 3578 Θεὸς
3489 3512 3853 3584 καταϐήσεται
3895 3511 3962 3564 δί-

2406 3625 2508 3679 κην
2527 3607 2844 3676 βασανιστοῦ
2871 3607 2980 3678 πῦρ
3005 3608 3200 3678 φέρων.
3243 3626 3261 3658 ι

2481 3784 2702 3852 Ἵδωμεν
2732 3783 2787 3836 δὲ
2817 3782 2908 3834 καὶ
2933 3781 3069 3853 ἅπερ
3093 3781 3219 3850 ἑξῆς
3242 3795 3400 3849 φησιν
3423 3781 3450 3831 6
3480 3778 3682 3840 Κέλσος
3717 3776 3857 3846 μετά
3884 3794 3962 3846 με.

2409 3874 2576 3943 γάλης
2602 3871 2933 3940 ἀπαγγελίας
2958 3871 3140 3924 τοῦτον
3168 3870 3257 3923 τὸν
3287 3870 3503 3939 τρόπον·
3545 3887 3565 3918 ι
3605 3869 3724 3920 Ἔτι
3751 3867 3832 3930 δὲ,
3864 3885 3962 3934 φη-

2412 3965 2514 4027 σὶν,
2545 3963 2744 4016 ἄνωθεν
2773 3962 3006 4016 πλείοσιν
3035 3960 3364 4024 ἀποδείξεσιν
3387 3958 3740 4026 ἀναλάϐωμεν
3779 3958 3868 4010 τὸν
3890 3957 3965 4008 λό-

2409 4071 2523 4121 γον.
2545 4055 2711 4121 -Λέγω
2735 4053 2793 4105 δὲ
2845 4053 2991 4104 οὐδὲν
3035 4053 3235 4114 καινὸν,
3278 4050 3410 4103 ἀλλά
3443 4049 3607 4102 πάλαι
3651 4048 3961 4118 δεδογμένα.

2422 4146 2478 4195 '0
2505 4143 2632 4204 Θεὸς
2672 4141 2871 4207 ἀγαθός
2913 4144 3045 4204 ἐστι,
3079 4142 3170 4194 καὶ
3202 4141 3385 4202 καλὸς.
3425 4140 3517 4192 καὶ
3549 4139 3842 4208 εὐδαίμων,
3879 4137 3962 4189 καὶ

2410 4235 2468 4284 ὲν
2497 4231 2574 4299 τῷ
2622 4225 2888 4299 καλλίστῳ
2925 4231 3017 4282 καὶ
3067 4231 3286 4300 ἀρίστῳ.
3333 4231 3396 4282 Ei
3433 4229 3495 4298 δὴ
3548 4229 3605 4292 ὲς
3645 4228 3964 4298 ἀνθρώπους

2412 4321 2637 4384 κάτεισι,
2671 4320 2962 4389 μεταϐολῆς
2987 4319 3133 4395 αύτῷ
3157 4320 3250 4371 δεί’
3286 4318 3649 4389 μεταϐολῆςᾶ
3676 4319 3733 4384 ἐξ
3762 4317 3964 4385 ἀγαθοῦ

763 4409 878 4462 lucc
905 4411 1130 4464 mutatio
1154 4411 1258 4464 erit
1284 4426 1349 4464 ex
1382 4412 1521 4466 bono
1549 4412 1599 4464 in
1632 4411 1848 4478 malum,
1899 4426 1964 4466 ex
1991 4413 2213 4480 pulchro
2257 4414 2305 4466 iu

2413 4413 2491 4475 είς
2521 4412 2706 4474 κακὸν,
2734 4413 2825 4462 καὶ
2862 4414 2924 4463 ἐκ
2951 4409 3112 4462 καλοῦ
3138 4412 3215 4473 είς
3245 4411 3488 4488 αἰσχρὸν,
3516 4409 3608 4462 καὶ
3641 4408 3700 4474 ἐξ
3724 4409 3966 4478 εὐδαιμο-

764 4507 990 4568 turpem,
1021 4514 1089 4552 ex
1120 4499 1273 4553 felice
1303 4500 1354 4552 in
1384 4499 1670 4564 infelicem,
1697 4514 1760 4554 ex
1784 4502 1983 4570 Optimo
2005 4503 2056 4555 in
2093 4504 2311 4573 nequis-

761 4588 978 4642 simum.
1013 4587 1322 4658 Huiusmodi
1355 4591 1704 4643 mutationem
1745 4592 1929 4657 ecquis
1955 4593 2187 4659 experiri
2218 4607 2311 4647 ve-

761 4679 861 4734 lit?
897 4681 1158 4736 Praeterea
1211 4682 1284 4735 rei
1325 4682 1537 4750 quidem
1591 4682 1832 4736 mortalis
1881 4691 2073 4735 natura
2111 4698 2173 4736 ea
2205 4691 2310 4746 est.

761 4779 881 4833 qua
909 4767 1104 4819 mutari
1139 4765 1403 4834 aliamque
1433 4766 1658 4822 formam
1707 4768 1927 4822 induere
1963 4771 2168 4836 possit;
2207 4770 2311 4823 im-

761 4855 1004 4911 mortalis
1033 4871 1183 4921 vero,
1211 4867 1268 4909 ut
1296 4871 1400 4910 una
1426 4871 1638 4924 semper
1661 4865 1714 4910 et
1739 4859 1924 4911 eadem
1971 4870 2303 4926 permaneat.

762 4946 870 5000 Deo
899 4947 1059 5014 igitur
1077 4947 1365 5002 convenire
1403 4961 1507 5000 non
1526 4955 1698 5014 potest
1725 4948 1836 5001 haec
1859 4949 2106 5002 mutatio.
2143 4965 2162 4998 ι
2188 4947 2305 5002 Jam

761 5035 829 5089 ad
856 5040 969 5089 haec
990 5037 1122 5090 satis
1148 5037 1272 5090 mihi
1299 5037 1507 5090 videtur
1534 5050 1657 5090 esse
1699 5051 2034 5105 responsum,
2066 5051 2188 5091 cum
2215 5053 2308 5090 ex-

762 5131 915 5196 posui
945 5142 1050 5196 quo
1083 5143 1241 5182 sensu
1268 5131 1406 5183 Deus
1439 5129 1490 5181 in
1526 5128 1821 5196 Scripturis
1842 5130 1907 5182 ad
1940 5144 2024 5184 res
2048 5129 2306 5184 humanas

763 5221 1089 5273 descendere
1111 5219 1339 5272 dicatur.
1369 5220 1479 5274 Hoc
1514 5221 1654 5274 enim
1689 5229 1746 5271 ut
1776 5218 1956 5285 faciat,
1987 5220 2118 5273 nihil
2170 5235 2304 5289 opus

2406 4503 2522 4564 νίας
2566 4504 2645 4564 είς
2690 4501 3118 4570 κακοδαιμονίαν,
3167 4501 3262 4554 καὶ
3299 4503 3362 4553 ὲκ
3398 4500 3490 4553 τοῦ
3523 4489 3755 4570 ¹ἀρίστου
3807 4502 3887 4562 είς
3913 4499 3964 4550 τὸ

2407 4592 2787 4661 πονηρότατον.
2819 4589 2914 4652 Τίς
2938 4589 3002 4642 ἂν
3025 4586 3118 4643 οῦν
3149 4589 3319 4644 ἕλοιτο
3343 4590 3594 4661 τοιαύτην
3633 4589 3961 4665 μεταϐολήνς

2407 4683 2516 4734 Καὶ
2547 4681 2647 4750 μὲν
2697 4679 2759 4748 δὴ
2787 4679 2864 4749 τῷ
2891 4679 3071 4750 θνητῷ
3125 4680 3224 4752 μὲν
3260 4680 3609 4733 ἀλλάττεσθαι
3663 4680 3759 4730 καὶ
3805 4691 3963 4748 μετα-

2409 4769 2734 4821 πλάττεσθαι
2768 4769 2924 4837 φύσις
2958 4770 3090 4840 (52)·
3127 4769 3203 4840 τῷ
3229 4770 3274 4823 δ’
3304 4768 3553 4837 ἀθανάτῳ
3575 4768 3716 4820 κατὰ
3739 4767 3811 4820 τὰ
3835 4769 3964 4821 αὐτὰ

2413 4860 2503 4912 καὶ
2526 4858 2781 4920 ὡσαύτως
2818 4859 2976 4928 ἔχειν.
3011 4860 3124 4913 Οὐκ
3161 4859 3225 4912 ἂν
3254 4854 3347 4911 οῦν
3374 4858 3493 4911 οὐδὲ
3517 4856 3717 4926 ταύτην
3742 4857 3845 4929 τὴν
3878 4875 3958 4928 με·

2409 4950 2636 5020 ταϐολὴν
2660 4951 2790 5013 Θεὸς
2815 4951 3034 5020 δέχοιτο.
3071 4969 3091 5002 ι
3123 4951 3278 5002 Δοκεῖ
3300 4949 3364 5019 δή
3403 4966 3492 5018 μοι
3516 4947 3652 5018 πρὸς
3678 4949 3856 5004 ταῦτα
3881 4952 3962 5003 λέ-

2410 5040 2598 5107 γεσθαι
2623 5040 2694 5093 τὰ
2717 5040 2921 5105 δέοντα,
2950 5039 3330 5110 διηγησαμένῳ
3358 5039 3454 5109 τὴν
3483 5042 3540 5092 ὲν
3569 5041 3690 5101 ταῖς
3723 5041 3767 5092 Γ
3773 5043 3960 5110 ραφαίς

2411 5116 2704 5200 λεγομένην
2745 5131 3040 5183 κατάϐασιν
3072 5128 3205 5182 Θεοῦ
3239 5129 3375 5199 πρὸς
3421 5127 3860 5200 τιὴ-ἀνθρώπινα·
3889 5133 3960 5192 εις

2410 5222 2476 5292 ἢν
2502 5223 2562 5274 οὐ
2581 5221 2873 5291 μεταϐολῆς
2895 5219 3040 5289 αὑτῷ
3054 5219 3150 5283 δεῖ,
3182 5219 3256 5282 ὡς
3282 5219 3482 5283 Κέλσος
3510 5222 3658 5291 ἡμᾶς
3676 5219 3851 5275 οῐεται
3876 5221 3931 5274 λέ

834 5311 878 5340 ’⁸
909 5313 1060 5366 Deut.
1094 5327 1167 5377 iv,
1190 5312 1332 5367 24."
1363 5313 1495 5368 Dan.
1525 5329 1626 5379 vu,
1655 5313 1741 5368 10.
1817 5314 1865 5348 ⁸⁸
1900 5313 2123 5376 Malach.
2150 5331 2235 5380 ut,
2261 5317 2305 5368 2.

2404 5315 2476 5369 "l
2508 5317 2632 5372 Cor.
2660 5333 2742 5379 ut,
2783 5317 2870 5370 12.
2946 5315 3029 5368 ³⁸.Ι
3072 5314 3192 5368 Cor.
3223 5329 3306 5379 tu,
3352 5316 3438 5372 15.

836 5403 964 5476 (39)Δ
999 5403 1171 5476 Codd.
1215 5403 1410 5476 Regius
1457 5415 1511 5459 et
1553 5405 1893 5470 Basileeusis,
1931 5407 2001 5459 τὰ
2028 5409 2119 5462 ἀπ’
2146 5410 2320 5476 αὐτῆς

763 5473 1124 5546 πραττόμενα.
1159 5472 1230 5546 Ita
1279 5473 1414 5526 infra
1463 5476 1557 5546 lib.
1589 5477 1857 5546 impressi,
1892 5477 1924 5546 ἢ
1957 5478 2064 5530 πᾶν
2108 5480 2167 5530 τὸ
2205 5472 2311 5528 ἀπὸ

765 5541 1376 5613 κακίαςπραττόμενον,
1399 5544 1487 5610 qui
1519 5541 1692 5599 tamen
1719 5545 1820 5600 hoc
1849 5541 1964 5600 loco
1997 5549 2214 5613 habent,
2246 5546 2313 5598 τὰ

764 5614 854 5666 ὑπ’
883 5612 1048 5680 αὐτῆς
1069 5612 1428 5680 πραττόμενα.

835 5683 947 5752 (50)
993 5679 1162 5736 Codd.
1204 5679 1400 5751 Regius
1415 5689 1469 5735 et
1490 5679 1834 5754 Basileensis,
1865 5683 1932 5738 τὰ.
1963 5684 2135 5754 φαῦλα
2155 5684 2307 5757 ἔργα.

2425 5408 2742 5480 Paulopost
2781 5408 2913 5480 libb.
2958 5407 3208 5480 impressi
3254 5407 3306 5480 in
3355 5410 3618 5480 margine,
3668 5410 3956 5480 προπίπτει

2417 5476 2769 5553 ποδαπόνζΕι
2790 5477 2933 5553 infra
2957 5477 3204 5553 intextu,
3243 5477 3435 5553 τὺπῦρ
3450 5476 3627 5553 [αὐτὸ]
3648 5476 3954 5553 δοκιμάσει.

2487 5546 2598 5614 (51)
2643 5545 2970 5608 Ἐποίησεν.
3003 5546 3094 5598 Sic
3128 5560 3284 5612 supra
3316 5545 3660 5605 libbfexcu'si
3688 5545 3839 5603 num.
3882 5550 3954 5611 ll,

2422 5615 2556 5685 male
2593 5623 2770 5685 autem
2803 5615 2833 5666 lt
2861 5631 2889 5667 c
2923 5613 3150 5676 habent,
3184 5617 3434 5685 ποιῆσαν.

2492 5684 2602 5755 (52)
2618 5683 2778 5740 ﬂecte
2798 5685 3014 5739 omnino
3033 5701 3182 5746 mss.,
3197 5683 3371 5757 φύσις.
3394 5686 3548 5743 Libb.
3569 5687 3763 5758 iur-pm,
3785 5685 3951 5757 φύσιν.
