4100 6318
703 387 840 443 I067

2183 351 2503 448 omcsms

3800 386 3930 444 me

701 505 861 559 sent?
888 502 1024 570 Quia
1074 506 1316 561 medicus
1355 506 1537 561 tristia
1588 507 1735 561 videt
1760 510 1825 562 et
1860 508 2084 563 molesta
2128 526 2265 565 con-

2372 511 2461 564 xa't
2528 509 2618 561 τὸν
2686 507 2867 577 ἰατρὸν
2929 506 3138 578 ὁρῶντα
3198 505 3345 559 δεινά
3371 546 3386 569 ,
3459 505 3556 558 καὶ
3608 503 3928 573 θιγγάνοντα

702 603 899 649 trectat
936 604 996 649 ut
1027 595 1185 663 εῖδει-13
1231 595 1534 659 medeatur,
1577 612 1647 651 an
1693 597 1844 667 illum
1896 601 2158 658 continuo
2202 617 2270 655 ex

702 678 845 735 bono
896 683 948 735 in
984 681 1209 747 malum,
1251 698 1318 738 ex
1354 684 1589 753 pulchro
1623 686 1675 740 iu
1711 694 1920 755 turpem
1949 702 2269 744 conversum

702 770 897 824 merito
930 771 1152 837 dixeris,
1200 781 1293 824 aut
1322 788 1352 826 e
1396 773 1658 829 felicitate
1691 777 1958 833 cecidisse
1989 778 2041 832 in
2092 779 2270 833 infeli-

699 860 957 913 citatem?
1005 862 1322 930 Quanquam
1364 865 1609 918 medicus
1643 867 1829 934 turpia.
1848 858 2042 922 videns
2067 878 2121 923 et
2155 885 2270 923 mo-

701 953 832 1009 la-sta
866 964 1091 1023 tangens
1121 970 1226 1007 non
1263 957 1489 1009 omnino
1532 964 1618 1009 est
1649 968 1805 1012 extra
1842 958 2147 1026 hujusmodi
2178 977 2269 1013 ca-

700 1059 855 1098 suum
904 1046 1221 1113 perieulum.
1284 1047 1390 1101 Sed
1444 1049 1535 1117 qui
1595 1060 1905 1105 nostrarum
1960 1054 2266 1106 animarum

700 1134 919 1189 vulnera
956 1149 1051 1202 per
1086 1134 1321 1189 Verbum
1357 1138 1526 1192 Deum
1559 1141 1649 1208 qui
1696 1142 1749 1193 in
1786 1156 1845 1195 se
1877 1151 1961 1196 est
1993 1153 2168 1205 curat,
2213 1144 2266 1196 in

698 1239 817 1277 cum
857 1226 1065 1279 nullum
1111 1228 1310 1283 cadere
1350 1230 1536 1284 vilium
1589 1239 1787 1300 potest.
1836 1232 1991 1298 Quod
2041 1236 2268 1289 si'Deus

696 1312 1018 1369 immortalis
1065 1316 1340 1382 Verbum,
1375 1322 1590 1373 mortali
1642 1336 1872 1391 corpore
1925 1328 2269 1393 humanaque

694 1402 873 1457 anima
920 1393 1224 1475 susceptis,
1265 1411 1481 1464 videtur
1546 1410 1703 1465 Celso
1759 1415 1956 1467 mutari
2006 1427 2061 1469 et
2106 1414 2266 1469 aliam

693 1492 921 1548 formam
960 1504 1281 1561 assumere;
1328 1502 1466 1554 sciat
1498 1501 1599 1563 ille
1629 1504 1868 1559 Verbum
1914 1515 2106 1558 natura
2153 1521 2269 1558 ma-

693 1600 827 1639 nens
871 1585 1104 1641 Verbum
1163 1591 1296 1644 nihil
1334 1608 1519 1647 eorum
1580 1595 1727 1662 pati,
1780 1612 1901 1665 quae
1940 1611 2137 1663 corpus
2175 1604 2269 1649 aut

692 1675 867 1728 anima
908 1678 1125 1744 patitur.
1164 1680 1231 1734 Ut
1271 1692 1453 1736 autent
1488 1684 1554 1738 ad
1588 1700 1684 1740 eos
1713 1687 1806 1753 qui
1850 1686 2021 1755 ipsius
2051 1685 2268 1740 deitatis

692 1768 874 1821 radios
906 1769 1364 1841 splendoremque
1418 1776 1689 1851 sustinere
1722 1788 1843 1830 ‘non
1881 1787 2137 1845 possunt,
2174 1792 2267 1830 ac-

2369 600 2566 670 ἀηδῶν,
2597 600 2681 652 ἵνα
2710 600 2835 661 τοὺς
2867 598 3169 667 κάμνοντας
3218 597 3431 665 ἰάσηται
3453 634 3467 658 ,
3504 595 3564 659 ἐξ
3608 594 3817 663 ἀγαθοῦ
3855 606 3929 657 εις

2370 688 2555 751 κακὸν,
2586 690 2618 761 ἦ
2647 690 2711 741 ἐκ
2741 686 2904 740 καλοῦ
2936 690 3015 751 είς
3044 687 3284 757 αἰσχρὸν,
3312 687 3344 756 ἦ
3381 686 3439 751 ἐξ
3475 686 3821 755 εὐδαιμονίας
3855 688 3929 748 εἰς

2368 780 2779 850 κακοδαιμονίαν
2816 779 3096 850 έρχεσθαις
3126 777 3364 844 καίτοιγε
3399 778 3426 828 6
3463 775 3666 844 ἰατρὸς,
3695 775 3839 844 δρῶν
3869 774 3929 826 τὰ

2367 870 2533 931 δεινά,
2565 871 2659 923 καὶ
2691 868 2958 938 θιγγάνων
2990 865 3096 918 τῶν
3133 865 3329 936 ἀηδῶν,
3371 865 3431 916 οὐ
3476 864 3693 924 πάντως
3735 861 3922 929 ἐκφεό·

2368 976 2453 1027 γει
2488 960 2549 1013 τὸ
2572 963 2684 1024 τοῖς
2715 961 2898 1021 αὐτοῖς
2923 956 3177 1011 δύνασθαι
3217 958 3550 1026 περιπεσεῖν.
3590 956 3648 1007 '0
3680 953 3738 1006 δὲ
3771 951 3929 1022 τραύ-

2332 1066 2336 1070 ‘
2372 1067 2515 1120 ματα
2543 1051 2650 1103 τῶν
2681 1049 2864 1120 ψυχῶν
2901 1047 3055 1119 ἡμῶν
3096 1044 3408 1118 θεραπεύων
3445 1045 3529 1099 διὰ
3569 1044 3666 1097 τοῦ
3698 1044 3758 1096 ἐν
3787 1041 3928 1111 αὐτῷ

2369 1140 2540 1207 Λόγου
2580 1139 2735 1204 Θεοῦ,
2764 1141 2924 1202 αὐτὸς
2971 1138 3153 1208 πάσης
3200 1138 3393 1199 κακίας
3440 1134 3817 1205 ἀωράδεκτος
3844 1128 3927 1202 ἦν.

2368 1232 2431 1284 El
2458 1230 2515 1283 δὲ
2551 1232 2644 1283 καὶ
2675 1229 2833 1301 σῶμα
2869 1229 3062 1300 θνητὸν
3098 1230 3189 1281 καὶ
3221 1228 3395 1298 ψυχὴν
3427 1225 3773 1297 ἀνθρωπίνην
3806 1225 3931 1277 ἁνα-

2367 1322 2545 1375 λαϐὼν
2592 1323 2621 1374 6
2671 1321 2933 1384 ἀθάνατος
2984 1318 3116 1383 Θεὸς
3162 1320 3362 1387 Λόγος,
3412 1319 3559 1372 δοκεῖ
3602 1319 3682 1388 τῷ
3742 1316 3930 1386 Κέλσῳ

2368 1410 2716 1466 ἀλλάττεσθαι
2752 1408 2843 1465 καὶ
2881 1410 3342 1483 μεταπλάττεσθαι
3368 1426 3379 1438 ·
3421 1409 3762 1480 μανθανέτω,
3794 1410 3875 1461 ὅτι
3902 1408 3931 1459 6

2368 1501 2538 1569 Λόγος
2569 1505 2635 1572 τῇ
2677 1502 2835 1572 οὐσίᾳ
2870 1501 3044 1572 μένων
3089 1501 3264 1569 λόγος,
3291 1501 3442 1554 οὐδὲν
3479 1500 3576 1569 μὲν
3610 1500 3813 1568 πάσχει
3860 1492 3931 1550 ὦν

2368 1591 2563 1661 πάσχει
2602 1591 2664 1645 τὸ
2698 1592 2855 1662 σῶμα
2896 1594 2928 1664 ἢ
2976 1594 3009 1662 ή
3041 1591 3184 1662 ψυχή
3206 1607 3221 1623 ο
3258 1590 3702 1659 συγκαταὼίνων
3737 1590 3786 1641 δ’
3828 1588 3930 1641 ἔσθ’

2366 1687 2455 1737 ὅτε
2495 1683 2574 1753 τῷ
2623 1683 2695 1754 μὴ
2732 1682 3010 1755 δυναμένῳ
3046 1683 3221 1744 καύτοῦ
3273 1682 3372 1745 τὰς
3427 1680 3798 1751 μαρμαρυγὰς
3844 1680 3933 1731 καὶ

2366 1776 2463 1845 τὴν
2496 1774 2851 1845 λαμπρότητα
2885 1775 2983 1843 τῆς
3020 1772 3302 1843 Θειότητος
3339 1771 3574 1841 βλέπειν,
3602 1770 3768 1829 οἱονεὶ
3803 1768 3934 1839 σὰρξ

692 1861 998 1935 commodet
1028 1876 1170 1929 sese,
1208 1864 1268 1918 ﬁt
1300 1875 1556 1934 tanquam
1598 1884 1729 1924 earo
1755 1878 1810 1923 et
1840 1882 1973 1922 voce
2002 1884 2259 1938 corporea

2372 1867 2607 1935 γίνεται,
2666 1865 2988 1934 σωματικῶς
3053 1863 3377 1934 λαλούμενος
3397 1903 3411 1926 ,
3463 1862 3567 1924 ἕως
3619 1863 3650 1913 6
3699 1860 3937 1911 τοιοῦτον

695 1950 906 2003 utitur:
942 1953 1114 2007 donec
1157 1954 1230 2019 ii,
1275 1957 1364 2023 qui
1417 1958 1589 2024 ipsum
1626 1959 1730 2014 tale
1773 1959 2073 2028 rccipiunt,
2113 1960 2264 2014 brevi

692 2041 762 2094 ab
794 2041 908 2110 ipso
940 2043 1105 2101 altius
1138 2044 1288 2110 elati,
1334 2048 1661 2119 principem,
1693 2057 1752 2103 ut
1782 2050 1855 2103 ita
1903 2049 2118 2118 loquar,
2151 2049 2268 2117 ejus

693 2128 922 2185 formam
956 2134 1155 2188 intueri
1184 2138 1416 2203 possint.

760 2222 847 2275 l6.
889 2224 1027 2278 Sunt
1081 2241 1315 2293 namque
1367 2229 1595 2283 diversre
1646 2230 2051 2297 quodammodo
2102 2228 2267 2285 Verbi

688 2308 908 2378 forma,
953 2315 1148 2383 quibus
1199 2318 1489 2386 unicuique
1538 2334 1766 2385 eorum,
1811 2320 1905 2389 qui
1965 2322 2134 2390 ipsius
2174 2321 2270 2375 doc

691 2401 921 2456 etrinam
960 2414 1261 2469 sectantur,
1294 2408 1748 2475 conspiciendum
1802 2423 1863 2463 se
1896 2409 2120 2477 praebet,
2153 2412 2268 2465 sin-

689 2490 831 2557 gulis
864 2507 1054 2547 eorum
1096 2508 1157 2547 se
1190 2505 1585 2565 attemperans,
1617 2498 1735 2552 sive
1766 2514 1953 2567 parum
1992 2502 2107 2555 sive
2152 2501 2269 2570 plu-

691 2580 887 2633 rimum
936 2583 1299 2650 profecerint,
1343 2589 1456 2641 sive
1488 2588 1555 2641 ad
1593 2589 1850 2643 virtutem
1899 2591 2148 2659 proxime
2181 2607 2269 2646 ac-

691 2671 993 2736 cesserint,
1052 2674 1167 2726 sive
1233 2675 1346 2743 jam
1419 2676 1566 2730 illam
1629 2680 2087 2748 comparaverint.
2154 2680 2269 2735 Non

691 2759 858 2830 igitur
888 2777 955 2816 eo
989 2778 1095 2831 quo
1135 2763 1324 2820 Celsus
1367 2768 1594 2836 ejusque
1627 2769 1835 2824 similes
1883 2770 2078 2826 volunt
2112 2771 2271 2826 modo

692 2851 1109 2908 transformatus
1151 2867 1233 2909 est
1277 2857 1414 2912 Deus
1465 2868 1673 2913 noster.
1715 2860 1771 2913 Si
1816 2859 1976 2914 aliam
2012 2862 2131 2925 sui,
2178 2876 2274 2914 ex-

690 2938 837 2993 celso
866 2952 1050 2995 monte
1096 2958 1416 3011 conscenso,
1461 2947 1694 3002 formam
1743 2951 2010 3016 ostendit,
2042 2964 2273 3018 eamque

691 3027 863 3082 mullo
896 3035 1328 3099 praestantiorem
1366 3038 1482 3102 illa,
1520 3053 1685 3106 quam
1716 3040 1967 3093 viderant
1998 3041 2033 3093 ii
2066 3041 2154 3108 qui
2190 3042 2274 3093 in-

696 3114 779 3170 fra
825 3128 1104 3178 manentes
1152 3124 1299 3178 illum
1352 3126 1405 3199 in
1443 3138 1677 3181 montem
1731 3131 1883 3197 sequi
1918 3147 2026 3184 non
2080 3140 2274 3201 potue-

2366 1958 2529 2010 αὑτὸν
2580 1955 3051 2027 παραδεξάμενος,
3092 1954 3235 2007 κατὰ
3282 1952 3452 2023 βραχὺ
3504 1951 3609 2004 ὑπὸ
3648 1950 3742 2003 τοῦ
3778 1950 3955 2017 λόγου,

2370 2049 2860 2117 μετεωριζόμενος,
2902 2046 3099 2117 δυνηθῇ
3151 2044 3313 2098 αὑτοῦ
3356 2046 3449 2096 καλ⁵
3488 2043 3583 2113 τὴν
3630 2041 3731 2111 (ἶν’
3770 2042 3938 2103 οὓτως

2367 2136 2658 2207 ὁνομάσω,)
2692 2138 3105 2207 προηγουμένην
3136 2136 3349 2206 μορφὴν
3377 2133 3690 2187 θεάσασθαι.

2437 2227 2558 2281 Εἰσὶ
2587 2228 2695 2297 γὰρ
2728 2227 2973 2296 διάφοροι
3016 2224 3125 2296 (57)
3156 2223 3317 2277 οἱονεὶ
3352 2222 3444 2275 τοῦ
3483 2222 3939 2291 Λόγουκμορςαὶ,

2370 2317 2551 2380 καθὼς
2590 2318 2803 2386 ἑκάστῳ
2843 2315 2952 2368 τῶν
2981 2316 3061 2377 είς
3094 2314 3397 2382 ἐπιστήμην
3437 2311 3717 2381 ἀγομένων
3761 2310 3943 2377 φαίνει

2368 2426 2458 2462 ται
2489 2410 2517 2459 6
2563 2406 2751 2475 λόγος,
2798 2405 3055 2474 ἀνάλογον
3098 2407 3165 2473 τῇ
3212 2402 3320 2467 ἕξει
3342 2402 3455 2456 τοῦ
3502 2401 3940 2471 είσαγομένου,ἢ

2369 2501 2454 2551 ἐπ’
2480 2497 2657 2567 ὀλίγον
2684 2497 3109 2567 προκόπτοντος,
3142 2495 3175 2567 ἢ
3209 2496 3302 2547 ἐπὶ
3343 2495 3546 2557 πλεῖον,
3582 2494 3615 2563 ἢ
3656 2493 3752 2545 καὶ
3780 2491 3944 2560 ἐγγὺς

2369 2592 2469 2661 ήδη
2496 2589 2779 2659 γινομένου
2816 2588 2913 2657 τῆς
2941 2587 3161 2658 ἀρετῆς,
3185 2587 3217 2656 ἢ
3244 2587 3334 2639 καὶ
3361 2588 3419 2640 ἐν
3446 2587 3613 2656 ἀρετῇ
3644 2584 3946 2654 γεγενημέ-

2369 2698 2481 2735 νου.
2520 2680 2679 2733 Ὅθεν
2720 2680 2838 2749 οὐχ,
2883 2678 2960 2741 ὡς
3005 2679 3033 2729 6
3084 2677 3287 2739 Κέλσος
3332 2677 3425 2729 καὶ
3462 2678 3511 2729 οἱ
3565 2673 3941 2745 παραπλήσιοι

2372 2769 2519 2840 αὐτῷ
2551 2768 2842 2839 βούλονται,
2872 2766 3261 2840 μετεμορφώθη
3294 2769 3322 2820 6
3362 2764 3499 2830 Θεὸς
3521 2766 3701 2837 ἡμῶν,
3733 2766 3831 2818 καὶ
3867 2766 3944 2825 εἰς

2371 2860 2431 2912 16
2456 2859 2656 2929 ὑψηλὸν
2680 2858 2805 2930 ὅρος
2833 2857 3038 2919 ἀναϐὰς
3062 2854 3225 2924 ἀλλην
3246 2854 3416 2918 ἔδειξε
3446 2855 3545 2924 τὴν
3574 2852 3776 2907 ἐαυτοῦ
3818 2868 3947 2923 μορ-

2372 2950 2499 3021 φὴν,
2535 2949 2628 3003 καὶ
2652 2948 2831 3018 πολλῷ
2864 2947 3145 3016 κρείττονα
3174 2942 3242 3014 ἦς
3271 2948 3320 2999 οί
3370 2946 3520 3001 κάτω
3548 2945 3823 3015 μένοντες,
3855 2944 3946 2995 καὶ

2378 3040 2451 3109 μὴ
2496 3038 2778 3108 δυνάμενοι
2807 3036 2953 3106 αὐτῷ
2988 3038 3067 3098 είς
3093 3034 3225 3103 ὕψος
3273 3033 3602 3094 ἀκολουθεῖν,
3655 3030 3942 3100 ἐθεώρουν.

2375 3131 2455 3183 Οὐκ
2491 3129 2600 3199 γὰρ
2630 3124 2774 3197 εἶχον
2810 3130 2859 3180 οἱ
2898 3129 3050 3179 κάτω
3081 3126 3388 3197 ὀφθαλμοὺς
3440 3125 3772 3193 δυναμένους
3823 3121 3945 3191 βλέ-

696 3217 848 3274 I‘ant;
884 3209 1043 3280 hujus
1081 3214 1157 3266 rei
1193 3230 1358 3269 causa
1393 3216 1517 3281 fuit,
1564 3221 1706 3286 quod
1743 3220 1835 3287 qui
1870 3222 2012 3273 infra
2049 3234 2265 3273 manse-

2374 3235 2495 3271 πειν
2544 3218 2643 3289 τὴν
2687 3218 2781 3269 τοῦ
2826 3218 2997 3284 Λόγου
3030 3217 3123 3269 ἐπὶ
3165 3216 3225 3267 τὸ
3274 3215 3479 3278 ἔνδοξον
3527 3214 3621 3265 καὶ
3673 3213 3945 3282 θειότερον

694 3306 841 3361 rant,
884 3314 989 3353 non
1037 3314 1218 3355 essent
1246 3301 1315 3358 i.s
1360 3307 1532 3359 oculis
1573 3309 1846 3371 instructi,
1877 3311 2077 3378 quibus
2104 3309 2271 3363 Verbi

697 3387 752 3441 in
795 3387 1090 3459 gloriosum
1123 3392 1557 3465 divinioremque
1603 3408 1803 3451 statum
1838 3400 2274 3468 transliguratio-

698 3494 821 3532 nem
870 3484 1114 3537 contueri
1165 3496 1437 3552 possent:
1487 3488 1687 3555 quippe
1742 3490 1835 3558 qui
1886 3490 1973 3543 vix
2023 3499 2274 3559 poterant

697 3568 870 3637 illum,
922 3573 1093 3641 qualis
1135 3575 1279 3629 inter
1308 3590 1402 3630 eos
1440 3580 1784 3642 versabatur,
1820 3580 2129 3644 sustinere;
2166 3597 2272 3649 quo

696 3656 896 3715 factum
924 3675 1026 3727 est,
1058 3675 1115 3723 ut
1153 3668 1248 3733 qui
1298 3670 1441 3736 quod
1477 3654 1831 3738 prmstautius
1865 3672 2103 3726 habebat
2144 3686 2272 3725 con-

696 3750 893 3818 spicari
930 3768 1037 3806 non
1082 3757 1356 3824 valebant,
1391 3760 1455 3813 de
1500 3760 1593 3813 illo
1624 3762 1872 3815 dicerent
1917 3778 1930 3814 :
1972 3778 1991 3811 ι
2024 3761 2272 3817 Vidimus

699 3853 844 3901 cum,
874 3849 926 3892 et
961 3858 1066 3895 non
1106 3856 1225 3899 crat
1259 3849 1307 3901 ei
1342 3851 1553 3918 species
1586 3865 1762 3916 neque
1789 3852 1979 3903 decor.
2013 3851 2117 3903 Sed
2151 3866 2275 3918 spe-

700 3928 811 3981 cies
844 3930 962 3995 ejus
998 3933 1351 4001 inhouorata,
1401 3949 1455 3994 et
1484 3941 1723 3997 inferior
1771 3957 1883 4009 prae
1920 3940 2046 3995 filiis
2094 3940 2272 3995 homi-

702 4022 969 4075 num“.)
1028 4028 1202 4095 Atque
1260 4032 1371 4085 haec
1438 4034 1619 4087 dicere
1687 4028 2002 4090 visutn'est
2076 4045 2269 4090 contra

2375 3310 2795 3379 μεταμόρφωσιν
2814 3323 2827 3335 ⁸
2865 3304 3002 3359 ἀλλά
3037 3306 3193 3375 μόγις
3225 3304 3398 3357 αὑτὸν
3419 3303 3671 3355 ἐδύναντο
3698 3303 3944 3372 χωρῆσαι

2371 3398 2627 3461 τοιοῦτον,
2667 3396 2807 3448 ὥστε
2846 3394 3099 3462 λέγεσθαι
3126 3394 3191 3446 ἂν
3232 3393 3360 3466 περὶ
3400 3392 3562 3446 αὑτοῦ
3597 3390 3703 3445 ὑπὸ
3728 3392 3838 3443 τῶν
3868 3392 3943 3461 μὴ

2369 3486 2677 3557 δυναμένων
2698 3483 2777 3570 ξτὸ
2817 3487 3060 3557 κρεῖττον
3094 3482 3254 3536 αὑτοῦ
3285 3483 3497 3553 βλέπειν
3529 3482 3621 3533 τόδ
3665 3502 3685 3534 ι
3715 3481 3941 3550 Εἶδομεν

2370 3577 2555 3640 αὐτὸν,
2588 3580 2682 3631 καὶ
2743 3578 2842 3629 οὐκ
2889 3573 3030 3647 εἶχεν
3076 3573 3233 3640 εἶδος,
3280 3576 3399 3630 οὐδὲ
3436 3575 3663 3637 κάλλος·
3706 3575 3840 3627 ἀλλά
3880 3572 3942 3625 16

2373 3664 2511 3730 εἶδος
2537 3666 2700 3720 αὑτοῦ
2748 3667 2960 3737 ἄτιμον,
2992 3668 3240 3718 ἐκλεῖπον
3295 3666 3445 3735 παρὰ
3483 3667 3610 3728 τοὺς
3654 3667 3806 3727 υἱοὺς
3837 3664 3947 3715 τῶν

2375 3759 2693 3831 ἀνθρώπων.
2721 3778 2740 3810 ι
2777 3758 2887 3810 Καὶ
2927 3757 3100 3811 ταῦτα
3139 3757 3195 3810 δὲ
3230 3758 3362 3828 πρὸς
3408 3758 3505 3826 τήν
3546 3758 3757 3809 Κέλσου
3811 3756 3943 3808 ὑπό-

2372 3851 2556 3923 ληψιν,
2594 3850 2668 3920 μὴ
2696 3849 2984 3917 νοήσαντος
3019 3846 3118 3908 τὰς
3157 3846 3233 3910 ὡς
3261 3849 3318 3898 ἐν
3352 3846 3611 3916 ἱστορίαις
3650 3844 3947 3914 λεγομένας

2377 3940 2679 4013 μεταϐολάς
2704 3940 2739 4009 ἢ
2776 3935 3222 4008 μεταμορφώσεις
3248 3936 3344 3989 τοῦ
3388 3936 3584 4005 Ἰησοῦ,
3610 3936 3709 3987 καὶ
3734 3937 3798 3987 τὸ
3829 3934 3948 4001 θνη-

2312 4034 2320 4041 ’
2375 4034 2464 4088 τὸν
2495 4034 2527 4104 ἢ
2558 4032 2819 4088 ἀθάνατον
2838 4028 3030 4091 ἀὺτοῦ,
3058 4027 3313 4098 λελέχθω.

701 4111 840 4167 Celsi
879 4116 1222 4183 opinionem,
1265 4136 1368 4172 non
1413 4114 1758 4192 intelligentis
1824 4142 1959 4195 quas
2023 4127 2148 4181 Jesu
2217 4127 2544 4181 mutationes
2609 4122 3221 4192 transﬁgurationesque
3276 4129 3463 4175 narrat
3522 4121 3642 4189 ejus
3697 4118 3945 4179 historia.

705 4221 881 4274 neque
918 4209 1047 4274 quid
1089 4212 1316 4264 mortale
1357 4212 1407 4263 in
1448 4214 1539 4266 illo
1573 4216 1773 4282 quidve
1813 4209 2117 4272 immortale
2145 4218 2330 4272 fuerit.

778 4300 941 4369 512
986 4302 1075 4356 17.
1109 4301 1228 4356 Jam
1277 4304 1379 4358 illa:
1415 4306 1662 4360 historiae
1703 4311 2005 4376 prtesertim
2055 4327 2176 4365 cum
2214 4323 2273 4364 ut
2303 4324 2350 4380 υ

706 4404 804 4458 par
846 4399 930 4444 est
976 4391 1379 4459 intelliguntur,
1412 4408 1589 4447 nonne
1624 4397 1793 4449 multo
1822 4396 1943 4463 plus
1989 4401 2303 4463 gravitatis“

711 4481 931 4545 habent,
964 4496 1125 4549 quam
1158 4482 1357 4537 Bacchi
1393 4484 1617 4538 historia
1651 4489 1881 4554 primum
1917 4500 1946 4537 a
1984 4487 2271 4541 Titanibus
2305 4494 2313 4505 '

661 4648 665 4651 ‘
709 4571 947 4640 decepti,
992 4572 1193 4628 deinde
1240 4573 1508 4629 deturbati
1548 4576 1614 4629 de
1660 4578 1797 4630 solio
1848 4576 2018 4639 Jovis,
2064 4587 2172 4629 tum
2210 4579 2276 4630 ab

610 4718 615 4721 δ
708 4658 817 4713 illis
862 4660 1149 4730 discerpti,
1200 4673 1383 4727 postea
1435 4663 1798 4732 redintegrato
1845 4678 2075 4731 corpore
2130 4662 2276 4715 revi-

710 4751 989 4815 viscentis,
1014 4762 1069 4805 et
1094 4754 1146 4805 in
1176 4752 1371 4805 εωιυιιι
1404 4754 1788 4807 ascendentis?
1813 4753 1892 4805 An
1918 4754 2123 4807 Graecis
2156 4752 2280 4807 licet

712 4841 1011 4907 hujusmodi
1051 4856 1356 4897 commenta
1386 4846 1449 4896 ad
1483 4846 1722 4898 animam
1770 4846 1971 4899 referre
2003 4854 2060 4897 et
2089 4845 2156 4898 de
2185 4844 2275 4896 illa

712 4930 1091 5005 interpretari;
1138 4920 1509 4986 nobis'autem
1564 4936 1627 4987 ad
1677 4944 2098 5002 cunscquenlem
2149 4949 2280 4988 con-

715 5016 1138 5093 sentaneamque
1191 5033 1247 5076 ct
1295 5025 1453 5093 plane
1524 5041 1823 5079 consonam
1894 5024 2195 5092 Scripturis
2248 5039 2279 5077 a

714 5084 925 5173 Spiritul
968 5106 1148 5158 divino
1201 5110 1254 5159 in
1306 5110 1454 5176 puris
1518 5112 1801 5163 animabus
1864 5109 2139 5171 habitante
2196 5110 2279 5161 in~

716 5196 931 5266 Spiratis
984 5200 1368 5265 expositionem
1427 5190 1719 5270 praeclusus
1776 5198 1951 5257 omnis
2004 5201 2105 5254 crit
2164 5201 2280 5253 adi-

718 5288 841 5343 tus?
875 5288 1067 5341 Mentis
1101 5290 1261 5357 igitur
1308 5303 1609 5346 nostrarum
1650 5294 2049 5361 Scripturarum
2091 5292 2277 5347 Celsus

718 5381 875 5451 plane
918 5380 1133 5446 ignarus
1180 5382 1296 5434 fuit.
1322 5369 1489 5437 'Unde
1543 5398 1647 5437 non
1680 5383 1887 5435 illarum
1923 5383 2274 5447 intellectum,

716 5472 814 5527 sed
865 5470 1043 5539 potius
1082 5486 1251 5545 quem
1304 5472 1406 5524 illis
1456 5474 1569 5543 ipse
1609 5473 1825 5538 tribuit,
1871 5456 2313 5543 insectatur.qSii'

790 5611 827 5640 δ’
875 5610 973 5661 lsa.
1020 5624 1130 5668 Lm,
1172 5608 1223 5658 9..

2446 4307 2584 4381 Ἆρα
2616 4311 2672 4363 δὲ
2712 4309 2772 4363 οὐ
2803 4307 2982 4379 πολλῷ
3019 4308 3210 4373 ταῦτα,
3262 4309 3355 4362 καὶ
3391 4298 3621 4378 μάλιστα
3653 4308 3744 4361 ὅτε
3783 4306 3841 4359 ὃν
3872 4307 3950 4359 δεῖ

2375 4401 2572 4469 τρόπον
2627 4402 2845 4463 νοεῖται,
2906 4400 3203 4469 σεμνότερα
3258 4403 3504 4467 φανεῖται
3548 4400 3805 4453 Διονύσου
3848 4399 3951 4451 ὑπὸ

2376 4490 2481 4540 τῶν
2508 4490 2748 4543 Τιτάνων
2787 4474 3163 4558 ἀπατωμένου,
3194 4490 3287 4541 καὶ
3318 4490 3677 4553 ἐκπίπτοντος
3710 4492 3823 4543 ἀπὸ
3858 4490 3949 4541 τοῦ

2380 4579 2499 4639 Διὸς
2549 4578 2920 4648 Opdwu,rxa.1
2982 4572 3429 4657 σπαρασσομένου
3477 4581 3569 4633 ὑπ’
3597 4575 3809 4641 αὐτῶν,
3860 4582 3950 4633 καὶ

2384 4666 2519 4736 μετά
2544 4666 2723 4740 ταῦτα
2764 4667 2923 4719 πάλιν
2967 4669 3371 4737 συντιθεμένου,
3404 4670 3497 4721 καὶ
3525 4670 3690 4722 οἱονεὶ
3718 4669 3952 4722 ἀναϐιώ-

2384 4770 2623 4817 σκοντος,
2654 4754 2747 4807 καὶ
2785 4753 3161 4816 ἀναϐαίνοντος
3190 4756 3272 4817 είς
3314 4755 3577 4825 οὐρανόνς
3612 4756 3683 4805 Ἦ
3727 4754 3951 4823 Ἕλλησι

2386 4846 2482 4913 μὲν
2519 4843 2693 4906 ἔξεστι
2721 4843 2791 4895 τὰ
2840 4845 3064 4897 τοιαῦτα
3104 4846 3184 4905 εἰς
3219 4843 3312 4895 τὸν
3342 4843 3471 4913 περὶ
3504 4843 3684 4912 ψυχῆς
3729 4843 3951 4908 ἀνάγειν

2381 4934 2537 5002 λόγον
2562 4935 2656 4986 καὶ
2699 4920 3071 5013 τροπολογεῖγ·
3119 4935 3248 5003 ήμῖν
3279 4933 3323 4986 δ’
3357 4933 3778 4986 ἀποκέκλεισται
3817 4934 3954 5004 θύρα

2380 5024 2671 5079 ἀκολούθου
2713 5026 3036 5097 διηγήσεως,
3067 5026 3159 5077 καὶ
3185 5024 3461 5092 πανταχοῦ
3497 5026 3834 5095 συνᾳδούσης
3863 5026 3953 5079 καὶ

2384 5115 2779 5186 συμφωνούσης
2822 5119 2941 5178 ταῖς
2980 5116 3089 5167 ἀπὸ
3132 5114 3226 5167 τοῦ
3267 5113 3411 5165 θείου
3470 5116 3788 5182 Πνεύματος
3820 5118 3951 5186 Γρα-

2388 5206 2533 5272 φαῖς,
2561 5192 2850 5279 γενομένου
2889 5204 2947 5255 ἐν
2989 5202 3253 5273 καθαραῖς
3293 5204 3525 5273 ψυχαῖςς
3569 5192 3838 5275 υῦδαμῶς
3863 5202 3952 5258 οὖν

2386 5298 2416 5346 6
2444 5294 2646 5356 Κέλσος
2690 5290 2796 5347 οἶδε
2830 5294 2893 5346 τὸ
2937 5290 3181 5364 βούλημα
3207 5293 3315 5347 τῶν
3364 5279 3650 5366 ἡμετέρων
3696 5298 3953 5366 γραμμά-

2386 5394 2521 5450 των,
2552 5387 2742 5458 διόπερ
2777 5372 2875 5457 τήν
2918 5385 3110 5437 ἐαυτοῦ
3152 5384 3397 5456 ἐκδοχὴν,
3430 5388 3526 5441 καὶ
3556 5388 3679 5457 οὐχὶ
3713 5389 3816 5457 τὴν
3850 5386 3953 5436 τῶν

2356 5539 2360 5543 ι
2388 5479 2618 5548 Γραφῶν
2660 5479 2956 5553 διαϐάλλειι
2996 5478 3059 5531 Εἰ
3091 5476 3148 5529 δὲ
3175 5472 3247 5549 ἦν
3275 5480 3567 5548 ἐννοήσας,
3592 5479 3649 5532 τί
3679 5475 3953 5533 ἀκολουθεῖ

792 5769 899 5840 (37)
946 5765 1237 5843 Aldgopm.
1276 5760 1406 5820 Vide
1440 5764 1818 5821 adnotationcs
1846 5764 1913 5821 ad
1940 5765 2033 5823 lib.
2061 5782 2123 5835 ιι,
2154 5776 2305 5823 num.
2334 5764 2420 5821 6i.
