  <div class='ocr_page' id='page_1' title='image "/cluster/home/n/w/nwhite01/storage/ocr_20150623/11/pst.000005711918/544.png"; bbox 0 0 4100 6318; ppageno 0'>
   <div class='ocr_carea' id='block_1_1' title="bbox 229 447 370 506">
    <p class='ocr_par' dir='ltr' id='par_1_1' title="bbox 229 447 370 506">
     <span class='ocr_line' id='line_1_1' title="bbox 229 447 370 506; baseline 0 0"><span class='ocrx_word' id='word_1_1' title='bbox 229 447 370 506; x_wconf 59' lang='grc'><strong>1059</strong></span> 
     </span>
    </p>
   </div>
   <div class='ocr_carea' id='block_1_2' title="bbox 1388 422 2272 507">
    <p class='ocr_par' dir='ltr' id='par_1_2' title="bbox 1388 422 2272 507">
     <span class='ocr_line' id='line_1_2' title="bbox 1388 422 2272 507; baseline -0.012 -19"><span class='ocrx_word' id='word_1_2' title='bbox 1388 429 1668 488; x_wconf 74' lang='lat' dir='ltr'><strong>CONTRA</strong></span> <span class='ocrx_word' id='word_1_3' title='bbox 1699 422 1976 483; x_wconf 63' lang='lat' dir='ltr'><strong>ensum</strong></span> <span class='ocrx_word' id='word_1_4' title='bbox 2015 427 2142 507; x_wconf 76' lang='lat' dir='ltr'><strong>Lm.</strong></span> <span class='ocrx_word' id='word_1_5' title='bbox 2186 423 2272 478; x_wconf 83' lang='lat' dir='ltr'><strong>IV.</strong></span> 
     </span>
    </p>
   </div>
   <div class='ocr_carea' id='block_1_3' title="bbox 3325 424 3464 483">
    <p class='ocr_par' dir='ltr' id='par_1_3' title="bbox 3325 424 3464 483">
     <span class='ocr_line' id='line_1_3' title="bbox 3325 424 3464 483; baseline 0.014 -2"><span class='ocrx_word' id='word_1_6' title='bbox 3325 424 3464 483; x_wconf 67' lang='grc' dir='ltr'><strong>ΝΞΟ</strong></span> 
     </span>
    </p>
   </div>
   <div class='ocr_carea' id='block_1_4' title="bbox 223 538 1769 642">
    <p class='ocr_par' dir='ltr' id='par_1_4' title="bbox 223 556 1769 642">
     <span class='ocr_line' id='line_1_4' title="bbox 223 556 1769 642; baseline -0.011 -19"><span class='ocrx_word' id='word_1_7' title='bbox 223 569 369 637; x_wconf 70' lang='grc' dir='ltr'>ψυχῇ</span> <span class='ocrx_word' id='word_1_8' title='bbox 404 569 460 619; x_wconf 82' lang='grc' dir='ltr'>ὲν</span> <span class='ocrx_word' id='word_1_9' title='bbox 495 569 694 640; x_wconf 78' lang='grc' dir='ltr'><strong>αἰωνίῳ</strong></span> <span class='ocrx_word' id='word_1_10' title='bbox 742 570 970 642; x_wconf 79' lang='grc' dir='ltr'>ὲσομένῃ</span> <span class='ocrx_word' id='word_1_11' title='bbox 1019 568 1162 636; x_wconf 79' lang='grc' dir='ltr'>ζωῇ,</span> <span class='ocrx_word' id='word_1_12' title='bbox 1210 563 1301 616; x_wconf 77' lang='grc' dir='ltr'>κα¹ι</span> <span class='ocrx_word' id='word_1_13' title='bbox 1332 561 1383 615; x_wconf 87' lang='grc' dir='ltr'><strong>τί</strong></span> <span class='ocrx_word' id='word_1_14' title='bbox 1430 560 1535 631; x_wconf 83' lang='grc' dir='ltr'><strong>χρὴ</strong></span> <span class='ocrx_word' id='word_1_15' title='bbox 1585 556 1769 629; x_wconf 84' lang='grc' dir='ltr'>φρονεῖ</span> 
     </span>
    </p>
   </div>
   <div class='ocr_carea' id='block_1_5' title="bbox 1873 538 3459 642">
    <p class='ocr_par' dir='ltr' id='par_1_5' title="bbox 1873 545 3459 618">
     <span class='ocr_line' id='line_1_5' title="bbox 1873 545 3459 618; baseline -0.002 -14"><span class='ocrx_word' id='word_1_16' title='bbox 1873 562 2080 611; x_wconf 67' lang='grc' dir='ltr'>,ιηιοηιο</span> <span class='ocrx_word' id='word_1_17' title='bbox 2120 548 2618 618; x_wconf 84' lang='lat' dir='ltr'><strong>comprehendisset</strong></span> <span class='ocrx_word' id='word_1_18' title='bbox 2661 560 2784 614; x_wconf 72' lang='lat' dir='ltr'><strong>qua:</strong></span> <span class='ocrx_word' id='word_1_19' title='bbox 2833 545 3012 599; x_wconf 86' lang='lat' dir='ltr'><strong>futura</strong></span> <span class='ocrx_word' id='word_1_20' title='bbox 3038 545 3136 600; x_wconf 87' lang='lat' dir='ltr'><strong>&#39;sit</strong></span> <span class='ocrx_word' id='word_1_21' title='bbox 3165 547 3360 606; x_wconf 61' lang='lat' dir='ltr'><strong>animo:</strong></span> <span class='ocrx_word' id='word_1_22' title='bbox 3401 552 3459 607; x_wconf 79' lang='lat' dir='ltr'><strong>in</strong></span> 
     </span>
    </p>
   </div>
   <div class='ocr_carea' id='block_1_6' title="bbox 226 647 1791 728">
    <p class='ocr_par' dir='ltr' id='par_1_6' title="bbox 226 647 1791 728">
     <span class='ocr_line' id='line_1_6' title="bbox 226 647 1791 728; baseline -0.005 -20"><span class='ocrx_word' id='word_1_23' title='bbox 226 659 354 728; x_wconf 82' lang='grc' dir='ltr'>περὶ</span> <span class='ocrx_word' id='word_1_24' title='bbox 386 659 482 726; x_wconf 82' lang='grc' dir='ltr'>τῆς</span> <span class='ocrx_word' id='word_1_25' title='bbox 509 659 694 721; x_wconf 79' lang='grc' dir='ltr'>οὐσίας</span> <span class='ocrx_word' id='word_1_26' title='bbox 724 660 890 728; x_wconf 81' lang='grc' dir='ltr'>αὐτῆς</span> <span class='ocrx_word' id='word_1_27' title='bbox 933 659 1023 712; x_wconf 82' lang='grc' dir='ltr'>καὶ</span> <span class='ocrx_word' id='word_1_28' title='bbox 1064 656 1189 726; x_wconf 79' lang='grc' dir='ltr'>περὶ</span> <span class='ocrx_word' id='word_1_29' title='bbox 1233 653 1341 707; x_wconf 88' lang='grc' dir='ltr'><strong>τῶν</strong></span> <span class='ocrx_word' id='word_1_30' title='bbox 1369 651 1551 723; x_wconf 81' lang='grc' dir='ltr'>ἀρχῶν</span> <span class='ocrx_word' id='word_1_31' title='bbox 1595 647 1791 716; x_wconf 79' lang='grc' dir='ltr'>αὐτῆς·</span> 
     </span>
    </p>
   </div>
   <div class='ocr_carea' id='block_1_7' title="bbox 221 737 1794 817">
    <p class='ocr_par' dir='ltr' id='par_1_7' title="bbox 221 737 1794 817">
     <span class='ocr_line' id='line_1_7' title="bbox 221 737 1794 817; baseline -0.004 -20"><span class='ocrx_word' id='word_1_32' title='bbox 221 744 324 797; x_wconf 82' lang='grc' dir='ltr'>οὐκ</span> <span class='ocrx_word' id='word_1_33' title='bbox 366 746 431 797; x_wconf 86' lang='grc' dir='ltr'>ἂν</span> <span class='ocrx_word' id='word_1_34' title='bbox 472 745 613 798; x_wconf 75' lang='grc' dir='ltr'>οὕτω</span> <span class='ocrx_word' id='word_1_35' title='bbox 643 747 851 817; x_wconf 78' lang='grc' dir='ltr'><strong>διέσυρε</strong></span> <span class='ocrx_word' id='word_1_36' title='bbox 882 748 971 799; x_wconf 86' lang='grc' dir='ltr'>τὸν</span> <span class='ocrx_word' id='word_1_37' title='bbox 1004 746 1266 798; x_wconf 85' lang='grc' dir='ltr'>ἀθάνατον</span> <span class='ocrx_word' id='word_1_38' title='bbox 1305 746 1382 806; x_wconf 87' lang='grc' dir='ltr'><strong>είς</strong></span> <span class='ocrx_word' id='word_1_39' title='bbox 1421 739 1611 810; x_wconf 80' lang='grc' dir='ltr'>θνητὸν</span> <span class='ocrx_word' id='word_1_40' title='bbox 1641 737 1794 808; x_wconf 56' lang='grc' dir='ltr'>ὲρχόε</span> 
     </span>
    </p>
   </div>
   <div class='ocr_carea' id='block_1_8' title="bbox 226 823 1795 910">
    <p class='ocr_par' dir='ltr' id='par_1_8' title="bbox 226 823 1795 910">
     <span class='ocr_line' id='line_1_8' title="bbox 226 823 1795 910; baseline -0.004 -22"><span class='ocrx_word' id='word_1_41' title='bbox 226 853 389 904; x_wconf 87' lang='grc' dir='ltr'>μενον</span> <span class='ocrx_word' id='word_1_42' title='bbox 418 837 604 906; x_wconf 87' lang='grc' dir='ltr'>σῶμα,</span> <span class='ocrx_word' id='word_1_43' title='bbox 642 823 701 889; x_wconf 70' lang='grc' dir='ltr'>οὗ</span> <span class='ocrx_word' id='word_1_44' title='bbox 747 841 884 892; x_wconf 84' lang='grc' dir='ltr'>κατὰ</span> <span class='ocrx_word' id='word_1_45' title='bbox 926 840 1020 910; x_wconf 82' lang='grc' dir='ltr'>τὴν</span> <span class='ocrx_word' id='word_1_46' title='bbox 1051 839 1334 899; x_wconf 83' lang='grc' dir='ltr'>Πλάτωνος</span> <span class='ocrx_word' id='word_1_47' title='bbox 1365 827 1488 906; x_wconf 55' lang='grc'><strong>’(58)</strong></span> <span class='ocrx_word' id='word_1_48' title='bbox 1532 848 1795 902; x_wconf 88' lang='grc' dir='ltr'>μετενσω-</span> 
     </span>
    </p>
   </div>
   <div class='ocr_carea' id='block_1_9' title="bbox 226 925 1787 998">
    <p class='ocr_par' dir='ltr' id='par_1_9' title="bbox 226 925 1787 998">
     <span class='ocr_line' id='line_1_9' title="bbox 226 925 1787 998; baseline -0.002 -21"><span class='ocrx_word' id='word_1_49' title='bbox 226 927 488 994; x_wconf 82' lang='grc' dir='ltr'>μάτωσιν,</span> <span class='ocrx_word' id='word_1_50' title='bbox 519 927 652 979; x_wconf 86' lang='grc' dir='ltr'><strong>ἀλλά</strong></span> <span class='ocrx_word' id='word_1_51' title='bbox 683 929 799 981; x_wconf 70' lang='grc' dir='ltr'>κατ’</span> <span class='ocrx_word' id='word_1_52' title='bbox 827 931 990 998; x_wconf 83' lang='grc' dir='ltr'>ἄλλην</span> <span class='ocrx_word' id='word_1_53' title='bbox 1019 929 1137 983; x_wconf 74' lang='grc' dir='ltr'>τινὰ</span> <span class='ocrx_word' id='word_1_54' title='bbox 1164 928 1494 998; x_wconf 66' lang='grc' dir='ltr'>ὑψηλοτέραν</span> <span class='ocrx_word' id='word_1_55' title='bbox 1530 925 1787 994; x_wconf 81' lang='grc' dir='ltr'><strong>θεωρίαν·</strong></span> 
     </span>
    </p>
   </div>
   <div class='ocr_carea' id='block_1_10' title="bbox 223 1010 1793 1088">
    <p class='ocr_par' dir='ltr' id='par_1_10' title="bbox 223 1010 1793 1088">
     <span class='ocr_line' id='line_1_10' title="bbox 223 1010 1793 1088; baseline -0.002 -23"><span class='ocrx_word' id='word_1_56' title='bbox 223 1010 344 1065; x_wconf 82' lang='grc' dir='ltr'>εἶδε</span> <span class='ocrx_word' id='word_1_57' title='bbox 358 1012 404 1066; x_wconf 83' lang='grc' dir='ltr'>δ’</span> <span class='ocrx_word' id='word_1_58' title='bbox 426 1015 492 1068; x_wconf 84' lang='grc' dir='ltr'>ἂν</span> <span class='ocrx_word' id='word_1_59' title='bbox 519 1017 610 1068; x_wconf 73' lang='grc' dir='ltr'>καὶ</span> <span class='ocrx_word' id='word_1_60' title='bbox 642 1017 768 1085; x_wconf 90' lang='grc' dir='ltr'>μίαν</span> <span class='ocrx_word' id='word_1_61' title='bbox 807 1016 1079 1088; x_wconf 79' lang='grc' dir='ltr'>ἐξαίρετον</span> <span class='ocrx_word' id='word_1_62' title='bbox 1119 1016 1226 1068; x_wconf 75' lang='grc' dir='ltr'><strong>ἀπὸ</strong></span> <span class='ocrx_word' id='word_1_63' title='bbox 1257 1014 1454 1084; x_wconf 83' lang='grc' dir='ltr'>πολλῆς</span> <span class='ocrx_word' id='word_1_64' title='bbox 1492 1011 1793 1082; x_wconf 85' lang='grc' dir='ltr'>φιλανθρω-</span> 
     </span>
    </p>
   </div>
   <div class='ocr_carea' id='block_1_11' title="bbox 222 1101 1787 1178">
    <p class='ocr_par' dir='ltr' id='par_1_11' title="bbox 222 1101 1787 1178">
     <span class='ocr_line' id='line_1_11' title="bbox 222 1101 1787 1178; baseline -0.01 -10"><span class='ocrx_word' id='word_1_65' title='bbox 222 1103 352 1167; x_wconf 83' lang='grc' dir='ltr'>πίας</span> <span class='ocrx_word' id='word_1_66' title='bbox 388 1107 684 1160; x_wconf 81' lang='grc' dir='ltr'>κατάϐασιν</span> <span class='ocrx_word' id='word_1_67' title='bbox 717 1107 844 1176; x_wconf 77' lang='lat'><strong>(59),</strong></span> <span class='ocrx_word' id='word_1_68' title='bbox 874 1109 1010 1178; x_wconf 80' lang='grc' dir='ltr'>ὑπὲρ</span> <span class='ocrx_word' id='word_1_69' title='bbox 1035 1107 1129 1159; x_wconf 85' lang='grc' dir='ltr'><strong>τοῦ</strong></span> <span class='ocrx_word' id='word_1_70' title='bbox 1166 1105 1482 1175; x_wconf 71' lang='grc' dir='ltr'>ἐπιστρέψαι</span> <span class='ocrx_word' id='word_1_71' title='bbox 1515 1102 1583 1155; x_wconf 80' lang='grc' dir='ltr'>τὰ</span> <span class='ocrx_word' id='word_1_72' title='bbox 1627 1101 1722 1172; x_wconf 83' lang='grc' dir='ltr'><strong>(ὡς</strong></span> <span class='ocrx_word' id='word_1_73' title='bbox 1754 1104 1787 1171; x_wconf 84' lang='grc' dir='ltr'><strong>ἡ</strong></span> 
     </span>
    </p>
   </div>
   <div class='ocr_carea' id='block_1_12' title="bbox 223 1190 1793 1266">
    <p class='ocr_par' dir='ltr' id='par_1_12' title="bbox 223 1190 1793 1266">
     <span class='ocr_line' id='line_1_12' title="bbox 223 1190 1793 1266; baseline -0.001 -21"><span class='ocrx_word' id='word_1_74' title='bbox 223 1193 343 1246; x_wconf 85' lang='grc' dir='ltr'>θεῖα</span> <span class='ocrx_word' id='word_1_75' title='bbox 373 1195 620 1264; x_wconf 83' lang='grc' dir='ltr'>ὠνόμασε</span> <span class='ocrx_word' id='word_1_76' title='bbox 673 1197 944 1264; x_wconf 64' lang='grc' dir='ltr'>μυστικῶς</span> <span class='ocrx_word' id='word_1_77' title='bbox 985 1196 1218 1266; x_wconf 71' lang='grc' dir='ltr'>Γραφὴ,)</span> <span class='ocrx_word' id='word_1_78' title='bbox 1255 1215 1272 1246; x_wconf 76' lang='grc' dir='ltr'><strong>ι</strong></span> <span class='ocrx_word' id='word_1_79' title='bbox 1304 1194 1616 1248; x_wconf 82' lang='grc' dir='ltr'><strong>ἀπολωλότα</strong></span> <span class='ocrx_word' id='word_1_80' title='bbox 1657 1190 1793 1261; x_wconf 82' lang='grc' dir='ltr'>πρό-</span> 
     </span>
    </p>
   </div>
   <div class='ocr_carea' id='block_1_13' title="bbox 218 1283 1786 1356">
    <p class='ocr_par' dir='ltr' id='par_1_13' title="bbox 218 1283 1786 1356">
     <span class='ocr_line' id='line_1_13' title="bbox 218 1283 1786 1356; baseline -0.001 -20"><span class='ocrx_word' id='word_1_81' title='bbox 218 1283 362 1337; x_wconf 83' lang='grc' dir='ltr'>ϐατα</span> <span class='ocrx_word' id='word_1_82' title='bbox 399 1286 543 1338; x_wconf 77' lang='grc' dir='ltr'>οἴκου</span> <span class='ocrx_word' id='word_1_83' title='bbox 577 1286 806 1356; x_wconf 81' lang='grc' dir='ltr'>Ἰσραὴλ,</span> <span class='ocrx_word' id='word_1_84' title='bbox 834 1306 851 1337; x_wconf 80' lang='grc' dir='ltr'><strong>ι</strong></span> <span class='ocrx_word' id='word_1_85' title='bbox 882 1287 975 1340; x_wconf 75' lang='grc' dir='ltr'>καὶ</span> <span class='ocrx_word' id='word_1_86' title='bbox 1004 1287 1314 1341; x_wconf 87' lang='grc' dir='ltr'>καταϐάντα</span> <span class='ocrx_word' id='word_1_87' title='bbox 1355 1285 1462 1339; x_wconf 83' lang='grc' dir='ltr'>ἀπὸ</span> <span class='ocrx_word' id='word_1_88' title='bbox 1489 1285 1596 1337; x_wconf 89' lang='grc' dir='ltr'><strong>τῶν</strong></span> <span class='ocrx_word' id='word_1_89' title='bbox 1621 1283 1786 1352; x_wconf 90' lang='grc' dir='ltr'>ὀρῶν,</span> 
     </span>
    </p>
   </div>
   <div class='ocr_carea' id='block_1_14' title="bbox 218 1374 1788 1449">
    <p class='ocr_par' dir='ltr' id='par_1_14' title="bbox 218 1374 1788 1449">
     <span class='ocr_line' id='line_1_14' title="bbox 218 1374 1788 1449; baseline -0.001 -23"><span class='ocrx_word' id='word_1_90' title='bbox 218 1376 359 1444; x_wconf 63' lang='grc' dir='ltr'>πρὸς</span> <span class='ocrx_word' id='word_1_91' title='bbox 401 1376 437 1429; x_wconf 80' lang='grc' dir='ltr'><strong>ἃ</strong></span> <span class='ocrx_word' id='word_1_92' title='bbox 474 1379 503 1428; x_wconf 85' lang='grc' dir='ltr'>ὁ</span> <span class='ocrx_word' id='word_1_93' title='bbox 560 1377 759 1447; x_wconf 77' lang='grc' dir='ltr'>ποιμὴν</span> <span class='ocrx_word' id='word_1_94' title='bbox 816 1377 870 1430; x_wconf 72' lang='grc' dir='ltr'>ἓν</span> <span class='ocrx_word' id='word_1_95' title='bbox 923 1396 1029 1430; x_wconf 91' lang='grc' dir='ltr'>τισι</span> <span class='ocrx_word' id='word_1_96' title='bbox 1099 1377 1428 1449; x_wconf 82' lang='grc' dir='ltr'>παραϐολαῖς</span> <span class='ocrx_word' id='word_1_97' title='bbox 1484 1374 1788 1442; x_wconf 84' lang='grc' dir='ltr'>καταϐεϐη-</span> 
     </span>
    </p>
   </div>
   <div class='ocr_carea' id='block_1_15' title="bbox 216 1465 1790 1538">
    <p class='ocr_par' dir='ltr' id='par_1_15' title="bbox 216 1465 1790 1538">
     <span class='ocr_line' id='line_1_15' title="bbox 216 1465 1790 1538; baseline -0.001 -20"><span class='ocrx_word' id='word_1_98' title='bbox 216 1467 374 1520; x_wconf 79' lang='grc' dir='ltr'>κέναι</span> <span class='ocrx_word' id='word_1_99' title='bbox 401 1467 632 1537; x_wconf 84' lang='grc' dir='ltr'>λέγεται,</span> <span class='ocrx_word' id='word_1_100' title='bbox 663 1468 972 1521; x_wconf 83' lang='grc' dir='ltr'>καταλιπὼν</span> <span class='ocrx_word' id='word_1_101' title='bbox 999 1470 1054 1521; x_wconf 84' lang='grc' dir='ltr'>ὲν</span> <span class='ocrx_word' id='word_1_102' title='bbox 1085 1473 1196 1531; x_wconf 88' lang='grc' dir='ltr'>τοῖς</span> <span class='ocrx_word' id='word_1_103' title='bbox 1226 1469 1373 1538; x_wconf 75' lang='grc' dir='ltr'>ὄρεσι</span> <span class='ocrx_word' id='word_1_104' title='bbox 1397 1467 1465 1519; x_wconf 76' lang='grc' dir='ltr'>τὰ</span> <span class='ocrx_word' id='word_1_105' title='bbox 1489 1466 1560 1535; x_wconf 82' lang='grc' dir='ltr'>μὴ</span> <span class='ocrx_word' id='word_1_106' title='bbox 1577 1475 1580 1477; x_wconf 40' lang='grc' dir='ltr'><strong>λ</strong></span> <span class='ocrx_word' id='word_1_107' title='bbox 1597 1465 1790 1534; x_wconf 72' lang='grc' dir='ltr'>ἐσφαλ-</span> 
     </span>
    </p>
   </div>
   <div class='ocr_carea' id='block_1_16' title="bbox 219 1556 380 1624">
    <p class='ocr_par' dir='ltr' id='par_1_16' title="bbox 219 1556 380 1624">
     <span class='ocr_line' id='line_1_16' title="bbox 219 1556 380 1624; baseline 0.012 -16"><span class='ocrx_word' id='word_1_108' title='bbox 219 1556 380 1624; x_wconf 86' lang='grc' dir='ltr'>μένα.</span> 
     </span>
    </p>
   </div>
   <div class='ocr_carea' id='block_1_17' title="bbox 282 1813 1784 1888">
    <p class='ocr_par' dir='ltr' id='par_1_17' title="bbox 282 1813 1784 1888">
     <span class='ocr_line' id='line_1_17' title="bbox 282 1813 1784 1888; baseline -0.001 -20"><span class='ocrx_word' id='word_1_109' title='bbox 282 1817 719 1888; x_wconf 85' lang='grc' dir='ltr'>Προσδιατρίϐων</span> <span class='ocrx_word' id='word_1_110' title='bbox 748 1818 804 1870; x_wconf 77' lang='grc' dir='ltr'>δὲ</span> <span class='ocrx_word' id='word_1_111' title='bbox 832 1819 859 1869; x_wconf 87' lang='grc' dir='ltr'>ὁ</span> <span class='ocrx_word' id='word_1_112' title='bbox 883 1817 1088 1880; x_wconf 79' lang='grc' dir='ltr'>Κέλσος</span> <span class='ocrx_word' id='word_1_113' title='bbox 1114 1814 1194 1880; x_wconf 76' lang='grc' dir='ltr'>οἷς</span> <span class='ocrx_word' id='word_1_114' title='bbox 1215 1817 1273 1868; x_wconf 78' lang='grc' dir='ltr'>οὐ</span> <span class='ocrx_word' id='word_1_115' title='bbox 1305 1816 1576 1885; x_wconf 79' lang='grc' dir='ltr'><strong>νενόηκεν,</strong></span> <span class='ocrx_word' id='word_1_116' title='bbox 1614 1813 1784 1877; x_wconf 73' lang='grc' dir='ltr'>αἴτιος</span> 
     </span>
    </p>
   </div>
   <div class='ocr_carea' id='block_1_18' title="bbox 207 1905 1786 1978">
    <p class='ocr_par' dir='ltr' id='par_1_18' title="bbox 207 1905 1786 1978">
     <span class='ocr_line' id='line_1_18' title="bbox 207 1905 1786 1978; baseline -0.002 -18"><span class='ocrx_word' id='word_1_117' title='bbox 207 1909 344 1977; x_wconf 80' lang='grc' dir='ltr'>ἡμῖν</span> <span class='ocrx_word' id='word_1_118' title='bbox 376 1909 584 1976; x_wconf 88' lang='grc' dir='ltr'>γίνεται</span> <span class='ocrx_word' id='word_1_119' title='bbox 615 1907 982 1976; x_wconf 82' lang='grc' dir='ltr'><strong>ταυτολογίας,</strong></span> <span class='ocrx_word' id='word_1_120' title='bbox 1007 1911 1068 1960; x_wconf 85' lang='grc' dir='ltr'>οὐ</span> <span class='ocrx_word' id='word_1_121' title='bbox 1097 1909 1458 1978; x_wconf 79' lang='grc' dir='ltr'>βουλομένοις,</span> <span class='ocrx_word' id='word_1_122' title='bbox 1482 1908 1585 1960; x_wconf 75' lang='grc' dir='ltr'>κᾶν</span> <span class='ocrx_word' id='word_1_123' title='bbox 1610 1905 1686 1975; x_wconf 80' lang='grc' dir='ltr'>τῷ</span> <span class='ocrx_word' id='word_1_124' title='bbox 1701 1906 1786 1958; x_wconf 84' lang='grc' dir='ltr'>δο-</span> 
     </span>
    </p>
   </div>
   <div class='ocr_carea' id='block_1_19' title="bbox 205 2002 1785 2078">
    <p class='ocr_par' dir='ltr' id='par_1_19' title="bbox 205 2002 1785 2078">
     <span class='ocr_line' id='line_1_19' title="bbox 205 2002 1785 2078; baseline -0.001 -26"><span class='ocrx_word' id='word_1_125' title='bbox 205 2003 327 2078; x_wconf 75' lang='grc' dir='ltr'>κεῖν</span> <span class='ocrx_word' id='word_1_126' title='bbox 361 2002 717 2054; x_wconf 77' lang='grc' dir='ltr'>ἀϐασάνιστον</span> <span class='ocrx_word' id='word_1_127' title='bbox 748 2003 854 2054; x_wconf 88' lang='grc' dir='ltr'><strong>τῶν</strong></span> <span class='ocrx_word' id='word_1_128' title='bbox 896 2003 986 2054; x_wconf 78' lang='grc' dir='ltr'><strong>ὑπ’</strong></span> <span class='ocrx_word' id='word_1_129' title='bbox 1021 2002 1185 2054; x_wconf 76' lang='grc' dir='ltr'>αὐτοῦ</span> <span class='ocrx_word' id='word_1_130' title='bbox 1232 2002 1566 2072; x_wconf 82' lang='grc' dir='ltr'>λελεγμένων</span> <span class='ocrx_word' id='word_1_131' title='bbox 1607 2018 1658 2052; x_wconf 88' lang='grc' dir='ltr'><strong>τι</strong></span> <span class='ocrx_word' id='word_1_132' title='bbox 1690 2017 1785 2052; x_wconf 90' lang='grc' dir='ltr'>κα-</span> 
     </span>
    </p>
   </div>
   <div class='ocr_carea' id='block_1_20' title="bbox 200 2086 1785 2161">
    <p class='ocr_par' dir='ltr' id='par_1_20' title="bbox 200 2086 1785 2161">
     <span class='ocr_line' id='line_1_20' title="bbox 200 2086 1785 2161; baseline 0.001 -21"><span class='ocrx_word' id='word_1_133' title='bbox 200 2089 598 2143; x_wconf 75' lang='grc' dir='ltr'>ταλελοιπέναι.</span> <span class='ocrx_word' id='word_1_134' title='bbox 624 2091 788 2161; x_wconf 70' lang='grc' dir='ltr'>Φησὶν</span> <span class='ocrx_word' id='word_1_135' title='bbox 820 2086 910 2146; x_wconf 76' lang='grc' dir='ltr'>οὖν</span> <span class='ocrx_word' id='word_1_136' title='bbox 941 2091 1085 2161; x_wconf 76' lang='grc' dir='ltr'>ἑξῆς,</span> <span class='ocrx_word' id='word_1_137' title='bbox 1117 2092 1202 2143; x_wconf 84' lang='grc' dir='ltr'>ὅτι</span> <span class='ocrx_word' id='word_1_138' title='bbox 1237 2110 1254 2142; x_wconf 86' lang='lat' dir='ltr'><strong>t</strong></span> <span class='ocrx_word' id='word_1_139' title='bbox 1287 2093 1440 2144; x_wconf 84' lang='grc' dir='ltr'>Ἤτοι</span> <span class='ocrx_word' id='word_1_140' title='bbox 1470 2090 1544 2152; x_wconf 85' lang='grc' dir='ltr'>ὡς</span> <span class='ocrx_word' id='word_1_141' title='bbox 1570 2089 1785 2159; x_wconf 87' lang='grc' dir='ltr'>ἀληθῶς</span> 
     </span>
    </p>
   </div>
   <div class='ocr_carea' id='block_1_21' title="bbox 205 2176 1782 2252">
    <p class='ocr_par' dir='ltr' id='par_1_21' title="bbox 205 2176 1782 2252">
     <span class='ocr_line' id='line_1_21' title="bbox 205 2176 1782 2252; baseline 0 -20"><span class='ocrx_word' id='word_1_142' title='bbox 205 2176 590 2249; x_wconf 82' lang='grc' dir='ltr'>μεταϐάλλειό</span> <span class='ocrx_word' id='word_1_143' title='bbox 632 2182 794 2245; x_wconf 83' lang='grc' dir='ltr'>Θεὸς,</span> <span class='ocrx_word' id='word_1_144' title='bbox 842 2181 1027 2252; x_wconf 83' lang='grc' dir='ltr'>ὥσπερ</span> <span class='ocrx_word' id='word_1_145' title='bbox 1078 2177 1221 2235; x_wconf 78' lang='grc' dir='ltr'>οὗτοί</span> <span class='ocrx_word' id='word_1_146' title='bbox 1274 2199 1455 2250; x_wconf 87' lang='grc' dir='ltr'>φασιν,</span> <span class='ocrx_word' id='word_1_147' title='bbox 1506 2184 1586 2243; x_wconf 85' lang='grc' dir='ltr'><strong>είς</strong></span> <span class='ocrx_word' id='word_1_148' title='bbox 1626 2181 1782 2250; x_wconf 90' lang='grc' dir='ltr'>σῶμα</span> 
     </span>
    </p>
   </div>
   <div class='ocr_carea' id='block_1_22' title="bbox 201 2268 1782 2344">
    <p class='ocr_par' dir='ltr' id='par_1_22' title="bbox 201 2268 1782 2344">
     <span class='ocr_line' id='line_1_22' title="bbox 201 2268 1782 2344; baseline 0.003 -24"><span class='ocrx_word' id='word_1_149' title='bbox 201 2268 420 2339; x_wconf 80' lang='grc' dir='ltr'>θνητὸν,</span> <span class='ocrx_word' id='word_1_150' title='bbox 470 2271 563 2323; x_wconf 76' lang='grc' dir='ltr'>καὶ</span> <span class='ocrx_word' id='word_1_151' title='bbox 606 2273 924 2342; x_wconf 88' lang='grc' dir='ltr'>προείρηται</span> <span class='ocrx_word' id='word_1_152' title='bbox 968 2274 1028 2326; x_wconf 86' lang='grc' dir='ltr'>τὸ</span> <span class='ocrx_word' id='word_1_153' title='bbox 1066 2274 1352 2326; x_wconf 88' lang='grc' dir='ltr'>ἀδύνατον·</span> <span class='ocrx_word' id='word_1_154' title='bbox 1400 2274 1432 2344; x_wconf 87' lang='grc' dir='ltr'>ἢ</span> <span class='ocrx_word' id='word_1_155' title='bbox 1471 2273 1631 2335; x_wconf 79' lang='grc' dir='ltr'>αὐτὸς</span> <span class='ocrx_word' id='word_1_156' title='bbox 1683 2273 1782 2342; x_wconf 86' lang='grc' dir='ltr'>μὲν</span> 
     </span>
    </p>
   </div>
   <div class='ocr_carea' id='block_1_23' title="bbox 197 2363 1782 2433">
    <p class='ocr_par' dir='ltr' id='par_1_23' title="bbox 197 2363 1782 2433">
     <span class='ocr_line' id='line_1_23' title="bbox 197 2363 1782 2433; baseline 0.002 -20"><span class='ocrx_word' id='word_1_157' title='bbox 197 2363 262 2414; x_wconf 84' lang='grc' dir='ltr'>οῦ</span> <span class='ocrx_word' id='word_1_158' title='bbox 312 2365 666 2431; x_wconf 86' lang='grc' dir='ltr'>μεταϐάλλει,</span> <span class='ocrx_word' id='word_1_159' title='bbox 713 2370 855 2419; x_wconf 87' lang='grc' dir='ltr'>ποιεῖ</span> <span class='ocrx_word' id='word_1_160' title='bbox 890 2367 946 2419; x_wconf 82' lang='grc' dir='ltr'>δὲ</span> <span class='ocrx_word' id='word_1_161' title='bbox 989 2368 1114 2428; x_wconf 84' lang='grc' dir='ltr'>τοὺς</span> <span class='ocrx_word' id='word_1_162' title='bbox 1153 2365 1393 2433; x_wconf 77' lang='grc' dir='ltr'>ὁρῶντας</span> <span class='ocrx_word' id='word_1_163' title='bbox 1449 2365 1643 2426; x_wconf 83' lang='grc' dir='ltr'>δοκεῖν,</span> <span class='ocrx_word' id='word_1_164' title='bbox 1686 2365 1782 2416; x_wconf 68' lang='grc' dir='ltr'><strong>καῖ¹</strong></span> 
     </span>
    </p>
   </div>
   <div class='ocr_carea' id='block_1_24' title="bbox 197 2454 1780 2528">
    <p class='ocr_par' dir='ltr' id='par_1_24' title="bbox 197 2454 1780 2528">
     <span class='ocr_line' id='line_1_24' title="bbox 197 2454 1780 2528; baseline 0.003 -24"><span class='ocrx_word' id='word_1_165' title='bbox 197 2454 383 2525; x_wconf 80' lang='grc' dir='ltr'>πλανᾷ</span> <span class='ocrx_word' id='word_1_166' title='bbox 433 2459 527 2509; x_wconf 84' lang='grc' dir='ltr'>καὶ</span> <span class='ocrx_word' id='word_1_167' title='bbox 557 2458 828 2526; x_wconf 83' lang='grc' dir='ltr'>ψεύδεται.</span> <span class='ocrx_word' id='word_1_168' title='bbox 873 2458 1076 2528; x_wconf 88' lang='grc' dir='ltr'>’Λπάτη</span> <span class='ocrx_word' id='word_1_169' title='bbox 1123 2459 1179 2510; x_wconf 82' lang='grc' dir='ltr'>δὲ</span> <span class='ocrx_word' id='word_1_170' title='bbox 1226 2459 1321 2510; x_wconf 74' lang='grc' dir='ltr'>καὶ</span> <span class='ocrx_word' id='word_1_171' title='bbox 1370 2457 1561 2525; x_wconf 77' lang='grc' dir='ltr'>ψεῦδος</span> <span class='ocrx_word' id='word_1_172' title='bbox 1606 2456 1780 2519; x_wconf 80' lang='grc' dir='ltr'>ἄλλως</span> 
     </span>
    </p>
   </div>
   <div class='ocr_carea' id='block_1_25' title="bbox 200 2546 1780 2620">
    <p class='ocr_par' dir='ltr' id='par_1_25' title="bbox 200 2546 1780 2620">
     <span class='ocr_line' id='line_1_25' title="bbox 200 2546 1780 2620; baseline 0.003 -24"><span class='ocrx_word' id='word_1_173' title='bbox 200 2546 305 2614; x_wconf 82' lang='grc' dir='ltr'>μὲν</span> <span class='ocrx_word' id='word_1_174' title='bbox 331 2549 496 2613; x_wconf 77' lang='grc' dir='ltr'>κακὰ,</span> <span class='ocrx_word' id='word_1_175' title='bbox 527 2549 703 2618; x_wconf 84' lang='grc' dir='ltr'>μόνως</span> <span class='ocrx_word' id='word_1_176' title='bbox 725 2551 767 2602; x_wconf 76' lang='grc' dir='ltr'>δ’</span> <span class='ocrx_word' id='word_1_177' title='bbox 793 2551 858 2603; x_wconf 84' lang='grc' dir='ltr'>ἂν</span> <span class='ocrx_word' id='word_1_178' title='bbox 892 2551 967 2613; x_wconf 85' lang='grc' dir='ltr'>ὠς</span> <span class='ocrx_word' id='word_1_179' title='bbox 994 2552 1054 2602; x_wconf 84' lang='grc' dir='ltr'>ὲν</span> <span class='ocrx_word' id='word_1_180' title='bbox 1086 2550 1375 2620; x_wconf 82' lang='grc' dir='ltr'>φαρμάκου</span> <span class='ocrx_word' id='word_1_181' title='bbox 1414 2549 1575 2620; x_wconf 68' lang='grc' dir='ltr'>μοίρᾳ</span> <span class='ocrx_word' id='word_1_182' title='bbox 1601 2547 1780 2618; x_wconf 80' lang='grc' dir='ltr'>χρῷτό</span> 
     </span>
    </p>
   </div>
   <div class='ocr_carea' id='block_1_26' title="bbox 190 2639 1777 2710">
    <p class='ocr_par' dir='ltr' id='par_1_26' title="bbox 190 2639 1777 2710">
     <span class='ocr_line' id='line_1_26' title="bbox 190 2639 1777 2710; baseline 0.001 -21"><span class='ocrx_word' id='word_1_183' title='bbox 190 2654 283 2700; x_wconf 73' lang='grc' dir='ltr'><strong>τις</strong></span> <span class='ocrx_word' id='word_1_184' title='bbox 314 2639 434 2707; x_wconf 73' lang='grc' dir='ltr'>ἦτοι</span> <span class='ocrx_word' id='word_1_185' title='bbox 477 2641 616 2710; x_wconf 87' lang='grc' dir='ltr'>πρὸς</span> <span class='ocrx_word' id='word_1_186' title='bbox 665 2641 846 2709; x_wconf 77' lang='grc' dir='ltr'>φίλους</span> <span class='ocrx_word' id='word_1_187' title='bbox 894 2642 1178 2704; x_wconf 82' lang='grc' dir='ltr'>νοσοῦντας</span> <span class='ocrx_word' id='word_1_188' title='bbox 1203 2643 1294 2694; x_wconf 72' lang='grc' dir='ltr'>καὶ</span> <span class='ocrx_word' id='word_1_189' title='bbox 1323 2641 1647 2710; x_wconf 79' lang='grc' dir='ltr'>μεμηνότας,</span> <span class='ocrx_word' id='word_1_190' title='bbox 1686 2639 1777 2691; x_wconf 64' lang='lat' dir='ltr'><strong>td)-</strong></span> 
     </span>
    </p>
   </div>
   <div class='ocr_carea' id='block_1_27' title="bbox 197 2731 1778 2801">
    <p class='ocr_par' dir='ltr' id='par_1_27' title="bbox 197 2731 1778 2801">
     <span class='ocr_line' id='line_1_27' title="bbox 197 2731 1778 2801; baseline 0 -21"><span class='ocrx_word' id='word_1_191' title='bbox 197 2747 384 2798; x_wconf 88' lang='grc' dir='ltr'>μενος,</span> <span class='ocrx_word' id='word_1_192' title='bbox 423 2731 456 2800; x_wconf 81' lang='grc' dir='ltr'>ἢ</span> <span class='ocrx_word' id='word_1_193' title='bbox 494 2732 631 2799; x_wconf 81' lang='grc' dir='ltr'>πρὸς</span> <span class='ocrx_word' id='word_1_194' title='bbox 687 2731 946 2801; x_wconf 76' lang='grc' dir='ltr'>ἐχθροὺς,</span> <span class='ocrx_word' id='word_1_195' title='bbox 990 2731 1228 2784; x_wconf 87' lang='grc' dir='ltr'>κίνδυνον</span> <span class='ocrx_word' id='word_1_196' title='bbox 1272 2733 1528 2798; x_wconf 72' lang='grc' dir='ltr'>ἐκφυγεῖν</span> <span class='ocrx_word' id='word_1_197' title='bbox 1561 2746 1778 2799; x_wconf 68' lang='grc' dir='ltr'>προμη-</span> 
     </span>
    </p>
   </div>
   <div class='ocr_carea' id='block_1_28' title="bbox 193 2817 1777 2892">
    <p class='ocr_par' dir='ltr' id='par_1_28' title="bbox 193 2817 1777 2892">
     <span class='ocr_line' id='line_1_28' title="bbox 193 2817 1777 2892; baseline 0.001 -23"><span class='ocrx_word' id='word_1_198' title='bbox 193 2817 480 2888; x_wconf 87' lang='grc' dir='ltr'>θούμενος.</span> <span class='ocrx_word' id='word_1_199' title='bbox 510 2821 644 2873; x_wconf 83' lang='grc' dir='ltr'>Οῦτε</span> <span class='ocrx_word' id='word_1_200' title='bbox 677 2822 731 2873; x_wconf 85' lang='grc' dir='ltr'>δὲ</span> <span class='ocrx_word' id='word_1_201' title='bbox 757 2823 924 2873; x_wconf 89' lang='grc' dir='ltr'>νοσῶν</span> <span class='ocrx_word' id='word_1_202' title='bbox 972 2823 1004 2888; x_wconf 80' lang='grc' dir='ltr'>ἢ</span> <span class='ocrx_word' id='word_1_203' title='bbox 1044 2822 1300 2892; x_wconf 89' lang='grc' dir='ltr'>μεμηνὼς</span> <span class='ocrx_word' id='word_1_204' title='bbox 1342 2822 1512 2884; x_wconf 81' lang='grc' dir='ltr'>οὐδεὶς</span> <span class='ocrx_word' id='word_1_205' title='bbox 1545 2819 1661 2889; x_wconf 80' lang='grc' dir='ltr'>Θεῷ</span> <span class='ocrx_word' id='word_1_206' title='bbox 1689 2820 1777 2888; x_wconf 85' lang='grc' dir='ltr'>φί-</span> 
     </span>
    </p>
   </div>
   <div class='ocr_carea' id='block_1_29' title="bbox 191 2907 1775 2980">
    <p class='ocr_par' dir='ltr' id='par_1_29' title="bbox 191 2907 1775 2980">
     <span class='ocr_line' id='line_1_29' title="bbox 191 2907 1775 2980; baseline 0.002 -21"><span class='ocrx_word' id='word_1_207' title='bbox 191 2907 288 2970; x_wconf 88' lang='grc' dir='ltr'><strong>λος</strong></span> <span class='ocrx_word' id='word_1_208' title='bbox 308 2926 322 2939; x_wconf 77' lang='grc' dir='ltr'>ο</span> <span class='ocrx_word' id='word_1_209' title='bbox 352 2909 476 2962; x_wconf 75' lang='grc' dir='ltr'>οὗτε</span> <span class='ocrx_word' id='word_1_210' title='bbox 516 2911 755 2978; x_wconf 85' lang='grc' dir='ltr'>φοϐεῖταί</span> <span class='ocrx_word' id='word_1_211' title='bbox 784 2928 908 2964; x_wconf 90' lang='grc' dir='ltr'>τινα</span> <span class='ocrx_word' id='word_1_212' title='bbox 950 2913 977 2963; x_wconf 86' lang='grc' dir='ltr'>ὁ</span> <span class='ocrx_word' id='word_1_213' title='bbox 1006 2912 1167 2977; x_wconf 82' lang='grc' dir='ltr'>Θεὸς,</span> <span class='ocrx_word' id='word_1_214' title='bbox 1214 2913 1304 2976; x_wconf 47' lang='grc' dir='ltr'>ἵνα,</span> <span class='ocrx_word' id='word_1_215' title='bbox 1348 2912 1628 2980; x_wconf 88' lang='grc' dir='ltr'>πλανήσας</span> <span class='ocrx_word' id='word_1_216' title='bbox 1659 2910 1775 2963; x_wconf 89' lang='grc' dir='ltr'>κίν-</span> 
     </span>
    </p>
   </div>
   <div class='ocr_carea' id='block_1_30' title="bbox 189 2999 1772 3073">
    <p class='ocr_par' dir='ltr' id='par_1_30' title="bbox 189 2999 1772 3073">
     <span class='ocr_line' id='line_1_30' title="bbox 189 2999 1772 3073; baseline 0.004 -23"><span class='ocrx_word' id='word_1_217' title='bbox 189 2999 350 3052; x_wconf 86' lang='grc' dir='ltr'>δυνον</span> <span class='ocrx_word' id='word_1_218' title='bbox 379 3001 634 3073; x_wconf 81' lang='grc' dir='ltr'>διαφύγῃ.</span> <span class='ocrx_word' id='word_1_219' title='bbox 661 3021 678 3052; x_wconf 82' lang='grc' dir='ltr'><strong>ι</strong></span> <span class='ocrx_word' id='word_1_220' title='bbox 710 3003 818 3054; x_wconf 80' lang='grc' dir='ltr'><strong>Καὶ</strong></span> <span class='ocrx_word' id='word_1_221' title='bbox 848 3003 986 3073; x_wconf 79' lang='grc' dir='ltr'>πρὸς</span> <span class='ocrx_word' id='word_1_222' title='bbox 1015 3004 1173 3056; x_wconf 82' lang='grc' dir='ltr'>τοῦτο</span> <span class='ocrx_word' id='word_1_223' title='bbox 1212 3005 1407 3071; x_wconf 81' lang='grc' dir='ltr'>λέγοιτ’</span> <span class='ocrx_word' id='word_1_224' title='bbox 1438 3003 1522 3066; x_wconf 83' lang='grc' dir='ltr'>ἂν,</span> <span class='ocrx_word' id='word_1_225' title='bbox 1557 3003 1632 3073; x_wconf 82' lang='grc' dir='ltr'>πὴ</span> <span class='ocrx_word' id='word_1_226' title='bbox 1675 3004 1772 3073; x_wconf 81' lang='grc' dir='ltr'>μὲν</span> 
     </span>
    </p>
   </div>
   <div class='ocr_carea' id='block_1_31' title="bbox 190 3089 1773 3164">
    <p class='ocr_par' dir='ltr' id='par_1_31' title="bbox 190 3089 1773 3164">
     <span class='ocr_line' id='line_1_31' title="bbox 190 3089 1773 3164; baseline 0.004 -24"><span class='ocrx_word' id='word_1_227' title='bbox 190 3089 325 3158; x_wconf 68' lang='grc' dir='ltr'>περὶ</span> <span class='ocrx_word' id='word_1_228' title='bbox 362 3090 459 3158; x_wconf 81' lang='grc' dir='ltr'>τῆς</span> <span class='ocrx_word' id='word_1_229' title='bbox 501 3091 594 3142; x_wconf 88' lang='grc' dir='ltr'><strong>τοῦ</strong></span> <span class='ocrx_word' id='word_1_230' title='bbox 637 3091 780 3143; x_wconf 82' lang='grc' dir='ltr'>θείου</span> <span class='ocrx_word' id='word_1_231' title='bbox 821 3092 993 3159; x_wconf 83' lang='grc' dir='ltr'>Λόγου</span> <span class='ocrx_word' id='word_1_232' title='bbox 1039 3093 1251 3161; x_wconf 85' lang='grc' dir='ltr'>φύσεως</span> <span class='ocrx_word' id='word_1_233' title='bbox 1290 3095 1439 3156; x_wconf 71' lang='grc' dir='ltr'>ὄντος</span> <span class='ocrx_word' id='word_1_234' title='bbox 1486 3093 1650 3156; x_wconf 88' lang='grc' dir='ltr'>Θεοῦ,</span> <span class='ocrx_word' id='word_1_235' title='bbox 1695 3092 1773 3164; x_wconf 85' lang='grc' dir='ltr'>πὴ</span> 
     </span>
    </p>
   </div>
   <div class='ocr_carea' id='block_1_32' title="bbox 1897 635 3468 711">
    <p class='ocr_par' dir='ltr' id='par_1_32' title="bbox 1897 635 3468 711">
     <span class='ocr_line' id='line_1_32' title="bbox 1897 635 3468 711; baseline -0.002 -15"><span class='ocrx_word' id='word_1_236' title='bbox 1897 653 2096 696; x_wconf 63' lang='lat' dir='ltr'><strong>aeterna</strong></span> <span class='ocrx_word' id='word_1_237' title='bbox 2139 643 2243 694; x_wconf 88' lang='lat' dir='ltr'><strong>vita</strong></span> <span class='ocrx_word' id='word_1_238' title='bbox 2278 638 2539 699; x_wconf 88' lang='lat' dir='ltr'><strong>comlitio,</strong></span> <span class='ocrx_word' id='word_1_239' title='bbox 2569 645 2621 688; x_wconf 86' lang='lat' dir='ltr'><strong>et</strong></span> <span class='ocrx_word' id='word_1_240' title='bbox 2652 637 2781 704; x_wconf 90' lang='lat' dir='ltr'><strong>quid</strong></span> <span class='ocrx_word' id='word_1_241' title='bbox 2818 637 2884 690; x_wconf 89' lang='lat' dir='ltr'><strong>de</strong></span> <span class='ocrx_word' id='word_1_242' title='bbox 2923 635 3038 703; x_wconf 83' lang='lat' dir='ltr'><strong>ejus</strong></span> <span class='ocrx_word' id='word_1_243' title='bbox 3076 648 3270 708; x_wconf 78' lang='lat' dir='ltr'><strong>natura</strong></span> <span class='ocrx_word' id='word_1_244' title='bbox 3318 643 3468 711; x_wconf 73' lang='lat' dir='ltr'><strong>prin-</strong></span> 
     </span>
    </p>
   </div>
   <div class='ocr_carea' id='block_1_33' title="bbox 1898 722 3460 803">
    <p class='ocr_par' dir='ltr' id='par_1_33' title="bbox 1898 722 3460 803">
     <span class='ocr_line' id='line_1_33' title="bbox 1898 722 3460 803; baseline 0.009 -28"><span class='ocrx_word' id='word_1_245' title='bbox 1898 736 2162 803; x_wconf 77' lang='lat' dir='ltr'><strong>cipiisque</strong></span> <span class='ocrx_word' id='word_1_246' title='bbox 2191 733 2400 788; x_wconf 86' lang='lat' dir='ltr'><strong>sentire</strong></span> <span class='ocrx_word' id='word_1_247' title='bbox 2429 739 2708 798; x_wconf 87' lang='lat' dir='ltr'><strong>oporteat,</strong></span> <span class='ocrx_word' id='word_1_248' title='bbox 2759 722 2866 782; x_wconf 86' lang='lat' dir='ltr'><strong>non</strong></span> <span class='ocrx_word' id='word_1_249' title='bbox 2915 731 2986 782; x_wconf 88' lang='lat' dir='ltr'><strong>ita</strong></span> <span class='ocrx_word' id='word_1_250' title='bbox 3038 731 3322 786; x_wconf 80' lang='lat' dir='ltr'><strong>ridiculum</strong></span> <span class='ocrx_word' id='word_1_251' title='bbox 3358 733 3460 800; x_wconf 84' lang='lat' dir='ltr'><strong>lpsl</strong></span> 
     </span>
    </p>
   </div>
   <div class='ocr_carea' id='block_1_34' title="bbox 1897 820 3464 889">
    <p class='ocr_par' dir='ltr' id='par_1_34' title="bbox 1897 820 3464 889">
     <span class='ocr_line' id='line_1_34' title="bbox 1897 820 3464 889; baseline -0.001 -10"><span class='ocrx_word' id='word_1_252' title='bbox 1897 828 2071 879; x_wconf 88' lang='lat' dir='ltr'><strong>visum</strong></span> <span class='ocrx_word' id='word_1_253' title='bbox 2100 825 2291 879; x_wconf 88' lang='lat' dir='ltr'><strong>fuisset</strong></span> <span class='ocrx_word' id='word_1_254' title='bbox 2326 820 2682 876; x_wconf 87' lang='lat' dir='ltr'><strong>immortalem</strong></span> <span class='ocrx_word' id='word_1_255' title='bbox 2713 820 2766 872; x_wconf 88' lang='lat' dir='ltr'><strong>iu</strong></span> <span class='ocrx_word' id='word_1_256' title='bbox 2806 821 3034 873; x_wconf 89' lang='lat' dir='ltr'><strong>mortale</strong></span> <span class='ocrx_word' id='word_1_257' title='bbox 3065 838 3263 889; x_wconf 90' lang='lat' dir='ltr'><strong>corpus</strong></span> <span class='ocrx_word' id='word_1_258' title='bbox 3295 825 3464 882; x_wconf 38' lang='lat' dir='ltr'><strong>advee</strong></span> 
     </span>
    </p>
   </div>
   <div class='ocr_carea' id='block_1_35' title="bbox 1896 900 3464 984">
    <p class='ocr_par' dir='ltr' id='par_1_35' title="bbox 1896 900 3464 984">
     <span class='ocr_line' id='line_1_35' title="bbox 1896 900 3464 984; baseline -0.003 -12"><span class='ocrx_word' id='word_1_259' title='bbox 1896 918 2060 980; x_wconf 89' lang='lat' dir='ltr'><strong>nisse,</strong></span> <span class='ocrx_word' id='word_1_260' title='bbox 2098 932 2201 969; x_wconf 93' lang='lat' dir='ltr'><strong>non</strong></span> <span class='ocrx_word' id='word_1_261' title='bbox 2245 930 2274 968; x_wconf 90' lang='lat' dir='ltr'><strong>e</strong></span> <span class='ocrx_word' id='word_1_262' title='bbox 2309 900 2535 982; x_wconf 75' lang='lat' dir='ltr'><strong>corpore</strong></span> <span class='ocrx_word' id='word_1_263' title='bbox 2567 911 2621 964; x_wconf 88' lang='lat' dir='ltr'><strong>iu</strong></span> <span class='ocrx_word' id='word_1_264' title='bbox 2663 926 2862 984; x_wconf 80' lang='lat' dir='ltr'><strong>corpus</strong></span> <span class='ocrx_word' id='word_1_265' title='bbox 2902 913 3358 982; x_wconf 82' lang='lat' dir='ltr'><strong>transmigrandu,</strong></span> <span class='ocrx_word' id='word_1_266' title='bbox 3401 923 3464 968; x_wconf 80' lang='lat' dir='ltr'><strong>ut</strong></span> 
     </span>
    </p>
   </div>
   <div class='ocr_carea' id='block_1_36' title="bbox 1894 1003 3460 1074">
    <p class='ocr_par' dir='ltr' id='par_1_36' title="bbox 1894 1003 3460 1074">
     <span class='ocr_line' id='line_1_36' title="bbox 1894 1003 3460 1074; baseline -0.002 -12"><span class='ocrx_word' id='word_1_267' title='bbox 1894 1008 2048 1062; x_wconf 77' lang='lat' dir='ltr'><strong>Plato</strong></span> <span class='ocrx_word' id='word_1_268' title='bbox 2078 1007 2402 1074; x_wconf 78' lang='lat' dir='ltr'><strong>explicaret,</strong></span> <span class='ocrx_word' id='word_1_269' title='bbox 2447 1005 2540 1058; x_wconf 89' lang='lat' dir='ltr'><strong>sed</strong></span> <span class='ocrx_word' id='word_1_270' title='bbox 2593 1003 2696 1055; x_wconf 88' lang='lat' dir='ltr'><strong>alia</strong></span> <span class='ocrx_word' id='word_1_271' title='bbox 2733 1019 2907 1071; x_wconf 88' lang='lat' dir='ltr'><strong>eaque</strong></span> <span class='ocrx_word' id='word_1_272' title='bbox 2939 1003 3099 1072; x_wconf 83' lang='lat' dir='ltr'><strong>longe</strong></span> <span class='ocrx_word' id='word_1_273' title='bbox 3153 1006 3460 1060; x_wconf 86' lang='lat' dir='ltr'><strong>sublimiori</strong></span> 
     </span>
    </p>
   </div>
   <div class='ocr_carea' id='block_1_37' title="bbox 1894 1096 3456 1166">
    <p class='ocr_par' dir='ltr' id='par_1_37' title="bbox 1894 1096 3456 1166">
     <span class='ocr_line' id='line_1_37' title="bbox 1894 1096 3456 1166; baseline -0.001 -14"><span class='ocrx_word' id='word_1_274' title='bbox 1894 1100 2140 1152; x_wconf 87' lang='lat' dir='ltr'><strong>ratione:</strong></span> <span class='ocrx_word' id='word_1_275' title='bbox 2174 1098 2394 1151; x_wconf 74' lang='lat' dir='ltr'><strong>vidisset</strong></span> <span class='ocrx_word' id='word_1_276' title='bbox 2432 1107 2621 1154; x_wconf 74' lang='lat' dir='ltr'><strong>contra</strong></span> <span class='ocrx_word' id='word_1_277' title='bbox 2652 1112 2774 1150; x_wconf 91' lang='lat' dir='ltr'><strong>eum</strong></span> <span class='ocrx_word' id='word_1_278' title='bbox 2825 1096 3154 1164; x_wconf 58' lang='lat' dir='ltr'><strong>praecipuum</strong></span> <span class='ocrx_word' id='word_1_279' title='bbox 3189 1110 3299 1150; x_wconf 70' lang='lat' dir='ltr'><strong>sua:</strong></span> <span class='ocrx_word' id='word_1_280' title='bbox 3331 1111 3456 1166; x_wconf 76' lang='lat' dir='ltr'><strong>erga</strong></span> 
     </span>
    </p>
   </div>
   <div class='ocr_carea' id='block_1_38' title="bbox 1892 1188 3456 1256">
    <p class='ocr_par' dir='ltr' id='par_1_38' title="bbox 1892 1188 3456 1256">
     <span class='ocr_line' id='line_1_38' title="bbox 1892 1188 3456 1256; baseline -0.004 -10"><span class='ocrx_word' id='word_1_281' title='bbox 1892 1191 2143 1246; x_wconf 86' lang='lat' dir='ltr'><strong>homines</strong></span> <span class='ocrx_word' id='word_1_282' title='bbox 2198 1188 2547 1256; x_wconf 75' lang='lat' dir='ltr'><strong>benignitatis</strong></span> <span class='ocrx_word' id='word_1_283' title='bbox 2596 1188 2808 1240; x_wconf 86' lang='lat' dir='ltr'><strong>dedisse</strong></span> <span class='ocrx_word' id='word_1_284' title='bbox 2860 1198 3276 1255; x_wconf 81' lang='lat' dir='ltr'><strong>argumentum,</strong></span> <span class='ocrx_word' id='word_1_285' title='bbox 3334 1203 3456 1241; x_wconf 86' lang='lat' dir='ltr'><strong>eum</strong></span> 
     </span>
    </p>
   </div>
   <div class='ocr_carea' id='block_1_39' title="bbox 1892 1277 3453 1347">
    <p class='ocr_par' dir='ltr' id='par_1_39' title="bbox 1892 1277 3453 1347">
     <span class='ocr_line' id='line_1_39' title="bbox 1892 1277 3453 1347; baseline -0.003 -12"><span class='ocrx_word' id='word_1_286' title='bbox 1892 1282 2174 1336; x_wconf 84' lang='lat' dir='ltr'><strong>descendit</strong></span> <span class='ocrx_word' id='word_1_287' title='bbox 2207 1289 2265 1333; x_wconf 90' lang='lat' dir='ltr'><strong>ut</strong></span> <span class='ocrx_word' id='word_1_288' title='bbox 2296 1297 2316 1329; x_wconf 79' lang='grc' dir='ltr'><strong>ι</strong></span> <span class='ocrx_word' id='word_1_289' title='bbox 2340 1294 2467 1332; x_wconf 90' lang='lat' dir='ltr'><strong>oves</strong></span> <span class='ocrx_word' id='word_1_290' title='bbox 2497 1294 2616 1347; x_wconf 79' lang='lat' dir='ltr'><strong>quae</strong></span> <span class='ocrx_word' id='word_1_291' title='bbox 2642 1279 2916 1346; x_wconf 85' lang='lat' dir='ltr'><strong>perierant</strong></span> <span class='ocrx_word' id='word_1_292' title='bbox 2945 1278 3138 1331; x_wconf 88' lang='lat' dir='ltr'><strong>domus</strong></span> <span class='ocrx_word' id='word_1_293' title='bbox 3169 1277 3453 1340; x_wconf 42' lang='lat' dir='ltr'><strong>Israel?»</strong></span> 
     </span>
    </p>
   </div>
   <div class='ocr_carea' id='block_1_40' title="bbox 1889 1366 3458 1437">
    <p class='ocr_par' dir='ltr' id='par_1_40' title="bbox 1889 1366 3458 1437">
     <span class='ocr_line' id='line_1_40' title="bbox 1889 1366 3458 1437; baseline 0 -17"><span class='ocrx_word' id='word_1_294' title='bbox 1889 1367 2335 1437; x_wconf 84' lang='lat' dir='ltr'><strong>quemadmodum</strong></span> <span class='ocrx_word' id='word_1_295' title='bbox 2374 1366 2655 1434; x_wconf 82' lang='lat' dir='ltr'><strong>Scriptura</strong></span> <span class='ocrx_word' id='word_1_296' title='bbox 2705 1366 2887 1418; x_wconf 86' lang='lat' dir='ltr'><strong>divina</strong></span> <span class='ocrx_word' id='word_1_297' title='bbox 2939 1382 3144 1420; x_wconf 91' lang='lat' dir='ltr'><strong>arcane</strong></span> <span class='ocrx_word' id='word_1_298' title='bbox 3196 1366 3458 1435; x_wconf 83' lang='lat' dir='ltr'><strong>loquitur,</strong></span> 
     </span>
    </p>
   </div>
   <div class='ocr_carea' id='block_1_41' title="bbox 1889 1455 3456 1524">
    <p class='ocr_par' dir='ltr' id='par_1_41' title="bbox 1889 1455 3456 1524">
     <span class='ocr_line' id='line_1_41' title="bbox 1889 1455 3456 1524; baseline 0 -14"><span class='ocrx_word' id='word_1_299' title='bbox 1889 1462 1954 1512; x_wconf 89' lang='lat' dir='ltr'><strong>ad</strong></span> <span class='ocrx_word' id='word_1_300' title='bbox 1989 1473 2046 1512; x_wconf 87' lang='lat' dir='ltr'><strong>se</strong></span> <span class='ocrx_word' id='word_1_301' title='bbox 2082 1466 2396 1520; x_wconf 83' lang='lat' dir='ltr'><strong>revocaret;</strong></span> <span class='ocrx_word' id='word_1_302' title='bbox 2433 1470 2564 1510; x_wconf 90' lang='lat' dir='ltr'><strong>oves</strong></span> <span class='ocrx_word' id='word_1_303' title='bbox 2601 1455 2740 1517; x_wconf 84' lang='lat' dir='ltr'><strong>illas,</strong></span> <span class='ocrx_word' id='word_1_304' title='bbox 2788 1455 3035 1524; x_wconf 86' lang='lat' dir='ltr'><strong>inquam,</strong></span> <span class='ocrx_word' id='word_1_305' title='bbox 3080 1473 3201 1522; x_wconf 75' lang='lat' dir='ltr'><strong>qua:</strong></span> <span class='ocrx_word' id='word_1_306' title='bbox 3231 1473 3260 1508; x_wconf 88' lang='lat' dir='ltr'><strong>a</strong></span> <span class='ocrx_word' id='word_1_307' title='bbox 3303 1473 3456 1510; x_wconf 88' lang='lat' dir='ltr'><strong>mon-</strong></span> 
     </span>
    </p>
   </div>
   <div class='ocr_carea' id='block_1_42' title="bbox 1890 1535 3458 1613">
    <p class='ocr_par' dir='ltr' id='par_1_42' title="bbox 1890 1535 3458 1613">
     <span class='ocr_line' id='line_1_42' title="bbox 1890 1535 3458 1613; baseline 0 -12"><span class='ocrx_word' id='word_1_308' title='bbox 1890 1550 2032 1602; x_wconf 82' lang='lat' dir='ltr'><strong>tibus</strong></span> <span class='ocrx_word' id='word_1_309' title='bbox 2066 1548 2431 1601; x_wconf 87' lang='lat' dir='ltr'><strong>discesseraut</strong></span> <span class='ocrx_word' id='word_1_310' title='bbox 2455 1555 2510 1599; x_wconf 88' lang='lat' dir='ltr'><strong>et</strong></span> <span class='ocrx_word' id='word_1_311' title='bbox 2540 1545 2605 1597; x_wconf 86' lang='lat' dir='ltr'><strong>ad</strong></span> <span class='ocrx_word' id='word_1_312' title='bbox 2653 1560 2793 1613; x_wconf 89' lang='lat' dir='ltr'><strong>quas</strong></span> <span class='ocrx_word' id='word_1_313' title='bbox 2845 1557 3058 1613; x_wconf 86' lang='lat' dir='ltr'><strong>pastor,</strong></span> <span class='ocrx_word' id='word_1_314' title='bbox 3091 1547 3164 1598; x_wconf 88' lang='lat' dir='ltr'><strong>uti</strong></span> <span class='ocrx_word' id='word_1_315' title='bbox 3210 1535 3458 1613; x_wconf 70' lang='lat' dir='ltr'><strong>quzedam</strong></span> 
     </span>
    </p>
   </div>
   <div class='ocr_carea' id='block_1_43' title="bbox 1889 1635 3459 1707">
    <p class='ocr_par' dir='ltr' id='par_1_43' title="bbox 1889 1635 3459 1707">
     <span class='ocr_line' id='line_1_43' title="bbox 1889 1635 3459 1707; baseline 0.001 -16"><span class='ocrx_word' id='word_1_316' title='bbox 1889 1639 2156 1707; x_wconf 61' lang='lat' dir='ltr'><strong>parabolae</strong></span> <span class='ocrx_word' id='word_1_317' title='bbox 2203 1637 2465 1701; x_wconf 88' lang='lat' dir='ltr'><strong>referunt,</strong></span> <span class='ocrx_word' id='word_1_318' title='bbox 2495 1635 2798 1700; x_wconf 83' lang='lat' dir='ltr'><strong>descendit,</strong></span> <span class='ocrx_word' id='word_1_319' title='bbox 2829 1636 2885 1689; x_wconf 80' lang='lat' dir='ltr'><strong>ia</strong></span> <span class='ocrx_word' id='word_1_320' title='bbox 2938 1636 3214 1691; x_wconf 89' lang='lat' dir='ltr'><strong>montibus</strong></span> <span class='ocrx_word' id='word_1_321' title='bbox 3256 1637 3459 1692; x_wconf 79' lang='lat' dir='ltr'><strong>relictis</strong></span> 
     </span>
    </p>
   </div>
   <div class='ocr_carea' id='block_1_44' title="bbox 1888 1712 3042 1802">
    <p class='ocr_par' dir='ltr' id='par_1_44' title="bbox 1888 1712 3042 1802">
     <span class='ocr_line' id='line_1_44' title="bbox 1888 1712 3042 1802; baseline -0.008 -18"><span class='ocrx_word' id='word_1_322' title='bbox 1888 1732 1992 1784; x_wconf 87' lang='lat' dir='ltr'><strong>illis</strong></span> <span class='ocrx_word' id='word_1_323' title='bbox 2023 1745 2140 1798; x_wconf 68' lang='lat' dir='ltr'><strong>qua:</strong></span> <span class='ocrx_word' id='word_1_324' title='bbox 2171 1743 2273 1781; x_wconf 88' lang='lat' dir='ltr'><strong>non</strong></span> <span class='ocrx_word' id='word_1_325' title='bbox 2311 1712 2713 1781; x_wconf 68' lang='lat' dir='ltr'><strong>alienaverunt.</strong></span> <span class='ocrx_word' id='word_1_326' title='bbox 2870 1800 2872 1802; x_wconf 13' lang='grc' dir='ltr'><strong><em>τ</em></strong></span> <span class='ocrx_word' id='word_1_327' title='bbox 3036 1719 3042 1722; x_wconf 60' lang='grc'><strong><em>”</em></strong></span> 
     </span>
    </p>
   </div>
   <div class='ocr_carea' id='block_1_45' title="bbox 1963 1818 3454 1888">
    <p class='ocr_par' dir='ltr' id='par_1_45' title="bbox 1963 1818 3454 1888">
     <span class='ocr_line' id='line_1_45' title="bbox 1963 1818 3454 1888; baseline -0.002 -13"><span class='ocrx_word' id='word_1_328' title='bbox 1963 1824 2047 1876; x_wconf 78' lang='grc'>18.</span> <span class='ocrx_word' id='word_1_329' title='bbox 2095 1821 2146 1873; x_wconf 92' lang='lat' dir='ltr'><strong>In</strong></span> <span class='ocrx_word' id='word_1_330' title='bbox 2186 1822 2250 1873; x_wconf 90' lang='lat' dir='ltr'><strong>iis</strong></span> <span class='ocrx_word' id='word_1_331' title='bbox 2289 1820 2379 1872; x_wconf 85' lang='lat' dir='ltr'><strong>diu</strong></span> <span class='ocrx_word' id='word_1_332' title='bbox 2421 1819 2622 1880; x_wconf 83' lang='lat' dir='ltr'><strong>insistit</strong></span> <span class='ocrx_word' id='word_1_333' title='bbox 2662 1818 2855 1870; x_wconf 80' lang='lat' dir='ltr'><strong>Celsus</strong></span> <span class='ocrx_word' id='word_1_334' title='bbox 2894 1833 3015 1886; x_wconf 72' lang='lat' dir='ltr'><strong>qum</strong></span> <span class='ocrx_word' id='word_1_335' title='bbox 3045 1834 3149 1869; x_wconf 86' lang='lat' dir='ltr'><strong>non</strong></span> <span class='ocrx_word' id='word_1_336' title='bbox 3180 1818 3454 1888; x_wconf 73' lang='lat' dir='ltr'><strong>intelligit,</strong></span> 
     </span>
    </p>
   </div>
   <div class='ocr_carea' id='block_1_46' title="bbox 1889 1911 3454 1980">
    <p class='ocr_par' dir='ltr' id='par_1_46' title="bbox 1889 1911 3454 1980">
     <span class='ocr_line' id='line_1_46' title="bbox 1889 1911 3454 1980; baseline 0 -14"><span class='ocrx_word' id='word_1_337' title='bbox 1889 1913 2072 1980; x_wconf 83' lang='lat' dir='ltr'><strong>sicque</strong></span> <span class='ocrx_word' id='word_1_338' title='bbox 2121 1912 2172 1964; x_wconf 89' lang='lat' dir='ltr'><strong>in</strong></span> <span class='ocrx_word' id='word_1_339' title='bbox 2226 1925 2386 1963; x_wconf 82' lang='lat' dir='ltr'><strong>causa</strong></span> <span class='ocrx_word' id='word_1_340' title='bbox 2436 1919 2520 1963; x_wconf 88' lang='lat' dir='ltr'><strong>est</strong></span> <span class='ocrx_word' id='word_1_341' title='bbox 2556 1924 2657 1962; x_wconf 91' lang='lat' dir='ltr'><strong>cur</strong></span> <span class='ocrx_word' id='word_1_342' title='bbox 2690 1911 2878 1963; x_wconf 86' lang='lat' dir='ltr'><strong>eadem</strong></span> <span class='ocrx_word' id='word_1_343' title='bbox 2933 1911 3129 1977; x_wconf 77' lang='lat' dir='ltr'><strong>saepius</strong></span> <span class='ocrx_word' id='word_1_344' title='bbox 3186 1920 3454 1978; x_wconf 88' lang='lat' dir='ltr'><strong>repetam.</strong></span> 
     </span>
    </p>
   </div>
   <div class='ocr_carea' id='block_1_47' title="bbox 1885 2003 3452 2072">
    <p class='ocr_par' dir='ltr' id='par_1_47' title="bbox 1885 2003 3452 2072">
     <span class='ocr_line' id='line_1_47' title="bbox 1885 2003 3452 2072; baseline 0 -14"><span class='ocrx_word' id='word_1_345' title='bbox 1885 2007 2022 2059; x_wconf 84' lang='lat' dir='ltr'><strong>Nam</strong></span> <span class='ocrx_word' id='word_1_346' title='bbox 2077 2005 2210 2060; x_wconf 83' lang='lat' dir='ltr'><strong>nihil</strong></span> <span class='ocrx_word' id='word_1_347' title='bbox 2257 2019 2442 2058; x_wconf 87' lang='lat' dir='ltr'><strong>eorum</strong></span> <span class='ocrx_word' id='word_1_348' title='bbox 2494 2017 2613 2072; x_wconf 60' lang='lat' dir='ltr'><strong>qua:</strong></span> <span class='ocrx_word' id='word_1_349' title='bbox 2656 2003 2793 2056; x_wconf 77' lang='lat' dir='ltr'><strong>dixit</strong></span> <span class='ocrx_word' id='word_1_350' title='bbox 2841 2003 3072 2070; x_wconf 82' lang='lat' dir='ltr'><strong>relinqui</strong></span> <span class='ocrx_word' id='word_1_351' title='bbox 3119 2003 3261 2066; x_wconf 82' lang='lat' dir='ltr'><strong>volo,</strong></span> <span class='ocrx_word' id='word_1_352' title='bbox 3310 2004 3452 2070; x_wconf 86' lang='lat' dir='ltr'><strong>quod</strong></span> 
     </span>
    </p>
   </div>
   <div class='ocr_carea' id='block_1_48' title="bbox 1886 2094 3453 2162">
    <p class='ocr_par' dir='ltr' id='par_1_48' title="bbox 1886 2094 3453 2162">
     <span class='ocr_line' id='line_1_48' title="bbox 1886 2094 3453 2162; baseline -0.001 -12"><span class='ocrx_word' id='word_1_353' title='bbox 1886 2114 1991 2152; x_wconf 90' lang='lat' dir='ltr'><strong>non</strong></span> <span class='ocrx_word' id='word_1_354' title='bbox 2037 2097 2401 2150; x_wconf 77' lang='lat' dir='ltr'><strong>examinatum</strong></span> <span class='ocrx_word' id='word_1_355' title='bbox 2452 2096 2617 2153; x_wconf 82' lang='lat' dir='ltr'><strong>fuisse</strong></span> <span class='ocrx_word' id='word_1_356' title='bbox 2656 2096 2920 2148; x_wconf 83' lang='lat' dir='ltr'><strong>videatur.</strong></span> <span class='ocrx_word' id='word_1_357' title='bbox 2964 2094 3056 2147; x_wconf 84' lang='lat' dir='ltr'><strong>Sic</strong></span> <span class='ocrx_word' id='word_1_358' title='bbox 3103 2095 3268 2162; x_wconf 84' lang='lat' dir='ltr'><strong>igitur</strong></span> <span class='ocrx_word' id='word_1_359' title='bbox 3317 2097 3453 2152; x_wconf 90' lang='lat' dir='ltr'><strong>ille:</strong></span> 
     </span>
    </p>
   </div>
   <div class='ocr_carea' id='block_1_49' title="bbox 1891 2184 3453 2253">
    <p class='ocr_par' dir='ltr' id='par_1_49' title="bbox 1891 2184 3453 2253">
     <span class='ocr_line' id='line_1_49' title="bbox 1891 2184 3453 2253; baseline -0.001 -12"><span class='ocrx_word' id='word_1_360' title='bbox 1891 2208 1909 2241; x_wconf 74' lang='grc' dir='ltr'><strong>ι</strong></span> <span class='ocrx_word' id='word_1_361' title='bbox 1938 2190 2042 2240; x_wconf 86' lang='grc' dir='ltr'>Αιιι</span> <span class='ocrx_word' id='word_1_362' title='bbox 2070 2188 2207 2240; x_wconf 83' lang='lat' dir='ltr'><strong>Deus</strong></span> <span class='ocrx_word' id='word_1_363' title='bbox 2237 2201 2423 2239; x_wconf 84' lang='lat' dir='ltr'><strong>revera</strong></span> <span class='ocrx_word' id='word_1_364' title='bbox 2455 2195 2695 2238; x_wconf 87' lang='lat' dir='ltr'><strong>mutatur</strong></span> <span class='ocrx_word' id='word_1_365' title='bbox 2719 2184 2771 2245; x_wconf 83' lang='lat' dir='ltr'><strong>in</strong></span> <span class='ocrx_word' id='word_1_366' title='bbox 2804 2184 3032 2238; x_wconf 87' lang='lat' dir='ltr'><strong>mortale</strong></span> <span class='ocrx_word' id='word_1_367' title='bbox 3059 2199 3279 2250; x_wconf 84' lang='lat' dir='ltr'><strong>corpus,</strong></span> <span class='ocrx_word' id='word_1_368' title='bbox 3307 2185 3453 2253; x_wconf 79' lang='lat' dir='ltr'><strong>quod</strong></span> 
     </span>
    </p>
   </div>
   <div class='ocr_carea' id='block_1_50' title="bbox 1885 2275 3456 2348">
    <p class='ocr_par' dir='ltr' id='par_1_50' title="bbox 1885 2275 3456 2348">
     <span class='ocr_line' id='line_1_50' title="bbox 1885 2275 3456 2348; baseline -0.002 -16"><span class='ocrx_word' id='word_1_369' title='bbox 1885 2280 1985 2348; x_wconf 90' lang='lat' dir='ltr'><strong>ipsi</strong></span> <span class='ocrx_word' id='word_1_370' title='bbox 2018 2287 2262 2340; x_wconf 88' lang='lat' dir='ltr'><strong>censent,</strong></span> <span class='ocrx_word' id='word_1_371' title='bbox 2300 2279 2394 2330; x_wconf 86' lang='lat' dir='ltr'><strong>sed</strong></span> <span class='ocrx_word' id='word_1_372' title='bbox 2434 2277 2546 2330; x_wconf 82' lang='lat' dir='ltr'><strong>fieri</strong></span> <span class='ocrx_word' id='word_1_373' title='bbox 2580 2290 2682 2328; x_wconf 90' lang='lat' dir='ltr'><strong>non</strong></span> <span class='ocrx_word' id='word_1_374' title='bbox 2723 2290 2882 2344; x_wconf 86' lang='lat' dir='ltr'><strong>posse</strong></span> <span class='ocrx_word' id='word_1_375' title='bbox 2916 2290 3076 2342; x_wconf 85' lang='lat' dir='ltr'><strong>supra</strong></span> <span class='ocrx_word' id='word_1_376' title='bbox 3108 2275 3456 2329; x_wconf 83' lang='lat' dir='ltr'><strong>demonstra-</strong></span> 
     </span>
    </p>
   </div>
   <div class='ocr_carea' id='block_1_51' title="bbox 1885 2364 3452 2434">
    <p class='ocr_par' dir='ltr' id='par_1_51' title="bbox 1885 2364 3452 2434">
     <span class='ocr_line' id='line_1_51' title="bbox 1885 2364 3452 2434; baseline 0 -15"><span class='ocrx_word' id='word_1_377' title='bbox 1885 2377 1996 2421; x_wconf 92' lang='lat' dir='ltr'><strong>tum</strong></span> <span class='ocrx_word' id='word_1_378' title='bbox 2025 2376 2141 2432; x_wconf 88' lang='lat' dir='ltr'><strong>est;</strong></span> <span class='ocrx_word' id='word_1_379' title='bbox 2182 2376 2275 2419; x_wconf 89' lang='lat' dir='ltr'><strong>aut</strong></span> <span class='ocrx_word' id='word_1_380' title='bbox 2303 2366 2418 2433; x_wconf 90' lang='lat' dir='ltr'><strong>ipse</strong></span> <span class='ocrx_word' id='word_1_381' title='bbox 2453 2366 2670 2434; x_wconf 84' lang='lat' dir='ltr'><strong>quidem</strong></span> <span class='ocrx_word' id='word_1_382' title='bbox 2702 2381 2809 2418; x_wconf 86' lang='lat' dir='ltr'><strong>non</strong></span> <span class='ocrx_word' id='word_1_383' title='bbox 2840 2373 3081 2418; x_wconf 87' lang='lat' dir='ltr'><strong>mutatus</strong></span> <span class='ocrx_word' id='word_1_384' title='bbox 3110 2364 3245 2418; x_wconf 91' lang='lat' dir='ltr'><strong>facit</strong></span> <span class='ocrx_word' id='word_1_385' title='bbox 3273 2374 3330 2418; x_wconf 90' lang='lat' dir='ltr'><strong>ut</strong></span> <span class='ocrx_word' id='word_1_386' title='bbox 3356 2365 3452 2434; x_wconf 88' lang='lat' dir='ltr'><strong>qui</strong></span> 
     </span>
    </p>
   </div>
   <div class='ocr_carea' id='block_1_52' title="bbox 1883 2454 3538 2533">
    <p class='ocr_par' dir='ltr' id='par_1_52' title="bbox 1883 2454 3538 2533">
     <span class='ocr_line' id='line_1_52' title="bbox 1883 2454 3538 2533; baseline -0.002 -20"><span class='ocrx_word' id='word_1_387' title='bbox 1883 2461 2064 2515; x_wconf 87' lang='lat' dir='ltr'><strong>vident</strong></span> <span class='ocrx_word' id='word_1_388' title='bbox 2099 2469 2363 2514; x_wconf 88' lang='lat' dir='ltr'><strong>mutatum</strong></span> <span class='ocrx_word' id='word_1_389' title='bbox 2404 2460 2657 2520; x_wconf 87' lang='lat' dir='ltr'><strong>credant;</strong></span> <span class='ocrx_word' id='word_1_390' title='bbox 2691 2458 2836 2525; x_wconf 90' lang='lat' dir='ltr'><strong>quod</strong></span> <span class='ocrx_word' id='word_1_391' title='bbox 2865 2455 2910 2508; x_wconf 89' lang='lat' dir='ltr'><strong>si</strong></span> <span class='ocrx_word' id='word_1_392' title='bbox 2943 2457 3016 2509; x_wconf 88' lang='lat' dir='ltr'><strong>ita</strong></span> <span class='ocrx_word' id='word_1_393' title='bbox 3065 2465 3180 2520; x_wconf 90' lang='lat' dir='ltr'><strong>est,</strong></span> <span class='ocrx_word' id='word_1_394' title='bbox 3227 2454 3463 2524; x_wconf 84' lang='lat' dir='ltr'><strong>decipit,</strong></span> <span class='ocrx_word' id='word_1_395' title='bbox 3534 2530 3538 2533; x_wconf 75' lang='lat'><strong><em>_</em></strong></span> 
     </span>
    </p>
   </div>
   <div class='ocr_carea' id='block_1_53' title="bbox 1881 2549 3453 2620">
    <p class='ocr_par' dir='ltr' id='par_1_53' title="bbox 1881 2549 3453 2620">
     <span class='ocr_line' id='line_1_53' title="bbox 1881 2549 3453 2620; baseline -0.002 -14"><span class='ocrx_word' id='word_1_396' title='bbox 1881 2554 2158 2606; x_wconf 90' lang='lat' dir='ltr'><strong>mentitur.</strong></span> <span class='ocrx_word' id='word_1_397' title='bbox 2184 2551 2346 2620; x_wconf 86' lang='lat' dir='ltr'><strong>Atqui</strong></span> <span class='ocrx_word' id='word_1_398' title='bbox 2376 2550 2583 2604; x_wconf 80' lang='lat' dir='ltr'><strong>fallacia</strong></span> <span class='ocrx_word' id='word_1_399' title='bbox 2610 2558 2665 2603; x_wconf 88' lang='lat' dir='ltr'><strong>et</strong></span> <span class='ocrx_word' id='word_1_400' title='bbox 2693 2549 3036 2603; x_wconf 83' lang='lat' dir='ltr'><strong>mendacium</strong></span> <span class='ocrx_word' id='word_1_401' title='bbox 3065 2563 3282 2617; x_wconf 86' lang='lat' dir='ltr'><strong>semper</strong></span> <span class='ocrx_word' id='word_1_402' title='bbox 3311 2549 3453 2603; x_wconf 84' lang='lat' dir='ltr'><strong>mala</strong></span> 
     </span>
    </p>
   </div>
   <div class='ocr_carea' id='block_1_54' title="bbox 1879 2639 3452 2706">
    <p class='ocr_par' dir='ltr' id='par_1_54' title="bbox 1879 2639 3452 2706">
     <span class='ocr_line' id='line_1_54' title="bbox 1879 2639 3452 2706; baseline -0.002 -9"><span class='ocrx_word' id='word_1_403' title='bbox 1879 2652 2041 2706; x_wconf 85' lang='lat' dir='ltr'><strong>sunt;</strong></span> <span class='ocrx_word' id='word_1_404' title='bbox 2085 2642 2188 2695; x_wconf 91' lang='lat' dir='ltr'><strong>nisi</strong></span> <span class='ocrx_word' id='word_1_405' title='bbox 2235 2641 2594 2694; x_wconf 80' lang='lat' dir='ltr'><strong>adhibeantur</strong></span> <span class='ocrx_word' id='word_1_406' title='bbox 2634 2647 2730 2691; x_wconf 92' lang='lat' dir='ltr'><strong>aut</strong></span> <span class='ocrx_word' id='word_1_407' title='bbox 2775 2641 2842 2693; x_wconf 88' lang='lat' dir='ltr'><strong>ad</strong></span> <span class='ocrx_word' id='word_1_408' title='bbox 2882 2639 3206 2693; x_wconf 90' lang='lat' dir='ltr'><strong>medendum</strong></span> <span class='ocrx_word' id='word_1_409' title='bbox 3258 2640 3452 2694; x_wconf 89' lang='lat' dir='ltr'><strong>amicis</strong></span> 
     </span>
    </p>
   </div>
   <div class='ocr_carea' id='block_1_55' title="bbox 1878 2731 3449 2803">
    <p class='ocr_par' dir='ltr' id='par_1_55' title="bbox 1878 2731 3449 2803">
     <span class='ocr_line' id='line_1_55' title="bbox 1878 2731 3449 2803; baseline -0.002 -14"><span class='ocrx_word' id='word_1_410' title='bbox 1878 2735 2035 2803; x_wconf 68' lang='lat' dir='ltr'><strong>aegris</strong></span> <span class='ocrx_word' id='word_1_411' title='bbox 2068 2741 2122 2788; x_wconf 84' lang='lat' dir='ltr'><strong>et</strong></span> <span class='ocrx_word' id='word_1_412' title='bbox 2159 2733 2576 2794; x_wconf 86' lang='lat' dir='ltr'><strong>insanientibus,</strong></span> <span class='ocrx_word' id='word_1_413' title='bbox 2613 2741 2703 2784; x_wconf 89' lang='lat' dir='ltr'><strong>aut</strong></span> <span class='ocrx_word' id='word_1_414' title='bbox 2737 2732 2804 2785; x_wconf 87' lang='lat' dir='ltr'><strong>ad</strong></span> <span class='ocrx_word' id='word_1_415' title='bbox 2847 2731 3161 2801; x_wconf 71' lang='lat' dir='ltr'><strong>fugiendum</strong></span> <span class='ocrx_word' id='word_1_416' title='bbox 3193 2734 3333 2799; x_wconf 89' lang='lat' dir='ltr'><strong>quod</strong></span> <span class='ocrx_word' id='word_1_417' title='bbox 3378 2733 3449 2786; x_wconf 87' lang='lat' dir='ltr'><strong>ab</strong></span> 
     </span>
    </p>
   </div>
   <div class='ocr_carea' id='block_1_56' title="bbox 1877 2822 3449 2889">
    <p class='ocr_par' dir='ltr' id='par_1_56' title="bbox 1877 2822 3449 2889">
     <span class='ocr_line' id='line_1_56' title="bbox 1877 2822 3449 2889; baseline 0 -13"><span class='ocrx_word' id='word_1_418' title='bbox 1877 2823 2203 2876; x_wconf 81' lang='lat' dir='ltr'><strong>adversariis</strong></span> <span class='ocrx_word' id='word_1_419' title='bbox 2242 2822 2599 2874; x_wconf 80' lang='lat' dir='ltr'><strong>intentaretur</strong></span> <span class='ocrx_word' id='word_1_420' title='bbox 2628 2822 2952 2889; x_wconf 89' lang='lat' dir='ltr'><strong>periculum.</strong></span> <span class='ocrx_word' id='word_1_421' title='bbox 2985 2823 3055 2875; x_wconf 80' lang='lat' dir='ltr'><strong>At</strong></span> <span class='ocrx_word' id='word_1_422' title='bbox 3086 2837 3213 2875; x_wconf 87' lang='lat' dir='ltr'><strong>vero</strong></span> <span class='ocrx_word' id='word_1_423' title='bbox 3264 2822 3449 2876; x_wconf 83' lang='lat' dir='ltr'><strong>nullus</strong></span> 
     </span>
    </p>
   </div>
   <div class='ocr_carea' id='block_1_57' title="bbox 1876 2913 3448 2985">
    <p class='ocr_par' dir='ltr' id='par_1_57' title="bbox 1876 2913 3448 2985">
     <span class='ocr_line' id='line_1_57' title="bbox 1876 2913 3448 2985; baseline 0.001 -18"><span class='ocrx_word' id='word_1_424' title='bbox 1876 2913 1986 2968; x_wconf 89' lang='lat' dir='ltr'><strong>Deo</strong></span> <span class='ocrx_word' id='word_1_425' title='bbox 2033 2915 2244 2968; x_wconf 89' lang='lat' dir='ltr'><strong>amicus</strong></span> <span class='ocrx_word' id='word_1_426' title='bbox 2281 2925 2365 2968; x_wconf 88' lang='lat' dir='ltr'><strong>est</strong></span> <span class='ocrx_word' id='word_1_427' title='bbox 2400 2931 2540 2985; x_wconf 57' lang='lat' dir='ltr'><strong>ager</strong></span> <span class='ocrx_word' id='word_1_428' title='bbox 2584 2926 2638 2971; x_wconf 87' lang='lat' dir='ltr'><strong>et</strong></span> <span class='ocrx_word' id='word_1_429' title='bbox 2667 2916 2947 2970; x_wconf 88' lang='lat' dir='ltr'><strong>insaniens</strong></span> <span class='ocrx_word' id='word_1_430' title='bbox 2985 2921 2999 2968; x_wconf 93' lang='lat'><strong>:&#39;</strong></span> <span class='ocrx_word' id='word_1_431' title='bbox 3037 2929 3212 2984; x_wconf 79' lang='lat' dir='ltr'><strong>neque</strong></span> <span class='ocrx_word' id='word_1_432' title='bbox 3258 2931 3448 2983; x_wconf 89' lang='lat' dir='ltr'><strong>quem-</strong></span> 
     </span>
    </p>
   </div>
   <div class='ocr_carea' id='block_1_58' title="bbox 1876 2999 3516 3076">
    <p class='ocr_par' dir='ltr' id='par_1_58' title="bbox 1876 2999 3516 3076">
     <span class='ocr_line' id='line_1_58' title="bbox 1876 2999 3516 3076; baseline 0.003 -18"><span class='ocrx_word' id='word_1_433' title='bbox 1876 3018 2032 3072; x_wconf 87' lang='lat' dir='ltr'><strong>quam</strong></span> <span class='ocrx_word' id='word_1_434' title='bbox 2090 3006 2275 3072; x_wconf 89' lang='lat' dir='ltr'><strong>timet,</strong></span> <span class='ocrx_word' id='word_1_435' title='bbox 2330 3017 2385 3060; x_wconf 91' lang='lat' dir='ltr'><strong>ut</strong></span> <span class='ocrx_word' id='word_1_436' title='bbox 2419 3008 2482 3060; x_wconf 86' lang='lat' dir='ltr'><strong>ad</strong></span> <span class='ocrx_word' id='word_1_437' title='bbox 2523 3009 2805 3061; x_wconf 89' lang='lat' dir='ltr'><strong>vitandum</strong></span> <span class='ocrx_word' id='word_1_438' title='bbox 2869 3008 3168 3076; x_wconf 89' lang='lat' dir='ltr'><strong>periculum</strong></span> <span class='ocrx_word' id='word_1_439' title='bbox 3233 3002 3444 3063; x_wconf 65' lang='lat' dir='ltr'><strong>fzillacia</strong></span> <span class='ocrx_word' id='word_1_440' title='bbox 3512 2999 3516 3002; x_wconf 46' lang='grc'><strong>”</strong></span> 
     </span>
    </p>
   </div>
   <div class='ocr_carea' id='block_1_59' title="bbox 1875 3095 3444 3164">
    <p class='ocr_par' dir='ltr' id='par_1_59' title="bbox 1875 3095 3444 3164">
     <span class='ocr_line' id='line_1_59' title="bbox 1875 3095 3444 3164; baseline 0.001 -18"><span class='ocrx_word' id='word_1_441' title='bbox 1875 3110 2010 3162; x_wconf 89' lang='lat' dir='ltr'><strong>opus</strong></span> <span class='ocrx_word' id='word_1_442' title='bbox 2040 3095 2252 3148; x_wconf 87' lang='lat' dir='ltr'><strong>haheat.</strong></span> <span class='ocrx_word' id='word_1_443' title='bbox 2277 3115 2294 3147; x_wconf 79' lang='grc' dir='ltr'><strong>ι</strong></span> <span class='ocrx_word' id='word_1_444' title='bbox 2330 3097 2408 3149; x_wconf 83' lang='lat' dir='ltr'><strong>Ad</strong></span> <span class='ocrx_word' id='word_1_445' title='bbox 2445 3098 2555 3150; x_wconf 69' lang='lat' dir='ltr'><strong>tunc</strong></span> <span class='ocrx_word' id='word_1_446' title='bbox 2591 3096 2786 3164; x_wconf 81' lang='lat' dir='ltr'><strong>duplex</strong></span> <span class='ocrx_word' id='word_1_447' title='bbox 2828 3105 2910 3151; x_wconf 86' lang='lat' dir='ltr'><strong>est</strong></span> <span class='ocrx_word' id='word_1_448' title='bbox 2947 3098 3306 3164; x_wconf 85' lang='lat' dir='ltr'><strong>respondendi</strong></span> <span class='ocrx_word' id='word_1_449' title='bbox 3355 3114 3444 3149; x_wconf 87' lang='lat' dir='ltr'><strong>ra-</strong></span> 
     </span>
    </p>
   </div>
   <div class='ocr_carea' id='block_1_60' title="bbox 187 3181 1769 3256">
    <p class='ocr_par' dir='ltr' id='par_1_60' title="bbox 187 3181 1769 3255">
     <span class='ocr_line' id='line_1_60' title="bbox 187 3181 1769 3255; baseline 0.004 -23"><span class='ocrx_word' id='word_1_450' title='bbox 187 3181 250 3232; x_wconf 79' lang='grc' dir='ltr'>δὲ</span> <span class='ocrx_word' id='word_1_451' title='bbox 282 3182 408 3249; x_wconf 84' lang='grc' dir='ltr'>περὶ</span> <span class='ocrx_word' id='word_1_452' title='bbox 449 3183 546 3250; x_wconf 82' lang='grc' dir='ltr'>τῆς</span> <span class='ocrx_word' id='word_1_453' title='bbox 583 3181 756 3252; x_wconf 86' lang='grc' dir='ltr'>Ἰησοῦ</span> <span class='ocrx_word' id='word_1_454' title='bbox 813 3182 1010 3251; x_wconf 75' lang='grc' dir='ltr'>ψυχῆς.</span> <span class='ocrx_word' id='word_1_455' title='bbox 1055 3185 1189 3254; x_wconf 77' lang='grc' dir='ltr'>Περὶ</span> <span class='ocrx_word' id='word_1_456' title='bbox 1223 3186 1320 3254; x_wconf 79' lang='grc' dir='ltr'>μὲν</span> <span class='ocrx_word' id='word_1_457' title='bbox 1369 3182 1462 3237; x_wconf 79' lang='grc' dir='ltr'>οὖν</span> <span class='ocrx_word' id='word_1_458' title='bbox 1518 3186 1619 3255; x_wconf 79' lang='grc' dir='ltr'>τῆς</span> <span class='ocrx_word' id='word_1_459' title='bbox 1678 3186 1769 3239; x_wconf 83' lang='grc' dir='ltr'><strong>τοῦ</strong></span> 
     </span>
    </p>
   </div>
   <div class='ocr_carea' id='block_1_61' title="bbox 1873 3181 3444 3256">
    <p class='ocr_par' dir='ltr' id='par_1_61' title="bbox 1878 3185 3444 3254">
     <span class='ocr_line' id='line_1_61' title="bbox 1878 3185 3444 3254; baseline 0.003 -17"><span class='ocrx_word' id='word_1_460' title='bbox 1878 3185 1974 3252; x_wconf 90' lang='lat' dir='ltr'><strong>tio,</strong></span> <span class='ocrx_word' id='word_1_461' title='bbox 2007 3201 2236 3254; x_wconf 84' lang='lat' dir='ltr'><strong>quarum</strong></span> <span class='ocrx_word' id='word_1_462' title='bbox 2287 3187 2514 3238; x_wconf 87' lang='lat' dir='ltr'><strong>alteram</strong></span> <span class='ocrx_word' id='word_1_463' title='bbox 2547 3198 2736 3240; x_wconf 86' lang='lat' dir='ltr'><strong>natura</strong></span> <span class='ocrx_word' id='word_1_464' title='bbox 2772 3186 2940 3238; x_wconf 86' lang='lat' dir='ltr'><strong>divini</strong></span> <span class='ocrx_word' id='word_1_465' title='bbox 2976 3186 3135 3238; x_wconf 82' lang='lat' dir='ltr'><strong>Verbi</strong></span> <span class='ocrx_word' id='word_1_466' title='bbox 3178 3190 3268 3252; x_wconf 88' lang='lat' dir='ltr'><strong>qui</strong></span> <span class='ocrx_word' id='word_1_467' title='bbox 3305 3188 3444 3241; x_wconf 85' lang='lat' dir='ltr'><strong>Deus</strong></span> 
     </span>
    </p>
   </div>
   <div class='ocr_carea' id='block_1_62' title="bbox 186 3270 1764 3348">
    <p class='ocr_par' dir='ltr' id='par_1_62' title="bbox 186 3270 1764 3348">
     <span class='ocr_line' id='line_1_62' title="bbox 186 3270 1764 3348; baseline 0.006 -26"><span class='ocrx_word' id='word_1_468' title='bbox 186 3270 365 3336; x_wconf 77' lang='grc' dir='ltr'>Λόγου</span> <span class='ocrx_word' id='word_1_469' title='bbox 422 3271 662 3338; x_wconf 79' lang='grc' dir='ltr'>φύσεως,</span> <span class='ocrx_word' id='word_1_470' title='bbox 711 3273 820 3336; x_wconf 76' lang='grc' dir='ltr'>ὅτι,</span> <span class='ocrx_word' id='word_1_471' title='bbox 867 3274 1109 3346; x_wconf 81' lang='grc' dir='ltr'>ῶσπερὴ</span> <span class='ocrx_word' id='word_1_472' title='bbox 1141 3276 1248 3328; x_wconf 87' lang='grc' dir='ltr'><strong>τῶν</strong></span> <span class='ocrx_word' id='word_1_473' title='bbox 1283 3278 1496 3346; x_wconf 86' lang='grc' dir='ltr'>τροφῶν</span> <span class='ocrx_word' id='word_1_474' title='bbox 1544 3279 1764 3348; x_wconf 78' lang='grc' dir='ltr'>ποιότης</span> 
     </span>
    </p>
   </div>
   <div class='ocr_carea' id='block_1_63' title="bbox 187 3363 1764 3438">
    <p class='ocr_par' dir='ltr' id='par_1_63' title="bbox 187 3363 1764 3438">
     <span class='ocr_line' id='line_1_63' title="bbox 187 3363 1764 3438; baseline 0.006 -27"><span class='ocrx_word' id='word_1_475' title='bbox 187 3363 331 3430; x_wconf 79' lang='grc' dir='ltr'>πρὸς</span> <span class='ocrx_word' id='word_1_476' title='bbox 372 3364 468 3433; x_wconf 82' lang='grc' dir='ltr'>τὴν</span> <span class='ocrx_word' id='word_1_477' title='bbox 502 3364 595 3416; x_wconf 86' lang='grc' dir='ltr'><strong>τοῦ</strong></span> <span class='ocrx_word' id='word_1_478' title='bbox 628 3366 819 3435; x_wconf 85' lang='grc' dir='ltr'>νηπίου</span> <span class='ocrx_word' id='word_1_479' title='bbox 855 3368 1013 3435; x_wconf 82' lang='grc' dir='ltr'>φύσιν</span> <span class='ocrx_word' id='word_1_480' title='bbox 1056 3371 1136 3432; x_wconf 85' lang='grc' dir='ltr'>εἰς</span> <span class='ocrx_word' id='word_1_481' title='bbox 1176 3371 1313 3437; x_wconf 87' lang='grc' dir='ltr'>γάλα</span> <span class='ocrx_word' id='word_1_482' title='bbox 1359 3371 1676 3438; x_wconf 86' lang='grc' dir='ltr'>μεταϐάλλει</span> <span class='ocrx_word' id='word_1_483' title='bbox 1708 3372 1764 3422; x_wconf 81' lang='grc' dir='ltr'>ἐν</span> 
     </span>
    </p>
   </div>
   <div class='ocr_carea' id='block_1_64' title="bbox 181 3454 1762 3532">
    <p class='ocr_par' dir='ltr' id='par_1_64' title="bbox 181 3454 1762 3532">
     <span class='ocr_line' id='line_1_64' title="bbox 181 3454 1762 3532; baseline 0.002 -21"><span class='ocrx_word' id='word_1_484' title='bbox 181 3454 255 3520; x_wconf 73' lang='grc' dir='ltr'>τῇ</span> <span class='ocrx_word' id='word_1_485' title='bbox 302 3454 614 3526; x_wconf 76' lang='grc' dir='ltr'>τρεφούσῃ,</span> <span class='ocrx_word' id='word_1_486' title='bbox 668 3457 700 3522; x_wconf 81' lang='grc' dir='ltr'>ἦ</span> <span class='ocrx_word' id='word_1_487' title='bbox 757 3458 859 3509; x_wconf 76' lang='grc' dir='ltr'>ὑπὸ</span> <span class='ocrx_word' id='word_1_488' title='bbox 911 3460 1003 3510; x_wconf 89' lang='grc' dir='ltr'><strong>τοῦ</strong></span> <span class='ocrx_word' id='word_1_489' title='bbox 1066 3461 1249 3532; x_wconf 77' lang='grc' dir='ltr'>ἰατροῦ</span> <span class='ocrx_word' id='word_1_490' title='bbox 1303 3461 1762 3523; x_wconf 79' lang='grc' dir='ltr'>κατασκευάζεται</span> 
     </span>
    </p>
   </div>
   <div class='ocr_carea' id='block_1_65' title="bbox 183 3540 1764 3619">
    <p class='ocr_par' dir='ltr' id='par_1_65' title="bbox 183 3540 1764 3619">
     <span class='ocr_line' id='line_1_65' title="bbox 183 3540 1764 3619; baseline 0.006 -29"><span class='ocrx_word' id='word_1_491' title='bbox 183 3540 327 3608; x_wconf 73' lang='grc' dir='ltr'>πρὸς</span> <span class='ocrx_word' id='word_1_492' title='bbox 364 3543 422 3593; x_wconf 82' lang='grc' dir='ltr'>τὸ</span> <span class='ocrx_word' id='word_1_493' title='bbox 466 3544 563 3612; x_wconf 81' lang='grc' dir='ltr'>τῆς</span> <span class='ocrx_word' id='word_1_494' title='bbox 614 3546 800 3612; x_wconf 86' lang='grc' dir='ltr'>ὑγείας</span> <span class='ocrx_word' id='word_1_495' title='bbox 852 3547 1106 3615; x_wconf 83' lang='grc' dir='ltr'>χρειῶδες</span> <span class='ocrx_word' id='word_1_496' title='bbox 1160 3548 1236 3617; x_wconf 84' lang='grc' dir='ltr'>τῷ</span> <span class='ocrx_word' id='word_1_497' title='bbox 1283 3551 1574 3619; x_wconf 79' lang='grc' dir='ltr'>κάμνοντι,</span> <span class='ocrx_word' id='word_1_498' title='bbox 1617 3551 1647 3619; x_wconf 80' lang='grc' dir='ltr'>ἢ</span> <span class='ocrx_word' id='word_1_499' title='bbox 1687 3550 1764 3618; x_wconf 78' lang='grc' dir='ltr'>τῷ</span> 
     </span>
    </p>
   </div>
   <div class='ocr_carea' id='block_1_66' title="bbox 186 3634 1763 3714">
    <p class='ocr_par' dir='ltr' id='par_1_66' title="bbox 186 3634 1763 3714">
     <span class='ocr_line' id='line_1_66' title="bbox 186 3634 1763 3714; baseline 0.019 -35"><span class='ocrx_word' id='word_1_500' title='bbox 186 3634 527 3705; x_wconf 76' lang='grc' dir='ltr'>ἰσχυροτέρῳ</span> <span class='ocrx_word' id='word_1_501' title='bbox 563 3636 639 3697; x_wconf 72' lang='grc' dir='ltr'>ὡς</span> <span class='ocrx_word' id='word_1_502' title='bbox 677 3636 1026 3708; x_wconf 80' lang='grc' dir='ltr'>δυνατωτέρῳ</span> <span class='ocrx_word' id='word_1_503' title='bbox 1065 3640 1261 3693; x_wconf 76' lang='grc' dir='ltr'>οὑτωσὶ</span> <span class='ocrx_word' id='word_1_504' title='bbox 1302 3642 1409 3711; x_wconf 83' lang='grc'>(60)</span> <span class='ocrx_word' id='word_1_505' title='bbox 1451 3644 1763 3714; x_wconf 72' lang='grc' dir='ltr'>εὐτρεπίζε-</span> 
     </span>
    </p>
   </div>
   <div class='ocr_carea' id='block_1_67' title="bbox 182 3725 1763 3810">
    <p class='ocr_par' dir='ltr' id='par_1_67' title="bbox 182 3725 1763 3810">
     <span class='ocr_line' id='line_1_67' title="bbox 182 3725 1763 3810; baseline 0.01 -35"><span class='ocrx_word' id='word_1_506' title='bbox 182 3741 279 3777; x_wconf 77' lang='grc' dir='ltr'><strong>ται</strong></span> <span class='ocrx_word' id='word_1_507' title='bbox 303 3742 316 3754; x_wconf 83' lang='grc'><strong>-</strong></span> <span class='ocrx_word' id='word_1_508' title='bbox 358 3725 501 3779; x_wconf 71' lang='grc' dir='ltr'>οὓτω</span> <span class='ocrx_word' id='word_1_509' title='bbox 538 3727 635 3798; x_wconf 80' lang='grc' dir='ltr'>τὴν</span> <span class='ocrx_word' id='word_1_510' title='bbox 673 3729 766 3781; x_wconf 85' lang='grc' dir='ltr'><strong>τοῦ</strong></span> <span class='ocrx_word' id='word_1_511' title='bbox 807 3732 1104 3798; x_wconf 77' lang='grc' dir='ltr'>πεφυκότος</span> <span class='ocrx_word' id='word_1_512' title='bbox 1157 3735 1379 3805; x_wconf 82' lang='grc' dir='ltr'>τρέφειν</span> <span class='ocrx_word' id='word_1_513' title='bbox 1419 3737 1763 3810; x_wconf 75' lang='grc' dir='ltr'>ἀνθρωπίνην</span> 
     </span>
    </p>
   </div>
   <div class='ocr_carea' id='block_1_68' title="bbox 179 3817 1763 3899">
    <p class='ocr_par' dir='ltr' id='par_1_68' title="bbox 179 3817 1763 3899">
     <span class='ocr_line' id='line_1_68' title="bbox 179 3817 1763 3899; baseline 0.01 -31"><span class='ocrx_word' id='word_1_514' title='bbox 179 3817 364 3888; x_wconf 72' lang='grc' dir='ltr'>ψυχὴν</span> <span class='ocrx_word' id='word_1_515' title='bbox 410 3821 569 3887; x_wconf 81' lang='grc' dir='ltr'>λόγου</span> <span class='ocrx_word' id='word_1_516' title='bbox 609 3821 835 3892; x_wconf 73' lang='grc' dir='ltr'>δύναμιν</span> <span class='ocrx_word' id='word_1_517' title='bbox 873 3825 899 3875; x_wconf 87' lang='grc' dir='ltr'><strong>ό</strong></span> <span class='ocrx_word' id='word_1_518' title='bbox 937 3824 1066 3887; x_wconf 82' lang='grc' dir='ltr'>Θεὸς</span> <span class='ocrx_word' id='word_1_519' title='bbox 1119 3829 1231 3890; x_wconf 88' lang='grc' dir='ltr'>τοῖς</span> <span class='ocrx_word' id='word_1_520' title='bbox 1282 3829 1588 3899; x_wconf 83' lang='grc' dir='ltr'>ἀνθρώποις</span> <span class='ocrx_word' id='word_1_521' title='bbox 1636 3833 1763 3884; x_wconf 83' lang='grc' dir='ltr'>ὲκά-</span> 
     </span>
    </p>
   </div>
   <div class='ocr_carea' id='block_1_69' title="bbox 181 3911 1760 3990">
    <p class='ocr_par' dir='ltr' id='par_1_69' title="bbox 181 3911 1760 3990">
     <span class='ocr_line' id='line_1_69' title="bbox 181 3911 1760 3990; baseline 0.006 -29"><span class='ocrx_word' id='word_1_522' title='bbox 181 3926 298 3979; x_wconf 85' lang='grc' dir='ltr'>στῳ</span> <span class='ocrx_word' id='word_1_523' title='bbox 350 3911 469 3962; x_wconf 85' lang='grc' dir='ltr'>κατ’</span> <span class='ocrx_word' id='word_1_524' title='bbox 521 3911 675 3976; x_wconf 77' lang='grc' dir='ltr'>ἀξίαν</span> <span class='ocrx_word' id='word_1_525' title='bbox 734 3914 1072 3982; x_wconf 77' lang='grc' dir='ltr'>μεταϐάλλει.</span> <span class='ocrx_word' id='word_1_526' title='bbox 1126 3916 1229 3969; x_wconf 83' lang='grc' dir='ltr'>Καί</span> <span class='ocrx_word' id='word_1_527' title='bbox 1306 3936 1411 3971; x_wconf 90' lang='grc' dir='ltr'>τινι</span> <span class='ocrx_word' id='word_1_528' title='bbox 1484 3920 1581 3987; x_wconf 72' lang='grc' dir='ltr'>μὲν</span> <span class='ocrx_word' id='word_1_529' title='bbox 1648 3921 1760 3990; x_wconf 81' lang='grc' dir='ltr'>(ὡς</span> 
     </span>
    </p>
   </div>
   <div class='ocr_carea' id='block_1_70' title="bbox 176 3999 1757 4076">
    <p class='ocr_par' dir='ltr' id='par_1_70' title="bbox 176 3999 1757 4076">
     <span class='ocr_line' id='line_1_70' title="bbox 176 3999 1757 4076; baseline 0.006 -27"><span class='ocrx_word' id='word_1_530' title='bbox 176 3999 467 4067; x_wconf 82' lang='grc' dir='ltr'>ὠνόμασεν</span> <span class='ocrx_word' id='word_1_531' title='bbox 507 4003 539 4069; x_wconf 83' lang='grc' dir='ltr'>ἠ</span> <span class='ocrx_word' id='word_1_532' title='bbox 581 4003 838 4072; x_wconf 76' lang='grc' dir='ltr'>Γραφὴ,)</span> <span class='ocrx_word' id='word_1_533' title='bbox 898 4023 914 4054; x_wconf 75' lang='grc' dir='ltr'><strong>ι</strong></span> <span class='ocrx_word' id='word_1_534' title='bbox 963 4005 1176 4072; x_wconf 75' lang='grc' dir='ltr'>λογικὸν</span> <span class='ocrx_word' id='word_1_535' title='bbox 1215 4006 1397 4060; x_wconf 80' lang='grc' dir='ltr'>ἄδολον</span> <span class='ocrx_word' id='word_1_536' title='bbox 1443 4009 1580 4075; x_wconf 85' lang='grc' dir='ltr'>γάλα</span> <span class='ocrx_word' id='word_1_537' title='bbox 1612 4027 1628 4059; x_wconf 78' lang='grc' dir='ltr'><strong>ι</strong></span> <span class='ocrx_word' id='word_1_538' title='bbox 1673 4009 1757 4076; x_wconf 91' lang='grc' dir='ltr'>γί-</span> 
     </span>
    </p>
   </div>
   <div class='ocr_carea' id='block_1_71' title="bbox 175 4090 1755 4166">
    <p class='ocr_par' dir='ltr' id='par_1_71' title="bbox 175 4090 1755 4166">
     <span class='ocr_line' id='line_1_71' title="bbox 175 4090 1755 4166; baseline 0.007 -26"><span class='ocrx_word' id='word_1_539' title='bbox 175 4106 364 4151; x_wconf 86' lang='grc' dir='ltr'>νεται,</span> <span class='ocrx_word' id='word_1_540' title='bbox 415 4090 519 4142; x_wconf 70' lang='grc' dir='ltr'>τινὶ</span> <span class='ocrx_word' id='word_1_541' title='bbox 576 4091 632 4142; x_wconf 75' lang='grc' dir='ltr'>δὲ</span> <span class='ocrx_word' id='word_1_542' title='bbox 678 4093 752 4154; x_wconf 84' lang='grc' dir='ltr'>ὡς</span> <span class='ocrx_word' id='word_1_543' title='bbox 802 4094 1172 4164; x_wconf 77' lang='grc' dir='ltr'>ἀσθενεστέρῳ</span> <span class='ocrx_word' id='word_1_544' title='bbox 1231 4098 1391 4148; x_wconf 75' lang='grc' dir='ltr'>οἱονεὶ</span> <span class='ocrx_word' id='word_1_545' title='bbox 1465 4099 1755 4166; x_wconf 80' lang='grc' dir='ltr'>«λάχανον,</span> 
     </span>
    </p>
   </div>
   <div class='ocr_carea' id='block_1_72' title="bbox 174 4181 1754 4256">
    <p class='ocr_par' dir='ltr' id='par_1_72' title="bbox 174 4181 1754 4256">
     <span class='ocr_line' id='line_1_72' title="bbox 174 4181 1754 4256; baseline 0.008 -26"><span class='ocrx_word' id='word_1_546' title='bbox 174 4182 289 4232; x_wconf 77' lang='grc' dir='ltr'>τινὶ</span> <span class='ocrx_word' id='word_1_547' title='bbox 319 4181 373 4231; x_wconf 80' lang='grc' dir='ltr'>δὲ</span> <span class='ocrx_word' id='word_1_548' title='bbox 410 4182 629 4240; x_wconf 80' lang='grc' dir='ltr'>τελείοις</span> <span class='ocrx_word' id='word_1_549' title='bbox 665 4182 773 4251; x_wconf 80' lang='grc'><strong>(61)</strong></span> <span class='ocrx_word' id='word_1_550' title='bbox 811 4202 829 4232; x_wconf 88' lang='grc'><strong><em>‹</em></strong></span> <span class='ocrx_word' id='word_1_551' title='bbox 868 4184 1060 4254; x_wconf 77' lang='grc' dir='ltr'>στερεὰ</span> <span class='ocrx_word' id='word_1_552' title='bbox 1095 4186 1268 4255; x_wconf 83' lang='grc' dir='ltr'>τροφὴ</span> <span class='ocrx_word' id='word_1_553' title='bbox 1313 4206 1330 4235; x_wconf 73' lang='grc' dir='ltr'><strong>ι</strong></span> <span class='ocrx_word' id='word_1_554' title='bbox 1377 4189 1754 4256; x_wconf 81' lang='grc' dir='ltr'>παραδίδοται.</span> 
     </span>
    </p>
   </div>
   <div class='ocr_carea' id='block_1_73' title="bbox 176 4271 1755 4351">
    <p class='ocr_par' dir='ltr' id='par_1_73' title="bbox 176 4271 1755 4349">
     <span class='ocr_line' id='line_1_73' title="bbox 176 4271 1755 4349; baseline 0.008 -30"><span class='ocrx_word' id='word_1_555' title='bbox 176 4271 292 4320; x_wconf 78' lang='grc' dir='ltr'><strong>Καὶ</strong></span> <span class='ocrx_word' id='word_1_556' title='bbox 321 4271 379 4320; x_wconf 80' lang='grc' dir='ltr'>ού</span> <span class='ocrx_word' id='word_1_557' title='bbox 412 4271 581 4338; x_wconf 81' lang='grc' dir='ltr'>δήπου</span> <span class='ocrx_word' id='word_1_558' title='bbox 612 4272 864 4337; x_wconf 66' lang='grc' dir='ltr'>ψεύδεται</span> <span class='ocrx_word' id='word_1_559' title='bbox 909 4273 1004 4341; x_wconf 81' lang='grc' dir='ltr'>τὴν</span> <span class='ocrx_word' id='word_1_560' title='bbox 1051 4275 1242 4325; x_wconf 65' lang='grc' dir='ltr'>ἑαυτοῦ</span> <span class='ocrx_word' id='word_1_561' title='bbox 1289 4275 1448 4349; x_wconf 73' lang='grc' dir='ltr'>φύσιν</span> <span class='ocrx_word' id='word_1_562' title='bbox 1489 4280 1517 4329; x_wconf 89' lang='grc' dir='ltr'>ὁ</span> <span class='ocrx_word' id='word_1_563' title='bbox 1562 4280 1755 4347; x_wconf 84' lang='grc' dir='ltr'>Λόγος,</span> 
     </span>
    </p>
   </div>
   <div class='ocr_carea' id='block_1_74' title="bbox 173 4361 1755 4441">
    <p class='ocr_par' dir='ltr' id='par_1_74' title="bbox 173 4361 1755 4441">
     <span class='ocr_line' id='line_1_74' title="bbox 173 4361 1755 4441; baseline 0.017 -43"><span class='ocrx_word' id='word_1_564' title='bbox 173 4361 396 4429; x_wconf 62' lang='grc' dir='ltr'>ἑκάστῳ</span> <span class='ocrx_word' id='word_1_565' title='bbox 430 4362 692 4430; x_wconf 69' lang='grc' dir='ltr'>τρόφιμος</span> <span class='ocrx_word' id='word_1_566' title='bbox 733 4363 1033 4431; x_wconf 88' lang='grc' dir='ltr'>γινόμενος,</span> <span class='ocrx_word' id='word_1_567' title='bbox 1065 4365 1139 4425; x_wconf 83' lang='grc' dir='ltr'>ὡς</span> <span class='ocrx_word' id='word_1_568' title='bbox 1165 4369 1330 4436; x_wconf 84' lang='grc' dir='ltr'>χωρεῖ</span> <span class='ocrx_word' id='word_1_569' title='bbox 1370 4369 1530 4420; x_wconf 82' lang='grc' dir='ltr'>αὑτὸν</span> <span class='ocrx_word' id='word_1_570' title='bbox 1575 4389 1755 4441; x_wconf 85' lang='grc' dir='ltr'>παρα-</span> 
     </span>
    </p>
   </div>
   <div class='ocr_carea' id='block_1_75' title="bbox 169 4449 1799 4526">
    <p class='ocr_par' dir='ltr' id='par_1_75' title="bbox 169 4449 1799 4526">
     <span class='ocr_line' id='line_1_75' title="bbox 169 4449 1799 4526; baseline 0.005 -24"><span class='ocrx_word' id='word_1_571' title='bbox 169 4449 451 4512; x_wconf 77' lang='grc' dir='ltr'>δέξασθαι·</span> <span class='ocrx_word' id='word_1_572' title='bbox 481 4451 575 4502; x_wconf 76' lang='grc' dir='ltr'>καὶ</span> <span class='ocrx_word' id='word_1_573' title='bbox 601 4452 661 4502; x_wconf 80' lang='grc' dir='ltr'>οὐ</span> <span class='ocrx_word' id='word_1_574' title='bbox 697 4451 891 4521; x_wconf 83' lang='grc' dir='ltr'>πλανᾷ,</span> <span class='ocrx_word' id='word_1_575' title='bbox 916 4454 1034 4519; x_wconf 76' lang='grc' dir='ltr'>οὐδὲ</span> <span class='ocrx_word' id='word_1_576' title='bbox 1060 4455 1331 4523; x_wconf 68' lang='grc' dir='ltr'>ψεύδεται.</span> <span class='ocrx_word' id='word_1_577' title='bbox 1369 4461 1430 4511; x_wconf 86' lang='grc' dir='ltr'><strong>Εί</strong></span> <span class='ocrx_word' id='word_1_578' title='bbox 1460 4460 1504 4513; x_wconf 83' lang='grc' dir='ltr'>δ’</span> <span class='ocrx_word' id='word_1_579' title='bbox 1525 4462 1618 4515; x_wconf 79' lang='grc' dir='ltr'><strong>ἐπὶ</strong></span> <span class='ocrx_word' id='word_1_580' title='bbox 1649 4463 1750 4526; x_wconf 82' lang='grc' dir='ltr'>τῆς</span> <span class='ocrx_word' id='word_1_581' title='bbox 1791 4503 1799 4510; x_wconf 95' lang='grc'><strong>.</strong></span> 
     </span>
    </p>
   </div>
   <div class='ocr_carea' id='block_1_76' title="bbox 1683 4480 3435 4617">
    <p class='ocr_par' dir='ltr' id='par_1_76' title="bbox 1683 4480 3435 4617">
     <span class='ocr_line' id='line_1_76' title="bbox 1683 4480 3431 4533; baseline -0.001 -23"><span class='ocrx_word' id='word_1_582' title='bbox 1683 4480 1750 4533; x_wconf 82' lang='grc' dir='ltr'><strong>ης</strong></span> <span class='ocrx_word' id='word_1_583' title='bbox 1791 4503 1799 4510; x_wconf 94' lang='grc'><strong>.</strong></span> <span class='ocrx_word' id='word_1_584' title='bbox 1859 4480 2057 4523; x_wconf 60' lang='lat' dir='ltr'><strong>tmpus.</strong></span> <span class='ocrx_word' id='word_1_585' title='bbox 2086 4480 2183 4508; x_wconf 77' lang='grc' dir='ltr'>ιιιυ</span> <span class='ocrx_word' id='word_1_586' title='bbox 2213 4480 2355 4507; x_wconf 80' lang='grc' dir='ltr'><strong>ΙΙιΙΙΙίΙ</strong></span> <span class='ocrx_word' id='word_1_587' title='bbox 2415 4480 2646 4516; x_wconf 66' lang='grc' dir='ltr'>Ιίιιιίιιξιιι,</span> <span class='ocrx_word' id='word_1_588' title='bbox 2702 4480 3039 4506; x_wconf 67' lang='lat' dir='ltr'><strong>IIICIIUHCIUIII</strong></span> <span class='ocrx_word' id='word_1_589' title='bbox 3099 4480 3328 4508; x_wconf 74' lang='lat' dir='ltr'><strong>lllllllllllo</strong></span> <span class='ocrx_word' id='word_1_590' title='bbox 3372 4480 3431 4509; x_wconf 69' lang='lat' dir='ltr'><strong>at</strong></span> 
     </span>
     <span class='ocr_line' id='line_1_77' title="bbox 1689 4527 3435 4617; baseline 0.002 -21"><span class='ocrx_word' id='word_1_591' title='bbox 1689 4554 1754 4617; x_wconf 74' lang='grc' dir='ltr'>ἧς</span> <span class='ocrx_word' id='word_1_592' title='bbox 1788 4527 1833 4582; x_wconf 78' lang='grc' dir='ltr'><strong>Ῑ)</strong></span> <span class='ocrx_word' id='word_1_593' title='bbox 1859 4547 1979 4611; x_wconf 85' lang='lat' dir='ltr'><strong>quis</strong></span> <span class='ocrx_word' id='word_1_594' title='bbox 2011 4552 2187 4596; x_wconf 90' lang='lat' dir='ltr'><strong>autem</strong></span> <span class='ocrx_word' id='word_1_595' title='bbox 2210 4546 2441 4595; x_wconf 90' lang='lat' dir='ltr'><strong>animam</strong></span> <span class='ocrx_word' id='word_1_596' title='bbox 2482 4541 2603 4595; x_wconf 69' lang='lat' dir='ltr'><strong>Iesu</strong></span> <span class='ocrx_word' id='word_1_597' title='bbox 2644 4551 2904 4595; x_wconf 84' lang='lat' dir='ltr'><strong>mutatam</strong></span> <span class='ocrx_word' id='word_1_598' title='bbox 2970 4543 3138 4606; x_wconf 88' lang='lat' dir='ltr'><strong>dicat,</strong></span> <span class='ocrx_word' id='word_1_599' title='bbox 3187 4561 3254 4617; x_wconf 82' lang='lat' dir='ltr'><strong>eo</strong></span> <span class='ocrx_word' id='word_1_600' title='bbox 3289 4546 3435 4615; x_wconf 86' lang='lat' dir='ltr'><strong>quod</strong></span> 
     </span>
    </p>
   </div>
   <div class='ocr_carea' id='block_1_77' title="bbox 185 4538 1754 4622">
    <p class='ocr_par' dir='ltr' id='par_1_77' title="bbox 185 4538 1754 4622">
     <span class='ocr_line' id='line_1_78' title="bbox 185 4538 1754 4622; baseline 0.009 -30"><span class='ocrx_word' id='word_1_601' title='bbox 185 4538 368 4610; x_wconf 82' lang='grc' dir='ltr'>Ἰησοῦ</span> <span class='ocrx_word' id='word_1_602' title='bbox 400 4540 576 4610; x_wconf 74' lang='grc' dir='ltr'>ψυχῆς</span> <span class='ocrx_word' id='word_1_603' title='bbox 621 4541 883 4611; x_wconf 84' lang='grc' dir='ltr'>λαμϐάνει</span> <span class='ocrx_word' id='word_1_604' title='bbox 931 4562 1014 4608; x_wconf 87' lang='grc' dir='ltr'><strong>τις</strong></span> <span class='ocrx_word' id='word_1_605' title='bbox 1057 4547 1156 4618; x_wconf 80' lang='grc' dir='ltr'>τὴν</span> <span class='ocrx_word' id='word_1_606' title='bbox 1205 4549 1539 4621; x_wconf 80' lang='grc' dir='ltr'>μεταϐολὴν,</span> <span class='ocrx_word' id='word_1_607' title='bbox 1585 4554 1754 4622; x_wconf 78' lang='grc' dir='ltr'>αὐτῆς</span> 
     </span>
    </p>
   </div>
   <div class='ocr_carea' id='block_1_78' title="bbox 157 4632 1760 4712">
    <p class='ocr_par' dir='ltr' id='par_1_78' title="bbox 157 4632 1760 4712">
     <span class='ocr_line' id='line_1_79' title="bbox 157 4632 1760 4712; baseline 0.009 -31"><span class='ocrx_word' id='word_1_608' title='bbox 157 4632 256 4693; x_wconf 79' lang='grc' dir='ltr'>εἰς</span> <span class='ocrx_word' id='word_1_609' title='bbox 285 4632 446 4701; x_wconf 89' lang='grc' dir='ltr'>σῶμα</span> <span class='ocrx_word' id='word_1_610' title='bbox 477 4632 756 4703; x_wconf 77' lang='grc' dir='ltr'>ἐλθούσης,</span> <span class='ocrx_word' id='word_1_611' title='bbox 807 4636 1118 4707; x_wconf 83' lang='grc' dir='ltr'>πευσόμεθα</span> <span class='ocrx_word' id='word_1_612' title='bbox 1177 4641 1293 4703; x_wconf 88' lang='grc' dir='ltr'><strong>πῶς</strong></span> <span class='ocrx_word' id='word_1_613' title='bbox 1341 4641 1488 4709; x_wconf 79' lang='grc' dir='ltr'>λέγει</span> <span class='ocrx_word' id='word_1_614' title='bbox 1529 4645 1760 4712; x_wconf 85' lang='grc' dir='ltr'>μεταϐο-</span> 
     </span>
    </p>
   </div>
   <div class='ocr_carea' id='block_1_79' title="bbox 169 4723 1758 4806">
    <p class='ocr_par' dir='ltr' id='par_1_79' title="bbox 169 4723 1758 4806">
     <span class='ocr_line' id='line_1_80' title="bbox 169 4723 1758 4806; baseline 0.009 -33"><span class='ocrx_word' id='word_1_615' title='bbox 169 4723 310 4792; x_wconf 73' lang='grc' dir='ltr'>λήν;</span> <span class='ocrx_word' id='word_1_616' title='bbox 343 4725 402 4776; x_wconf 81' lang='grc' dir='ltr'><strong>Εἰ</strong></span> <span class='ocrx_word' id='word_1_617' title='bbox 433 4726 530 4793; x_wconf 81' lang='grc' dir='ltr'>μὲν</span> <span class='ocrx_word' id='word_1_618' title='bbox 562 4724 670 4795; x_wconf 75' lang='grc' dir='ltr'><strong>γὰρ</strong></span> <span class='ocrx_word' id='word_1_619' title='bbox 695 4727 796 4795; x_wconf 76' lang='grc' dir='ltr'>τῆς</span> <span class='ocrx_word' id='word_1_620' title='bbox 820 4729 1026 4792; x_wconf 81' lang='grc' dir='ltr'>οὐσίας,</span> <span class='ocrx_word' id='word_1_621' title='bbox 1063 4730 1122 4782; x_wconf 82' lang='grc' dir='ltr'><strong>ού</strong></span> <span class='ocrx_word' id='word_1_622' title='bbox 1160 4732 1442 4785; x_wconf 87' lang='grc' dir='ltr'>δίδοταιοὺ</span> <span class='ocrx_word' id='word_1_623' title='bbox 1484 4735 1644 4806; x_wconf 79' lang='grc' dir='ltr'>μόνον</span> <span class='ocrx_word' id='word_1_624' title='bbox 1672 4738 1758 4787; x_wconf 77' lang='grc' dir='ltr'><strong>ἐπ’</strong></span> 
     </span>
    </p>
   </div>
   <div class='ocr_carea' id='block_1_80' title="bbox 168 4804 1755 4894">
    <p class='ocr_par' dir='ltr' id='par_1_80' title="bbox 168 4804 1755 4894">
     <span class='ocr_line' id='line_1_81' title="bbox 168 4804 1755 4894; baseline 0.009 -30"><span class='ocrx_word' id='word_1_625' title='bbox 168 4815 410 4882; x_wconf 78' lang='grc' dir='ltr'>ἐκείνης,</span> <span class='ocrx_word' id='word_1_626' title='bbox 445 4815 558 4872; x_wconf 80' lang='grc' dir='ltr'>ἀλλ’</span> <span class='ocrx_word' id='word_1_627' title='bbox 593 4817 712 4868; x_wconf 79' lang='grc' dir='ltr'>οὐδὲ</span> <span class='ocrx_word' id='word_1_628' title='bbox 748 4820 873 4888; x_wconf 73' lang='grc' dir='ltr'>περὶ</span> <span class='ocrx_word' id='word_1_629' title='bbox 919 4821 1074 4873; x_wconf 84' lang='grc' dir='ltr'>ἄλλου</span> <span class='ocrx_word' id='word_1_630' title='bbox 1126 4821 1353 4891; x_wconf 78' lang='grc' dir='ltr'>λογικῆς</span> <span class='ocrx_word' id='word_1_631' title='bbox 1389 4804 1584 4894; x_wconf 69' lang='grc' dir='ltr'>ψυχῆς·</span> <span class='ocrx_word' id='word_1_632' title='bbox 1625 4804 1677 4877; x_wconf 49' lang='grc' dir='ltr'><strong>ἐξ</strong></span> <span class='ocrx_word' id='word_1_633' title='bbox 1712 4827 1755 4877; x_wconf 81' lang='grc' dir='ltr'>δ’</span> 
     </span>
    </p>
   </div>
   <div class='ocr_carea' id='block_1_81' title="bbox 165 4901 1751 4984">
    <p class='ocr_par' dir='ltr' id='par_1_81' title="bbox 165 4901 1751 4984">
     <span class='ocr_line' id='line_1_82' title="bbox 165 4901 1751 4984; baseline 0.009 -31"><span class='ocrx_word' id='word_1_634' title='bbox 165 4901 257 4954; x_wconf 85' lang='grc' dir='ltr'>ὅτι</span> <span class='ocrx_word' id='word_1_635' title='bbox 286 4905 483 4972; x_wconf 71' lang='grc' dir='ltr'>πάσχει</span> <span class='ocrx_word' id='word_1_636' title='bbox 516 4923 570 4957; x_wconf 88' lang='grc' dir='ltr'><strong>τι</strong></span> <span class='ocrx_word' id='word_1_637' title='bbox 594 4909 699 4959; x_wconf 87' lang='grc' dir='ltr'><strong>ὑπὸ</strong></span> <span class='ocrx_word' id='word_1_638' title='bbox 725 4908 817 4960; x_wconf 88' lang='grc' dir='ltr'><strong>τοῦ</strong></span> <span class='ocrx_word' id='word_1_639' title='bbox 858 4909 1106 4979; x_wconf 84' lang='grc' dir='ltr'>σώματος</span> <span class='ocrx_word' id='word_1_640' title='bbox 1135 4912 1551 4984; x_wconf 83' lang='grc' dir='ltr'>ἀνακεκραμένη</span> <span class='ocrx_word' id='word_1_641' title='bbox 1586 4915 1751 4984; x_wconf 80' lang='grc' dir='ltr'>αὐτῷ,</span> 
     </span>
    </p>
   </div>
   <div class='ocr_carea' id='block_1_82' title="bbox 166 4991 1744 5066">
    <p class='ocr_par' dir='ltr' id='par_1_82' title="bbox 166 4991 1744 5066">
     <span class='ocr_line' id='line_1_83' title="bbox 166 4991 1744 5066; baseline 0.007 -24"><span class='ocrx_word' id='word_1_642' title='bbox 166 4991 266 5043; x_wconf 78' lang='grc' dir='ltr'><strong>καὶ</strong></span> <span class='ocrx_word' id='word_1_643' title='bbox 299 4993 407 5044; x_wconf 76' lang='grc' dir='ltr'><strong>ἀπὸ</strong></span> <span class='ocrx_word' id='word_1_644' title='bbox 437 4995 532 5045; x_wconf 83' lang='grc' dir='ltr'><strong>τοῦ</strong></span> <span class='ocrx_word' id='word_1_645' title='bbox 567 4997 730 5048; x_wconf 83' lang='grc' dir='ltr'>τόπου</span> <span class='ocrx_word' id='word_1_646' title='bbox 779 4999 857 5058; x_wconf 88' lang='grc' dir='ltr'><strong>εἰς</strong></span> <span class='ocrx_word' id='word_1_647' title='bbox 899 4997 957 5048; x_wconf 84' lang='grc' dir='ltr'>ὃν</span> <span class='ocrx_word' id='word_1_648' title='bbox 1004 4997 1245 5066; x_wconf 81' lang='grc' dir='ltr'><strong>ἐλήλυθε⁹</strong></span> <span class='ocrx_word' id='word_1_649' title='bbox 1304 5001 1394 5051; x_wconf 77' lang='grc' dir='ltr'>καὶ</span> <span class='ocrx_word' id='word_1_650' title='bbox 1445 5002 1497 5052; x_wconf 90' lang='grc' dir='ltr'><strong>τί</strong></span> <span class='ocrx_word' id='word_1_651' title='bbox 1547 5001 1744 5054; x_wconf 77' lang='grc' dir='ltr'>ἄτοπον</span> 
     </span>
    </p>
   </div>
   <div class='ocr_carea' id='block_1_83' title="bbox 163 5085 1742 5160">
    <p class='ocr_par' dir='ltr' id='par_1_83' title="bbox 163 5085 1742 5160">
     <span class='ocr_line' id='line_1_84' title="bbox 163 5085 1742 5160; baseline 0.006 -25"><span class='ocrx_word' id='word_1_652' title='bbox 163 5085 386 5151; x_wconf 74' lang='grc' dir='ltr'>ἀπαντᾷ</span> <span class='ocrx_word' id='word_1_653' title='bbox 419 5085 497 5154; x_wconf 82' lang='grc' dir='ltr'>τῷ</span> <span class='ocrx_word' id='word_1_654' title='bbox 529 5087 705 5155; x_wconf 79' lang='grc' dir='ltr'>Λόγῳ,</span> <span class='ocrx_word' id='word_1_655' title='bbox 746 5088 850 5138; x_wconf 85' lang='grc' dir='ltr'>άπὸ</span> <span class='ocrx_word' id='word_1_656' title='bbox 884 5088 1083 5156; x_wconf 79' lang='grc' dir='ltr'>πολλῆς</span> <span class='ocrx_word' id='word_1_657' title='bbox 1126 5088 1532 5160; x_wconf 84' lang='grc' dir='ltr'>φιλανθρωπίας</span> <span class='ocrx_word' id='word_1_658' title='bbox 1575 5110 1742 5144; x_wconf 86' lang='grc' dir='ltr'>κατα-</span> 
     </span>
    </p>
   </div>
   <div class='ocr_carea' id='block_1_84' title="bbox 162 5171 1741 5248">
    <p class='ocr_par' dir='ltr' id='par_1_84' title="bbox 162 5171 1741 5248">
     <span class='ocr_line' id='line_1_85' title="bbox 162 5171 1741 5248; baseline 0.009 -27"><span class='ocrx_word' id='word_1_659' title='bbox 162 5171 443 5233; x_wconf 74' lang='grc' dir='ltr'>ϐιϐἀζοντι</span> <span class='ocrx_word' id='word_1_660' title='bbox 491 5174 715 5243; x_wconf 77' lang='grc' dir='ltr'>Σωτῆρα</span> <span class='ocrx_word' id='word_1_661' title='bbox 766 5174 843 5244; x_wconf 80' lang='grc' dir='ltr'><strong>τῷ</strong></span> <span class='ocrx_word' id='word_1_662' title='bbox 891 5176 1034 5242; x_wconf 83' lang='grc' dir='ltr'>γένει</span> <span class='ocrx_word' id='word_1_663' title='bbox 1079 5175 1184 5228; x_wconf 66' lang='grc' dir='ltr'><strong>τῶν</strong></span> <span class='ocrx_word' id='word_1_664' title='bbox 1239 5179 1568 5248; x_wconf 83' lang='grc' dir='ltr'>ἀνθρώπων;</span> <span class='ocrx_word' id='word_1_665' title='bbox 1621 5183 1741 5235; x_wconf 79' lang='grc' dir='ltr'>ἐπεὶ</span> 
     </span>
    </p>
   </div>
   <div class='ocr_carea' id='block_1_85' title="bbox 164 5261 1739 5339">
    <p class='ocr_par' dir='ltr' id='par_1_85' title="bbox 164 5261 1739 5339">
     <span class='ocr_line' id='line_1_86' title="bbox 164 5261 1739 5339; baseline 0.008 -26"><span class='ocrx_word' id='word_1_666' title='bbox 164 5261 360 5332; x_wconf 77' lang='grc' dir='ltr'>μηδεὶς</span> <span class='ocrx_word' id='word_1_667' title='bbox 383 5261 492 5314; x_wconf 89' lang='grc' dir='ltr'><strong>τῶν</strong></span> <span class='ocrx_word' id='word_1_668' title='bbox 521 5263 785 5332; x_wconf 37' lang='grc' dir='ltr'>»πρότερον</span> <span class='ocrx_word' id='word_1_669' title='bbox 819 5265 1135 5335; x_wconf 86' lang='grc' dir='ltr'>θεραπεύειν</span> <span class='ocrx_word' id='word_1_670' title='bbox 1150 5268 1626 5339; x_wconf 76' lang='grc' dir='ltr'>ἐπαγγειλαμένων</span> <span class='ocrx_word' id='word_1_671' title='bbox 1654 5291 1739 5326; x_wconf 90' lang='grc' dir='ltr'><strong>το-</strong></span> 
     </span>
    </p>
   </div>
   <div class='ocr_carea' id='block_1_86' title="bbox 1865 3273 3440 3340">
    <p class='ocr_par' dir='ltr' id='par_1_86' title="bbox 1865 3273 3440 3340">
     <span class='ocr_line' id='line_1_87' title="bbox 1865 3273 3440 3340; baseline 0.002 -14"><span class='ocrx_word' id='word_1_672' title='bbox 1865 3284 1969 3335; x_wconf 91' lang='lat' dir='ltr'><strong>est,</strong></span> <span class='ocrx_word' id='word_1_673' title='bbox 2001 3273 2225 3326; x_wconf 82' lang='lat' dir='ltr'><strong>alteram</strong></span> <span class='ocrx_word' id='word_1_674' title='bbox 2261 3275 2438 3327; x_wconf 80' lang='lat' dir='ltr'><strong>anima</strong></span> <span class='ocrx_word' id='word_1_675' title='bbox 2474 3274 2600 3326; x_wconf 83' lang='lat' dir='ltr'><strong>Jesu</strong></span> <span class='ocrx_word' id='word_1_676' title='bbox 2629 3283 2898 3340; x_wconf 85' lang='lat' dir='ltr'><strong>suppetet.</strong></span> <span class='ocrx_word' id='word_1_677' title='bbox 2931 3273 3003 3326; x_wconf 88' lang='lat' dir='ltr'><strong>De</strong></span> <span class='ocrx_word' id='word_1_678' title='bbox 3045 3283 3236 3326; x_wconf 86' lang='lat' dir='ltr'><strong>natura</strong></span> <span class='ocrx_word' id='word_1_679' title='bbox 3279 3274 3440 3329; x_wconf 68' lang='lat' dir='ltr'><strong>Ver-hi</strong></span> 
     </span>
    </p>
   </div>
   <div class='ocr_carea' id='block_1_87' title="bbox 1865 3364 3440 3434">
    <p class='ocr_par' dir='ltr' id='par_1_87' title="bbox 1865 3364 3440 3434">
     <span class='ocr_line' id='line_1_88' title="bbox 1865 3364 3440 3434; baseline 0.003 -19"><span class='ocrx_word' id='word_1_680' title='bbox 1865 3364 1971 3427; x_wconf 88' lang='lat' dir='ltr'><strong>aio,</strong></span> <span class='ocrx_word' id='word_1_681' title='bbox 2003 3365 2455 3431; x_wconf 88' lang='lat' dir='ltr'><strong>quemadmodum</strong></span> <span class='ocrx_word' id='word_1_682' title='bbox 2518 3365 2568 3415; x_wconf 92' lang='lat' dir='ltr'><strong>in</strong></span> <span class='ocrx_word' id='word_1_683' title='bbox 2627 3366 2836 3418; x_wconf 82' lang='lat' dir='ltr'><strong>nutrice</strong></span> <span class='ocrx_word' id='word_1_684' title='bbox 2873 3364 3159 3428; x_wconf 88' lang='lat' dir='ltr'><strong>alimenta,</strong></span> <span class='ocrx_word' id='word_1_685' title='bbox 3207 3379 3264 3419; x_wconf 90' lang='lat' dir='ltr'><strong>ut</strong></span> <span class='ocrx_word' id='word_1_686' title='bbox 3313 3383 3440 3434; x_wconf 88' lang='lat' dir='ltr'><strong>par—</strong></span> 
     </span>
    </p>
   </div>
   <div class='ocr_carea' id='block_1_88' title="bbox 1863 3454 3437 3523">
    <p class='ocr_par' dir='ltr' id='par_1_88' title="bbox 1863 3454 3437 3523">
     <span class='ocr_line' id='line_1_89' title="bbox 1863 3454 3437 3523; baseline 0.003 -17"><span class='ocrx_word' id='word_1_687' title='bbox 1863 3455 1970 3506; x_wconf 83' lang='lat' dir='ltr'><strong>vuli</strong></span> <span class='ocrx_word' id='word_1_688' title='bbox 2015 3463 2221 3507; x_wconf 69' lang='lat' dir='ltr'><strong>natura:</strong></span> <span class='ocrx_word' id='word_1_689' title='bbox 2287 3455 2664 3507; x_wconf 81' lang='lat' dir='ltr'><strong>convenientia</strong></span> <span class='ocrx_word' id='word_1_690' title='bbox 2709 3455 2838 3514; x_wconf 84' lang='lat' dir='ltr'><strong>sint.</strong></span> <span class='ocrx_word' id='word_1_691' title='bbox 2883 3454 2936 3508; x_wconf 91' lang='lat' dir='ltr'><strong>in</strong></span> <span class='ocrx_word' id='word_1_692' title='bbox 2982 3457 3069 3508; x_wconf 86' lang='lat' dir='ltr'><strong>lae</strong></span> <span class='ocrx_word' id='word_1_693' title='bbox 3117 3466 3437 3523; x_wconf 85' lang='lat' dir='ltr'><strong>vertuntur;</strong></span> 
     </span>
    </p>
   </div>
   <div class='ocr_carea' id='block_1_89' title="bbox 1864 3546 3442 3616">
    <p class='ocr_par' dir='ltr' id='par_1_89' title="bbox 1864 3546 3442 3616">
     <span class='ocr_line' id='line_1_90' title="bbox 1864 3546 3442 3616; baseline 0.001 -18"><span class='ocrx_word' id='word_1_694' title='bbox 1864 3555 1956 3598; x_wconf 89' lang='lat' dir='ltr'><strong>aut</strong></span> <span class='ocrx_word' id='word_1_695' title='bbox 1980 3563 2007 3598; x_wconf 90' lang='lat' dir='ltr'><strong>a</strong></span> <span class='ocrx_word' id='word_1_696' title='bbox 2042 3547 2252 3599; x_wconf 86' lang='lat' dir='ltr'><strong>medico</strong></span> <span class='ocrx_word' id='word_1_697' title='bbox 2282 3546 2386 3598; x_wconf 86' lang='lat' dir='ltr'><strong>alia</strong></span> <span class='ocrx_word' id='word_1_698' title='bbox 2415 3547 2479 3599; x_wconf 92' lang='lat' dir='ltr'><strong>ad</strong></span> <span class='ocrx_word' id='word_1_699' title='bbox 2530 3547 2922 3600; x_wconf 89' lang='lat' dir='ltr'><strong>restituendam</strong></span> <span class='ocrx_word' id='word_1_700' title='bbox 2974 3548 3195 3616; x_wconf 65' lang='lat' dir='ltr'><strong>aegrotis</strong></span> <span class='ocrx_word' id='word_1_701' title='bbox 3235 3552 3442 3601; x_wconf 85' lang='lat' dir='ltr'><strong>sanita-</strong></span> 
     </span>
    </p>
   </div>
   <div class='ocr_carea' id='block_1_90' title="bbox 1864 3632 3437 3704">
    <p class='ocr_par' dir='ltr' id='par_1_90' title="bbox 1864 3632 3437 3704">
     <span class='ocr_line' id='line_1_91' title="bbox 1864 3632 3437 3704; baseline 0.002 -13"><span class='ocrx_word' id='word_1_702' title='bbox 1864 3648 1998 3702; x_wconf 90' lang='lat' dir='ltr'><strong>tem,</strong></span> <span class='ocrx_word' id='word_1_703' title='bbox 2043 3639 2146 3691; x_wconf 82' lang='lat' dir='ltr'><strong>a‘iia</strong></span> <span class='ocrx_word' id='word_1_704' title='bbox 2195 3640 2501 3692; x_wconf 86' lang='lat' dir='ltr'><strong>sanioribus</strong></span> <span class='ocrx_word' id='word_1_705' title='bbox 2543 3649 2598 3692; x_wconf 79' lang='lat' dir='ltr'><strong>et</strong></span> <span class='ocrx_word' id='word_1_706' title='bbox 2640 3632 3032 3692; x_wconf 79' lang='lat' dir='ltr'><strong>valentioribus</strong></span> <span class='ocrx_word' id='word_1_707' title='bbox 3079 3639 3309 3704; x_wconf 89' lang='lat' dir='ltr'><strong>dantur;</strong></span> <span class='ocrx_word' id='word_1_708' title='bbox 3355 3641 3437 3693; x_wconf 89' lang='lat' dir='ltr'><strong>sic</strong></span> 
     </span>
    </p>
   </div>
   <div class='ocr_carea' id='block_1_91' title="bbox 1871 3730 3433 3798">
    <p class='ocr_par' dir='ltr' id='par_1_91' title="bbox 1871 3730 3433 3798">
     <span class='ocr_line' id='line_1_92' title="bbox 1871 3730 3433 3798; baseline 0 -15"><span class='ocrx_word' id='word_1_709' title='bbox 1871 3730 2026 3783; x_wconf 81' lang='lat' dir='ltr'><strong>Verbi</strong></span> <span class='ocrx_word' id='word_1_710' title='bbox 2059 3731 2122 3783; x_wconf 88' lang='lat' dir='ltr'><strong>ad</strong></span> <span class='ocrx_word' id='word_1_711' title='bbox 2158 3730 2500 3782; x_wconf 87' lang='lat' dir='ltr'><strong>nutriendant</strong></span> <span class='ocrx_word' id='word_1_712' title='bbox 2549 3730 2828 3782; x_wconf 90' lang='lat' dir='ltr'><strong>hominum</strong></span> <span class='ocrx_word' id='word_1_713' title='bbox 2879 3730 3113 3781; x_wconf 87' lang='lat' dir='ltr'><strong>animam</strong></span> <span class='ocrx_word' id='word_1_714' title='bbox 3167 3731 3275 3798; x_wconf 88' lang='lat' dir='ltr'><strong>apti</strong></span> <span class='ocrx_word' id='word_1_715' title='bbox 3325 3731 3433 3783; x_wconf 83' lang='lat' dir='ltr'><strong>vir-</strong></span> 
     </span>
    </p>
   </div>
   <div class='ocr_carea' id='block_1_92' title="bbox 1866 3807 3432 3890">
    <p class='ocr_par' dir='ltr' id='par_1_92' title="bbox 1866 3807 3432 3890">
     <span class='ocr_line' id='line_1_93' title="bbox 1866 3807 3432 3890; baseline 0.003 -21"><span class='ocrx_word' id='word_1_716' title='bbox 1866 3828 2032 3870; x_wconf 89' lang='lat' dir='ltr'><strong>tutem</strong></span> <span class='ocrx_word' id='word_1_717' title='bbox 2079 3807 2260 3872; x_wconf 52' lang='lat' dir='ltr'><strong>a&#39;Deo</strong></span> <span class='ocrx_word' id='word_1_718' title='bbox 2331 3818 2528 3871; x_wconf 76' lang='lat' dir='ltr'><strong>mutari</strong></span> <span class='ocrx_word' id='word_1_719' title='bbox 2593 3826 2646 3871; x_wconf 89' lang='lat' dir='ltr'><strong>et</strong></span> <span class='ocrx_word' id='word_1_720' title='bbox 2719 3833 2817 3887; x_wconf 91' lang='lat' dir='ltr'><strong>pro</strong></span> <span class='ocrx_word' id='word_1_721' title='bbox 2876 3820 3214 3887; x_wconf 78' lang='lat' dir='ltr'><strong>singulorum</strong></span> <span class='ocrx_word' id='word_1_722' title='bbox 3273 3832 3432 3890; x_wconf 84' lang='lat' dir='ltr'><strong>captu</strong></span> 
     </span>
    </p>
   </div>
   <div class='ocr_carea' id='block_1_93' title="bbox 1865 3909 3436 3976">
    <p class='ocr_par' dir='ltr' id='par_1_93' title="bbox 1865 3909 3436 3976">
     <span class='ocr_line' id='line_1_94' title="bbox 1865 3909 3436 3976; baseline 0.004 -17"><span class='ocrx_word' id='word_1_723' title='bbox 1865 3909 2179 3974; x_wconf 88' lang='lat' dir='ltr'><strong>temperari.</strong></span> <span class='ocrx_word' id='word_1_724' title='bbox 2256 3909 2441 3974; x_wconf 89' lang='lat' dir='ltr'><strong>Itaque</strong></span> <span class='ocrx_word' id='word_1_725' title='bbox 2517 3909 2841 3975; x_wconf 88' lang='lat' dir='ltr'><strong>quibusdam</strong></span> <span class='ocrx_word' id='word_1_726' title='bbox 2927 3910 3149 3976; x_wconf 89' lang='lat' dir='ltr'><strong>quidem</strong></span> <span class='ocrx_word' id='word_1_727' title='bbox 3221 3913 3318 3974; x_wconf 87' lang='lat' dir='ltr'><strong>tit,</strong></span> <span class='ocrx_word' id='word_1_728' title='bbox 3378 3922 3436 3966; x_wconf 85' lang='lat' dir='ltr'><strong>ut</strong></span> 
     </span>
    </p>
   </div>
   <div class='ocr_carea' id='block_1_94' title="bbox 1862 3996 3434 4065">
    <p class='ocr_par' dir='ltr' id='par_1_94' title="bbox 1862 3996 3434 4065">
     <span class='ocr_line' id='line_1_95' title="bbox 1862 3996 3434 4065; baseline 0.004 -17"><span class='ocrx_word' id='word_1_729' title='bbox 1862 3996 2139 4063; x_wconf 86' lang='lat' dir='ltr'><strong>Scriptura</strong></span> <span class='ocrx_word' id='word_1_730' title='bbox 2194 3998 2461 4064; x_wconf 79' lang='lat' dir='ltr'><strong>appellat,</strong></span> <span class='ocrx_word' id='word_1_731' title='bbox 2521 3997 2656 4050; x_wconf 74' lang='lat' dir='ltr'><strong>«lae</strong></span> <span class='ocrx_word' id='word_1_732' title='bbox 2724 4001 3093 4065; x_wconf 83' lang='lat' dir='ltr'><strong>rationabile,</strong></span> <span class='ocrx_word' id='word_1_733' title='bbox 3149 4003 3265 4055; x_wconf 91' lang='lat' dir='ltr'><strong>sine</strong></span> <span class='ocrx_word' id='word_1_734' title='bbox 3338 4004 3434 4055; x_wconf 83' lang='lat' dir='ltr'><strong>do-</strong></span> 
     </span>
    </p>
   </div>
   <div class='ocr_carea' id='block_1_95' title="bbox 1860 4071 3424 4160">
    <p class='ocr_par' dir='ltr' id='par_1_95' title="bbox 1860 4087 3424 4160">
     <span class='ocr_line' id='line_1_96' title="bbox 1860 4087 3424 4160; baseline 0.004 -22"><span class='ocrx_word' id='word_1_735' title='bbox 1860 4087 1909 4138; x_wconf 87' lang='lat' dir='ltr'><strong>lo</strong></span> <span class='ocrx_word' id='word_1_736' title='bbox 1928 4087 2004 4150; x_wconf 71' lang='lat'><strong>“;</strong></span> <span class='ocrx_word' id='word_1_737' title='bbox 2033 4107 2048 4137; x_wconf 87' lang='grc' dir='ltr'><strong>ι</strong></span> <span class='ocrx_word' id='word_1_738' title='bbox 2075 4088 2192 4141; x_wconf 84' lang='lat' dir='ltr'><strong>aliis</strong></span> <span class='ocrx_word' id='word_1_739' title='bbox 2212 4098 2394 4157; x_wconf 83' lang='lat' dir='ltr'><strong>utpote</strong></span> <span class='ocrx_word' id='word_1_740' title='bbox 2414 4089 2805 4142; x_wconf 81' lang='lat' dir='ltr'><strong>infirmioribus</strong></span> <span class='ocrx_word' id='word_1_741' title='bbox 2824 4101 3079 4160; x_wconf 84' lang='lat' dir='ltr'><strong>tanquam</strong></span> <span class='ocrx_word' id='word_1_742' title='bbox 3119 4112 3138 4142; x_wconf 74' lang='grc' dir='ltr'><strong>ι</strong></span> <span class='ocrx_word' id='word_1_743' title='bbox 3171 4093 3288 4146; x_wconf 90' lang='lat' dir='ltr'><strong>olus</strong></span> <span class='ocrx_word' id='word_1_744' title='bbox 3315 4112 3333 4144; x_wconf 83' lang='grc' dir='ltr'><strong>ι</strong></span> <span class='ocrx_word' id='word_1_745' title='bbox 3357 4093 3424 4152; x_wconf 69' lang='grc'><strong>⁸⁷,</strong></span> 
     </span>
    </p>
   </div>
   <div class='ocr_carea' id='block_1_96' title="bbox 1861 4175 3421 4249">
    <p class='ocr_par' dir='ltr' id='par_1_96' title="bbox 1861 4175 3421 4249">
     <span class='ocr_line' id='line_1_97' title="bbox 1861 4175 3421 4249; baseline 0.001 -18"><span class='ocrx_word' id='word_1_746' title='bbox 1861 4175 2019 4244; x_wconf 80' lang='grc'><strong>513</strong></span> <span class='ocrx_word' id='word_1_747' title='bbox 2053 4178 2305 4244; x_wconf 82' lang='lat' dir='ltr'><strong>perfectis</strong></span> <span class='ocrx_word' id='word_1_748' title='bbox 2339 4188 2513 4230; x_wconf 88' lang='lat' dir='ltr'><strong>autem</strong></span> <span class='ocrx_word' id='word_1_749' title='bbox 2539 4195 2557 4228; x_wconf 75' lang='grc' dir='ltr'><strong>ι</strong></span> <span class='ocrx_word' id='word_1_750' title='bbox 2585 4177 2788 4232; x_wconf 87' lang='lat' dir='ltr'><strong>solidus</strong></span> <span class='ocrx_word' id='word_1_751' title='bbox 2834 4181 2990 4233; x_wconf 89' lang='lat' dir='ltr'><strong>cibus</strong></span> <span class='ocrx_word' id='word_1_752' title='bbox 3034 4200 3052 4231; x_wconf 81' lang='grc' dir='ltr'><strong>ι</strong></span> <span class='ocrx_word' id='word_1_753' title='bbox 3103 4182 3421 4249; x_wconf 77' lang='lat' dir='ltr'><strong>porrigitur.</strong></span> 
     </span>
    </p>
   </div>
   <div class='ocr_carea' id='block_1_97' title="bbox 1861 4268 3430 4331">
    <p class='ocr_par' dir='ltr' id='par_1_97' title="bbox 1861 4268 3430 4331">
     <span class='ocr_line' id='line_1_98' title="bbox 1861 4268 3430 4331; baseline 0.003 -10"><span class='ocrx_word' id='word_1_754' title='bbox 1861 4268 1971 4322; x_wconf 85' lang='lat' dir='ltr'><strong>Nec</strong></span> <span class='ocrx_word' id='word_1_755' title='bbox 2002 4269 2437 4329; x_wconf 61' lang='lat' dir='ltr'><strong>tamenNerbum</strong></span> <span class='ocrx_word' id='word_1_756' title='bbox 2480 4286 2632 4324; x_wconf 87' lang='lat' dir='ltr'><strong>suam</strong></span> <span class='ocrx_word' id='word_1_757' title='bbox 2675 4271 2930 4324; x_wconf 89' lang='lat' dir='ltr'><strong>mentitur</strong></span> <span class='ocrx_word' id='word_1_758' title='bbox 2983 4281 3258 4331; x_wconf 87' lang='lat' dir='ltr'><strong>naturam,</strong></span> <span class='ocrx_word' id='word_1_759' title='bbox 3306 4288 3430 4325; x_wconf 85' lang='lat' dir='ltr'><strong>cum</strong></span> 
     </span>
    </p>
   </div>
   <div class='ocr_carea' id='block_1_98' title="bbox 1859 4363 3430 4430">
    <p class='ocr_par' dir='ltr' id='par_1_98' title="bbox 1859 4363 3430 4430">
     <span class='ocr_line' id='line_1_99' title="bbox 1859 4363 3430 4430; baseline 0.001 -16"><span class='ocrx_word' id='word_1_760' title='bbox 1859 4377 2291 4430; x_wconf 78' lang='lat' dir='ltr'><strong>unumquemque</strong></span> <span class='ocrx_word' id='word_1_761' title='bbox 2323 4364 2513 4426; x_wconf 90' lang='lat' dir='ltr'><strong>nutrit,</strong></span> <span class='ocrx_word' id='word_1_762' title='bbox 2573 4376 2731 4429; x_wconf 90' lang='lat' dir='ltr'><strong>prout</strong></span> <span class='ocrx_word' id='word_1_763' title='bbox 2783 4371 2866 4413; x_wconf 84' lang='lat' dir='ltr'><strong>cst</strong></span> <span class='ocrx_word' id='word_1_764' title='bbox 2910 4363 3080 4428; x_wconf 88' lang='lat' dir='ltr'><strong>ipsius</strong></span> <span class='ocrx_word' id='word_1_765' title='bbox 3141 4363 3430 4430; x_wconf 87' lang='lat' dir='ltr'><strong>recipiendi</strong></span> 
     </span>
    </p>
   </div>
   <div class='ocr_carea' id='block_1_99' title="bbox 1859 4454 3431 4523">
    <p class='ocr_par' dir='ltr' id='par_1_99' title="bbox 1859 4454 3431 4523">
     <span class='ocr_line' id='line_1_100' title="bbox 1859 4454 3431 4523; baseline 0.001 -16"><span class='ocrx_word' id='word_1_766' title='bbox 1859 4469 2057 4523; x_wconf 78' lang='lat' dir='ltr'><strong>capax.</strong></span> <span class='ocrx_word' id='word_1_767' title='bbox 2086 4454 2183 4508; x_wconf 87' lang='lat' dir='ltr'><strong>llic</strong></span> <span class='ocrx_word' id='word_1_768' title='bbox 2213 4456 2355 4507; x_wconf 87' lang='lat' dir='ltr'><strong>nulla</strong></span> <span class='ocrx_word' id='word_1_769' title='bbox 2415 4455 2646 4516; x_wconf 78' lang='lat' dir='ltr'><strong>fallacia,</strong></span> <span class='ocrx_word' id='word_1_770' title='bbox 2702 4454 3039 4506; x_wconf 88' lang='lat' dir='ltr'><strong>mendacium</strong></span> <span class='ocrx_word' id='word_1_771' title='bbox 3099 4455 3328 4508; x_wconf 91' lang='lat' dir='ltr'><strong>nullum.</strong></span> <span class='ocrx_word' id='word_1_772' title='bbox 3372 4457 3431 4509; x_wconf 90' lang='lat' dir='ltr'><strong>Si</strong></span> 
     </span>
    </p>
   </div>
   <div class='ocr_carea' id='block_1_100' title="bbox 1860 4634 3430 4703">
    <p class='ocr_par' dir='ltr' id='par_1_100' title="bbox 1860 4634 3430 4703">
     <span class='ocr_line' id='line_1_101' title="bbox 1860 4634 3430 4703; baseline 0 -17"><span class='ocrx_word' id='word_1_773' title='bbox 1860 4634 1948 4686; x_wconf 88' lang='lat' dir='ltr'><strong>illa</strong></span> <span class='ocrx_word' id='word_1_774' title='bbox 1974 4634 2026 4686; x_wconf 93' lang='lat' dir='ltr'><strong>in</strong></span> <span class='ocrx_word' id='word_1_775' title='bbox 2057 4648 2255 4701; x_wconf 87' lang='lat' dir='ltr'><strong>corpus</strong></span> <span class='ocrx_word' id='word_1_776' title='bbox 2281 4634 2509 4698; x_wconf 82' lang='lat' dir='ltr'><strong>venerit,</strong></span> <span class='ocrx_word' id='word_1_777' title='bbox 2546 4648 2785 4701; x_wconf 68' lang='lat' dir='ltr'><strong>qumram</strong></span> <span class='ocrx_word' id='word_1_778' title='bbox 2812 4649 2977 4702; x_wconf 87' lang='lat' dir='ltr'><strong>quam</strong></span> <span class='ocrx_word' id='word_1_779' title='bbox 3012 4635 3278 4703; x_wconf 80' lang='lat' dir='ltr'><strong>intelligat</strong></span> <span class='ocrx_word' id='word_1_780' title='bbox 3308 4651 3430 4687; x_wconf 83' lang='lat' dir='ltr'><strong>:nu-</strong></span> 
     </span>
    </p>
   </div>
   <div class='ocr_carea' id='block_1_101' title="bbox 1859 4723 3425 4793">
    <p class='ocr_par' dir='ltr' id='par_1_101' title="bbox 1859 4723 3425 4793">
     <span class='ocr_line' id='line_1_102' title="bbox 1859 4723 3425 4793; baseline 0.001 -18"><span class='ocrx_word' id='word_1_781' title='bbox 1859 4725 2135 4777; x_wconf 87' lang='lat' dir='ltr'><strong>tationem.</strong></span> <span class='ocrx_word' id='word_1_782' title='bbox 2173 4724 2230 4776; x_wconf 92' lang='lat' dir='ltr'><strong>Si</strong></span> <span class='ocrx_word' id='word_1_783' title='bbox 2259 4725 2578 4778; x_wconf 68' lang='lat' dir='ltr'><strong>substantiae</strong></span> <span class='ocrx_word' id='word_1_784' title='bbox 2600 4723 2821 4789; x_wconf 82' lang='lat' dir='ltr'><strong>dixerit,</strong></span> <span class='ocrx_word' id='word_1_785' title='bbox 2871 4727 3078 4793; x_wconf 81' lang='lat' dir='ltr'><strong>negabo</strong></span> <span class='ocrx_word' id='word_1_786' title='bbox 3108 4743 3212 4777; x_wconf 87' lang='lat' dir='ltr'><strong>non</strong></span> <span class='ocrx_word' id='word_1_787' title='bbox 3252 4726 3425 4777; x_wconf 87' lang='lat' dir='ltr'><strong>solum</strong></span> 
     </span>
    </p>
   </div>
   <div class='ocr_carea' id='block_1_102' title="bbox 1857 4799 3426 4885">
    <p class='ocr_par' dir='ltr' id='par_1_102' title="bbox 1857 4799 3426 4885">
     <span class='ocr_line' id='line_1_103' title="bbox 1857 4799 3426 4885; baseline 0.001 -18"><span class='ocrx_word' id='word_1_788' title='bbox 1857 4815 2022 4880; x_wconf 86' lang='lat' dir='ltr'><strong>illam,</strong></span> <span class='ocrx_word' id='word_1_789' title='bbox 2058 4799 2150 4870; x_wconf 73' lang='lat' dir='ltr'><strong>sed</strong></span> <span class='ocrx_word' id='word_1_790' title='bbox 2177 4817 2340 4870; x_wconf 88' lang='lat' dir='ltr'><strong>etiam</strong></span> <span class='ocrx_word' id='word_1_791' title='bbox 2389 4817 2686 4885; x_wconf 83' lang='lat' dir='ltr'><strong>quamlibet</strong></span> <span class='ocrx_word' id='word_1_792' title='bbox 2727 4819 2888 4870; x_wconf 77' lang='lat' dir='ltr'><strong>aliam</strong></span> <span class='ocrx_word' id='word_1_793' title='bbox 2947 4817 3262 4869; x_wconf 71' lang='lat' dir='ltr'><strong>rationalem</strong></span> <span class='ocrx_word' id='word_1_794' title='bbox 3305 4818 3426 4868; x_wconf 90' lang='lat' dir='ltr'><strong>ani-</strong></span> 
     </span>
    </p>
   </div>
   <div class='ocr_carea' id='block_1_103' title="bbox 1860 4907 3431 4976">
    <p class='ocr_par' dir='ltr' id='par_1_103' title="bbox 1860 4907 3431 4976">
     <span class='ocr_line' id='line_1_104' title="bbox 1860 4907 3431 4976; baseline 0.001 -18"><span class='ocrx_word' id='word_1_795' title='bbox 1860 4923 2001 4960; x_wconf 85' lang='lat' dir='ltr'><strong>mam</strong></span> <span class='ocrx_word' id='word_1_796' title='bbox 2039 4908 2267 4972; x_wconf 88' lang='lat' dir='ltr'><strong>mutari;</strong></span> <span class='ocrx_word' id='word_1_797' title='bbox 2315 4908 2395 4961; x_wconf 90' lang='lat' dir='ltr'><strong>sin</strong></span> <span class='ocrx_word' id='word_1_798' title='bbox 2453 4916 2714 4960; x_wconf 85' lang='lat' dir='ltr'><strong>mutatam</strong></span> <span class='ocrx_word' id='word_1_799' title='bbox 2765 4917 2986 4976; x_wconf 77' lang='lat' dir='ltr'><strong>pugnet,</strong></span> <span class='ocrx_word' id='word_1_800' title='bbox 3036 4907 3161 4973; x_wconf 89' lang='lat' dir='ltr'><strong>quia</strong></span> <span class='ocrx_word' id='word_1_801' title='bbox 3219 4908 3431 4974; x_wconf 87' lang='lat' dir='ltr'><strong>corpori</strong></span> 
     </span>
    </p>
   </div>
   <div class='ocr_carea' id='block_1_104' title="bbox 1853 4999 3434 5067">
    <p class='ocr_par' dir='ltr' id='par_1_104' title="bbox 1853 4999 3434 5067">
     <span class='ocr_line' id='line_1_105' title="bbox 1853 4999 3434 5067; baseline 0 -17"><span class='ocrx_word' id='word_1_802' title='bbox 1853 5001 2085 5054; x_wconf 89' lang='lat' dir='ltr'><strong>immista</strong></span> <span class='ocrx_word' id='word_1_803' title='bbox 2112 5000 2312 5067; x_wconf 89' lang='lat' dir='ltr'><strong>aliquid</strong></span> <span class='ocrx_word' id='word_1_804' title='bbox 2335 5003 2401 5053; x_wconf 90' lang='lat' dir='ltr'><strong>ab</strong></span> <span class='ocrx_word' id='word_1_805' title='bbox 2435 5001 2523 5052; x_wconf 91' lang='lat' dir='ltr'><strong>illo</strong></span> <span class='ocrx_word' id='word_1_806' title='bbox 2552 5009 2606 5052; x_wconf 89' lang='lat' dir='ltr'><strong>et</strong></span> <span class='ocrx_word' id='word_1_807' title='bbox 2631 5015 2657 5050; x_wconf 91' lang='lat' dir='ltr'><strong>a</strong></span> <span class='ocrx_word' id='word_1_808' title='bbox 2691 5001 2806 5052; x_wconf 89' lang='lat' dir='ltr'><strong>loco</strong></span> <span class='ocrx_word' id='word_1_809' title='bbox 2837 5001 3065 5065; x_wconf 80' lang='lat' dir='ltr'><strong>inquom</strong></span> <span class='ocrx_word' id='word_1_810' title='bbox 3092 4999 3257 5059; x_wconf 83' lang='lat' dir='ltr'><strong>venit,</strong></span> <span class='ocrx_word' id='word_1_811' title='bbox 3283 5000 3434 5066; x_wconf 87' lang='lat' dir='ltr'><strong>pati-</strong></span> 
     </span>
    </p>
   </div>
   <div class='ocr_carea' id='block_1_105' title="bbox 1853 5088 3431 5159">
    <p class='ocr_par' dir='ltr' id='par_1_105' title="bbox 1853 5088 3431 5159">
     <span class='ocr_line' id='line_1_106' title="bbox 1853 5088 3431 5159; baseline -0.001 -17"><span class='ocrx_word' id='word_1_812' title='bbox 1853 5101 1972 5155; x_wconf 90' lang='lat' dir='ltr'><strong>tur;</strong></span> <span class='ocrx_word' id='word_1_813' title='bbox 2004 5092 2129 5158; x_wconf 87' lang='lat' dir='ltr'><strong>quid</strong></span> <span class='ocrx_word' id='word_1_814' title='bbox 2165 5092 2291 5144; x_wconf 92' lang='lat' dir='ltr'><strong>inde</strong></span> <span class='ocrx_word' id='word_1_815' title='bbox 2324 5090 2740 5143; x_wconf 85' lang='lat' dir='ltr'><strong>absurdiinfcrri</strong></span> <span class='ocrx_word' id='word_1_816' title='bbox 2765 5099 2942 5159; x_wconf 78' lang='lat' dir='ltr'><strong>potest</strong></span> <span class='ocrx_word' id='word_1_817' title='bbox 2964 5097 3148 5141; x_wconf 88' lang='lat' dir='ltr'><strong>contra</strong></span> <span class='ocrx_word' id='word_1_818' title='bbox 3180 5088 3431 5154; x_wconf 81' lang='lat' dir='ltr'><strong>Verbum,</strong></span> 
     </span>
    </p>
   </div>
   <div class='ocr_carea' id='block_1_106' title="bbox 1851 5183 3431 5252">
    <p class='ocr_par' dir='ltr' id='par_1_106' title="bbox 1851 5183 3431 5252">
     <span class='ocr_line' id='line_1_107' title="bbox 1851 5183 3431 5252; baseline 0 -16"><span class='ocrx_word' id='word_1_819' title='bbox 1851 5185 1994 5252; x_wconf 75' lang='lat' dir='ltr'><strong>quod</strong></span> <span class='ocrx_word' id='word_1_820' title='bbox 2027 5201 2126 5252; x_wconf 91' lang='lat' dir='ltr'><strong>pro</strong></span> <span class='ocrx_word' id='word_1_821' title='bbox 2154 5200 2254 5238; x_wconf 91' lang='lat' dir='ltr'><strong>suo</strong></span> <span class='ocrx_word' id='word_1_822' title='bbox 2280 5185 2331 5236; x_wconf 94' lang='lat' dir='ltr'><strong>in</strong></span> <span class='ocrx_word' id='word_1_823' title='bbox 2367 5185 2611 5236; x_wconf 88' lang='lat' dir='ltr'><strong>homines</strong></span> <span class='ocrx_word' id='word_1_824' title='bbox 2641 5197 2824 5234; x_wconf 83' lang='lat' dir='ltr'><strong>amore</strong></span> <span class='ocrx_word' id='word_1_825' title='bbox 2854 5183 2920 5234; x_wconf 87' lang='lat' dir='ltr'><strong>ad</strong></span> <span class='ocrx_word' id='word_1_826' title='bbox 2954 5183 3244 5235; x_wconf 86' lang='lat' dir='ltr'><strong>humanum</strong></span> <span class='ocrx_word' id='word_1_827' title='bbox 3264 5197 3431 5249; x_wconf 79' lang='lat' dir='ltr'><strong>genus</strong></span> 
     </span>
    </p>
   </div>
   <div class='ocr_carea' id='block_1_107' title="bbox 1851 5273 3430 5350">
    <p class='ocr_par' dir='ltr' id='par_1_107' title="bbox 1851 5273 3430 5350">
     <span class='ocr_line' id='line_1_108' title="bbox 1851 5273 3430 5350; baseline -0.003 -22"><span class='ocrx_word' id='word_1_828' title='bbox 1851 5276 2191 5328; x_wconf 81' lang='lat' dir='ltr'><strong>Salvatorem</strong></span> <span class='ocrx_word' id='word_1_829' title='bbox 2247 5275 2510 5327; x_wconf 82' lang='lat' dir='ltr'><strong>demisit?</strong></span> <span class='ocrx_word' id='word_1_830' title='bbox 2539 5273 2972 5340; x_wconf 82' lang='lat' dir='ltr'><strong>qttaudoquidem</strong></span> <span class='ocrx_word' id='word_1_831' title='bbox 3007 5288 3172 5350; x_wconf 82' lang='lat' dir='ltr'><strong>nemo</strong></span> <span class='ocrx_word' id='word_1_832' title='bbox 3219 5288 3430 5331; x_wconf 78' lang='lat' dir='ltr'><strong>eorum.</strong></span> 
     </span>
    </p>
   </div>
   <div class='ocr_carea' id='block_1_108' title="bbox 253 5400 2240 5477">
    <p class='ocr_par' dir='ltr' id='par_1_108' title="bbox 253 5400 2240 5477">
     <span class='ocr_line' id='line_1_109' title="bbox 253 5400 2240 5477; baseline 0.007 -25"><span class='ocrx_word' id='word_1_833' title='bbox 253 5402 298 5433; x_wconf 78' lang='grc'><strong>⁸³</strong></span> <span class='ocrx_word' id='word_1_834' title='bbox 327 5400 514 5454; x_wconf 78' lang='lat' dir='ltr'><strong>Matth.</strong></span> <span class='ocrx_word' id='word_1_835' title='bbox 567 5404 796 5471; x_wconf 66' lang='lat'><strong>“,24;</strong></span> <span class='ocrx_word' id='word_1_836' title='bbox 848 5407 978 5463; x_wconf 85' lang='lat' dir='ltr'><strong>Luc.</strong></span> <span class='ocrx_word' id='word_1_837' title='bbox 1018 5423 1104 5472; x_wconf 77' lang='lat' dir='ltr'><strong>xv,</strong></span> <span class='ocrx_word' id='word_1_838' title='bbox 1141 5408 1198 5462; x_wconf 69' lang='grc'>4.</span> <span class='ocrx_word' id='word_1_839' title='bbox 1246 5408 1291 5438; x_wconf 67' lang='grc'>⁸⁸</span> <span class='ocrx_word' id='word_1_840' title='bbox 1317 5410 1332 5460; x_wconf 92' lang='lat' dir='ltr'><strong>l</strong></span> <span class='ocrx_word' id='word_1_841' title='bbox 1362 5410 1508 5468; x_wconf 83' lang='lat' dir='ltr'><strong>Petr.</strong></span> <span class='ocrx_word' id='word_1_842' title='bbox 1545 5431 1604 5476; x_wconf 88' lang='grc' dir='ltr'><strong>ιι,</strong></span> <span class='ocrx_word' id='word_1_843' title='bbox 1630 5417 1682 5468; x_wconf 72' lang='lat'><strong>:2.</strong></span> <span class='ocrx_word' id='word_1_844' title='bbox 1747 5420 1797 5453; x_wconf 72' lang='lat'><strong>‘7</strong></span> <span class='ocrx_word' id='word_1_845' title='bbox 1846 5419 2003 5473; x_wconf 81' lang='lat' dir='ltr'><strong>Rom.</strong></span> <span class='ocrx_word' id='word_1_846' title='bbox 2044 5431 2156 5477; x_wconf 78' lang='lat' dir='ltr'><strong>XIV,</strong></span> <span class='ocrx_word' id='word_1_847' title='bbox 2188 5415 2240 5466; x_wconf 74' lang='lat'><strong>2.</strong></span> 
     </span>
    </p>
   </div>
   <div class='ocr_carea' id='block_1_109' title="bbox 236 5512 1733 5599">
    <p class='ocr_par' dir='ltr' id='par_1_109' title="bbox 236 5512 1733 5599">
     <span class='ocr_line' id='line_1_110' title="bbox 236 5512 1733 5599; baseline 0.001 -14"><span class='ocrx_word' id='word_1_848' title='bbox 236 5512 749 5599; x_wconf 42' lang='grc' dir='ltr'><strong>(δδλὶΠλάῖφνσς.</strong></span> <span class='ocrx_word' id='word_1_849' title='bbox 808 5513 1372 5599; x_wconf 53' lang='lat' dir='ltr'><strong>Videmaduotationes</strong></span> <span class='ocrx_word' id='word_1_850' title='bbox 1418 5529 1485 5581; x_wconf 83' lang='lat' dir='ltr'><strong>ad</strong></span> <span class='ocrx_word' id='word_1_851' title='bbox 1543 5530 1640 5586; x_wconf 88' lang='lat' dir='ltr'><strong>lib.</strong></span> <span class='ocrx_word' id='word_1_852' title='bbox 1685 5551 1733 5598; x_wconf 84' lang='grc' dir='ltr'><strong>ι,</strong></span> 
     </span>
    </p>
   </div>
   <div class='ocr_carea' id='block_1_110' title="bbox 159 5585 1099 5656">
    <p class='ocr_par' dir='ltr' id='par_1_110' title="bbox 159 5585 1099 5656">
     <span class='ocr_line' id='line_1_111' title="bbox 159 5585 1099 5656; baseline 0.002 -18"><span class='ocrx_word' id='word_1_853' title='bbox 159 5601 320 5656; x_wconf 64' lang='lat' dir='ltr'><strong>num,</strong></span> <span class='ocrx_word' id='word_1_854' title='bbox 347 5585 445 5644; x_wconf 73' lang='lat'><strong>5‘2,</strong></span> <span class='ocrx_word' id='word_1_855' title='bbox 474 5598 526 5636; x_wconf 89' lang='lat' dir='ltr'><strong>et</strong></span> <span class='ocrx_word' id='word_1_856' title='bbox 553 5586 650 5656; x_wconf 74' lang='lat' dir='ltr'><strong>lib.</strong></span> <span class='ocrx_word' id='word_1_857' title='bbox 681 5602 732 5649; x_wconf 88' lang='grc' dir='ltr'><strong>ν,</strong></span> <span class='ocrx_word' id='word_1_858' title='bbox 768 5605 915 5640; x_wconf 83' lang='grc' dir='ltr'>ιιιιιιι.</span> <span class='ocrx_word' id='word_1_859' title='bbox 940 5591 1030 5642; x_wconf 72' lang='lat'><strong>‘20.</strong></span> <span class='ocrx_word' id='word_1_860' title='bbox 1095 5647 1099 5656; x_wconf 31' lang='grc' dir='ltr'>ι</span> 
     </span>
    </p>
   </div>
   <div class='ocr_carea' id='block_1_111' title="bbox 145 5653 1732 5731">
    <p class='ocr_par' dir='ltr' id='par_1_111' title="bbox 145 5653 1732 5731">
     <span class='ocr_line' id='line_1_112' title="bbox 145 5653 1732 5731; baseline 0.011 -23"><span class='ocrx_word' id='word_1_861' title='bbox 145 5704 200 5731; x_wconf 77' lang='lat'><strong>.__</strong></span> <span class='ocrx_word' id='word_1_862' title='bbox 231 5653 347 5731; x_wconf 37' lang='lat'><strong>(5.9)</strong></span> <span class='ocrx_word' id='word_1_863' title='bbox 402 5654 764 5731; x_wconf 59' lang='grc' dir='ltr'>Κατᾴόασικ.</span> <span class='ocrx_word' id='word_1_864' title='bbox 822 5659 912 5731; x_wconf 84' lang='lat' dir='ltr'><strong>Sic</strong></span> <span class='ocrx_word' id='word_1_865' title='bbox 960 5653 1099 5731; x_wconf 51' lang='lat' dir='ltr'><strong>libb,</strong></span> <span class='ocrx_word' id='word_1_866' title='bbox 1133 5659 1419 5731; x_wconf 84' lang='lat' dir='ltr'><strong>impressi,</strong></span> <span class='ocrx_word' id='word_1_867' title='bbox 1471 5678 1525 5722; x_wconf 90' lang='lat' dir='ltr'><strong>at</strong></span> <span class='ocrx_word' id='word_1_868' title='bbox 1574 5673 1732 5725; x_wconf 86' lang='lat' dir='ltr'><strong>codd.</strong></span> 
     </span>
    </p>
   </div>
   <div class='ocr_carea' id='block_1_112' title="bbox 156 5723 1733 5810">
    <p class='ocr_par' dir='ltr' id='par_1_112' title="bbox 156 5723 1733 5810">
     <span class='ocr_line' id='line_1_113' title="bbox 156 5723 1733 5810; baseline 0.007 -32"><span class='ocrx_word' id='word_1_869' title='bbox 156 5723 392 5802; x_wconf 72' lang='lat' dir='ltr'><strong>Regius,</strong></span> <span class='ocrx_word' id='word_1_870' title='bbox 441 5725 792 5810; x_wconf 50' lang='lat' dir='ltr'><strong>Basiliaeiisis,</strong></span> <span class='ocrx_word' id='word_1_871' title='bbox 837 5729 944 5782; x_wconf 88' lang='lat' dir='ltr'><strong>duo</strong></span> <span class='ocrx_word' id='word_1_872' title='bbox 1002 5723 1244 5785; x_wconf 69' lang='lat' dir='ltr'><strong>Vaticani.</strong></span> <span class='ocrx_word' id='word_1_873' title='bbox 1295 5746 1349 5788; x_wconf 89' lang='lat' dir='ltr'><strong>et</strong></span> <span class='ocrx_word' id='word_1_874' title='bbox 1400 5723 1733 5810; x_wconf 57' lang='lat' dir='ltr'><strong>Anglicanus</strong></span> 
     </span>
    </p>
   </div>
   <div class='ocr_carea' id='block_1_113' title="bbox 156 5796 876 5862">
    <p class='ocr_par' dir='ltr' id='par_1_113' title="bbox 156 5796 876 5862">
     <span class='ocr_line' id='line_1_114' title="bbox 156 5796 876 5862; baseline 0.004 -18"><span class='ocrx_word' id='word_1_875' title='bbox 156 5796 394 5862; x_wconf 78' lang='lat' dir='ltr'><strong>primus.</strong></span> <span class='ocrx_word' id='word_1_876' title='bbox 424 5796 876 5848; x_wconf 60' lang='grc' dir='ltr'>καταϐαίνουσαν.</span> 
     </span>
    </p>
   </div>
   <div class='ocr_carea' id='block_1_114' title="bbox 229 5864 1729 5933">
    <p class='ocr_par' dir='ltr' id='par_1_114' title="bbox 229 5864 1729 5933">
     <span class='ocr_line' id='line_1_115' title="bbox 229 5864 1729 5933; baseline 0.013 -20"><span class='ocrx_word' id='word_1_877' title='bbox 229 5864 344 5932; x_wconf 71' lang='grc' dir='ltr'><strong>(ω)</strong></span> <span class='ocrx_word' id='word_1_878' title='bbox 367 5866 598 5920; x_wconf 73' lang='grc' dir='ltr'>οὑτωσὶ</span> <span class='ocrx_word' id='word_1_879' title='bbox 641 5868 720 5922; x_wconf 73' lang='lat' dir='ltr'><strong>vel</strong></span> <span class='ocrx_word' id='word_1_880' title='bbox 750 5867 953 5933; x_wconf 75' lang='grc' dir='ltr'>οὓτως.</span> <span class='ocrx_word' id='word_1_881' title='bbox 990 5867 1196 5926; x_wconf 74' lang='lat' dir='ltr'><strong>Mallem</strong></span> <span class='ocrx_word' id='word_1_882' title='bbox 1224 5875 1454 5931; x_wconf 81' lang='lat' dir='ltr'><strong>abesset.</strong></span> <span class='ocrx_word' id='word_1_883' title='bbox 1483 5891 1535 5931; x_wconf 91' lang='lat' dir='ltr'><strong>ut</strong></span> <span class='ocrx_word' id='word_1_884' title='bbox 1570 5881 1729 5933; x_wconf 82' lang='lat' dir='ltr'><strong>etiam</strong></span> 
     </span>
    </p>
   </div>
   <div class='ocr_carea' id='block_1_115' title="bbox 1847 5526 3430 5596">
    <p class='ocr_par' dir='ltr' id='par_1_115' title="bbox 1847 5526 3430 5596">
     <span class='ocr_line' id='line_1_116' title="bbox 1847 5526 3430 5596; baseline -0.002 -8"><span class='ocrx_word' id='word_1_885' title='bbox 1847 5536 2038 5587; x_wconf 85' lang='lat' dir='ltr'><strong>abesse</strong></span> <span class='ocrx_word' id='word_1_886' title='bbox 2070 5538 2269 5596; x_wconf 82' lang='lat' dir='ltr'><strong>potest,</strong></span> <span class='ocrx_word' id='word_1_887' title='bbox 2304 5539 2524 5593; x_wconf 83' lang='lat' dir='ltr'><strong>propter</strong></span> <span class='ocrx_word' id='word_1_888' title='bbox 2548 5528 2607 5577; x_wconf 84' lang='grc' dir='ltr'>τὸ</span> <span class='ocrx_word' id='word_1_889' title='bbox 2633 5526 2774 5577; x_wconf 78' lang='grc' dir='ltr'>οὕτω</span> <span class='ocrx_word' id='word_1_890' title='bbox 2808 5530 2966 5579; x_wconf 85' lang='lat' dir='ltr'><strong>modo</strong></span> <span class='ocrx_word' id='word_1_891' title='bbox 2987 5544 3237 5593; x_wconf 86' lang='lat' dir='ltr'><strong>sequens.</strong></span> <span class='ocrx_word' id='word_1_892' title='bbox 3265 5529 3430 5585; x_wconf 74' lang='lat' dir='ltr'><strong>Paul-3</strong></span> 
     </span>
    </p>
   </div>
   <div class='ocr_carea' id='block_1_116' title="bbox 1843 5597 3433 5672">
    <p class='ocr_par' dir='ltr' id='par_1_116' title="bbox 1843 5597 3433 5672">
     <span class='ocr_line' id='line_1_117' title="bbox 1843 5597 3433 5672; baseline -0.002 -17"><span class='ocrx_word' id='word_1_893' title='bbox 1843 5613 1959 5672; x_wconf 76' lang='lat' dir='ltr'><strong>post</strong></span> <span class='ocrx_word' id='word_1_894' title='bbox 1993 5601 2084 5653; x_wconf 88' lang='grc' dir='ltr'><strong>τοῦ</strong></span> <span class='ocrx_word' id='word_1_895' title='bbox 2125 5597 2424 5665; x_wconf 76' lang='grc' dir='ltr'>πεφυκότος</span> <span class='ocrx_word' id='word_1_896' title='bbox 2469 5598 2708 5666; x_wconf 79' lang='grc' dir='ltr'>τρέφειν,</span> <span class='ocrx_word' id='word_1_897' title='bbox 2761 5597 2992 5649; x_wconf 78' lang='lat' dir='ltr'><strong>\‘erlnuu</strong></span> <span class='ocrx_word' id='word_1_898' title='bbox 3021 5597 3240 5667; x_wconf 75' lang='grc' dir='ltr'>τρέφειν</span> <span class='ocrx_word' id='word_1_899' title='bbox 3279 5601 3433 5672; x_wconf 84' lang='lat' dir='ltr'><strong>iu_li-</strong></span> 
     </span>
    </p>
   </div>
   <div class='ocr_carea' id='block_1_117' title="bbox 1846 5668 3424 5723">
    <p class='ocr_par' dir='ltr' id='par_1_117' title="bbox 1846 5668 3424 5723">
     <span class='ocr_line' id='line_1_118' title="bbox 1846 5668 3424 5723; baseline 0 -1"><span class='ocrx_word' id='word_1_900' title='bbox 1846 5668 1958 5723; x_wconf 65' lang='lat' dir='ltr'><strong>luris</strong></span> <span class='ocrx_word' id='word_1_901' title='bbox 2009 5682 2164 5722; x_wconf 84' lang='lat' dir='ltr'><strong>antea</strong></span> <span class='ocrx_word' id='word_1_902' title='bbox 2216 5670 2432 5720; x_wconf 78' lang='lat' dir='ltr'><strong>chusis</strong></span> <span class='ocrx_word' id='word_1_903' title='bbox 2477 5671 2739 5720; x_wconf 71' lang='lat' dir='ltr'><strong>uitiissum</strong></span> <span class='ocrx_word' id='word_1_904' title='bbox 2803 5670 3045 5720; x_wconf 81' lang='lat' dir='ltr'><strong>restituit</strong></span> <span class='ocrx_word' id='word_1_905' title='bbox 3094 5673 3268 5721; x_wconf 58' lang='lat' dir='ltr'><strong>codex</strong></span> <span class='ocrx_word' id='word_1_906' title='bbox 3330 5668 3424 5722; x_wconf 80' lang='grc' dir='ltr'>,ιο-</span> 
     </span>
    </p>
   </div>
   <div class='ocr_carea' id='block_1_118' title="bbox 1842 5742 2695 5793">
    <p class='ocr_par' dir='ltr' id='par_1_118' title="bbox 1842 5742 2695 5793">
     <span class='ocr_line' id='line_1_119' title="bbox 1842 5742 2695 5793; baseline 0 0"><span class='ocrx_word' id='word_1_907' title='bbox 1842 5742 2039 5793; x_wconf 78' lang='lat' dir='ltr'><strong>lianus.</strong></span> <span class='ocrx_word' id='word_1_908' title='bbox 2693 5752 2695 5756; x_wconf 83' lang='lat'>&#39;</span> 
     </span>
    </p>
   </div>
   <div class='ocr_carea' id='block_1_119' title="bbox 1911 5805 3423 5889">
    <p class='ocr_par' dir='ltr' id='par_1_119' title="bbox 1911 5805 3423 5889">
     <span class='ocr_line' id='line_1_120' title="bbox 1911 5805 3423 5889; baseline 0.003 -29"><span class='ocrx_word' id='word_1_909' title='bbox 1911 5810 2025 5889; x_wconf 40' lang='grc'><strong>(6.1)</strong></span> <span class='ocrx_word' id='word_1_910' title='bbox 2061 5807 2180 5860; x_wconf 73' lang='grc' dir='ltr'><strong>Τινὶ</strong></span> <span class='ocrx_word' id='word_1_911' title='bbox 2221 5805 2288 5860; x_wconf 82' lang='grc' dir='ltr'>δὲ</span> <span class='ocrx_word' id='word_1_912' title='bbox 2314 5808 2570 5873; x_wconf 65' lang='grc' dir='ltr'>τελείως.</span> <span class='ocrx_word' id='word_1_913' title='bbox 2603 5808 2749 5878; x_wconf 74' lang='lat' dir='ltr'><strong>Lego</strong></span> <span class='ocrx_word' id='word_1_914' title='bbox 2773 5823 2894 5862; x_wconf 89' lang='lat' dir='ltr'><strong>cum</strong></span> <span class='ocrx_word' id='word_1_915' title='bbox 2921 5805 3208 5862; x_wconf 76' lang='lat' dir='ltr'><strong>BOiiCl‘CHt)</strong></span> <span class='ocrx_word' id='word_1_916' title='bbox 3240 5809 3423 5864; x_wconf 70' lang='grc' dir='ltr'>τινιᾶ</span> 
     </span>
    </p>
   </div>
   <div class='ocr_carea' id='block_1_120' title="bbox 1901 5880 1914 5892">
    <p class='ocr_par' dir='ltr' id='par_1_120' title="bbox 1901 5880 1914 5892">
     <span class='ocr_line' id='line_1_121' title="bbox 1901 5880 1914 5892; baseline 0 0"><span class='ocrx_word' id='word_1_917' title='bbox 1901 5880 1914 5892; x_wconf 58' lang='grc' dir='ltr'><strong>ς</strong></span> 
     </span>
    </p>
   </div>
   <div class='ocr_carea' id='block_1_121' title="bbox 1838 5897 2046 5933">
    <p class='ocr_par' dir='ltr' id='par_1_121' title="bbox 1838 5897 2046 5933">
     <span class='ocr_line' id='line_1_122' title="bbox 1838 5897 2046 5933; baseline -0.014 0"><span class='ocrx_word' id='word_1_918' title='bbox 1838 5897 2046 5933; x_wconf 66' lang='grc' dir='ltr'>τελείει).</span> 
     </span>
    </p>
   </div>
  </div>
