4056 6310
642 396 770 455 ςοει

2132 395 2450 454 οῐιιαΕΝιδ

3722 393 3858 450 10εᾶ

638 510 729 577 qui
754 519 907 565 antea
932 510 1190 564 medicam
1212 523 1368 578 opem
1395 507 1619 578 polliciti
1662 516 1810 572 sunt,
1836 516 1983 562 tanta
2019 508 2191 563 facere

2302 509 2487 563 σοῦτον
2539 508 2779 573 ἐδύνατο,
2832 511 2954 562 ὅσον
3001 508 3137 581 αὐτὴ
3185 500 3494 574 ἐπεδείξατο
3533 508 3584 563 δι
3629 498 3705 562 ὧν
3759 526 3858 565 πε.

638 598 1035 669 potait,qnanta
1065 599 1343 653 facereilla
1364 599 1540 652 anima
1567 599 1676 653 visa
1691 607 1793 660 est.
1811 609 1996 669 sponte
2016 599 2080 653 ad
2105 599 2202 653 ho-

639 686 842 740 minum
862 688 1221 742 conditionem
1247 690 1415 742 nostri
1439 689 1653 754 generis
1667 704 1828 742 causa
1849 691 2197 745 descendens.

639 775 768 844 Quae
792 778 1027 832 scientes
1055 779 1220 831 divini
1251 779 1548 848 scriptores
1577 779 1743 832 multa
1785 781 1981 848 passim
2033 781 2100 834 de
2133 781 2197 834 iis

636 870 889 922 dixerunt
923 889 938 923 :
966 869 1058 922 sed
1087 871 1138 923 in
1171 870 1458 938 prmsentia
1483 870 1620 923 satis
1649 868 1754 923 erit
1780 886 1943 924 unum
1967 869 2199 940 allegare

635 959 787 1016 Pauli
820 960 1208 1023 testimonium,
1244 961 1387 1028 quod
1415 961 1495 1014 sic
1537 961 1696 1014 habet
1733 979 1748 1015 :
1793 979 1813 1012 ι
1855 959 1965 1023 Hoc
2001 961 2197 1015 sentite

635 1053 689 1105 in
723 1067 774 1105 vt
797 1052 876 1106 bis
907 1052 1048 1122 quod
1068 1059 1128 1106 et
1157 1051 1210 1103 in
1245 1050 1463 1106 Christo
1487 1049 1634 1116 Jesn,
1669 1052 1758 1122 qui
1789 1067 1912 1106 cum
1941 1051 1993 1106 in
2024 1049 2195 1104 forma

637 1141 728 1194 Dei
752 1152 915 1205 esset,
947 1155 1051 1195 non
1079 1142 1318 1210 rapinam
1347 1139 1637 1196 arbitratus
1661 1149 1748 1196 est
1767 1156 1889 1196 esse
1919 1156 1979 1197 se
2004 1154 2196 1210 aqua.

633 1230 737 1285 lem
768 1232 897 1294 Deo,
927 1232 1019 1286 sed
1063 1231 1275 1298 semeti;
1291 1246 1407 1284 sum
1457 1231 1754 1286 exinanivit
1797 1231 2023 1287 formam
2053 1231 2196 1286 servi

635 1324 1020 1390 accipiens,-in
1048 1322 1396 1377 similitudine
1451 1321 1683 1375 hominis
1720 1320 1896 1376 factus
1924 1332 1980 1377 et
2009 1323 2193 1376 habitu

639 1413 897 1468 inventus
951 1423 1009 1466 ut
1045 1415 1225 1479 homo,
1277 1413 1581 1467 humiliavit
1624 1401 1989 1482 semetipsum
2021 1414 2195 1467 factus

636 1505 899 1560 obediens
938 1520 1110 1572 usque
1164 1503 1230 1557 ad
1272 1513 1518 1568 mortem,
1566 1514 1788 1557 mortem
1845 1512 2019 1558 autem
2073 1519 2193 1558 cru-

635 1597 739 1650 cis.
813 1595 1041 1664 Propter
1119 1596 1259 1664 quod
1327 1607 1380 1650 et
1444 1597 1585 1651 Deus
1665 1596 1923 1651 exaltavit
2003 1596 2192 1661 illum,

631 1695 687 1740 et
746 1684 890 1738 dedit
954 1685 1027 1737 illi
1094 1700 1289 1747 nomen
1344 1687 1483 1755 quod
1543 1695 1625 1741 est
1677 1701 1839 1756 super
1887 1701 2045 1740 omne
2099 1701 2192 1740 no-

632 1793 753 1832 men
793 1778 862 1829 ".
910 1796 928 1829 ι
1077 1789 1087 1796 ’

704 1868 792 1924 19,
828 1868 962 1920 Dent
990 1867 1149 1937 igitur
1173 1867 1331 1921 Celso
1357 1867 1470 1935 alii,
1498 1868 1662 1921 Deum
1695 1868 1908 1936 quidem
1940 1883 2043 1921 non
2074 1883 2190 1921 mu—
2217 1855 2262 1909 Β

633 1967 798 2011 talum
824 1958 1014 2025 fuisse,
1049 1957 1140 2011 sed
1164 1956 1411 2012 eli‘eciSSe
1445 1967 1501 2011 ut
1525 1959 1614 2027 qui
1644 1959 1898 2012 videbant
1928 1966 2189 2012 mutatmn

629 2049 1036 2115 existimarent;
1100 2052 1165 2105 ad
1209 2064 1305 2105 nos
1352 2050 1547 2118 quibus
1589 2049 2057 2117 persuasissimmn
2108 2058 2191 2104 est

629 2155 736 2193 non
774 2141 1134 2208 speeietenus
1161 2143 1367 2207 Jesum,
1401 2145 1494 2194 sed
1540 2127 1664 2194 vere
1721 2141 1788 2193 ad
1840 2141 2089 2194 homines
2138 2149 2192 2193 et

629 2232 911 2286 manifeste
936 2234 1238 2298 advenisse,
1270 2232 1408 2287 Celsi
1440 2231 1750 2287 criminatio
1804 2245 1908 2283 non
1937 2229 2187 2299 pertinet.

628 2322 888 2376 Refellam
916 2333 1090 2378 tamen
1143 2325 1221 2377 sic
1254 2343 1267 2378 :
1315 2323 1501 2378 Nonne
1537 2324 1650 2393 ipse
1695 2322 1906 2384 fateris,
1942 2336 1974 2374 ο
2009 2322 2186 2385 Celse,

627 2414 791 2468 licere
827 2429 924 2481 pro
952 2415 1189 2468 remedio
1217 2415 1291 2466 uti
1323 2414 1532 2468 fallacia
1589 2423 1643 2466 et
1680 2411 1998 2465 mendacio?
2053 2411 2189 2476 Quid

627 2518 758 2573 ergo
788 2505 1101 2568 absurdum,
1132 2505 1307 2557 simile
1332 2504 1607 2573 quidpiam
1660 2503 1958 2556 adhibitum
2003 2500 2186 2564 fuisse,

628 2595 893 2663 siquidem
929 2598 994 2648 ad
1022 2595 1246 2648 salutem
1276 2596 1600 2648 collaturum
1627 2594 1804 2648 esset?
1849 2592 1933 2646 Fit
1962 2593 2102 2646 enim
2132 2600 2189 2644 ut

628 2687 970 2740 sermonibus
996 2687 1315 2756 quibusdam
1358 2687 1424 2739 ad
1464 2686 1800 2740 mendacium
1849 2684 2183 2752 compositis,

626 2777 878 2846 qualibus
923 2792 1049 2846 erga
1087 2786 1324 2846 aegrotos
1373 2777 1642 2829 interdum
1702 2781 1930 2830 utuntur
1971 2774 2183 2837 medici,

627 2866 1052 2922 mores-facilius
1078 2868 1342 2935 corrigas,
1365 2882 1525 2936 quam
1560 2866 1604 2919 si
1631 2868 1912 2920 veritatem
1954 2879 2185 2933 usurpa-

628 2975 733 3014 res.
769 2957 891 3012 llazc
925 2975 954 3012 a
982 2957 1136 3012 nobis
1164 2958 1381 3027 quidem
1429 2957 1495 3012 ad
1543 2957 1772 3011 aliorum
1817 2955 2184 3011 defensionem

558 3077 563 3081 -
627 3052 769 3104 dicta
809 3063 1001 3107 sunto.
1065 3050 1250 3119 Neque
1302 3050 1448 3105 enim
1505 3050 1800 3104 absurdum
1848 3057 1932 3104 est
1980 3049 2187 3104 amicos

624 3150 949 3210 aegrotantes
981 3149 1282 3202 sanantem,
1314 3139 1396 3194 his
1418 3139 1654 3192 amicum
1681 3153 1849 3208 genus
1888 3139 2182 3192 humanum

630 3231 806 3284 levare
829 3232 1101 3294 remediis,
1127 3243 1246 3298 quae
1279 3243 1384 3283 non
1417 3229 1539 3283 data
1594 3244 1755 3297 opera
1794 3231 1915 3298 quis
1961 3230 2182 3284 adhibe»

631 3329 734 3381 ret,
764 3323 855 3373 sed
900 3321 1081 3373 habita
1137 3319 1664 3374 circumstantiarum
1710 3321 1935 3373 ratione.
1969 3319 2032 3374 Et
2065 3321 2188 3389 qui-

628 3411 751 3464 dem
787 3411 851 3464 ad
881 3412 1149 3464 curandos
1174 3421 1352 3464 mente
1408 3412 1669 3464 alienatos
1698 3410 1946 3465 homines
1975 3412 2076 3465 hac
2101 3414 2186 3464 via

637 3514 717 3560 uti
764 3509 1077 3573 oportebat,
1129 3516 1285 3568 quam
1331 3499 1562 3554 Verbum
1604 3513 1825 3557 noverat
1872 3507 2224 3565 insanienti--

636 3596 738 3650 bus
786 3594 850 3647 ad
901 3607 1084 3645 sanam
1134 3597 1367 3642 mentem
1419 3591 1736 3645 reducendis
1784 3595 1986 3649 utilem.
2034 3597 2186 3661 Quod

637 3686 712 3740 ait
747 3704 763 3734 ι
799 3684 919 3736 talia
968 3681 1172 3742 facere,
1217 3679 1306 3749 qui
1340 3681 1632 3749 periculum
1669 3683 1736 3736 ab
1763 3684 2078 3739 adversariis
2103 3687 2185 3740 in-

640 3781 900 3826 tentatum
954 3769 1135 3836 iugere
1173 3767 1406 3836 cogitat;
1460 3783 1488 3820 a
1538 3768 1648 3822 Deo
1693 3780 1869 3824 autem
1916 3773 2184 3827 neminem

642 3861 847 3923 timeri,
891 3869 949 3912 ut
986 3860 1050 3911 ad
1088 3859 1360 3910 vitandum
1391 3859 1693 3925 periculum
1733 3860 2045 3918 insidiantes
2083 3863 2176 3918 fal-

632 3954 741 4006 lere
774 3970 904 4021 opus
933 3955 1162 4017 haheat;
1201 3973 1219 4004 ι
1256 3953 1307 4006 id
1336 3953 1603 4022 depellere
1632 3971 2022 4022 supervacuum
2045 3969 2188 4008 ὀω-

634 4046 761 4098 nino
782 4046 940 4098 fuerit
968 4055 1020 4097 et
1053 4061 1079 4096 a
1111 4045 1316 4098 ratione
1338 4046 1597 4099 alienum.
1628 4030 2015 4117 515'Ecqnis
2042 4047 2184 4099 enim

634 4152 867 4202 unquam
895 4137 1006 4187 lucc
1045 4137 1110 4187 de
1143 4144 1327 4188 nostro
1385 4137 1665 4201 Salvatore
1709 4138 1874 4191 dixit?
1903 4139 2008 4192 Sed
2041 4145 2094 4191 et
2119 4137 2184 4190 ad

632 4228 798 4288 istud.
831 4245 850 4276 ι
885 4227 1149 4278 neminem
1176 4241 1374 4294 aegrum
1407 4236 1496 4277 aut
1533 4228 1885 4282 insanientem
1923 4230 2029 4282 Deo
2051 4229 2187 4281 ami-

538 4347 542 4350 »
631 4330 755 4370 cum
786 4333 927 4379 esse,
959 4336 977 4368 ι
1005 4315 1116 4382 jam
1141 4326 1296 4372 antea
1329 4327 1425 4384 pro
1454 4315 1575 4369 aliis
1594 4319 1864 4384 respondi.
1897 4318 2012 4370 Dixi
2038 4321 2184 4392 enim

631 4410 779 4466 illam
833 4406 1293 4476 dispensationem
1355 4410 1460 4458 nan
1517 4420 1639 4460 esse
1699 4406 1893 4460 factam
1964 4418 2185 4477 propter

2300 601 2513 671 ποίηκε,
2573 600 2663 654 καὶ
2713 601 2971 664 ἑκουσίως
3025 602 3105 664 είς
3147 600 3246 664 τὰς
3297 601 3638 672 ἀνθρωπίνας
3681 601 3856 672 κῆρας

2300 686 2449 760 ὑπὲρ
2466 690 2556 743 τοῦ
2583 690 2770 758 γένους
2801 691 2954 761 ἡμῶν
2986 691 3283 745 καταὸᾶσα.
3335 692 3519 744 Ταῦτα
3548 692 3592 745 δ’
3633 694 3854 746 ἐπιστάρ

2301 797 2457 849 μενος
2480 781 2507 831 ὁ
2533 781 2679 844 θεῖος
2701 781 2890 849 Λόγος,
2921 781 3086 835 πολλὰ
3118 782 3380 852 πολλαχοῦ
3415 783 3558 850 λέγει
3588 784 3697 836 τῶν
3711 785 3852 854 Γρα-

2297 871 2430 938 φῶν·
2473 873 2629 942 ἀρκεῖ
2664 873 2710 925 δ’
2741 874 2834 927 ἐπὶ
2866 872 2958 926 τοῦ
3015 874 3278 946 παρόντος
3333 875 3459 944 μίαν
3518 875 3854 946 παραθέσθαι

2296 965 2506 1018 Παύλου
2529 966 2670 1030 λέξιν
2701 966 2871 1030 οὕτως
2903 967 3143 1037 ἔχουσανο
3185 987 3205 1018 ι
3251 967 3420 1023 Τοῦτο
3462 969 3761 1039 φρονείσθω
3797 970 3855 1021 ὲν

2295 1053 2423 1125 ὑμῖν
2458 1056 2591 1125 (62),
2634 1055 2663 1108 ό
2712 1057 2807 1110 καὶ
2847 1059 2904 1109 έν
2954 1057 3170 1128 Χριστῷ
3212 1058 3408 1128 Ἰησοῦ,
3458 1059 3518 1122 δς
3558 1055 3617 1112 ὲν
3670 1061 3852 1128 μορφῇ

2293 1143 2427 1196 Θεοῦ
2461 1146 2739 1217 ὑπάρχων,
2763 1145 2872 1216 οὐχ’
2901 1144 3205 1217 ἁρπαγμὸν·
3224 1147 3464 1218 ἡγήσατο
3493 1147 3553 1201 τὸ
3586 1143 3729 1201 εἶναι
3761 1143 3855 1201 ἶσα

2293 1234 2435 1304 Θεῷ,
2464 1234 2578 1288 ἀλλ’
2604 1235 2796 1290 ἑαυτὸν
2827 1235 3054 1294 έκένωσε
3092 1237 3303 1308 μορφὴν
3345 1237 3530 1292 δούλου
3570 1238 3772 1304 λαϐὼν,
3796 1244 3854 1294 ὲν

2291 1325 2589 1398 ὁμοιώματι
2634 1326 2916 1398 ἀνθρώπου
2956 1327 3240 1397 γενόμενος
3286 1327 3428 1398 (65),
3475 1330 3570 1382 καὶ
3617 1333 3854 1400 σχήματι

2292 1417 2529 1487 εὑρεθεὶς
2561 1417 2638 1480 ὼς
2671 1417 2956 1487 ἄνθρωπος
2991 1417 3350 1470 ἐταπείνωσεν
3392 1419 3580 1472 ἑαυτὸν
3625 1421 3854 1489 γενόμε-

2293 1523 2382 1568 νος
2428 1508 2667 1578 ὑπήκοος
2715 1506 2876 1577 μέχρι
2923 1505 3168 1570 θανάτου,
3223 1505 3452 1560 Θανάτου
3487 1507 3546 1560 δὲ
3594 1506 3851 1578 σταυροῦ.

2291 1586 2379 1646 Διὸ
2425 1597 2516 1648 καὶ
2561 1598 2591 1647 ὁ
2641 1595 2770 1658 Θεὸς
2819 1593 2979 1647 αὑτὸν
3031 1594 3371 1664 ὑπερύψωσε,
3422 1597 3516 1649 καὶ
3560 1597 3853 1667 ἐχαρίσατο

2289 1686 2436 1756 αὐτῷ
2468 1686 2633 1756 ὄνομα
2658 1685 2718 1738 τὸ
2743 1685 2882 1755 ὑπὲρ
2914 1686 3020 1736 πᾶν
3051 1683 3234 1754 ὄνομα.
3280 1704 3298 1735 ι
3339 1697 3344 1700 ’

2364 1864 2545 1916 Ἀλλοι
2574 1863 2668 1934 μὲν
2699 1861 2792 1918 οὖν
2829 1865 3115 1919 διδότωσαν
3148 1864 3225 1935 τῷ
3247 1853 3460 1935 Κέλσῳ,
3493 1866 3651 1918 ὅτιού
3691 1883 3854 1935 μετα-

2291 1956 2471 2010 ϐάλλει
2506 1957 2620 2026 μὲν,
2658 1961 2775 2009 ποεῖ
2805 1958 2860 2009 δὲ
2887 1959 3011 2020 τοὺς
3037 1958 3275 2028 ὁρῶντας
3305 1957 3479 2010 δοκεῖν
3514 1957 3852 2026 μεταϐεϐλη-

2292 2049 2460 2102 κέναι·
2494 2051 2650 2118 ἡμεῖς
2673 2048 2728 2100 δὲ
2760 2048 3063 2118 πειθόμενοι
3107 2038 3425 2117 οὗδόκησιν,
3457 2048 3570 2100 ἀλλ’
3593 2049 3853 2118 ἀλήθειαν

2291 2140 2428 2196 εἶναι
2462 2142 2868 2212 καὶ.ὲνὰργειαν
2912 2142 3052 2195 κατὰ
3084 2143 3180 2212 τὴν
3225 2143 3395 2213 Ἰησοῦ
3441 2145 3500 2196 ὲν
3545 2143 3853 2215 ἀνθρώποις

2287 2235 2596 2304 ἐπιδημίαν,
2630 2235 2726 2302 οὐχ
2759 2233 3091 2302 ὑποκείμεθα
3141 2237 3204 2304 τῇ
3250 2235 3461 2288 Κέλσου
3522 2232 3848 2307 κατηγορίᾳ.

2293 2327 2478 2395 Ὅμως
2504 2325 2548 2377 δ’
2585 2323 3050 2393 ἀπολογησόμεθα,
3084 2324 3165 2376 ὃτι
3191 2325 3265 2376 Οὐ
3299 2326 3424 2394 φῂς,
3459 2320 3503 2377 ὧ
3539 2325 3732 2388 Κέλσε,
3776 2325 3853 2388 ὡς

2298 2421 2353 2470 ὲν
2391 2417 2683 2488 φαρμάκου
2721 2417 2882 2488 μοίρᾳ
2906 2418 3033 2470 ποτὲ
3063 2416 3259 2469 δίδοται
3286 2416 3512 2486 χρῆσθαι
3537 2417 3615 2486 τῷ
3643 2416 3853 2487 πλανᾷν

2291 2510 2382 2561 καὶ
2413 2508 2490 2578 τῷ
2530 2507 2850 2576 ψεύδεσθαι;
2898 2507 2962 2560 Τί
3007 2503 3099 2561 οὖν
3145 2506 3363 2572 ἄτοπον,
3407 2509 3454 2559 εί
3509 2507 3748 2561 τοιοῦτόν
3796 2524 3865 2560 τι

2288 2597 2476 2668 ἔμελλε
2512 2597 2723 2662 σώζειν,
2751 2596 2985 2650 τοιοῦτόν
3008 2613 3059 2649 τι
3083 2596 3394 2664 γεγονέναι;
3430 2596 3540 2650 Καὶ
3574 2596 3678 2666 γάρ
3699 2613 3852 2659 τινες

2288 2689 2393 2742 τῶν
2425 2688 2595 2757 λόγων
2626 2688 2694 2742 τὰ
2723 2688 2893 2741 τοιαδὶ
2926 2686 3027 2758 ἢθη
3055 2688 3192 2741 κατὰ
3222 2689 3282 2740 τὸ
3307 2687 3498 2757 ψεῦδος
3534 2688 3728 2758 μᾶλλον
3763 2687 3855 2740 λε-

2287 2781 2502 2852 γόμενοι
2541 2781 2984 2852 ἐπιστρέφουσιν,
3019 2780 3204 2852 ὥσπερ
3234 2780 3325 2833 καὶ
3354 2779 3463 2832 τῶν
3504 2780 3694 2850 ἰατρῶν
3732 2779 3852 2848 (64)

2289 2889 2417 2924 ποτε
2447 2871 2591 2940 λόγοι
2622 2872 2809 2925 τοιοίδε
2845 2872 2977 2943 πρὸς
3019 2872 3143 2934 τοὺς
3164 2858 3468 2942 κάμνοντας
3515 2873 3653 2943 ἥπερ
3698 2872 3856 2924 κατὰ

2285 2960 2348 3014 τὸ
2388 2961 2602 3032 ἀληθές.
2650 2961 2809 3014 Ἀλλὰ
2843 2960 3014 3033 ταῦτα
3055 2960 3153 3031 μὲν
3192 2963 3318 3031 περὶ
3362 2962 3562 3033 ἑτέρων
3599 2960 3860 3014 ἀπολελο-

2286 3055 2470 3125 γήσθω
2495 3057 2643 3125 ἡμῖν.
2679 3057 2787 3109 Καὶ
2808 3057 2915 3126 γὰρ
2945 3058 3044 3110 οὐκ
3076 3055 3273 3110 ἄτοπόν
3317 3057 3433 3109 ἐστι
3477 3057 3567 3107 τὸν
3612 3053 3855 3127 ἰώμενον

2288 3147 2476 3215 φίλους
2499 3147 2794 3210 νοσοῦντας
2829 3149 3080 3200 ἰάσασθαι
3110 3150 3170 3201 τὸ
3203 3149 3354 3216 φίλον
3402 3147 3508 3200 τῶν
3548 3143 3858 3216 ἀνθρώπων

2287 3237 2441 3306 γένος
2472 3240 2582 3300 τοῖς
2611 3231 2948 3300 τοιοῖσδε,οἷς
2973 3237 3070 3289 οὐκ
3095 3238 3158 3291 ἄν
3185 3255 3267 3300 τις
3283 3237 3542 3306 χρήσαιτο
3575 3251 3862 3307 προηγου-

2292 3329 2485 3400 μένως,
2511 3327 2624 3381 ἀλλ’
2659 3328 3139 3399 ἐκ,περιστάσεως.
3174 3329 3281 3381 Καὶ
3313 3327 3552 3398 μεμηνὸς
3580 3326 3632 3380 δὲ
3662 3325 3724 3378 τὸ
3760 3325 3863 3394 γέ-

2286 3434 2375 3480 νος
2404 3416 2512 3468 τῶν
2566 3417 2864 3494 ανθρώπων
2886 3417 2990 3470 ἔδει
3019 3418 3412 3490 θεραπευθῆναι
3471 3417 3557 3471 διὰ
3589 3415 3861 3488 μεθόδων,

2287 3502 2362 3560 ὧν
2392 3507 2534 3577 ἑώρα
2564 3506 2605 3561 ό¹
2623 3509 2792 3578 Λόγος
2821 3513 3103 3584 χρησίμων
3122 3514 3233 3575 τοῖς
3269 3509 3585 3582 μεμηνόσιν,
3620 3511 3699 3562 ἵνα
3740 3527 3863 3564 σω·

2289 3605 2614 3672 φρονήσωσι.
2649 3603 2785 3671 Φησὶ
2821 3603 2894 3666 δ’,
2944 3605 3025 3656 ὅτι
3071 3604 3164 3656 καὶ
3201 3622 3218 3652 ι
3260 3603 3341 3655 Τὰ
3375 3602 3552 3654 τοιάδε
3581 3618 3660 3664 τις
3700 3602 3864 3654 ποιεί

2289 3689 2423 3758 πρὸς
2464 3689 2718 3759 ἐχθροὺς,
2771 3692 3008 3744 κίνδυνον
3061 3694 3315 3760 ἐκφυγεῖν
3383 3690 3861 3761 προμηθούμενος.

2289 3778 2362 3831 Οὐ
2397 3778 2636 3846 φοϐεῖται
2661 3780 2716 3832 δέ
2743 3797 2890 3842 τινας
2913 3783 2939 3831 ό
2965 3783 3115 3845 Θεὸς,
3150 3782 3234 3834 ἵνα
3268 3782 3540 3850 πλανήσας
3577 3781 3696 3841 τοὺς
3723 3782 3863 3833 ἑπι-

2289 3869 2638 3933 σουλεύοντας
2671 3871 2910 3924 κίνδυνον
2942 3872 3196 3943 διαφύγῃ.
3231 3892 3249 3923 ι
3290 3872 3470 3940 Πάντη
3502 3869 3564 3922 δὲ’
3590 3873 3864 3940 περισσὸν

2289 3960 2382 4012 καὶ
2414 3958 2602 4027 ἄλογον
2624 3961 3061 4032 ἀπολογήσασθαι
3097 3964 3231 4033 πρὸς
3263 3959 3323 4013 τὸ
3356 3961 3449 4013 ὑπ’
3479 3959 3685 4023 οὐδενὸς
3721 3963 3868 4030 περὶ

2285 4050 2375 4103 τοῦ
2409 4052 2656 4122 Σωτῆρος
2691 4053 2847 4123 ἡμῶν
2873 4053 3174 4124 λεγόμενον.
3212 4051 3536 4124 Προείρηται
3567 4051 3609 4101 δ’
3639 4052 3720 4113 είς
3759 4054 3864 4121 τὴν

2255 4198 2266 4211 κ
2288 4145 2413 4213 περὶ
2437 4144 2635 4213 ἐτέρων
2655 4147 2784 4214 ἡμῖν
2806 4145 3094 4214 ἀπολογίαν
3119 4146 3250 4216 πρὸς
3273 4145 3351 4208 τὸ,
3392 4162 3411 4193 ι
3441 4141 3573 4195 Οὔτε
3597 4141 3657 4193 δὲ
3679 4142 3860 4196 ’νοσῶν

2286 4235 2318 4304 ἦ
2353 4234 2606 4304 μεμηνὼς
2629 4235 2798 4298 οὐδεὶς
2823 4237 2970 4305 φίλος
2992 4236 3100 4306 (65)
3133 4235 3209 4305 τῷ
3235 4233 3372 4304 Θεῷ.
3416 4252 3434 4284 ι
3485 4235 3541 4285 '0
3573 4231 3688 4303 γὰρ
3721 4234 3882 4290 ἀπο..

2285 4326 2652 4397 λογησάμενός
2683 4345 2842 4399 φησιν
2874 4329 2971 4398 οὑχ
3001 4329 3138 4398 ὑπὲρ
3175 4327 3284 4379 τῶν
3307 4327 3406 4398 ἤδη
3443 4326 3604 4395 φίλων
3633 4326 3838 4379 νοσούν

2286 4416 2451 4485 τωνῆ
2493 4419 2809 4487 μεμηνότων
2854 4418 2950 4489 τὴν
2993 4417 3197 4471 τοιάνδε
3241 4418 3548 4487 οἰκονομίαν
3585 4416 3864 4483 γίνεσθαι,

629 4511 862 4570 mgrotos
889 4473 944 4554 et
975 4499 1304 4554 insanientes
1334 4497 1425 4565 qui
1455 4495 1565 4564 jam
1591 4497 1750 4550 amici
1776 4473 1980 4556 essent,
2013 4473 2103 4551 sed
2127 4508 2182 4550 ut

2289 4507 2395 4559 ἀλλ’
2601 4473 2708 4562 τίῦν
2739 4509 2826 4563 διὰ
2882 4473 3033 4563 νόσον
3091 4511 3191 4580 τῆς
3235 4473 3548 4579 ψυχῆέκαὶ
3594 4473 3867 4561 έκσ-τασιν

631 4593 724 4661 qui
747 4593 925 4645 adhuc
949 4582 1170 4659 propter
1201 4589 1448 4640 morbum
1481 4585 1676 4639 anima:
1703 4585 2070 4653 naturalisque
2103 4602 2190 4638 ra-

631 4681 793 4736 tionis
822 4679 1197 4734 alienationem
1227 4675 1428 4732 inimici
1461 4684 1640 4738 erant,
1679 4676 1731 4728 in
1765 4675 1855 4728 Dei
1887 4675 2181 4728 amicitiam

633 4773 1028 4841 reciperentur.
1057 4770 1194 4824 Nam
1226 4769 1381 4824 Jesns
1402 4768 1545 4823 clare
1576 4768 1778 4822 dicitur
1795 4765 1972 4820 omnia
2005 4776 2190 4834 pertu-

633 4863 878 4928 lisse,=ut
907 4878 1000 4917 ens
1025 4863 1150 4931 'qui—
1197 4869 1508 4931 peccassent
1546 4859 1792 4931 peccatis
1847 4858 2098 4911 liberaret
2137 4865 2192 4910 et

628 4953 804 5022 justo:
827 4953 1026 5022 {ticeret
1047 4956 1113 5010 “.

709 4965 804 5008 itos
847 4961 1026 5009 ticeret
1047 4956 1113 5010 “.

709 5046 800 5099 io.
827 4952 1018 5118 Lustra
1038 5046 1254 5103 Judaeos
1295 5047 1523 5111 inducit,
1555 5045 1651 5116 qui
1701 5041 1928 5099 seorsim
1969 5047 2188 5094 causam

639 5134 868 5191 alierant
893 5154 988 5194 cur
1021 5140 1223 5196 Christi
1268 5144 1555 5197 adventum
1601 5139 1838 5215 futurum
1893 5149 2013 5189 esse
2043 5133 2189 5188 arbi-

711 5252 756 5282 ι·
793 5251 985 5318 Philip.
1030 5270 1086 5318 ιι,
1129 5255 1179 5306 5.

710 5388 821 5460 (6'2)
859 5386 1190 5460 [lmsehelius
1226 5397 1278 5460 et
1305 5387 1635 5455 Spencerus.
1680 5385 1828 5454 ἡμῖν.
1886 5380 2055 5437 Codd.
2088 5381 2196 5437 Re-

643 5456 764 5532 gius
784 5456 1385 5532 etBthileeu-sis,»lupiv.
1478 5524 1490 5532 _
1553 5528 1568 5532 Α
1628 5523 1639 5532 .
1983 5525 1995 5532 _
2186 5459 2210 5464 “’

715 5529 826 5598 (63)
900 5523 995 5578 Ἐν
1081 5523 1426 5598 ὀμοκίψιιτιμ
1460 5523 1768 5598 ἀνθρώπου
1853 5525 2190 5598 γενόμενος,

648 5587 771 5653 Haec
809 5587 879 5651 'in
924 5606 1081 5650 antea
1111 5587 1283 5649 'editi's
1323 5587 1519 5649 omissa
1567 5587 1879 5664 supplentur
1924 5612 1953 5649 e
1989 5587 2196 5650 'codiée

648 5669 955 5722 Basileensl.
1270 5702 1273 5705 ι

719 5740 834 5819 (ιιι)
864 5731 1345 5819 ’ῼᾳπερκαίέτῷγ
1367 5733 1607 5819 ῑαζικῖηί,
1622 5743 1728 5819 etc.
1749 5733 1944 5819 VGnieto
1973 5734 2074 5819 hic.
2094 5735 2191 5789 alid

650 5803 779 5873 quid
800 5803 1098 5870 desiderari
1137 5804 1366 5875 videtur.
1426 5805 1508 5860 An
1563 5804 1664 5859 sic.
1715 5803 1907 5874 inquit.
1952 5807 2191 5862 scriben-

1256 5257 1299 5286 ⁸⁸
1332 5254 1492 5309 Hebr.
1543 5269 1601 5317 II,
1650 5252 1742 5313 15;
1797 5251 1980 5303 Matth.
2039 5266 2113 5306 ix.
2158 5249 2244 5302 15.

2287 4597 2380 4648 τοῦ
2410 4599 2546 4651 κατὰ
2583 4601 2741 4668 φύσιν
2773 4602 3030 4670 λογισμοῦ
3067 4601 3146 4653 ἔτι
3189 4600 3420 4670 ἐχθρῶν,
3458 4599 3544 4654 ἶνα
3586 4599 3866 4665 γένωνται

2290 4687 2428 4754 φίλοι
2450 4679 2528 4758 τῷ
2551 4689 2686 4759 Θεῷ.
2713 4692 2822 4744 Καὶ
2856 4691 2962 4761 γὰρ
2997 4689 3178 4758 σαφῶς
3216 4691 3355 4759 ὑπὲρ
3404 4686 3748 4758 ἁμαρτωλῶν
3785 4688 3868 4742 hi-

2287 4795 2439 4846 γεται
2458 4780 2630 4833 πάντα
2661 4781 3000 4850 ἀναδεδέχθαι
3029 4782 3057 4832 ὁ
3093 4778 3317 4848 Ἰησοῦς,
3339 4780 3404 4831 ἵν’
3436 4779 3630 4841 αὐτοὺς
3680 4779 3870 4832 ἁπαλ-

2290 4867 2424 4941 λάξῃ
2452 4869 2554 4938 τῆς
2575 4870 2841 4940 ἁμαρτίας
2865 4871 2957 4922 καὶ
2991 4868 3189 4941 ποιήσῃ
3206 4868 3462 4930 δικαίους.

2364 5039 2474 5095 Εἶτ’
2504 5043 2624 5095 ἐπεὶ
2653 5043 3053 5113 προσωποποιεῖ
3095 5041 3201 5111 ἰδία
3234 5041 3330 5112 μὲν
3377 5040 3655 5103 Ἰουδαίους
3691 5045 3871 5098 αἰτιο-

2292 5131 2579 5200 λογοῦντας
2610 5121 2705 5203 τῆν
2736 5132 2852 5185 κατ’
2882 5132 3074 5194 αὐτοὺς
3111 5129 3404 5202 μέλλουσαν
3457 5131 3697 5202 Χριστοῦ
3753 5137 3872 5188 επι-

2291 5386 2424 5438 "dum
2450 5402 2463 5439 :
2487 5384 2673 5456 ὥσπερ
2697 5388 2790 5438 καὶ
2815 5403 2920 5436 των
2958 5385 3153 5457 ίατρῶν
3182 5402 3308 5438 ποτε
3335 5390 3479 5455 λόγοι
3515 5387 3654 5457 κατὰ
3681 5390 3872 5442 τοιάδε

2299 5457 2434 5527 πρὸς
2464 5458 2589 5518 τοὺς
2623 5457 2925 5527 κάμνοντας
2960 5456 3101 5527 ἤπερ
3125 5457 3265 5527 κατὰ
3304 5458 3362 5508 τὸ
3399 5456 3612 5525 ἀληθὲς,
3661 5459 3874 5523 αὐτοὺς

2254 5522 2256 5526 ’
2300 5522 2547 5590 σῶζουσι.
2588 5527 2678 5579 Vel
2701 5522 2812 5589 'sic,
2838 5522 3023 5597 ὥσπερ
3051 5522 3144 5578 καὶ
3176 5525 3281 5597 τῶν
3310 5522 3510 5597 ἰατρῶν
3540 5543 3668 5579 ποτε
3719 5522 3872 5595 λόγοι

2295 5597 2488 5686 τοιοίδε
2512 5597 2634 5660 τοὺς
2661 5597 2965 5667 ’κάμνοντας
2994 5596 3192 5666 μᾶλλον
3222 5596 3364 5667 ἢπερ
3390 5596 3528 5650 κατὰ
3559 5596 3620 5648 τὸ
3660 5597 3876 5670 ἀληθὲς

2301 5683 2662 5808 cm’(‘h'ob‘gf'ﬂiblh
2691 5737 2875 5793 excusi
2907 5736 2959 5792 in
2998 5744 3169 5802 textu,
3197 5724 3374 5797 οὐδεὶς
3399 5731 3517 5806 Θεῷ
3540 5732 3722 5804 φίλος.
