4056 6310
646 511 785 572 ίθῦθ

2109 490 2430 562 οιιιοειιιε

3718 513 3848 571 1060

642 644 958 702 magnorum
1005 635 1158 683 erant
1207 626 1585 698 mysteriorum
1632 624 1898 697 symbola.
1943 623 2164 694 Oportni

2294 623 2647 695 νενομισμένα
2687 624 2927 696 σύμϐολα
2979 626 3224 696 μεγάλων
3280 628 3587 699 μυστηρίων
3637 629 3848 684 ἐποίουν

644 719 808 788 igitur
832 719 1013 772 urbem
1045 717 1211 780 illam,
1242 717 1332 768 ubi
1364 716 1475 768 hzec
1496 713 1655 768 Iesus
1680 727 1965 781 perpessus
1996 711 2188 779 fuerat,

634 813 811 865 "deleri
835 810 1095 872 funditus,
1129 808 1404 864 Judaicam
1433 815 1646 874 gentem
1678 805 1947 872 dissipari,
1980 812 2033 858 et
2055 804 2190 858 alios

643 902 711 954 ad
756 899 849 953 Dei
897 899 1285 953 beatitudinem
1317 898 1517 951 vocari.
1569 896 1746 962 Atque
1795 896 1848 949 hi
1895 894 2187 950 Christiani

645 1001 801 1057 sunt,
849 992 914 1044 ad
955 1006 1091 1059 quos
1124 990 1190 1042 de
1225 1003 1480 1058 germano
1510 1001 1751 1056 puroque
1781 987 1874 1041 Dei
1912 986 2059 1041 cultu
2088 987 2188 1042 do-

643 1083 814 1136 ctrina
846 1081 1128 1150 pervenit,
1160 1080 1360 1148 quique
1405 1077 1551 1144 leges
1585 1086 1912 1146 acceperunt
1939 1093 2106 1132 novas
2134 1088 2190 1132 et

643 1173 946 1243 reipublicae
989 1171 1186 1238 ubique
1236 1177 1503 1222 terrarum
1537 1168 1734 1238 vigenti
1786 1179 1840 1222 et
1874 1172 2184 1226 constituta:

641 1264 1116 1328 accommodatas;
1170 1276 1290 1314 eum
1333 1268 1519 1312 contra
1562 1260 1768 1326 priores
1803 1260 2061 1328 impositae
2095 1263 2186 1317 nni

639 1357 821 1426 genti,
861 1371 1019 1424 quam
1051 1354 1209 1422 patrii
1261 1367 1410 1419 rcges
1444 1353 1642 1407 eisdem
1696 1369 1758 1407 ac
1791 1356 1904 1425 ipsa
1949 1358 2188 1412 moribus

639 1448 1059 1517 gubernabant,
1112 1460 1254 1499 nunc
1326 1444 1393 1498 ab
1437 1443 1685 1498 omnibus
1740 1445 2018 1500 observari
2082 1463 2186 1504 non

639 1535 868 1602 possint.

711 1625 800 1680 25.
845 1624 1034 1677 Postea
1068 1624 1251 1679 Celsus
1281 1641 1378 1695 pro
1413 1642 1558 1681 more
1593 1642 1690 1681 suo
1714 1625 1928 1682 Judaeos
1953 1637 2004 1682 et
2039 1627 2189 1680 Chri-

636 1717 840 1770 stianos
867 1717 1114 1771 deritlens
1136 1759 1149 1781 ,
1181 1728 1435 1786 utrosque
1459 1730 1730 1787 comparat
1760 1738 1778 1770 ι
1803 1730 1895 1773 aut
1921 1721 2183 1790 vesperti-

635 1807 838 1861 lionum
872 1807 1088 1876 agmini,
1127 1819 1217 1862 aut
1249 1810 1487 1863 formicis
1516 1825 1546 1864 e
1579 1811 1705 1864 nido
1739 1813 2181 1879 prorepentihus,

636 1909 723 1951 aut
750 1901 890 1952 ranis
915 1901 1113 1953 circum
1139 1901 1381 1970 paludem
1409 1901 1830 1968 considentibus,
1852 1912 1942 1955 aut
1963 1902 2186 1958 lumbri-

633 1987 711 2039 cis
761 1989 812 2041 in
857 1989 1033 2057 aliquo
1077 1992 1216 2046 caeni
1251 1993 1448 2062 angulo
1483 1994 1820 2063 congregatis
1860 2003 1912 2047 et
1953 1995 2097 2047 inter
2126 1978 2183 2048 se

635 2077 965 2146 litigantibus
992 2083 1207 2150 quinam
1247 2082 1453 2135 illorum
1499 2085 1666 2152 magis
1706 2087 2064 2152 peccaverint,
2099 2085 2182 2138 di-

633 2169 1025 2239 c'entibusque:
1064 2188 1158 2227 nos
1188 2187 1372 2226 sumus
1398 2214 1410 2236 ,
1444 2175 1636 2244 quibus
1663 2175 1841 2228 omnia
1881 2174 2017 2229 Deus
2046 2191 2182 2243 prae-

635 2273 897 2317 monstrat
920 2271 970 2315 et
993 2263 1261 2332 prmdicit;
1291 2265 1444 2318 nobis
1472 2265 1615 2327 solis,
1638 2265 1825 2318 relicto
1846 2275 1958 2319 toto
1985 2269 2183 2318 mundo

630 2350 1000 2418 cmlorumque
1039 2367 1198 2405 cursu
1239 2362 1296 2406 et
1323 2353 1564 2421 neglecta
1611 2362 1717 2405 tota
1754 2350 1858 2420 qua
1902 2353 2006 2406 late
2037 2363 2184 2420 patet

633 2447 778 2508 terra
807 2478 822 2502 ,
853 2438 1099 2505 providet
1127 2453 1387 2506 suamque
1419 2453 1600 2490 curam
1650 2437 1946 2505 impendit;
1984 2438 2048 2490 ad
2085 2451 2183 2491 nos

631 2529 773 2582 solos
797 2528 961 2581 mittit
987 2543 1281 2596 praecones,
1305 2543 1402 2581 nec
1435 2526 1649 2579 mittere
1673 2527 1891 2590 desinit,
1921 2525 2183 2582 sollicitus

629 2620 899 2685 quomodo
919 2627 1178 2672 mtcrnum
1199 2618 1270 2670 illi
1296 2618 1701 2686 conjuugamur.
1717 2616 1799 2670 vln
1822 2617 1938 2684 ejus
1961 2619 2182 2673 fictione

629 2708 834 2762 similes
860 2721 1044 2760 sumus
1069 2708 1375 2762 vermiculis
1408 2709 1495 2775 qui
1529 2711 1806 2764 dicerent:
1848 2731 1868 2762 ι
1891 2713 2032 2767 Deus
2059 2710 2182 2780 qui-

632 2800 749 2854 detu
784 2809 889 2865 est,
921 2801 1012 2854 sed
1054 2803 1352 2869 proximum
1391 2801 1464 2854 illi
1492 2799 1666 2855 locum
1700 2816 2047 2872 occupamus.
2089 2802 2180 2856 Ille

633 2908 729 2946 nos
754 2893 853 2946 sibi
885 2893 1102 2946 omnino
1127 2893 1330 2946 similes
1359 2892 1503 2948 fecit.
1542 2893 1768 2947 Subdita
1804 2895 1956 2948 nobis
1990 2896 2174 2948 omnia

631 2991 779 3047 sunt,
812 2991 979 3045 terra,
1011 2998 1170 3052 aqua,
1197 2997 1312 3046 aer,
1345 2984 1554 3045 sidera;
1599 2993 1815 3052 propter
1847 2998 1946 3037 nos
1971 2983 2174 3047 omnia,

627 3074 802 3126 omnia
835 3074 987 3128 nobis
1022 3089 1213 3144 parere
1238 3073 1386 3140 jussa
1437 3082 1583 3128 sunt.
1616 3090 1634 3124 ι
1675 3073 1905 3142 Pergunt
1937 3074 2076 3143 apud
2109 3074 2176 3127 il-

628 3165 732 3218 lum
767 3166 1042 3220 vermiculi
1065 3206 1079 3228 ,
1113 3180 1207 3220 nos
1241 3164 1491 3219 videlicet
1516 3183 1531 3220 :
1561 3166 2028 3233 «Quandoquidem
2052 3175 2176 3219 sunt

2289 713 2367 784 τῷ
2395 714 2530 785 Θεῷ.
2579 717 2770 787 Ἐχρῆν
2802 713 2892 770 οὖν
2938 717 3151 787 ἐκείνην
3182 718 3278 788 τὴν
3316 719 3488 783 πόλιν,
3513 722 3644 773 ὅπου
3685 720 3850 777 ταῦτα

2290 805 2554 863 πέπονθεν
2602 805 2826 877 Ἰησοῦς,
2870 790 3036 878 ἄρδην
3070 806 3436 872 ἀπολωλέναι,
3483 811 3573 862 καί
3613 811 3673 861 τὸ
3727 812 3850 863 Ἰου-

2287 896 2432 949 δαῖον
2462 897 2609 961 ἔθνος
2640 897 2932 950 ἀνάστατον
2971 897 3266 964 γεγονέναι,
3295 898 3385 949 καὶ
3419 899 3504 949 ἐπ’
3530 898 3724 961 ἄλλους
3750 901 3848 970 τὴν

2287 988 2380 1041 τοῦ
2398 988 2529 1042 Θεοῦ
2547 991 2625 1054 είς
2645 990 3014 1061 μακαριότητα
3035 989 3220 1059 κλῆσιν
3247 991 3669 1062 μεταδεσηκέναι
3685 1008 3702 1023 ⁸
3728 995 3848 1056 τοὺς

2287 1073 2639 1144 Χριστιανους
2666 1075 2824 1143 λέγω,
2857 1077 2942 1144 ἐφ’
2986 1076 3078 1141 οὓς
3119 1077 3371 1147 ἐλήλυθεν
3403 1081 3435 1149 ἡ
3481 1081 3608 1151 περὶ
3640 1082 3740 1151 τῆς
3774 1083 3848 1134 εί-

2287 1162 2555 1233 λικρινοῢς
2579 1165 2671 1217 καί
2697 1163 2940 1235 καθαρᾶς
2979 1164 3281 1226 θεοσεϐείας
3306 1166 3636 1233 διδασκαλία,
3669 1186 3848 1238 παραο

2285 1254 2542 1318 λαϐόντας
2566 1257 2756 1326 νόμους
2783 1260 3023 1324 καινοὺς,
3051 1259 3144 1312 καὶ
3176 1261 3511 1330 ἁρμόζοντας
3539 1264 3604 1330 τῇ
3642 1277 3849 1312 παν-τα⁶

2286 1344 2379 1415 χοῦ
2409 1347 2723 1419 καθεστώσῃ
2753 1349 3020 1421 πολιτείᾳο
3049 1351 3172 1404 ἐπεὶ
3206 1352 3279 1421 μὴ
3304 1354 3350 1403 οἱ
3387 1353 3646 1422 πρότερον
3669 1353 3850 1405 δοθένο

2284 1455 2394 1501 τες,
2421 1437 2495 1500 ὠς
2527 1440 2606 1491 ἐνὶ
2638 1439 2772 1492 ἔθνει
2794 1441 2904 1504 ¹ὑπὸ
2934 1441 3144 1494 οἰκείων
3180 1443 3270 1494 καὶ
3301 1443 3546 1513 ὁμοήθων
3571 1443 3848 1512 βασιλευο-

2288 1527 2451 1598 μένῳ,
2477 1523 2576 1581 οἷοί
2601 1546 2658 1582 τε
2683 1527 2819 1600 ἦσαν
2850 1531 3044 1594 πάντες
3067 1531 3158 1583 νῦν
3183 1533 3562 1584 ἐπιτελεῖσθαι.

2354 1619 2503 1672 Μετὰ
2549 1620 2738 1684 ταῦτα,
2781 1622 3017 1693 συνήθως
3061 1622 3232 1692 ἐαυτῷ
3267 1622 3436 1690 γελῶν
3470 1623 3528 1675 τὸ
3581 1625 3847 1679 Ἰουδαίων

2286 1713 2378 1765 καὶ
2405 1711 2737 1782 Χριστιανῶν
2769 1713 2938 1778 γένος,
2966 1715 3168 1776 πάντας
3204 1713 3578 1784 παραὸέϐληκε
3611 1735 3628 1764 ‹
3662 1735 3821 1771 νυκτε

2286 1803 2444 1874 ρίδων
2473 1801 2716 1872 ὁρμαθῷ,
2744 1801 2776 1872 ἢ
2808 1797 3078 1869 μύρμηξιν
3099 1805 3162 1855 ἐκ
3187 1804 3375 1866 καλιᾶς
3409 1803 3782 1875 προελθοῦσιν,
3810 1807 3842 1875 ἢ

2288 1892 2574 1964 βατράχοις
2607 1893 2730 1962 περὶ
2767 1893 2938 1961 τέλμα
2974 1893 3392 1963 συνεδρεύουσιν,
3420 1894 3454 1959 ἢ
3483 1894 3753 1964 σκώληξιν
3788 1898 3844 1947 ἐν

2215 1967 2255 2022 Β
2287 1982 2541 2055 βορϐόρου
2589 1983 2758 2053 γωνία
2804 1981 3235 2052 ἐκκλησιάζουσι,
3284 1983 3374 2034 καὶ
3409 1983 3542 2052 πρὸς
3582 1982 3844 2053 ἀλλήλους

2285 2073 2705 2144 διαφερομένοις,
2741 2071 2882 2134 τίνες
2916 2071 3092 2125 αὐτῶν
3128 2067 3236 2123 εἷεν
3264 2070 3721 2141 ἁμαρτωλότεροι,
3753 2073 3844 2123 καὶ

2285 2168 2598 2234 φάσκουσιν,
2624 2166 2703 2217 ὅτι
2730 2165 2902 2218 πάντα
2923 2166 3053 2235 ἡμῖν
3077 2166 3105 2215 ὁ
3137 2163 3265 2223 Θεὸς
3293 2163 3550 2233 προδηλοῖ
3584 2164 3677 2214 καὶ
3713 2179 3844 2232 προ-

2284 2257 2656 2323 καταγγέλλει,
2685 2256 2886 2309 καὶτὸν
2916 2256 3092 2308 πάντα
3121 2255 3320 2324 κόσμον
3348 2256 3441 2306 καὶ
3469 2255 3566 2324 τὴν
3594 2256 3841 2325 οὐράνιον

2284 2345 2452 2416 φορὰν
2505 2345 2799 2408 ἀπολιπὼν,
2845 2344 2939 2396 καὶ
2983 2344 3078 2414 τὴν
3124 2345 3386 2412 τοσαύτην
3430 2345 3530 2412 γῆν
3578 2343 3840 2412 παριδὼν,

2280 2441 2412 2509 ἡμῖν
2451 2439 2627 2506 μόνοις
2657 2436 3061 2507 ὲμπολιτεύεται
3098 2436 3229 2506 (75),
3268 2437 3363 2489 καὶ
3393 2437 3528 2507 πρὸς
3564 2439 3713 2507 ἡμᾶς
3746 2437 3842 2508 μό.

2281 2546 2405 2591 νους
2434 2527 2908 2597 ἐπικηρυκεύεται,
2937 2528 3030 2579 καὶ
3071 2526 3301 2596 πέμπων
3338 2529 3396 2580 οὐ
3431 2528 3712 2592 διαλείπει,
3750 2529 3842 2582 καὶ

2281 2621 2456 2690 ζητῶν
2485 2621 2628 2682 ὅπως
2651 2620 2736 2672 ἀεὶ
2759 2617 3000 2687 συνῶμεν
3028 2617 3194 2688 αὐτῷ.
3227 2637 3246 2669 ι
3282 2619 3388 2671 Καὶ
3415 2620 3471 2670 ἐν
3500 2620 3576 2688 τῷ
3601 2619 3845 2672 ἀναπλά-

2281 2711 2444 2781 σματί
2480 2728 2542 2778 γε
2576 2708 2764 2762 ἑαυτοῦ
2797 2707 3202 2778 παραπλησίους
3237 2710 3380 2778 ἡμᾶς
3422 2714 3565 2762 ποιεῖ
3606 2709 3841 2778 σκώληξι

2279 2801 2594 2870 φάσκουσιν,
2623 2801 2703 2852 ὅτι
2736 2817 2754 2848 ι
2794 2797 2923 2860 Θεός
2953 2798 3116 2863 ἐστιν,
3143 2793 3261 2852 εἶτα
3298 2797 3414 2868 μετ’
3449 2799 3655 2851 ἐκεῖνον
3679 2803 3840 2870 ἡμεῖς

2277 2895 2367 2946 ὑπ’
2397 2892 2562 2946 αὑτοῦ
2584 2891 2861 2960 γεγονάτες
2900 2891 3072 2961 πάντη
3103 2890 3274 2960 ὅμοιοι
3294 2889 3371 2961 τῷ
3394 2891 3512 2962 Θεῷ
3531 2910 3542 2920 ·
3579 2893 3673 2945 καὶ
3709 2894 3840 2962 ἡμῖν

2277 2984 2448 3036 πάντα
2492 2982 2878 3050 ὑποϐέϐληται,
2923 2981 3013 3050 γῆ,
3069 2981 3161 3032 καὶ
3207 2978 3368 3050 ὕδωρ,
3421 2981 3512 3034 καὶ
3557 2982 3697 3052 ἀὴρ,
3747 2984 3840 3036 καὶ

2275 3077 2466 3146 ἄστρα,
2509 3073 2602 3125 καὶ
2637 3070 2791 3142 ήμῶν
2840 3071 2997 3123 ἓνεκα
3046 3070 3239 3136 πάντα,
3277 3071 3369 3123 καὶ
3403 3073 3535 3140 ἡμῖν
3565 3071 3840 3123 δουλεύειν

2273 3169 2546 3221 τέτακται.
2606 3186 2623 3216 ι
2679 3165 2904 3232 Λέγουσι
2960 3164 3015 3217 δὲ
3067 3164 3193 3233 παρ’
3247 3161 3392 3227 αὐτῷ
3431 3165 3478 3215 οἱ
3533 3163 3836 3233 σκώληκες,

626 3258 767 3311 inter
797 3273 895 3311 nos
924 3261 1012 3326 qui
1045 3273 1101 3311 se
1132 3260 1371 3327 peccatis
1402 3260 1790 3320 contaminant,
1824 3257 1965 3312 Deus
1994 3259 2170 3312 veniet

2278 3260 2436 3328 ἡμεῖς
2461 3256 2678 3326 δηλαδὴ,
2707 3257 2807 3318 ὅτι,
2847 3273 2864 3304 ι
2890 3254 3001 3306 Νῦν
3034 3255 3212 3323 ἐπειδή
3252 3270 3389 3316 τινες
3417 3255 3474 3306 ἐν
3500 3256 3627 3322 ἡμῖν
3651 3253 3757 3321 πλη
3767 3268 3844 3322 μ-·

626 3358 718 3400 aut
749 3349 922 3400 mittet
943 3347 1158 3410 Filium,
1184 3358 1241 3400 ut
1269 3347 1500 3400 flammis
1527 3348 1740 3401 addicat
1763 3349 1974 3416 impios,
2000 3359 2053 3401 et
2079 3364 2174 3402 cre-

626 3442 727 3494 teri
791 3457 910 3493 cum
950 3442 1061 3508 ipso
1118 3448 1317 3492 mterua
1373 3439 1479 3492 vita
1527 3441 1839 3494 fruamur.)
1895 3442 2057 3494 Addit
2091 3443 2173 3497 his

621 3533 893 3593 omnibus,
923 3550 942 3580 ι
973 3533 1141 3600 magis
1165 3533 1277 3585 haec
1302 3531 1517 3585 ferenda
1556 3547 1698 3594 esse,
1732 3547 1854 3585 cum
1883 3534 2023 3585 inter
2052 3549 2174 3586 ver-

625 3621 848 3674 miculos
881 3631 932 3674 et
966 3637 1124 3673 ranas
1146 3662 1159 3682 ,
1189 3636 1345 3688 quam
1378 3638 1499 3675 cum
1525 3621 1737 3676 Iudaeos
1769 3623 1910 3677 inter
1937 3633 1991 3677 et
2022 3623 2174 3676 Chri-

621 3716 822 3768 stianos
854 3715 1212 3781 disputantur.
1247 3733 1263 3764 ι

694 3892 781 3946 24.
823 3892 889 3948 Ut
921 3895 1031 3946 inec
1064 3892 1328 3956 refellam,
1365 3905 1453 3945 eos
1498 3895 1766 3961 interrogo
1794 3893 1880 3958 qui
1905 3892 2168 3958 ejusmodi

620 3983 1032 4034 criminationes
1063 3981 1284 4048 probant
1316 4000 1328 4034 :
1367 3999 1430 4034 an
1476 3997 1661 4034 (nunes
1709 3983 1950 4033 homines
1978 3983 2168 4034 existi-

625 4073 783 4123 matis
816 4081 1031 4139 propter
1073 4071 1162 4121 Dei
1190 4071 1604 4135 prmccllcntiam
1633 4083 1750 4120 esse
1785 4080 1874 4120 ant
1913 4071 2171 4136 vesperti-

623 4159 824 4211 lionntn
865 4173 1054 4225 agmen
1085 4195 1100 4218 ,
1135 4166 1225 4207 aut
1261 4155 1515 4208 formicas
1543 4194 1556 4213 ,
1590 4164 1679 4205 aut
1710 4154 1999 4205 lumbricos
2026 4192 2041 4215 ,
2077 4161 2168 4204 aut

623 4250 824 4300 ranas?
859 4249 936 4299 An
975 4257 1202 4299 caeteros
1229 4247 1440 4312 quidem
1479 4245 1528 4295 in
1558 4245 1642 4298 illa
1681 4245 2030 4297 similitudine
2063 4260 2166 4296 non

623 4338 1073 4405 c'omprehtnsos,
1118 4336 1361 4388 homines
1409 4348 1524 4388 esse
1568 4335 1904 4401 pet-mittitis,
1934 4348 1996 4387 eo
2027 4336 2166 4402 quod

619 4525 828 4578 ctarnm
860 4512 1091 4585 gentium
1126 4509 1467 4585 senitutem,
1487 4525 1780 4580 rursusque
1817 4511 1973 4585 bella,
2001 4528 2166 4585 exer-

620 4584 785 4641 citus,
817 4595 878 4633 ac
925 4579 1243 4647 triumphos,
1296 4579 1754 4646 οιοιιρριτιιοιιιιιιι
1781 4579 1968 4643 neces,‘
2001 4581 2162 4635 'tnor-

621 4662 833 4717 temque
881 4649 1171 4717 centenarii
1225 4651 1520 4714 peccaturis
1545 4669 1556 4702 :
1585 4653 1667 4702 cui
1699 4653 1907 4703 duobus
1938 4651 2160 4703 volumi-

620 4715 773 4773 nibus
808 4715 1490 4784 respondetApollinarius,
1533 4735 1686 4786 quem
1723 4737 1822 4772 non
1854 4721 2022 4784 solum
2053 4734 2160 4771 sua:

616 4799 776 4842 sectre
803 4787 1067 4854 homines,
1101 4790 1192 4840 sed
1221 4798 1272 4839 et
1302 4797 1603 4842 nostrorum
1633 4789 1681 4839 in
1713 4792 1810 4840 hac
1840 4787 1991 4854 parlé
2021 4788 2160 4841 dun-

618 4865 786 4918 taxat,
849 4857 1072 4923 plurima
1125 4859 1367 4926 sequitur
1417 4857 1719 4911 multitudo.
1800 4855 1868 4911 Ut
1921 4857 2157 4924 pra-saga

617 4938 795 4980 mente
819 4927 928 4993 jam
960 4940 1197 4988 cernam,
1235 4930 1552 4992 quantorutn
1591 4927 1644 4978 in
1683 4942 1765 4977 me
1819 4929 1994 4993 rabies
2025 4940 2156 4978 cono

616 4992 829 5048 citanda
859 4997 947 5048 sit.
976 5013 993 5044 ι
1029 4996 1277 5048 Emudem
1309 4996 1428 5049 vide
1453 4997 1505 5047 in
1535 4994 1815 5047 Comment.
1842 4998 1909 5045 ad
1945 4992 2169 5055 EzeC/l...

617 5080 735 5129 cap.
761 5079 944 5132 xxm,
982 5073 1035 5116 et
1065 5065 1114 5116 itt
1152 5065 1400 5132 Catalogo
1425 5065 1600 5132 script.
1632 5066 1938 5122 ecclesias!"
1980 5065 2028 5115 in
2059 5054 2164 5115 tut.

618 5135 740 5198 pia;
773 5129 910 5184 lret't.
941 5133 1031 5184 lib.
1055 5149 1107 5194 ν,
1143 5149 1190 5186 e.
1215 5133 1304 5195 2'2,
1339 5129 1484 5194 ete.;
1525 5129 1745 5185 Tertull.
1792 5134 1929 5184 libro
1963 5133 2034 5182 De
2070 5149 2154 5182 re-

617 5203 929 5252 surrectione
975 5203 1171 5262 carnis,
1206 5218 1323 5268 cap.
1351 5203 1439 5260 25.
1480 5214 1527 5255 el
1576 5203 1664 5254 lib.
1693 5219 1747 5253 Ill
1801 5210 1978 5251 contra
2011 5199 2156 5251 Mur-

617 5272 836 5327 ct'onem.
892 5285 1007 5335 Cap.
1049 5269 1132 5321 :25.
1208 5272 1324 5324 «De
1377 5272 1715 5324 restitutione
1765 5286 1891 5321 vero
1935 5269 2150 5332 Judusze,

616 5353 772 5403 quant
825 5350 876 5390 et
917 5340 1009 5404 ipsi
1041 5339 1229 5399 Jntlmi,
1288 5342 1356 5392 ita
1408 5351 1462 5390 ιιι
1517 5340 1857 5398 describitur,
1915 5348 2149 5406 sperant,

618 5407 852 5458 locorum
883 5418 935 5460 et
982 5411 1263 5476 regionum
1291 5410 1590 5461 nominibus
1634 5409 1853 5468 inducti,
1885 5412 2151 5476 quomodo

617 5477 895 5543 allegorica
948 5480 1315 5547 interpretatio
1357 5480 1405 5530 iu
1463 5478 1735 5530 Christum
1786 5481 1920 5530 etin
1969 5479 2149 5532 Eccle-

616 5549 768 5608 siant,
823 5556 874 5599 ct
910 5549 1142 5600 habitum
1177 5559 1230 5602 et
1265 5548 1492 5600 fructum
1525 5549 1639 5617 ejus
1668 5548 1978 5614 spiritaliter
2001 5565 2149 5602 coin-

615 5624 776 5681 petat,
826 5625 878 5668 et
909 5619 1117 5686 longum
1147 5630 1226 5671 est
1257 5621 1520 5687 persequi,
1569 5630 1622 5672 et
1669 5622 1715 5669 iu
1736 5617 1854 5680 jalio
1879 5633 2040 5684 opere
2072 5618 2147 5667 di-

613 5694 840 5748 gestum,
895 5690 1034 5754 quod
1087 5688 1422 5741 inscribimus
1458 5689 1529 5740 De
1579 5704 1663 5754 spe.
1697 5690 1946 5753 ﬁdelium,
2003 5689 2144 5738 etin

613 5758 852 5819 ιιι-ςιιςοιιιὶ
907 5761 983 5809 vel
1015 5773 1078 5811 eo
1106 5762 1355 5820 otiosum,
1388 5772 1509 5825 quia
1550 5774 1650 5808 non
1683 5761 1746 5806 de
1779 5771 2008 5814 terrena,
2055 5755 2147 5806 sed

612 5831 675 5870 de
702 5826 902 5880 cmlesti
939 5829 1290 5894 promissione
1339 5831 1407 5879 sit
1438 5828 1682 5892 qmestio.
1737 5826 1866 5893 Nam
1901 5833 1949 5874 ct
1982 5825 2146 5894 conti;

613 5903 782 5947 temur
831 5899 880 5951 in
935 5891 1072 5952 tet‘ra
1120 5898 1270 5952 nobis
1319 5891 1538 5965 regnum
1601 5891 1997 5961 repronnsSum,
2053 5891 2145 5942 sed

2281 3349 2548 3420 μελοῦσιν,
2577 3349 2822 3416 ἀφίξεται
2848 3346 2997 3410 Θεὸς,
3033 3346 3064 3416 ἦ
3099 3347 3301 3418 πέμψει
3329 3346 3418 3401 τὸν
3446 3346 3586 3404 Υίον.
3611 3347 3696 3402 ἵνα
3730 3364 3838 3402 xa-

2272 3438 2505 3509 ταφλέξῃ
2541 3438 2663 3499 τοὺς
2695 3437 2928 3500 ἀδίκους,
2971 3437 3060 3488 καί
3104 3439 3152 3488 οἱ
3178 3439 3347 3491 λοιποὶ
3383 3439 3475 3490 σὺν
3501 3438 3644 3507 αὐτῷ
3683 3437 3837 3506 ζωὴν

2255 3531 2486 3583 «αἰώνιον
2511 3529 2736 3599 ἔχωμεν.
2767 3549 2782 3578 ι
2805 3530 2910 3580 Καὶ
2928 3528 3172 3598 ἐπιφέρει
3193 3545 3252 3595 γε
3279 3531 3460 3592 πᾶσιν,
3488 3529 3560 3580 ὅτι
3590 3549 3607 3579 ι
3646 3530 3837 3580 Ταῦτα

2277 3621 2470 3690 μᾶλλον
2513 3613 2730 3682 ἀνεκτὰ,
2787 3620 3078 3689 σκωλήκων
3135 3622 3226 3672 καὶ
3272 3620 3567 3691 βατράχων,
3606 3621 3639 3691 i‘,
3692 3622 3836 3673 Ἰου-

2267 3711 2432 3765 δαίων
2461 3713 2552 3763 καὶ
2588 3711 2922 3780 Χριστιανῶν
2951 3712 3080 3781 (76),
3124 3712 3257 3782 πρὸς
3292 3712 3547 3781 ἀλλήλους
3574 3710 3837 3781 διαφερο-

2274 3803 2466 3871 μένων.
2511 3821 2528 3851 ι
2691 3797 2695 3800 Α

2342 3893 2482 3960 Πρὸς
2542 3890 2713 3943 ταῦτα
2775 3893 2837 3960 δὴ
2897 3891 3269 3960 πυνθανόμεθα
3329 3892 3434 3943 τῶν
3497 3891 3836 3958 ἀποδεχομὲ-

2271 3999 2373 4034 νων
2400 3981 2467 4033 τὰ
2493 3981 2631 4033 οὕτω
2668 3981 2787 4033 καθ’
2827 3984 2856 4050 ἡ
2866 3982 2980 4051 μῶν
3009 3983 3286 4051 εἰρημένα,
3315 3983 3406 4034 καί
3435 3997 3634 4051 φαμεν·
3671 3977 3745 4031 Ἀ
3760 3998 3832 4049 pa.

2273 4073 2478 4133 πάντας
2503 4069 2813 4140 ἀνθρώπους
2838 4072 3070 4140 ὁρμαθδν
3101 4069 3235 4124 εἶναι
3261 4072 3592 4142 νυκτερίδων,
3619 4070 3650 4137 ἦ
3681 4071 3830 4140 μύρ-

2273 4176 2468 4229 μηκας,
2511 4161 2543 4228 ἢ
2592 4160 2906 4229 βατράχους,
2957 4161 2988 4230 ἢ
3038 4160 3341 4228 σκώληκας,
3392 4160 3827 4228 ὑπολαμϐάνετε,

2268 4251 2354 4306 διὰ
2379 4251 2475 4320 τὴν
2500 4249 2590 4301 τοῦ
2625 4251 2756 4302 Θεοῦ
2781 4253 3083 4321 ὑπεροχήν;
3117 4254 3185 4304 Ἢ
3218 4253 3340 4315 τοὺς
3370 4253 3465 4321 μὲν
3495 4251 3684 4312 ἄλλους
3726 4252 3830 4306 ἀν-

2269 4341 2511 4415 θρώπους
2535 4343 2612 4404 είς
2639 4341 2733 4414 τὴν
2763 4345 3122 4414 προκειμένην
3151 4345 3333 4397 εἰκόνα
3363 4344 3436 4414 μὴ
3461 4342 3828 4422 παραλαμϐά-

2268 4519 2394 4562 ante
2424 4518 2638 4583 emtum,
2696 4513 2788 4565 sed
2838 4513 2941 4567 alio
2993 4524 3156 4573 statu.
3204 4524 3383 4580 utpote
3414 4523 3529 4583 post
3558 4528 3824 4567 resurre-

2251 4583 2498 4649 ctionem
2543 4582 2592 4631 in
2641 4583 2783 4635 mille
2832 4600 3022 4646 annos,
3078 4585 3130 4636 in
3168 4585 3383 4637 civitate
3415 4582 3575 4636 divini
3628 4585 3822 4649 bpet‘is

2256 4646 2566 4700 Ierusalem
2593 4650 2730 4704 casio
2760 4653 2967 4716 delata;
3001 4665 3158 4720 quam
3188 4653 3551 4717 etApostolus
3582 4646 3820 4704 matrem

2264 4727 2503 4790 nostram
2555 4728 2764 4772 sursum
2816 4724 3077 4790 designat,
3125 4721 3508 4789 ιιι-πολίτευμα
3541 4727 3819 4786 nostrum,

2263 4786 2311 4856 id
2359 4796 2459 4846 est.
2515 4786 3020 4856 municipalutnfin
3071 4793 3219 4845 cretis
3263 4804 3384 4843 esse
3433 4786 3817 4856 pronuntians,

2261 4853 2418 4925 alicui
2442 4857 2637 4925 rutique
2667 4853 2876 4910 coelesti
2905 4861 3109 4911 civitati
3147 4875 3266 4911 eum
3299 4853 3533 4925 deputat.
3573 4857 3726 4910 l‘lanc
3761 4853 3822 4913 et

2262 4922 2504 4996 Esecliicl
2537 4922 2702 4996 novit,
2733 4936 2786 4979 ct
2810 4928 3076 4995 apostolus
3097 4927 3328 4980 Joannes
3354 4922 3482 4979 vidit
3512 4925 3767 4996 (Lactant
3795 4965 3818 4993 ,

2259 4991 2347 5064 lib.
2377 5007 2476 5064 vu._
2505 5009 2553 5046 c.
2578 4993 2690 5064 Ἡ).
2725 5013 2742 5044 ι
2801 4991 3048 5062 Aitgust.,
3091 4997 3178 5050 lib.
3209 5012 3311 5057 tu,-
3334 5010 3448 5062 cap.
3485 4991 3576 5059 29,
3627 4996 3704 5048 De
3739 4991 3822 5050 ei;

2259 5062 2410 5112 ritate
2446 5062 2537 5115 Dei
2571 5080 2588 5116 :
2621 5062 2765 5116 (Per
2792 5067 2932 5118 hunc
2964 5064 3152 5130 Eliam,
3191 5080 3439 5132 magnum
3474 5064 3818 5119 mirabilem-

2256 5143 2359 5194 qnc
2393 5135 2727 5202 prophetam.
2780 5137 3017 5202 exposita
3048 5137 3150 5189 sibi
3183 5136 3318 5199 lege,
3351 5135 3533 5187 ultimo
3564 5145 3819 5202 tempore

2256 5210 2396 5272 ante
2426 5200 2926 5268 judiciumJuduﬁos
2966 5206 3017 5256 itt
3048 5205 3315 5258 Christum
3350 5219 3532 5257 verum
3581 5200 3814 5272 (ιιΓρδι,

2256 5269 2307 5320 in
2363 5270 2630 5325 Christum
2684 5274 2946 5343 nostrum)
2985 5288 3100 5327 esse
3159 5275 3456 5326 credituros
3504 5269 3817 5326 celeberri-

2256 5355 2397 5392 mum
2455 5354 2537 5395 est
2606 5350 2654 5395 in
2706 5349 3039 5399 Sel‘IIIOIIliJUS
3089 5343 3444 5402 cordibusque
3483 5343 3756 5398 ﬁdelium.
3791 5364 3812 5398 ι

2253 5409 2510 5466 See-scen.

2319 5482 2430 5549 (πὶ)
2483 5486 2964 5550 Ἐμπολιτεύεται.
3016 5481 3348 5537 ΙίωδιτΙιΘΙίιιε
3393 5481 3442 5535 in
3478 5489 3657 5540 textu,
3713 5482 3816 5535 ὲκ-

2250 5550 2636 5603 πολιτεύεσθαι.
2669 5556 2830 5605 Codd.
2870 5555 3084 5618 lit-gius,
3120 5552 3446 5605 Basileensis
3474 5561 3526 5605 et
3553 5554 3660 5602 duo
3701 5550 3820 5603 Va»

2252 5621 2406 5669 licatti
2425 5660 2436 5680 ,
2473 5621 2822 5673 πολιτεύεται.

2320 5689 2430 5752 Uti)
2475 5689 2813 5757 lltnschclins
2857 5701 2909 5742 et
2939 5692 3240 5757 Spenccrus
3270 5691 3370 5743 hoc
3403 5689 3516 5740 loco
3558 5688 3646 5757 hat
3676 5696 3778 5738 cnt
3800 5727 3814 5748 ,

2247 5757 2412 5805 ταῦτα
2445 5757 2640 5807 άνεκτα
2669 5756 2954 5828 σκωλήκων
3051 5761 3348 5828 βατράχων,
3383 5759 3414 5825 ἢ
3452 5755 3670 5806 Ίουδαῐιν
3696 5772 3751 5814 ν,
3787 5770 3815 5828 ἦ

2250 5825 2600 5890 Χριστιανῶν,
2630 5827 2718 5874 sed
2755 5805 3348 5895 Ιαοῖἱυιιοιίι’.εειιῦιιίῖιιιιζ
3377 5805 3493 5892 ιίυαι
3531 5830 3668 5877 iulia
3709 5805 3818 5877 ιλιι-⁵

2255 5898 2411 5946 betur
2445 5896 2542 5947 sub
2578 5896 2734 5947 linem
2769 5910 2914 5948 nunt.
2943 5897 3031 5948 50.
3086 5901 3090 5904 ’
