4100 6318
216 454 353 509 ίϋϐὅ

1364 452 1640 508 CONTRA
1681 448 1960 506 CELSUM
2002 447 2128 503 Lll).
2170 445 2258 502 ιν.

3302 449 3459 511 ίυϋϐ,

210 573 498 645 μύρμηκες
530 575 623 627 καὶ
660 575 916 645 βάτραχοι
948 576 995 626 οἱ
1028 573 1518 637 καταπεπτωκότες
1546 572 1652 626 ἀπὺ
1679 571 1758 642 τῆς

1882 570 2036 630 culis,
2073 582 2172 635 pro
2220 563 2460 620 formicis
2495 573 2544 618 et
2571 579 2666 632 pro
2695 563 2843 620 ranis
2871 565 3148 621 habendos
3182 578 3320 631 esse,
3343 574 3439 637 qui

214 663 340 735 περὶ
365 663 497 714 Θεοῦ
539 663 722 730 ὑγιοῦς
757 662 1092 734 ὑπολήψεως,
1125 661 1393 732 φαντασίᾳ
1421 661 1465 713 δ’
1500 660 1776 721 εὐσεϐείας

207 757 324 826 ἧτοι
357 754 524 823 ἄλογα
565 756 678 819 ζῷα
705 755 737 827 ἢ
771 755 1059 824 ἀγάλματα
1099 755 1364 816 σέϐοντες,
1398 753 1430 824 ἢ
1463 754 1555 805 καὶ
1581 751 1648 804 τὰ
1682 752 1776 822 δη-

175 917 177 919 _
211 847 618 916 μιουργὴματα·
645 847 760 900 δέον
792 849 855 899 ὲκ
899 845 990 897 τοῦ
1018 845 1242 908 κάλλους
1271 845 1447 897 αὐτῶν
1479 843 1776 913 θαυμάζειν

205 939 299 991 τὸν
343 940 695 1009 πεποιηκότα,
745 940 990 990 κάκεῖνον
1020 936 1226 989 σέϐειν·
1259 936 1530 1007 ἄνθρωποι
1567 935 1643 998 δὲ,
1679 935 1773 987 καὶ

208 1026 263 1077 εἰ
287 1045 341 1082 τι
374 1027 672 1098 ἀνθρώπων
699 1025 1039 1097 τιμιώτερον,
1067 1027 1116 1078 οἱ
1155 1025 1472 1093 δυνηθέντες
1512 1024 1772 1092 ἀναϐῆναι

206 1115 622 1179 ἀκολουθοῦντες
653 1113 728 1184 τῷ
767 1115 907 1184 λόγῳ
936 1102 1039 1166 an?)
1072 1113 1230 1166 λίθων
1269 1114 1364 1166 καὶ
1413 1111 1602 1179 ξύλων,
1639 1111 1772 1164 ἀλλὰ

159 1262 173 1268 _
207 1207 302 1258 καὶ
323 1206 422 1276 τῆς
447 1208 799 1277 νομιζομένης
828 1206 958 1276 ὕλης
988 1201 1125 1258 εἶναι
1162 1207 1493 1276 τιμιωτάτης
1529 1203 1769 1274 ἀργύρου

205 1299 300 1349 καὶ
324 1299 523 1368 χρυσοῦ
544 1317 556 1329 °
594 1300 889 1363 ἀναϐάντες
917 1299 971 1351 δὲ
996 1300 1088 1351 καὶ
1109 1299 1216 1352 ἀπὸ
1247 1297 1354 1350 τῶν
1379 1301 1434 1350 ἐν
1462 1297 1648 1367 κόσμῳ
1671 1314 1770 1349 κα-

205 1387 312 1439 λῶν
350 1390 441 1441 ἐπὶ
479 1390 566 1442 τὸν
602 1389 670 1441 τὰ
712 1389 807 1441 ὅλα
840 1391 1158 1459 ποιήσαντα,
1195 1390 1287 1440 καὶ
1331 1386 1520 1456 ἐκείνῳ
1549 1385 1772 1447 ἑαυτοὺς

205 1480 612 1544 πιστεύσαντες,
662 1481 754 1533 καὶ
783 1480 857 1544 ὡς
905 1482 1048 1551 μόνῳ
1085 1481 1325 1551 διαρκεῖν
1357 1477 1637 1548 δυναμένῳ
1678 1478 1770 1529 ἐπὶ

204 1573 384 1625 πάντα
409 1571 477 1623 τὰ
513 1572 659 1635 ὄντα,
691 1573 782 1624 καὶ
822 1573 1019 1642 ὲφορᾷν
1049 1573 1172 1635 τοὺς
1209 1572 1423 1624 πάντων
1457 1567 1766 1638 λογισμοὺς,

201 1667 296 1719 καὶ
337 1666 553 1718 ἀκούειν
599 1665 698 1736 τῆς
738 1666 951 1718 πάντων
996 1665 1192 1735 εὐχῆς·
1223 1663 1322 1726 τὰς
1367 1661 1528 1733 εύχὲις
1577 1660 1767 1730 ἐκείνῳ

198 1745 633 1826 ἀναπέμποντες,
677 1758 770 1809 καὶ
798 1757 872 1821 ὡς
902 1757 995 1810 ἐπὶ
1036 1755 1225 1809 θεατοῦ
1261 1753 1420 1806 αὐτοῦ
1470 1752 1577 1805 τῷν
1619 1767 1766 1821 γινο-

201 1848 380 1917 μένων
416 1847 592 1901 πάντα
625 1847 971 1917 πράττοντες,
1012 1847 1103 1900 καὶ
1135 1847 1208 1909 ὡς
1238 1845 1327 1898 ἐπὶ
1363 1843 1630 1915 ἀκροατοῦ
1658 1843 1765 1896 τῶν

229 1940 504 2010 εγομένων
547 1938 933 2008 φυλαττόμενοι
979 1939 1157 2007 λέγειν
1195 1937 1256 1989 τὸ
1301 1936 1374 2007 μὴ
1425 1933 1765 2005 ἀρεσκόντως

193 2031 666 2106 ἀπαγγελλόμενον
696 2030 773 2100 τῷ
796 2030 933 2100 Θεῷ.
964 2031 1024 2082 Εἰ
1060 2030 1135 2100 μὴ
1158 2027 1266 2100 ἆρα
1292 2031 1325 2098 ἡ
1351 2026 1649 2096 τηλικαύτη
1677 2026 1767 2077 εὑ-

195 2122 384 2176 σέϐεια
426 2111 538 2174 οὗθ’
568 2123 673 2175 ὑπὸ
707 2116 903 2184 πόνων,
933 2119 1046 2173 οὗθ’
1078 2119 1181 2174 ὑπὸ
1213 2119 1468 2172 κινδύνων
1514 2117 1763 2179 θανάτου,

191 2212 308 2265 οὔθ’
338 2213 441 2266 ὑπὸ
480 2213 710 2280 λογικῶν
736 2212 1102 2282 πιθανοτήτων
1135 2211 1430 2279 νικωμένη,
1463 2207 1612 2260 οὐδὲν
1644 2206 1767 2276 βοη-

191 2303 281 2357 θεῖ
310 2308 422 2369 τοῖς
463 2305 802 2376 ἀνειληφόσιν
837 2304 1005 2375 αὐτὴν
1050 2303 1182 2374 πρὸς
1221 2301 1281 2353 τὸ
1328 2300 1522 2370 μηκέτι
1568 2299 1763 2362 αὐτοὺς

193 2393 638 2465 παραϐάλλεσθαι
681 2394 967 2466 σκώληξιν,
1000 2395 1056 2466 ἐἰ
1091 2394 1182 2449 καὶ
1228 2389 1764 2461 παρεϐάλλοντοίπρδ

146 2555 150 2558 ⁴
318 2485 647 2556 τηλικαύτης
693 2451 971 2548 εὐσεέετίας
995 2451 1016 2548 ;'
1038 2479 1182 2553 Ἀρα
1209 2481 1264 2533 δὲ
1299 2451 1348 2532 οἱ
1379 2477 1633 2539 νικῶντες
1665 2451 1763 2546 τὴν

147 2565 150 2571 ’
188 2573 528 2646 δριμυτάτην
569 2576 703 2648 πρὸς
736 2575 1022 2645 ἀφροδίσια
1063 2572 1259 2643 ὄρεξιν,
1299 2569 1506 2622 πολλῶν
1548 2569 1764 2637 ποιήσα-

193 2680 296 2718 σαν
345 2665 469 2726 τοὺς
502 2664 706 2734 θυμοὺς
749 2664 1057 2734 μαλθακοὺς
1094 2662 1184 2714 καὶ
1225 2660 1497 2731 κηρίνους,
1543 2659 1635 2709 καὶ
1677 2656 1762 2708 διὰ

189 2753 352 2824 τοῦτο
390 2754 664 2819 νικῶντες,
706 2755 826 2807 ἐπεί
856 2771 960 2825 περ
997 2741 1324 2820 ἐπείσθησαν
1357 2750 1430 2820 μὴ
1466 2748 1640 2809 ἄλλως
1686 2748 1762 2798 ol-

182 2831 485 2914 acstmeﬁvat
517 2845 767 2899 δύνασθαι
794 2844 872 2914 τῷ
901 2843 1036 2913 Θεῷ,
1072 2843 1164 2895 ὲὰν
1195 2842 1389 2914 μὴκαὶ
1430 2839 1519 2891 διὰ
1549 2855 1761 2909 σωφρο-

189 2925 362 3004 σύνης
391 2935 629 2990 ἀναὸὦσι
657 2935 791 3006 πρὸς
819 2935 999 2999 αὐτὸν,
1031 2931 1484 3004 σκωλήκωνύμῖν
1511 2929 1758 2984 δοκοῦσιν

186 3021 333 3080 εἶναι
359 3026 593 3096 ἀδελφοὶ,
637 3029 728 3081 καὶ
763 3028 1065 3100 μυρμήκων
1108 3026 1404 3092 συγγενεῖς,
1434 3023 1527 3076 καὶ
1559 3023 1757 3094 βατρά-

184 3132 304 3186 χοις
340 3117 739 3188 παραπλήσιοι;
774 3117 840 3169 Τί
871 3116 948 3179 δὲ,
981 3116 1042 3167 τὸ
1078 3115 1327 3185 λαμπρὸν
1355 3114 1453 3183 τῆς
1481 3113 1755 3186 δικαιοσύ-

185 3221 308 3275 νης,
334 3205 602 3278 τηρούσης
625 3207 687 3264 τὸ
712 3206 845 3277 πρὸς
867 3205 956 3258 τὸν
981 3205 1203 3275 πλησίον
1235 3204 1326 3256 καὶ
1361 3203 1616 3273 ὁμογενὲς
1644 3220 1756 3255 κοι-

184 3296 434 3362 νωνικὸν,
457 3298 548 3350 καὶ
571 3297 796 3361 δίκαιον,
833 3298 926 3349 καὶ¹
955 3295 1348 3366 φιλάνθρωπον,
1380 3295 1473 3346 καὶ
1501 3292 1753 3363 χρηστὸν,

182 3386 340 3440 οὐδὲν
365 3386 516 3440 ἀνύει
540 3389 671 3458 πρὸς
696 3388 756 3440 τὺ
781 3389 854 3458 μὴ
875 3382 1010 3440 εἶναι
1035 3385 1318 3455 νυκτερίδα
1339 3385 1428 3436 τὴν
1445 3383 1637 3435 τοιονδί
1661 3400 1673 3447 ;
1704 3384 1754 3434 οἱ

181 3477 242 3528 δὲ
268 3478 395 3547 περὶ
420 3477 516 3540 τὰς
554 3478 842 3540 ἀκολασίας
889 3478 1308 3547 καλινδούμενοι,
1343 3475 1511 3527 ὁποῖοί
1542 3477 1676 3527 εἰσιν
1704 3477 1753 3527 οι
1815 3549 1820 3554 1

184 3566 372 3620 πολλοὶ
389 3569 494 3620 τῶν
515 3568 832 3639 ἀνθρώπων,
857 3572 952 3625 καὶ
984 3571 1032 3621 οἱ
1056 3571 1172 3631 ταῖς
1207 3567 1573 3637 χαμαιτύπαις
1606 3565 1754 3618 ἀδια-

183 3659 369 3729 φόρως
397 3659 504 3728 (84)
531 3649 863 3730 προσιόντες,
885 3659 1218 3721 διδάσκοντες
1239 3658 1294 3709 δὲ
1319 3658 1410 3710 καὶ
1443 3656 1515 3727 μὴ
1537 3657 1752 3718 πάντως
1786 3722 1788 3725 ν

183 3749 338 3822 παρὰ
387 3750 447 3801 τὸ
485 3750 721 3820 καθῆκον
749 3750 859 3823 (83)
899 3748 1056 3802 τοῦτο
1088 3748 1349 3816 γίνεσθαι,
1391 3746 1488 3800 οὒκ
1517 3749 1653 3800 εἰσιν
1694 3749 1750 3800 ἐν

116 3834 118 3836 ’
183 3839 432 3913 βορὸόρῳ
472 3839 780 3912 σκώληκες;
809 3843 900 3895 καὶ
932 3841 1162 3912 μάλιστα
1203 3840 1610 3910 ουγκρινόμενοι
1641 3841 1753 3900 τοῖς

180 3933 477 4002 διδαχθεῖσι
506 3934 580 4005 μὴ
601 3935 632 3984 ἰ
668 3935 856 4002 αἴρειν
885 3933 957 3986 τὰ
976 3933 1130 4002 μέλη
1163 3933 1264 3985 τοῦ
1296 3932 1568 3999 Χριστοῦ,
1607 3951 1624 3980 ι
1659 3932 1752 3981 καὶ

179 4023 246 4075 τὸ
271 4024 379 4075 ὑπὸ
406 4023 499 4076 τοῦ
523 4025 692 4092 Λόγου
717 4025 1025 4094 οἰκούμενον
1064 4024 1240 4095 σῶμα,
1269 4027 1358 4077 καὶ
1383 4020 1575 4077 ποιεῖν
1601 4024 1758 4078 αὐτὰ

180 4109 414 4184 πόρνὴς
425 4117 583 4184 μέλη
604 4134 617 4146 ο
649 4116 873 4187 μαθοῦσι
900 4116 956 4168 δὲ
977 4117 1074 4187 ἤδη
1102 4119 1193 4168 καὶ
1219 4117 1298 4168 ὅτι
1320 4115 1426 4186 (86)
1456 4116 1514 4166 τὸ
1537 4115 1629 4166 τοῦ
1663 4115 1749 4167 λο-

181 4205 342 4274 γικοῦ
406 4207 496 4259 καὶ
546 4207 621 4276 τῷ
668 4206 784 4276 Θεῷ
824 4207 931 4258 τῶν
980 4207 1114 4258 ὅλων
1165 4205 1517 4274 ἀνακείμενον
1566 4204 1745 4273 σῶμα,

186 4316 208 4347 ‹
277 4296 422 4360 ναός
489 4315 506 4346 ι
553 4283 685 4348 ’ἐστι
742 4295 832 4348 τοῦ
893 4294 1356 4365 προσκυνουμένου
1416 4294 1505 4346 ὑπ’
1569 4293 1747 4346 αὐτῶν

185 4405 206 4437 ι
248 4385 417 4448 Θεοῦ,
460 4403 479 4434 ›
522 4385 758 4436 τοιοῦτον
798 4385 904 4436 ἀπὺ
940 4385 1039 4450 τῆς
1082 4383 1329 4453 καθαρᾶς
1371 4384 1616 4453 περὶτοῦ
1651 4385 1745 4454 δη-

181 4474 446 4548 μιουργοῦ
472 4475 675 4537 ἐννοίας
702 4475 982 4544 γινόμενον
1001 4491 1012 4502 ·
1049 4474 1097 4525 οἳ
1129 4475 1222 4526 καὶ
1248 4473 1632 4544 φυλαττόμενοι
1659 4475 1744 4527 διὰ

177 4572 281 4641 τῆς
326 4569 639 4640 παρανόμου
677 4568 955 4631 συνουσίας
985 4569 1223 4639 φθείρειν
1266 4588 1283 4618 ι
1318 4568 1424 4621 τὸν
1454 4568 1602 4621 ναὸν
1638 4569 1745 4621 τοῦ

181 4661 355 4725 θεοῦν
396 4681 414 4712 ι
445 4661 518 4726 ὡς
547 4662 626 4724 εἰς
658 4661 788 4714 Θεὸν
821 4660 1097 4713 εὐσέϐειαν
1130 4661 1354 4713 ἀσκοῦσι
1385 4660 1479 4730 τὴν
1528 4678 1739 4731 σωφρο-

179 4754 366 4825 σύνην.

251 4847 360 4898 Καὶ
410 4844 561 4898 οὔπω
608 4845 748 4913 λέγω
795 4845 863 4898 τά
904 4843 1062 4897 λοιπὰ
1117 4846 1173 4896 ὲν
1219 4843 1518 4914 ἀνθρώποις
1572 4843 1736 4906 κακὰ,

174 4932 254 4992 ὧν
286 4939 348 4990 ού
379 4937 585 5008 ταχέως
614 4937 722 4990 οὐδ’
749 4939 797 4989 οἱ
834 4935 1137 5004 φιλοσοφεῖν
1174 4935 1453 4996 δοκοῦντες
1481 4934 1743 5004 καθαρεύ-

171 5046 298 5082 ουσι
317 5045 330 5057 ·
361 5027 541 5080 πολλοὶ
570 5027 676 5097 γὰρ
700 5028 792 5079 καὶ⁵
817 5030 866 5080 οἱ
897 5029 954 5078 ὲν
984 5026 1265 5095 φιλοσοφίᾳ
1290 5025 1451 5077 νόθοι.
1482 5025 1617 5078 Ούδέ
1648 5043 1742 5095 φη-

178 5119 242 5190 μί
263 5137 368 5179 πω,
392 5119 472 5169 ὅτι
501 5117 667 5170 πολλά
698 5117 794 5185 μέν
821 5119 931 5168 ἐστι
959 5118 1024 5169 τὰ
1036 5117 1257 5169 τοιαῦτα
1287 5115 1434 5185 παρά
1459 5119 1569 5179 τοῖς
1601 5119 1739 5185 μήτε

185 5209 458 5272 Ἰουδαίοις
489 5210 624 5279 μήτε
642 5211 1001 5280 Χριστιανοῖς.
1027 5209 1179 5259 Ἤτοι
1207 5207 1262 5259 δὲ
1283 5207 1388 5259 οὐδ’
1405 5207 1537 5270 ὅλως
1566 5208 1739 5277 ὑπάρ-

173 5317 259 5371 χει
292 5301 349 5352 ἐν
379 5302 717 5370 Χριστιανοῖς
737 5317 749 5329 ·
791 5302 839 5352 εἰ
877 5299 1076 5370 κυρίως
1109 5297 1398 5363 ἐξετάζοις,
1428 5297 1510 5360 τίς
1537 5299 1567 5349 ὁ
1599 5299 1736 5368 Χρι-

177 5392 417 5454 στιανός’
446 5391 479 5462 ἢ
502 5393 550 5443 εἰ
577 5392 667 5444 καὶ
691 5390 956 5461 εὑρεθείη,
981 5389 1094 5442 ἀλλ’
1116 5388 1229 5442 οὔτι
1258 5405 1320 5457 γε
1354 5391 1409 5442 ἐν
1440 5391 1550 5450 τοῖς
1579 5404 1734 5440 συνε-

253 5536 302 5570 ³¹
331 5535 498 5591 lCor.
529 5548 604 5598 vt,
637 5534 724 5588 15.
799 5533 846 5568 ⁸³
877 5533 1042 5590 lCor.
1075 5548 1159 5597 t-tt,
1188 5532 1274 5585 16.

245 5676 356 5749 (84)
391 5673 757 5749 Ἁδιαςοόρως.
802 5672 887 5749 Ita
923 5684 1072 5749 recte
1115 5672 1334 5749 omnino
1374 5671 1535 5749 habet
1563 5638 1729 5749 codex

171 5739 522 5806 Bolile'ensis‘,
545 5739 627 5796 'el‘
659 5753 813 5810 vetus
842 5739 1154 5803 Vaticanus.
1219 5743 1388 5805 Alias,
1437 5741 1728 5810 διαφόρως,

171 5817 334 5873 nale.
366 5814 507 5868 Infra
558 5811 716 5881 codd.
769 5809 968 5881 Regius
999 5822 1053 5864 et
1094 5811 1434 5879 Basileensis,
1481 5809 1607 5881 ὑπδ
1637 5809 1728 5861 τοῦ

167 5888 340 5957 Λόγου
363 5880 808 5953 οἰκονομούμενον
838 5879 1016 5950 σῶμα.

499 5975 770 6062 [fa-ruere
815 5972 930 6031 Gn.
982 5972 1090 6032 X1.

1879 675 2012 716 sana
2050 661 2116 713 de
2144 660 2253 712 Deo
2291 658 2499 725 perdita
2539 657 2843 720 sententia,
2890 672 3026 711 vana
3061 659 3279 727 pietatis
3314 661 3442 714 ima-

1878 751 2000 820 gine
2029 750 2219 817 delusi,
2253 759 2346 803 aut
2375 748 2630 803 animalia
2663 749 2890 803 rationis
2926 749 3169 816 expertia
3191 788 3207 813 ,
3245 759 3336 804 aut
3364 752 3444 804 si-

1877 830 2151 907 mulacra,
2184 851 2277 898 aut
2309 828 2450 896 alias
2477 842 2716 910 insignes
2745 841 2906 908 hujus
2932 842 3114 895 mundi
3159 856 3242 895 res
3276 856 3443 898 vene-

1876 946 2088 999 rantur,
2120 950 2348 1004 quarum
2397 933 2801 1004 pulchritudine
2839 935 2905 1000 ad
2946 934 3320 989 admirandum
3350 950 3442 1003 co-

1877 1026 2206 1094 lendumque
2249 1025 2500 1094 opificem
2557 1024 2754 1079 adduci
2806 1026 3180 1079 tantummodo
3228 1027 3443 1080 debuiso

1875 1127 2027 1180 seut;
2060 1117 2155 1171 sed
2195 1117 2312 1170 illos
2360 1131 2481 1170 esse
2513 1116 2802 1180 homines,
2839 1124 2894 1169 et
2925 1116 2967 1170 si
2999 1116 3129 1185 quid
3166 1125 3248 1170 est
3278 1117 3443 1171 homi-

1876 1211 2032 1265 nibus
2061 1208 2440 1270 excellentins,
2477 1209 2596 1277 qui,
2650 1208 2916 1262 rationem
2950 1207 3140 1262 ducem
3178 1210 3380 1265 secuti.
3411 1223 3442 1261 ιι

1873 1303 2140 1371 lapidibus
2191 1311 2244 1357 et
2281 1301 2437 1371 lignis
2460 1340 2475 1364 ,
2532 1302 2598 1355 ab
2630 1315 2763 1355 auro
2795 1309 2849 1355 et
2886 1311 3106 1369 argento
3153 1301 3341 1369 majori
3387 1302 3439 1353 in

1872 1396 2046 1462 pretio
2080 1389 2300 1461 habitis,
2333 1410 2361 1449 a
2401 1396 2560 1450 rebus
2585 1391 2751 1461 hujus
2788 1393 2974 1447 mundi
3004 1393 3296 1461 quamlibet
3320 1407 3442 1458 spe-

1873 1484 2056 1548 ciosis,
2090 1486 2157 1537 ad
2203 1485 2444 1539 onmium
2496 1485 2835 1538 conditorem
2883 1484 3100 1554 erigere
3157 1500 3213 1539 se
3254 1493 3442 1552 potue-

1881 1589 2009 1630 runt
2037 1595 2051 1643 ;
2079 1579 2165 1646 qui
2192 1591 2248 1631 se
2275 1587 2414 1631 totos
2437 1576 2509 1630 illi
2538 1576 2974 1650 commiserunt;
3007 1577 3097 1644 qui
3118 1616 3134 1642 ,
3173 1576 3314 1645 quod
3346 1591 3442 1646 pro

1871 1679 2025 1722 certo
2053 1651 2288 1722 habeant
2320 1668 2468 1721 illum
2501 1667 2679 1721 solum
2699 1666 2946 1720 onmibus
2982 1681 3138 1734 posse
3172 1667 3440 1728 sufﬁt-etc,

1870 1761 2227 1828 cogitationes
2247 1759 2491 1812 omnium
2520 1758 3112 1827 perspicere,omnium
3133 1756 3321 1828 preces
3354 1776 3444 1812 an-

1871 1852 2008 1917 dire,
2047 1867 2234 1919 preces
2264 1851 2328 1903 ad
2355 1851 2506 1904 illum
2531 1850 2991 1918 dirigunt,omnia
3022 1850 3173 1918 quasi
3200 1851 3313 1919 ipso
3355 1851 3443 1903 in-

1867 1947 2144 2005 spectante
2176 1937 2393 2004 faciunt,
2428 1949 2481 1997 et
2513 1939 2666 2006 quasi
2701 1940 2951 1992 audiente
2976 1940 3109 2013 ipso
3148 1952 3342 1996 cavent
3377 1957 3442 1995 uc

1866 2026 2157 2096 quidquam
2193 2029 2322 2094 ipsis
2352 2029 2569 2081 exeidat
2593 2067 2608 2091 ,
2635 2029 2779 2096 quod
2815 2028 2888 2081 illi
2927 2029 3220 2096 displicere
3254 2032 3439 2098 possit.

1866 2118 1990 2171 [hcc
2012 2129 2153 2170 tanta
2175 2119 2345 2186 pietas
2371 2118 2956 2188 520neclaboribus,
2974 2136 3071 2174 uec
3094 2124 3281 2176 mortis
3296 2124 3441 2192 pcri-
3470 2114 3473 2115 ν

1867 2208 2026 2274 culis,
2053 2223 2148 2260 nec
2172 2210 2432 2277 captiosis
2461 2209 2730 2264 rationum
2776 2210 3221 2266 conclusionibus
3253 2213 3443 2266 debili-
3487 2256 3493 2261 .

1869 2308 2000 2364 tata,
2025 2299 2228 2352 nihilne
2256 2297 2398 2352 illam
2417 2299 2680 2368 amplexis
2698 2299 2958 2368 proderit,
2975 2281 3267 2369 quominus
3288 2303 3442 2355 dein-

1867 2389 1992 2458 ceps
2006 2405 2125 2443 cum
2147 2388 2459 2443 vermiculis
2480 2388 2853 2450 conferantur.
2872 2390 3083 2444 etiamsi
3107 2401 3262 2445 antea
3283 2406 3436 2446 com-

1866 2482 2047 2548 parari
2077 2483 2358 2549 potuerint
2381 2480 2557 2546 ?Quid
2583 2482 2605 2534 ?
2630 2483 2721 2550 qui
2772 2480 3301 2535 vehementissimam
3343 2485 3440 2538 ob-

1799 2585 1801 2588 ‘
1873 2585 2072 2625 scmnae
2098 2572 2387 2641 voluptatis
2419 2571 2691 2624 libidinem
2711 2581 3057 2625 enervantem
3082 2581 3244 2640 atque
3268 2575 3437 2627 emol-

1864 2661 2082 2716 lientem
2107 2662 2601 2726 animoscohibent
2628 2676 2689 2715 ea
2722 2676 2910 2726 causa,
2943 2665 3090 2732 quod
3120 2679 3435 2733 persuasum

1863 2752 2068 2805 habent
2101 2767 2160 2806 se
2198 2751 2289 2804 Dei
2328 2765 2435 2804 non
2479 2767 2639 2821 posse
2684 2751 3108 2808 familiaritatem
3157 2757 3433 2826 consequi,

1866 2843 1969 2895 nisi
2016 2844 2081 2896 ad
2133 2858 2254 2897 eum
2298 2847 2392 2911 p‘er
2460 2845 2874 2912 temperantiam
2924 2849 3344 2916 contenderim;
3399 2849 3438 2905 ii

1861 2937 2015 2990 vobis
2059 2936 2482 2997 vermiculorum
2539 2936 2824 3005 germani,
2875 2940 3255 3006 cognationem
3307 2956 3430 2994 cum

1861 3026 2575 3090 formicis.habere,similes
2605 3041 2723 3080 esse
2753 3027 2899 3080 ranis
2940 3030 3230 3082 videntur?
3256 3030 3434 3096 Quid?

1859 3119 2075 3174 Justitia
2101 3159 2114 3180 ,
2154 3116 2433 3186 splendida
2472 3116 2558 3168 illa
2592 3117 2760 3168 virtus
2799 3129 2918 3184 qua!
2950 3132 3080 3186 erga
3125 3121 3431 3186 proximum

1857 3190 2317 3280 jura/societatis,
2350 3207 2661 3275 aequitatem
2683 3247 2696 3268 ,
2726 3207 3116 3274 benignitatem
3136 3251 3149 3273 ,
3179 3211 3432 3266 humani-
3503 3231 3505 3233 ·

1867 3310 2029 3355 tatem
2062 3309 2275 3361 servat,
2328 3314 2431 3351 non
2474 3297 2715 3349 obstabit
2767 3296 2894 3365 quin
2932 3299 3019 3351 illa
3077 3302 3339 3367 praeditus
3373 3304 3428 3356 iu

1861 3389 2267 3457 vespertilioaes
2300 3387 2570 3441 referatur
2593 3388 2616 3438 ’ί
2645 3387 2842 3440 Contra
2867 3389 2957 3456 qui
2982 3404 3038 3442 se
3065 3391 3114 3442 in
3138 3390 3432 3460 ﬂagitiosus

1858 3471 2114 3536 libidines
2161 3481 2516 3548 ingurgitent,
2568 3479 2710 3548 quod
2764 3478 3005 3547 plerique
3052 3480 3287 3548 faciunt,
3335 3485 3426 3552 qui

1859 3576 2004 3645 nullo
2034 3573 2236 3644 pudore
2261 3574 2325 3625 ad
2364 3573 2553 3634 obvias
2577 3587 2822 3640 quasque
2856 3573 3054 3641 vulgati
3079 3578 3319 3642 corporis
3346 3578 3426 3629 fe-

1844 3660 2032 3721 ~minas
2073 3667 2355 3728 accedunt,
2385 3664 2484 3731 qui
2545 3664 2741 3716 docent
2771 3665 2882 3717 haec
2911 3680 3013 3717 non
3047 3681 3166 3719 esse
3201 3663 3426 3735 ﬂagitia,

1856 3773 2037 3812 nonne
2077 3756 2151 3810 illi
2176 3764 2300 3809 sunt
2320 3769 2535 3808 vermes
2566 3755 2616 3806 in
2649 3768 2806 3808 como
2833 3754 3052 3807 volutati
3075 3755 3099 3807 ?
3126 3757 3424 3823 praesertim

1855 3851 1898 3904 si
1935 3858 2317 3920 comparentur
2337 3847 2402 3899 ad
2426 3861 2518 3899 eos
2567 3847 2656 3912 qui
2690 3845 2834 3898 docti
2882 3854 3006 3897 sunt
3041 3861 3145 3899 non
3186 3864 3204 3896 ι
3239 3847 3424 3902 tollere

1855 3942 2092 3996 membra
2125 3925 2327 3992 Christi
2361 3957 2379 3990 ι
2414 3947 2468 3990 et
2488 3951 2685 4004 corpus
2713 3935 2762 3987 in
2794 3950 2898 4008 quo
2938 3937 3168 3991 Verbqu
3195 3940 3420 4005 habitat,

1852 4043 1936 4085 uti
1961 4009 2410 4085 faciatitmembra
2429 4028 2732 4082 meretricis
2757 4029 2836 4090 5’;
2865 4029 3089 4097 iquique
3115 4030 3423 4086 didicerunt

1849 4138 2044 4191 corpus
2078 4125 2128 4175 iu
2153 4139 2261 4191 quo
2295 4131 2484 4175 natura
2509 4130 2591 4175 est
2624 4121 2844 4173 rationis
2875 4123 3164 4189 particeps,
3203 4125 3421 4178 univer-

1850 4230 2031 4268 sorum
2068 4213 2593 4276 Deo’cousecratum,
2626 4231 2643 4263 ι
2673 4214 2924 4279 templum
2951 4232 2969 4263 ι
2999 4225 3117 4268 esse
3149 4233 3166 4264 ι
3211 4215 3295 4268 Dei
3323 4215 3366 4246 ⁵³
3392 4233 3415 4269 ι

1799 4295 1801 4297 ’
1850 4321 2007 4374 quem
2038 4307 2300 4370 adorant,
2346 4305 2574 4372 fierique
2612 4304 2705 4358 Dei
2743 4304 2994 4371 templum
3024 4321 3143 4358 cum
3180 4316 3324 4360 recte
3354 4308 3420 4362 de

1848 4399 2130 4453 conditore
2183 4400 2456 4463 sentitur;
2511 4399 2599 4467 qui
2656 4398 2886 4464 denique
2938 4397 3221 4450 horrentes
3273 4418 3291 4447 ι
3325 4399 3414 4452 Dei

1849 4488 2104 4555 templum
2132 4507 2149 4539 ι
2188 4488 2374 4541 illicita
2399 4489 2679 4554 voluptate
2706 4485 2969 4553 polluere,
3000 4501 3110 4539 sua:
3141 4487 3415 4554 religionis

1779 4598 1822 4651 ι)
1849 4593 1969 4632 esse
2002 4579 2209 4631 ducent
2238 4577 2416 4630 colere
2447 4575 2881 4643 temperantiam.

1847 4822 1855 4830 ’
1919 4839 2013 4893 ‘27.
2045 4841 2314 4894 Prmtereo
2355 4847 2548 4893 caetera
2581 4855 2701 4908 quae
2749 4841 2886 4907 apud
2937 4839 3187 4896 homines
3233 4844 3415 4913 vigent

1849 4933 2103 4994 crimina,
2135 4947 2362 5000 quorum
2393 4931 2626 4986 fortasse
2652 4949 2753 5012 non
2777 4943 2900 4986 sunt
2925 4934 3188 4987 immunes
3213 4935 3293 4988 vel
3322 4939 3415 5005 qui

1847 5021 2239 5089 phiIOSOphiam
2271 5036 2378 5088 pra:
2407 5037 2464 5075 se
2491 5021 2713 5075 ferunt:
2752 5022 2899 5076 multi
2944 5024 3085 5076 enim
3119 5033 3244 5077 sunt
3280 5040 3416 5094 quos

1849 5114 2110 5179 genuinos
2139 5113 2432 5181 discipulos
2460 5115 2789 5183 philoSOphia
2821 5129 2926 5168 non
2950 5117 3214 5183 agnoscit.
3241 5119 3420 5174 Taceo

1846 5205 2008 5256 etiam
2036 5190 2206 5255 multa
2242 5205 2503 5273 ejusmodi
2535 5207 2762 5260 crimina
2789 5205 2925 5274 apud
2950 5221 3044 5261 eos
3077 5209 3299 5277 reperiri
3324 5212 3412 5276 qui

1845 5310 2019 5362 neque
2046 5295 2239 5357 Juda‘i.
2270 5313 2441 5365 neque
2464 5298 2764 5352 Chrisriani
2794 5307 2940 5352 sunt.
2975 5298 3196 5354 Aliirmo
3230 5311 3409 5354 autem

1845 5389 1958 5441 htec
1987 5399 2079 5441 aut
2112 5391 2251 5457 apud
2286 5390 2627 5444 Christianos
2659 5404 2768 5443 non
2792 5404 2933 5453 esse,
2963 5390 3008 5444 si
3038 5393 3166 5460 quid
3197 5393 3410 5462 proprie

1841 5668 1845 5672 ’
1916 5667 2028 5735 (85)
2060 5667 2226 5734 Παρὰ
2253 5669 2320 5720 τὸ
2351 5668 2636 5736 καθῆκον.
2657 5667 2720 5720 ιτ.
2747 5665 2882 5721 Tull.
2904 5682 2986 5721 or.
3004 5683 3097 5731 pro
3124 5666 3197 5719 Μ.
3222 5666 3403 5724 Caelio.

1912 5737 2021 5806 (8(5)
2063 5737 2174 5791 Vox
2201 5740 2302 5797 ὅτι,
2339 5754 2460 5805 qua:
2510 5740 2560 5790 in
2620 5747 2776 5791 antea
2832 5738 2993 5791 editis
3044 5739 3402 5798 desideratur,

1838 5809 2144 5877 restituitur
2169 5823 2199 5859 e
2219 5807 2403 5861 codice
2455 5806 2686 5861 Joliano.
2708 5807 2872 5862 Paulo
2899 5819 3037 5876 Pose,
3068 5806 3206 5858 idem
3231 5807 3396 5859 codex

1838 5875 2007 5943 recte,
2033 5875 2080 5928 οἳ
2107 5879 2201 5930 καὶ
2225 5876 2631 5947 φυλαττόμενοι.

3055 5967 3131 6028 3’5
