4056 6310
696 442 856 505 ’1067

2121 453 2438 510 ORIGENIS

3816 468 3934 524 £068

717 577 786 625 sit
809 572 1146 627 Christianus
1175 573 1642 638 consideraveris;
1681 582 1796 638 aut,
1822 572 1869 628 ἐἰ
1904 574 2267 636 inveniuntur,

2374 576 2620 647 δρεύουσι
2647 579 2737 630 καὶ
2758 579 2849 631 ἐπὶ
2875 580 2970 644 τὰς
2993 581 3174 646 κοινὰς
3197 584 3358 653 εὐχὰς
3384 584 3719 656 ἐρχομένοις,
3750 588 3839 639 καὶ
3871 592 3930 659 μὴ

716 681 819 718 non
860 673 1006 718 certe
1033 663 1170 719 inter
1207 680 1304 720 eos
1334 666 1423 734 qui
1459 666 1523 718 ad
1555 675 1753 718 ccetum
1783 666 2146 730 conveniunt,
2186 669 2278 735 qui

714 759 964 826 precibus
998 760 1227 829 publicis
1257 760 1564 824 intersunt,
1602 776 1701 814 nec
1734 760 1800 814 ab
1843 762 1945 816 illis
1981 761 2274 820 arcentur:

713 851 814 904 nisi
873 853 1009 903 forte
1061 852 1182 920 quis
1233 851 1372 904 inter
1427 854 1562 906 alios
1606 854 1791 907 furtim
1849 856 2131 923 irrepsisse
2182 855 2274 908 tle-

714 940 1103 1005 preltemlazur.
1133 940 1249 994 Non
1297 941 1464 1006 igitur
1515 943 1795 996 vermieuli
1843 959 2031 998 sumus
2074 954 2276 999 cretum

714 1029 990 1091 facientes,
1028 1045 1126 1083 nos
1149 1031 1238 1099 qui
1291 1041 1479 1085 contra
1507 1031 1720 1088 Judznos
1755 1050 1785 1088 c
1827 1037 2106 1102 scripturis
2142 1052 2277 1104 quas

713 1123 939 1174 credunt
972 1135 1160 1174 sacras
1191 1137 1492 1190 pugnamus
1515 1164 1529 1188 ,
1557 1134 1610 1176 et
1636 1126 2000 1188 ostendimus,
2033 1142 2153 1180 eum
2185 1128 2274 1196 qui

713 1213 998 1280 praedictus
1057 1222 1138 1268 est
1212 1216 1527 1281 advenisse,
1615 1215 1844 1287 illosque
1896 1230 2114 1287 propter
2178 1237 2273 1275 sua

710 1307 946 1359 maxima
1003 1315 1224 1372 peccata
1273 1308 1515 1362 desertos
1563 1307 1762 1371 fuisse;
1819 1327 1918 1365 nos
1962 1321 2138 1366 autem
2185 1316 2272 1381 qui

709 1397 1043 1464 suscepimus
1079 1396 1349 1462 Verbum,
1393 1400 1628 1468 optimas
1666 1400 1718 1452 in
1770 1401 1876 1454 Deo
1915 1418 2038 1470 spes
2075 1404 2274 1459 habere

708 1485 1019 1546 collocatas.
1069 1486 1225 1540 nixas
1258 1499 1439 1540 nostra
1492 1490 1543 1541 in
1578 1505 1700 1542 eum
1736 1491 1841 1545 fide
1865 1530 1879 1552 ,
1911 1501 1966 1546 et
2016 1496 2137 1547 vita:
2180 1509 2294 1563 εει--

712 1594 865 1641 nere,
899 1579 1041 1646 quod
1073 1595 1172 1633 nos
1206 1581 1273 1632 ab
1301 1581 1446 1634 omni
1481 1583 1718 1649 nequitia
1750 1585 1986 1652 vitioque
2013 1600 2177 1653 puros
2207 1588 2272 1640 ad

707 1669 824 1736 ejus
854 1679 1029 1739 potest
1073 1672 1371 1740 perducere
1423 1673 1873 1728 familiaritatem.
1913 1666 2079 1732 Nemo
2112 1678 2274 1746 igitur

708 1774 919 1826 eorum,
951 1763 1042 1829 qui
1070 1778 1126 1816 se
1153 1750 1366 1817 Judueos
1411 1773 1504 1816 aut
1544 1765 1884 1821 Christianos
1929 1768 2268 1837 profitentur,

711 1851 1029 1922 simpliciter
1086 1856 1335 1909 dixerit:
1397 1855 1539 1910 Deus
1585 1857 1753 1910 nostri
1817 1873 1980 1913 causa
2040 1861 2271 1916 maxime

709 1945 962 1996 mundum
986 1959 1197 1999 onmem
1226 1946 1594 2015 malorumque
1617 1958 1934 2016 apparatum
1959 1947 2114 2018 521
2139 1965 2270 2004 con-

707 2036 885 2090 stituit
910 2037 1034 2090 :sed
1066 2038 1108 2090 si
1139 2038 1280 2104 quis,
1303 2047 1358 2090 ut
1387 2037 1544 2091 Jesus
1572 2037 1838 2101 docuit“,
1880 2041 2079 2093 mttndo
2111 2043 2272 2096 corde

709 2134 811 2190 est,
851 2124 996 2180 mitis
1025 2166 1041 2190 ,
1073 2126 1353 2194 pacificus,
1383 2126 1742 2194 periculorum
1776 2139 1996 2197 prepter
2020 2131 2270 2198 pietatem

711 2219 968 2282 tolerans,
995 2219 1178 2286 isjure
1205 2219 1312 2272 Deo
1347 2219 1620 2272 conlidere
1669 2230 1846 2289 potest
1885 2231 1938 2275 et
1971 2223 2186 2288 dicere,
2228 2225 2269 2278 si

705 2311 919 2378 quidem
957 2311 1265 2380 prophetias
1302 2310 1550 2380 intelligit
1585 2327 1597 2362 :
1645 2312 1810 2367 Nobis
1856 2314 1946 2378 qui
1985 2315 2270 2380 credimus,

707 2405 879 2456 unmia
911 2405 1019 2456 hwc
1048 2402 1184 2458 Deus
1219 2407 1632 2469 praenimis-(ruri:
1658 2415 1704 2457 ct
1729 2406 1994 2470 prwdixit.

777 2492 866 2546 28.
914 2491 1179 2557 Quoniam
1228 2508 1356 2546 vero
1404 2491 1596 2546 Celsus
1646 2494 1987 2558 Christianis,
2014 2512 2148 2564 quos
2179 2514 2273 2566 pro

706 2584 1016 2638 vermiculis
1048 2584 1225 2649 habet,
1257 2586 1418 2639 verba
1455 2586 1568 2638 haec
1597 2586 1845 2641 attribuit
1884 2606 1896 2641 :
1933 2607 1950 2640 ι
1986 2589 2153 2646 Nobis
2187 2607 2271 2645 so-

704 2671 792 2739 lis,
820 2673 1003 2727 relicto
1035 2683 1145 2727 toto
1190 2674 1390 2728 mundo
1416 2675 1730 2743 cmlestique
1766 2691 1946 2739 cursu,
1997 2679 2270 2747 neglecta-

705 2777 810 2832 que
835 2772 942 2816 tota
977 2763 1078 2816 hac
1109 2777 1214 2832 qua
1247 2763 1354 2815 late
1388 2768 1541 2831 patet
1565 2773 1729 2830 terra,
1761 2763 1900 2818 Deus
1951 2768 2192 2833 providet
2221 2777 2274 2821 et

707 2854 979 2924 invigilat;
1012 2852 1078 2907 ad
1112 2869 1210 2907 nos
1238 2853 1398 2906 mittit
1430 2868 1724 2921 praecones,
1754 2869 1851 2908 nec
1878 2855 2092 2909 mittere
2128 2856 2270 2910 desi-

705 2944 813 3010 uit,
844 2944 1103 2999 sollicitus
1120 2943 1390 3012 quomodo
1413 2951 1675 2997 teter-num
1705 2943 1777 2996 illi
1801 2946 2214 3013 conjungamur;
2250 2965 2267 2997 ι

674 3035 991 3089 dicendum
1021 3032 1108 3087 hic
1138 3029 1211 3086 ab
1242 3033 1328 3086 illo
1363 3033 1516 3086 nobis
1547 3034 1817 3103 assignari
1849 3049 1967 3103 qua:
2001 3051 2272 3106 nunquam

708 3122 863 3177 nobis
898 3123 949 3176 in
979 3124 1210 3174 mentem
1243 3128 1529 3173 venerunt.
1557 3119 1813 3190 Legimus
1845 3121 1989 3174 enim
2038 3131 2088 3174 et
2121 3122 2273 3174 novi-

2381 668 2816 738 ἀποκλειομένοις
2849 673 2941 724 ἀπ’
2979 673 3185 727 αὐτῶν
3229 679 3276 728 εἰ
3324 677 3396 746 μὴ
3437 677 3543 747 ἄρα
3587 695 3670 741 τις
3711 681 3930 742 σπανίως

2379 761 2652 815 λανθάνων
2708 765 2764 814 ἐν
2809 768 2918 828 τοῖς
2964 767 3177 830 πολλοῖς
3225 769 3528 840 εὑρίσκοιτο
3570 770 3809 834 τοιοῦτος
3867 773 3928 824 Οὐ

2381 854 2656 924 σκώληκες
2679 852 2770 908 οὖν
2791 858 3234 927 ἐκκλησιάζοντές
3250 861 3414 930 ἐσμεν
3429 863 3477 913 οἱ
3497 864 3634 931 πρὸς
3667 863 3928 924 Ἰουδαίους

2381 943 2654 1013 ἱστάμενοι
2686 946 2790 997 ἀπὸ
2816 948 2919 998 τῶν
2946 951 3388 1019 πεπιστευμένων
3412 951 3594 1014 αὐτοῖς
3615 943 3754 1003 εἶναι
3780 971 3930 1021 γραμ-

2381 1033 2560 1101 μάτων
2598 1034 2775 1105 ίερῶν,
2807 1036 2898 1087 καὶ
2929 1036 3231 1100 δεικνύντες
3263 1040 3352 1090 τόν
3383 1058 3441 1092 τε
3477 1043 3929 1110 προφητευόμενον

2377 1121 2845 1195 ἐπιδεδημηκέναι,
2899 1129 2990 1178 καὶ
3043 1127 3130 1180 διὰ
3177 1128 3244 1180 τὰ
3298 1130 3530 1199 μέγιστα
3577 1132 3930 1202 ἁμαρτήματα

2376 1214 2615 1278 ἐκείνους
2644 1217 3147 1285 ἐγκαταλελεῖφθαι,
3183 1221 3274 1271 καὶ
3299 1223 3464 1290 ἡμᾶς,
3492 1224 3617 1284 τοὺς
3651 1223 3914 1291 παραδεξα

2380 1304 2568 1374 μένους
2593 1305 2681 1358 τὸν
2709 1308 2897 1374 Λόγον,
2936 1309 3151 1373 ἐλπίδας
3191 1310 3332 1380 ἔχειν
3374 1312 3521 1380 παρὰ
3548 1313 3665 1381 Θεῷ
3697 1315 3794 1374 τὰς
3828 1313 3932 1382 ἀρί-

2377 1413 2526 1458 στας,
2559 1396 2620 1450 ἕκ
2648 1415 2704 1449 τε
2732 1398 2829 1467 τῆς
2857 1401 2935 1459 εἰς
2961 1397 3119 1452 αὐτὸν
3147 1402 3377 1478 πίστεως
3407 1404 3498 1455 καὶ
3527 1402 3620 1454 τοῦ
3647 1403 3930 1471 δυναμένα-δ

2375 1487 2518 1555 ἡμᾶς
2543 1489 2817 1541 οἰκειῶσαι
2850 1489 2995 1560 αὐτῷ
3023 1491 3289 1562 καθαροὺς
3322 1493 3428 1546 ἀπὸ
3469 1493 3647 1563 πάσης
3681 1495 3931 1562 πονηρίας

2375 1578 2466 1631 καὶ
2513 1579 2708 1642 κακίας
2747 1581 2881 1648 βίου.
2930 1583 3039 1652 Οὐχ
3078 1584 3264 1646 ἅπλῶς
3311 1581 3422 1647 οὖν,
3468 1586 3521 1637 εί
3564 1604 3647 1647 τις
3695 1586 3932 1638 Ἰουδαῖοι

2374 1669 2560 1721 ἐαυτὸν
2586 1671 2617 1739 ἢ
2649 1671 2965 1741 Χριστιανὸν
2995 1673 3333 1744 ἀναγορεύει,
3361 1670 3513 1736 οὗτος
3541 1674 3687 1741 λέγοι
3717 1676 3824 1742 (87)
3855 1677 3930 1739 ἂν,

2372 1759 2451 1812 δτι
2486 1761 2574 1814 τὸν
2618 1761 2794 1814 πάντα
2825 1762 3026 1832 κόσμον
3054 1765 3145 1815 καὶ
3178 1765 3276 1834 τὴν
3323 1766 3568 1834 οὐράνιον
3601 1767 3773 1836 φορὰν
3814 1768 3934 1836 ἡμῖν

2377 1851 2607 1920 μάλιστα
2657 1852 2950 1922 πεποίηκεν
2995 1857 3022 1905 6
3065 1854 3223 1916 Θεός·
3269 1857 3382 1926 ἀλλ’
3423 1856 3476 1908 εί
3512 1874 3615 1920 τις,
3654 1858 3729 1919 ὡς
3770 1860 3798 1909 6
3838 1857 3934 1926 Ἵηο

2377 1942 2499 2005 σούς
2528 1943 2636 2014 (88)
2663 1945 2887 2010 ἐδίδαξε,
2914 1946 3149 2015 καθαρός
3171 1947 3283 1999 ἐστι
3309 1951 3372 2017 τῇ
3395 1948 3608 2019 καρδίᾳ,
3632 1949 3726 2002 καὶ
3751 1951 3932 2018 πρᾶος.

2374 2032 2464 2084 καὶ
2512 2035 2863 2104 είρηνοποιὸς,
2902 2036 2994 2088 καὶ
3023 2028 3329 2106 προθύμως
3372 2038 3655 2107 ὑπομένων
3701 2042 3825 2099 τοὺς
3857 2041 3932 2091 διὰ

2373 2124 2468 2194 τὴν
2493 2125 2769 2177 εὐσέϐειαν
2805 2125 3080 2189 κινδύνους
3100 2145 3112 2156 ο
3138 2127 3370 2194 εὐλόγως
3391 2128 3454 2180 ἂν
3480 2132 3508 2181 6
3535 2129 3776 2192 τοιοῦτος
3812 2130 3934 2199 Θαρ-

2376 2216 2491 2284 ροίη
2517 2214 2594 2283 τῷ
2624 2214 2760 2284 Θεῷ,
2805 2218 3003 2278 συνιεὶς
3029 2217 3083 2268 δὲ
3123 2217 3215 2268 καὶ
3241 2217 3330 2268 τὸν
3361 2220 3416 2269 ἐν
3442 2221 3555 2281 ταῖς
3589 2220 3935 2289 προφητείαις

2373 2305 2524 2372 λόγον
2548 2309 2712 2376 φήσαι
2743 2307 2805 2358 ἂν
2839 2310 2930 2359 καὶ
2956 2308 3033 2358 τό·
3079 2326 3096 2356 ι
3135 2307 3318 2360 Πάντα
3347 2309 3519 2362 ταῦτα
3548 2311 3680 2379 ἡμῖν
3716 2315 3827 2372 τοῖς
3866 2330 3935 2360 πί·

2377 2397 2646 2448 στεύουσιν
2670 2399 2696 2448 6
2721 2396 2850 2459 Θεὸς
2877 2397 3243 2467 προδεδήλωκε
3272 2399 3363 2450 καὶ
3387 2398 3768 2467 κατήγγειλεν.
3815 2418 3832 2449 ι

2459 2487 2606 2538 Ἐπεὶ
2639 2485 2694 2538 δὲ
2727 2485 2821 2540 καὶ
2869 2487 3196 2557 πεποίηκεν,
3227 2487 3321 2550 οὓς
3371 2491 3582 2557 ἡγεῖται
3632 2489 3931 2558 σκώληκας,

2373 2578 2727 2648 Χριστιανοὺς
2781 2577 3054 2644 λέγοντας,
3103 2580 3184 2631 δτι
3237 2599 3255 2630 ‹
3310 2579 3407 2649 τὴν
3463 2580 3714 2649 οὐράνιον
3776 2582 3936 2649 φορὰν

2374 2668 2649 2722 ἀπολιπὼν
2678 2669 2705 2719 6
2733 2668 2883 2731 Θεὸς,
2920 2670 3010 2720 καὶ
3060 2669 3158 2739 τὴν
3190 2669 3458 2739 τοσαύτην
3500 2670 3603 2739 γῆν
3635 2670 3748 2736 (89)
3783 2688 3936 2740 παρι-

2373 2759 2496 2823 δὼν,
2527 2761 2654 2828 ἡμῖν
2688 2759 2864 2827 μόνοις
2885 2759 3318 2828 ἐμπολιτεύεται,
3353 2760 3448 2814 καὶ
3482 2761 3618 2832 πρὸς
3650 2763 3798 2831 ἡμᾶς
3827 2763 3936 2813 ἐπι-

2375 2850 2752 2920 κηρυκεύεται,
2789 2851 2880 2901 καὶ
2935 2851 3162 2918 πέμπων
3190 2852 3250 2902 οὐ
3297 2851 3582 2916 διαλείπει,
3628 2853 3724 2904 καὶ
3771 2853 3936 2922 ζητῶν

2373 2941 2519 3002 ὅπως
2553 2941 2638 2992 ἀεὶ
2677 2940 2918 3010 συνῶμεν
2959 2941 3138 3010 αὐτῷ·
3180 2961 3197 2991 ι
3231 2938 3576 3003 λεκτέον,’ὃτι
3615 2943 3684 2994 τὰ
3736 2943 3808 3012 μὴ
3862 2943 3938 2993 λε-

2377 3029 2574 3098 γόμενα
2605 3029 2737 3098 πρὸς
2769 3027 2924 3098 ἡμῶν
2955 3027 3287 3098 περιτίθησιν
3321 3031 3469 3097 ἡμῖν,
3514 3031 3626 3090 τοῖς
3673 3029 3772 3080 καὶ
3815 3029 3932 3078 ἀνα-

2376 3121 2696 3188 γινώσκουσι
2723 3121 2816 3172 καὶ¹
2849 3119 3260 3186 γιγνώσκουσιν,
3294 3139 3311 3170 ι
3347 3121 3428 3170 δτὶ
3455 3119 3644 3188 ἀγαπᾷ
3673 3119 3852 3170 πάντα
3876 3118 3936 3168 τὰ

712 3229 853 3276 mus,
901 3232 920 3265 ι
965 3213 1128 3266 Demn
1182 3211 1405 3278 diligere
1452 3211 1635 3265 omnia
1680 3225 1799 3277 quae
1848 3218 1996 3274 sunt,
2035 3221 2089 3264 et
2141 3212 2271 3266 nihil

2375 3213 2500 3263 ὄντα
2549 3212 2576 3262 6
2620 3210 2769 3272 Θεὸς,
2825 3209 2916 3262 καὶ
2968 3209 3116 3261 οὐδὲν
3171 3208 3516 3277 βδελύσσεται
3549 3201 3625 3260 ῶν
3655 3207 3933 3275 ἐποίησεν·

710 3304 888 3359 odisse
909 3319 1092 3357 eormn
1127 3318 1244 3370 qua:
1276 3302 1444 3366 fecit;
1502 3299 1636 3354 nihil
1671 3302 1813 3355 enim
1852 3302 2268 3356 eonstituturum

712 3395 879 3450 fuisse
903 3398 1044 3465 quod
1064 3396 1269 3448 odisset
1291 3394 1362 3452 ⁵⁵.
1397 3412 1414 3444 ι
1452 3392 1668 3446 Lectum
1701 3391 1856 3448 nobis
1882 3403 1961 3447 est
1994 3403 2052 3468 et
2080 3394 2217 3448 istud
2255 3411 2268 3447 :

718 3506 736 3539 ι
772 3485 957 3540 Parcis
995 3495 1174 3538 autem
1203 3485 1471 3548 omnibus,
1501 3485 1756 3552 quoniam
1786 3485 1965 3538 omnia
2000 3495 2086 3538 tua
2122 3497 2268 3549 sunt,

714 3579 804 3648 qui
833 3592 984 3631 amas
1011 3577 1242 3644 animas.
1272 3573 1702 3642 lneorruptibilis
1726 3576 1871 3629 enim
1907 3586 2028 3629 tuus
2055 3584 2139 3629 est
2161 3576 2271 3642 spi-

713 3672 852 3725 ritus
878 3670 929 3722 in
966 3667 1246 3730 omnibus;
1285 3665 1512 3732 ideoque
1556 3679 1649 3718 eos
1684 3666 1775 3734 qui
1798 3675 2054 3720 exerraut
2106 3666 2274 3735 parti-

712 3763 812 3815 bus
835 3760 1085 3828 corripis,
1116 3767 1169 3812 et
1197 3759 1262 3811 de
1293 3756 1487 3824 quibus
1516 3765 1766 3825 peccant,
1790 3756 2048 3811 admones
2075 3767 2129 3812 et
2153 3773 2275 3812 cor-

715 3851 844 3919 rigis
875 3851 942 3903 “‘.
985 3869 1004 3902 ι
1037 3848 1140 3915 Qui
1177 3849 1339 3902 etiam
1381 3846 1684 3901 diceremus
1714 3865 1731 3899 ι
1766 3849 2028 3903 caelorum
2051 3844 2271 3904 cursum

716 3953 996 4011 totumque
1027 3941 1282 3994 mundum
1315 3954 1344 3992 a
1382 3941 1492 3997 Deo
1519 3939 2049 4009 relinqui,-eumque,
2092 3939 2274 4008 negle-

714 4034 814 4089 ctis
851 4035 916 4087 iis
962 4032 1126 4086 tantis
1164 4041 1321 4084 terra:
1361 4030 1567 4100 spatiis,
1619 4031 1904 4098 providere
1943 4031 2095 4085 nobis
2145 4032 2273 4087 solis

713 4136 877 4194 atque
911 4122 1238 4178 consulere?
1273 4137 1369 4176 nos
1394 4108 1486 4189 qui
1518 4123 1571 4176 in
1601 4123 1850 4191 precibus
1876 4122 2074 4176 scimus
2113 4129 2167 4175 et
2194 4123 2274 4174 di-

713 4216 942 4270 ceudum
970 4224 1024 4268 et
1059 4212 1402 4283 cogitandum
1429 4226 1569 4276 esse,
1600 4228 1618 4262 ι
1659 4212 2029 4267 misericordia
2061 4213 2271 4268 Domini

716 4308 924 4376 plenam
971 4319 1088 4360 esse
1139 4315 1336 4359 terram
1364 4304 1453 4368 ‘7;
1495 4312 1549 4356 et
1591 4303 2015 4358 misericordiam
2065 4304 2272 4358 Domini

715 4413 836 4453 esse
865 4412 1247 4466 superomnem
1271 4408 1495 4450 carnem
1520 4395 1566 4428 ⁸⁸
1591 4411 1608 4461 ;
1634 4401 1688 4447 et
1712 4394 1909 4447 bonum
1937 4407 2056 4448 esse
2085 4393 2275 4456 Deum,

722 4506 742 4539 ι
781 4488 871 4555 qui
899 4488 1064 4540 solem
1103 4500 1257 4539 suum
1284 4483 1414 4536 oriri
1441 4481 1572 4535 facit
1598 4486 1767 4548 ‘Stlpcr
1796 4481 1965 4532 bonos
1994 4487 2047 4530 et
2082 4477 2272 4542 malos,

716 4591 770 4635 et
823 4580 955 4650 pluit
998 4592 1158 4645 super
1199 4576 1374 4643 justus
1424 4583 1479 4628 et
1532 4571 1756 4640 injustos
1794 4567 1874 4636 “9;
1913 4590 1933 4623 ι
1966 4571 2057 4639 qui
2088 4578 2142 4624 et
2173 4584 2274 4622 nos

719 4676 987 4737 hortatur,
1021 4669 1286 4736 siquidem
1326 4667 1444 4735 ejus
1480 4665 1573 4718 lilii
1601 4678 1720 4718 esse
1748 4664 2017 4727 volumus,
2056 4671 2114 4716 ut
2156 4661 2274 4730 ejus

716 4763 958 4833 exempla
1007 4773 1300 4829 sequamur
1341 4756 1409 4821 ⁸⁸,
1453 4757 1715 4824 docetque
1759 4769 1945 4808 omnes
2005 4755 2273 4817 homines,

716 4855 891 4923 quoad
932 4864 1238 4922 possumus,
1278 4844 1559 4900 beneficiis
1613 4843 1916 4912 complecti.
1974 4843 2087 4911 Ipse
2129 4843 2273 4897 enim

718 4947 894 5000 dictus
931 4953 1010 4999 est
1049 4960 1069 4994 ι
1113 4943 1366 4997 Salvator
1404 4938 1645 4992 omnium
1690 4935 1990 4997 hominum,
2040 4934 2274 4986 maxime

721 5038 955 5091 tidelium
975 5035 1053 5100 είς
1092 5052 1111 5087 ι
1140 5041 1194 5087 et
1222 5031 1470 5086 Christus
1491 5027 1605 5096 ejus
1640 5044 1660 5077 ι
1699 5024 2009 5095 propitiatio
2036 5037 2154 5078 esse
2179 5038 2274 5090 pro

721 5127 957 5200 peccatis
989 5125 1210 5188 nostris,
1243 5137 1348 5176 non
1401 5135 1498 5190 pro
1541 5117 1742 5172 nostris
1780 5124 1956 5169 autem
2002 5113 2150 5258 sagis,
2183 5112 2274 5166 Sed

721 5221 881 5258 nlinm
915 5231 1012 5258 nm
1041 5215 1207 5258 mlius
1238 5214 1418 5258 mnmti
1453 5212 1517 5258 ⁸⁸.
1547 5229 1565 5258 ι
1596 5211 1773 5258 Atuue
1800 5207 1915 5258 haac
1937 5205 2064 5258 nuid
2102 5219 2150 5257 ιιι
2181 5203 2274 5256 ad-

718 5221 881 5275 etiam
915 5231 1012 5287 pro
1041 5215 1207 5269 totius
1238 5214 1420 5267 mundi
1453 5212 1517 5264 ⁸¹.
1547 5229 1565 5262 ι
1596 5211 1773 5277 Atque
1800 5207 1915 5261 ha:c
1937 5203 2150 5275 quidem
2181 5203 2276 5256 ad-

792 5331 839 5364 “
871 5328 1060 5385 Matth.
1087 5338 1140 5387 ν,
1169 5323 1222 5378 8.
1299 5325 1343 5356 ⁵³
1379 5322 1510 5392 Sap.
1557 5319 1757 5386 xt,25.
1854 5317 2024 5392 ingp

723 5403 768 5436 "
798 5400 984 5456 Matth.
1015 5411 1066 5463 ν,
1096 5394 1188 5449 45.
1265 5393 1308 5425 ⁸⁸
1342 5391 1473 5447 Luc.
1513 5408 1586 5456 γι,
1619 5391 1718 5443 25.

801 5519 909 5588 (87)
932 5515 1084 5580 κερ...
1106 5512 1278 5588 λέγοι.
1289 5482 1554 5588 ιέιῃπεεει
1590 5506 1730 5570 libri,
1764 5504 1935 5588 λέγει.

798 5576 907 5658 (883
934 5576 1096 5648 Alias,
1125 5576 1203 5646 ὡς
1230 5583 1259 5634 6
1275 5577 1434 5658 βεός,
1463 5576 1556 5658 sed
1581 5590 1708 5658 mss.
1735 5583 1790 5628 ut
1825 5578 1876 5628 in
1895 5582 2284 5658 postrojexnm.

731 5642 871 5715 Infra
891 5642 1055 5711 iidem
1083 5642 1242 5717 insit”
1271 5649 1358 5704 διὰ
1386 5650 1486 5718 τὴν
1508 5645 1783 5718 εὐσέϐειαν
1804 5644 2094 5705 κινδύνους.
2132 5642 2265 5696 Libb

2384 5709 2399 5718 _
2457 5642 2568 5718 (9})
2596 5642 2796 5718 Ταᾷτα
2808 5642 2924 5702 μὲν
2950 5642 3063 5714 ορν
3087 5642 3233 5718 πρὸς
3252 5642 3454 5718 τταυξα
3483 5642 3627 5714 ςσα,
3651 5642 3776 5718 etc.

2282 5745 2297 5760 .
2384 5702 2617 5763 bendum
2641 5707 2877 5768 videtur,
2902 5705 3070 5758 ταῦτα
3094 5705 3190 5773 μὲν
3221 5702 3311 5754 οὖν
3330 5702 3463 5770 πρὸς
3492 5703 3627 5773 asa;
3649 5711 3768 5773 e_tc.
3802 5702 3952 5756 Libtv.

799 5779 913 5866 ('89)
942 5779 1254 5859 Τὸσαύτήἇε
1294 5789 1431 5859 γῆν.
1475 5789 1564 5841 Sic
1599 5796 1727 5838 mss.
1769 5787 1913 5838 Alias
1941 5798 2086 5849 vero,
2120 5779 2289 5838 ςοιαύ-

728 5714 1000 5797 impressi,
1027 5714 1237 5797 ﬁeri};
1266 5714 1543 5797 εὐσεϐείας
1567 5714 1856 5797 κινδύνομς,

727 5885 825 5942 την
846 5867 967 5938 γῆν.

2033 5357 2047 5371 .
2081 5333 2162 5380 xu,
2195 5315 2307 5378 27;
2364 5330 2462 5378 ιιι,
2496 5315 2546 5377 t,
2575 5313 2630 5365 2.

1829 5387 1908 5442 “l
1947 5387 2088 5440 Tim.
2120 5401 2197 5452 tv,
2235 5385 2322 5441 10.

2373 3303 2490 3356 οὐδὲ
2531 3301 2636 3372 γὰρ
2674 3301 2740 3354 ἂν
2779 3301 2949 3370 μισῶν
2988 3319 3040 3354 τι
3092 3300 3514 3352 κατεσκεύασεν.
3551 3319 3567 3350 ι
3606 3300 3938 3367 Ἀνέγνωμεν

2371 3394 2424 3445 δὲ
2454 3395 2545 3462 κριί
2573 3393 2631 3446 τό
2650 3409 2662 3422 ·
2695 3410 2713 3441 ι
2742 3393 2902 3462 Φείδῃ
2930 3393 2984 3444 δὲ
3017 3387 3251 3454 πάντων,
3283 3393 3361 3445 ὅτι
3390 3393 3456 3445 σά
3489 3393 3604 3443 ἐστι
3636 3392 3838 3454 πάντα,
3862 3407 3936 3459 ςι-

2373 3482 2586 3554 idem.
2629 3483 2700 3535 Τὸ
2749 3483 2855 3554 γὰρ
2890 3482 3156 3553 meum»;
3187 3500 3279 3536 σου
3298 3483 3514 3553 πνεῦμά
3537 3485 3683 3534 ἐστιν
3708 3485 3768 3534 ἐν
3782 3485 3937 3535 πᾶσι·

2372 3583 2450 3635 διὸ
2483 3581 2572 3651 ttat
2597 3583 2721 3644 τοὺς
2749 3582 3192 3651 παραπίπτοντας
3218 3581 3337 3632 κατ’
3357 3581 3534 3648 ὀλίγον
3558 3581 3825 3650 ἐλέγχεις,
3854 3581 3940 3631 καὶ

2373 3673 2430 3724 ἐν
2455 3669 2534 3733 οἷς
2560 3670 2961 3740 ἁμαρτάνουσιν
2999 3669 3425 3739 ὑπομιμνήσκων
3454 3669 3750 3731 νουθετεῖς.
3778 3688 3796 3718 ι
3825 3669 3940 3727 Πῶς

2372 3759 2426 3811 δὲ
2466 3757 2735 3827 δυνάμεθα
2779 3755 2954 3824 λέγειν
2985 3774 3004 3806 ι
3055 3755 3152 3825 τὴν
3200 3756 3444 3825 οὐράνιον
3491 3754 3660 3823 φορὰν
3711 3754 3809 3806 καὶ
3857 3752 3940 3804 τὸν

2374 3851 2547 3902 πάντα
2585 3849 2805 3917 κόσμον,
2832 3845 3159 3898 ἀπολιπόντα
3190 3845 3278 3897 τὸν
3306 3845 3457 3906 Θεὸν,
3488 3845 3582 3896 καὶ
3617 3843 3714 3911 τὴν
3747 3842 3939 3895 τοσαύ-

2372 3951 2470 4004 την
2503 3933 2604 4002 γῆν
2654 3932 2961 4002 παριδόντα,
3011 3933 3143 4001 ἡμῖν
3178 3931 3354 4000 μόνοις
3385 3929 3876 4000 ἐμπολιτεύεσθαις
3919 3948 3936 3979 ›

2373 4027 2564 4088 οἵτινες
2589 4025 2646 4075 ἐν
2671 4027 2788 4086 ταῖς
2812 4025 2994 4091 εὐχαῖς
3024 4021 3252 4093 εὕρομεν
3275 4021 3384 4073 δεῖν
3409 4036 3460 4071 τι
3487 4019 3661 4086 λέγειν
3685 4020 3944 4090 φρονοῦν-

2373 4135 2490 4180 τας,
2524 4136 2540 4166 ι
2568 4116 2648 4168 δτι
2673 4112 2765 4166 τοῦ
2796 4113 2972 4176 ἐλέους
2995 4112 3197 4179 Κυρίου
3230 4111 3438 4180 πλήρης
3468 4111 3500 4179 ἡ
3529 4110 3618 4179 γῆ’
3652 4111 3775 4174 καὶ,
3805 4110 3943 4170 ἔλεος

2373 4206 2574 4277 Κυρίου
2629 4206 2721 4257 ἐπὶ¹
2766 4205 2943 4256 πᾶσαν
2997 4203 3190 4272 σάρκα·
3235 4220 3253 4251 ι
3290 4202 3402 4264 καὶ,
3437 4201 3516 4252 δτι
3559 4200 3771 4266 ἀγαθὸς
3819 4201 3890 4252 ῶν
3920 4203 3944 4250 6

2375 4296 2524 4357 Θεὸς,
2561 4313 2577 4344 ι
2616 4291 2889 4344 ἀνατέλλει
2915 4290 3006 4341 τὸν
3037 4289 3186 4358 ἥλιον
3225 4289 3386 4340 αὐτοῦ
3414 4288 3521 4358 (90)
3549 4289 3638 4339 ἐπὶ
3671 4291 3942 4358 rev-ngat;

2376 4386 2466 4437 καὶ
2489 4383 2842 4451 ἁγαθούς,καὶ
2873 4381 3052 4450 βρέχει
3069 4381 3159 4431 ἐπὶ
3174 4373 3412 4442 δικαίους
3439 4380 3530 4432 καὶ
3550 4379 3835 4442 ἀδίκους,›
3863 4381 3945 4431 καὶ

2377 4475 2545 4543 ἡμᾶς,
2579 4473 2664 4522 ἵνα
2695 4467 2977 4538 γενώμεθα
3007 4468 3168 4519 αὐτοῦ
3203 4465 3331 4530 utet,
3362 4465 3454 4517 ἐπὶ
3479 4466 3546 4517 τὰ
3585 4467 3946 4535 παραπλήσια

2309 4558 2347 4610 D
2375 4582 2505 4635 προτ
2518 4564 2714 4634 ρέπων,
2733 4561 2824 4613 καὶ
2845 4560 3108 4613 διδάσκων
3123 4560 3200 4620 είς
3218 4557 3578 4628 πάντας
3599 4555 3946 4626 ἀνθρώπους,

2375 4655 2514 4711 κατὰ
2537 4654 2597 4707 τὸ
2626 4653 2866 4717 δυνατὸν,
2897 4652 3152 4704 ἐκτείνειν
3179 4648 3276 4714 τὰς
3302 4648 3560 4711 εὐποιίας.
3588 4648 3703 4700 Καὶ
3729 4647 3846 4719 γὰρ
3868 4649 3946 4699 αὐ-

2374 4750 2464 4812 τὸς
2509 4747 2720 4817 εἴρηται
2769 4764 2787 4795 ι
2844 4744 3044 4813 Σωτὴρ
3082 4743 3297 4796 πάντων
3338 4739 3654 4809 ἀνθρώπων,
3712 4740 3946 4808 μάλιστα

2340 4860 2342 4862 τ
2378 4839 2612 4892 πιστῶνο
2661 4857 2677 4886 ι
2712 4837 2804 4888 καὶ
2827 4837 2854 4886 6
2889 4832 3117 4903 Χριστὸς
3149 4831 3312 4886 αὐτοῦ
3338 4851 3357 4881 ι
3377 4874 3380 4878 .
3400 4829 3619 4898 ἱλασμὸς
3643 4825 3801 4884 εἶναι
3835 4834 3950 4899 περ).

2379 4929 2486 4982 τῶν
2507 4925 2785 4997 ἁμαρτιῶν
2811 4923 2966 4993 ἡμῶν
2994 4939 3006 4952 ο
3037 4924 3098 4974 οὐ
3137 4920 3262 4991 περὶ
3290 4920 3395 4973 τῶν
3419 4921 3698 4990 ἡμετέρων
3744 4922 3809 4975 δὲ
3859 4923 3921 4990 μό

2381 5036 2505 5082 νων,
2540 5017 2671 5070 ἀλλά
2699 5017 2790 5068 καὶ
2831 5015 2958 5075 περὶ
2987 5014 3106 5066 ὅλου
3157 5012 3251 5064 τοῦ
3299 5012 3517 5080 κόσμου.
3557 5029 3574 5060 ι
3611 5011 3733 5063 Καὶ
3789 5013 3948 5066 ταῦτ-λ

2385 5112 2482 5182 μὲν
2513 5098 2604 5162 οὖν
2641 5108 2776 5177 πρὸς
2805 5105 2993 5168 ταῦτα,
3037 5105 3136 5157 ὅσα
3169 5103 3275 5172 (9-1)
3310 5102 3610 5172 ἀνέγραψεν
3637 5101 3666 5152 ὁ
3704 5104 3945 5164 Κέλσος·

2350 5190 2352 5193 ’
2382 5201 2513 5257 ἄλλα
2538 5199 2593 5252 δέ
2620 5213 2739 5251 τινα
2767 5195 3005 5249 ἰδιωτικὰ
3029 5195 3230 5248 εἴποιεν
3253 5193 3318 5246 ἂν
3347 5192 3608 5245 Ἰουδαίων
3630 5195 3813 5258 τινὲς,
3845 5197 3950 5248 ἀλλ’

2708 5314 2753 5346 ⁵⁷
2787 5311 2929 5366 Psal.
2961 5323 3132 5372 χχιιι,
3159 5307 3215 5362 5.

2435 5383 2512 5436 ⁶¹1
2544 5382 2706 5437 Joan.
2734 5399 2795 5449 ιι,
2822 5382 2880 5434 '2.

2455 5500 2566 5566 (90)
2604 5497 2718 5552 Vox
2767 5494 2932 5550 αὑτοῦ
2961 5493 3294 5566 desideratur
3333 5494 3385 5547 in
3425 5501 3585 5548 antea
3615 5493 3817 5556 editis,
3865 5495 3952 5549 sed

2385 5565 2612 5623 habetur
2638 5568 2691 5620 in
2722 5565 3124 5629 manuscriptis.
3421 5584 3444 5595 ο

2457 5639 2568 5708 (9t)
2596 5636 2796 5708 Ταῦτά
2808 5636 2924 5702 μὲν
2950 5631 3063 5708 οὖν
3087 5633 3233 5708 πρὸς
3252 5631 3454 5708 -ταῦζα
3483 5631 3627 5708 (ἶσα,
3651 5641 3776 5685 etc.
3805 5634 3949 5708 βαι-ἱ-

3307 5306 3554 5385 "_E_ccli.
3587 5321 3755 5370 xvm,
3798 5309 3882 5364 t2.

2388 5777 2630 5843 impressi
2677 5775 2728 5828 in
2780 5766 3020 5844 margine
3070 5766 3285 5834 habent,
3324 5766 3462 5838 τάχα
3509 5770 3610 5838 μὲν
3643 5766 3953 5834 οὗνήταῦτα

2385 5847 2505 5912 ὅσα,
2535 5853 2639 5902 etc.
3027 5860 3030 5863 ·
