4100 6318
169 599 306 659 1069

1304 603 1580 664 CONTRA
1616 605 1888 663 ΟΕιὸοΜ
1920 605 2048 661 LIB.
2080 604 2172 662 ιν.

3224 602 3358 660 1070

167 720 282 774 οῦτι
319 737 382 789 γε
413 721 506 776 καὶ
535 721 846 794 Χριστιανοί
870 739 883 753 ·
932 724 980 775 οί
1027 721 1378 792 διδαχθέντες,
1408 725 1488 776 ὅτι
1523 741 1541 774 ι
1582 723 1721 777 συνί-

1821 739 2010 779 versus
2054 730 2116 779 ea
2156 737 2276 793 (μιαί
2319 721 2504 777 Celsus
2555 721 2896 791 conscripsit.
2948 720 3196 788 Quaedam
3258 720 3360 773 alia

170 831 322 885 στησι
351 815 450 884 τὴν
477 813 668 867 ἐαυτοῦ
698 814 914 884 ἀγάπην
950 816 1027 876 είς
1064 816 1209 884 ἡμᾶς
1238 817 1264 866 ὁ
1293 814 1443 878 Θεὸς,
1490 815 1593 876 ὅτι,
1641 813 1718 866 ἐτι

167 905 498 977 ἁμαρτωλῶν
537 906 703 959 ὄντων
744 907 918 976 ἡμῶν,
964 906 1193 975 Χριστὸς
1223 906 1361 975 ὑπὲρ
1391 905 1547 975 ἡμῶν
1592 905 1723 958 ἀπέ-

167 996 311 1050 θανε.
365 998 617 1066 Καίτοιγε
663 997 817 1068 μόγις
851 1014 934 1060 τις
972 998 1110 1067 ὑπὲρ
1137 998 1228 1049 τοῦ
1259 997 1462 1049 δικαίου
1521 996 1723 1049 ἀποθα-

166 1091 352 1140 νεῖται·
386 1088 522 1159 ὑπὲρ
548 1088 654 1159 γὰρ
671 1088 761 1142 τοῦ
784 1088 985 1157 ἀγαθοῦ
1011 1090 1148 1158 τάχα
1168 1106 1250 1152 τις
1276 1089 1368 1140 καὶ
1389 1087 1565 1158 τολμᾷ
1590 1089 1723 1139 ἀπο-

166 1178 363 1232 θανεῖν.
416 1197 434 1229 ι
478 1180 612 1232 Νυνὶ
641 1178 698 1232 δὲ
731 1181 867 1251 ὑπὲρ
911 1179 1016 1231 τῶν
1067 1178 1336 1247 πανταχοῦ
1387 1177 1718 1248 ἁμαρτωλῶν

167 1271 274 1338 (ἵνα
307 1269 637 1322 καταλίπωσι
677 1269 774 1339 τὴν
813 1270 1100 1340 ἁμαρτίαν,
1156 1271 1249 1321 καὶ
1290 1268 1612 1322 πιστεύσωσι
1640 1267 1717 1336 τῷ

164 1361 283 1430 Θεῷ
341 1360 598 1432 ἑαυτοὺς)
653 1361 1102 1431 ἐπιδεδημηκέναι
1151 1361 1258 1432 (92)
1312 1361 1644 1430 κεκήρυκται
1691 1362 1719 1411 ὁ

177 1449 402 1522 Ἰησοῦς,
422 1451 629 1522 πατρίῳ
654 1452 757 1504 τινὶ
777 1455 886 1514 τοίς
919 1451 1092 1520 λόγοις
1119 1454 1324 1517 τούτοις
1346 1453 1598 1524 συνηθείᾳ
1627 1452 1719 1504 καὶ

164 1540 397 1611 Χριστὸς
424 1536 558 1594 εἶναι
580 1541 864 1612 λεγόμενος
893 1543 986 1595 τοῦ
1020 1542 1174 1596 Θεοῦ.
1300 1536 1308 1544 ’

1822 817 1923 870 sibi
1972 817 2187 886 propria
2240 813 2406 868 Judmi
2459 814 2698 868 nonnulli
2733 823 3087 883 reponerent,
3118 828 3232 882 quae
3259 813 3364 865 nti-

1821 907 1962 961 nime
2021 905 2346 960 Christianis
2393 905 2718 970 conveniunt
2769 903 3009 972 :quippc
3058 905 3252 971 quibus
3280 903 3366 957 di-

1823 1008 1908 1053 cta
1952 1009 2078 1052 sunt
2128 1000 2241 1052 haec
2290 1013 2304 1050 :
2363 1013 2382 1046 ι
2438 996 2787 1049 Commendat
2844 994 3158 1047 charitatcm
3212 1006 3364 1046 suam

1825 1088 1964 1142 Deus
1996 1090 2046 1140 in
2088 1088 2266 1152 nobis,
2303 1088 2555 1156 quoniam
2581 1102 2700 1139 cum
2728 1074 2902 1140 adhuc
2931 1093 3240 1154 peccatores
3279 1100 3366 1139 es-

1823 1194 2024 1240 semus,
2065 1178 2314 1232 Christus
2345 1193 2440 1246 pro
2474 1178 2628 1230 nobis
2658 1187 2900 1230 mortuus
2917 1184 3009 1230 .est
3060 1173 3125 1226 ⁸³.
3187 1175 3369 1240 Ουιιιιο
3401 1197 3404 1200 η

1821 1284 1981 1337 quam
2016 1270 2100 1321 vix
2141 1283 2235 1337 pro
2277 1268 2422 1336 justo
2459 1269 2579 1337 quis
2623 1268 2875 1321 moritur.
2917 1266 3048 1320 Nam
3097 1282 3190 1336 pro
3227 1268 3368 1345 bono

1825 1361 2053 1414 forsitan
2077 1362 2198 1430 quis
2253 1361 2445 1414 audeat
2492 1361 2625 1414 mori
2651 1359 2715 1412 “.
2746 1378 2764 1410 ι
2813 1358 2963 1412 Nunc
2986 1369 3164 1412 autem
3191 1357 3367 1424 Jesus,

1824 1467 1984 1521 quem
2014 1453 2174 1506 etiam
2205 1453 2366 1506 ducto
2408 1465 2472 1505 ex
2520 1460 2822 1506 nostrarum
2853 1439 3252 1517 Scripturarum
3294 1450 3371 1504 Io-

1827 1545 2026 1612 quendi
2065 1543 2452 1597 consuetudine
2474 1542 2740 1596 vocabulo
2767 1540 3037 1595 Christum
3069 1541 3160 1594 Dei
3188 1541 3369 1610 appel-

168 1634 367 1702 lamus,
403 1637 688 1700 advenisse
737 1653 834 1708 pro
860 1639 1114 1695 omnibus
1156 1639 1459 1710 ubicunque
1483 1642 1593 1696 sint
1624 1641 1996 1712 peccatoribus
2049 1641 2384 1708 prmdicatur,
2435 1647 2513 1702 ιιι,
2551 1640 2725 1706 posito
2760 1644 2998 1707 peccato,
3050 1637 3209 1706 seipsi
3259 1635 3369 1690 Deo

165 1729 407 1782 credant.

219 1818 384 1890 -Τάχα
407 1820 464 1873 δέ
490 1836 649 1874 τινων
677 1820 1019 1892 παρήκουσεν
1053 1822 1082 1873 ὁ
1113 1822 1337 1886 Κέλσος,
1363 1823 1440 1876 ὅτι
1477 1842 1496 1874 ι
1530 1827 1558 1877 ὁ
1582 1823 1712 1888 Θεός

164 1910 331 1974 ἐστιν,
360 1907 476 1966 εἶτα
511 1914 628 1983 μετ’
661 1914 862 1966 ἐκεῖνον
900 1913 1077 1983 ἡμεῖς,
1115 1933 1133 1964 ι
1166 1914 1259 1976 οὓς
1289 1914 1532 1984 ὠνόμασε
1572 1914 1713 1966 σκώ-

163 2001 353 2073 ληκας.
375 2005 485 2057 Καὶ
525 2006 706 2076 ὅμοιον
744 2008 883 2057 ποιεῖ
918 2010 1027 2069 τοῖς
1057 2007 1150 2077 ὅλῃ
1176 2008 1376 2076 αἱρέσει
1404 2007 1714 2076 φιλοσοφίας

161 2096 449 2164 ἐγκαλοῦσι
497 2097 586 2150 διά.
623 2115 742 2150 τινα
769 2098 1031 2169 λεγόμενα
1060 2101 1164 2152 ὑπὸ
1201 2100 1499 2170 προπετοῦς
1534 2117 1719 2171 μειρα-

159 2185 278 2239 κίου
313 2188 477 2258 τριῶν
505 2187 724 2258 ἡμερῶν
757 2191 1105 2260 φοιτήσαντος
1147 2193 1227 2254 εἰς
1264 2191 1571 2260 φιλοσόφου,
1629 2191 1718 2243 καὶ

159 2279 521 2350 ἐπαιρομένου
572 2279 711 2333 κατά
753 2281 861 2334 τῶν
910 2280 1129 2345 λοιπῶν,
1173 2283 1246 2344 ὡς
1293 2283 1585 2335 ἐλαττόνων
1627 2283 1720 2334 καὶ

157 2367 522 2436 ἀφιλοσόφων.
567 2370 750 2439 Ἶσμεν
778 2369 904 2440 γὰρ,
935 2370 1015 2422 ὅτι
1051 2370 1217 2422 πολλά
1258 2370 1400 2421 ἐστιν
1435 2370 1718 2440 ἀνθρώπου

157 2457 492 2530 τιμιώτερα·
516 2459 607 2511 καὶ
634 2460 960 2529 ἀνέγνωμ·ν,
992 2461 1072 2513 ὅτι
1103 2480 1119 2510 ι
1142 2459 1312 2522 ὁΘεὸς
1349 2460 1476 2530 ἔστη
1508 2462 1564 2512 ἐν
1595 2476 1720 2512 συν-

155 2551 351 2618 αγωγῇ
387 2547 521 2602 θεῶν
539 2565 553 2578 ·
597 2568 615 2600 ι
663 2550 796 2602 θεῶν
827 2551 882 2602 δὲ
911 2550 970 2602 οὐ
996 2549 1101 2604 τῶν
1121 2550 1717 2628 προσκυνουμένων(95)

155 2639 269 2691 ὑπὸ
298 2639 404 2691 τῶν
435 2638 660 2692 λοιπῶν·
704 2659 723 2690 ι
783 2642 982 2703 πάντες
1011 2656 1033 2700 ρ
1066 2640 1174 2710 γὰρ
1202 2659 1218 2690 ι
1266 2643 1314 2692 οί
1344 2640 1452 2692 θεοὶ
1482 2641 1589 2692 τῶν
1633 2639 1720 2691 ἐθ-

154 2728 268 2781 νῶν
300 2728 567 2798 δαιμόνια.
606 2748 624 2781 ι
657 2729 763 2782 Καὶ
783 2730 1110 2802 ἀνέγνωμεν,
1144 2733 1223 2783 ὅτι
1245 2749 1263 2781 ι
1287 2731 1480 2795 ὁΘεὸς,
1521 2731 1645 2793 στὰς
1662 2732 1718 2782 ἐν

157 2822 451 2890 συναγωγῇ
481 2819 635 2882 θεῶν,
660 2822 715 2872 ἐν
744 2820 890 2890 μέσῳ
918 2821 1069 2884 θεοὺς
1096 2822 1354 2892 διακρίνει
1370 2821 1497 2890 (95).
1516 2839 1532 2870 ι
1559 2818 1718 2872 Οἶδα-

159 2924 268 2977 μεν
303 2907 360 2958 δὲ
385 2908 480 2959 καὶ
510 2908 612 2970 ὅτι,
643 2905 798 2979 εἴπερ
831 2910 936 2960 είσὶ
974 2909 1083 2961 θεοὶ
1121 2910 1394 2978 λεγόμενοι
1425 2908 1519 2958 εἴτ’
1550 2909 1607 2960 ἐν
1639 2909 1722 2960 οὐ·

158 2999 315 3070 ρανῷ
349 2997 457 3051 εῐτε
504 3000 596 3051 ἐπὶ
643 3000 764 3069 γῆς,
816 2999 1034 3069 (ὥσπερ
1079 2999 1208 3053 είσὶν
1236 3000 1345 3052 θεοὶ
1389 2998 1591 3062 πολλοὶ,
1625 2998 1718 3052 καὶ

1887 1819 1976 1873 29.
2023 1816 2144 1870 llaec
2180 1823 2357 1870 autem
2393 1833 2406 1868 :
2457 1832 2475 1865 ι
2516 1814 2655 1868 Deus
2682 1822 2784 1880 est,
2819 1818 2913 1869 sed
2942 1815 3247 1884 proximum
3290 1812 3365 1868 illi

1821 1911 1994 1963 locum
2046 1923 2395 1976 occupamus,
2451 1926 2469 1958 ι
2528 1908 2756 1962 fortasse
2796 1907 2980 1962 Celsus
3029 1907 3258 1962 audierit
3301 1921 3366 1960 ex

1819 1995 2135 2072 quihusdam
2166 2006 2373 2065 ecrum,
2405 2014 2538 2066 quos
2566 2013 2776 2052 vermes
2813 2000 3075 2069 nominat.
3117 1997 3274 2067 522
3298 1997 3369 2051 At

1819 2093 1945 2162 quid
1993 2091 2132 2144 idem
2167 2091 2296 2142 facit
2323 2105 2387 2143 ac
2423 2090 2497 2143 illi
2528 2090 2640 2157 qui,
2673 2090 2814 2156 quod
2866 2102 3103 2157 prmccps
3129 2089 3364 2157 quidam

1823 2171 2157 2244 adolescens,
2191 2182 2352 2232 trium
2382 2180 2590 2234 dierum
2637 2179 2930 2248 discipulus
2957 2179 3284 2248 philosophi,
3313 2186 3370 2233 et

1817 2279 2098 2338 propterea
2125 2269 2178 2321 in
2211 2276 2435 2322 cazteros
2470 2277 2724 2336 tanquam
2777 2267 3058 2321 inferiores
3083 2281 3142 2321 se
3181 2277 3238 2324 et
3273 2265 3371 2319 im-

1819 2361 2021 2429 peritos
2079 2357 2514 2421 contumeliosus,
2565 2360 2807 2425 quzedam
2857 2369 3056 2412 temere
3115 2357 3366 2424 dixisset,

1819 2450 2072 2524 continuo
2093 2457 2256 2501 t0lam
2287 2448 2712 2516 philosophicam
2742 2459 2940 2503 sectam
2967 2449 3017 2502 in
3047 2449 3250 2503 crimen
3274 2463 3370 2504 vo-

1819 2546 2023 2592 carent.
2051 2535 2264 2590 Scimus
2301 2537 2444 2589 euim
2480 2537 2640 2590 multa
2688 2551 2804 2590 esse
2856 2537 3072 2593 homine
3110 2549 3368 2607 praestau-

1822 2628 1978 2680 tiora.
2026 2624 2322 2693 Legimus:
2377 2643 2395 2674 ι
2443 2625 2584 2678 Deus
2635 2626 2782 2679 stetit
2823 2627 2874 2678 in
2929 2641 3203 2698 synagoga
3235 2629 3365 2684 deo—

1822 2732 1936 2769 rum
1966 2717 2041 2781 ⁶⁸;
2085 2734 2104 2767 ι
2134 2725 2187 2770 ει
2219 2731 2323 2769 non
2355 2715 2568 2768 illorum
2601 2715 2820 2783 quidem
2843 2717 3065 2770 deorum
3089 2732 3225 2786 quos
3253 2721 3367 2774 vul-

1819 2822 1915 2876 gus
1943 2807 2070 2861 colit
2097 2799 2330 2875 gentium
2367 2819 2380 2857 :
2420 2822 2541 2859 nam
2584 2824 2602 2857 ι
2644 2820 2828 2861 omnes
2873 2808 2944 2862 dii
2974 2811 3208 2876 gentium
3260 2812 3368 2865 da:-

1819 2900 1997 2949 monia
2029 2898 2092 2949 “.
2119 2913 2137 2945 ι
2173 2896 2234 2947 Ει
2260 2896 2482 2965 legimus
2507 2897 2672 2951 Deum
2699 2906 2934 2952 stantem
2966 2917 2984 2949 ι
3016 2900 3067 2952 in
3098 2914 3367 2971 synagoga

1820 2988 2061 3054 deorum,
2095 2987 2147 3041 in
2173 2989 2356 3055 medio
2374 2987 2503 3042 deos
2533 2990 2845 3057 dijudicare.
2882 3008 2902 3041 ι
2926 2989 3136 3046 Scimus
3162 3001 3365 3057 autem,

155 3087 348 3160 κύριοι
381 3088 636 3158 πολλοί·)
676 3089 787 3142 ἀλλ’
817 3091 944 3160 ἡμῖν
973 3085 1051 3152 εἷς
1094 3089 1226 3152 Θεὸς
1264 3090 1292 3141 ὁ
1321 3090 1528 3160 Πατὴρ,
1562 3087 1622 3154 ἐξ
1658 3081 1718 3143 οῦ

1821 3095 1842 3129 ι
1882 3078 1984 3131 etsi
2024 3087 2148 3132 sunt
2187 3079 2275 3147 qui
2326 3080 2573 3160 dicantur
2608 3081 2678 3134 dii
2713 3081 2826 3134 sive
2880 3082 2930 3134 in
2979 3080 3120 3136 cmlo
3163 3082 3277 3136 sive
3309 3083 3363 3137 in

155 3179 234 3233 τὰ
261 3178 457 3244 πάντα,
489 3179 580 3232 καὶ
610 3181 769 3250 ἡμεῖς
796 3181 874 3242 είς
902 3181 1085 3233 αὐτόν·
1119 3181 1210 3233 καὶ
1248 3177 1575 3252 εἶς’Κύριος,
1620 3182 1721 3252 Ἰη-

1825 3160 2291 3240 ιειιιι’(εἰιιιιὶι1οιιι
2345 3160 2470 3246 sunt
2518 3170 2589 3225 dii
2633 3172 2785 3224 multi
2815 3181 2868 3225 et
2909 3172 3111 3228 domini
3162 3173 3364 3239 multi),

160 3269 296 3334 σοῦς
329 3270 578 3343 Χριστὸς,
601 3271 668 3326 δι’
693 3267 751 3324 οὗ
783 3270 848 3323 τὰ
883 3272 1077 3336 πάντα,
1107 3273 1199 3325 καὶ
1220 3275 1379 3343 ἡμεῖς
1403 3273 1470 3324 δι’
1499 3272 1714 3326 αὐτοῦ·›

1822 3261 1976 3315 nobis
1999 3271 2174 3314 tamen
2207 3276 2366 3313 unum
2409 3276 2526 3316 esse
2557 3261 2721 3314 Deum
2752 3262 2986 3328 Patrem,
3022 3278 3088 3318 ex
3116 3277 3222 3334 quo
3250 3280 3367 3318 om-

155 3363 384 3433 οἴδαμεν
401 3363 456 3415 δὲ
493 3367 585 3415 καὶ
604 3364 728 3425 τοὺς
753 3362 1012 3430 ἀγγέλους
1041 3362 1211 3428 οὕτως
1243 3360 1378 3416 εἶναι
1423 3363 1718 3433 ἀνθρώπιον

1822 3377 1931 3440 nia,
1957 3388 2011 3430 et
2035 3394 2133 3433 nos
2164 3380 2215 3432 in
2244 3378 2423 3442 illum;
2456 3387 2686 3431 etunum
2706 3377 2983 3433 Dominum
3009 3378 3188 3434 Jesum
3211 3376 3368 3435 Chri-

156 3454 508 3525 κρείττονας,
556 3452 693 3506 ὥστε
750 3454 876 3516 τοὺς
922 3455 1233 3526 ἀνθρώπους
1257 3495 1270 3518 ,
1311 3455 1716 3519 τελειωθέντας,

159 3543 484 3611 ίσαγγέλους
529 3543 788 3610 γίνεσθαι.
828 3563 846 3594 ι
887 3545 973 3596 Ἐν
1006 3545 1115 3616 γὰρ
1161 3548 1225 3615 τῇ
1279 3545 1568 3598 ἀναστάσει
1614 3545 1718 3597 τῶν

154 3634 370 3705 νεκρῶν
402 3633 522 3687 οὔτε
560 3634 824 3704 γαμοῦσιν
857 3634 965 3686 οὔτ’
993 3636 1400 3705 ἐκγαμίζονται·
1439 3635 1718 3687 ἀλλάείσιν

154 3726 240 3788 ὡς
264 3725 315 3776 oi
348 3724 562 3792 ἄγγελοι
607 3723 713 3775 τῶν
748 3722 989 3792 οὐρανῶν
1023 3726 1071 3776 οἱ
1093 3725 1308 3787 δίκαιοι,
1347 3727 1440 3776 καὶ
1487 3725 1718 3791 γίνονται

159 3814 460 3883 ἰσάγγελοι.
504 3833 522 3864 ι
561 3813 790 3884 Οἴδαμεν
817 3814 861 3865 δ’
887 3816 942 3867 ἐν
975 3818 1040 3886 τῇ
1069 3814 1304 3878 διατάξει
1347 3814 1453 3866 τῶν
1483 3815 1617 3867 ὅλων
1645 3813 1720 3867 εἷο

155 3908 252 3962 ναί
280 3924 429 3970 τινας
481 3905 604 3967 τοὺς
650 3904 1010 3976 καλουμένους
1064 3907 1333 3973 θρόνους,
1389 3906 1482 3958 καὶ
1531 3905 1720 3969 ἀλλους
1789 3920 1792 3923 ·

156 3999 534 4068 κυριότητας,
571 3999 664 4053 καὶ
692 3998 877 4062 ἄλλους
919 3998 1218 4062 ἐξουσίας,
1247 3997 1339 4048 καὶ
1391 3996 1578 4058 ἄλλους
1620 3998 1722 4064 ἀρ-

155 4089 280 4162 χάς
299 4107 314 4122 ⁸
350 4092 442 4145 καὶ
465 4091 696 4162 ὁρῶμεν,
729 4091 810 4143 ὅτι
857 4089 988 4141 πολὺ
1033 4088 1232 4141 τούτων
1259 4091 1415 4158 ἡμεῖς
1441 4089 1490 4139 oi
1517 4087 1721 4159 ἄνθρω-

156 4199 260 4236 ποι
285 4182 693 4252 ἀπολειπόμενοι
712 4181 926 4244 ἐλπίδας
948 4181 1136 4250 ἔχομεν
1163 4181 1226 4232 ἐκ
1251 4179 1342 4231 τοῦ
1372 4178 1547 4242 καλῶς
1575 4179 1720 4248 βιοῦν

155 4274 263 4329 καὶ
291 4275 465 4327 πάντα
503 4275 758 4344 πράττειν
785 4272 923 4326 κατά
953 4273 1042 4323 τὸν
1077 4271 1252 4338 λόγον,
1297 4271 1601 4323 ἀναϐαίνειν
1624 4270 1720 4321 ’ἐπὶ

155 4365 266 4434 τὴν
296 4364 502 4416 τούτων
527 4362 740 4418 πάντων
761 4361 1094 4430 ἐξομοίωσιν.
1126 4362 1233 4412 Καὶ
1255 4359 1577 4423 τελευταῖον,
1600 4361 1718 4412 ἐπεὶ

165 4472 189 4506 σ
234 4458 399 4525 μὴπω
451 4451 760 4522 ἐφανερώθη
810 4451 863 4504 τί
915 4450 1164 4520 ἐσόμεθα,
1219 4449 1436 4519 οἴδαμεν
1491 4449 1592 4512 ὅτι,
1626 4449 1719 4502 ἐὰν

159 4542 478 4614 φανερωθῇ,
509 4541 740 4612 ἐσόμεθα
770 4542 941 4610 ὅμοιοι
971 4540 1047 4610 τῷ
1073 4539 1218 4609 Θεῷ,
1249 4539 1342 4592 καὶ
1369 4540 1605 4608 ὀψόμεθα
1635 4542 1722 4594 αὑ-

157 4633 280 4700 τὸν,
313 4627 492 4695 καθώς
520 4634 662 4685 ἐστιν
696 4649 709 4662 ·
756 4652 774 4706 ι
810 4633 873 4684 Ei
899 4631 956 4684 δέ
986 4648 1069 4693 τις
1108 4630 1168 4683 τὸ
1200 4629 1481 4701 λεγόμενον
1515 4631 1617 4684 ὑπό
1643 4648 1722 4684 τι-

1820 3475 1980 3528 stum,
2009 3481 2102 3535 per
2131 3482 2286 3534 quem
2315 3466 2515 3528 omnia,
2540 3474 2597 3519 et
2625 3481 2724 3521 nos
2754 3481 2848 3536 per
2894 3467 3066 3536 ipsum
3093 3468 3162 3523 ⁸⁷.
3198 3487 3218 3522 ι
3259 3469 3368 3524 Nec

1819 3557 1984 3610 nescii
2034 3571 2215 3610 sumus
2240 3558 2460 3626 angelos
2505 3558 2575 3611 ita
2617 3573 2738 3613 esse
2791 3574 2952 3628 supra
3011 3561 3278 3628 homines,
3309 3571 3369 3615 ut

1820 3643 2040 3712 perfecti
2089 3647 2333 3698 homines
2364 3660 2522 3714 pares
2554 3649 2758 3718 angelis
2797 3647 2947 3702 ﬁant.
2977 3667 2996 3699 ι
3037 3649 3093 3702 In
3125 3665 3368 3705 resurre-

1749 3797 1755 3801 _
1819 3736 1998 3789 ctione
2023 3736 2165 3789 enim
2201 3751 2376 3805 neque
2399 3737 2600 3793 nubent
2638 3753 2806 3806 neque
2835 3739 3121 3806 nubentur,
3149 3741 3241 3795 sed
3281 3741 3371 3810 ju-

1824 3826 2039 3892 stisum
2065 3828 2204 3880 sicut
2244 3828 2418 3893 angeli
2451 3829 2503 3882 in
2554 3831 2710 3896 caelo,
2734 3829 2964 3898 aequales
2999 3831 3202 3898 angelis
3231 3831 3296 3884 ⁸⁸.
3342 3851 3362 3884 ι

1821 3917 2164 3985 Perspectum
2197 3932 2414 3988 quoque
2444 3921 2597 3973 nobis
2621 3929 2704 3974 est
2728 3921 2801 3974 ita
2829 3935 2950 3975 esse
2979 3922 3229 3976 ordinata
3253 3937 3368 3978 om-

1820 4010 1933 4074 nia,
1972 4018 2030 4062 ut
2062 4008 2150 4062 alii
2184 4010 2290 4062 sint
2321 4010 2412 4077 qui
2442 4018 2704 4062 vocantur
2741 4010 2935 4076 throni,
2985 4011 3079 4064 alii
3127 4012 3368 4068 domina-

1820 4099 2008 4160 tiones,
2037 4098 2127 4150 alii
2157 4106 2454 4165 potestates,
2486 4097 2575 4150 alii
2597 4099 2924 4167 principatus
2949 4100 2993 4135 ⁸⁸
3018 4118 3032 4165 ;
3066 4109 3120 4155 et
3140 4117 3237 4156 nos
3253 4104 3370 4172 qui—

1762 4250 1764 4256 ,
1820 4185 1938 4240 dem
1970 4186 2211 4239 homines
2244 4193 2360 4251 post
2393 4200 2487 4239 eos
2505 4185 2657 4255 longo
2688 4187 2970 4241 intervallo
3000 4187 3250 4259 relinqui,
3271 4190 3366 4245 sed

1819 4288 1964 4342 spem
1996 4289 2118 4328 esse
2153 4273 2285 4338 fore,
2321 4285 2377 4327 ut
2404 4276 2537 4328 bene
2551 4275 2775 4328 vivendo
2803 4277 3164 4346 faciendisque
3193 4281 3371 4335 omni-

1821 4367 1919 4420 bus
1946 4379 2064 4432 qua:
2098 4366 2236 4418 ratio
2271 4365 2529 4433 pt‘t‘ccipit,
2556 4380 2710 4434 pares
2729 4366 2843 4426 istis
2864 4368 3112 4424 omnibus
3141 4371 3378 4435 evadch

1824 4469 2149 4507 mereamur.
2203 4453 2443 4522 Denique
2495 4455 2812 4522 quOuiamr
2855 4459 3090 4516 nondum
3124 4458 3369 4529 apparuit

1821 4546 1947 4614 quid
1975 4541 2197 4612 erimus,
2229 4546 2431 4600 scimus
2449 4547 2704 4615 quoniam
2727 4562 2850 4601 cum
2874 4551 3202 4621 apparuerit,
3223 4552 3372 4606 simi-

1822 4635 1899 4691 les
1930 4636 2037 4690 Dco
2077 4636 2300 4700 erimus,
2331 4644 2385 4689 et
2429 4635 2728 4690 videbimus
2769 4651 2890 4691 eum
2937 4639 3098 4694 sicuti
3133 4650 3218 4695 est
3241 4643 3306 4695 ⁷ο.
3343 4659 3366 4694 a

158 4742 276 4780 νων
307 4723 415 4777 εἴτε
443 4723 549 4777 τῶν
581 4723 836 4776 νοούντων
859 4723 963 4774 εἴτε
998 4720 1102 4774 τῶν
1139 4723 1210 4792 μὴ
1247 4723 1556 4786 συνιέντων,
1587 4722 1721 4776 ἀλλὰ

1824 4726 1918 4782 Sin
1971 4737 2153 4781 autem
2190 4727 2458 4796 quispiam
2509 4728 2562 4782 i‘d
2613 4727 2757 4795 quod
2806 4743 2883 4795 ex,
2925 4731 3246 4799 quibusdam
3282 4732 3385 4787 vel

162 4815 627 4888 mpaxouadwwv
677 4815 831 4881 λόγου
879 4813 1080 4881 ὑγιοῦς,
1116 4813 1330 4882 φάσκοι,
1375 4813 1454 4864 ὃτι
1486 4830 1506 4863 ι
1531 4815 1560 4866 ὁ
1587 4813 1718 4877 Θεός

1825 4834 1929 4874 non
1974 4818 2414 4890 intelligentibns,
2446 4818 2528 4872 vel
2567 4831 2635 4872 ex
2684 4801 3107 4888 intelligentibus
3131 4822 3368 4891 quidem,

158 4912 338 4973 ἐστιν,
367 4902 484 4960 εἶτα
530 4907 642 4977 μετ’
692 4906 894 4958 ἐκεῖνον
948 4907 1136 4975 ἡμεῖς·
1181 4923 1200 4956 ι
1234 4906 1329 4958 καὶ
1369 4904 1526 4957 τοῦτό
1569 4905 1622 4972 γ’
1652 4906 1718 4958 ἂν

1828 4910 1920 4964 sed
1947 4923 2050 4963 non
2089 4909 2255 4978 probe
2292 4922 2481 4962 sanam
2526 4907 2825 4963 doctrinam
2866 4912 3125 4965 assecutis
3168 4911 3370 4973 audiit,

159 5001 522 5074 ἑρμηνεύοιμι
573 5000 633 5053 τὸ
664 4998 850 5068 ἡμεῖς,
902 4997 1072 5064 λέγων
1115 4995 1231 5048 ἀντὶ
1273 4994 1389 5058 τοῦ,
1418 4997 1468 5046 οἱ
1495 4994 1718 5063 λογικοὶ,

1825 5001 2019 5056 dixerit
2053 5017 2066 5051 :
2103 5016 2123 5051 ι
2162 5001 2300 5054 Deus
2321 5009 2408 5055 est
2437 5000 2671 5054 omnium
2699 5003 2924 5070 primus,
2952 5016 3051 5056 nos
3069 5002 3371 5076 secundum

159 5095 262 5148 καὶ
290 5093 371 5147 ἔτι
403 5091 618 5163 μᾶλλον,
644 5094 694 5144 οἱ
726 5089 996 5144 σπουδαῖοι
1023 5087 1244 5157 λογικοί.
1272 5087 1408 5140 Καθ’
1441 5089 1586 5156 ἡμᾶς
1613 5086 1720 5158 γὰρ

1827 5091 1893 5144 ab
1927 5091 2016 5146 illo
2047 5105 2377 5161 occupamus
2408 5092 2620 5158 locum;
2663 5111 2682 5144 ι
2719 5095 2768 5148 id
2795 5093 3039 5161 equidem
3080 5094 3236 5149 facile
3279 5097 3368 5152 in-

159 5186 201 5255 ἡ
387 5185 553 5254 ἀρετή
585 5184 698 5236 ἐστι
727 5182 834 5235 τῶν
869 5179 1146 5251 μακαρίων
1186 5179 1420 5243 πάντων,
1459 5178 1598 5230 ὥστε
1627 5180 1720 5231 καὶ

1829 5190 2173 5252 terpretarer,
2208 5199 2300 5236 nos
2330 5183 2599 5252 accipiens
2651 5198 2746 5251 pro
2786 5183 2854 5238 iis
2879 5183 2968 5251 qui
3011 5185 3222 5240 ratione
3242 5201 3372 5255 prae-

159 5273 311 5343 αῦτὴ
335 5275 503 5344 ἀρετὴ
532 5274 641 5344 (95)
669 5272 951 5343 ἀνθρώπου
979 5272 1072 5326 καὶ
1111 5269 1264 5323 Θεοῦ.
1297 5270 1490 5340 Διόπερ
1523 5288 1540 5320 ι
1579 5270 1722 5336 γίνε-

241 5393 288 5424 ⁶³
322 5392 476 5445 Rom.
499 5407 551 5450 ν.
577 5392 632 5447 8.

161 5472 228 5522 et
257 5461 388 5516 Luc.
416 5477 505 5525 xx,
539 5463 628 5518 30.
733 5463 775 5494 ”
807 5462 1017 5516 Coloss.
1047 5477 1086 5525 ι,
1115 5461 1200 5514 16.

244 5575 358 5645 (92)
388 5575 513 5629 Post
544 5576 762 5646 verbum
800 5575 1247 5646 ἐπιδεδημηκέναι
1293 5572 1420 5646 lihh.
1477 5570 1722 5646 impressi

163 5642 378 5704 addunt
408 5646 563 5699 inter
599 5645 905 5708 uncinulos,
938 5642 1031 5698 καί
1061 5642 1148 5697 διὰ,
1188 5644 1254 5695 τὰ
1290 5642 1517 5712 μέγιστα
1549 5644 1724 5711 ἀμαρ-

161 5717 410 5787 τήματα,
445 5730 562 5783 (λικε
596 5728 625 5766 a
659 5728 788 5766 mss.
831 5715 1044 5780 absunt,
1085 5729 1184 5766 nec
1222 5711 1435 5781 agnovit
1464 5711 1726 5780 interpres

199 5787 456 5836 iclenius.

199 5791 210 5801 '
350 5789 359 5798 '
389 5800 456 5836 ts.

165 5789 720 5924 ιηἳὶξὲἱΙΙΙιιιεοΙιιεΙίιις)
753 5851 804 5904 in
843 5850 1506 5924 textu,_1rpooxovotiwmv,
1531 5848 1686 5902 male.

244 5919 361 5994 (ΞΜ)
403 5924 543 5976 ldcm
575 5923 628 5974 in
662 5931 831 5994 textu,
863 5919 1165 5994 διακρίνων.

248 5984 364 6068 (05')
397 5994 570 6048 Ὥστε
613 5990 712 6044 και
755 5990 795 6057 ή
845 5984 1002 6058 αὐτῆ
1033 5988 1235 6056 ἀρετή,
1275 5998 1380 6044 etc.
1422 5988 1560 6044 'l‘ull.
1589 5986 1680 6041 lib.
1709 6002 1728 6040 ι

740 5393 786 5424 ⁸⁸
817 5394 946 5445 Ibid.
970 5393 1023 5448 7.
1098 5391 1142 5422 ⁸⁸
1167 5389 1306 5443 Psal.
1343 5403 1526 5450 Lxxxt,
1558 5390 1607 5441 Ι.
1683 5389 1721 5419 ⁵⁸

740 5463 775 5494 ⁵⁸
807 5462 1017 5511 Culoss.
1047 5477 1086 5511 ι.
1115 5461 1200 5511 lii.
1302 5458 1346 5489 "
1379 5457 1578 5511 IJoan.
1613 5473 1688 5511 ιιι.

1818 5390 1900 5444 Lai.
1935 5407 2056 5455 xcv,
2088 5393 2140 5445 5.
2221 5392 2264 5422 ⁸⁷
2302 5389 2324 5443 1
2354 5391 2478 5446 Cor.
2520 5405 2638 5453 vui,
2663 5388 2714 5445 5.

1489 5475 1578 5512 an.
1613 5475 1688 5520 Ill,
1729 5475 1785 5512 Ζ.

1826 5272 1922 5326 diti
1957 5284 2100 5340 sunt,
2134 5273 2449 5343 antpotius,
2495 5287 2591 5342 pro
2639 5272 2708 5326 iis
2748 5275 2842 5341 qui
2882 5274 3078 5329 rationi
3112 5276 3370 5333 virtutem

2815 5390 2862 5424 ⁸³
2888 5390 3080 5446 Matth.
3102 5409 3235 5458 xm,
3263 5391 3365 5460 30;

1821 5571 1899 5625 De
1949 5573 2164 5642 legibus.
2201 5591 2220 5623 ι
2254 5571 2376 5642 Jam
2405 5587 2534 5642 vero
2557 5572 2724 5627 virtus
2756 5574 2944 5628 eadem
2975 5574 3027 5628 in
3065 5577 3281 5631 homine
3307 5590 3371 5634 ac

1821 5643 1930 5695 Deo
1955 5641 2058 5707 εει,
2091 5641 2395 5713 nequeullo
2425 5641 2530 5713 aiio
2560 5643 2610 5695 in
2635 5643 2792 5713 genio
2815 5653 3094 5713 praeterea.
3141 5646 3241 5700 Est
3267 5663 3367 5701 au-

1821 5719 1929 5763 tem
1957 5713 2132 5765 virtus
2153 5711 2285 5764 nihil
2330 5711 2498 5774 aliud,
2531 5711 2777 5782 quamln
2818 5711 2882 5766 se
2920 5714 3186 5782 perfecta,
3214 5725 3267 5768 et
3299 5717 3364 5766 a‘d

1819 5792 2088 5833 summum
2131 5781 2381 5850 perducta
2415 5790 2626 5833 natura.
2657 5781 2765 5836 ‘Est
2810 5781 2976 5851 igitur
3005 5783 3204 5836 homini
3237 5799 3357 5836 cum

1820 5845 2288 5904 Deosimilitudo.»
2320 5849 2488 5903 Clem.
2511 5848 2710 5903 Strom.
2739 5865 2808 5904 ιιι
2836 5853 2936 5904 ποὺ
2969 5850 3094 5904 γάο.
3125 5851 3357 5904 καθάπερ

1973 5865 2288 5906 ιιιιιιιιυιιο.»
2320 5865 2488 5903 metu.
2511 5865 2710 5903 otrom.
2739 5865 2808 5904 vlt
2836 5865 2936 5904 :UU
2969 5865 3094 5914 γαρ,
3125 5865 3329 5904 καυαπε

1820 5868 2288 5914 νεοειιιιιιιιυιιοδ
2320 5868 2488 5903 metu.
2511 5868 2710 5903 atram.
2739 5868 2808 5904 vn
2836 5868 2936 5904 :UU
2969 5868 3094 5921 γαρ,
3125 5868 3368 5920 καυαπερ

1819 5916 1876 5991 _oi_
1900 5917 2154 5991 Στωϊκοὶ,
2176 5919 2346 5991 ἀθέως
2376 5919 2511 5991 πάνυ
2543 5921 2640 5990 τὴν
2671 5921 2835 5990 αὐτὴν
2860 5921 3055 5991 ἀρετὴν
3085 5917 3367 5991 ἀνθρώτῖηυ

1821 5984 2047 6053 λέγομεν
2076 5989 2169 6040 καὶ
2201 5987 2354 6041 Θεοῦ.
2393 6005 2414 6037 ι
2444 5987 2558 6043 Non
2593 5984 2762 6055 enim,
2794 5984 2852 6046 ut
2890 5984 3056 6046 Stoici
3085 5984 3234 6045 valde
3266 5991 3369 6042 in-
