4100 6318
786 394 918 453 itm
2167 387 2503 464 omanis
3882 397 3996 455 ωτι

771 512 1084 582 adiunxere.
1125 509 1202 565 Ex
1243 510 1398 574 nobis
1448 508 1591 563 enim
1648 509 1838 565 eadem
1871 518 1955 564 est
1993 509 2047 564 in
2081 509 2320 564 omnibus

2443 510 2563 564 σθαι
2597 507 2812 576 τέλειοι,
2843 510 2920 576 ὡς
2959 513 2987 566 6
3039 512 3226 586 Πατὴρ
3270 515 3424 592 ἡμῶν
3466 518 3496 570 6
3535 515 3791 589 οὐράνιος
3818 517 3992 581 τέλειός

767 605 978 660 naturis
1030 604 1210 660 beatis
1255 605 1469 668 virtus;
1523 604 1594 657 ita
1636 611 1694 657 ut
1735 603 1929 658 eadem
1981 603 2216 658 hominis
2255 604 2320 656 sit

2443 605 2578 668 ἐστι,
2617 623 2636 656 ι
2672 603 3046 676 διδασκόμεθα.
3093 606 3282 671 Οὐδεὶς
3323 603 3414 676 οὖν
3458 608 3622 672 καλὸς
3655 609 3752 662 καὶ
3800 608 3992 676 ἀγαθὸς,

767 699 966 760 virtus,
995 711 1059 751 ac
1094 696 1210 752 Dei.
1260 694 1412 752 Unde
1460 695 1616 750 nobis
1643 705 1973 766 praceptum
2011 712 2024 747 :
2077 713 2096 746 ι
2153 694 2320 750 Estou

2446 695 2656 768 σκώληξ
2691 698 2838 750 ἐστὶν
2870 699 3223 771 ὲννπχόμενος
3255 698 3498 772 βορὸόρῳ
3519 717 3532 730 ·
3569 700 3663 754 καὶ
3704 701 3881 764 οὗδεξ
3920 703 3990 754 εὑ-

767 790 1015 858 perfecti,
1042 791 1181 846 sicut
1198 789 1356 845 Pater
1382 800 1559 845 vester
1579 790 1818 845 emlestis
1836 788 2105 858 perfectus
2124 800 2208 844 est
2230 788 2320 842 “.t

2447 786 2608 860 σεὸἡς
2665 787 2922 859 μύρμηξ’
2972 786 3066 843 καὶ
3108 789 3286 854 οὐδεὶς
3324 789 3529 855 δίκαιος
3579 791 3888 863 βάτραχος
3919 795 3992 844 καὶ

765 881 903 939 Male
937 883 1098 952 igitur
1124 897 1246 936 cum
1285 897 1488 945 verme,
1519 882 1610 949 qui
1640 883 1692 934 in
1736 881 1849 934 luto
1882 881 2112 943 innatat,
2162 880 2320 936 bnnu!

2440 879 2613 944 οὐδεὶς
2637 880 2715 952 τῷ
2755 881 2989 954 λαμπρῷ
3009 883 3146 952 φωτὶ
3191 884 3289 956 τῆς
3317 871 3572 954 ἁληόείας
3599 884 3992 956 καταυγαζόμε·

764 982 820 1029 et
839 976 1019 1045 justus
1043 983 1414 1043 comparatur,
1442 975 1582 1026 male
1605 974 1726 1041 pius
1750 988 1872 1026 cum
1900 971 2154 1035 formica,
2195 970 2320 1024 male

2441 987 2529 1046 νος
2559 972 2657 1042 τὴν
2689 971 2864 1042 ψυχὴν
2896 974 3167 1045 νυκτερίδι
3205 972 3272 1028 ἂν
3299 972 3532 1041 εὐλόγως
3556 973 3966 1046 παραϐάλλοιτο.

757 1068 935 1136 justus
962 1085 1083 1123 cum
1111 1083 1259 1121 rana.
1299 1066 1467 1121 Nemo
1513 1066 1790 1135 splendida
1830 1067 2082 1120 veritatis
2134 1064 2251 1120 luce
2297 1064 2566 1135 perfusam
2614 1066 2817 1121 habens
2872 1067 3106 1122 animam
3172 1083 3295 1121 cum
3343 1067 3729 1138 vespertilione
3782 1064 3992 1121 conferri

762 1166 867 1221 nisi
896 1177 1105 1233 summa
1135 1161 1337 1229 injuria
1365 1168 1568 1230 potest.

838 1255 930 1308 50.
971 1253 1126 1319 Quod
1176 1261 1357 1321 postea
1383 1251 1572 1306 Celsus
1601 1266 1812 1306 vermes
1859 1250 2064 1306 inducit
2116 1252 2198 1306 sic
2251 1250 2327 1306 lo.

760 1356 990 1416 quentes
1031 1364 1043 1398 :
1095 1361 1114 1394 ι
1153 1342 1261 1397 Nos
1294 1343 1434 1396 Deus
1476 1343 1580 1396 sibi
1631 1343 1856 1397 omnino
1894 1343 2099 1398 similes
2123 1342 2267 1410 fecit,
2306 1362 2326 1395 ι

760 1441 826 1491 ad
866 1439 917 1491 id
971 1438 1223 1492 inductus
1258 1435 1393 1488 mihi
1438 1435 1607 1490 fuisse
1637 1437 1852 1490 videtur
1882 1435 2020 1489 male
2052 1433 2332 1491 intellecto

758 1531 863 1584 hoc
882 1528 1109 1583 Genesis
1153 1526 1273 1581 loco
1323 1543 1337 1580 :
1376 1526 1723 1596 «Faciamus
1763 1527 2035 1582 hominem
2081 1529 2148 1582 ad
2190 1529 2329 1582 ima-

758 1621 937 1691 ginem
960 1628 1015 1674 et
1044 1619 1452 1673 similitudinem
1502 1629 1745 1672 nostram
1771 1618 1908 1671 ⁷¹·⁷³.
1941 1618 2057 1673 Sed'
2075 1619 2120 1672 si
2149 1621 2328 1674 novis-

758 1718 844 1767 set
865 1709 991 1778 quid
1021 1709 1234 1764 intersit
1263 1709 1601 1762 discriminis
1636 1710 1780 1762 inter
1820 1727 1840 1758 ι
1879 1708 2000 1762 ﬁeri
2052 1701 2331 1764 hominem

759 1804 828 1858 ad
881 1802 1172 1870 imaginem
1229 1803 1364 1868 Dei,
1435 1811 1488 1856 et
1537 1801 1654 1855 fieri
1704 1802 1770 1854 ad
1818 1800 2268 1866 similitudinem;
2305 1820 2324 1852 ι

759 1891 919 1964 ⁵23
951 1867 1015 1956 si
1031 1867 1358 1948 advertisset
1383 1893 1434 1946 in
1462 1892 1741 1958 Scriptura
1782 1891 1950 1945 Deum
1976 1890 2213 1960 quidem
2248 1888 2332 1945 di-
2362 1867 2403 1921 Β

756 1984 943 2039 lisse:
993 2004 1011 2036 ι
1047 1985 1334 2057 Faciamus
1372 1986 1646 2040 hominem
1683 1983 1749 2036 ad
1777 1983 2065 2052 imaginem
2093 1993 2148 2039 et
2175 1985 2330 2042 simi-

753 2078 1038 2135 litudinem
1094 2087 1381 2140 nostram,
1459 2096 1476 2129 ι
1543 2079 1636 2132 sed
1683 2088 1864 2131 tamen
1916 2077 2063 2131 illum
2117 2090 2332 2139 creasse

761 2193 783 2227 ι
821 2176 1202 2243 adimagiuem
1240 2173 1360 2237 Dei,
1404 2191 1424 2223 ι
1458 2185 1561 2224 non
1598 2185 1728 2226 vero
1756 2180 1882 2225 tunc
1909 2189 1931 2221 ί
1975 2172 2044 2224 ad
2077 2171 2332 2226 similitu«

755 2268 936 2321 dinem
965 2283 979 2329 ;
1022 2285 1040 2317 ι
1080 2266 1236 2320 nobis
1265 2265 1381 2320 haec
1420 2281 1526 2318 non
1555 2265 1855 2318 ascriberet
1883 2283 1895 2317 :
1933 2281 1952 2315 ι
1987 2262 2221 2317 Omnino
2248 2264 2326 2317 si-

754 2359 910 2414 miles
963 2359 1069 2412 Deo
1100 2372 1308 2410 sumus.
1351 2376 1370 2408 ι
1400 2354 1599 2423 Neque
1652 2357 1817 2408 etiam
1868 2356 2098 2409 dicimus
2125 2379 2141 2404 ο
2181 2365 2324 2408 astra

754 2451 908 2506 nobis
953 2464 1073 2505 esse
1121 2448 1361 2502 subdita.
1406 2467 1423 2498 ι
1464 2448 1594 2500 Nam
1645 2448 1919 2515 justorum
1976 2446 2322 2513 resurrectio,

752 2558 873 2613 qua:
905 2542 1032 2611 quid
1080 2541 1152 2595 sit
1180 2541 1456 2609 sapientes
1490 2539 1820 2607 intelligunt,
1858 2538 1956 2592 soli
2005 2549 2059 2592 et
2090 2537 2227 2591 luna:
2271 2545 2326 2592 et

751 2635 916 2691 nstris
970 2643 1319 2710 comparatur
1371 2633 1437 2686 ab
1489 2630 1749 2698 Apostolo
1789 2647 1802 2682 :
1839 2648 1858 2680 c
1910 2629 2072 2693 Alia,
2123 2629 2321 2697 inquit,

752 2731 975 2788 claritas
1006 2729 1156 2792 solis,
1189 2728 1292 2780 alia
1321 2727 1543 2780 claritas
1573 2727 1711 2778 lunae
1735 2764 1748 2786 ,
1801 2723 1904 2776 alia
1934 2723 2161 2778 claritas
2192 2723 2322 2776 stel-

2507 1249 2661 1300 Δοκεῖ
2695 1246 2751 1299 δέ
2811 1265 2898 1318 μοι
2955 1248 3364 1319 παρακηκοέναι
3414 1246 3442 1299 6
3490 1239 3696 1310 Κέλσος
3753 1247 3850 1300 καὶ
3898 1242 3994 1296 τοῦ,

2442 1357 2460 1390 ι
2502 1339 2823 1411 Ποιήσωμεν
2853 1339 2964 1411 (96)
2995 1340 3284 1410 ἄνθρωπον
3313 1340 3432 1394 κατ’
3461 1339 3646 1392 εἰκόνα
3690 1340 3789 1392 καὶ
3826 1336 3997 1409 ὁμοίω-

2441 1447 2522 1482 σιν
2551 1431 2857 1502 ἡμετέρανο
2902 1451 2919 1482 ι
2970 1433 3060 1484 καὶ
3097 1432 3248 1502 παρὰ
3300 1429 3459 1503 τοῦτο
3491 1429 3852 1499 πεποιηκέναι
3890 1430 3999 1490 τοὺς

2432 1520 2716 1594 σκώληκας
2769 1521 3042 1592 λέγοντας,
3081 1525 3164 1578 ὄτι
3214 1542 3233 1576 ι
3282 1523 3387 1578 ὑπὸ
3417 1521 3511 1575 τοῦ
3539 1521 3672 1574 Θεοῦ
3703 1521 3996 1589 γεγονότες,

2428 1612 2604 1682 πάντη
2673 1614 2836 1683 ἐσμὲν
2909 1612 3059 1683 αὐτῷ
3106 1613 3300 1683 ὅμοιοι.
3345 1631 3364 1665 ι
3417 1614 3479 1666 Ei
3539 1612 3724 1682 μέντοι
3783 1610 4002 1679 ἐγνώκει

2429 1703 2690 1775 διαφορὰν
2745 1703 2850 1760 τοῦ
2908 1705 3033 1758 κατ’
3083 1706 3287 1759 εἰκόνα
3347 1705 3494 1760 Θεοῦ
3551 1703 3866 1775 γεγονέναι
3908 1703 4001 1755 τὸν

2433 1788 2742 1864 ἄνθρωπον
2799 1797 2947 1865 πρὸς
2982 1798 3088 1851 τὸν
3121 1798 3233 1869 (97)
3287 1798 3414 1853 καθ’
3438 1798 3746 1867 ὁμοίωσιν
3790 1796 3889 1849 καὶ
3933 1796 4002 1847 ὅτι

2432 1888 2842 1958 ἀναγέγραπται
2867 1890 3146 1961 εἰρηκέναι
3176 1888 3371 1955 όΘεδς,
3401 1909 3418 1940 ι
3452 1891 3777 1962 Ποιήσωμεν
3806 1888 4003 1959 ἅνθρω-

2433 1995 2531 2033 πον
2564 1983 2681 2034 κατ’
2739 1983 2924 2035 εἰκόνα
2958 1984 3049 2036 καὶ
3079 1983 3336 2055 ὁμοίωσιν
3378 1985 3680 2054 ἡμετέραν·
3727 2002 3747 2034 ι
3785 1982 4002 2051 ἐποίησε

2429 2071 2472 2124 δ
2511 2074 2540 2124 ὁ
2582 2073 2713 2136 θεὸς
2751 2073 2842 2127 τδν
2880 2073 3161 2145 ἄνθρωπον
3205 2095 3223 2126 ι
3262 2075 3379 2129 κατ’
3425 2077 3609 2128 εἰκόνα
3641 2074 3802 2137 Θεοῦ,
3843 2095 3863 2126 ι
3902 2073 4000 2127 an:

2428 2164 2548 2234 οὐχὶ
2572 2165 2661 2217 καὶ
2691 2185 2709 2215 ‹
2748 2165 2868 2219 καθ’
2902 2167 3224 2237 ὁμοίωσιν.»
3262 2167 3359 2238 ἢδη
3381 2185 3393 2196 ·
3429 2167 3530 2220 οὐκ
3559 2165 3624 2220 ἂν
3656 2167 3830 2218 ἐποίει
3865 2168 4001 2238 ἡμεῖς

2428 2254 2683 2322 λέγοντας
2708 2297 2723 2319 ν
2774 2258 2856 2311 ὅτι
2896 2278 2915 2308 ι
2958 2259 3132 2331 πάντη
3167 2245 3339 2330 ὅμοιοί
3388 2262 3555 2329 ἐσμεν
3593 2258 3672 2330 τῷ
3702 2257 3846 2328 Θεῷ.
3888 2279 3905 2308 ι
3936 2258 4002 2310 Οὐ

2428 2343 2657 2414 λέγομεν
2683 2347 2727 2399 δ’
2755 2349 2838 2401 ὅτι
2865 2349 3229 2421 ὑποϐέϐληται
3259 2352 3389 2421 ἡμῖν
3419 2350 3510 2403 καὶ
3539 2349 3608 2402 τὰ
3637 2351 3818 2420 ἄστρα
3839 2366 3852 2378 ·

2429 2438 2460 2506 ἡ
2495 2436 2606 2491 τῶν
2632 2438 2851 2493 δικαίων
2877 2440 3142 2511 λεγομένη
3175 2429 3490 2504 ἀνάστασις,
3519 2442 3612 2493 καὶ
3644 2440 3752 2492 ὑπὸ
3783 2439 3896 2492 τῶν
3927 2457 4002 2492 πι-

2429 2527 2540 2596 φῶν
2575 2527 2865 2599 νοουμένη,
2901 2529 3305 2600 παραϐάλλεται
3352 2529 3489 2601 ἡλίῳ
3535 2529 3628 2583 καὶ
3673 2531 3880 2601 σελήνῃ
3919 2531 3999 2582 καὶ

2425 2617 2645 2688 ἄστροις
2671 2620 2774 2672 ὑπὸ
2805 2620 2897 2672 τοῦ
2932 2621 3229 2689 φάσκοντος
3254 2639 3265 2651 ·
3303 2641 3322 2673 ι
3360 2621 3527 2692 Ἀλλη
3554 2622 3679 2688 δόξα
3717 2622 3894 2692 ἡλίου,
3917 2623 4000 2676 καὶ

2425 2709 2558 2779 ἄλλη
2604 2711 2730 2775 δόξα
2771 2713 3032 2784 σελήνης,
3063 2717 3156 2768 καὶ
3203 2714 3334 2786 ἄλλη
3363 2715 3488 2782 δόξα
3517 2717 3765 2786 ἀστέρων
3788 2733 3801 2745 ·
3834 2716 3998 2786 ἀστὴρ

751 2822 950 2876 larum.
984 2819 1148 2874 Stella
1186 2819 1329 2874 enim
1366 2833 1396 2870 a
1437 2817 1594 2871 stella
1637 2814 1816 2878 diﬂ'ert
1849 2815 1903 2867 in
1936 2812 2213 2880 elaritate,
2244 2812 2320 2868 sic

2425 2801 2531 2871 γὰρ
2564 2803 2787 2874 ἀστέρος
2809 2803 3054 2874 διαφέρει
3081 2808 3138 2858 ὲν
3160 2805 3315 2879 δόξῃ,
3347 2805 3489 2858 οὕτω
3516 2806 3609 2858 καὶ
3645 2809 3677 2876 ἡ
3708 2806 3998 2867 ἀνάστασις

754 2921 808 2968 et
839 2911 1165 2966 resurrectio
1199 2918 1536 2962 mortuorum
1567 2906 1632 2958 ⁷⁸.
1669 2924 1686 2955 ι
1716 2906 1791 2965 De
1821 2905 1908 2959 his
1936 2878 2132 2960 'eodem
2155 2903 2320 2958 etiam

2425 2890 2529 2945 τῶν
2562 2892 2770 2964 νεκρῶν
2796 2910 2809 2924 ·
2855 2914 2874 2945 ι
2914 2896 3008 2949 καὶ
3050 2897 3143 2950 τοῦ
3175 2897 3369 2967 Δανιὴλ
3413 2898 3544 2969 περὶ
3585 2897 3793 2950 τούτων
3839 2897 3998 2951 παλαι

756 3005 915 3058 modo
953 3002 1062 3071 jam
1096 3002 1223 3055 olim
1269 3000 1453 3053 Daniel
1488 2998 1815 3051 vaticinatus
1856 2996 2032 3050 fuerat
2053 2995 2120 3046 ⁷⁸.
2157 2993 2320 3048 Addit

2425 2985 2915 3056 προφητεύσαντος.
2961 2989 3097 3059 Φησὶ
3139 2988 3182 3040 δ’
3216 2991 3363 3059 ἡμᾶς
3413 2988 3728 3068 λέγειν,νὸτι
3762 3008 3779 3039 ι
3826 2989 3999 3041 πάντα

752 3093 941 3148 Celsus
997 3107 1099 3146 nos
1143 3091 1324 3145 dicere
1369 3109 1381 3144 :
1438 3109 1455 3140 ι
1491 3085 1680 3144 Omnia
1733 3088 1893 3141 nobis
1933 3087 2141 3140 servire
2168 3084 2319 3153 jussa

2425 3073 2553 3141 ἡμῖν
2592 3072 2857 3146 δουλεύειν
2899 3076 3185 3130 τέτακται.
3232 3097 3250 3128 ι
3290 3078 3440 3148 Τάχα
3485 3077 3584 3147 μὲν
3621 3077 3724 3130 οὐκ
3764 3077 4000 3138 ἀκούσας

755 3193 900 3240 sunt.
967 3201 986 3234 ι
1040 3181 1293 3237 Fortasse
1362 3183 1631 3235 neminem
1714 3197 1744 3232 e
1815 3178 2017 3233 noStris
2086 3178 2314 3246 sapien-

2425 3163 2530 3216 τῶν
2563 3165 2620 3216 ἐν
2645 3165 2775 3234 ἡμῖν
2802 3167 3034 3218 συνετῶν
3065 3167 3289 3222 τοιαῦτα
3311 3168 3576 3236 λεγόντων
3595 3185 3609 3198 ·
3641 3169 3785 3238 τάχα
3812 3168 3872 3222 δὲ
3913 3169 4001 3220 καὶ

755 3277 902 3330 tibus
959 3274 1085 3327 talia
1139 3275 1319 3328 dicere
1375 3273 1573 3325 audivit
1625 3291 1636 3324 :
1688 3271 1919 3326 fortasse
1974 3269 2137 3324 etiam
2215 3283 2318 3322 ne-

2427 3255 2500 3326 μὴ
2547 3255 2905 3326 ἐπιστάμενος
2955 3258 3072 3321 πῶς
3131 3259 3375 3312 λέλεκται
3421 3259 3638 3313 πάντων
3688 3256 3829 3312 εἶναι
3877 3259 4001 3313 δοῦ-

753 3368 912 3422 seivit
947 3367 1096 3419 nobis
1149 3365 1455 3417 mamlatum
1507 3378 1648 3425 esse,
1701 3374 1759 3415 ut
1791 3364 2039 3420 omnium
2089 3363 2160 3414 sit
2198 3376 2319 3414 ser-

2425 3347 2507 3400 λον
2540 3349 2630 3400 τὸν
2655 3351 2711 3401 ὲν
2746 3351 2872 3419 ἡμῖν
2911 3349 3149 3437 μείζονα.
3192 3352 3300 3405 Καὶ
3348 3349 3440 3404 ἐὰν
3479 3351 3579 3422 μὲν
3623 3351 3886 3423 Ἕλληνες
3918 3351 4002 3404 λέ-

753 3475 853 3514 vus
879 3460 967 3528 qui
999 3460 1139 3512 inter
1169 3473 1265 3511 nos
1296 3467 1380 3511 est
1428 3455 1602 3522 major
1641 3456 1710 3508 ⁷⁸.
1747 3457 1947 3511 Deinde
1979 3473 2099 3512 cum
2140 3457 2314 3511 (ἐπ’ωεί

754 3552 938 3604 dicunt
965 3568 977 3602 :

897 3640 1009 3704 Sol,
1047 3657 1172 3702 nox,
1204 3652 1417 3708 uterque
1447 3639 1677 3692 serviunt
1719 3637 2030 3690 mortalibus
2066 3640 2134 3702 ’⁷,

754 3732 956 3784 dictum
1003 3729 1221 3781 laudant
1260 3739 1316 3781 et
1367 3718 1778 3782 cmumeutal’iis
1831 3728 2125 3782 illustrant.
2166 3729 2311 3786 idem

753 3837 852 3875 nos
901 3821 1014 3873 sive
1059 3832 1162 3872 non
1214 3819 1479 3881 dicamus,
1517 3819 1631 3871 sive
1672 3818 1793 3894 aliis
1827 3817 2011 3871 verbis
2044 3819 2315 3883 dicamus,

750 3912 975 3981 perinde
1019 3920 1099 3963 est
1125 3908 1306 3971 Celso,
1340 3919 1397 3960 ut
1447 3909 1604 3962 nobis
1660 3909 1910 3963 intendat
1961 3908 2132 3964 litem.
2161 3911 2313 3980 Apud

749 4004 901 4058 illum
935 4017 1052 4065 nos,
1091 4016 1226 4068 quos
1251 3999 1578 4053 vermiculos
1606 4009 1782 4068 putat,
1815 3999 1894 4054 sic
1925 4001 2311 4069 loquebamur:

757 4110 778 4144 ι
831 4092 1272 4160 Quandoquidem
1319 4103 1446 4146 sunt
1490 4094 1633 4144 inter
1683 4108 1802 4154 nos,
1853 4093 1947 4159 qui
1991 4108 2047 4144 se
2077 4095 2314 4160 peccatis

752 4184 1147 4246 contaminant,
1186 4185 1327 4237 Deus
1359 4183 1572 4244 veniet,
1619 4192 1710 4235 aut
1753 4183 1929 4236 mittet
1965 4181 2196 4246 Filium,
2258 4193 2315 4236 ut

750 4277 985 4332 ﬂammis
1018 4275 1233 4330 addicat
1266 4275 1455 4341 impios
1481 4312 1495 4335 ,
1525 4283 1580 4324 et
1611 4287 1707 4325 nos
1755 4287 1900 4324 ranae
1940 4273 2160 4339 reliquae
2189 4287 2311 4323 eum

753 4370 872 4438 ipso
931 4377 1132 4422 aeterna
1186 4368 1295 4419 vita
1341 4366 1607 4418 fruamur.
1661 4383 1680 4414 ι
1719 4363 1851 4416 Vide
1895 4371 1952 4415 ut
2003 4377 2189 4416 scurra
2225 4363 2313 4418 ille

751 4459 1056 4514 doctrinam
1095 4461 1160 4510 de
1195 4459 1379 4510 divino
1422 4457 1648 4524 judicio,
1682 4455 1748 4508 de
1791 4454 2072 4522 suppliciis
2118 4454 2310 4523 impio-

2418 3457 2606 3508 γωσιν,

2486 3634 2608 3692 Εἴθ’
2640 3638 2811 3704 ἣλιος
2842 3639 2950 3712 (98)
2963 3640 3097 3707 μὲν,
3123 3639 3234 3703 νύξ
3266 3657 3329 3693 τε
3358 3641 3630 3694 δουλεύει
3650 3640 3929 3712 βροτοῖς·

2418 3729 2802 3793 ἐπαινέσαντες
2843 3733 2902 3784 τὸ
2959 3732 3274 3808 λεγόμενον,
3315 3733 3408 3784 καὶ
3455 3731 3771 3802 διηγοῦνται
3811 3717 3996 3784 ἀὐτὼ

2418 3817 2554 3871 ὲπὰν
2577 3819 2634 3872 δὲ
2665 3821 2726 3872 τὸ
2758 3821 2998 3875 τοιοῦτον
3029 3824 3061 3894 ἢ
3097 3823 3168 3895 μὴ
3196 3822 3420 3894 λέγηται
3451 3823 3560 3893 (99)
3579 3863 3594 3883 ,
3627 3825 3662 3894 ἢ
3705 3824 3887 3888 ἄλλως
3912 3825 3998 3878 u-

2419 3926 2611 3986 γηται,
2650 3918 2974 3982 συκοφαντεῖ
3019 3918 3166 3986 ἡμᾶς
3196 3919 3224 3969 6
3269 3915 3475 3978 Κέλσος
3513 3916 3610 3968 καὶ
3640 3917 3736 3969 ἐπὶ
3763 3917 3995 3980 τοῦτοίς.

2430 4003 2716 4075 Ἐλέγομεν
2743 4006 2799 4058 δὲ
2847 4007 2992 4078 παρὰ
3024 4007 3101 4078 τῷ
3136 4009 3327 4078 Κέλσῳ
3362 4010 3540 4079 ἡμεῖς,
3576 4010 3626 4060 οί
3677 4011 3801 4062 κατ’
3838 4011 3998 4062 αὑτὸν

2418 4094 2714 4167 σκώληκες,
2749 4097 2851 4161 ὃτι,
2891 4117 2908 4148 ι
2955 4099 3105 4151 Ἐπεί
3133 4114 3278 4161 τινες
3302 4100 3360 4151 ὲν
3394 4101 3522 4169 ἡμῖν
3555 4099 3991 4168 πλημμελοῦσιν,

2415 4186 2661 4252 ἀφίξεται
2689 4188 2825 4257 πρὸς
2857 4191 3003 4258 ἡμᾶς
3029 4191 3058 4240 6
3091 4190 3240 4250 Θεὸς,
3271 4190 3304 4260 ἢ
3341 4189 3540 4257 πέμψει
3570 4188 3662 4241 τὸν
3699 4191 3831 4244 Υἱδν
3872 4192 3994 4244 tau-

2415 4273 2530 4336 τοῦ,
2567 4274 2653 4343 ἵνα
2679 4277 2988 4349 καταφλέξῃ
3010 4279 3135 4340 τοὺς
3167 4278 3402 4341 ἀδίκους,
3424 4278 3473 4330 οἱ
3502 4278 3560 4330 δὲ
3586 4277 3764 4331 λοιποὶ
3801 4279 3996 4351 βάτραι

2414 4381 2496 4432 χοι
2533 4368 2628 4418 σὺν
2671 4367 2817 4437 αὑτῴ
2861 4367 2971 4437 βίον
3001 4368 3212 4422 αἰώνιον
3244 4369 3473 4439 ἔχωμεν.
3517 4389 3535 4420 ι
3575 4371 3685 4422 Καὶ
3723 4373 3832 4442 ὅρα
3882 4374 3994 4435 πῶς

2415 4459 2490 4522 ὼς
2525 4459 2831 4530 βωμολόχος
2868 4461 2965 4532 τὴν
2999 4462 3124 4531 περὶ
3162 4463 3394 4532 κρίσεως
3443 4461 3593 4525 Θείας
3627 4448 3990 4532 ἀπαγγελίαν,

750 4563 896 4610 rum,
919 4549 981 4601 de
1012 4549 1282 4617 justorum
1306 4548 1574 4614 praemiis,
1607 4545 1916 4608 cavilletnr,
1947 4545 2194 4607 irrideat,
2217 4561 2311 4600 ex-

2425 4553 2508 4605 καὶ
2537 4554 2662 4623 περὶ
2689 4553 2959 4618 κολάσεως
2997 4555 3094 4625 μὲν
3127 4556 3226 4624 τῆς
3259 4553 3399 4607 κατὰ
3423 4554 3531 4624 τῶν
3555 4554 3781 4619 ἀδίκων,
3817 4558 3994 4625 γέρως

751 4639 952 4696 sibilet.
1005 4639 1235 4692 Gravem
1282 4638 1701 4708 philosophum!
1752 4637 1995 4690 Tandem
2038 4639 2310 4693 concludit

855 4753 899 4785 '”
935 4752 1188 4814 Matth.v,
1217 4749 1305 4804 48.
1412 4750 1534 4788 "'7’
1567 4749 1702 4802 Gen.
1740 4763 1776 4811 l,
1805 4748 1896 4799 Q6.

750 4824 912 4892 ripid.
943 4818 1194 4873 Pltwniss.

749 4942 857 5010 pie,
891 4940 1123 4994 hominis
1174 4949 1228 4994 et
1277 4939 1368 4993 Dei
1401 4938 1644 5010 eamdem
1699 4951 1849 5010 esse~
1879 4938 2107 5010 dicimus
2139 4940 2309 4991 virtu-

750 5007 882 5064 iem.
915 5029 934 5060 ι
968 5010 1321 5074 Theodoret,
1366 5025 1530 5062 scrin.
1579 5009 1665 5070 Η,
1716 5007 1790 5059 De
1817 5008 1919 5073 ﬁne
1948 5020 1995 5060 et
2049 5008 2255 5074 judicio
2290 5025 2307 5061 :

760 5081 967 5132 Ἐκεῖνο
1014 5077 1070 5129 δέ
1115 5095 1177 5146 γε
1224 5079 1398 5132 αὐτῶν
1449 5078 1639 5148 κομιδῆ
1668 5076 1979 5148 τολμηρόν·
2021 5075 2306 5148 ἀνθρώπου

751 5149 860 5218 γάρ
885 5163 964 5200 τοι
996 5150 1086 5199 καὶ
1135 5149 1267 5200 Θεοῦ
1297 5149 1394 5218 τὴν
1438 5147 1604 5219 αὐτὴν
1639 5147 1820 5214 ἔλεγον
1867 5149 2083 5219 ἀρετήν.
2121 5147 2141 5199 ι
2176 5147 2307 5200 Illud

751 5233 885 5273 vero
911 5219 1220 5272 eorumdem
1250 5219 1506 5273 audacius
1533 5230 1616 5272 est
1640 5219 1841 5270 dictum
1872 5234 1884 5269 :
1925 5219 2017 5270 Dei
2068 5233 2306 5284 namque

749 5298 806 5410 (ἐι
878 5288 1112 5342 hominis
1163 5289 1403 5341 eamdem
1438 5289 1720 5360 virtutem
1775 5301 1896 5340 esse
1966 5287 2302 5340 asserebant.

795 5373 1017 5410 PENCBR.

795 5373 995 5413 PENCBR
1007 5395 1017 5406 -

824 5429 936 5496 (96)
967 5428 1055 5482 Sic
1101 5427 1264 5481 etiam
1316 5427 1452 5480 infra
1505 5427 1878 5495 manuscripti.
1931 5424 2078 5479 Libri
2127 5433 2306 5479 autem

750 5499 882 5551 editi
920 5498 1549 5566 utrobiquenmtﬁoopsv.

822 5567 934 5637 (97)
953 5562 1250 5635 Πρὸςὶόν,
1277 5562 1385 5637 etc.
1414 5562 1564 5634 Legit
1586 5565 1919 5637 Boherellus,
1945 5562 2172 5637 πρδςτό,
2197 5571 2300 5637 etc.

824 5631 946 5708 (98)
975 5631 1246 5708 Euripidis
1275 5636 1404 5690 libb.
1440 5631 1591 5700 editi,
1627 5631 1725 5688 εἷθ’
1755 5635 1920 5696 ὄιλιος.
1953 5631 2173 5693 Rectius
2199 5633 2303 5687 Eu-

754 5707 956 5776 ripides
987 5707 1039 5760 in
1069 5707 1326 5760 Phaent'u.
1341 5723 1359 5758 :

821 5777 1051 5843 Νυκτός
1084 5779 1134 5828 τ’
1161 5777 1413 5845 (ignem-sq
1433 5775 1758 5843 βλέφαρον,
1794 5775 1969 5842 ἡλίου
1999 5789 2060 5830 τε
2087 5775 2231 5845 φῶς,

821 5849 993 5903 Ἴσον
1014 5844 1406 5911 βαδίζεινίτὸν
1429 5846 1735 5898 ἐνιαύσιον
1765 5847 2010 5912 κύκλον,

2001 4749 2086 4801 ⁷⁸1
2118 4752 2244 4806 Cor.
2277 4769 2364 4817 xv,
2398 4757 2484 4808 Η.

2418 4643 2474 4695 δὲ
2499 4643 2590 4696 τοῦ
2622 4647 2700 4707 είς
2727 4647 2853 4708 τοὺς
2892 4646 3151 4710 δικαίους,
3185 4648 3264 4708 είς
3293 4645 3489 4725 χλεύην
3527 4643 3619 4697 καὶ
3652 4645 3873 4712 γέλωτα
3901 4648 3992 4699 καὶ

2593 4758 2638 4788 ’⁸
2681 4758 2816 4812 Dan.
2857 4745 3033 4822 xu,5.
3140 4759 3185 4791 "
3225 4758 3415 4812 Matth.
3461 4773 3551 4822 xx,
3580 4758 3672 4810 27.
3806 4761 3856 4791 "
3881 4759 3988 4813 Ea-

2490 4941 2563 5012 K:
2586 4940 2901 5012 οὐδέτερον
2925 4941 3132 4997 αὑτοῖν
3157 4944 3382 5012 φθόνον
3411 4942 3536 5012 ἔχει
3563 4940 3917 5012 ratum.

2487 5007 2608 5064 Εἶθ’
2639 5007 2809 5078 ’ἣλιοζ-
2833 5011 2949 5081 μὲν
2970 5013 3085 5076 νύξ
3110 5007 3174 5066 τὲ
3196 5007 3750 5081 δουλᾳὶεῖβροτοῖζιο

2485 5081 2792 5152 Σὺγδξοὺκ
2820 5078 3008 5152 ἀνέξῃ
3041 5083 3324 5152 δωμάτων
3351 5078 3506 5146 ἔχων
3528 5083 3689 5148 ἶσον,

2486 5151 2592 5202 Καὶ
2615 5151 2748 5216 τῷδ’
2787 5151 3163 5222 ἀπωδιμεῶ;
3199 5163 3308 5207 etc.

2486 5239 2877 5309 Obscuramque
2906 5245 3204 5311 palpebram
3235 5243 3421 5306 noctis,
3451 5252 3500 5297 et
3529 5243 3711 5298 lumen
3740 5249 3894 5307 solis.

2417 5309 2484 5380 ιλ(
2507 5312 2779 5380 wqualiter
2805 5309 3087 5364 circuirent
3107 5314 3646 5378 annuum'circulum,
3663 5317 3977 5369 consumit.

2415 5378 2481 5432 Et
2515 5378 2754 5433 neutrum
2788 5382 2973 5433 horum
3003 5382 3228 5434 duorum
3260 5384 3451 5436 victum
3490 5384 3688 5438 invidet
3733 5387 3914 5439 alteri.

2411 5452 2576 5516 Atque
2608 5449 2682 5500 ita
2706 5453 2782 5502 sol
2804 5461 2851 5503 et
2886 5467 2990 5503 nox
3013 5441 3245 5506 s‘erviunt
3272 5453 3586 5516 hominibus,

2416 5517 2493 5572 Tu
2535 5527 2706 5570 autem
2740 5535 2844 5584 non
2881 5521 3156 5576 sustinebis
3197 5525 3384 5577 habere
3423 5538 3626 5594 grquam
3667 5540 3881 5591 partem

3744 5597 3918 5665 regni,

2408 5661 2478 5714 Et
2504 5661 2626 5715 huic
2653 5659 2876 5714 tribuere
2902 5677 3049 5714 suam
3074 5673 3272 5731 partem
3294 5664 3319 5716 .’
3348 5662 3609 5718 Sesucsa.

2478 5773 2595 5843 (99)
2639 5771 2834 5828 Guieto
2871 5776 3212 5831 scribendum
3271 5777 3586 5840 videbatur,
3643 5779 3791 5832 ἐπὰν
3835 5778 3898 5835 δέ
3938 5797 3984 5832 τι

2411 5841 2703 5915 τοιοῦτονῆ
2733 5844 2830 5915 μιν
2860 5843 3080 5918 λέγηται
3104 5846 3137 5917 ἢ
3172 5846 3312 5900 ἄλλω
3375 5846 3622 5916 item-rut.
