4108 6314
223 478 356 531 1077

1370 477 1648 534 CONTRA
1682 477 1957 534 CELSUM
1999 477 2125 533 LlB.
2162 478 2249 532 IV.

3301 485 3438 542 44:28

221 593 456 662 μάλιστα
505 594 617 659 τοῖς
668 594 950 665 βελτίοσιν,
999 596 1148 648 ἔθετο
1178 597 1395 666 νόμους,
1439 598 1559 652 καθ’
1593 599 1685 661 οὓς
1727 617 1754 650 ο

1877 598 2071 667 quibus
2099 598 2192 667 qui
2229 597 2515 670 parebunt,
2538 599 2847 659 felicitatem
2877 612 3298 673 consequentur.
3323 604 3435 660 Nec

219 683 462 752 βιοῦντες
494 687 749 758 μακάριοι
783 687 1012 741 ἔσονται·
1065 689 1326 759 μηδαμῶς
1357 691 1482 754 τοὺς
1520 691 1778 760 δαίμονας

217 775 307 829 sua;
327 775 436 831 τῶν
465 777 664 831 θυσιῶν
696 780 1109 844 κολακεύοντες,
1154 781 1246 833 xui
1293 781 1465 851 πάντη
1510 799 1779 852 καταφρο-

218 867 432 930 νοῦντες
454 869 664 935 αὐτῶν,
709 871 794 924 διὰ
835 872 925 924 τὸν
973 870 1264 943 βοηθοῦντα
1303 872 1393 925 τοῦ
1443 872 1575 925 Θεοῦ
1607 874 1776 940 Λόγον

216 962 327 1022 τοῖς
359 960 470 1013 ἄνω
503 963 596 1013 xui
625 948 759 1034 πρὸς
796 963 925 1015 Θεὸν
973 963 1243 1032 βλέπουσι.
1278 965 1385 1016 Καὶ
1429 965 1563 1016 ἐπεὶ⁴
1591 966 1617 1016 ὁ
1646 965 1776 1027 Θεὸς

211 1049 465 1102 ἐϐούλετο
502 1053 769 1121 κρατῆσαι
798 1054 853 1103 ὲν
880 1057 992 1114 τοῖς
1013 1053 1314 1123 ἀνθρώποις
1345 1054 1434 1106 τὸν
1467 1053 1558 1106 τοῦ
1603 1053 1772 1122 Ἰησοῦ

210 1137 393 1206 λόγον,
436 1143 586 1195 οὐδὲν
642 1142 949 1211 δεδύνηνται
999 1142 1266 1214 δαίμονες,
1311 1145 1550 1212 καίτοιγε
1600 1145 1772 1196 πάντα

211 1230 394 1283 κάλων
444 1220 760 1303 κινήσαντες
790 1233 922 1302 (10),
980 1233 1066 1285 ἵνα
1112 1235 1184 1304 μὴ
1217 1235 1532 1304 Χριστιανοὶ
1583 1234 1770 1304 μηκέτ’

209 1317 336 1374 ὦσι·
379 1323 502 1387 τούς
548 1341 607 1377 τε
649 1326 756 1397 γὰρ
787 1325 1182 1395 βασιλεύοντας,
1235 1328 1326 1379 xui
1347 1325 1443 1396 τὴν
1477 1325 1771 1396 σύγκλητον

211 1414 409 1485 βουλὴν
427 1454 441 1478 ,
471 1417 561 1468 xui
585 1417 709 1480 τοὺς
731 1418 996 1488 ἄρχοντας
1017 1417 1294 1488 πανταχοῦ
1317 1458 1331 1481 ,
1360 1418 1494 1470 ἀλλά
1525 1418 1618 1470 xui
1648 1419 1772 1479 τοὺς

208 1504 273 1574 δή
284 1522 417 1575 μους
445 1507 658 1570 αὐτοὺς,
683 1510 782 1561 οὐκ
797 1509 1214 1579 αἰσθανομένους
1235 1510 1332 1579 τῆς
1351 1509 1543 1576 ἀλόγου
1566 1510 1657 1562 xui
1679 1527 1772 1562 πο-

209 1597 384 1666 νηρᾶς
403 1596 513 1649 τῶν
530 1598 797 1668 δαιμόνων
819 1601 1116 1670 ἐνεργείας,
1142 1599 1469 1670 ἐξετάραξαν
1503 1600 1643 1653 κατά
1673 1601 1767 1651 τοῦ

209 1686 371 1753 λόγου
402 1688 495 1739 xui
515 1688 622 1740 τῶν
659 1690 1016 1744 πιστευόντων
1040 1693 1117 1752 είς
1151 1691 1330 1742 αὐτόν·
1356 1691 1467 1742 ἀλλ’
1486 1691 1517 1741 ὁ
1555 1691 1770 1744 πάντων

207 1776 571 1848 δυνατώτερος
582 1778 675 1831 τοῦ
688 1780 820 1832 Θεοῦ
838 1781 1005 1849 Λόγος
1032 1783 1122 1833 xui
1140 1780 1476 1852 κωλυόμενος
1492 1822 1505 1844 ,
1529 1781 1768 1852 ὡσπερεὶ

207 1866 416 1936 τροφὴν
451 1868 585 1938 πρὸς
617 1869 679 1921 τὸ
709 1869 892 1933 αὔξειν
914 1872 974 1923 τὸ
994 1872 1291 1927 κωλύεσθαι
1317 1873 1362 1939 (l
1383 1873 1426 1942 l)
1455 1872 1764 1941 λαμϐάνων,

207 1955 511 2026 προϐαίνων
530 1997 544 2022 ,
577 1957 825 2032 πλείονας
866 1959 1085 2028 ἐνέμετο
1114 1960 1306 2030 ψυχάς·
1332 1961 1461 2023 Θεὸς
1490 1960 1597 2031 γὰρ
1624 1962 1766 2015 τοῦτ’

206 2041 476 2097 ἐϐούλετο.
502 2043 686 2098 Ταῦτα
711 2043 752 2098 δ’
769 2048 899 2117 ἡμῖν
926 2049 973 2098 εί
1001 2048 1094 2099 xui
1116 2050 1171 2099 ἐν
1197 2048 1656 2120 παρεκϐάσειῌΞ)
1682 2050 1769 2105 λέ-

205 2135 417 2199 λεκται,
435 2136 568 2191 ἀλλὰ
583 2138 888 2207 ἀναγκαίως
903 2138 1070 2210 οἶμαι.
1091 2142 1306 2195 Ἐϐουλό
1315 2144 1450 2214 μεθα
1475 2144 1544 2212 γὰ
1552 2163 1582 2215 ρ
1595 2147 1739 2198 ἁπαν
1749 2173 1768 2184 -

202 2224 372 2294 στῆσαι
401 2228 536 2297 πρὸς
569 2229 628 2283 τὸ
654 2232 780 2302 περὶ
814 2232 1080 2287 Ἰουδαίων
1117 2234 1218 2286 ὑπὸ
1247 2236 1339 2287 τοῦ
1375 2236 1580 2288 Κέλσου
1612 2237 1765 2304 λεγό-

208 2330 386 2382 μενον,
419 2316 498 2367 ὅτι
526 2316 588 2386 δὴ
609 2337 626 2368 ι
653 2320 744 2371 ἀπ’
766 2319 1035 2388 Αἰγύπτου
1061 2321 1319 2392 δραπέται
1337 2325 1610 2391 γεγόνασι,
1634 2343 1650 2374 ι
1673 2323 1764 2376 xui

202 2408 284 2458 ὅτι
308 2424 328 2457 ι
352 2406 512 2476 μηδὲν
536 2407 740 2462 πώποτ’
758 2411 1030 2480 ἀξιόλογον
1054 2432 1072 2462 ι
1089 2414 1137 2465 οἱ
1154 2413 1486 2483 ἄνθρωποιοί
1505 2414 1762 2483 Θεοφιλεῖς

202 2495 461 2566 ἔπραξαν.
491 2516 508 2546 ι
552 2498 708 2551 Ἀλλά
735 2501 828 2553 xui
851 2502 984 2572 πρὸς
1005 2501 1090 2566 τὸ,
1120 2520 1138 2553 ι
1180 2502 1290 2555 οὔτ’
1320 2505 1375 2556 ὲν
1409 2503 1547 2573 λόγῳ
1574 2503 1683 2557 οὒτ’
1707 2506 1763 2557 ἐν

200 2585 421 2656 ἀριθμῷ
439 2587 711 2658 γεγόνασι,
725 2606 743 2640 ›
762 2592 959 2660 φαμὲν,
973 2593 1052 2646 ὅτι
1075 2612 1092 2642 ι
1112 2593 1186 2654 ὡς
1200 2593 1354 2660 γένος
1381 2593 1632 2647 ἐκλεκτὸν
1666 2595 1758 2646 καὶ

201 2681 468 2752 βασίλειον
491 2678 783 2753 ἱεράτευμα
817 2699 832 2728 ι
859 2681 1284 2754 ἀναχωροῦντες,
1306 2685 1398 2736 xui
1421 2683 1758 2746 ἐκκλίνοντες

195 2774 298 2842 τὴν
331 2773 464 2842 πρὸς
485 2775 608 2835 τοὺς
626 2771 855 2833 πολλοὺς
878 2771 1175 2842 ἐπιμιξίαν,
1211 2773 1296 2825 ἵνα
1318 2773 1390 2841 μὴ
1419 2771 1760 2842 διαφθαρεῖεν

195 2862 268 2912 τὰ
293 2861 429 2930 ήθη,
470 2859 831 2931 ἐφρουροῦντο
861 2861 964 2912 ὑπὸ
998 2861 1096 2928 τῆς
1122 2861 1285 2924 θείας,
1305 2860 1601 2930 δυνάμεως·
1650 2861 1760 2913 ταῦτ’

195 2951 606 3021 ἐπιθυμοῦντες,
637 2953 710 3015 ὡς
737 2953 784 3005 οἱ
819 2951 1000 3004 πολλοὶ
1036 2951 1144 3023 τῷν
1169 2949 1488 3021 ἀνθρώπων,
1520 2951 1757 3022 προσλα-

196 3043 313 3094 ϐεῖν
337 3045 545 3108 ἑαυτοῖς
584 3045 745 3107 ἄλλας
789 3043 1090 3114 βασιλείας,
1125 3042 1245 3094 οὗτε
1287 3043 1756 3112 καταλειπόμενοι,

193 3133 270 3196 ὼς
306 3132 393 3185 διὰ
425 3133 523 3203 τὴν
550 3134 833 3202 ὀλιγότητα
862 3131 1332 3192 εύεπιϐουλεύτους
1374 3131 1568 3192 αὐτοὺς
1606 3128 1757 3196 γενέ-

197 3228 346 3291 σθαι,
371 3228 463 3281 xui
489 3227 562 3289 ὡς
591 3226 682 3278 ἐπὶ
718 3227 780 3294 τῇ
814 3222 919 3294 (15)
945 3223 1211 3296 ὀλιγότητι
1237 3223 1403 3292 ἄρδην
1444 3221 1752 3274 ἀπολέσθαι.

173 3320 310 3373 ηΚαὶ
337 3318 479 3372 τοῦτ’
511 3318 737 3386 ἐγίνετο,
763 3317 884 3368 ὅσον
903 3315 982 3368 ἔτι
1007 3311 1144 3384 ἦσαν
1177 3314 1313 3379 ἄξιοι
1346 3313 1444 3382 τῆς
1481 3313 1588 3365 ἀπὸ
1619 3311 1752 3364 Θεοῦ

195 3413 457 3481 φρουρᾶς.
490 3411 616 3462 Ὅτε
644 3409 687 3460 δ’
717 3408 879 3477 ἐχρῆν
902 3406 1116 3468 αὐτοὺς,
1149 3405 1223 3468 ὡς
1250 3405 1365 3456 ὅλον
1393 3404 1542 3466 ἔθνος
1572 3405 1751 3473 ἁμαρ-

191 3499 377 3560 τάνον,
417 3498 504 3550 διά
546 3500 718 3549 πόνων
761 3495 1177 3564 ἐπιστρέφεσθαι
1216 3495 1349 3565 πρὸς
1376 3495 1466 3545 τὸν
1498 3494 1628 3544 Θεὸν
1664 3497 1752 3546 αύ-

189 3587 325 3649 τῶν,
350 3587 438 3639 ὁτὲ
487 3587 584 3655 μὲν
629 3586 719 3638 ἐπὶ
756 3584 956 3644 πλεῖον,
984 3585 1072 3635 ὁτὲ
1103 3585 1145 3635 δ’
1288 3582 1503 3634 ἔλαττον
1527 3583 1750 3647 ἐγκατε-

188 3677 455 3729 λείποντο·
486 3675 588 3737 ἕως
609 3675 699 3728 ἐπὶ
726 3674 1006 3743 Ῥωμαίων
1027 3673 1125 3742 τὴν
1153 3673 1410 3742 μεγίστην
1433 3675 1751 3742 ποιήσαντες

187 3769 462 3840 ἁμαρτίαν
484 3770 541 3820 ὲν
570 3767 646 3837 τῷ
673 3768 982 3820 ἀποκτεῖναι
1012 3766 1102 3835 τὸν
1143 3763 1375 3834 Ἰησοῦν,
1423 3764 1622 3816 τέλειον
1657 3765 1746 3830 ἐγ-

187 3857 638 3927 κατελείφθησαν.

275 3948 431 4017 Ἐξῆς
481 3948 539 4003 δὲ
593 3946 801 4010 τούτοις
850 3947 878 3997 ὁ
929 3946 1133 4008 Κέλσος
1180 3945 1479 4016 ἐπιτρέχων
1519 3946 1586 3999 τά
1642 3948 1748 3999 ἀπὸ

129 4024 134 4027 ’
182 4039 290 4108 τῆς
319 4039 367 4109 (ί
381 4039 426 4108 ι)
451 4038 668 4110 πρώτης
696 4039 875 4108 βίϐλου
905 4039 1196 4101 Μωῦσέως,
1215 4039 1333 4108 ἥτις
1355 4039 1748 4106 ἐπιγέγραπται

187 4130 432 4198 Γένεσις,
494 4132 674 4199 φησιν,
706 4131 781 4192 ὡς
812 4128 917 4199 ἄρα
956 4148 974 4180 ι
1015 4130 1370 4198 ἐπεχείρησαν
1405 4130 1746 4194 γενεαλογεῖν

184 4222 387 4283 αὐτοὺς
411 4223 517 4274 ἀπὸ
558 4221 778 4291 πρώτης
807 4223 1012 4286 σπορᾶς
1041 4222 1249 4289 γοήτων
1291 4221 1382 4270 xui
1417 4219 1630 4270 πλάνων
1665 4219 1750 4270 ἁν-

182 4310 440 4380 ορώπων,
463 4311 707 4382 ἀμυδρὰς
739 4313 830 4363 xui
862 4310 1189 4380 ἀμφιϐόλους
1231 4308 1440 4376 φωνὰς,
1476 4310 1531 4360 ἐν
1575 4310 1748 4377 σκότῳ

181 4417 298 4451 που
330 4400 620 4469 κρυφίους,
665 4400 1188 4468 ἐπιμαρτυρόμενοι,
1239 4398 1331 4452 καὶ
1362 4401 1473 4459 τοῖς
1514 4399 1748 4466 ἀμαθέσι

181 4495 281 4548 xui
312 4493 554 4560 ἀνοήτοις
577 4490 1060 4560 παρεξηγούμενοι·
1104 4491 1196 4542 xui
1237 4489 1408 4543 ταῦτα
1459 4491 1590 4560 μηδὲ
1635 4491 1747 4543 πώ-

180 4584 306 4637 ποτ’
335 4585 390 4636 ἐν
422 4581 608 4652 πολλῷ
637 4581 714 4652 τῷ
752 4580 985 4653 πρόσθεν
1031 4582 1205 4655 χρόνῳ
1252 4583 1344 4634 τοῦ
1383 4582 1580 4652 τοιοῦδε
1628 4582 1746 4652 μηδ’
1780 4611 1825 4668 D

177 4672 709 4745 ἀμφισϐητηθέντος.
747 4690 766 4723 ο
797 4672 941 4725 Πάνυ
965 4669 1007 4723 δ’
1032 4671 1255 4740 ἀσαφῶς
1281 4673 1336 4722 ἐν
1364 4671 1569 4732 τούτοις
1598 4672 1747 4723 δοκεῖ

179 4782 279 4837 μοι
303 4764 594 4834 εἰρηκέναι,
628 4763 764 4839 ὅπερ
797 4762 1063 4815 ἐϐούλετο.
1088 4763 1247 4824 Εἰκὸς
1277 4762 1330 4812 δὲ
1357 4763 1449 4813 xui
1478 4762 1572 4830 τὴν
1605 4760 1744 4812 κατά

175 4856 274 4909 τὸν
306 4855 474 4908 τόπον·
499 4855 763 4923 ἀσάφειαν
795 4853 1262 4922 ἐπιτετηδευκέναι
1293 4852 1450 4902 αὐτὸν
1471 4890 1483 4910 ,
1516 4850 1741 4921 ἐπείπερ

173 4947 330 5022 ἑώρα
380 4945 594 5015 ἰσχυρὸν
641 4943 730 4997 τὸν
786 4943 938 5013 λόγον
986 4943 1075 4994 τὸν
1125 4940 1593 5002 κατασκευάζοντα
1636 4940 1743 4991 ἀπὸ

170 5035 395 5088 τοιωνδι
421 5035 697 5105 προγόνων
723 5032 859 5088 εἶναι
888 5035 948 5085 τὸ
989 5031 1254 5084 Ἰουδαίων
1287 5031 1397 5099 (15)
1431 5031 1597 5091 ἔθνος.
1629 5030 1739 5083 Πά-
1791 5079 1802 5083 -

172 5128 262 5179 λιν
317 5129 361 5178 τ’
419 5123 485 5179 αὗ
541 5127 804 5198 ἐϐουλήθη
858 5126 930 5196 μὴ
989 5125 1159 5176 δοκεῖν
1235 5124 1444 5188 ἀγνοεῖν
1513 5123 1740 5190 πρᾶγμα

172 5217 313 5284 περὶ
356 5215 618 5269 Ἰουδαίων
653 5220 746 5270 xui
773 5216 867 5270 τοῦ
909 5215 1100 5285 γένους
1148 5212 1323 5266 αὐτῶν
1362 5211 1460 5266 οὐκ
1509 5213 1735 5264 εὐκατα-

243 5330 298 5364 ⁸⁷
334 5328 507 5386 Exod.
541 5348 654 5396 xu,
703 5334 756 5389 6.

249 5461 368 5533 (10)
399 5461 489 5515 Sic
524 5465 886 5533 msskegius
912 5479 965 5520 et
995 5469 1338 5522 Basilecnsis.
1376 5468 1521 5522 Libri
1553 5478 1726 5521 autem

167 5532 336 5606 editi,
383 5533 532 5606 οὐδὲν
571 5533 625 5585 δὲ
660 5532 909 5588 δύνανται
951 5538 1234 5606 δαίμονες,
1277 5539 1516 5606 καίτοιγε
1558 5539 1733 5592 πάντα

167 5602 360 5665 κάλων
387 5604 721 5671 κινήσαντες.

248 5675 299 5740 (l
319 5674 366 5740 l)
397 5673 461 5726 Τὸ
491 5673 841 5727 κωλύεσθαι.
876 5673 1068 5729 Mavult
1100 5677 1410 5733 Bobercllus
1436 5677 1510 5746 τῷ
1546 5677 1737 5730 κωλύε-

170 5743 323 5796 σθαι.

248 5811 367 5880 (12)
392 5808 729 5881 [lmschelius
761 5812 812 5865 iu
843 5821 1013 5876 textu,
1049 5815 1370 5881 παραϐάσει.

251 5878 368 5950 μδ)
397 5878 547 5937 ιιυυ.
575 5882 704 5935 editi
748 5882 813 5933 ad
843 5897 1017 5947 oram,
1059 5878 1180 5933 ξιον
1208 5885 1294 5933 ἐπὶ
1329 5889 1408 5960 τῇ.

1875 689 1988 759 jam
2019 691 2237 760 quidem
2271 705 2406 759 opus
2444 700 2528 746 est
2558 701 2616 746 ut
2648 693 2885 749 victimis
2928 696 3200 750 daemones
3229 695 3434 751 demul-

1880 790 2054 838 ceant.
2095 780 2208 836 lmo
2241 782 2359 836 illos
2393 785 2727 853 contemptui
2763 784 2996 850 habent,
3036 784 3158 840 freti
3193 786 3434 852 auxilio.

1879 883 1986 938 quo
2013 869 2107 923 Dei
2140 871 2370 924 Verbum
2398 872 2585 926 oculos
2631 889 2845 928 sursum
2878 876 2942 928 ad
2979 876 3144 930 Deum
3172 878 3432 947 erigenti-

1877 959 1976 1013 bus
2009 962 2275 1018 subvenit.
2304 963 2369 1015 Et
2403 964 2529 1030 quia
2561 963 2648 1017 Dei
2681 964 2930 1019 voluntas
2962 974 3111 1031 erat,
3172 977 3230 1021 ut
3291 968 3435 1026 inter

1877 1051 2123 1104 homines
2156 1050 2282 1106 Jesu
2320 1053 2566 1107 doctrina
2604 1055 2998 1121 invalesceret,
3034 1059 3172 1124 irriti
3212 1058 3432 1115 filerunt

1876 1155 2066 1194 omnes
2125 1141 2424 1194 daemonum
2457 1153 2728 1200 conatus:
2782 1161 3090 1216 quanquam
3149 1151 3429 1206 machinas

1874 1229 2239 1306 adhibuerunt
2273 1247 2460 1286 omnes
2484 1273 2500 1298 ,
2530 1245 2588 1287 ut
2618 1235 2905 1292 Christiani
2941 1239 3172 1306 amplius
3202 1255 3304 1308 non
3343 1231 3457 1294 es-I

1872 1333 2014 1372 sem.
2052 1319 2227 1390 Reges
2253 1324 2414 1386 enim,
2444 1335 2687 1391 senatus,
2713 1328 3004 1398 principes,
3039 1331 3261 1398 populos
3282 1331 3427 1400 ipsos

1872 1410 1998 1463 mali
2034 1411 2329 1482 injuslique
2370 1415 2606 1483 ipsorum
2647 1418 2872 1487 incmpti
2914 1419 3130 1489 ignaros
3167 1422 3425 1478 incende-
3474 1483 3495 1490 ι

1871 1511 2000 1555 runt
2035 1503 2087 1555 in
2124 1503 2436 1574 religionem
2473 1507 2843 1565 Christianam
2876 1526 3078 1583 eosque
3124 1517 3214 1586 qui
3255 1519 3336 1571 .ad
3373 1519 3431 1573 il-

1871 1593 1975 1646 lam
2013 1595 2472 1651 adhazreseebant.
2502 1598 2606 1652 Sed
2647 1599 2885 1656 Verbum
2931 1605 3020 1659 Del
3060 1606 3146 1658 vel
3197 1607 3430 1675 impedi-

1872 1691 1980 1737 tum
2011 1683 2209 1739 fortius
2246 1688 2501 1743 omnibus
2534 1690 2666 1755 fuit,
2700 1701 2749 1744 et
2791 1693 2946 1762 quasi
2996 1696 3138 1752 vires
3186 1713 3250 1752 ex
3298 1701 3429 1769 ipsis

1870 1771 2270 1841 impedimentis
2299 1779 2697 1846 accessissent,
2730 1771 2904 1851 magis
2948 1782 3111 1856 526
3151 1790 3429 1857 magisque

1869 1878 2210 1934 progressum
2257 1876 2339 1920 est
2381 1863 2444 1948 et
2492 1868 2796 1924 uberiorem
2831 1855 3135 1928 animarum
3187 1855 3426 1948 segetem

1870 1957 2110 2008 messuit.
2147 1956 2288 2011 Deus
2315 1959 2461 2012 enim
2510 1961 2583 2014 ita
2633 1961 2870 2016 volebat.
2903 1964 3078 2033 Atque
3103 1968 3233 2031 tunc,
3291 1980 3427 2023 tarn-

1867 2048 1966 2100 (ιιεί
2019 2062 2047 2099 a
2105 2049 2382 2115 proposito
2413 2053 2718 2118 avocarint,
2739 2057 3040 2108 necessaria
3068 2067 3244 2113 tamen
3270 2060 3420 2117 duxi.

1866 2140 2160 2195 Occursum
2193 2142 2336 2195 enim
2368 2143 2611 2198 volebam
2647 2146 2712 2198 iis
2741 2163 2861 2216 qua:
2890 2147 3079 2204 Celsus
3107 2150 3306 2207 Judzeis
3327 2156 3425 2208 ob-

1858 2233 2018 2301 jecit:
2082 2253 2100 2285 ι
2162 2250 2254 2290 eos
2287 2236 2455 2293 fuisse
2513 2254 2702 2294 servos
2753 2242 3012 2318 fugitivos
3061 2259 3126 2300 ex
3188 2244 3425 2320 Egypto

1864 2341 2131 2394 egressos,
2169 2346 2187 2378 ι
2219 2338 2436 2397 gentem
2474 2331 2616 2384 illam
2653 2332 2760 2386 Deo
2790 2334 3010 2388 cbaram
3055 2356 3073 2387 ι
3123 2339 3286 2394 nullis
3326 2357 3425 2394 nn-

1863 2432 2025 2484 quam
2053 2415 2220 2470 fuisse
2251 2419 2413 2473 rebus
2443 2422 2608 2490 gestis
2638 2422 2924 2489 insignem.
2963 2444 2979 2475 ι
3008 2424 3126 2480 Jam
3162 2429 3225 2480 ad
3259 2430 3422 2495 istud,

1869 2521 1887 2553 ι
1923 2505 2065 2559 nullo
2094 2506 2145 2559 in
2175 2507 2293 2567 loco
2321 2510 2618 2574 illos,nullo
2638 2512 2689 2565 in
2715 2529 2940 2569 nmnero
2965 2516 3127 2572 fuisse
3148 2519 3418 2584 habitos,»

1863 2598 2161 2666 respondeo
2199 2618 2217 2649 ‹
2252 2613 2349 2655 eos
2377 2608 2636 2670 tanquam
2675 2605 2906 2658 electum
2947 2623 3115 2677 genus
3145 2617 3200 2661 et
3241 2610 3424 2679 regale

1863 2687 2221 2741 sacerdotium
2235 2689 2281 2719 ⁸⁷
2309 2708 2328 2741 υ
2355 2691 2673 2747 recedentes
2699 2709 2727 2747 a
2756 2694 2896 2764 vulgi
2919 2699 3327 2766 consuetudine,
3354 2715 3421 2754 ne

1863 2776 1944 2826 sui
1970 2790 2147 2829 morus
2180 2777 2302 2830 inde
2335 2779 2794 2848 depravarentur,
2834 2793 2976 2841 tutos
3020 2787 3218 2843 divinae
3267 2798 3421 2858 pote-

1861 2862 2018 2914 smtis
2044 2863 2296 2930 prmsidio
2316 2866 2506 2933 fuisse,
2540 2882 2639 2921 nec
2669 2885 2857 2938 regna,
2881 2874 3024 2940 quod
3048 2875 3288 2948 plerique
3318 2880 3422 2934 bo-

1864 2949 2066 3004 minum
2102 2951 2344 3014 faciunt.
2374 2956 2475 3009 sibi
2515 2959 2785 3026 subjicere
2818 2967 3286 3031 concupiscentes,
3321 2984 3420 3023 nec

1862 3041 1934 3092 ita
1970 3039 2263 3097 derelictos
2287 3053 2344 3098 ut
2372 3055 2594 3112 propter
2643 3064 2795 3102 suam
2840 3056 3170 3118 paucitatem
3207 3058 3421 3112 insidiis

1863 3127 2019 3182 facile
2041 3137 2310 3198 paterent,
2339 3141 2393 3186 et
2426 3135 2615 3188 eadem
2639 3136 2707 3189 de
2731 3152 2894 3191 causa
2932 3142 3147 3208 penitus
3177 3143 3420 3198 deleren-

1865 3228 1972 3271 tur.
2012 3222 2185 3287 Atque
2215 3221 2296 3274 sic
2320 3221 2532 3274 filerunt
2557 3262 2570 3285 ,
2605 3226 2840 3288 quandiu
2897 3241 2956 3279 se
2995 3228 3182 3296 dignos
3211 3234 3418 3298 pratsti-

1866 3323 1996 3373 tere,
2033 3326 2168 3379 quos
2197 3312 2337 3365 Deus
2366 3313 2682 3366 custodiret.
2716 3314 2941 3379 Quando
2957 3328 3135 3372 autem
3160 3336 3292 3390 opus
3318 3323 3418 3380 fuit

1863 3409 1918 3453 ut
1947 3409 2079 3469 gens
2132 3413 2242 3456 tota
2302 3403 2355 3455 in
2410 3413 2688 3469 peccatum
2734 3405 2982 3475 prolapsa
3019 3410 3420 3470 calamitatibus

1859 3492 1925 3543 ad
1959 3490 2124 3544 Deum
2149 3507 2304 3545 suum
2340 3490 2712 3556 revocarelur,
2746 3505 2870 3550 tunc
2898 3499 3055 3552 modo
3082 3501 3147 3553 ad
3179 3503 3417 3564 brevius.

1859 3583 2098 3634 modoad
2125 3583 2332 3652 longius
2364 3592 2572 3651 tempus
2599 3583 2688 3636 Dei
2717 3585 3020 3652 patrocinio
3045 3590 3416 3646 deserebatur:

1860 3676 2031 3726 donec
2062 3675 2273 3728 tandem
2304 3664 2401 3728 sub
2427 3674 2690 3730 Romanis
2722 3690 2809 3730 rea
2855 3677 2994 3731 facta
3039 3681 3262 3734 maximi
3299 3685 3411 3737 cri-

1860 3764 2042 3829 minis,
2080 3763 2260 3818 oceiso
2295 3762 2446 3827 Jesu,
2480 3766 2529 3816 in
2562 3773 2731 3818 totum
2764 3765 3022 3819 derelicta
3063 3776 3164 3821 est.

1930 3941 2016 3996 53,
2055 3941 2256 3994 Deinde
2288 3940 2475 3993 Celsus
2508 3941 2560 3992 in
2588 3941 2821 4006 primum
2854 3940 3051 4010 Moysis
3086 3941 3281 3998 librum
3307 3944 3414 4000 Ge-

1857 4033 1999 4087 nesis
2046 4014 2364 4097 inscriptum
2425 4031 2793 4085 incursionem
2831 4032 3035 4086 faciens
3074 4051 3088 4087 :
3125 4053 3143 4084 ι
3185 4035 3261 4088 ΙΙΞί
3287 4073 3305 4099 ,
3332 4038 3418 4088 in-

1855 4124 1988 4188 quit,
2020 4123 2254 4189 aggressi
2287 4137 2437 4175 suam
2462 4137 2628 4190 usque
2660 4137 2688 4175 a
2718 4124 2906 4176 nrimis
2947 4124 3332 4192 impostoribus
3356 4139 3414 4182 et

1855 4213 2150 4266 erronibus
2181 4221 2426 4280 repetere
2448 4214 2712 4282 originem
2731 4257 2746 4280 ,
2783 4216 3069 4282 obscuras,
3094 4216 3373 4286 ambiguas
3391 4259 3407 4284 ,

1857 4304 2093 4358 tenebris
2116 4305 2403 4359 obvolutus
2429 4320 2589 4360 voces
2629 4307 2679 4358 in
2730 4307 3098 4361 testimonium
3138 4309 3410 4363 adducunt

1855 4408 2052 4462 easque
2077 4396 2338 4462 imperitis
2359 4405 2414 4449 et
2437 4397 2656 4449 rudibus
2689 4396 3148 4464 interpretantur;
3166 4399 3415 4464 quamvis

1855 4485 1919 4537 de
1954 4485 2257 4552 huiusmodi
2289 4500 2347 4536 re
2385 4486 2569 4538 nmltis
2605 4495 2732 4538 ante
2788 4485 3000 4538 saeculis
3054 4484 3200 4538 nulla
3251 4485 3413 4541 fuerit

1853 4581 2241 4634 controversia.
2285 4599 2301 4628 ι
2327 4579 2424 4633 llic
2451 4580 2581 4631 mihi
2609 4571 2840 4633 obscure
2862 4579 3085 4636 omnino
3108 4596 3260 4635 suam
3290 4597 3415 4650 ape-

1853 4670 2023 4721 ruisse
2056 4677 2288 4722 mentem
2311 4669 2541 4722 videtur.
2566 4667 2789 4736 Opinor,
2823 4671 2944 4723 data
2971 4685 3135 4738 opera
3172 4671 3411 4725 latebras

1850 4758 2118 4826 qmesivit,
2144 4757 2268 4826 quia
2305 4759 2682 4829 vidcritquam
2727 4760 2918 4814 validis
2962 4763 3292 4830 argumentis
3317 4761 3412 4816 Ju-

1851 4850 2086 4901 dzeorum
2119 4850 2185 4901 ab
2228 4847 2334 4902 illis
2363 4849 2552 4917 primis
2583 4850 2896 4916 parentibus
2935 4848 3087 4916 origo
3132 4847 3407 4902 fulcialur.

1850 4937 1958 4993 Nec
1997 4947 2174 4992 tamen
2206 4940 2426 5008 ignarus
2461 4939 2629 5000 videri
2662 4940 2832 4993 voluit
2861 4953 3049 4992 eorum
3075 4952 3195 5005 qua:
3226 4938 3292 4991 de
3317 4937 3411 4991 Ju-

1850 5031 1980 5084 daeis
2035 5045 2334 5099 eorumque
2388 5030 2597 5098 origine
2649 5029 2924 5091 dicuntur,
2986 5040 3211 5096 Qureque
3262 5029 3407 5083 scitu

1847 5121 2007 5190 digna
2037 5130 2182 5176 sunt.
2229 5122 2294 5174 Et
2326 5136 2458 5174 sane
2498 5119 2843 5172 manifestum
2886 5129 2970 5171 est
3004 5117 3218 5172 Judteos
3257 5128 3408 5175 ortos

1849 5225 1969 5265 esse
2022 5227 2052 5266 a
2107 5211 2277 5265 tribus
2329 5210 2433 5264 illis
2495 5210 2768 5278 patribus,
2801 5207 3107 5274 Abraham,
3171 5208 3322 5264 Isaae
3349 5220 3408 5266 et

1910 5470 2021 5539 (Η)
2045 5472 2205 5523 Iidem
2225 5470 2292 5539 Vin
2317 5479 2494 5539 'chtu,
2519 5468 2615 5535 τὴν
2645 5467 2750 5539 ἀπὸ
2787 5466 2907 5533 τῆς,
2927 5474 2980 5520 el
3008 5448 3163 5534 paulo
3191 5471 3312 5530 post
3347 5462 3403 5517 in

1843 5543 2109 5614 margine.
2141 5538 2246 5590 ἀπὸ
2268 5538 2488 5614 ⁸πρώτης
2514 5538 2943 5614 ςίορᾶ-ςηηιαίιε...
2970 5605 2980 5614 _
3115 5603 3144 5614 μ
3178 5603 3189 5614 ⁸

1913 5608 2022 5684 ςίῦ)
2049 5609 2242 5684 _Codcx
2272 5601 2492 5672 R'egiu's,
2539 5601 2826 5658 Ἰουδαίων.
2846 5603 3020 5684 _Lib_b.
3061 5603 3192 5684 editi
3218 5642 3230 5665 ,
3266 5601 3401 5684 ςῐο-υ-

1841 5671 2012 5731 δαῖον.⁷
2049 5676 2210 5728 Paulo
2234 5671 2459 5741 postom
2472 5690 2566 5727 nes
2596 5690 2750 5734 mss..
2778 5673 2867 5729 xui
2889 5671 2978 5722 τοῦ
3012 5671 3197 5735 γένους
3220 5671 3398 5725 αὐτῶν

1842 5748 1939 5799 ούκ
1970 5745 2453 5822 εὐκαταφρόνητον.
2486 5744 2654 5811 Σαφὲς
2677 5743 2758 5822 δή.
2789 5742 3117 5820 Ιίωεςιιριίιιε
3150 5744 3393 5822 intexta,

1842 5821 1898 5868 τὸ
1926 5817 2075 5883 γένος
2104 5809 2278 5867 αὐτῶν
2306 5809 2402 5866 οῦκ
2434 5809 2913 5882 εὐκαταφρόιητον·
2954 5809 3136 5876 σαφῶς
3169 5810 3251 5880 δή.
