4056 6310
155 313 296 372 1085

1305 317 1579 375 CONTRA
1617 321 1890 378 CELSUM
1927 321 2051 376 LlB.
2093 319 2179 374 ιν.

3221 314 3357 372 1086

154 432 542 515 ἐπιτρίϐοντας
594 435 718 498 τοὺς
766 435 939 498 νέους,
991 435 1079 487 τὸν
1143 438 1406 509 Ὅμηρον,
1455 442 1548 494 καὶ
1589 442 1688 493 τοὺ.

1816 443 1991 513 palam
2033 442 2160 495 fecit
2193 454 2250 492 se
2281 452 2376 506 pro
2403 435 2655 490 divinitus
2711 434 2899 488 amatis
2949 450 3054 489 non
3107 436 3359 493 habuisse

151 523 378 577 τοιαῦτα
400 525 702 596 γράφοντας
731 529 1026 596 τιδιήματα.
1065 526 1222 580 Ἀλλά
1245 529 1466 583 Πλάτων
1499 532 1593 602 μὲν
1616 523 1707 602 δῆέ

151 616 244 681 λός
275 619 388 670 ἐστι
415 620 486 689 μὴ
513 622 781 690 φρονήσας
824 619 1035 683 ἐνθέους
1061 621 1167 690 (27)
1193 625 1468 692 γεγονέναι
1491 625 1705 696 ἄνδρας,

151 710 280 772 τοὺς
302 709 522 764 τοιαῦτα
549 713 815 783 ποιήματα
840 711 1309 778 καταλελοιπότας.
1347 716 1404 768 Ὀ
1426 716 1480 767 δὲ
1505 718 1707 784 κρίνειν

155 799 357 868 μᾶλλον
392 801 672 866 Πλάτωνος
703 803 1014 872 δυνάμενος,
1045 806 1073 855 ὀ
1112 805 1473 876 Ἐπικούρειος
1506 807 1708 871 Κέλσος

153 893 240 961 (ετ
259 911 322 962 γε
348 886 513 963 οὗτός⁸
533 896 645 945 ἐστι
687 893 795 962 (28)
838 895 931 947 καὶ
963 896 990 946 6
1034 895 1172 948 κατά
1202 897 1537 967 Χριστιανῶν
1577 897 1708 950 ἄλλα

150 979 246 1032 δύο
281 980 456 1050 βιϐλία
489 980 778 1051 συντάξας)
813 981 952 1052 τάχα
978 985 1107 1053 ἡμῖν
1138 983 1471 1052 φιλονεικῶν,
1505 985 1598 1048 οὓς
1633 985 1706 1056 μὴ

150 1071 368 1142 ἐφρόνει
390 1071 621 1134 ἐνθέους,
648 1073 858 1138 ἐνθέους
882 1074 1177 1144 ὠνόμασεν,

236 1158 484 1225 Ἐγκαλεῖ
529 1160 572 1212 δ’
624 1162 753 1231 ἡμῖν
790 1163 865 1226 ὡς
905 1182 923 1214 t
950 1164 1053 1216 ὑπὸ
1072 1165 1270 1234 χειρῶν
1298 1165 1428 1217 Θεοῦ
1456 1167 1707 1221 πλασθέν-

147 1263 219 1300 τα
242 1266 262 1298 ι
294 1250 602 1317 εἰσάγουσιν
635 1271 652 1302 t
680 1253 981 1324 ἄνθρωπον·
1009 1274 1026 1305 ι
1070 1255 1162 1307 τοῦ
1198 1256 1297 1324 μὲν
1321 1257 1417 1326 τῆς
1442 1259 1706 1322 Γενέσεως

149 1339 358 1407 βιϐλίου
385 1341 494 1394 οὔτ’
519 1344 609 1395 ἐπὶ
634 1345 726 1415 τῆς
745 1347 1009 1416 ποιήσεως
1038 1345 1130 1398 τοῦ
1154 1346 1458 1413 ἀνθρώπου,
1480 1343 1588 1401 οὔτ’
1617 1351 1706 1403 ἐπὶ

146 1430 252 1499 τῆς
299 1431 561 1496 πλάσεως,
606 1437 790 1506 χεῖρας
836 1435 1235 1508 παραλαϐόντος
1273 1437 1381 1508 (29)
1416 1439 1568 1492 Θεοῦ’
1613 1441 1703 1493 τοῦ

146 1521 206 1574 δὲ
240 1522 359 1575 Ἰὼϐ
394 1525 484 1577 καὶ
525 1524 616 1576 τοῦ
647 1526 808 1578 Δαΰὶδ
851 1527 1105 1582 εἰπόντων
1131 1529 1209 1582 τό·
1253 1548 1271 1581 t
1311 1531 1374 1583 Ai
1409 1531 1586 1603 χεῖρές
1613 1549 1703 1584 σου

145 1614 411 1683 ἐποίησάν
430 1633 494 1685 με
520 1617 611 1668 καὶ
631 1609 867 1671 ἔπλασάν
885 1635 950 1688 με
969 1635 982 1647 ·
1010 1638 1029 1670 ι
1061 1621 1187 1690 περὶ
1211 1613 1285 1673 ὧν
1311 1620 1472 1684 πολὺς
1497 1623 1526 1673 6
1549 1621 1703 1689 λόγος

141 1706 226 1766 είς
251 1705 312 1757 16
346 1707 685 1777 παραστῆσαι
715 1707 784 1759 τὰ
817 1707 1110 1789 νενοημέχα
1137 1713 1248 1773 τοῖς
1275 1712 1455 1765 »ταῦτα
1490 1713 1702 1782 εἰρηκό-

1810 535 1900 599 qui
1939 532 2248 599 huiusmodi
2282 530 2522 584 carmina
2559 527 2979 598 posteris.530
3009 528 3355 597 reliquerant.

1814 622 1922 678 Sed
1950 623 2246 690 Epicureus
2274 621 2359 674 ille
2389 618 2570 672 Celsus
2601 617 2668 687 (si
2706 625 2880 670 tamen
2914 619 2957 672 is
2986 627 3067 672 est
3098 621 3190 686 qui
3225 620 3376 674 duos

1808 714 1944 768 alios
1983 715 2148 767 libros
2195 720 2383 765 contra
2417 709 2754 765 Christianos
2803 712 3358 782 composuit)sanius

1806 805 1873 859 de
1909 804 2015 858 illis
2038 803 2334 868 existimat,
2364 816 2520 870 quam
2554 801 2739 866 Plato;
2775 803 3005 857 fortasse
3037 804 3195 859 etiam
3222 807 3356 885 dixit

1810 895 2068 950 divinitus
2095 893 2320 956 amatos,
2345 908 2480 962 quos
2503 894 2723 948 minime
2753 892 2958 949 alllatos
2989 895 3268 961 sentiebat,
3297 906 3355 951 ut

1807 988 1966 1042 nobis
1999 987 2412 1042 contradiceret.

1873 1161 1962 1217 57.
2008 1162 2344 1216 Criminatur
2383 1170 2558 1215 autem
2592 1177 2713 1227 nos,
2769 1162 2906 1230 quod
2938 1161 3178 1217 dicamus
3213 1182 3232 1213 ι
3262 1165 3352 1219 1ιο-

1806 1253 2009 1306 minem
2042 1252 2135 1307 Dei
2189 1248 2438 1307 manibus
2503 1253 2669 1306 fuisse
2722 1251 3054 1308 fabricatum.
3094 1272 3114 1306 ι
3151 1253 3351 1310 Tamen

1807 1343 2078 1398 Geneseos
2113 1344 2249 1404 liber
2282 1344 2484 1397 nullum
2514 1345 2578 1399 de
2611 1344 2702 1397 Dei
2734 1346 2978 1399 manibus
3002 1348 3218 1401 verbum
3240 1339 3354 1400 Ἰτο-

1802 1434 1914 1498 bet,
1943 1435 2058 1489 sive
2087 1434 2174 1488 ubi
2202 1432 2400 1500 factus,
2425 1435 2540 1488 sive
2567 1436 2652 1488 ubi
2687 1435 2947 1489 formatus
2975 1437 3137 1491 homo
3163 1452 3353 1490 narra-

1808 1535 1914 1581 tur.
1945 1525 2046 1583 Job
2072 1535 2126 1580 et
2164 1526 2331 1579 David
2368 1527 2480 1579 haec
2527 1535 2607 1578 est
2645 1526 2884 1581 locutio:
2949 1545 2969 1586 ι¹
3005 1527 3192 1582 Manus
3247 1538 3352 1583 tum

1806 1618 2052 1673 fecerunt
2086 1632 2171 1671 me
2205 1627 2259 1670 et
2290 1616 2656 1669 formaverunt
2684 1633 2768 1670 me
2797 1617 2859 1667 ⁸⁸.
2878 1637 2896 1667 ι
2920 1618 3054 1682 Quid
3091 1620 3141 1670 in
3168 1620 3351 1676 animo

1807 1710 2094 1764 habuerint
2123 1708 2211 1776 qui
2242 1709 2320 1762 sic
2357 1707 2521 1762 locuti
2550 1717 2693 1769 sunt,
2734 1708 2777 1760 si
2802 1708 3071 1774 explicare
3095 1708 3350 1764 vellemus

143 1811 253 1858 σιν,
279 1796 337 1847 οὐ
373 1799 531 1865 μόνον
555 1776 679 1866 περὶ
697 1776 1262 1869 δ;αφορᾶςή.ποῖήσεως
1287 1804 1377 1856 καὶ
1401 1776 1688 1869 πλάσεως,

1800 1811 1854 1857 et
1904 1801 2186 1856 ostendere
2230 1815 2340 1869 quo
2391 1798 2639 1853 differant
2687 1799 2857 1866 facere
2890 1808 2944 1852 et
2993 1800 3259 1867 formare,
3292 1811 3345 1856 et

143 1884 284 1936 ἀλλὰ
311 1888 402 1937 καὶ
430 1887 553 1955 περὶ
579 1888 790 1956 χειρῶν
817 1887 962 1941 Θεοῦ
984 1907 996 1918 ’
1019 1889 1084 1952 ἃς
1107 1891 1153 1941 οἱ
1189 1891 1262 1960 μὴ
1292 1893 1580 1962 νοήσαντες
1607 1894 1698 1947 καὶ

141 1976 244 2039 τὰς
266 1977 517 2040 τοιαύτας
545 1979 650 2031 ἀπὸ
677 1978 782 2030 τῶν
817 1979 975 2033 θείων
1014 1982 1246 2053 Γραφῶν
1266 1983 1466 2050 φωνὰς,
1500 1984 1698 2038 οἴονται

141 2068 294 2136 ἡμᾶς
322 2069 558 2122 τοιοῦτον
589 2073 769 2141 σχῆμα
810 2073 1138 2143 περιτιθέναι
1170 2075 1247 2144 τῷ
1281 2075 1371 2127 ἐπὶ
1400 2077 1532 2127 πᾶσι
1556 2076 1692 2146 Θεῷ,

137 2159 324 2212 ὁπποῖόν
350 2162 464 2213 ἐστι
497 2161 568 2220 ,τὸ
607 2162 958 2234 ἀνθρώπινον·
1002 2165 1120 2218 καθ’
1153 2165 1245 2228 οὓς
1289 2166 1383 2217 καὶ
1422 2166 1695 2236 πτέρυγας

137 2249 431 2305 ἀκόλουθον
480 2252 715 2324 νομίζειν
766 2257 909 2325 ἡμεῖς
951 2252 1084 2309 εἶναι
1131 2258 1186 2307 ἐν
1225 2255 1303 2325 τῷ
1348 2255 1556 2327 σώματι
1599 2259 1691 2312 τοῦ

137 2339 298 2405 Θεοῦ,
337 2342 458 2395 ἐπεὶ
507 2344 802 2398 καὶταῦτα
851 2332 1090 2414 λέγουσιν
1133 2348 1186 2398 αἱ
1235 2347 1374 2400 κατά
1425 2349 1485 2402 16
1533 2351 1694 2422 ῥητὸν

139 2431 272 2502 περὶ
291 2433 382 2485 τοῦ
407 2434 540 2486 Θεοῦ
558 2435 708 2505 ἡμῶν
732 2436 956 2508 Γραφαί.
980 2436 1158 2490 Ταῦτα
1183 2438 1238 2490 δὲ
1257 2438 1351 2492 νῦν
1374 2441 1693 2510 ἑρμηνεύειν

137 2523 239 2576 οὐκ
270 2525 539 2596 ἀπαιτεῖῆ
573 2527 900 2596 προκειμένη
931 2528 1272 2596 πραγματεία
1295 2545 1307 2557 ·
1349 2532 1690 2601 προηγουμέ-

136 2631 243 2676 νως
268 2614 378 2685 γὰρ
412 2618 468 2668 ἐν
509 2619 618 2679 τοῖς
659 2619 738 2680 είς
769 2617 866 2685 τὴν
911 2619 1121 2671 Γένεσιν
1167 2621 1508 2692 ἐξηγητικοῖς
1539 2623 1690 2675 ταῦθ’

137 2708 289 2774 ἡμῖν,
317 2705 457 2758 κατά
498 2706 558 2758 τὸ
589 2707 827 2770 δυνατὸν,
854 2709 1158 2778 ἐξήτασται.
1197 2708 1309 2763 Εἶθ’
1359 2712 1458 2783 ὅρα
1489 2716 1688 2783 κακοή-

137 2796 286 2852 θειαν
309 2797 401 2848 τοῦ
426 2797 628 2849 Κέλσου
650 2799 706 2852 ἐν
731 2802 840 2861 τοῖς
865 2799 1007 2870 ἑξῆς.
1037 2801 1141 2870 Τῆς
1169 2802 1276 2872 γάρ
1296 2803 1512 2874 Γραφῆς
1533 2807 1563 2874 ἡ
1574 2804 1689 2874 μῶν

136 2886 398 2956 λεγούσης
421 2887 512 2939 ἐπ)⁵
544 2888 642 2956 τῆς
676 2888 768 2941 τοῦ
795 2889 1073 2961 ἀνθρώπου
1102 2891 1367 2958 πλάσεως,
1401 2913 1419 2944 t
1454 2898 1546 2948 καὶ
1575 2899 1688 2949 ἐνε-

137 2981 378 3052 φύσησεν
418 2983 496 3042 είς
533 2980 592 3031 τὸ
637 2981 920 3056 πρόσωπον
965 2983 1126 3036 αὑτοῦ
1168 2987 1332 3055 πνοὴν
1382 2986 1545 3055 ζωῆς,
1592 2989 1686 3042 καὶ

136 3071 350 3138 ἐγένετο
377 3073 405 3123 6
435 3070 711 3141 ἄνθρωπος
744 3074 821 3135 εἰς
856 3072 1028 3143 ψυχὴν
1063 3075 1257 3138 ζῶσανο
1291 3095 1308 3126 ι
1348 3079 1374 3129 6
1400 3077 1454 3129 δὲ
1485 3080 1684 3150 κακοή-
1710 3125 1752 3184 C

135 3160 241 3223 θως
265 3160 537 3230 διασύρειν
551 3162 862 3233 βουλόμενος
873 3167 950 3225 16,
973 3165 1323 3236 «ἐνεφύσησεν
1347 3171 1424 3231 εἰς
1440 3170 1500 3221 16
1519 3172 1686 3241 πρόσ-

133 3269 280 3305 ωπον
313 3253 500 3305 αὑτοῦ
531 3254 694 3323 πνοὴν
879 3255 1021 3326 ζωῆς
1053 3277 1070 3307 ι
1101 3259 1264 3329 (ὅπερ
1287 3259 1404 3312 οὐδὲ
1441 3264 1678 3333 νενόηκε,

132 3342 251 3394 τίνα
277 3343 476 3412 τρόπον
502 3343 772 3412 λέλεκται)
790 3346 1107 3416 ἀνέγραψεν,
1131 3349 1209 3401 ὅτι
1237 3369 1255 3399 (
1281 3352 1564 3406 συνέθεσαν
1593 3354 1684 3408 ἄν-

136 3431 351 3503 θρωπον
384 3433 487 3484 ὑπὸ
519 3434 711 3503 χειρῶν
739 3435 870 3487 Θεοῦ
903 3437 1327 3508 πλασσόμενον»
1362 3443 1472 3511 (51)
1507 3445 1589 3496 ἵνα
1622 3446 1681 3498 τὸ

134 3524 522 3596 ἐμφυσὼμενον
541 3526 930 3595 παραπλησίως
959 3546 1042 3590 τις
1062 3530 1281 3598 νομίσας
1303 3531 1543 3602 λελέχθαι
1570 3540 1681 3599 τοῖς

135 3617 540 3696 ἐμφυσωμένοις
559 3619 764 3681 ἀσκοῖς,
785 3618 984 3690 γελάσῃ
1002 3622 1079 3682 τὸ,
1111 3641 1126 3670 ι
1154 3622 1477 3694 ἐνεφύσησεν
1509 3628 1587 3688 εἰς
1619 3626 1678 3679 16

134 3709 421 3777 πρόσωπον
453 3707 612 3761 αὐτοῦ
637 3709 801 3778 πνοὴν
835 3708 1003 3779 ζωῆς·
1040 3729 1058 3760 ι
1083 3713 1356 3782 τροπικῶς
1372 3714 1673 3785 εἰρημένον,

132 3799 224 3852 καὶ
245 3798 497 3876 δεόμενον
529 3799 849 3870 διηγήσεως,
899 3802 1236 3873 παριστάσης
1262 3805 1677 3873 μεταδεδωκέναι

129 3888 217 3942 τὸν
235 3890 370 3943 Θεὸν
397 3890 490 3944 τοῦ
523 3890 795 3962 ἀφθάρτου
818 3892 1116 3962 πνεύματος
1141 3893 1216 3964 τῷ
1238 3893 1520 3966 ἀνθρώπῳ·
1547 3898 1679 3951 καθὸ

127 3977 372 4032 λέλεκται
403 3980 483 4043 16,
521 3998 540 4030 ι
580 3979 641 4030 τὸ
670 3978 724 4030 δέ
758 3980 1027 4050 ἀφθαρτόν
1062 3998 1150 4034 σου
1186 3980 1400 4052 πνεῦμά
1432 3987 1575 4039 ἐστιν
1618 3991 1677 4042 ἐν

128 4086 307 4124 πασιν.
335 4089 354 4120 ι

192 4158 307 4213 Εἶτ’
378 4162 498 4212 ἐπεὶ
557 4161 908 4231 προκείμενον
966 4161 1075 4231 (32)
1135 4157 1202 4233 ἦν
1235 4163 1392 4233 ναύτῷ
1436 4182 1670 4236 κακηγο-

126 4256 234 4323 ρεῖν
264 4253 336 4306 τά
362 4254 735 4324 γεγραμμένα,
770 4244 1072 4324 διεχλεύασε
1105 4254 1294 4322 καὶτὸ,
1331 4274 1349 4305 1
1385 4257 1671 4312 Ἐπέδαλεν

1801 1894 1930 1962 quid
1953 1910 2136 1946 manus
2168 1891 2262 1944 Dei
2291 1891 2611 1958 significent,
2635 1890 2825 1958 longus
2847 1899 2987 1944 esset
3017 1907 3212 1948 sermo.
3242 1892 3350 1947 llas

1797 1984 1941 2037 enim
1979 1992 2034 2037 et
2065 1984 2272 2037 similes
2299 1983 2602 2037 divinarum
2638 1982 3034 2050 Scripturarnm
3071 1997 3227 2037 voces
3257 1983 3346 2052 qui

1804 2089 1908 2128 non
1946 2074 2270 2144 intelligunt,
2324 2083 2511 2143 putant
2544 2087 2639 2127 nos
2677 2074 2948 2128 ascribere
2984 2073 3090 2127 Deo
3123 2073 3347 2128 formam

1797 2166 2046 2219 humana:
2073 2167 2322 2221 similem.
2358 2166 2508 2232 Quod
2537 2167 2582 2219 si
2617 2175 2784 2229 esset,
2824 2165 3020 2218 alatmn
3060 2167 3218 2218 etiam
3255 2166 3344 2219 Dei

1795 2273 1990 2327 corpus
2023 2275 2142 2311 esse
2171 2257 2472 2326 cogitemus
2528 2271 2749 2310 necesse
2785 2267 2885 2309 est.
2932 2256 3058 2308 Alas
3089 2257 3228 2308 enim
3273 2257 3345 2309 illi

1798 2348 2040 2401 tribuunt
2069 2345 2366 2415 Scriptura:
2401 2347 2465 2408 “,
2527 2347 2572 2400 si
2625 2345 2799 2399 littera
2847 2354 3116 2414 urgeatur.
3153 2346 3254 2399 Sed
3281 2361 3342 2399 ea

1796 2455 1940 2493 nunc
1969 2439 2312 2506 interpretari
2349 2437 2582 2490 alienum
2613 2447 2754 2490 esset
2807 2453 2834 2489 a
2877 2437 3170 2504 proposito.
3221 2436 3344 2488 Illn-

1791 2539 1963 2582 strata
1995 2529 2150 2584 nobis
2177 2538 2301 2583 sunt
2329 2529 2450 2580 data
2476 2543 2635 2596 opera
2668 2538 2721 2581 et
2749 2544 2843 2597 pro
2865 2529 3088 2591 viribus,
3120 2526 3170 2579 in
3194 2542 3344 2580 com-

1791 2621 2072 2673 mentariis
2108 2621 2161 2672 in
2195 2619 2469 2673 Genesint.
2528 2618 2678 2671 Nunc
2719 2619 2858 2674 vide.
2890 2618 2943 2670 in
2993 2618 3345 2686 sequentibul

1789 2709 1930 2762 Celsi
1957 2707 2366 2778 malignitatem.
2397 2707 2629 2759 Narrant
2663 2718 2860 2760 nostra:
2902 2708 3212 2774 Scripturre,
3250 2707 3340 2762 ubi

1789 2803 1856 2856 de
1889 2801 2210 2854 formatione
2241 2799 2471 2852 hominis
2501 2799 2698 2867 agitur,
2725 2796 2888 2849 Deum
2925 2814 2940 2845 ι
2972 2797 3264 2864 inspirasse
3287 2797 3338 2850 in

1786 2893 1979 2946 facient
2012 2891 2128 2957 ejus
2181 2890 2509 2960 spiraculum
2541 2891 2690 2954 vitae,
2723 2901 2774 2941 et
2811 2889 3006 2942 factum
3046 2890 3210 2941 fuisse
3242 2890 3341 2942 bo-

1786 2983 1982 3035 minem
2011 2982 2062 3035 in
2095 2983 2334 3035 animam
2372 2982 2634 3035 viventem
2670 2981 2738 3034 ὀ.
2782 2999 2800 3031 ›
2841 2980 2932 3033 Ille
2965 2995 3105 3042 vero,
3143 2989 3202 3032 ut
3235 2980 3336 3034 hoc

1785 3076 2094 3140 snhsannet,
2131 3092 2149 3125 t
2185 3074 2463 3139 inspiravit
2523 3073 2572 3125 in
2608 3072 2796 3125 faciem
2859 3071 2971 3138 ejus
3014 3070 3336 3139 spiraculum

1788 3168 2113 3237 vilmi(quod
2148 3182 2252 3234 quo
2275 3181 2432 3219 sensu
2458 3166 2658 3217 dictum
2683 3166 2750 3216 sit
2779 3179 2880 3216 non
2914 3163 3075 3232 capit)
3107 3164 3336 3230 maligne

1788 3259 2011 3313 scribit:
2047 3276 2065 3308 ι
2098 3257 2392 3310 Finxerunt
2425 3257 2588 3310 Deum
2622 3256 2733 3308 suis
2765 3256 3010 3308 manibus
3039 3254 3336 3310 fabricasse

1788 3350 2060 3404 hominem
2095 3361 2149 3403 et
2180 3349 2232 3401 in
2265 3363 2386 3402 eum
2418 3347 2730 3415 inspirasse,
2766 3366 2784 3398 ι
2832 3356 2888 3399 ιιι
2921 3349 3040 3414 quis
3076 3346 3128 3399 in
3157 3347 3333 3400 homi-

1787 3461 1906 3500 nem
1962 3444 2274 3511 inspiratnm
2333 3441 2500 3494 fuisse
2523 3439 2839 3493 existimans
2883 3438 3329 3507 quemadmodum

1786 3535 1837 3586 in
1876 3545 2022 3586 utres
2055 3533 2349 3600 inspiratur
2374 3571 2388 3594 ,
2444 3529 2553 3582 ridc
2666 3527 2846 3582 istud:
2898 3545 2918 3577 ι
2956 3527 3244 3593 Inspiravit
3275 3527 3328 3579 in

1785 3623 1972 3676 faciem
1995 3623 2108 3688 ejus
2129 3621 2452 3688 spiraculum
2478 3620 2617 3673 vitae.
2645 3637 2662 3668 ι
2693 3618 2841 3683 Quod
2873 3619 3096 3685 ﬁgurate
3128 3617 3327 3670 dictum

1782 3715 2139 3782 explicatione
2161 3713 2378 3780 indiget,
2400 3725 2516 3778 quae
2545 3709 2733 3777 probet
2762 3709 3028 3761 hominem
3057 3724 3084 3760 a
3118 3708 3222 3761 Deo
3252 3707 3331 3760 fa-

1782 3817 1924 3859 ctum
1955 3805 2117 3858 fuisse
2149 3785 2367 3872 spiritus
2420 3802 2845 3870 incorruptibilis
2888 3801 3226 3869 participem;
3260 3799 3327 3852 de

1782 3913 1888 3965 quo
1916 3899 2118 3952 dictum
2153 3905 2234 3949 est
2266 3914 2278 3948 :
2310 3893 2764 3963 «Incorruptibilis
2793 3901 2969 3948 autem
2999 3902 3122 3947 tuus
3157 3891 3320 3961 spiri-

1785 4001 1867 4047 tus
1901 4000 1983 4047 εει.
2011 3991 2063 4044 in
2095 3987 2344 4045 onmibus
2371 3987 2435 4039 ".
2481 4005 2500 4037 ›

1845 4169 1934 4222 58.
1969 4166 2169 4220 Deinde
2199 4165 2405 4217 instans
2445 4162 2499 4215 in
2532 4163 2804 4230 proposito
2837 4159 3154 4214 criminandi
3207 4175 3325 4229 qua

1777 4264 1974 4327 set-ipta
2005 4264 2174 4321 sunt,
2226 4254 2508 4308 cavillatur
2533 4263 2586 4304 et
2621 4252 2762 4306 istud
2792 4267 2805 4302 :
2847 4268 2867 4302 ι
2923 4249 3148 4303 Immisit
3187 4250 3326 4306 Deus

199 4414 246 4446 ⁸⁸
272 4412 392 4469 Job.
431 4428 486 4481 ιι,
515 4413 570 4490 8;
603 4412 743 4467 Psal.
774 4393 1080 4496 cxvm,_75.
1185 4417 1232 4449 ⁸⁸
1264 4416 1404 4473 Psal.
1438 4435 1546 4482 xvr,
1581 4422 1633 4487 8,
1669 4438 1688 4478 ρ

1857 4424 1901 4455 ⁹⁰
1937 4422 2073 4477 Gen.
2105 4435 2157 4486 ιι,
2186 4419 2239 4474 '1.
2346 4416 2390 4448 ”
2426 4415 2555 4484 Sap.
2584 4429 2682 4480 ιιι,
2716 4413 2765 4467 1.

1185 4417 1232 4449 ⁸⁸
1264 4416 1404 4473 Psal.
1438 4435 1546 4482 xvi,
1581 4422 1633 4487 8,
1669 4432 1772 4480 etc.
1857 4424 1901 4455 ’°
1937 4422 2073 4477 Gen.
2105 4435 2157 4486 πυ
2186 4419 2239 4474 ’⁷ο

121 4555 211 4631 καὶ
238 4552 554 4631 δοσσεϐείαις
588 4552 921 4631 διδάσκαλον.
954 4552 1298 4631 Βλασφημεῖς)
1326 4557 1433 4631 γὰρ
1452 4598 1466 4620 ,
1497 4561 1680 4631 φησιν,

1794 4583 1812 4617 t
1851 4565 2048 4620 Omnes
2077 4561 2218 4615 enim
2252 4547 2372 4613 houi
2401 4567 2569 4631 poeta:
2603 4556 2758 4631 epici
2781 4571 2884 4631 non
2914 4555 3128 4631 quidem
3161 4567 3324 4631 certe:

120 4625 427 4704 ἐκπαιδεύει
456 4622 772 4704 τοὺςινέους,
819 4623 910 4704 κα)-
937 4622 1190 4704 top/139555
1209 4626 1386 4704 @503;
1405 4622 1678 4698 ’περὶ”τῶκί

1793 4636 2058 4704 cujusdzmt
2098 4631 2232 4682 artis
2263 4622 2516 4704 auspiciis
2537 4666 2556 4691 ,
2587 4622 2888 4704 sed_tli\'ino
2918 4622 3192 4704 cuiusdam
3237 4627 3322 4678 fu-

121 4693 250 4746 θεῶν
278 4693 519 4768 ἐκτίοῃςι
542 4692 724 4768 δόξας,
758 4692 850 4768 καὶ
872 4691 1100 4768 ’ἁπαλοῖς
1127 4691 1348 4768 ἐτι-οὖσι
1376 4691 1678 4768 ,μαθήματα

1793 4691 1922 4756 roris
1950 4700 2124 4753 alllatu
2176 4691 2438 4768 correpti,
2465 4695 2796 4768 ornni_a__h:ec
2840 4695 3096 4768 praeclara
3141 4696 3324 4746 dicunt

120 4765 326 4839 πονηρὰ
356 4761 836 4839 καιδιεφθαρμένια
861 4762 1058 4839 ’ἐνίησιι
1081 4761 1266 4839 chid
1301 4761 1442 4839 enim
1482 4761 1675 4821 llottie-

1793 4780 2044 4826 :memata.
2085 4786 2103 4819 ι
2145 4767 2276 4821 Vide
2325 4761 2568 4839 paginam
2601 4763 2726 4826 554,
2785 4770 2838 4814 et
2876 4761 3067 4815 librum
3104 4768 3320 4818 tertium

118 4831 400 4904 [ἕρδ’ροεεί
421 4831 750 4904 jucundius?
773 4833 910 4904 Quid
943 4833 1060 4900 ejus
1089 4831 1413 4904 dulciloqnio
1431 4839 1675 4891 Suavins?
1779 4831 1853 4894 De
1905 4839 2125 4904 legibus,
2155 4851 2274 4903 pag.
2316 4835 2439 4886 682.
2479 4836 2735 4904 Spsncsn.

119 4902 175 4974 Et
207 4910 387 4955 tamen
425 4903 586 4974 hunc
617 4900 1108 4974 i_psum_llome_r_t_tm
1148 4901 1389 4974 optimus
1423 4904 1667 4974 philoso-
1848 4900 1970 4974 (28)-
1997 4900 2326 4959 ΙΙαξεςίιεΙὶιιε
2353 4906 2404 4956 in
2431 4914 2600 4962 textu,
2625 4901 2942 4974 magal.

119 4910 175 4955 Et
207 4910 387 4955 tamen
443 4910 586 4954 hunc
617 4910 788 4968 ipsum
820 4910 1108 4953 ltomernm
1148 4910 1380 4968 optimus
1431 4910 1667 4968 philoso-
1869 4910 1958 4974 28)
1997 4910 2326 4959 llmscbelius
2353 4910 2404 4956 in
2431 4914 2600 4962 textu,
2625 4910 2780 4962 ἀλλος
2808 4910 2942 4953 ἐστι.

115 4971 334 5036 phorum
362 4976 381 5048 (
411 4971 694 5048 ᾼι-ἰειοηίε,
726 4971 1137 5048 opinoglilinm
1171 4970 1509 5048 intclligitis),
1550 4989 1664 5048 _t_m-
1779 5046 1800 5048 _
1843 4910 1951 5048 (29)
1980 4976 2123 5048 [ιίὺῄ
2154 4985 2308 5048 antea
2341 4975 2491 5048 editi,
2547 4971 2993 5048 παραλαϐούσης,
3020 4971 3124 5048 sed
3161 4971 3317 5032 codd.

116 5050 310 5114 gncnto
343 5041 688 5114 delibutum,
739 5043 878 5114 sicut
912 5041 1223 5114 hirundines
1275 5054 1302 5090 a
1355 5041 1667 5114 nmlieribus
1773 5041 1971 5114 Regius
2004 5044 2425 5114 etBasilecnsis,
2474 5041 3121 5114 uapa1a66v1o;._lbidetn
3163 5060 3316 5104 mss..
3385 5098 3389 5102 ,

113 5109 301 5172 solent,
334 5110 531 5182 procul
543 5109 699 5182 eiecit
724 5112 793 5165 ab
819 5125 880 5162 ea
911 5125 1068 5182 quam
1093 5111 1505 5182 ipse'c_onstitnit
1531 5113 1665 5166 civi-

1793 5109 1944 5167 τοῖδὲ
1991 5113 2108 5165 Ἰὼϐ
2139 5114 2344 5166 καὶτοῦ
2395 5109 2837 5166 Δαυὶδέἰπόντων
2861 5112 2939 5166 τό.
2991 5113 3160 5177 Alias,
3219 5128 3317 5182 pro

118 5178 476 5248 tatetomnis
521 5179 753 5233 licentia:
788 5188 948 5246 atque
1007 5180 1294 5246 impietatis
1345 5181 1660 5248 magistrum

115 5247 408 5315 appellans.
446 5247 830 5316 Blasphemare
865 5249 1034 5308 enim.
1067 5251 1260 5316 inquit,
1294 5247 1660 5304 adolescentes

115 5314 287 5379 docet,
313 5317 526 5384 illisque
551 5314 845 5384 ﬂagitiosas
879 5320 943 5371 de
969 5319 1070 5370 diis
1099 5314 1376 5386 opiniones
1402 5320 1655 5381 insinuat,

117 5389 422 5454 tenerisque
455 5387 628 5440 adhuc
676 5389 869 5442 animis
922 5389 1108 5440 inserit
1136 5389 1391 5440 scelestas
1422 5429 1436 5454 ,
1480 5390 1660 5456 perni-

114 5459 281 5510 cios:us
315 5468 366 5507 et
400 5467 682 5525 corruptas
719 5458 1051 5525 disciplinas.
1085 5477 1103 5507 ι
1133 5457 1398 5525 Spsa'cen.
1562 5482 1570 5490 -

181 5527 289 5594 (27)
320 5525 415 5592 Μὴ
447 5523 757 5592 φρονήσας
807 5523 1068 5591 ἐνθέους.
1101 5524 1484 5589 Verumtamen
1517 5525 1658 5580 Plat.

115 5594 252 5659 Iou.,
287 5613 406 5663 pag.
442 5595 578 5666 535:
621 5594 824 5666 Πάντες
854 5598 959 5666 γὰρ
986 5598 1036 5647 οῖ
1056 5614 1112 5648 τε
1136 5595 1239 5648 τῶν
1269 5597 1413 5647 ἐπῶν
1445 5598 1662 5666 ποιηταὶ

115 5614 252 5659 ιοιι.,
287 5614 406 5663 pag.
442 5614 578 5648 eoo:
622 5614 824 5658 ιιαντες
854 5614 923 5665 γα
986 5614 1032 5647 οι
1056 5614 1112 5648 τε
1136 5614 1239 5648 των
1269 5614 1413 5647 επων
1445 5614 1662 5666 ποιῆται

112 5668 169 5742 οἱ,
189 5667 376 5734 ἁγαθοὶ
404 5666 502 5742 οὐκ
524 5665 586 5715 ἐκ
614 5663 823 5742 τέχνης,
841 5614 1163 5742 ἀλῗξένθεοι
1191 5667 1357 5728 ὄντες,
1383 5668 1478 5742 καὶΔ
1507 5684 1662 5719 κατε-

113 5731 316 5806 χόμενοι
364 5735 538 5790 πάντα
588 5731 770 5788 ταῦτα
798 5731 866 5786 τὰ
908 5735 1044 5789 καλά
1100 5736 1312 5806 λέγουσι
1363 5738 1656 5809 ποιήματα.

1767 5185 2042 5246 εἰπόντων,
2073 5184 2345 5250 legebatur
2377 5183 2635 5245 είπόντος.

1765 5258 1782 5320 ζ
1839 5252 2152 5323 (50)Ζωῆς.
2189 5253 2334 5305 llanc
2364 5269 2567 5314 vocem,
2590 5267 2706 5319 quae
2723 5252 3056 5305 desideratur
3087 5253 3136 5304 in
3159 5258 3316 5305 antea

1766 5327 1948 5383 editis,
1985 5324 2217 5376 restituit
2247 5323 2415 5374 codex
2451 5323 2670 5388 Regius.

1834 5394 1946 5461 (3|)
1981 5394 2431 5459 Πλασσόμενον.
2464 5392 2540 5444 Ex
2570 5393 2632 5443 iis
2660 5405 2776 5458 qua:
2806 5393 3109 5456 prmcedunt
3142 5401 3195 5441 et
3223 5401 3310 5440 se-

1770 5474 2029 5546 quuntur,
2069 5461 2352 5514 Boherello
2383 5461 2680 5514 addendum
2718 5463 2925 5512 vtdetnr
2951 5501 2965 5524 ,
3017 5462 3108 5513 καὶ
3135 5462 3310 5527 ἐμφυ-

1767 5548 1843 5582 σω
1849 5548 2025 5598 μενον.

1836 5595 1947 5668 (52)
1970 5599 2380 5667 Προκείμενον.
2415 5600 2503 5655 Sic
2534 5610 2678 5654 recte
2701 5615 2826 5654 mss.
2861 5601 3024 5661 Alias.
3057 5595 3309 5666 προσκτί-

1768 5688 1942 5741 μενον,
1978 5670 2131 5722 male.
