  <div class='ocr_page' id='page_1' title='image "/cluster/home/n/w/nwhite01/storage/ocr_20150623/11/pst.000005711918/565.png"; bbox 0 0 4108 6314; ppageno 0'>
   <div class='ocr_carea' id='block_1_1' title="bbox 689 559 818 618">
    <p class='ocr_par' dir='ltr' id='par_1_1' title="bbox 689 559 818 618">
     <span class='ocr_line' id='line_1_1' title="bbox 689 559 818 618; baseline 0.008 -1"><span class='ocrx_word' id='word_1_1' title='bbox 689 559 818 618; x_wconf 70' lang='grc'><strong>1091</strong></span> 
     </span>
    </p>
   </div>
   <div class='ocr_carea' id='block_1_2' title="bbox 2138 541 2566 612">
    <p class='ocr_par' dir='ltr' id='par_1_2' title="bbox 2138 541 2566 612">
     <span class='ocr_line' id='line_1_2' title="bbox 2138 541 2566 612; baseline -0.007 0"><span class='ocrx_word' id='word_1_2' title='bbox 2138 553 2461 612; x_wconf 78' lang='lat' dir='ltr'><strong>ORIGENIS</strong></span> <span class='ocrx_word' id='word_1_3' title='bbox 2553 541 2566 552; x_wconf 87' lang='lat'><strong>’</strong></span> 
     </span>
    </p>
   </div>
   <div class='ocr_carea' id='block_1_3' title="bbox 3762 549 3904 608">
    <p class='ocr_par' dir='ltr' id='par_1_3' title="bbox 3762 549 3904 608">
     <span class='ocr_line' id='line_1_3' title="bbox 3762 549 3904 608; baseline 0 0"><span class='ocrx_word' id='word_1_4' title='bbox 3762 549 3904 608; x_wconf 67' lang='lat'><strong>109!</strong></span> 
     </span>
    </p>
   </div>
   <div class='ocr_carea' id='block_1_4' title="bbox 686 674 2234 749">
    <p class='ocr_par' dir='ltr' id='par_1_4' title="bbox 686 679 2229 749">
     <span class='ocr_line' id='line_1_4' title="bbox 686 679 2229 749; baseline -0.003 -14"><span class='ocrx_word' id='word_1_5' title='bbox 686 680 914 749; x_wconf 77' lang='lat' dir='ltr'><strong>Cupido,</strong></span> <span class='ocrx_word' id='word_1_6' title='bbox 952 695 1070 735; x_wconf 89' lang='lat' dir='ltr'><strong>eam</strong></span> <span class='ocrx_word' id='word_1_7' title='bbox 1102 679 1173 736; x_wconf 89' lang='lat' dir='ltr'><strong>ob</strong></span> <span class='ocrx_word' id='word_1_8' title='bbox 1201 691 1311 736; x_wconf 88' lang='lat' dir='ltr'><strong>rem</strong></span> <span class='ocrx_word' id='word_1_9' title='bbox 1348 681 1400 734; x_wconf 93' lang='lat' dir='ltr'><strong>in</strong></span> <span class='ocrx_word' id='word_1_10' title='bbox 1427 679 1680 735; x_wconf 85' lang='lat' dir='ltr'><strong>comitatu</strong></span> <span class='ocrx_word' id='word_1_11' title='bbox 1705 690 1789 736; x_wconf 90' lang='lat' dir='ltr'><strong>est</strong></span> <span class='ocrx_word' id='word_1_12' title='bbox 1815 679 2044 735; x_wconf 74' lang='lat' dir='ltr'><strong>Veneris</strong></span> <span class='ocrx_word' id='word_1_13' title='bbox 2072 681 2229 747; x_wconf 85' lang='lat' dir='ltr'><strong>eique</strong></span> 
     </span>
    </p>
   </div>
   <div class='ocr_carea' id='block_1_5' title="bbox 2334 674 3902 749">
    <p class='ocr_par' dir='ltr' id='par_1_5' title="bbox 2334 674 3902 747">
     <span class='ocr_line' id='line_1_5' title="bbox 2334 674 3902 747; baseline -0.001 -18"><span class='ocrx_word' id='word_1_14' title='bbox 2334 678 2426 730; x_wconf 71' lang='grc' dir='ltr'><strong>καὶ</strong></span> <span class='ocrx_word' id='word_1_15' title='bbox 2472 675 2670 745; x_wconf 80' lang='grc' dir='ltr'><strong>ἐκύησε</strong></span> <span class='ocrx_word' id='word_1_16' title='bbox 2709 675 2800 729; x_wconf 76' lang='grc' dir='ltr'><strong>τὸν</strong></span> <span class='ocrx_word' id='word_1_17' title='bbox 2825 677 3040 746; x_wconf 82' lang='grc' dir='ltr'>Ἔρωτα</span> <span class='ocrx_word' id='word_1_18' title='bbox 3068 693 3080 706; x_wconf 92' lang='grc'><strong>·</strong></span> <span class='ocrx_word' id='word_1_19' title='bbox 3113 674 3191 727; x_wconf 81' lang='grc' dir='ltr'>διὸ</span> <span class='ocrx_word' id='word_1_20' title='bbox 3233 674 3297 745; x_wconf 83' lang='grc' dir='ltr'>δὴ</span> <span class='ocrx_word' id='word_1_21' title='bbox 3335 676 3543 746; x_wconf 79' lang='grc' dir='ltr'>καὶτῆς</span> <span class='ocrx_word' id='word_1_22' title='bbox 3582 674 3902 747; x_wconf 80' lang='grc' dir='ltr'>Ἀφροδίτης</span> 
     </span>
    </p>
   </div>
   <div class='ocr_carea' id='block_1_6' title="bbox 689 771 2232 843">
    <p class='ocr_par' dir='ltr' id='par_1_6' title="bbox 689 771 2232 843">
     <span class='ocr_line' id='line_1_6' title="bbox 689 771 2232 843; baseline -0.004 -14"><span class='ocrx_word' id='word_1_23' title='bbox 689 776 854 829; x_wconf 76' lang='lat' dir='ltr'><strong>scivit</strong></span> <span class='ocrx_word' id='word_1_24' title='bbox 885 793 897 827; x_wconf 91' lang='lat'><strong>:</strong></span> <span class='ocrx_word' id='word_1_25' title='bbox 935 783 988 829; x_wconf 90' lang='lat' dir='ltr'><strong>et</strong></span> <span class='ocrx_word' id='word_1_26' title='bbox 1033 783 1172 827; x_wconf 87' lang='lat' dir='ltr'><strong>amat</strong></span> <span class='ocrx_word' id='word_1_27' title='bbox 1210 774 1351 842; x_wconf 91' lang='lat' dir='ltr'><strong>quod</strong></span> <span class='ocrx_word' id='word_1_28' title='bbox 1380 774 1674 843; x_wconf 67' lang='lat' dir='ltr'><strong>pulchrum&#39;</strong></span> <span class='ocrx_word' id='word_1_29' title='bbox 1702 782 1806 838; x_wconf 90' lang='lat' dir='ltr'><strong>est,</strong></span> <span class='ocrx_word' id='word_1_30' title='bbox 1849 772 1978 841; x_wconf 85' lang='lat' dir='ltr'><strong>quia</strong></span> <span class='ocrx_word' id='word_1_31' title='bbox 2010 771 2232 840; x_wconf 86' lang='lat' dir='ltr'><strong>pulchra</strong></span> 
     </span>
    </p>
   </div>
   <div class='ocr_carea' id='block_1_7' title="bbox 689 863 2235 934">
    <p class='ocr_par' dir='ltr' id='par_1_7' title="bbox 689 863 2235 934">
     <span class='ocr_line' id='line_1_7' title="bbox 689 863 2235 934; baseline -0.003 -14"><span class='ocrx_word' id='word_1_32' title='bbox 689 876 773 920; x_wconf 91' lang='lat' dir='ltr'><strong>est</strong></span> <span class='ocrx_word' id='word_1_33' title='bbox 799 867 995 920; x_wconf 83' lang='lat' dir='ltr'><strong>Venus.</strong></span> <span class='ocrx_word' id='word_1_34' title='bbox 1033 866 1298 933; x_wconf 84' lang='lat' dir='ltr'><strong>Quoniam</strong></span> <span class='ocrx_word' id='word_1_35' title='bbox 1345 882 1470 934; x_wconf 76' lang='lat' dir='ltr'><strong>ergo</strong></span> <span class='ocrx_word' id='word_1_36' title='bbox 1501 865 1630 918; x_wconf 88' lang='lat' dir='ltr'><strong>Pori</strong></span> <span class='ocrx_word' id='word_1_37' title='bbox 1663 864 1804 917; x_wconf 80' lang='lat' dir='ltr'><strong>ﬁlius</strong></span> <span class='ocrx_word' id='word_1_38' title='bbox 1841 872 1924 916; x_wconf 91' lang='lat' dir='ltr'><strong>est</strong></span> <span class='ocrx_word' id='word_1_39' title='bbox 1970 871 2024 917; x_wconf 90' lang='lat' dir='ltr'><strong>et</strong></span> <span class='ocrx_word' id='word_1_40' title='bbox 2057 863 2235 916; x_wconf 70' lang='lat' dir='ltr'><strong>Penim</strong></span> 
     </span>
    </p>
   </div>
   <div class='ocr_carea' id='block_1_8' title="bbox 687 955 2232 1026">
    <p class='ocr_par' dir='ltr' id='par_1_8' title="bbox 687 955 2232 1026">
     <span class='ocr_line' id='line_1_8' title="bbox 687 955 2232 1026; baseline -0.005 -12"><span class='ocrx_word' id='word_1_41' title='bbox 687 959 912 1026; x_wconf 86' lang='lat' dir='ltr'><strong>Cupido,</strong></span> <span class='ocrx_word' id='word_1_42' title='bbox 941 958 1082 1012; x_wconf 89' lang='lat' dir='ltr'><strong>hanc</strong></span> <span class='ocrx_word' id='word_1_43' title='bbox 1134 959 1353 1012; x_wconf 89' lang='lat' dir='ltr'><strong>sortitus</strong></span> <span class='ocrx_word' id='word_1_44' title='bbox 1381 968 1463 1011; x_wconf 88' lang='lat' dir='ltr'><strong>est</strong></span> <span class='ocrx_word' id='word_1_45' title='bbox 1501 957 1746 1011; x_wconf 90' lang='lat' dir='ltr'><strong>indolem.</strong></span> <span class='ocrx_word' id='word_1_46' title='bbox 1792 955 2015 1023; x_wconf 89' lang='lat' dir='ltr'><strong>Semper</strong></span> <span class='ocrx_word' id='word_1_47' title='bbox 2049 969 2232 1024; x_wconf 85' lang='lat' dir='ltr'><strong>egens,</strong></span> 
     </span>
    </p>
   </div>
   <div class='ocr_carea' id='block_1_9' title="bbox 690 1041 2233 1112">
    <p class='ocr_par' dir='ltr' id='par_1_9' title="bbox 690 1041 2233 1112">
     <span class='ocr_line' id='line_1_9' title="bbox 690 1041 2233 1112; baseline -0.003 -11"><span class='ocrx_word' id='word_1_48' title='bbox 690 1047 918 1101; x_wconf 87' lang='lat' dir='ltr'><strong>multum</strong></span> <span class='ocrx_word' id='word_1_49' title='bbox 965 1047 1116 1099; x_wconf 90' lang='lat' dir='ltr'><strong>abest</strong></span> <span class='ocrx_word' id='word_1_50' title='bbox 1155 1055 1214 1098; x_wconf 92' lang='lat' dir='ltr'><strong>ut</strong></span> <span class='ocrx_word' id='word_1_51' title='bbox 1249 1045 1476 1098; x_wconf 90' lang='lat' dir='ltr'><strong>tenellus</strong></span> <span class='ocrx_word' id='word_1_52' title='bbox 1502 1053 1556 1098; x_wconf 93' lang='lat' dir='ltr'><strong>et</strong></span> <span class='ocrx_word' id='word_1_53' title='bbox 1590 1044 1811 1112; x_wconf 86' lang='lat' dir='ltr'><strong>pulcher</strong></span> <span class='ocrx_word' id='word_1_54' title='bbox 1851 1044 1956 1106; x_wconf 92' lang='lat' dir='ltr'><strong>sit,</strong></span> <span class='ocrx_word' id='word_1_55' title='bbox 1987 1052 2046 1095; x_wconf 92' lang='lat' dir='ltr'><strong>ut</strong></span> <span class='ocrx_word' id='word_1_56' title='bbox 2085 1041 2233 1096; x_wconf 91' lang='lat' dir='ltr'><strong>multi</strong></span> 
     </span>
    </p>
   </div>
   <div class='ocr_carea' id='block_1_10' title="bbox 654 1134 2235 1207">
    <p class='ocr_par' dir='ltr' id='par_1_10' title="bbox 654 1134 2235 1207">
     <span class='ocr_line' id='line_1_10' title="bbox 654 1134 2235 1207; baseline -0.003 -17"><span class='ocrx_word' id='word_1_57' title='bbox 654 1141 658 1144; x_wconf 88' lang='grc'><strong>’</strong></span> <span class='ocrx_word' id='word_1_58' title='bbox 687 1148 877 1207; x_wconf 87' lang='lat' dir='ltr'><strong>putant</strong></span> <span class='ocrx_word' id='word_1_59' title='bbox 899 1179 912 1201; x_wconf 91' lang='lat'><strong>,</strong></span> <span class='ocrx_word' id='word_1_60' title='bbox 941 1138 1034 1192; x_wconf 74' lang='lat' dir='ltr'><strong>sed</strong></span> <span class='ocrx_word' id='word_1_61' title='bbox 1061 1139 1243 1192; x_wconf 91' lang='lat' dir='ltr'><strong>aridus</strong></span> <span class='ocrx_word' id='word_1_62' title='bbox 1265 1148 1376 1201; x_wconf 90' lang='lat' dir='ltr'><strong>est,</strong></span> <span class='ocrx_word' id='word_1_63' title='bbox 1411 1135 1664 1204; x_wconf 82' lang='lat' dir='ltr'><strong>squalore</strong></span> <span class='ocrx_word' id='word_1_64' title='bbox 1690 1135 1916 1199; x_wconf 79' lang='lat' dir='ltr'><strong>obsitus,</strong></span> <span class='ocrx_word' id='word_1_65' title='bbox 1949 1134 2108 1188; x_wconf 90' lang='lat' dir='ltr'><strong>nudis</strong></span> <span class='ocrx_word' id='word_1_66' title='bbox 2140 1150 2235 1202; x_wconf 58' lang='lat' dir='ltr'><strong>pe.</strong></span> 
     </span>
    </p>
   </div>
   <div class='ocr_carea' id='block_1_11' title="bbox 687 1225 2233 1298">
    <p class='ocr_par' dir='ltr' id='par_1_11' title="bbox 687 1225 2233 1298">
     <span class='ocr_line' id='line_1_11' title="bbox 687 1225 2233 1298; baseline -0.003 -15"><span class='ocrx_word' id='word_1_67' title='bbox 687 1232 863 1292; x_wconf 89' lang='lat' dir='ltr'><strong>dibus,</strong></span> <span class='ocrx_word' id='word_1_68' title='bbox 892 1233 1044 1298; x_wconf 89' lang='lat' dir='ltr'><strong>inops</strong></span> <span class='ocrx_word' id='word_1_69' title='bbox 1066 1240 1120 1284; x_wconf 87' lang='lat' dir='ltr'><strong>et</strong></span> <span class='ocrx_word' id='word_1_70' title='bbox 1146 1229 1276 1282; x_wconf 89' lang='lat' dir='ltr'><strong>laris</strong></span> <span class='ocrx_word' id='word_1_71' title='bbox 1305 1237 1358 1281; x_wconf 91' lang='lat' dir='ltr'><strong>et</strong></span> <span class='ocrx_word' id='word_1_72' title='bbox 1384 1226 1566 1289; x_wconf 80' lang='lat' dir='ltr'><strong>fundi,</strong></span> <span class='ocrx_word' id='word_1_73' title='bbox 1607 1227 1752 1280; x_wconf 91' lang='lat' dir='ltr'><strong>humi</strong></span> <span class='ocrx_word' id='word_1_74' title='bbox 1779 1240 1991 1292; x_wconf 89' lang='lat' dir='ltr'><strong>semper</strong></span> <span class='ocrx_word' id='word_1_75' title='bbox 2007 1225 2233 1288; x_wconf 84' lang='lat' dir='ltr'><strong>cubans,</strong></span> 
     </span>
    </p>
   </div>
   <div class='ocr_carea' id='block_1_12' title="bbox 688 1315 2234 1383">
    <p class='ocr_par' dir='ltr' id='par_1_12' title="bbox 688 1315 2234 1383">
     <span class='ocr_line' id='line_1_12' title="bbox 688 1315 2234 1383; baseline -0.005 -8"><span class='ocrx_word' id='word_1_76' title='bbox 688 1322 806 1375; x_wconf 88' lang='lat' dir='ltr'><strong>sine</strong></span> <span class='ocrx_word' id='word_1_77' title='bbox 850 1322 1056 1380; x_wconf 84' lang='lat' dir='ltr'><strong>stratis.</strong></span> <span class='ocrx_word' id='word_1_78' title='bbox 1084 1320 1149 1373; x_wconf 90' lang='lat' dir='ltr'><strong>ad</strong></span> <span class='ocrx_word' id='word_1_79' title='bbox 1175 1319 1336 1381; x_wconf 81' lang='lat' dir='ltr'><strong>fores,</strong></span> <span class='ocrx_word' id='word_1_80' title='bbox 1366 1319 1415 1371; x_wconf 93' lang='lat' dir='ltr'><strong>in</strong></span> <span class='ocrx_word' id='word_1_81' title='bbox 1447 1318 1571 1383; x_wconf 86' lang='lat' dir='ltr'><strong>viis,</strong></span> <span class='ocrx_word' id='word_1_82' title='bbox 1601 1317 1700 1370; x_wconf 85' lang='lat' dir='ltr'><strong>sub</strong></span> <span class='ocrx_word' id='word_1_83' title='bbox 1729 1315 1837 1370; x_wconf 89' lang='lat' dir='ltr'><strong>dio.</strong></span> <span class='ocrx_word' id='word_1_84' title='bbox 1870 1315 2024 1368; x_wconf 80' lang='lat' dir='ltr'><strong>Matri</strong></span> <span class='ocrx_word' id='word_1_85' title='bbox 2048 1325 2234 1367; x_wconf 85' lang='lat' dir='ltr'><strong>natura</strong></span> 
     </span>
    </p>
   </div>
   <div class='ocr_carea' id='block_1_13' title="bbox 687 1405 2237 1479">
    <p class='ocr_par' dir='ltr' id='par_1_13' title="bbox 687 1405 2237 1479">
     <span class='ocr_line' id='line_1_13' title="bbox 687 1405 2237 1479; baseline -0.003 -16"><span class='ocrx_word' id='word_1_86' title='bbox 687 1426 900 1479; x_wconf 83' lang='lat' dir='ltr'><strong>semper</strong></span> <span class='ocrx_word' id='word_1_87' title='bbox 927 1411 1149 1472; x_wconf 88' lang='lat' dir='ltr'><strong>similis,</strong></span> <span class='ocrx_word' id='word_1_88' title='bbox 1189 1409 1427 1463; x_wconf 86' lang='lat' dir='ltr'><strong>omnium</strong></span> <span class='ocrx_word' id='word_1_89' title='bbox 1462 1409 1685 1476; x_wconf 81' lang='lat' dir='ltr'><strong>indiget.</strong></span> <span class='ocrx_word' id='word_1_90' title='bbox 1729 1406 1825 1460; x_wconf 77' lang='lat' dir='ltr'><strong>His</strong></span> <span class='ocrx_word' id='word_1_91' title='bbox 1859 1418 2036 1458; x_wconf 89' lang='lat' dir='ltr'><strong>autem</strong></span> <span class='ocrx_word' id='word_1_92' title='bbox 2074 1405 2237 1458; x_wconf 76' lang='lat' dir='ltr'><strong>refert</strong></span> 
     </span>
    </p>
   </div>
   <div class='ocr_carea' id='block_1_14' title="bbox 685 1495 2232 1572">
    <p class='ocr_par' dir='ltr' id='par_1_14' title="bbox 685 1495 2232 1572">
     <span class='ocr_line' id='line_1_14' title="bbox 685 1495 2232 1572; baseline -0.006 -14"><span class='ocrx_word' id='word_1_93' title='bbox 685 1515 914 1572; x_wconf 87' lang='lat' dir='ltr'><strong>patrem.</strong></span> <span class='ocrx_word' id='word_1_94' title='bbox 944 1502 1194 1555; x_wconf 67' lang='lat' dir='ltr'><strong>Pulc’hris</strong></span> <span class='ocrx_word' id='word_1_95' title='bbox 1225 1499 1573 1567; x_wconf 79' lang='lat' dir='ltr'><strong>hoaestisque</strong></span> <span class='ocrx_word' id='word_1_96' title='bbox 1600 1498 1762 1552; x_wconf 85' lang='lat' dir='ltr'><strong>struit</strong></span> <span class='ocrx_word' id='word_1_97' title='bbox 1790 1497 2036 1561; x_wconf 72' lang='lat' dir='ltr'><strong>insidias,</strong></span> <span class='ocrx_word' id='word_1_98' title='bbox 2060 1495 2232 1560; x_wconf 83' lang='lat' dir='ltr'><strong>fortis,</strong></span> 
     </span>
    </p>
   </div>
   <div class='ocr_carea' id='block_1_15' title="bbox 684 1587 2236 1660">
    <p class='ocr_par' dir='ltr' id='par_1_15' title="bbox 684 1587 2236 1660">
     <span class='ocr_line' id='line_1_15' title="bbox 684 1587 2236 1660; baseline -0.005 -13"><span class='ocrx_word' id='word_1_99' title='bbox 684 1596 880 1657; x_wconf 79' lang='lat' dir='ltr'><strong>audax,</strong></span> <span class='ocrx_word' id='word_1_100' title='bbox 901 1593 1097 1645; x_wconf 88' lang='lat' dir='ltr'><strong>laboris</strong></span> <span class='ocrx_word' id='word_1_101' title='bbox 1117 1592 1561 1660; x_wconf 88' lang='lat' dir='ltr'><strong>patientissimus,</strong></span> <span class='ocrx_word' id='word_1_102' title='bbox 1584 1599 1813 1653; x_wconf 84' lang='lat' dir='ltr'><strong>venator</strong></span> <span class='ocrx_word' id='word_1_103' title='bbox 1825 1587 2064 1652; x_wconf 84' lang='lat' dir='ltr'><strong>callidus,</strong></span> <span class='ocrx_word' id='word_1_104' title='bbox 2091 1589 2236 1640; x_wconf 82' lang='lat' dir='ltr'><strong>teelt-</strong></span> 
     </span>
    </p>
   </div>
   <div class='ocr_carea' id='block_1_16' title="bbox 684 1679 2236 1752">
    <p class='ocr_par' dir='ltr' id='par_1_16' title="bbox 684 1679 2236 1752">
     <span class='ocr_line' id='line_1_16' title="bbox 684 1679 2236 1752; baseline -0.003 -16"><span class='ocrx_word' id='word_1_105' title='bbox 684 1699 874 1737; x_wconf 89' lang='lat' dir='ltr'><strong>narum</strong></span> <span class='ocrx_word' id='word_1_106' title='bbox 903 1693 1188 1752; x_wconf 83' lang='lat' dir='ltr'><strong>perpetuus</strong></span> <span class='ocrx_word' id='word_1_107' title='bbox 1218 1683 1414 1735; x_wconf 74' lang='lat' dir='ltr'><strong>artil‘ex</strong></span> <span class='ocrx_word' id='word_1_108' title='bbox 1433 1722 1444 1742; x_wconf 93' lang='lat'><strong>,</strong></span> <span class='ocrx_word' id='word_1_109' title='bbox 1483 1682 1534 1732; x_wconf 89' lang='lat' dir='ltr'><strong>in</strong></span> <span class='ocrx_word' id='word_1_110' title='bbox 1562 1679 1770 1747; x_wconf 80' lang='lat' dir='ltr'><strong>agendo</strong></span> <span class='ocrx_word' id='word_1_111' title='bbox 1794 1687 2004 1740; x_wconf 88' lang='lat' dir='ltr'><strong>cautus,</strong></span> <span class='ocrx_word' id='word_1_112' title='bbox 2026 1679 2236 1748; x_wconf 83' lang='lat' dir='ltr'><strong>ingenio</strong></span> 
     </span>
    </p>
   </div>
   <div class='ocr_carea' id='block_1_17' title="bbox 685 1767 2238 1838">
    <p class='ocr_par' dir='ltr' id='par_1_17' title="bbox 685 1767 2238 1838">
     <span class='ocr_line' id='line_1_17' title="bbox 685 1767 2238 1838; baseline -0.005 -9"><span class='ocrx_word' id='word_1_113' title='bbox 685 1777 896 1829; x_wconf 79' lang='lat' dir='ltr'><strong>facilem</strong></span> <span class='ocrx_word' id='word_1_114' title='bbox 922 1777 986 1828; x_wconf 92' lang='lat' dir='ltr'><strong>ad</strong></span> <span class='ocrx_word' id='word_1_115' title='bbox 1006 1774 1304 1828; x_wconf 76' lang='lat' dir='ltr'><strong>omnia‘sibi</strong></span> <span class='ocrx_word' id='word_1_116' title='bbox 1334 1774 1470 1823; x_wconf 75' lang='lat' dir='ltr'><strong>viam</strong></span> <span class='ocrx_word' id='word_1_117' title='bbox 1495 1777 1745 1838; x_wconf 76' lang='lat' dir='ltr'><strong>parante,</strong></span> <span class='ocrx_word' id='word_1_118' title='bbox 1772 1767 2114 1836; x_wconf 87' lang='lat' dir='ltr'><strong>philosophus</strong></span> <span class='ocrx_word' id='word_1_119' title='bbox 2143 1784 2238 1836; x_wconf 91' lang='lat' dir='ltr'><strong>per</strong></span> 
     </span>
    </p>
   </div>
   <div class='ocr_carea' id='block_1_18' title="bbox 685 1859 2226 1933">
    <p class='ocr_par' dir='ltr' id='par_1_18' title="bbox 685 1859 2226 1933">
     <span class='ocr_line' id='line_1_18' title="bbox 685 1859 2226 1933; baseline -0.006 -14"><span class='ocrx_word' id='word_1_120' title='bbox 685 1875 846 1920; x_wconf 91' lang='lat' dir='ltr'><strong>lotam</strong></span> <span class='ocrx_word' id='word_1_121' title='bbox 875 1867 1059 1927; x_wconf 84' lang='lat' dir='ltr'><strong>vitam,</strong></span> <span class='ocrx_word' id='word_1_122' title='bbox 1097 1863 1460 1933; x_wconf 71' lang='lat' dir='ltr'><strong>praestigiator</strong></span> <span class='ocrx_word' id='word_1_123' title='bbox 1494 1859 1664 1924; x_wconf 77' lang='lat' dir='ltr'><strong>vafer,</strong></span> <span class='ocrx_word' id='word_1_124' title='bbox 1698 1859 2010 1921; x_wconf 83' lang='lat' dir='ltr'><strong>circulator,</strong></span> <span class='ocrx_word' id='word_1_125' title='bbox 2040 1859 2226 1926; x_wconf 87' lang='lat' dir='ltr'><strong>sophi-</strong></span> 
     </span>
    </p>
   </div>
   <div class='ocr_carea' id='block_1_19' title="bbox 2332 765 3900 839">
    <p class='ocr_par' dir='ltr' id='par_1_19' title="bbox 2332 765 3900 839">
     <span class='ocr_line' id='line_1_19' title="bbox 2332 765 3900 839; baseline 0.001 -21"><span class='ocrx_word' id='word_1_126' title='bbox 2332 766 2617 829; x_wconf 85' lang='grc' dir='ltr'>ἀκόλουθος</span> <span class='ocrx_word' id='word_1_127' title='bbox 2667 765 2915 837; x_wconf 84' lang='grc' dir='ltr'><strong>θεράπων</strong></span> <span class='ocrx_word' id='word_1_128' title='bbox 2947 767 3166 834; x_wconf 84' lang='grc' dir='ltr'>γέγονεν</span> <span class='ocrx_word' id='word_1_129' title='bbox 3202 769 3231 819; x_wconf 99' lang='lat'><strong>6</strong></span> <span class='ocrx_word' id='word_1_130' title='bbox 3258 768 3468 836; x_wconf 84' lang='grc' dir='ltr'><strong>Ἔρως,</strong></span> <span class='ocrx_word' id='word_1_131' title='bbox 3513 768 3794 839; x_wconf 71' lang='grc' dir='ltr'>γεννηθεὶς</span> <span class='ocrx_word' id='word_1_132' title='bbox 3837 768 3900 820; x_wconf 84' lang='grc' dir='ltr'><strong>ἐν</strong></span> 
     </span>
    </p>
   </div>
   <div class='ocr_carea' id='block_1_20' title="bbox 2330 856 3899 928">
    <p class='ocr_par' dir='ltr' id='par_1_20' title="bbox 2330 856 3899 928">
     <span class='ocr_line' id='line_1_20' title="bbox 2330 856 3899 928; baseline 0.001 -21"><span class='ocrx_word' id='word_1_133' title='bbox 2330 859 2442 919; x_wconf 88' lang='grc' dir='ltr'>τοῖς</span> <span class='ocrx_word' id='word_1_134' title='bbox 2469 857 2680 926; x_wconf 78' lang='grc' dir='ltr'><strong>ἐκείνης</strong></span> <span class='ocrx_word' id='word_1_135' title='bbox 2719 857 3010 922; x_wconf 79' lang='grc' dir='ltr'>γενεθλίοις</span> <span class='ocrx_word' id='word_1_136' title='bbox 3033 856 3174 927; x_wconf 70' lang='grc'>(48)·</span> <span class='ocrx_word' id='word_1_137' title='bbox 3205 857 3297 910; x_wconf 75' lang='grc' dir='ltr'>καὶ</span> <span class='ocrx_word' id='word_1_138' title='bbox 3329 857 3445 927; x_wconf 77' lang='grc' dir='ltr'><strong>ἅμα</strong></span> <span class='ocrx_word' id='word_1_139' title='bbox 3476 857 3634 926; x_wconf 82' lang='grc' dir='ltr'>φύσει</span> <span class='ocrx_word' id='word_1_140' title='bbox 3661 856 3899 928; x_wconf 71' lang='grc' dir='ltr'>ἐραστὴς</span> 
     </span>
    </p>
   </div>
   <div class='ocr_carea' id='block_1_21' title="bbox 2331 933 3896 1020">
    <p class='ocr_par' dir='ltr' id='par_1_21' title="bbox 2331 933 3896 1020">
     <span class='ocr_line' id='line_1_21' title="bbox 2331 933 3896 1020; baseline 0 -18"><span class='ocrx_word' id='word_1_141' title='bbox 2331 948 2406 1018; x_wconf 78' lang='grc' dir='ltr'>ὣν</span> <span class='ocrx_word' id='word_1_142' title='bbox 2431 950 2556 1019; x_wconf 79' lang='grc' dir='ltr'>περὶ</span> <span class='ocrx_word' id='word_1_143' title='bbox 2581 950 2638 1001; x_wconf 88' lang='grc' dir='ltr'><strong>τὸ</strong></span> <span class='ocrx_word' id='word_1_144' title='bbox 2673 949 2853 1012; x_wconf 71' lang='grc' dir='ltr'>καλὸν,</span> <span class='ocrx_word' id='word_1_145' title='bbox 2883 951 2974 1002; x_wconf 67' lang='grc' dir='ltr'>καὶ</span> <span class='ocrx_word' id='word_1_146' title='bbox 3001 949 3100 1018; x_wconf 79' lang='grc' dir='ltr'>τῆς</span> <span class='ocrx_word' id='word_1_147' title='bbox 3147 948 3460 1020; x_wconf 84' lang='grc' dir='ltr'>Ἀφροδίτης</span> <span class='ocrx_word' id='word_1_148' title='bbox 3483 933 3671 1020; x_wconf 46' lang='grc' dir='ltr'>’καλῆς</span> <span class='ocrx_word' id='word_1_149' title='bbox 3703 948 3896 1017; x_wconf 75' lang='grc' dir='ltr'>οὔσης.</span> 
     </span>
    </p>
   </div>
   <div class='ocr_carea' id='block_1_22' title="bbox 2335 1037 3899 1112">
    <p class='ocr_par' dir='ltr' id='par_1_22' title="bbox 2335 1037 3899 1112">
     <span class='ocr_line' id='line_1_22' title="bbox 2335 1037 3899 1112; baseline 0.001 -20"><span class='ocrx_word' id='word_1_150' title='bbox 2335 1041 2464 1092; x_wconf 79' lang='grc' dir='ltr'><strong>Ἀτε</strong></span> <span class='ocrx_word' id='word_1_151' title='bbox 2510 1037 2601 1094; x_wconf 77' lang='grc' dir='ltr'>οὖν</span> <span class='ocrx_word' id='word_1_152' title='bbox 2648 1041 2824 1112; x_wconf 90' lang='grc' dir='ltr'>Πόρου</span> <span class='ocrx_word' id='word_1_153' title='bbox 2877 1045 2969 1095; x_wconf 74' lang='grc' dir='ltr'>καὶ</span> <span class='ocrx_word' id='word_1_154' title='bbox 3003 1042 3196 1104; x_wconf 81' lang='grc' dir='ltr'><strong>Πενίας</strong></span> <span class='ocrx_word' id='word_1_155' title='bbox 3249 1042 3358 1104; x_wconf 83' lang='grc' dir='ltr'>υίὸς</span> <span class='ocrx_word' id='word_1_156' title='bbox 3410 1040 3483 1096; x_wconf 81' lang='grc' dir='ltr'>ὢν</span> <span class='ocrx_word' id='word_1_157' title='bbox 3531 1044 3559 1093; x_wconf 93' lang='lat'><strong>6</strong></span> <span class='ocrx_word' id='word_1_158' title='bbox 3605 1043 3787 1111; x_wconf 85' lang='grc' dir='ltr'>Ἔρως</span> <span class='ocrx_word' id='word_1_159' title='bbox 3837 1043 3899 1093; x_wconf 85' lang='lat' dir='ltr'><strong>tv</strong></span> 
     </span>
    </p>
   </div>
   <div class='ocr_carea' id='block_1_23' title="bbox 2331 1133 3896 1206">
    <p class='ocr_par' dir='ltr' id='par_1_23' title="bbox 2331 1133 3896 1206">
     <span class='ocr_line' id='line_1_23' title="bbox 2331 1133 3896 1206; baseline -0.001 -20"><span class='ocrx_word' id='word_1_160' title='bbox 2331 1134 2550 1206; x_wconf 80' lang='grc' dir='ltr'>τοιαύτῃ</span> <span class='ocrx_word' id='word_1_161' title='bbox 2578 1134 2713 1206; x_wconf 79' lang='grc' dir='ltr'>τύχῃ</span> <span class='ocrx_word' id='word_1_162' title='bbox 2744 1135 3062 1205; x_wconf 81' lang='grc' dir='ltr'>καθέστηκε.</span> <span class='ocrx_word' id='word_1_163' title='bbox 3081 1133 3300 1205; x_wconf 79' lang='grc' dir='ltr'>Πρῶτον</span> <span class='ocrx_word' id='word_1_164' title='bbox 3326 1135 3420 1205; x_wconf 81' lang='grc' dir='ltr'>μὲν</span> <span class='ocrx_word' id='word_1_165' title='bbox 3444 1135 3608 1206; x_wconf 82' lang='grc' dir='ltr'>πένης</span> <span class='ocrx_word' id='word_1_166' title='bbox 3638 1135 3722 1187; x_wconf 85' lang='grc' dir='ltr'><strong>άεί</strong></span> <span class='ocrx_word' id='word_1_167' title='bbox 3754 1136 3896 1196; x_wconf 80' lang='grc' dir='ltr'>ἐστι,</span> 
     </span>
    </p>
   </div>
   <div class='ocr_carea' id='block_1_24' title="bbox 2331 1220 3898 1290">
    <p class='ocr_par' dir='ltr' id='par_1_24' title="bbox 2331 1220 3898 1290">
     <span class='ocr_line' id='line_1_24' title="bbox 2331 1220 3898 1290; baseline 0.001 -14"><span class='ocrx_word' id='word_1_168' title='bbox 2331 1227 2424 1276; x_wconf 82' lang='grc' dir='ltr'>καὶ</span> <span class='ocrx_word' id='word_1_169' title='bbox 2450 1225 2642 1277; x_wconf 80' lang='grc' dir='ltr'>πολλοῦ</span> <span class='ocrx_word' id='word_1_170' title='bbox 2667 1226 2746 1278; x_wconf 83' lang='grc' dir='ltr'><strong>δεῖ</strong></span> <span class='ocrx_word' id='word_1_171' title='bbox 2767 1226 2969 1289; x_wconf 78' lang='grc' dir='ltr'>ἁπαλός</span> <span class='ocrx_word' id='word_1_172' title='bbox 3005 1244 3064 1278; x_wconf 90' lang='grc' dir='ltr'><strong>τε</strong></span> <span class='ocrx_word' id='word_1_173' title='bbox 3104 1226 3197 1279; x_wconf 80' lang='grc' dir='ltr'><strong>καὶ</strong></span> <span class='ocrx_word' id='word_1_174' title='bbox 3228 1225 3421 1290; x_wconf 81' lang='grc' dir='ltr'>καλὸς,</span> <span class='ocrx_word' id='word_1_175' title='bbox 3467 1220 3574 1279; x_wconf 78' lang='grc' dir='ltr'>οἷον</span> <span class='ocrx_word' id='word_1_176' title='bbox 3621 1228 3668 1278; x_wconf 81' lang='grc' dir='ltr'>οἱ</span> <span class='ocrx_word' id='word_1_177' title='bbox 3711 1225 3898 1277; x_wconf 80' lang='grc' dir='ltr'>πολλοὶ</span> 
     </span>
    </p>
   </div>
   <div class='ocr_carea' id='block_1_25' title="bbox 2327 1307 3896 1390">
    <p class='ocr_par' dir='ltr' id='par_1_25' title="bbox 2327 1307 3896 1390">
     <span class='ocr_line' id='line_1_25' title="bbox 2327 1307 3896 1390; baseline 0 -21"><span class='ocrx_word' id='word_1_178' title='bbox 2327 1317 2554 1380; x_wconf 78' lang='grc' dir='ltr'>οἴονται,</span> <span class='ocrx_word' id='word_1_179' title='bbox 2581 1319 2712 1371; x_wconf 88' lang='grc' dir='ltr'><strong>ἀλλά</strong></span> <span class='ocrx_word' id='word_1_180' title='bbox 2733 1307 2872 1388; x_wconf 77' lang='grc' dir='ltr'>σκλη</span> <span class='ocrx_word' id='word_1_181' title='bbox 2883 1309 2970 1390; x_wconf 79' lang='grc' dir='ltr'><strong>ρὸς</strong></span> <span class='ocrx_word' id='word_1_182' title='bbox 3004 1320 3096 1372; x_wconf 70' lang='grc' dir='ltr'>καὶ</span> <span class='ocrx_word' id='word_1_183' title='bbox 3127 1319 3408 1390; x_wconf 81' lang='grc' dir='ltr'>αὐχμηρὸς</span> <span class='ocrx_word' id='word_1_184' title='bbox 3445 1319 3536 1371; x_wconf 78' lang='grc' dir='ltr'><strong>καὶ</strong></span> <span class='ocrx_word' id='word_1_185' title='bbox 3561 1318 3896 1386; x_wconf 81' lang='grc' dir='ltr'>ἀνυπόδητος</span> 
     </span>
    </p>
   </div>
   <div class='ocr_carea' id='block_1_26' title="bbox 2333 1405 3921 1477">
    <p class='ocr_par' dir='ltr' id='par_1_26' title="bbox 2333 1405 3921 1477">
     <span class='ocr_line' id='line_1_26' title="bbox 2333 1405 3921 1477; baseline -0.003 -18"><span class='ocrx_word' id='word_1_186' title='bbox 2333 1408 2426 1459; x_wconf 61' lang='grc' dir='ltr'><strong>καὶ⁵</strong></span> <span class='ocrx_word' id='word_1_187' title='bbox 2453 1408 2632 1470; x_wconf 81' lang='grc' dir='ltr'><strong>ἄοικος</strong></span> <span class='ocrx_word' id='word_1_188' title='bbox 2655 1447 2669 1470; x_wconf 89' lang='grc'><strong>,</strong></span> <span class='ocrx_word' id='word_1_189' title='bbox 2714 1408 3052 1477; x_wconf 76' lang='grc' dir='ltr'><strong>χαμαιπετὴς</strong></span> <span class='ocrx_word' id='word_1_190' title='bbox 3093 1408 3179 1460; x_wconf 76' lang='grc' dir='ltr'>ἀεὶ</span> <span class='ocrx_word' id='word_1_191' title='bbox 3216 1407 3312 1471; x_wconf 84' lang='grc' dir='ltr'><strong>ὢν,</strong></span> <span class='ocrx_word' id='word_1_192' title='bbox 3354 1407 3446 1459; x_wconf 80' lang='grc' dir='ltr'>καὶ</span> <span class='ocrx_word' id='word_1_193' title='bbox 3473 1407 3768 1477; x_wconf 77' lang='grc' dir='ltr'><strong>ἄστρωτος,</strong></span> <span class='ocrx_word' id='word_1_194' title='bbox 3799 1405 3921 1456; x_wconf 80' lang='grc' dir='ltr'>ἐπὶ,</span> 
     </span>
    </p>
   </div>
   <div class='ocr_carea' id='block_1_27' title="bbox 2333 1495 3897 1572">
    <p class='ocr_par' dir='ltr' id='par_1_27' title="bbox 2333 1495 3897 1572">
     <span class='ocr_line' id='line_1_27' title="bbox 2333 1495 3897 1572; baseline 0.003 -19"><span class='ocrx_word' id='word_1_195' title='bbox 2333 1501 2520 1572; x_wconf 88' lang='grc' dir='ltr'>θύραις</span> <span class='ocrx_word' id='word_1_196' title='bbox 2555 1502 2648 1552; x_wconf 75' lang='grc' dir='ltr'><strong>καὶ</strong></span> <span class='ocrx_word' id='word_1_197' title='bbox 2681 1503 2738 1552; x_wconf 81' lang='grc' dir='ltr'><strong>ἐν</strong></span> <span class='ocrx_word' id='word_1_198' title='bbox 2767 1501 2902 1563; x_wconf 84' lang='grc' dir='ltr'>ὁδοῖς</span> <span class='ocrx_word' id='word_1_199' title='bbox 2934 1500 3213 1571; x_wconf 83' lang='grc' dir='ltr'>ὑπαίθριος</span> <span class='ocrx_word' id='word_1_200' title='bbox 3239 1498 3571 1570; x_wconf 79' lang='grc' dir='ltr'>κοιμώμενος</span> <span class='ocrx_word' id='word_1_201' title='bbox 3594 1515 3607 1527; x_wconf 88' lang='grc'><strong>·</strong></span> <span class='ocrx_word' id='word_1_202' title='bbox 3649 1498 3751 1568; x_wconf 83' lang='grc' dir='ltr'>τὴν</span> <span class='ocrx_word' id='word_1_203' title='bbox 3789 1495 3897 1564; x_wconf 81' lang='grc' dir='ltr'><strong>τῆς</strong></span> 
     </span>
    </p>
   </div>
   <div class='ocr_carea' id='block_1_28' title="bbox 2337 1586 3896 1663">
    <p class='ocr_par' dir='ltr' id='par_1_28' title="bbox 2337 1586 3896 1663">
     <span class='ocr_line' id='line_1_28' title="bbox 2337 1586 3896 1663; baseline 0.001 -20"><span class='ocrx_word' id='word_1_204' title='bbox 2337 1593 2539 1663; x_wconf 74' lang='grc' dir='ltr'>μητρὸς</span> <span class='ocrx_word' id='word_1_205' title='bbox 2568 1593 2726 1661; x_wconf 90' lang='grc' dir='ltr'>φύσιν</span> <span class='ocrx_word' id='word_1_206' title='bbox 2753 1592 2910 1661; x_wconf 78' lang='grc' dir='ltr'>ἔχων,</span> <span class='ocrx_word' id='word_1_207' title='bbox 2945 1594 3029 1646; x_wconf 76' lang='grc' dir='ltr'><strong>ἀεὶ</strong></span> <span class='ocrx_word' id='word_1_208' title='bbox 3054 1594 3229 1663; x_wconf 79' lang='grc' dir='ltr'>ἐνδείᾳ</span> <span class='ocrx_word' id='word_1_209' title='bbox 3260 1593 3515 1659; x_wconf 82' lang='grc' dir='ltr'>ξύνοικος.</span> <span class='ocrx_word' id='word_1_210' title='bbox 3548 1591 3705 1644; x_wconf 84' lang='grc' dir='ltr'>Κατά</span> <span class='ocrx_word' id='word_1_211' title='bbox 3732 1590 3777 1640; x_wconf 81' lang='grc' dir='ltr'>δ’</span> <span class='ocrx_word' id='word_1_212' title='bbox 3820 1586 3896 1644; x_wconf 81' lang='grc' dir='ltr'>αὖ</span> 
     </span>
    </p>
   </div>
   <div class='ocr_carea' id='block_1_29' title="bbox 2331 1682 3899 1754">
    <p class='ocr_par' dir='ltr' id='par_1_29' title="bbox 2331 1682 3899 1754">
     <span class='ocr_line' id='line_1_29' title="bbox 2331 1682 3899 1754; baseline -0.002 -18"><span class='ocrx_word' id='word_1_213' title='bbox 2331 1683 2422 1736; x_wconf 84' lang='grc' dir='ltr'><strong>τὸν</strong></span> <span class='ocrx_word' id='word_1_214' title='bbox 2447 1685 2656 1754; x_wconf 82' lang='grc' dir='ltr'>πατέρα</span> <span class='ocrx_word' id='word_1_215' title='bbox 2680 1684 2959 1747; x_wconf 80' lang='grc' dir='ltr'>ἐπίϐουλός</span> <span class='ocrx_word' id='word_1_216' title='bbox 2998 1685 3113 1737; x_wconf 85' lang='grc' dir='ltr'>ἐστι</span> <span class='ocrx_word' id='word_1_217' title='bbox 3135 1687 3246 1746; x_wconf 87' lang='grc' dir='ltr'>τοῖς</span> <span class='ocrx_word' id='word_1_218' title='bbox 3271 1683 3450 1745; x_wconf 85' lang='grc' dir='ltr'>καλοῖς</span> <span class='ocrx_word' id='word_1_219' title='bbox 3481 1682 3572 1735; x_wconf 77' lang='grc' dir='ltr'><strong>καὶ</strong></span> <span class='ocrx_word' id='word_1_220' title='bbox 3612 1686 3723 1745; x_wconf 80' lang='grc' dir='ltr'>τοῖς</span> <span class='ocrx_word' id='word_1_221' title='bbox 3755 1682 3899 1750; x_wconf 77' lang='grc' dir='ltr'>ἀγα-</span> 
     </span>
    </p>
   </div>
   <div class='ocr_carea' id='block_1_30' title="bbox 2336 1770 3897 1842">
    <p class='ocr_par' dir='ltr' id='par_1_30' title="bbox 2336 1770 3897 1842">
     <span class='ocr_line' id='line_1_30' title="bbox 2336 1770 3897 1842; baseline 0 -19"><span class='ocrx_word' id='word_1_222' title='bbox 2336 1771 2446 1833; x_wconf 84' lang='grc' dir='ltr'>θοῖς</span> <span class='ocrx_word' id='word_1_223' title='bbox 2465 1811 2478 1834; x_wconf 89' lang='grc'><strong>,</strong></span> <span class='ocrx_word' id='word_1_224' title='bbox 2505 1772 2744 1841; x_wconf 85' lang='grc' dir='ltr'>ἀνδρεῖος</span> <span class='ocrx_word' id='word_1_225' title='bbox 2765 1772 2860 1835; x_wconf 81' lang='grc' dir='ltr'><strong>ὢν,</strong></span> <span class='ocrx_word' id='word_1_226' title='bbox 2893 1773 2984 1825; x_wconf 75' lang='grc' dir='ltr'><strong>καὶ</strong></span> <span class='ocrx_word' id='word_1_227' title='bbox 3012 1771 3128 1842; x_wconf 76' lang='grc' dir='ltr'>ἴτης</span> <span class='ocrx_word' id='word_1_228' title='bbox 3151 1811 3166 1835; x_wconf 93' lang='grc'><strong>,</strong></span> <span class='ocrx_word' id='word_1_229' title='bbox 3194 1772 3288 1824; x_wconf 73' lang='grc' dir='ltr'><strong>καὶ</strong></span> <span class='ocrx_word' id='word_1_230' title='bbox 3314 1771 3557 1835; x_wconf 78' lang='grc' dir='ltr'>σύντονος</span> <span class='ocrx_word' id='word_1_231' title='bbox 3575 1788 3587 1800; x_wconf 90' lang='grc'><strong>·</strong></span> <span class='ocrx_word' id='word_1_232' title='bbox 3619 1770 3897 1840; x_wconf 73' lang='grc' dir='ltr'>θηρευτὴς</span> 
     </span>
    </p>
   </div>
   <div class='ocr_carea' id='block_1_31' title="bbox 2334 1862 3898 1934">
    <p class='ocr_par' dir='ltr' id='par_1_31' title="bbox 2334 1862 3898 1934">
     <span class='ocr_line' id='line_1_31' title="bbox 2334 1862 3898 1934; baseline -0.001 -20"><span class='ocrx_word' id='word_1_233' title='bbox 2334 1862 2533 1925; x_wconf 84' lang='grc' dir='ltr'>δεινὸς,</span> <span class='ocrx_word' id='word_1_234' title='bbox 2582 1863 2667 1915; x_wconf 79' lang='grc' dir='ltr'>ἀεὶ</span> <span class='ocrx_word' id='word_1_235' title='bbox 2711 1863 3062 1933; x_wconf 83' lang='grc' dir='ltr'>προσπλέκων</span> <span class='ocrx_word' id='word_1_236' title='bbox 3110 1863 3390 1934; x_wconf 81' lang='grc' dir='ltr'>μηχανάς’</span> <span class='ocrx_word' id='word_1_237' title='bbox 3442 1863 3535 1914; x_wconf 76' lang='grc' dir='ltr'><strong>καὶ</strong></span> <span class='ocrx_word' id='word_1_238' title='bbox 3579 1863 3898 1931; x_wconf 78' lang='grc' dir='ltr'>φρονήσεως</span> 
     </span>
    </p>
   </div>
   <div class='ocr_carea' id='block_1_32' title="bbox 683 1950 2234 2027">
    <p class='ocr_par' dir='ltr' id='par_1_32' title="bbox 683 1950 2234 2023">
     <span class='ocr_line' id='line_1_32' title="bbox 683 1950 2234 2023; baseline -0.003 -14"><span class='ocrx_word' id='word_1_239' title='bbox 683 1968 786 2009; x_wconf 88' lang='lat' dir='ltr'><strong>sta.</strong></span> <span class='ocrx_word' id='word_1_240' title='bbox 816 1954 996 2023; x_wconf 83' lang='lat' dir='ltr'><strong>Neque</strong></span> <span class='ocrx_word' id='word_1_241' title='bbox 1028 1953 1343 2006; x_wconf 86' lang='lat' dir='ltr'><strong>immortalis</strong></span> <span class='ocrx_word' id='word_1_242' title='bbox 1363 1991 1377 2013; x_wconf 94' lang='lat'><strong>,</strong></span> <span class='ocrx_word' id='word_1_243' title='bbox 1403 1966 1576 2018; x_wconf 83' lang='lat' dir='ltr'><strong>neque</strong></span> <span class='ocrx_word' id='word_1_244' title='bbox 1615 1950 1887 2014; x_wconf 77' lang='lat' dir='ltr'><strong>mortalis;</strong></span> <span class='ocrx_word' id='word_1_245' title='bbox 1924 1953 2015 2004; x_wconf 86' lang='lat' dir='ltr'><strong>sed</strong></span> <span class='ocrx_word' id='word_1_246' title='bbox 2052 1951 2234 2004; x_wconf 86' lang='lat' dir='ltr'><strong>eadem</strong></span> 
     </span>
    </p>
   </div>
   <div class='ocr_carea' id='block_1_33' title="bbox 2334 1950 3896 2027">
    <p class='ocr_par' dir='ltr' id='par_1_33' title="bbox 2336 1952 3896 2027">
     <span class='ocr_line' id='line_1_33' title="bbox 2336 1952 3896 2027; baseline -0.001 -22"><span class='ocrx_word' id='word_1_247' title='bbox 2336 1953 2670 2024; x_wconf 83' lang='grc' dir='ltr'>ἐπιθυμητὴς</span> <span class='ocrx_word' id='word_1_248' title='bbox 2711 1957 2800 2006; x_wconf 74' lang='grc' dir='ltr'><strong>καὶ</strong></span> <span class='ocrx_word' id='word_1_249' title='bbox 2833 1955 3054 2027; x_wconf 67' lang='grc' dir='ltr'>πόριμος</span> <span class='ocrx_word' id='word_1_250' title='bbox 3081 1971 3096 1985; x_wconf 75' lang='grc' dir='ltr'><strong>ο</strong></span> <span class='ocrx_word' id='word_1_251' title='bbox 3121 1953 3422 2024; x_wconf 84' lang='grc' dir='ltr'>φιλοσοφῶν</span> <span class='ocrx_word' id='word_1_252' title='bbox 3448 1952 3532 2005; x_wconf 75' lang='grc' dir='ltr'>διὰ</span> <span class='ocrx_word' id='word_1_253' title='bbox 3571 1953 3768 2016; x_wconf 82' lang='grc' dir='ltr'>παντὸς</span> <span class='ocrx_word' id='word_1_254' title='bbox 3792 1952 3896 2004; x_wconf 79' lang='grc' dir='ltr'>τοῦ</span> 
     </span>
    </p>
   </div>
   <div class='ocr_carea' id='block_1_34' title="bbox 686 2013 2234 2116">
    <p class='ocr_par' dir='ltr' id='par_1_34' title="bbox 686 2041 2232 2112">
     <span class='ocr_line' id='line_1_34' title="bbox 686 2041 2232 2112; baseline -0.004 -12"><span class='ocrx_word' id='word_1_255' title='bbox 686 2048 772 2100; x_wconf 90' lang='lat' dir='ltr'><strong>die</strong></span> <span class='ocrx_word' id='word_1_256' title='bbox 805 2046 960 2098; x_wconf 83' lang='lat' dir='ltr'><strong>modo</strong></span> <span class='ocrx_word' id='word_1_257' title='bbox 991 2047 1132 2112; x_wconf 76' lang='lat' dir='ltr'><strong>viget</strong></span> <span class='ocrx_word' id='word_1_258' title='bbox 1160 2044 1420 2110; x_wconf 69' lang='lat' dir='ltr'><strong>vivitque,</strong></span> <span class='ocrx_word' id='word_1_259' title='bbox 1456 2057 1576 2094; x_wconf 89' lang='lat' dir='ltr'><strong>cum</strong></span> <span class='ocrx_word' id='word_1_260' title='bbox 1608 2042 1786 2094; x_wconf 87' lang='lat' dir='ltr'><strong>omnia</strong></span> <span class='ocrx_word' id='word_1_261' title='bbox 1814 2042 1880 2095; x_wconf 88' lang='lat' dir='ltr'><strong>ad</strong></span> <span class='ocrx_word' id='word_1_262' title='bbox 1908 2041 2232 2094; x_wconf 85' lang='lat' dir='ltr'><strong>voluntatem</strong></span> 
     </span>
    </p>
   </div>
   <div class='ocr_carea' id='block_1_35' title="bbox 2334 2013 3894 2116">
    <p class='ocr_par' dir='ltr' id='par_1_35' title="bbox 2339 2013 3894 2116">
     <span class='ocr_line' id='line_1_35' title="bbox 2339 2013 3894 2116; baseline -0.001 -22"><span class='ocrx_word' id='word_1_263' title='bbox 2339 2042 2451 2111; x_wconf 85' lang='grc' dir='ltr'>βίου</span> <span class='ocrx_word' id='word_1_264' title='bbox 2710 2045 2843 2114; x_wconf 78' lang='grc' dir='ltr'>γόης</span> <span class='ocrx_word' id='word_1_265' title='bbox 2869 2085 2883 2108; x_wconf 90' lang='grc'><strong>,</strong></span> <span class='ocrx_word' id='word_1_266' title='bbox 2901 2013 3017 2097; x_wconf 53' lang='grc' dir='ltr'>’καὶ</span> <span class='ocrx_word' id='word_1_267' title='bbox 3036 2013 3378 2116; x_wconf 67' lang='grc' dir='ltr'><strong>⁷φαρμ.ακεὺς</strong></span> <span class='ocrx_word' id='word_1_268' title='bbox 3398 2085 3412 2108; x_wconf 90' lang='grc'><strong>,</strong></span> <span class='ocrx_word' id='word_1_269' title='bbox 3460 2043 3551 2096; x_wconf 72' lang='grc' dir='ltr'><strong>καὶ</strong></span> <span class='ocrx_word' id='word_1_270' title='bbox 3596 2013 3855 2112; x_wconf 69' lang='grc' dir='ltr'>σοφιστής</span> <span class='ocrx_word' id='word_1_271' title='bbox 3877 2059 3894 2071; x_wconf 75' lang='grc' dir='ltr'><strong>ο</strong></span> 
     </span>
    </p>
   </div>
   <div class='ocr_carea' id='block_1_36' title="bbox 684 2133 2235 2202">
    <p class='ocr_par' dir='ltr' id='par_1_36' title="bbox 684 2133 2235 2202">
     <span class='ocr_line' id='line_1_36' title="bbox 684 2133 2235 2202; baseline -0.003 -12"><span class='ocrx_word' id='word_1_272' title='bbox 684 2138 884 2202; x_wconf 82' lang='lat' dir='ltr'><strong>ﬂuunt;</strong></span> <span class='ocrx_word' id='word_1_273' title='bbox 917 2139 1073 2189; x_wconf 87' lang='lat' dir='ltr'><strong>modo</strong></span> <span class='ocrx_word' id='word_1_274' title='bbox 1098 2136 1344 2198; x_wconf 90' lang='lat' dir='ltr'><strong>moritur,</strong></span> <span class='ocrx_word' id='word_1_275' title='bbox 1390 2149 1684 2201; x_wconf 86' lang='lat' dir='ltr'><strong>rursusque</strong></span> <span class='ocrx_word' id='word_1_276' title='bbox 1710 2133 1983 2187; x_wconf 76' lang='lat' dir='ltr'><strong>reviviseit</strong></span> <span class='ocrx_word' id='word_1_277' title='bbox 2018 2145 2235 2201; x_wconf 81' lang='lat' dir='ltr'><strong>propter</strong></span> 
     </span>
    </p>
   </div>
   <div class='ocr_carea' id='block_1_37' title="bbox 683 2224 2234 2297">
    <p class='ocr_par' dir='ltr' id='par_1_37' title="bbox 683 2224 2234 2297">
     <span class='ocr_line' id='line_1_37' title="bbox 683 2224 2234 2297; baseline -0.003 -18"><span class='ocrx_word' id='word_1_278' title='bbox 683 2229 856 2297; x_wconf 84' lang='lat' dir='ltr'><strong>patris</strong></span> <span class='ocrx_word' id='word_1_279' title='bbox 891 2238 1154 2280; x_wconf 82' lang='lat' dir='ltr'><strong>naturam.</strong></span> <span class='ocrx_word' id='word_1_280' title='bbox 1189 2226 1451 2278; x_wconf 67' lang='lat' dir='ltr'><strong>C(Blet‘um</strong></span> <span class='ocrx_word' id='word_1_281' title='bbox 1475 2227 1614 2293; x_wconf 89' lang='lat' dir='ltr'><strong>quod</strong></span> <span class='ocrx_word' id='word_1_282' title='bbox 1644 2235 1852 2292; x_wconf 87' lang='lat' dir='ltr'><strong>partum</strong></span> <span class='ocrx_word' id='word_1_283' title='bbox 1877 2224 1950 2277; x_wconf 91' lang='lat' dir='ltr'><strong>illi</strong></span> <span class='ocrx_word' id='word_1_284' title='bbox 1979 2234 2080 2288; x_wconf 84' lang='lat' dir='ltr'><strong>est,</strong></span> <span class='ocrx_word' id='word_1_285' title='bbox 2105 2238 2234 2277; x_wconf 88' lang='lat' dir='ltr'><strong>con-</strong></span> 
     </span>
    </p>
   </div>
   <div class='ocr_carea' id='block_1_38' title="bbox 683 2315 2231 2383">
    <p class='ocr_par' dir='ltr' id='par_1_38' title="bbox 683 2315 2231 2383">
     <span class='ocr_line' id='line_1_38' title="bbox 683 2315 2231 2383; baseline -0.003 -11"><span class='ocrx_word' id='word_1_286' title='bbox 683 2316 862 2372; x_wconf 80' lang='lat' dir='ltr'><strong>I&#39;estim</strong></span> <span class='ocrx_word' id='word_1_287' title='bbox 887 2317 1140 2382; x_wconf 86' lang='lat' dir='ltr'><strong>elabitur,</strong></span> <span class='ocrx_word' id='word_1_288' title='bbox 1176 2316 1246 2370; x_wconf 88' lang='lat' dir='ltr'><strong>ita</strong></span> <span class='ocrx_word' id='word_1_289' title='bbox 1279 2325 1335 2368; x_wconf 94' lang='lat' dir='ltr'><strong>ut</strong></span> <span class='ocrx_word' id='word_1_290' title='bbox 1363 2330 1458 2368; x_wconf 93' lang='lat' dir='ltr'><strong>nec</strong></span> <span class='ocrx_word' id='word_1_291' title='bbox 1493 2330 1692 2383; x_wconf 80' lang='lat' dir='ltr'><strong>pauper</strong></span> <span class='ocrx_word' id='word_1_292' title='bbox 1722 2329 1956 2383; x_wconf 82' lang='lat' dir='ltr'><strong>unquam</strong></span> <span class='ocrx_word' id='word_1_293' title='bbox 1989 2315 2098 2376; x_wconf 87' lang='lat' dir='ltr'><strong>sit,</strong></span> <span class='ocrx_word' id='word_1_294' title='bbox 2133 2327 2231 2367; x_wconf 88' lang='lat' dir='ltr'><strong>nec</strong></span> 
     </span>
    </p>
   </div>
   <div class='ocr_carea' id='block_1_39' title="bbox 685 2405 2229 2476">
    <p class='ocr_par' dir='ltr' id='par_1_39' title="bbox 685 2405 2229 2476">
     <span class='ocr_line' id='line_1_39' title="bbox 685 2405 2229 2476; baseline -0.003 -14"><span class='ocrx_word' id='word_1_295' title='bbox 685 2411 862 2472; x_wconf 85' lang='lat' dir='ltr'><strong>dives;</strong></span> <span class='ocrx_word' id='word_1_296' title='bbox 894 2410 1211 2476; x_wconf 82' lang='lat' dir='ltr'><strong>sapientiam</strong></span> <span class='ocrx_word' id='word_1_297' title='bbox 1243 2418 1418 2460; x_wconf 90' lang='lat' dir='ltr'><strong>autem</strong></span> <span class='ocrx_word' id='word_1_298' title='bbox 1445 2407 1584 2459; x_wconf 89' lang='lat' dir='ltr'><strong>inter</strong></span> <span class='ocrx_word' id='word_1_299' title='bbox 1606 2414 1661 2458; x_wconf 91' lang='lat' dir='ltr'><strong>et</strong></span> <span class='ocrx_word' id='word_1_300' title='bbox 1687 2405 2042 2473; x_wconf 77' lang='lat' dir='ltr'><strong>ignorantiam</strong></span> <span class='ocrx_word' id='word_1_301' title='bbox 2069 2405 2229 2457; x_wconf 77' lang='lat' dir='ltr'><strong>veluti</strong></span> 
     </span>
    </p>
   </div>
   <div class='ocr_carea' id='block_1_40' title="bbox 686 2494 2232 2562">
    <p class='ocr_par' dir='ltr' id='par_1_40' title="bbox 686 2494 2232 2562">
     <span class='ocr_line' id='line_1_40' title="bbox 686 2494 2232 2562; baseline -0.003 -11"><span class='ocrx_word' id='word_1_302' title='bbox 686 2497 895 2551; x_wconf 77' lang='lat' dir='ltr'><strong>medius</strong></span> <span class='ocrx_word' id='word_1_303' title='bbox 923 2506 1024 2552; x_wconf 89' lang='lat' dir='ltr'><strong>est.</strong></span> <span class='ocrx_word' id='word_1_304' title='bbox 1054 2515 1073 2547; x_wconf 76' lang='grc' dir='ltr'><strong>ι</strong></span> <span class='ocrx_word' id='word_1_305' title='bbox 1116 2497 1172 2550; x_wconf 88' lang='lat' dir='ltr'><strong>In</strong></span> <span class='ocrx_word' id='word_1_306' title='bbox 1198 2497 1312 2550; x_wconf 72' lang='lat' dir='ltr'><strong>litec</strong></span> <span class='ocrx_word' id='word_1_307' title='bbox 1339 2497 1648 2562; x_wconf 85' lang='lat' dir='ltr'><strong>quicunque</strong></span> <span class='ocrx_word' id='word_1_308' title='bbox 1684 2495 1990 2557; x_wconf 81' lang='lat' dir='ltr'><strong>inciderint,</strong></span> <span class='ocrx_word' id='word_1_309' title='bbox 2021 2495 2063 2548; x_wconf 88' lang='lat' dir='ltr'><strong>si</strong></span> <span class='ocrx_word' id='word_1_310' title='bbox 2089 2494 2232 2547; x_wconf 78' lang='lat' dir='ltr'><strong>Celsi</strong></span> 
     </span>
    </p>
   </div>
   <div class='ocr_carea' id='block_1_41' title="bbox 687 2572 2231 2652">
    <p class='ocr_par' dir='ltr' id='par_1_41' title="bbox 687 2572 2231 2652">
     <span class='ocr_line' id='line_1_41' title="bbox 687 2572 2231 2652; baseline -0.002 -12"><span class='ocrx_word' id='word_1_311' title='bbox 687 2587 950 2640; x_wconf 88' lang='lat' dir='ltr'><strong>malitiam</strong></span> <span class='ocrx_word' id='word_1_312' title='bbox 979 2587 1279 2649; x_wconf 87' lang='lat' dir='ltr'><strong>imitentur,</strong></span> <span class='ocrx_word' id='word_1_313' title='bbox 1310 2586 1449 2652; x_wconf 88' lang='lat' dir='ltr'><strong>quod</strong></span> <span class='ocrx_word' id='word_1_314' title='bbox 1479 2600 1505 2636; x_wconf 89' lang='lat' dir='ltr'><strong>a</strong></span> <span class='ocrx_word' id='word_1_315' title='bbox 1531 2572 1855 2638; x_wconf 81' lang='lat' dir='ltr'><strong>Christianis</strong></span> <span class='ocrx_word' id='word_1_316' title='bbox 1881 2584 2041 2647; x_wconf 87' lang='lat' dir='ltr'><strong>absit,</strong></span> <span class='ocrx_word' id='word_1_317' title='bbox 2069 2586 2103 2636; x_wconf 92' lang='lat' dir='ltr'><strong>ii</strong></span> <span class='ocrx_word' id='word_1_318' title='bbox 2136 2585 2231 2637; x_wconf 88' lang='lat' dir='ltr'><strong>hu-</strong></span> 
     </span>
    </p>
   </div>
   <div class='ocr_carea' id='block_1_42' title="bbox 680 2660 2228 2745">
    <p class='ocr_par' dir='ltr' id='par_1_42' title="bbox 680 2660 2228 2745">
     <span class='ocr_line' id='line_1_42' title="bbox 680 2660 2228 2745; baseline -0.003 -14"><span class='ocrx_word' id='word_1_319' title='bbox 680 2660 914 2745; x_wconf 72' lang='lat' dir='ltr'><strong>iusmodi</strong></span> <span class='ocrx_word' id='word_1_320' title='bbox 953 2676 1186 2729; x_wconf 79' lang='lat' dir='ltr'><strong>fabulam</strong></span> <span class='ocrx_word' id='word_1_321' title='bbox 1211 2676 1530 2739; x_wconf 90' lang='lat' dir='ltr'><strong>irridebunl,</strong></span> <span class='ocrx_word' id='word_1_322' title='bbox 1562 2684 1615 2726; x_wconf 87' lang='lat' dir='ltr'><strong>et</strong></span> <span class='ocrx_word' id='word_1_323' title='bbox 1643 2673 1946 2734; x_wconf 84' lang='lat' dir='ltr'><strong>Platonem.</strong></span> <span class='ocrx_word' id='word_1_324' title='bbox 1977 2689 2228 2743; x_wconf 79' lang='lat' dir='ltr'><strong>magnum</strong></span> 
     </span>
    </p>
   </div>
   <div class='ocr_carea' id='block_1_43' title="bbox 687 2763 2232 2833">
    <p class='ocr_par' dir='ltr' id='par_1_43' title="bbox 687 2763 2232 2833">
     <span class='ocr_line' id='line_1_43' title="bbox 687 2763 2232 2833; baseline 0 -13"><span class='ocrx_word' id='word_1_325' title='bbox 687 2769 836 2820; x_wconf 91' lang='lat' dir='ltr'><strong>illum</strong></span> <span class='ocrx_word' id='word_1_326' title='bbox 870 2768 1066 2832; x_wconf 85' lang='lat' dir='ltr'><strong>virum,</strong></span> <span class='ocrx_word' id='word_1_327' title='bbox 1107 2768 1219 2820; x_wconf 87' lang='lat' dir='ltr'><strong>risu</strong></span> <span class='ocrx_word' id='word_1_328' title='bbox 1253 2765 1542 2833; x_wconf 78' lang='lat' dir='ltr'><strong>excipient.</strong></span> <span class='ocrx_word' id='word_1_329' title='bbox 1587 2763 1642 2817; x_wconf 91' lang='lat' dir='ltr'><strong>Si</strong></span> <span class='ocrx_word' id='word_1_330' title='bbox 1694 2773 1873 2818; x_wconf 88' lang='lat' dir='ltr'><strong>autem</strong></span> <span class='ocrx_word' id='word_1_331' title='bbox 1906 2764 2018 2818; x_wconf 63' lang='lat' dir='ltr'><strong>haec</strong></span> <span class='ocrx_word' id='word_1_332' title='bbox 2052 2765 2232 2832; x_wconf 87' lang='lat' dir='ltr'><strong>specie</strong></span> 
     </span>
    </p>
   </div>
   <div class='ocr_carea' id='block_1_44' title="bbox 593 2856 2230 2927">
    <p class='ocr_par' dir='ltr' id='par_1_44' title="bbox 593 2856 2230 2927">
     <span class='ocr_line' id='line_1_44' title="bbox 593 2856 2230 2927; baseline 0 -17"><span class='ocrx_word' id='word_1_333' title='bbox 593 2879 604 2893; x_wconf 83' lang='lat'><strong>-</strong></span> <span class='ocrx_word' id='word_1_334' title='bbox 687 2857 954 2922; x_wconf 79' lang='lat' dir='ltr'><strong>fabulosa,</strong></span> <span class='ocrx_word' id='word_1_335' title='bbox 983 2868 1042 2912; x_wconf 94' lang='lat' dir='ltr'><strong>ut</strong></span> <span class='ocrx_word' id='word_1_336' title='bbox 1066 2857 1411 2927; x_wconf 90' lang='lat' dir='ltr'><strong>philosophos</strong></span> <span class='ocrx_word' id='word_1_337' title='bbox 1430 2859 1581 2910; x_wconf 90' lang='lat' dir='ltr'><strong>decet</strong></span> <span class='ocrx_word' id='word_1_338' title='bbox 1602 2895 1618 2920; x_wconf 93' lang='lat'><strong>,</strong></span> <span class='ocrx_word' id='word_1_339' title='bbox 1649 2856 2000 2923; x_wconf 81' lang='lat' dir='ltr'><strong>inspicerent,</strong></span> <span class='ocrx_word' id='word_1_340' title='bbox 2028 2868 2083 2911; x_wconf 91' lang='lat' dir='ltr'><strong>et</strong></span> <span class='ocrx_word' id='word_1_341' title='bbox 2108 2857 2230 2910; x_wconf 84' lang='lat' dir='ltr'><strong>Pla-</strong></span> 
     </span>
    </p>
   </div>
   <div class='ocr_carea' id='block_1_45' title="bbox 690 2947 2234 3016">
    <p class='ocr_par' dir='ltr' id='par_1_45' title="bbox 690 2947 2234 3016">
     <span class='ocr_line' id='line_1_45' title="bbox 690 2947 2234 3016; baseline 0 -15"><span class='ocrx_word' id='word_1_342' title='bbox 690 2950 830 3002; x_wconf 89' lang='lat' dir='ltr'><strong>tonis</strong></span> <span class='ocrx_word' id='word_1_343' title='bbox 878 2959 1106 3002; x_wconf 88' lang='lat' dir='ltr'><strong>mentem</strong></span> <span class='ocrx_word' id='word_1_344' title='bbox 1153 2957 1370 3016; x_wconf 77' lang='lat' dir='ltr'><strong>possent</strong></span> <span class='ocrx_word' id='word_1_345' title='bbox 1393 2947 1828 3014; x_wconf 83' lang='lat' dir='ltr'><strong>deprehendere,</strong></span> <span class='ocrx_word' id='word_1_346' title='bbox 1877 2963 1983 3001; x_wconf 91' lang='lat' dir='ltr'><strong>non</strong></span> <span class='ocrx_word' id='word_1_347' title='bbox 2013 2957 2234 3016; x_wconf 86' lang='lat' dir='ltr'><strong>possent</strong></span> 
     </span>
    </p>
   </div>
   <div class='ocr_carea' id='block_1_46' title="bbox 686 3035 2230 3107">
    <p class='ocr_par' dir='ltr' id='par_1_46' title="bbox 686 3035 2230 3107">
     <span class='ocr_line' id='line_1_46' title="bbox 686 3035 2230 3107; baseline 0 -17"><span class='ocrx_word' id='word_1_348' title='bbox 686 3052 792 3091; x_wconf 90' lang='lat' dir='ltr'><strong>non</strong></span> <span class='ocrx_word' id='word_1_349' title='bbox 837 3038 1022 3092; x_wconf 80' lang='lat' dir='ltr'><strong>mirari</strong></span> <span class='ocrx_word' id='word_1_350' title='bbox 1078 3045 1276 3107; x_wconf 88' lang='lat' dir='ltr'><strong>quanta</strong></span> <span class='ocrx_word' id='word_1_351' title='bbox 1328 3036 1582 3099; x_wconf 90' lang='lat' dir='ltr'><strong>solertia,</strong></span> <span class='ocrx_word' id='word_1_352' title='bbox 1629 3035 1810 3103; x_wconf 85' lang='lat' dir='ltr'><strong>specie</strong></span> <span class='ocrx_word' id='word_1_353' title='bbox 1854 3035 2043 3089; x_wconf 71' lang='lat' dir='ltr'><strong>fabula:</strong></span> <span class='ocrx_word' id='word_1_354' title='bbox 2079 3051 2230 3104; x_wconf 89' lang='lat' dir='ltr'><strong>usus,</strong></span> 
     </span>
    </p>
   </div>
   <div class='ocr_carea' id='block_1_47' title="bbox 688 3126 2233 3198">
    <p class='ocr_par' dir='ltr' id='par_1_47' title="bbox 688 3126 2233 3198">
     <span class='ocr_line' id='line_1_47' title="bbox 688 3126 2233 3198; baseline 0.001 -16"><span class='ocrx_word' id='word_1_355' title='bbox 688 3137 812 3192; x_wconf 87' lang='lat' dir='ltr'><strong>nota</strong></span> <span class='ocrx_word' id='word_1_356' title='bbox 855 3129 957 3183; x_wconf 87' lang='lat' dir='ltr'><strong>sibi</strong></span> <span class='ocrx_word' id='word_1_357' title='bbox 1000 3143 1187 3196; x_wconf 75' lang='lat' dir='ltr'><strong>magna</strong></span> <span class='ocrx_word' id='word_1_358' title='bbox 1229 3129 1477 3198; x_wconf 77' lang='lat' dir='ltr'><strong>dogmata</strong></span> <span class='ocrx_word' id='word_1_359' title='bbox 1515 3128 1584 3181; x_wconf 94' lang='lat' dir='ltr'><strong>ob</strong></span> <span class='ocrx_word' id='word_1_360' title='bbox 1613 3126 1803 3196; x_wconf 79' lang='lat' dir='ltr'><strong>vulgus</strong></span> <span class='ocrx_word' id='word_1_361' title='bbox 1831 3128 2099 3183; x_wconf 89' lang='lat' dir='ltr'><strong>occultare</strong></span> <span class='ocrx_word' id='word_1_362' title='bbox 2133 3145 2233 3198; x_wconf 86' lang='lat' dir='ltr'><strong>po-</strong></span> 
     </span>
    </p>
   </div>
   <div class='ocr_carea' id='block_1_48' title="bbox 687 3219 2235 3288">
    <p class='ocr_par' dir='ltr' id='par_1_48' title="bbox 687 3219 2235 3288">
     <span class='ocr_line' id='line_1_48' title="bbox 687 3219 2235 3288; baseline 0.003 -17"><span class='ocrx_word' id='word_1_363' title='bbox 687 3221 886 3284; x_wconf 85' lang='lat' dir='ltr'><strong>tuerit,</strong></span> <span class='ocrx_word' id='word_1_364' title='bbox 919 3227 973 3273; x_wconf 87' lang='lat' dir='ltr'><strong>et</strong></span> <span class='ocrx_word' id='word_1_365' title='bbox 1016 3221 1202 3272; x_wconf 86' lang='lat' dir='ltr'><strong>eadem</strong></span> <span class='ocrx_word' id='word_1_366' title='bbox 1235 3228 1443 3284; x_wconf 87' lang='lat' dir='ltr'><strong>tamen,</strong></span> <span class='ocrx_word' id='word_1_367' title='bbox 1496 3228 1554 3272; x_wconf 93' lang='lat' dir='ltr'><strong>ut</strong></span> <span class='ocrx_word' id='word_1_368' title='bbox 1582 3221 1902 3288; x_wconf 85' lang='lat' dir='ltr'><strong>oportebat,</strong></span> <span class='ocrx_word' id='word_1_369' title='bbox 1953 3219 2235 3276; x_wconf 85' lang='lat' dir='ltr'><strong>declarare</strong></span> 
     </span>
    </p>
   </div>
   <div class='ocr_carea' id='block_1_49' title="bbox 2335 2131 3894 2204">
    <p class='ocr_par' dir='ltr' id='par_1_49' title="bbox 2335 2131 3894 2204">
     <span class='ocr_line' id='line_1_49' title="bbox 2335 2131 3894 2204; baseline 0.001 -20"><span class='ocrx_word' id='word_1_370' title='bbox 2335 2133 2427 2184; x_wconf 84' lang='grc' dir='ltr'>κα“ι</span> <span class='ocrx_word' id='word_1_371' title='bbox 2457 2131 2578 2184; x_wconf 76' lang='grc' dir='ltr'>οὗτε</span> <span class='ocrx_word' id='word_1_372' title='bbox 2623 2134 2697 2196; x_wconf 85' lang='grc' dir='ltr'>ὡς</span> <span class='ocrx_word' id='word_1_373' title='bbox 2741 2133 3001 2197; x_wconf 81' lang='grc' dir='ltr'>ἀθάνατος</span> <span class='ocrx_word' id='word_1_374' title='bbox 3044 2135 3320 2203; x_wconf 79' lang='grc' dir='ltr'>πέφυκεν,</span> <span class='ocrx_word' id='word_1_375' title='bbox 3369 2133 3490 2186; x_wconf 67' lang='grc' dir='ltr'>οὔτε</span> <span class='ocrx_word' id='word_1_376' title='bbox 3537 2133 3612 2196; x_wconf 83' lang='grc' dir='ltr'>ὡς</span> <span class='ocrx_word' id='word_1_377' title='bbox 3657 2133 3894 2204; x_wconf 78' lang='grc' dir='ltr'>θνητός·</span> 
     </span>
    </p>
   </div>
   <div class='ocr_carea' id='block_1_50' title="bbox 2335 2221 3896 2296">
    <p class='ocr_par' dir='ltr' id='par_1_50' title="bbox 2335 2221 3896 2296">
     <span class='ocr_line' id='line_1_50' title="bbox 2335 2221 3896 2296; baseline 0.003 -23"><span class='ocrx_word' id='word_1_378' title='bbox 2335 2221 2469 2274; x_wconf 79' lang='grc' dir='ltr'>ἀλλὰ</span> <span class='ocrx_word' id='word_1_379' title='bbox 2496 2223 2614 2275; x_wconf 81' lang='grc' dir='ltr'>τοτὲ</span> <span class='ocrx_word' id='word_1_380' title='bbox 2649 2223 2745 2292; x_wconf 79' lang='grc' dir='ltr'><strong>μὲν</strong></span> <span class='ocrx_word' id='word_1_381' title='bbox 2776 2225 2872 2293; x_wconf 75' lang='grc' dir='ltr'>τῆς</span> <span class='ocrx_word' id='word_1_382' title='bbox 2906 2225 3070 2295; x_wconf 81' lang='grc' dir='ltr'>αὐτῆς</span> <span class='ocrx_word' id='word_1_383' title='bbox 3106 2227 3314 2296; x_wconf 76' lang='grc' dir='ltr'>ἡμέρας</span> <span class='ocrx_word' id='word_1_384' title='bbox 3355 2224 3532 2279; x_wconf 79' lang='grc' dir='ltr'>θάλλει</span> <span class='ocrx_word' id='word_1_385' title='bbox 3569 2243 3627 2277; x_wconf 89' lang='grc' dir='ltr'><strong>τε</strong></span> <span class='ocrx_word' id='word_1_386' title='bbox 3656 2226 3749 2277; x_wconf 79' lang='grc' dir='ltr'>καὶ</span> <span class='ocrx_word' id='word_1_387' title='bbox 3781 2225 3854 2293; x_wconf 73' lang='grc' dir='ltr'><strong>ζῇ</strong></span> <span class='ocrx_word' id='word_1_388' title='bbox 3879 2264 3896 2288; x_wconf 88' lang='grc'><strong>,</strong></span> 
     </span>
    </p>
   </div>
   <div class='ocr_carea' id='block_1_51' title="bbox 2335 2309 3899 2384">
    <p class='ocr_par' dir='ltr' id='par_1_51' title="bbox 2335 2309 3899 2384">
     <span class='ocr_line' id='line_1_51' title="bbox 2335 2309 3899 2384; baseline 0.003 -24"><span class='ocrx_word' id='word_1_389' title='bbox 2335 2309 2460 2361; x_wconf 79' lang='grc' dir='ltr'>ὅταν</span> <span class='ocrx_word' id='word_1_390' title='bbox 2488 2311 2764 2382; x_wconf 71' lang='grc' dir='ltr'>εὐπορήσῃ</span> <span class='ocrx_word' id='word_1_391' title='bbox 2787 2350 2800 2372; x_wconf 91' lang='grc'><strong>,</strong></span> <span class='ocrx_word' id='word_1_392' title='bbox 2842 2312 2960 2364; x_wconf 80' lang='grc' dir='ltr'>τοτὲ</span> <span class='ocrx_word' id='word_1_393' title='bbox 3001 2312 3044 2364; x_wconf 87' lang='grc' dir='ltr'>δ’</span> <span class='ocrx_word' id='word_1_394' title='bbox 3071 2313 3399 2384; x_wconf 80' lang='grc' dir='ltr'>ἀποθνήσκει</span> <span class='ocrx_word' id='word_1_395' title='bbox 3438 2314 3616 2378; x_wconf 88' lang='grc' dir='ltr'>πάλιν,</span> <span class='ocrx_word' id='word_1_396' title='bbox 3649 2314 3809 2366; x_wconf 84' lang='grc' dir='ltr'>πάλιν</span> <span class='ocrx_word' id='word_1_397' title='bbox 3848 2313 3899 2364; x_wconf 79' lang='grc' dir='ltr'>δ’</span> 
     </span>
    </p>
   </div>
   <div class='ocr_carea' id='block_1_52' title="bbox 2336 2400 3901 2474">
    <p class='ocr_par' dir='ltr' id='par_1_52' title="bbox 2336 2400 3901 2474">
     <span class='ocr_line' id='line_1_52' title="bbox 2336 2400 3901 2474; baseline 0.003 -22"><span class='ocrx_word' id='word_1_398' title='bbox 2336 2400 2743 2467; x_wconf 78' lang='grc' dir='ltr'>ἀναϐιώσκεται,</span> <span class='ocrx_word' id='word_1_399' title='bbox 2772 2402 2856 2453; x_wconf 83' lang='grc' dir='ltr'><strong>διὰ</strong></span> <span class='ocrx_word' id='word_1_400' title='bbox 2874 2403 2968 2473; x_wconf 84' lang='grc' dir='ltr'>τὴν</span> <span class='ocrx_word' id='word_1_401' title='bbox 2993 2402 3085 2454; x_wconf 79' lang='grc' dir='ltr'>τοῦ</span> <span class='ocrx_word' id='word_1_402' title='bbox 3121 2404 3321 2473; x_wconf 77' lang='grc' dir='ltr'>πατρὸς</span> <span class='ocrx_word' id='word_1_403' title='bbox 3347 2403 3518 2473; x_wconf 82' lang='grc' dir='ltr'>φύσιν.</span> <span class='ocrx_word' id='word_1_404' title='bbox 3557 2403 3630 2455; x_wconf 74' lang='grc' dir='ltr'><strong>Τὸ</strong></span> <span class='ocrx_word' id='word_1_405' title='bbox 3653 2403 3711 2455; x_wconf 88' lang='grc' dir='ltr'><strong>δέ</strong></span> <span class='ocrx_word' id='word_1_406' title='bbox 3737 2419 3901 2474; x_wconf 45' lang='lat' dir='ltr'><strong>mp»</strong></span> 
     </span>
    </p>
   </div>
   <div class='ocr_carea' id='block_1_53' title="bbox 2336 2488 3897 2563">
    <p class='ocr_par' dir='ltr' id='par_1_53' title="bbox 2336 2488 3897 2563">
     <span class='ocr_line' id='line_1_53' title="bbox 2336 2488 3897 2563; baseline 0.001 -22"><span class='ocrx_word' id='word_1_407' title='bbox 2336 2488 2557 2559; x_wconf 84' lang='grc' dir='ltr'>ζόμενον</span> <span class='ocrx_word' id='word_1_408' title='bbox 2595 2492 2679 2542; x_wconf 73' lang='grc' dir='ltr'><strong>ἀεὶ</strong></span> <span class='ocrx_word' id='word_1_409' title='bbox 2718 2493 2973 2561; x_wconf 84' lang='grc' dir='ltr'>ὑπεκρεῖ·</span> <span class='ocrx_word' id='word_1_410' title='bbox 3005 2489 3142 2544; x_wconf 81' lang='grc' dir='ltr'>ὥστε</span> <span class='ocrx_word' id='word_1_411' title='bbox 3180 2491 3287 2544; x_wconf 74' lang='grc' dir='ltr'>οὔτ’</span> <span class='ocrx_word' id='word_1_412' title='bbox 3314 2493 3504 2563; x_wconf 80' lang='grc' dir='ltr'>ἀπορεῖ</span> <span class='ocrx_word' id='word_1_413' title='bbox 3526 2493 3702 2563; x_wconf 83' lang='grc' dir='ltr'>Ἔρως</span> <span class='ocrx_word' id='word_1_414' title='bbox 3736 2492 3897 2556; x_wconf 71' lang='grc' dir='ltr'>ποτὲ,</span> 
     </span>
    </p>
   </div>
   <div class='ocr_carea' id='block_1_54' title="bbox 2299 2578 3898 2654">
    <p class='ocr_par' dir='ltr' id='par_1_54' title="bbox 2299 2578 3898 2654">
     <span class='ocr_line' id='line_1_54' title="bbox 2299 2578 3898 2654; baseline 0.001 -21"><span class='ocrx_word' id='word_1_415' title='bbox 2299 2595 2304 2601; x_wconf 87' lang='grc'><em>’</em></span> <span class='ocrx_word' id='word_1_416' title='bbox 2333 2578 2454 2633; x_wconf 73' lang='grc' dir='ltr'>οὒτε</span> <span class='ocrx_word' id='word_1_417' title='bbox 2483 2582 2717 2634; x_wconf 83' lang='grc' dir='ltr'>πλουτεῖ.</span> <span class='ocrx_word' id='word_1_418' title='bbox 2750 2584 2944 2651; x_wconf 77' lang='grc' dir='ltr'>Σοφίας</span> <span class='ocrx_word' id='word_1_419' title='bbox 2972 2583 3014 2634; x_wconf 85' lang='grc' dir='ltr'>δ’</span> <span class='ocrx_word' id='word_1_420' title='bbox 3041 2579 3106 2636; x_wconf 78' lang='grc' dir='ltr'><strong>αὖ</strong></span> <span class='ocrx_word' id='word_1_421' title='bbox 3134 2583 3240 2653; x_wconf 74' lang='grc'>(49)</span> <span class='ocrx_word' id='word_1_422' title='bbox 3267 2585 3357 2636; x_wconf 79' lang='grc' dir='ltr'>καὶ</span> <span class='ocrx_word' id='word_1_423' title='bbox 3387 2584 3620 2654; x_wconf 81' lang='grc' dir='ltr'>ἀμαθίας</span> <span class='ocrx_word' id='word_1_424' title='bbox 3655 2585 3711 2636; x_wconf 83' lang='lat' dir='ltr'><strong>tv</strong></span> <span class='ocrx_word' id='word_1_425' title='bbox 3741 2585 3898 2654; x_wconf 79' lang='grc' dir='ltr'>μέσῳ</span> 
     </span>
    </p>
   </div>
   <div class='ocr_carea' id='block_1_55' title="bbox 2333 2671 3900 2744">
    <p class='ocr_par' dir='ltr' id='par_1_55' title="bbox 2333 2671 3900 2744">
     <span class='ocr_line' id='line_1_55' title="bbox 2333 2671 3900 2744; baseline 0.001 -19"><span class='ocrx_word' id='word_1_426' title='bbox 2333 2671 2494 2725; x_wconf 85' lang='grc' dir='ltr'>ἐστίν.</span> <span class='ocrx_word' id='word_1_427' title='bbox 2533 2692 2551 2722; x_wconf 72' lang='grc' dir='ltr'><strong>ι</strong></span> <span class='ocrx_word' id='word_1_428' title='bbox 2583 2674 2721 2742; x_wconf 67' lang='lat' dir='ltr'><strong>&quot;Aput</strong></span> <span class='ocrx_word' id='word_1_429' title='bbox 2743 2672 2849 2743; x_wconf 74' lang='grc' dir='ltr'><strong>γὰρ</strong></span> <span class='ocrx_word' id='word_1_430' title='bbox 2875 2675 2921 2726; x_wconf 80' lang='lat' dir='ltr'><strong>ot</strong></span> <span class='ocrx_word' id='word_1_431' title='bbox 2955 2674 3362 2743; x_wconf 82' lang='grc' dir='ltr'>ἐντυγχάνοντες</span> <span class='ocrx_word' id='word_1_432' title='bbox 3385 2674 3588 2738; x_wconf 82' lang='grc' dir='ltr'>τούτοις</span> <span class='ocrx_word' id='word_1_433' title='bbox 3613 2714 3626 2738; x_wconf 90' lang='grc'><strong>,</strong></span> <span class='ocrx_word' id='word_1_434' title='bbox 3667 2674 3760 2726; x_wconf 82' lang='grc' dir='ltr'><strong>ἐὰν</strong></span> <span class='ocrx_word' id='word_1_435' title='bbox 3789 2674 3900 2744; x_wconf 79' lang='grc' dir='ltr'>μὲν</span> 
     </span>
    </p>
   </div>
   <div class='ocr_carea' id='block_1_56' title="bbox 2333 2761 3902 2836">
    <p class='ocr_par' dir='ltr' id='par_1_56' title="bbox 2333 2761 3902 2836">
     <span class='ocr_line' id='line_1_56' title="bbox 2333 2761 3902 2836; baseline 0.002 -22"><span class='ocrx_word' id='word_1_436' title='bbox 2333 2764 2429 2833; x_wconf 81' lang='grc' dir='ltr'><strong>τὴν</strong></span> <span class='ocrx_word' id='word_1_437' title='bbox 2452 2761 2779 2832; x_wconf 74' lang='grc' dir='ltr'>κακοήθειαν</span> <span class='ocrx_word' id='word_1_438' title='bbox 2802 2764 2893 2815; x_wconf 83' lang='grc' dir='ltr'><strong>τοὺ</strong></span> <span class='ocrx_word' id='word_1_439' title='bbox 2924 2763 3126 2816; x_wconf 79' lang='grc' dir='ltr'>Κέλσου</span> <span class='ocrx_word' id='word_1_440' title='bbox 3155 2763 3444 2834; x_wconf 75' lang='grc' dir='ltr'><strong>μιμῶνται,</strong></span> <span class='ocrx_word' id='word_1_441' title='bbox 3476 2765 3612 2836; x_wconf 80' lang='grc' dir='ltr'>ὅπερ</span> <span class='ocrx_word' id='word_1_442' title='bbox 3633 2767 3902 2836; x_wconf 82' lang='grc' dir='ltr'>Χριστια-</span> 
     </span>
    </p>
   </div>
   <div class='ocr_carea' id='block_1_57' title="bbox 2333 2851 3901 2924">
    <p class='ocr_par' dir='ltr' id='par_1_57' title="bbox 2333 2851 3901 2924">
     <span class='ocr_line' id='line_1_57' title="bbox 2333 2851 3901 2924; baseline 0.001 -21"><span class='ocrx_word' id='word_1_443' title='bbox 2333 2851 2436 2903; x_wconf 83' lang='grc' dir='ltr'><strong>νῶν</strong></span> <span class='ocrx_word' id='word_1_444' title='bbox 2459 2851 2624 2921; x_wconf 85' lang='grc' dir='ltr'>ἀπείη</span> <span class='ocrx_word' id='word_1_445' title='bbox 2649 2853 2660 2904; x_wconf 86' lang='lat'><strong>!</strong></span> <span class='ocrx_word' id='word_1_446' title='bbox 2692 2852 3141 2919; x_wconf 80' lang='grc' dir='ltr'>καταγελάσονται</span> <span class='ocrx_word' id='word_1_447' title='bbox 3165 2852 3258 2904; x_wconf 77' lang='grc' dir='ltr'>τοῦ</span> <span class='ocrx_word' id='word_1_448' title='bbox 3289 2852 3475 2923; x_wconf 84' lang='grc' dir='ltr'>μύθου,</span> <span class='ocrx_word' id='word_1_449' title='bbox 3509 2854 3602 2905; x_wconf 71' lang='grc' dir='ltr'><strong>καὶ</strong></span> <span class='ocrx_word' id='word_1_450' title='bbox 3639 2856 3696 2906; x_wconf 88' lang='lat' dir='ltr'><strong>tv</strong></span> <span class='ocrx_word' id='word_1_451' title='bbox 3725 2853 3901 2924; x_wconf 80' lang='grc' dir='ltr'>χλεύῃ</span> 
     </span>
    </p>
   </div>
   <div class='ocr_carea' id='block_1_58' title="bbox 2333 2941 3900 3013">
    <p class='ocr_par' dir='ltr' id='par_1_58' title="bbox 2333 2941 3900 3013">
     <span class='ocr_line' id='line_1_58' title="bbox 2333 2941 3900 3013; baseline 0.003 -21"><span class='ocrx_word' id='word_1_452' title='bbox 2333 2941 2584 3012; x_wconf 84' lang='grc' dir='ltr'>θήσονται</span> <span class='ocrx_word' id='word_1_453' title='bbox 2606 2942 2696 2994; x_wconf 74' lang='grc' dir='ltr'><strong>τὸν</strong></span> <span class='ocrx_word' id='word_1_454' title='bbox 2717 2942 3025 3012; x_wconf 83' lang='grc' dir='ltr'>τηλικοῦτον</span> <span class='ocrx_word' id='word_1_455' title='bbox 3057 2944 3341 2997; x_wconf 75' lang='grc' dir='ltr'>Πλάτωναο</span> <span class='ocrx_word' id='word_1_456' title='bbox 3378 2943 3472 2996; x_wconf 84' lang='grc' dir='ltr'>ἐὰν</span> <span class='ocrx_word' id='word_1_457' title='bbox 3505 2943 3580 3006; x_wconf 81' lang='grc' dir='ltr'><strong>δὲ,</strong></span> <span class='ocrx_word' id='word_1_458' title='bbox 3606 2943 3672 2996; x_wconf 84' lang='grc' dir='ltr'><strong>τά</strong></span> <span class='ocrx_word' id='word_1_459' title='bbox 3700 2945 3757 2996; x_wconf 89' lang='lat' dir='ltr'><strong>tv</strong></span> <span class='ocrx_word' id='word_1_460' title='bbox 3784 2945 3900 3013; x_wconf 81' lang='grc' dir='ltr'>μύ-</span> 
     </span>
    </p>
   </div>
   <div class='ocr_carea' id='block_1_59' title="bbox 2334 3030 3904 3104">
    <p class='ocr_par' dir='ltr' id='par_1_59' title="bbox 2334 3030 3904 3104">
     <span class='ocr_line' id='line_1_59' title="bbox 2334 3030 3904 3104; baseline 0.002 -22"><span class='ocrx_word' id='word_1_461' title='bbox 2334 3030 2427 3083; x_wconf 90' lang='grc' dir='ltr'><strong>θου</strong></span> <span class='ocrx_word' id='word_1_462' title='bbox 2457 3034 2690 3102; x_wconf 83' lang='grc' dir='ltr'>σχήματι</span> <span class='ocrx_word' id='word_1_463' title='bbox 2712 3031 2974 3102; x_wconf 82' lang='grc' dir='ltr'>λεγόμενα</span> <span class='ocrx_word' id='word_1_464' title='bbox 3007 3033 3303 3103; x_wconf 78' lang='grc' dir='ltr'>φιλοσόφως</span> <span class='ocrx_word' id='word_1_465' title='bbox 3342 3033 3708 3100; x_wconf 74' lang='grc' dir='ltr'>ἐξετάζοντες,</span> <span class='ocrx_word' id='word_1_466' title='bbox 3742 3034 3904 3104; x_wconf 87' lang='grc' dir='ltr'>δυνη-</span> 
     </span>
    </p>
   </div>
   <div class='ocr_carea' id='block_1_60' title="bbox 2334 3124 3901 3200">
    <p class='ocr_par' dir='ltr' id='par_1_60' title="bbox 2334 3124 3901 3200">
     <span class='ocr_line' id='line_1_60' title="bbox 2334 3124 3901 3200; baseline 0.003 -23"><span class='ocrx_word' id='word_1_467' title='bbox 2334 3124 2496 3177; x_wconf 86' lang='grc' dir='ltr'>θῶσιν</span> <span class='ocrx_word' id='word_1_468' title='bbox 2535 3125 2710 3194; x_wconf 79' lang='grc' dir='ltr'>εὑρεῖν</span> <span class='ocrx_word' id='word_1_469' title='bbox 2740 3126 2801 3177; x_wconf 82' lang='grc' dir='ltr'><strong>τὸ</strong></span> <span class='ocrx_word' id='word_1_470' title='bbox 2835 3125 3074 3197; x_wconf 87' lang='grc' dir='ltr'>βούλημα</span> <span class='ocrx_word' id='word_1_471' title='bbox 3115 3127 3207 3180; x_wconf 82' lang='grc' dir='ltr'><strong>τοῦ</strong></span> <span class='ocrx_word' id='word_1_472' title='bbox 3238 3128 3550 3192; x_wconf 87' lang='grc' dir='ltr'>Πλάτωνος,</span> <span class='ocrx_word' id='word_1_473' title='bbox 3599 3128 3718 3181; x_wconf 89' lang='grc' dir='ltr'>τίνα</span> <span class='ocrx_word' id='word_1_474' title='bbox 3763 3129 3901 3200; x_wconf 82' lang='grc' dir='ltr'>τρό-</span> 
     </span>
    </p>
   </div>
   <div class='ocr_carea' id='block_1_61' title="bbox 2335 3216 3904 3290">
    <p class='ocr_par' dir='ltr' id='par_1_61' title="bbox 2335 3216 3904 3290">
     <span class='ocr_line' id='line_1_61' title="bbox 2335 3216 3904 3290; baseline 0.003 -20"><span class='ocrx_word' id='word_1_475' title='bbox 2335 3233 2433 3270; x_wconf 85' lang='grc' dir='ltr'><strong>πον</strong></span> <span class='ocrx_word' id='word_1_476' title='bbox 2465 3216 2574 3287; x_wconf 84' lang='grc'>(50)</span> <span class='ocrx_word' id='word_1_477' title='bbox 2631 3217 2908 3288; x_wconf 80' lang='grc' dir='ltr'>δεδύνηται</span> <span class='ocrx_word' id='word_1_478' title='bbox 2969 3218 3038 3271; x_wconf 84' lang='grc' dir='ltr'>τὰ</span> <span class='ocrx_word' id='word_1_479' title='bbox 3097 3219 3302 3290; x_wconf 85' lang='grc' dir='ltr'>μεγάλα</span> <span class='ocrx_word' id='word_1_480' title='bbox 3367 3219 3542 3289; x_wconf 82' lang='grc' dir='ltr'>ἑαυτῷ</span> <span class='ocrx_word' id='word_1_481' title='bbox 3596 3220 3904 3290; x_wconf 77' lang='grc' dir='ltr'>φαινόμενα</span> 
     </span>
    </p>
   </div>
   <div class='ocr_carea' id='block_1_62' title="bbox 691 3307 2234 3397">
    <p class='ocr_par' dir='ltr' id='par_1_62' title="bbox 691 3309 2234 3379">
     <span class='ocr_line' id='line_1_62' title="bbox 691 3309 2234 3379; baseline 0.001 -15"><span class='ocrx_word' id='word_1_482' title='bbox 691 3309 759 3364; x_wconf 87' lang='lat' dir='ltr'><strong>iis</strong></span> <span class='ocrx_word' id='word_1_483' title='bbox 783 3347 798 3375; x_wconf 90' lang='lat'><strong>,</strong></span> <span class='ocrx_word' id='word_1_484' title='bbox 837 3310 945 3379; x_wconf 66' lang='lat' dir='ltr'><strong>qui,</strong></span> <span class='ocrx_word' id='word_1_485' title='bbox 975 3311 1174 3364; x_wconf 79' lang='lat' dir='ltr'><strong>scirent</strong></span> <span class='ocrx_word' id='word_1_486' title='bbox 1219 3324 1315 3378; x_wconf 92' lang='lat' dir='ltr'><strong>per</strong></span> <span class='ocrx_word' id='word_1_487' title='bbox 1345 3309 1553 3362; x_wconf 82' lang='lat' dir='ltr'><strong>fabulas</strong></span> <span class='ocrx_word' id='word_1_488' title='bbox 1603 3311 1844 3377; x_wconf 82' lang='lat' dir='ltr'><strong>aspicere</strong></span> <span class='ocrx_word' id='word_1_489' title='bbox 1888 3311 2127 3365; x_wconf 88' lang='lat' dir='ltr'><strong>auctoris</strong></span> <span class='ocrx_word' id='word_1_490' title='bbox 2167 3311 2234 3366; x_wconf 90' lang='lat' dir='ltr'><strong>de</strong></span> 
     </span>
    </p>
   </div>
   <div class='ocr_carea' id='block_1_63' title="bbox 2334 3307 3902 3397">
    <p class='ocr_par' dir='ltr' id='par_1_63' title="bbox 2335 3307 3902 3380">
     <span class='ocr_line' id='line_1_63' title="bbox 2335 3307 3902 3380; baseline 0.001 -19"><span class='ocrx_word' id='word_1_491' title='bbox 2335 3307 2574 3379; x_wconf 83' lang='grc' dir='ltr'>δόγματα</span> <span class='ocrx_word' id='word_1_492' title='bbox 2610 3309 2812 3378; x_wconf 77' lang='grc' dir='ltr'>κρύψαι</span> <span class='ocrx_word' id='word_1_493' title='bbox 2868 3309 2965 3379; x_wconf 86' lang='grc' dir='ltr'><strong>μὲν</strong></span> <span class='ocrx_word' id='word_1_494' title='bbox 3003 3308 3091 3362; x_wconf 82' lang='grc' dir='ltr'>διὰ</span> <span class='ocrx_word' id='word_1_495' title='bbox 3134 3311 3260 3372; x_wconf 81' lang='grc' dir='ltr'>τοὺς</span> <span class='ocrx_word' id='word_1_496' title='bbox 3309 3310 3533 3373; x_wconf 82' lang='grc' dir='ltr'>πολλοὺς</span> <span class='ocrx_word' id='word_1_497' title='bbox 3578 3312 3635 3362; x_wconf 87' lang='grc' dir='ltr'><strong>ἐν</strong></span> <span class='ocrx_word' id='word_1_498' title='bbox 3675 3310 3752 3380; x_wconf 83' lang='grc' dir='ltr'>τῷ</span> <span class='ocrx_word' id='word_1_499' title='bbox 3795 3310 3902 3363; x_wconf 72' lang='grc' dir='ltr'>τοῦ</span> 
     </span>
    </p>
   </div>
   <div class='ocr_carea' id='block_1_64' title="bbox 687 3397 2234 3472">
    <p class='ocr_par' dir='ltr' id='par_1_64' title="bbox 687 3397 2234 3466">
     <span class='ocr_line' id='line_1_64' title="bbox 687 3397 2234 3466; baseline 0.001 -14"><span class='ocrx_word' id='word_1_500' title='bbox 687 3401 916 3454; x_wconf 71' lang='lat' dir='ltr'><strong>veritate</strong></span> <span class='ocrx_word' id='word_1_501' title='bbox 947 3400 1252 3453; x_wconf 89' lang='lat' dir='ltr'><strong>consilium.</strong></span> <span class='ocrx_word' id='word_1_502' title='bbox 1300 3399 1480 3466; x_wconf 86' lang='lat' dir='ltr'><strong>Atque</strong></span> <span class='ocrx_word' id='word_1_503' title='bbox 1529 3399 1665 3451; x_wconf 90' lang='lat' dir='ltr'><strong>hanc</strong></span> <span class='ocrx_word' id='word_1_504' title='bbox 1715 3397 1953 3454; x_wconf 86' lang='lat' dir='ltr'><strong>Platonis</strong></span> <span class='ocrx_word' id='word_1_505' title='bbox 2001 3400 2234 3454; x_wconf 78' lang='lat' dir='ltr'><strong>fabulam</strong></span> 
     </span>
    </p>
   </div>
   <div class='ocr_carea' id='block_1_65' title="bbox 2334 3397 3905 3472">
    <p class='ocr_par' dir='ltr' id='par_1_65' title="bbox 2341 3399 3905 3472">
     <span class='ocr_line' id='line_1_65' title="bbox 2341 3399 3905 3472; baseline 0.001 -19"><span class='ocrx_word' id='word_1_506' title='bbox 2341 3400 2506 3471; x_wconf 84' lang='grc' dir='ltr'>μύθου</span> <span class='ocrx_word' id='word_1_507' title='bbox 2535 3402 2806 3472; x_wconf 83' lang='grc' dir='ltr'>σχήματι,</span> <span class='ocrx_word' id='word_1_508' title='bbox 2835 3402 3006 3453; x_wconf 84' lang='grc' dir='ltr'>είπείν</span> <span class='ocrx_word' id='word_1_509' title='bbox 3041 3399 3084 3452; x_wconf 88' lang='grc' dir='ltr'>δ’</span> <span class='ocrx_word' id='word_1_510' title='bbox 3114 3399 3188 3463; x_wconf 85' lang='grc' dir='ltr'>ὼς</span> <span class='ocrx_word' id='word_1_511' title='bbox 3209 3401 3371 3470; x_wconf 75' lang='grc' dir='ltr'>ἐχρῆν</span> <span class='ocrx_word' id='word_1_512' title='bbox 3401 3403 3510 3462; x_wconf 83' lang='grc' dir='ltr'>τοῖς</span> <span class='ocrx_word' id='word_1_513' title='bbox 3550 3400 3743 3452; x_wconf 84' lang='grc' dir='ltr'>εἰδόσιν</span> <span class='ocrx_word' id='word_1_514' title='bbox 3782 3401 3905 3454; x_wconf 71' lang='grc' dir='ltr'><strong>ἀπὺ</strong></span> 
     </span>
    </p>
   </div>
   <div class='ocr_carea' id='block_1_66' title="bbox 691 3488 2234 3560">
    <p class='ocr_par' dir='ltr' id='par_1_66' title="bbox 691 3488 2234 3560">
     <span class='ocr_line' id='line_1_66' title="bbox 691 3488 2234 3560; baseline 0.001 -17"><span class='ocrx_word' id='word_1_515' title='bbox 691 3490 881 3551; x_wconf 84' lang='lat' dir='ltr'><strong>attuli,</strong></span> <span class='ocrx_word' id='word_1_516' title='bbox 916 3498 1195 3558; x_wconf 85' lang='lat' dir='ltr'><strong>propterea</strong></span> <span class='ocrx_word' id='word_1_517' title='bbox 1231 3491 1370 3558; x_wconf 92' lang='lat' dir='ltr'><strong>quod</strong></span> <span class='ocrx_word' id='word_1_518' title='bbox 1425 3491 1612 3543; x_wconf 89' lang='lat' dir='ltr'><strong>hortus</strong></span> <span class='ocrx_word' id='word_1_519' title='bbox 1647 3488 1792 3544; x_wconf 71' lang='lat' dir='ltr'><strong>Iovis</strong></span> <span class='ocrx_word' id='word_1_520' title='bbox 1818 3528 1832 3554; x_wconf 93' lang='lat'><strong>,</strong></span> <span class='ocrx_word' id='word_1_521' title='bbox 1872 3491 1938 3544; x_wconf 86' lang='lat' dir='ltr'><strong>de</strong></span> <span class='ocrx_word' id='word_1_522' title='bbox 1982 3505 2088 3560; x_wconf 86' lang='lat' dir='ltr'><strong>quo</strong></span> <span class='ocrx_word' id='word_1_523' title='bbox 2127 3491 2234 3559; x_wconf 90' lang='lat' dir='ltr'><strong>ille,</strong></span> 
     </span>
    </p>
   </div>
   <div class='ocr_carea' id='block_1_67' title="bbox 688 3578 2238 3649">
    <p class='ocr_par' dir='ltr' id='par_1_67' title="bbox 688 3578 2238 3649">
     <span class='ocr_line' id='line_1_67' title="bbox 688 3578 2238 3649; baseline 0.005 -19"><span class='ocrx_word' id='word_1_524' title='bbox 688 3593 720 3630; x_wconf 85' lang='lat' dir='ltr'><strong>a</strong></span> <span class='ocrx_word' id='word_1_525' title='bbox 771 3580 1017 3646; x_wconf 87' lang='lat' dir='ltr'><strong>paradiso</strong></span> <span class='ocrx_word' id='word_1_526' title='bbox 1061 3578 1180 3642; x_wconf 86' lang='lat' dir='ltr'><strong>Dei,</strong></span> <span class='ocrx_word' id='word_1_527' title='bbox 1209 3578 1369 3632; x_wconf 85' lang='lat' dir='ltr'><strong>Penia</strong></span> <span class='ocrx_word' id='word_1_528' title='bbox 1423 3595 1451 3632; x_wconf 89' lang='lat' dir='ltr'><strong>a</strong></span> <span class='ocrx_word' id='word_1_529' title='bbox 1497 3589 1772 3649; x_wconf 89' lang='lat' dir='ltr'><strong>serpente,</strong></span> <span class='ocrx_word' id='word_1_530' title='bbox 1813 3580 1982 3637; x_wconf 87' lang='lat' dir='ltr'><strong>Porus</strong></span> <span class='ocrx_word' id='word_1_531' title='bbox 2029 3583 2238 3637; x_wconf 85' lang='lat' dir='ltr'><strong>insidiis</strong></span> 
     </span>
    </p>
   </div>
   <div class='ocr_carea' id='block_1_68' title="bbox 689 3668 2240 3739">
    <p class='ocr_par' dir='ltr' id='par_1_68' title="bbox 689 3668 2240 3739">
     <span class='ocr_line' id='line_1_68' title="bbox 689 3668 2240 3739; baseline 0.001 -17"><span class='ocrx_word' id='word_1_532' title='bbox 689 3682 721 3722; x_wconf 70' lang='grc' dir='ltr'><strong>α</strong></span> <span class='ocrx_word' id='word_1_533' title='bbox 753 3668 914 3723; x_wconf 85' lang='lat' dir='ltr'><strong>Penia</strong></span> <span class='ocrx_word' id='word_1_534' title='bbox 953 3670 1220 3738; x_wconf 87' lang='lat' dir='ltr'><strong>appetitus</strong></span> <span class='ocrx_word' id='word_1_535' title='bbox 1249 3669 1314 3720; x_wconf 90' lang='lat' dir='ltr'><strong>ab</strong></span> <span class='ocrx_word' id='word_1_536' title='bbox 1339 3669 1552 3722; x_wconf 85' lang='lat' dir='ltr'><strong>homine</strong></span> <span class='ocrx_word' id='word_1_537' title='bbox 1593 3670 1799 3723; x_wconf 80' lang='lat' dir='ltr'><strong>insidiis</strong></span> <span class='ocrx_word' id='word_1_538' title='bbox 1828 3672 2094 3739; x_wconf 86' lang='lat' dir='ltr'><strong>serpentis</strong></span> <span class='ocrx_word' id='word_1_539' title='bbox 2130 3671 2240 3725; x_wconf 83' lang='lat' dir='ltr'><strong>cir-</strong></span> 
     </span>
    </p>
   </div>
   <div class='ocr_carea' id='block_1_69' title="bbox 692 3746 2238 3816">
    <p class='ocr_par' dir='ltr' id='par_1_69' title="bbox 692 3746 2238 3816">
     <span class='ocr_line' id='line_1_69' title="bbox 692 3746 2238 3816; baseline 0.002 -3"><span class='ocrx_word' id='word_1_540' title='bbox 692 3771 982 3813; x_wconf 83' lang='lat' dir='ltr'><strong>cumvento</strong></span> <span class='ocrx_word' id='word_1_541' title='bbox 1027 3775 1131 3813; x_wconf 90' lang='lat' dir='ltr'><strong>non</strong></span> <span class='ocrx_word' id='word_1_542' title='bbox 1191 3758 1416 3812; x_wconf 92' lang='lat' dir='ltr'><strong>multum</strong></span> <span class='ocrx_word' id='word_1_543' title='bbox 1477 3760 1730 3814; x_wconf 88' lang='lat' dir='ltr'><strong>abludere</strong></span> <span class='ocrx_word' id='word_1_544' title='bbox 1777 3746 2038 3814; x_wconf 77' lang='lat' dir='ltr'><strong>videntur.</strong></span> <span class='ocrx_word' id='word_1_545' title='bbox 2086 3761 2238 3816; x_wconf 73' lang='lat' dir='ltr'><strong>&#39;Non</strong></span> 
     </span>
    </p>
   </div>
   <div class='ocr_carea' id='block_1_70' title="bbox 687 3851 2238 3920">
    <p class='ocr_par' dir='ltr' id='par_1_70' title="bbox 687 3851 2238 3920">
     <span class='ocr_line' id='line_1_70' title="bbox 687 3851 2238 3920; baseline 0.001 -15"><span class='ocrx_word' id='word_1_546' title='bbox 687 3853 909 3906; x_wconf 86' lang='lat' dir='ltr'><strong>omnino</strong></span> <span class='ocrx_word' id='word_1_547' title='bbox 940 3862 1116 3905; x_wconf 83' lang='lat' dir='ltr'><strong>autem</strong></span> <span class='ocrx_word' id='word_1_548' title='bbox 1147 3860 1508 3920; x_wconf 88' lang='lat' dir='ltr'><strong>compertum,</strong></span> <span class='ocrx_word' id='word_1_549' title='bbox 1538 3866 1603 3904; x_wconf 91' lang='lat' dir='ltr'><strong>an</strong></span> <span class='ocrx_word' id='word_1_550' title='bbox 1636 3853 1748 3904; x_wconf 73' lang='lat' dir='ltr'><strong>luce</strong></span> <span class='ocrx_word' id='word_1_551' title='bbox 1775 3851 1996 3905; x_wconf 80' lang='lat' dir='ltr'><strong>fortuito</strong></span> <span class='ocrx_word' id='word_1_552' title='bbox 2031 3852 2238 3907; x_wconf 87' lang='lat' dir='ltr'><strong>Platoni</strong></span> 
     </span>
    </p>
   </div>
   <div class='ocr_carea' id='block_1_71' title="bbox 690 3939 2236 4019">
    <p class='ocr_par' dir='ltr' id='par_1_71' title="bbox 690 3939 2236 4019">
     <span class='ocr_line' id='line_1_71' title="bbox 690 3939 2236 4019; baseline 0.001 -25"><span class='ocrx_word' id='word_1_553' title='bbox 690 3940 1058 4004; x_wconf 84' lang='lat' dir='ltr'><strong>oecurrerint,</strong></span> <span class='ocrx_word' id='word_1_554' title='bbox 1084 3955 1152 3991; x_wconf 93' lang='lat' dir='ltr'><strong>an</strong></span> <span class='ocrx_word' id='word_1_555' title='bbox 1172 3979 1186 4003; x_wconf 93' lang='lat'><strong>,</strong></span> <span class='ocrx_word' id='word_1_556' title='bbox 1213 3941 1262 3992; x_wconf 89' lang='lat' dir='ltr'><strong>id</strong></span> <span class='ocrx_word' id='word_1_557' title='bbox 1293 3941 1436 4006; x_wconf 89' lang='lat' dir='ltr'><strong>quod</strong></span> <span class='ocrx_word' id='word_1_558' title='bbox 1469 3939 1780 4019; x_wconf 59' lang='lat' dir='ltr'><strong>existimant</strong></span> <span class='ocrx_word' id='word_1_559' title='bbox 1811 3941 2084 4006; x_wconf 85' lang='lat' dir='ltr'><strong>nonnulli,</strong></span> <span class='ocrx_word' id='word_1_560' title='bbox 2113 3943 2236 3996; x_wconf 85' lang='lat' dir='ltr'><strong>dum</strong></span> 
     </span>
    </p>
   </div>
   <div class='ocr_carea' id='block_1_72' title="bbox 687 4013 2238 4100">
    <p class='ocr_par' dir='ltr' id='par_1_72' title="bbox 687 4013 2238 4100">
     <span class='ocr_line' id='line_1_72' title="bbox 687 4013 2238 4100; baseline 0 -16"><span class='ocrx_word' id='word_1_561' title='bbox 687 4029 745 4084; x_wconf 84' lang='lat' dir='ltr'><strong>in</strong></span> <span class='ocrx_word' id='word_1_562' title='bbox 772 4029 1058 4099; x_wconf 66' lang='lat' dir='ltr'><strong>Egyptum</strong></span> <span class='ocrx_word' id='word_1_563' title='bbox 1106 4013 1577 4098; x_wconf 68' lang='lat' dir='ltr'><strong>peregrinaretur,</strong></span> <span class='ocrx_word' id='word_1_564' title='bbox 1610 4013 1860 4085; x_wconf 82' lang='lat' dir='ltr'><strong>inciderit</strong></span> <span class='ocrx_word' id='word_1_565' title='bbox 1897 4032 1949 4084; x_wconf 91' lang='lat' dir='ltr'><strong>in</strong></span> <span class='ocrx_word' id='word_1_566' title='bbox 1982 4033 2238 4100; x_wconf 85' lang='lat' dir='ltr'><strong>quosdam</strong></span> 
     </span>
    </p>
   </div>
   <div class='ocr_carea' id='block_1_73' title="bbox 691 4121 2240 4193">
    <p class='ocr_par' dir='ltr' id='par_1_73' title="bbox 691 4121 2240 4193">
     <span class='ocr_line' id='line_1_73' title="bbox 691 4121 2240 4193; baseline -0.001 -16"><span class='ocrx_word' id='word_1_567' title='bbox 691 4123 1074 4193; x_wconf 82' lang='lat' dir='ltr'><strong>mysteriorum</strong></span> <span class='ocrx_word' id='word_1_568' title='bbox 1105 4121 1448 4176; x_wconf 81' lang='lat' dir='ltr'><strong>.ludaicorum</strong></span> <span class='ocrx_word' id='word_1_569' title='bbox 1480 4123 1750 4188; x_wconf 88' lang='lat' dir='ltr'><strong>curiosos,</strong></span> <span class='ocrx_word' id='word_1_570' title='bbox 1792 4131 1846 4175; x_wconf 91' lang='lat' dir='ltr'><strong>et</strong></span> <span class='ocrx_word' id='word_1_571' title='bbox 1884 4123 2126 4189; x_wconf 61' lang='lat' dir='ltr'><strong>quaedam</strong></span> <span class='ocrx_word' id='word_1_572' title='bbox 2173 4122 2240 4175; x_wconf 86' lang='lat' dir='ltr'><strong>ab</strong></span> 
     </span>
    </p>
   </div>
   <div class='ocr_carea' id='block_1_74' title="bbox 689 4212 2237 4280">
    <p class='ocr_par' dir='ltr' id='par_1_74' title="bbox 689 4212 2237 4280">
     <span class='ocr_line' id='line_1_74' title="bbox 689 4212 2237 4280; baseline -0.001 -12"><span class='ocrx_word' id='word_1_573' title='bbox 689 4213 795 4268; x_wconf 87' lang='lat' dir='ltr'><strong>illis</strong></span> <span class='ocrx_word' id='word_1_574' title='bbox 821 4212 1091 4277; x_wconf 88' lang='lat' dir='ltr'><strong>didicerit,</strong></span> <span class='ocrx_word' id='word_1_575' title='bbox 1123 4227 1189 4266; x_wconf 82' lang='lat' dir='ltr'><strong>ex</strong></span> <span class='ocrx_word' id='word_1_576' title='bbox 1215 4213 1411 4280; x_wconf 87' lang='lat' dir='ltr'><strong>quibus</strong></span> <span class='ocrx_word' id='word_1_577' title='bbox 1435 4213 1538 4265; x_wconf 88' lang='lat' dir='ltr'><strong>alia</strong></span> <span class='ocrx_word' id='word_1_578' title='bbox 1565 4213 1777 4280; x_wconf 89' lang='lat' dir='ltr'><strong>quidem</strong></span> <span class='ocrx_word' id='word_1_579' title='bbox 1807 4213 2110 4277; x_wconf 87' lang='lat' dir='ltr'><strong>retinuerit,</strong></span> <span class='ocrx_word' id='word_1_580' title='bbox 2134 4214 2237 4266; x_wconf 89' lang='lat' dir='ltr'><strong>alia</strong></span> 
     </span>
    </p>
   </div>
   <div class='ocr_carea' id='block_1_75' title="bbox 689 4302 2236 4372">
    <p class='ocr_par' dir='ltr' id='par_1_75' title="bbox 689 4302 2236 4372">
     <span class='ocr_line' id='line_1_75' title="bbox 689 4302 2236 4372; baseline -0.001 -15"><span class='ocrx_word' id='word_1_581' title='bbox 689 4319 818 4359; x_wconf 85' lang='lat' dir='ltr'><strong>vero</strong></span> <span class='ocrx_word' id='word_1_582' title='bbox 857 4304 1040 4372; x_wconf 82' lang='lat' dir='ltr'><strong>ﬁguris</strong></span> <span class='ocrx_word' id='word_1_583' title='bbox 1072 4303 1522 4366; x_wconf 77' lang='lat' dir='ltr'><strong>dissimulaverit;</strong></span> <span class='ocrx_word' id='word_1_584' title='bbox 1564 4313 1705 4355; x_wconf 88' lang='lat' dir='ltr'><strong>metu</strong></span> <span class='ocrx_word' id='word_1_585' title='bbox 1730 4342 1744 4366; x_wconf 96' lang='lat'><strong>,</strong></span> <span class='ocrx_word' id='word_1_586' title='bbox 1784 4318 1849 4356; x_wconf 91' lang='lat' dir='ltr'><strong>ne</strong></span> <span class='ocrx_word' id='word_1_587' title='bbox 1891 4303 2108 4358; x_wconf 58' lang='lat' dir='ltr'><strong>Graecos</strong></span> <span class='ocrx_word' id='word_1_588' title='bbox 2154 4302 2236 4356; x_wconf 80' lang='lat' dir='ltr'><strong>of-</strong></span> 
     </span>
    </p>
   </div>
   <div class='ocr_carea' id='block_1_76' title="bbox 2339 3490 3907 3564">
    <p class='ocr_par' dir='ltr' id='par_1_76' title="bbox 2339 3490 3907 3564">
     <span class='ocr_line' id='line_1_76' title="bbox 2339 3490 3907 3564; baseline -0.001 -20"><span class='ocrx_word' id='word_1_589' title='bbox 2339 3493 2520 3563; x_wconf 86' lang='grc' dir='ltr'>μύθων</span> <span class='ocrx_word' id='word_1_590' title='bbox 2563 3491 2834 3564; x_wconf 84' lang='grc' dir='ltr'>εὑρίσκειν</span> <span class='ocrx_word' id='word_1_591' title='bbox 2877 3490 2939 3545; x_wconf 82' lang='grc' dir='ltr'>τὸ</span> <span class='ocrx_word' id='word_1_592' title='bbox 2980 3490 3106 3560; x_wconf 81' lang='grc' dir='ltr'>περὶ</span> <span class='ocrx_word' id='word_1_593' title='bbox 3144 3490 3393 3559; x_wconf 82' lang='grc' dir='ltr'>ἀληθείας</span> <span class='ocrx_word' id='word_1_594' title='bbox 3423 3490 3514 3542; x_wconf 82' lang='grc' dir='ltr'>τοῦ</span> <span class='ocrx_word' id='word_1_595' title='bbox 3551 3490 3725 3543; x_wconf 80' lang='grc' dir='ltr'>ταῦτα</span> <span class='ocrx_word' id='word_1_596' title='bbox 3766 3507 3907 3542; x_wconf 68' lang='lat' dir='ltr'><strong>suv-</strong></span> 
     </span>
    </p>
   </div>
   <div class='ocr_carea' id='block_1_77' title="bbox 2335 3581 3910 3654">
    <p class='ocr_par' dir='ltr' id='par_1_77' title="bbox 2335 3581 3910 3654">
     <span class='ocr_line' id='line_1_77' title="bbox 2335 3581 3910 3654; baseline -0.001 -16"><span class='ocrx_word' id='word_1_597' title='bbox 2335 3585 2592 3651; x_wconf 83' lang='grc' dir='ltr'>τάξαντος</span> <span class='ocrx_word' id='word_1_598' title='bbox 2642 3584 2903 3654; x_wconf 88' lang='grc' dir='ltr'>βούλημα.</span> <span class='ocrx_word' id='word_1_599' title='bbox 2965 3582 3162 3636; x_wconf 78' lang='grc' dir='ltr'>Τοῦτον</span> <span class='ocrx_word' id='word_1_600' title='bbox 3210 3581 3264 3634; x_wconf 81' lang='grc' dir='ltr'>δὲ</span> <span class='ocrx_word' id='word_1_601' title='bbox 3307 3581 3398 3633; x_wconf 81' lang='grc' dir='ltr'><strong>τὸν</strong></span> <span class='ocrx_word' id='word_1_602' title='bbox 3446 3582 3597 3654; x_wconf 82' lang='grc' dir='ltr'>παρὰ</span> <span class='ocrx_word' id='word_1_603' title='bbox 3649 3583 3910 3637; x_wconf 75' lang='grc' dir='ltr'>Πλάτωνι</span> 
     </span>
    </p>
   </div>
   <div class='ocr_carea' id='block_1_78' title="bbox 2341 3664 3910 3745">
    <p class='ocr_par' dir='ltr' id='par_1_78' title="bbox 2341 3664 3910 3745">
     <span class='ocr_line' id='line_1_78' title="bbox 2341 3664 3910 3745; baseline -0.001 -19"><span class='ocrx_word' id='word_1_604' title='bbox 2341 3673 2507 3743; x_wconf 81' lang='grc' dir='ltr'>μῦθον</span> <span class='ocrx_word' id='word_1_605' title='bbox 2531 3673 2640 3744; x_wconf 81' lang='grc'>(51)</span> <span class='ocrx_word' id='word_1_606' title='bbox 2665 3664 3033 3743; x_wconf 61' lang='grc' dir='ltr'>ἐξεθέμηνδιὰ</span> <span class='ocrx_word' id='word_1_607' title='bbox 3070 3672 3158 3724; x_wconf 83' lang='grc' dir='ltr'><strong>τὸν</strong></span> <span class='ocrx_word' id='word_1_608' title='bbox 3185 3671 3313 3742; x_wconf 79' lang='grc' dir='ltr'>παρ’</span> <span class='ocrx_word' id='word_1_609' title='bbox 3335 3671 3478 3741; x_wconf 85' lang='grc' dir='ltr'>αὑτῷ</span> <span class='ocrx_word' id='word_1_610' title='bbox 3508 3672 3600 3724; x_wconf 82' lang='grc' dir='ltr'>τοῦ</span> <span class='ocrx_word' id='word_1_611' title='bbox 3629 3673 3746 3736; x_wconf 80' lang='grc' dir='ltr'>Διὸς</span> <span class='ocrx_word' id='word_1_612' title='bbox 3797 3673 3910 3745; x_wconf 71' lang='grc' dir='ltr'><strong>κῆ-</strong></span> 
     </span>
    </p>
   </div>
   <div class='ocr_carea' id='block_1_79' title="bbox 2337 3761 3908 3834">
    <p class='ocr_par' dir='ltr' id='par_1_79' title="bbox 2337 3761 3908 3834">
     <span class='ocr_line' id='line_1_79' title="bbox 2337 3761 3908 3834; baseline 0 -17"><span class='ocrx_word' id='word_1_613' title='bbox 2337 3781 2437 3817; x_wconf 85' lang='grc' dir='ltr'><strong>πον</strong></span> <span class='ocrx_word' id='word_1_614' title='bbox 2462 3763 2837 3834; x_wconf 83' lang='grc' dir='ltr'>παραπλήσιόν</span> <span class='ocrx_word' id='word_1_615' title='bbox 2859 3781 2912 3815; x_wconf 90' lang='grc' dir='ltr'><strong>τι</strong></span> <span class='ocrx_word' id='word_1_616' title='bbox 2944 3763 3084 3832; x_wconf 83' lang='grc' dir='ltr'>ἔχειν</span> <span class='ocrx_word' id='word_1_617' title='bbox 3102 3761 3356 3814; x_wconf 80' lang='grc' dir='ltr'>δοκοῦντα</span> <span class='ocrx_word' id='word_1_618' title='bbox 3379 3763 3456 3832; x_wconf 84' lang='grc' dir='ltr'>τῷ</span> <span class='ocrx_word' id='word_1_619' title='bbox 3473 3763 3778 3834; x_wconf 79' lang='grc' dir='ltr'>παραδείσῳ</span> <span class='ocrx_word' id='word_1_620' title='bbox 3801 3763 3908 3817; x_wconf 79' lang='grc' dir='ltr'>τοῦ</span> 
     </span>
    </p>
   </div>
   <div class='ocr_carea' id='block_1_80' title="bbox 2336 3853 3906 3925">
    <p class='ocr_par' dir='ltr' id='par_1_80' title="bbox 2336 3853 3906 3925">
     <span class='ocr_line' id='line_1_80' title="bbox 2336 3853 3906 3925; baseline 0 -17"><span class='ocrx_word' id='word_1_621' title='bbox 2336 3855 2490 3919; x_wconf 80' lang='grc' dir='ltr'>Θεοῦ,</span> <span class='ocrx_word' id='word_1_622' title='bbox 2521 3855 2613 3907; x_wconf 72' lang='grc' dir='ltr'>καὶ</span> <span class='ocrx_word' id='word_1_623' title='bbox 2636 3856 2734 3924; x_wconf 83' lang='grc' dir='ltr'><strong>τὴν</strong></span> <span class='ocrx_word' id='word_1_624' title='bbox 2762 3855 2955 3906; x_wconf 89' lang='grc' dir='ltr'>Πενίαν</span> <span class='ocrx_word' id='word_1_625' title='bbox 2988 3853 3065 3923; x_wconf 79' lang='grc' dir='ltr'>τῷ</span> <span class='ocrx_word' id='word_1_626' title='bbox 3103 3855 3218 3905; x_wconf 83' lang='grc' dir='ltr'>ἐκεῖ</span> <span class='ocrx_word' id='word_1_627' title='bbox 3244 3853 3363 3922; x_wconf 74' lang='grc' dir='ltr'>ὄφει</span> <span class='ocrx_word' id='word_1_628' title='bbox 3389 3855 3906 3925; x_wconf 78' lang='grc' dir='ltr'>παραϐαλλομένην,</span> 
     </span>
    </p>
   </div>
   <div class='ocr_carea' id='block_1_81' title="bbox 2339 3944 3911 4018">
    <p class='ocr_par' dir='ltr' id='par_1_81' title="bbox 2339 3944 3911 4018">
     <span class='ocr_line' id='line_1_81' title="bbox 2339 3944 3911 4018; baseline -0.001 -19"><span class='ocrx_word' id='word_1_629' title='bbox 2339 3947 2432 3999; x_wconf 76' lang='grc' dir='ltr'><strong>καὶ</strong></span> <span class='ocrx_word' id='word_1_630' title='bbox 2463 3947 2551 3998; x_wconf 86' lang='grc' dir='ltr'><strong>τὸν</strong></span> <span class='ocrx_word' id='word_1_631' title='bbox 2598 3945 2702 3998; x_wconf 76' lang='grc' dir='ltr'><strong>ὑπὸ</strong></span> <span class='ocrx_word' id='word_1_632' title='bbox 2729 3945 2827 4014; x_wconf 84' lang='grc' dir='ltr'><strong>τῆς</strong></span> <span class='ocrx_word' id='word_1_633' title='bbox 2862 3945 3055 4008; x_wconf 87' lang='grc' dir='ltr'>Πενίας</span> <span class='ocrx_word' id='word_1_634' title='bbox 3103 3944 3576 4016; x_wconf 75' lang='grc' dir='ltr'>ἐπιϐουλευόμενον</span> <span class='ocrx_word' id='word_1_635' title='bbox 3608 3945 3778 4018; x_wconf 89' lang='grc' dir='ltr'>Πόρον</span> <span class='ocrx_word' id='word_1_636' title='bbox 3824 3947 3911 4017; x_wconf 77' lang='grc' dir='ltr'>τῷ</span> 
     </span>
    </p>
   </div>
   <div class='ocr_carea' id='block_1_82' title="bbox 2338 4036 3908 4108">
    <p class='ocr_par' dir='ltr' id='par_1_82' title="bbox 2338 4036 3908 4108">
     <span class='ocr_line' id='line_1_82' title="bbox 2338 4036 3908 4108; baseline 0.001 -18"><span class='ocrx_word' id='word_1_637' title='bbox 2338 4037 2604 4108; x_wconf 84' lang='grc' dir='ltr'>ἀνθρώπῳ</span> <span class='ocrx_word' id='word_1_638' title='bbox 2652 4036 3110 4106; x_wconf 79' lang='grc' dir='ltr'>ἐπιδουλευομένῳ</span> <span class='ocrx_word' id='word_1_639' title='bbox 3147 4037 3251 4090; x_wconf 82' lang='grc' dir='ltr'><strong>ὑπὸ</strong></span> <span class='ocrx_word' id='word_1_640' title='bbox 3277 4037 3371 4090; x_wconf 74' lang='grc' dir='ltr'>τοῦ</span> <span class='ocrx_word' id='word_1_641' title='bbox 3414 4038 3606 4106; x_wconf 82' lang='grc' dir='ltr'>ὖφεως.</span> <span class='ocrx_word' id='word_1_642' title='bbox 3647 4038 3720 4089; x_wconf 69' lang='lat' dir='ltr'><strong>Oti</strong></span> <span class='ocrx_word' id='word_1_643' title='bbox 3753 4039 3908 4092; x_wconf 78' lang='grc' dir='ltr'>πάνυ</span> 
     </span>
    </p>
   </div>
   <div class='ocr_carea' id='block_1_83' title="bbox 2337 4126 3910 4197">
    <p class='ocr_par' dir='ltr' id='par_1_83' title="bbox 2337 4126 3910 4197">
     <span class='ocr_line' id='line_1_83' title="bbox 2337 4126 3910 4197; baseline -0.001 -16"><span class='ocrx_word' id='word_1_644' title='bbox 2337 4129 2393 4181; x_wconf 79' lang='grc' dir='ltr'><strong>δὲ</strong></span> <span class='ocrx_word' id='word_1_645' title='bbox 2416 4129 2592 4197; x_wconf 80' lang='grc' dir='ltr'>δῆλον,</span> <span class='ocrx_word' id='word_1_646' title='bbox 2619 4128 2744 4180; x_wconf 89' lang='grc' dir='ltr'>πότε</span> <span class='ocrx_word' id='word_1_647' title='bbox 2754 4145 2842 4197; x_wconf 89' lang='grc' dir='ltr'><strong>ρον</strong></span> <span class='ocrx_word' id='word_1_648' title='bbox 2862 4127 3002 4180; x_wconf 83' lang='grc' dir='ltr'>κατὰ</span> <span class='ocrx_word' id='word_1_649' title='bbox 3026 4126 3309 4197; x_wconf 89' lang='grc' dir='ltr'>συντυχίαν</span> <span class='ocrx_word' id='word_1_650' title='bbox 3327 4127 3668 4180; x_wconf 75' lang='grc' dir='ltr'>ἐπιπέπτωκε</span> <span class='ocrx_word' id='word_1_651' title='bbox 3691 4128 3910 4192; x_wconf 78' lang='grc' dir='ltr'>τούτοις</span> 
     </span>
    </p>
   </div>
   <div class='ocr_carea' id='block_1_84' title="bbox 2337 4216 3912 4290">
    <p class='ocr_par' dir='ltr' id='par_1_84' title="bbox 2337 4216 3912 4290">
     <span class='ocr_line' id='line_1_84' title="bbox 2337 4216 3912 4290; baseline 0.002 -21"><span class='ocrx_word' id='word_1_652' title='bbox 2337 4218 2366 4269; x_wconf 92' lang='lat'><strong>6</strong></span> <span class='ocrx_word' id='word_1_653' title='bbox 2415 4217 2655 4280; x_wconf 83' lang='grc' dir='ltr'>Πλάτων,</span> <span class='ocrx_word' id='word_1_654' title='bbox 2689 4217 2721 4285; x_wconf 82' lang='grc' dir='ltr'>ἢ</span> <span class='ocrx_word' id='word_1_655' title='bbox 2756 4217 2850 4286; x_wconf 81' lang='grc' dir='ltr'><strong>(ὡς</strong></span> <span class='ocrx_word' id='word_1_656' title='bbox 2890 4216 3086 4268; x_wconf 78' lang='grc' dir='ltr'>οἴονταί</span> <span class='ocrx_word' id='word_1_657' title='bbox 3112 4219 3276 4290; x_wconf 85' lang='grc' dir='ltr'>τινες)</span> <span class='ocrx_word' id='word_1_658' title='bbox 3306 4219 3361 4271; x_wconf 91' lang='lat' dir='ltr'><strong>tv</strong></span> <span class='ocrx_word' id='word_1_659' title='bbox 3397 4221 3464 4289; x_wconf 79' lang='grc' dir='ltr'>τῇ</span> <span class='ocrx_word' id='word_1_660' title='bbox 3508 4220 3587 4281; x_wconf 87' lang='grc' dir='ltr'><strong>είς</strong></span> <span class='ocrx_word' id='word_1_661' title='bbox 3623 4218 3912 4285; x_wconf 72' lang='grc' dir='ltr'>Αἴγυπτον</span> 
     </span>
    </p>
   </div>
   <div class='ocr_carea' id='block_1_85' title="bbox 2339 4305 3910 4376">
    <p class='ocr_par' dir='ltr' id='par_1_85' title="bbox 2339 4305 3910 4376">
     <span class='ocr_line' id='line_1_85' title="bbox 2339 4305 3910 4376; baseline 0.001 -18"><span class='ocrx_word' id='word_1_662' title='bbox 2339 4305 2612 4376; x_wconf 79' lang='grc' dir='ltr'>ἀποδημία</span> <span class='ocrx_word' id='word_1_663' title='bbox 2645 4305 2914 4374; x_wconf 80' lang='grc' dir='ltr'>συντυχὼν</span> <span class='ocrx_word' id='word_1_664' title='bbox 2957 4305 3049 4358; x_wconf 81' lang='grc' dir='ltr'>καὶ</span> <span class='ocrx_word' id='word_1_665' title='bbox 3092 4308 3204 4370; x_wconf 84' lang='grc' dir='ltr'>τοῖς</span> <span class='ocrx_word' id='word_1_666' title='bbox 3249 4305 3317 4358; x_wconf 72' lang='grc' dir='ltr'>τὰ</span> <span class='ocrx_word' id='word_1_667' title='bbox 3370 4306 3633 4359; x_wconf 82' lang='grc' dir='ltr'>Ἰουδαίων</span> <span class='ocrx_word' id='word_1_668' title='bbox 3680 4307 3910 4374; x_wconf 82' lang='grc' dir='ltr'>φιλοσο-</span> 
     </span>
    </p>
   </div>
   <div class='ocr_carea' id='block_1_86' title="bbox 691 4391 2239 4461">
    <p class='ocr_par' dir='ltr' id='par_1_86' title="bbox 691 4391 2239 4461">
     <span class='ocr_line' id='line_1_86' title="bbox 691 4391 2239 4461; baseline -0.001 -13"><span class='ocrx_word' id='word_1_669' title='bbox 691 4396 960 4460; x_wconf 80' lang='lat' dir='ltr'><strong>fenderet,</strong></span> <span class='ocrx_word' id='word_1_670' title='bbox 985 4395 1027 4448; x_wconf 87' lang='lat' dir='ltr'><strong>si</strong></span> <span class='ocrx_word' id='word_1_671' title='bbox 1060 4395 1320 4460; x_wconf 77' lang='lat' dir='ltr'><strong>integram</strong></span> <span class='ocrx_word' id='word_1_672' title='bbox 1359 4403 1605 4446; x_wconf 86' lang='lat' dir='ltr'><strong>servaret</strong></span> <span class='ocrx_word' id='word_1_673' title='bbox 1647 4391 1952 4447; x_wconf 70' lang='lat' dir='ltr'><strong>Judaeorum</strong></span> <span class='ocrx_word' id='word_1_674' title='bbox 2007 4394 2239 4461; x_wconf 91' lang='lat' dir='ltr'><strong>philoso-</strong></span> 
     </span>
    </p>
   </div>
   <div class='ocr_carea' id='block_1_87' title="bbox 690 4482 2239 4552">
    <p class='ocr_par' dir='ltr' id='par_1_87' title="bbox 690 4482 2239 4552">
     <span class='ocr_line' id='line_1_87' title="bbox 690 4482 2239 4552; baseline -0.002 -15"><span class='ocrx_word' id='word_1_675' title='bbox 690 4486 905 4552; x_wconf 89' lang='lat' dir='ltr'><strong>phiam;</strong></span> <span class='ocrx_word' id='word_1_676' title='bbox 931 4484 1019 4552; x_wconf 87' lang='lat' dir='ltr'><strong>qui</strong></span> <span class='ocrx_word' id='word_1_677' title='bbox 1043 4499 1163 4536; x_wconf 90' lang='lat' dir='ltr'><strong>cum</strong></span> <span class='ocrx_word' id='word_1_678' title='bbox 1193 4493 1410 4552; x_wconf 90' lang='lat' dir='ltr'><strong>propter</strong></span> <span class='ocrx_word' id='word_1_679' title='bbox 1431 4483 1670 4536; x_wconf 84' lang='lat' dir='ltr'><strong>diversas</strong></span> <span class='ocrx_word' id='word_1_680' title='bbox 1698 4483 1762 4535; x_wconf 88' lang='lat' dir='ltr'><strong>ab</strong></span> <span class='ocrx_word' id='word_1_681' title='bbox 1793 4483 1912 4535; x_wconf 88' lang='lat' dir='ltr'><strong>aliis</strong></span> <span class='ocrx_word' id='word_1_682' title='bbox 1941 4482 2105 4551; x_wconf 83' lang='lat' dir='ltr'><strong>leges,</strong></span> <span class='ocrx_word' id='word_1_683' title='bbox 2128 4491 2239 4535; x_wconf 88' lang='lat' dir='ltr'><strong>tum</strong></span> 
     </span>
    </p>
   </div>
   <div class='ocr_carea' id='block_1_88' title="bbox 2341 4395 3916 4469">
    <p class='ocr_par' dir='ltr' id='par_1_88' title="bbox 2341 4395 3916 4469">
     <span class='ocr_line' id='line_1_88' title="bbox 2341 4395 3916 4469; baseline 0.002 -21"><span class='ocrx_word' id='word_1_684' title='bbox 2341 4397 2519 4464; x_wconf 86' lang='grc' dir='ltr'>φοῦσι,</span> <span class='ocrx_word' id='word_1_685' title='bbox 2555 4398 2648 4449; x_wconf 71' lang='grc' dir='ltr'><strong>καὶ</strong></span> <span class='ocrx_word' id='word_1_686' title='bbox 2694 4395 2879 4465; x_wconf 81' lang='grc' dir='ltr'>μαθών</span> <span class='ocrx_word' id='word_1_687' title='bbox 2904 4413 3025 4449; x_wconf 90' lang='grc' dir='ltr'>τινα</span> <span class='ocrx_word' id='word_1_688' title='bbox 3055 4397 3184 4469; x_wconf 85' lang='grc' dir='ltr'>παρ’</span> <span class='ocrx_word' id='word_1_689' title='bbox 3211 4397 3406 4464; x_wconf 81' lang='grc' dir='ltr'>αὑτῶν,</span> <span class='ocrx_word' id='word_1_690' title='bbox 3439 4395 3506 4449; x_wconf 81' lang='grc' dir='ltr'>τὰ</span> <span class='ocrx_word' id='word_1_691' title='bbox 3534 4397 3633 4466; x_wconf 82' lang='grc' dir='ltr'>μέν</span> <span class='ocrx_word' id='word_1_692' title='bbox 3665 4415 3788 4450; x_wconf 82' lang='grc' dir='ltr'>τινα</span> <span class='ocrx_word' id='word_1_693' title='bbox 3823 4415 3916 4452; x_wconf 78' lang='grc' dir='ltr'>τε·</span> 
     </span>
    </p>
   </div>
   <div class='ocr_carea' id='block_1_89' title="bbox 2339 4485 3913 4557">
    <p class='ocr_par' dir='ltr' id='par_1_89' title="bbox 2339 4485 3913 4557">
     <span class='ocr_line' id='line_1_89' title="bbox 2339 4485 3913 4557; baseline 0.002 -20"><span class='ocrx_word' id='word_1_694' title='bbox 2339 4487 2544 4557; x_wconf 79' lang='grc' dir='ltr'>τήρηκε</span> <span class='ocrx_word' id='word_1_695' title='bbox 2565 4525 2579 4548; x_wconf 93' lang='grc'><strong>,</strong></span> <span class='ocrx_word' id='word_1_696' title='bbox 2607 4487 2676 4538; x_wconf 82' lang='grc' dir='ltr'>τὰ</span> <span class='ocrx_word' id='word_1_697' title='bbox 2702 4487 2757 4537; x_wconf 83' lang='grc' dir='ltr'>δὲ</span> <span class='ocrx_word' id='word_1_698' title='bbox 2788 4485 3142 4555; x_wconf 80' lang='grc' dir='ltr'>παρεποίησε,</span> <span class='ocrx_word' id='word_1_699' title='bbox 3185 4485 3552 4556; x_wconf 76' lang='grc' dir='ltr'>φυλαξάμενος</span> <span class='ocrx_word' id='word_1_700' title='bbox 3596 4488 3913 4557; x_wconf 70' lang='grc' dir='ltr'>προσκόψαι</span> 
     </span>
    </p>
   </div>
   <div class='ocr_carea' id='block_1_90' title="bbox 693 4570 2234 4648">
    <p class='ocr_par' dir='ltr' id='par_1_90' title="bbox 693 4570 2234 4645">
     <span class='ocr_line' id='line_1_90' title="bbox 693 4570 2234 4645; baseline -0.003 -19"><span class='ocrx_word' id='word_1_701' title='bbox 693 4586 913 4644; x_wconf 88' lang='lat' dir='ltr'><strong>pr0ptcr</strong></span> <span class='ocrx_word' id='word_1_702' title='bbox 934 4573 1094 4645; x_wconf 64' lang='lat'><strong>535</strong></span> <span class='ocrx_word' id='word_1_703' title='bbox 1123 4575 1445 4641; x_wconf 87' lang='lat' dir='ltr'><strong>peculiarem</strong></span> <span class='ocrx_word' id='word_1_704' title='bbox 1469 4573 1773 4642; x_wconf 77' lang='lat' dir='ltr'><strong>reipublicze</strong></span> <span class='ocrx_word' id='word_1_705' title='bbox 1803 4570 2066 4636; x_wconf 81' lang='lat' dir='ltr'><strong>formam,</strong></span> <span class='ocrx_word' id='word_1_706' title='bbox 2103 4573 2234 4637; x_wconf 85' lang='lat' dir='ltr'><strong>apud</strong></span> 
     </span>
    </p>
   </div>
   <div class='ocr_carea' id='block_1_91' title="bbox 2334 4570 3912 4648">
    <p class='ocr_par' dir='ltr' id='par_1_91' title="bbox 2342 4576 3912 4648">
     <span class='ocr_line' id='line_1_91' title="bbox 2342 4576 3912 4648; baseline 0.004 -21"><span class='ocrx_word' id='word_1_707' title='bbox 2342 4580 2450 4639; x_wconf 86' lang='grc' dir='ltr'>τοῖς</span> <span class='ocrx_word' id='word_1_708' title='bbox 2469 4576 2720 4646; x_wconf 83' lang='grc' dir='ltr'>Ἕλλησιν</span> <span class='ocrx_word' id='word_1_709' title='bbox 2754 4577 2818 4629; x_wconf 88' lang='grc' dir='ltr'><strong>ἐκ</strong></span> <span class='ocrx_word' id='word_1_710' title='bbox 2841 4576 2933 4628; x_wconf 79' lang='grc' dir='ltr'><strong>τοῦ</strong></span> <span class='ocrx_word' id='word_1_711' title='bbox 2964 4576 3137 4648; x_wconf 84' lang='grc' dir='ltr'>πάντη</span> <span class='ocrx_word' id='word_1_712' title='bbox 3153 4577 3222 4630; x_wconf 81' lang='grc' dir='ltr'><strong>τά</strong></span> <span class='ocrx_word' id='word_1_713' title='bbox 3242 4577 3341 4645; x_wconf 78' lang='grc' dir='ltr'>τῆς</span> <span class='ocrx_word' id='word_1_714' title='bbox 3373 4578 3634 4630; x_wconf 86' lang='grc' dir='ltr'>Ἰουδαίων</span> <span class='ocrx_word' id='word_1_715' title='bbox 3659 4578 3912 4648; x_wconf 82' lang='grc' dir='ltr'>τηρῆσαι</span> 
     </span>
    </p>
   </div>
   <div class='ocr_carea' id='block_1_92' title="bbox 693 4660 2234 4738">
    <p class='ocr_par' dir='ltr' id='par_1_92' title="bbox 693 4660 2233 4720">
     <span class='ocr_line' id='line_1_92' title="bbox 693 4660 2233 4720; baseline -0.005 0"><span class='ocrx_word' id='word_1_716' title='bbox 693 4665 889 4720; x_wconf 83' lang='lat' dir='ltr'><strong>multos</strong></span> <span class='ocrx_word' id='word_1_717' title='bbox 921 4667 1057 4718; x_wconf 86' lang='lat' dir='ltr'><strong>male</strong></span> <span class='ocrx_word' id='word_1_718' title='bbox 1099 4665 1400 4718; x_wconf 83' lang='lat' dir='ltr'><strong>audiebant.</strong></span> <span class='ocrx_word' id='word_1_719' title='bbox 1438 4664 1546 4718; x_wconf 87' lang='lat' dir='ltr'><strong>Sed</strong></span> <span class='ocrx_word' id='word_1_720' title='bbox 1567 4662 1866 4716; x_wconf 81' lang='lat' dir='ltr'><strong>disserendi</strong></span> <span class='ocrx_word' id='word_1_721' title='bbox 1896 4672 1988 4713; x_wconf 82' lang='lat' dir='ltr'><strong>aut</strong></span> <span class='ocrx_word' id='word_1_722' title='bbox 2020 4662 2084 4714; x_wconf 90' lang='lat' dir='ltr'><strong>de</strong></span> <span class='ocrx_word' id='word_1_723' title='bbox 2115 4660 2233 4713; x_wconf 85' lang='lat' dir='ltr'><strong>Pla-</strong></span> 
     </span>
    </p>
   </div>
   <div class='ocr_carea' id='block_1_93' title="bbox 2334 4660 3914 4738">
    <p class='ocr_par' dir='ltr' id='par_1_93' title="bbox 2343 4667 3914 4738">
     <span class='ocr_line' id='line_1_93' title="bbox 2343 4667 3914 4738; baseline 0.003 -19"><span class='ocrx_word' id='word_1_724' title='bbox 2343 4669 2529 4736; x_wconf 83' lang='grc' dir='ltr'>σοφίας</span> <span class='ocrx_word' id='word_1_725' title='bbox 2557 4667 2666 4736; x_wconf 74' lang='grc'>(52)</span> <span class='ocrx_word' id='word_1_726' title='bbox 2688 4707 2702 4730; x_wconf 93' lang='grc'><strong>,</strong></span> <span class='ocrx_word' id='word_1_727' title='bbox 2744 4667 3180 4738; x_wconf 72' lang='grc' dir='ltr'>διαϐεϐλημένων</span> <span class='ocrx_word' id='word_1_728' title='bbox 3239 4668 3390 4738; x_wconf 76' lang='grc' dir='ltr'>παρὰ</span> <span class='ocrx_word' id='word_1_729' title='bbox 3420 4672 3531 4732; x_wconf 83' lang='grc' dir='ltr'>τοῖς</span> <span class='ocrx_word' id='word_1_730' title='bbox 3571 4669 3784 4732; x_wconf 83' lang='grc' dir='ltr'>πολλοῖς</span> <span class='ocrx_word' id='word_1_731' title='bbox 3817 4671 3914 4723; x_wconf 72' lang='grc' dir='ltr'>διὰ</span> 
     </span>
    </p>
   </div>
   <div class='ocr_carea' id='block_1_94' title="bbox 692 4753 2234 4832">
    <p class='ocr_par' dir='ltr' id='par_1_94' title="bbox 692 4753 2234 4824">
     <span class='ocr_line' id='line_1_94' title="bbox 692 4753 2234 4824; baseline -0.003 -14"><span class='ocrx_word' id='word_1_732' title='bbox 692 4758 835 4812; x_wconf 92' lang='lat' dir='ltr'><strong>tonis</strong></span> <span class='ocrx_word' id='word_1_733' title='bbox 872 4755 1073 4821; x_wconf 79' lang='lat' dir='ltr'><strong>fabula,</strong></span> <span class='ocrx_word' id='word_1_734' title='bbox 1107 4765 1197 4808; x_wconf 89' lang='lat' dir='ltr'><strong>aut</strong></span> <span class='ocrx_word' id='word_1_735' title='bbox 1233 4755 1298 4808; x_wconf 84' lang='lat' dir='ltr'><strong>de</strong></span> <span class='ocrx_word' id='word_1_736' title='bbox 1345 4763 1619 4824; x_wconf 89' lang='lat' dir='ltr'><strong>serpente,</strong></span> <span class='ocrx_word' id='word_1_737' title='bbox 1650 4762 1743 4806; x_wconf 85' lang='lat' dir='ltr'><strong>aut</strong></span> <span class='ocrx_word' id='word_1_738' title='bbox 1770 4755 1834 4806; x_wconf 79' lang='lat' dir='ltr'><strong>de</strong></span> <span class='ocrx_word' id='word_1_739' title='bbox 1868 4753 2116 4821; x_wconf 79' lang='lat' dir='ltr'><strong>paradiso</strong></span> <span class='ocrx_word' id='word_1_740' title='bbox 2146 4754 2234 4807; x_wconf 91' lang='lat' dir='ltr'><strong>Dei</strong></span> 
     </span>
    </p>
   </div>
   <div class='ocr_carea' id='block_1_95' title="bbox 2334 4753 3913 4832">
    <p class='ocr_par' dir='ltr' id='par_1_95' title="bbox 2343 4758 3913 4832">
     <span class='ocr_line' id='line_1_95' title="bbox 2343 4758 3913 4832; baseline -0.001 -18"><span class='ocrx_word' id='word_1_741' title='bbox 2343 4763 2404 4814; x_wconf 85' lang='grc' dir='ltr'><strong>τὸ</strong></span> <span class='ocrx_word' id='word_1_742' title='bbox 2433 4758 2635 4826; x_wconf 73' lang='grc' dir='ltr'>ξενίζον</span> <span class='ocrx_word' id='word_1_743' title='bbox 2660 4760 3083 4829; x_wconf 52' lang='lat' dir='ltr'><strong>mamma</strong></span> <span class='ocrx_word' id='word_1_744' title='bbox 3109 4759 3206 4830; x_wconf 85' lang='grc' dir='ltr'>τὴν</span> <span class='ocrx_word' id='word_1_745' title='bbox 3233 4760 3526 4832; x_wconf 87' lang='grc' dir='ltr'>ίδιότροπον</span> <span class='ocrx_word' id='word_1_746' title='bbox 3556 4761 3674 4812; x_wconf 79' lang='grc' dir='ltr'>κατ’</span> <span class='ocrx_word' id='word_1_747' title='bbox 3699 4761 3913 4824; x_wconf 72' lang='grc' dir='ltr'>αὑτοὺς</span> 
     </span>
    </p>
   </div>
   <div class='ocr_carea' id='block_1_96' title="bbox 694 4843 2234 4920">
    <p class='ocr_par' dir='ltr' id='par_1_96' title="bbox 694 4843 2234 4913">
     <span class='ocr_line' id='line_1_96' title="bbox 694 4843 2234 4913; baseline -0.004 -12"><span class='ocrx_word' id='word_1_748' title='bbox 694 4847 1010 4902; x_wconf 78' lang='lat' dir='ltr'><strong>omnibusve</strong></span> <span class='ocrx_word' id='word_1_749' title='bbox 1039 4860 1156 4913; x_wconf 76' lang='lat' dir='ltr'><strong>qua:</strong></span> <span class='ocrx_word' id='word_1_750' title='bbox 1189 4847 1245 4898; x_wconf 89' lang='lat' dir='ltr'><strong>in</strong></span> <span class='ocrx_word' id='word_1_751' title='bbox 1288 4843 1378 4899; x_wconf 92' lang='lat' dir='ltr'><strong>illo</strong></span> <span class='ocrx_word' id='word_1_752' title='bbox 1408 4844 1668 4897; x_wconf 86' lang='lat' dir='ltr'><strong>accidisse</strong></span> <span class='ocrx_word' id='word_1_753' title='bbox 1695 4851 2005 4905; x_wconf 86' lang='lat' dir='ltr'><strong>narrantur,</strong></span> <span class='ocrx_word' id='word_1_754' title='bbox 2037 4852 2234 4911; x_wconf 87' lang='lat' dir='ltr'><strong>tempo-</strong></span> 
     </span>
    </p>
   </div>
   <div class='ocr_carea' id='block_1_97' title="bbox 2334 4843 3914 4920">
    <p class='ocr_par' dir='ltr' id='par_1_97' title="bbox 2345 4850 3914 4920">
     <span class='ocr_line' id='line_1_97' title="bbox 2345 4850 3914 4920; baseline -0.001 -15"><span class='ocrx_word' id='word_1_755' title='bbox 2345 4853 2638 4906; x_wconf 85' lang='grc' dir='ltr'>πολιτείαν.</span> <span class='ocrx_word' id='word_1_756' title='bbox 2669 4851 2806 4905; x_wconf 78' lang='grc' dir='ltr'>Οῠτε</span> <span class='ocrx_word' id='word_1_757' title='bbox 2827 4851 2882 4904; x_wconf 88' lang='grc' dir='ltr'>δὲ</span> <span class='ocrx_word' id='word_1_758' title='bbox 2898 4852 2988 4905; x_wconf 81' lang='grc' dir='ltr'><strong>τὸν</strong></span> <span class='ocrx_word' id='word_1_759' title='bbox 3017 4851 3299 4913; x_wconf 87' lang='grc' dir='ltr'>Πλάτωνος</span> <span class='ocrx_word' id='word_1_760' title='bbox 3323 4851 3508 4920; x_wconf 79' lang='grc' dir='ltr'>μῦθον,</span> <span class='ocrx_word' id='word_1_761' title='bbox 3533 4850 3652 4903; x_wconf 78' lang='grc' dir='ltr'>οὔτε</span> <span class='ocrx_word' id='word_1_762' title='bbox 3679 4850 3742 4901; x_wconf 71' lang='grc' dir='ltr'>τὰ</span> <span class='ocrx_word' id='word_1_763' title='bbox 3771 4854 3914 4920; x_wconf 80' lang='grc' dir='ltr'>περὶ</span> 
     </span>
    </p>
   </div>
   <div class='ocr_carea' id='block_1_98' title="bbox 695 4933 2234 5013">
    <p class='ocr_par' dir='ltr' id='par_1_98' title="bbox 695 4933 2234 5007">
     <span class='ocr_line' id='line_1_98' title="bbox 695 4933 2234 5007; baseline -0.004 -14"><span class='ocrx_word' id='word_1_764' title='bbox 695 4939 771 4994; x_wconf 86' lang='lat' dir='ltr'><strong>ris</strong></span> <span class='ocrx_word' id='word_1_765' title='bbox 811 4938 1090 5007; x_wconf 66' lang='lat' dir='ltr'><strong>praesentis</strong></span> <span class='ocrx_word' id='word_1_766' title='bbox 1117 4951 1222 4989; x_wconf 87' lang='lat' dir='ltr'><strong>non</strong></span> <span class='ocrx_word' id='word_1_767' title='bbox 1254 4943 1354 4990; x_wconf 86' lang='lat' dir='ltr'><strong>est.</strong></span> <span class='ocrx_word' id='word_1_768' title='bbox 1392 4935 1515 4990; x_wconf 69' lang='lat' dir='ltr'><strong>[hec</strong></span> <span class='ocrx_word' id='word_1_769' title='bbox 1543 4937 1594 4989; x_wconf 91' lang='lat' dir='ltr'><strong>in</strong></span> <span class='ocrx_word' id='word_1_770' title='bbox 1620 4934 2004 4988; x_wconf 77' lang='lat' dir='ltr'><strong>commentariis</strong></span> <span class='ocrx_word' id='word_1_771' title='bbox 2038 4935 2091 4986; x_wconf 82' lang='lat' dir='ltr'><strong>in</strong></span> <span class='ocrx_word' id='word_1_772' title='bbox 2136 4933 2234 4988; x_wconf 78' lang='lat' dir='ltr'><strong>Ge-</strong></span> 
     </span>
    </p>
   </div>
   <div class='ocr_carea' id='block_1_99' title="bbox 2334 4933 3915 5013">
    <p class='ocr_par' dir='ltr' id='par_1_99' title="bbox 2347 4938 3915 5013">
     <span class='ocr_line' id='line_1_99' title="bbox 2347 4938 3915 5013; baseline -0.001 -18"><span class='ocrx_word' id='word_1_773' title='bbox 2347 4944 2434 4997; x_wconf 75' lang='grc' dir='ltr'><strong>τὸν</strong></span> <span class='ocrx_word' id='word_1_774' title='bbox 2464 4943 2583 5012; x_wconf 76' lang='grc' dir='ltr'>ὅφιν</span> <span class='ocrx_word' id='word_1_775' title='bbox 2630 4943 2838 4995; x_wconf 79' lang='grc' dir='ltr'>καὶτὸν</span> <span class='ocrx_word' id='word_1_776' title='bbox 2879 4941 3200 5013; x_wconf 80' lang='grc' dir='ltr'>παράδεισον</span> <span class='ocrx_word' id='word_1_777' title='bbox 3238 4940 3331 4992; x_wconf 81' lang='grc' dir='ltr'>τοῦ</span> <span class='ocrx_word' id='word_1_778' title='bbox 3360 4938 3514 5002; x_wconf 82' lang='grc' dir='ltr'>Θεοῦ,</span> <span class='ocrx_word' id='word_1_779' title='bbox 3563 4941 3656 4992; x_wconf 76' lang='grc' dir='ltr'><strong>καὶ</strong></span> <span class='ocrx_word' id='word_1_780' title='bbox 3700 4941 3806 4993; x_wconf 78' lang='grc' dir='ltr'><strong>ὅσα</strong></span> <span class='ocrx_word' id='word_1_781' title='bbox 3853 4945 3915 4994; x_wconf 85' lang='lat' dir='ltr'><strong>tv</strong></span> 
     </span>
    </p>
   </div>
   <div class='ocr_carea' id='block_1_100' title="bbox 695 5023 2234 5104">
    <p class='ocr_par' dir='ltr' id='par_1_100' title="bbox 695 5027 2066 5098">
     <span class='ocr_line' id='line_1_100' title="bbox 695 5027 2066 5098; baseline -0.003 -15"><span class='ocrx_word' id='word_1_782' title='bbox 695 5031 879 5092; x_wconf 64' lang='lat' dir='ltr'><strong>norim,</strong></span> <span class='ocrx_word' id='word_1_783' title='bbox 911 5044 1074 5098; x_wconf 90' lang='lat' dir='ltr'><strong>quam</strong></span> <span class='ocrx_word' id='word_1_784' title='bbox 1109 5029 1253 5096; x_wconf 88' lang='lat' dir='ltr'><strong>potui</strong></span> <span class='ocrx_word' id='word_1_785' title='bbox 1291 5028 1724 5095; x_wconf 76' lang='lat' dir='ltr'><strong>diligentissime,</strong></span> <span class='ocrx_word' id='word_1_786' title='bbox 1760 5027 2066 5094; x_wconf 76' lang='lat' dir='ltr'><strong>explanavi.</strong></span> 
     </span>
    </p>
   </div>
   <div class='ocr_carea' id='block_1_101' title="bbox 2334 5023 3918 5104">
    <p class='ocr_par' dir='ltr' id='par_1_101' title="bbox 2349 5023 3918 5104">
     <span class='ocr_line' id='line_1_101' title="bbox 2349 5023 3918 5104; baseline -0.004 -18"><span class='ocrx_word' id='word_1_787' title='bbox 2349 5034 2494 5104; x_wconf 84' lang='grc' dir='ltr'>αὑτῷ</span> <span class='ocrx_word' id='word_1_788' title='bbox 2524 5033 2931 5103; x_wconf 85' lang='grc' dir='ltr'>ἀναγέγραπται</span> <span class='ocrx_word' id='word_1_789' title='bbox 2976 5028 3291 5097; x_wconf 83' lang='grc' dir='ltr'>γεγονέναι,</span> <span class='ocrx_word' id='word_1_790' title='bbox 3330 5027 3427 5082; x_wconf 82' lang='grc' dir='ltr'>νῦν</span> <span class='ocrx_word' id='word_1_791' title='bbox 3466 5029 3654 5098; x_wconf 73' lang='grc' dir='ltr'>καιρὸς</span> <span class='ocrx_word' id='word_1_792' title='bbox 3693 5023 3760 5100; x_wconf 79' lang='grc' dir='ltr'>ἦν</span> <span class='ocrx_word' id='word_1_793' title='bbox 3791 5030 3918 5102; x_wconf 76' lang='grc' dir='ltr'>διη.</span> 
     </span>
    </p>
   </div>
   <div class='ocr_carea' id='block_1_102' title="bbox 691 5114 3917 5194">
    <p class='ocr_par' dir='ltr' id='par_1_102' title="bbox 691 5114 3917 5194">
     <span class='ocr_line' id='line_1_102' title="bbox 691 5114 3917 5194; baseline -0.005 -8"><span class='ocrx_word' id='word_1_794' title='bbox 691 5120 977 5193; x_wconf 75' lang='grc' dir='ltr'><strong>τήσασθαι·</strong></span> <span class='ocrx_word' id='word_1_795' title='bbox 1017 5119 1439 5191; x_wconf 83' lang='grc' dir='ltr'>Προηγουμένως</span> <span class='ocrx_word' id='word_1_796' title='bbox 1469 5117 1577 5188; x_wconf 79' lang='grc' dir='ltr'><strong>γὰρ</strong></span> <span class='ocrx_word' id='word_1_797' title='bbox 1608 5119 1665 5170; x_wconf 69' lang='grc' dir='ltr'><strong>ὲν</strong></span> <span class='ocrx_word' id='word_1_798' title='bbox 1689 5116 1809 5183; x_wconf 86' lang='grc' dir='ltr'>τοῖς</span> <span class='ocrx_word' id='word_1_799' title='bbox 1840 5117 2238 5186; x_wconf 80' lang='grc' dir='ltr'>Ἐξητητικοῖς</span> <span class='ocrx_word' id='word_1_800' title='bbox 2273 5126 2381 5194; x_wconf 83' lang='grc' dir='ltr'>τῆς</span> <span class='ocrx_word' id='word_1_801' title='bbox 2405 5126 2704 5188; x_wconf 69' lang='grc' dir='ltr'>Γενέσεως</span> <span class='ocrx_word' id='word_1_802' title='bbox 2728 5162 2742 5186; x_wconf 95' lang='grc'><strong>,</strong></span> <span class='ocrx_word' id='word_1_803' title='bbox 2786 5123 2861 5185; x_wconf 86' lang='grc' dir='ltr'>ὼς</span> <span class='ocrx_word' id='word_1_804' title='bbox 2905 5117 3013 5174; x_wconf 78' lang='grc' dir='ltr'>οἷόν</span> <span class='ocrx_word' id='word_1_805' title='bbox 3055 5119 3101 5171; x_wconf 78' lang='grc' dir='ltr'>τ’</span> <span class='ocrx_word' id='word_1_806' title='bbox 3139 5114 3227 5188; x_wconf 82' lang='grc' dir='ltr'>ἦν,</span> <span class='ocrx_word' id='word_1_807' title='bbox 3282 5120 3361 5183; x_wconf 87' lang='grc' dir='ltr'><strong>είς</strong></span> <span class='ocrx_word' id='word_1_808' title='bbox 3409 5119 3577 5173; x_wconf 83' lang='grc' dir='ltr'>ταῦτα</span> <span class='ocrx_word' id='word_1_809' title='bbox 3607 5123 3917 5191; x_wconf 75' lang='grc' dir='ltr'>ἐπραγμα-</span> 
     </span>
    </p>
   </div>
   <div class='ocr_carea' id='block_1_103' title="bbox 693 5211 1018 5282">
    <p class='ocr_par' dir='ltr' id='par_1_103' title="bbox 693 5211 1018 5282">
     <span class='ocr_line' id='line_1_103' title="bbox 693 5211 1018 5282; baseline -0.006 -16"><span class='ocrx_word' id='word_1_810' title='bbox 693 5211 1018 5282; x_wconf 83' lang='grc' dir='ltr'>τευσάμεθα.</span> 
     </span>
    </p>
   </div>
   <div class='ocr_carea' id='block_1_104' title="bbox 771 5293 2234 5372">
    <p class='ocr_par' dir='ltr' id='par_1_104' title="bbox 771 5295 2234 5372">
     <span class='ocr_line' id='line_1_104' title="bbox 771 5295 2234 5372; baseline 0.001 -16"><span class='ocrx_word' id='word_1_811' title='bbox 771 5303 857 5356; x_wconf 73' lang='grc'>40.</span> <span class='ocrx_word' id='word_1_812' title='bbox 897 5304 1046 5368; x_wconf 83' lang='lat' dir='ltr'><strong>Quod</strong></span> <span class='ocrx_word' id='word_1_813' title='bbox 1088 5312 1267 5356; x_wconf 89' lang='lat' dir='ltr'><strong>autem</strong></span> <span class='ocrx_word' id='word_1_814' title='bbox 1305 5304 1417 5367; x_wconf 86' lang='lat' dir='ltr'><strong>ait,</strong></span> <span class='ocrx_word' id='word_1_815' title='bbox 1470 5318 1540 5356; x_wconf 74' lang='lat' dir='ltr'><strong>ra</strong></span> <span class='ocrx_word' id='word_1_816' title='bbox 1589 5301 1768 5372; x_wconf 78' lang='lat' dir='ltr'><strong>Moyse</strong></span> <span class='ocrx_word' id='word_1_817' title='bbox 1820 5299 2023 5354; x_wconf 82' lang='lat' dir='ltr'><strong>nefarie</strong></span> <span class='ocrx_word' id='word_1_818' title='bbox 2073 5295 2234 5358; x_wconf 86' lang='lat' dir='ltr'><strong>Deum</strong></span> 
     </span>
    </p>
   </div>
   <div class='ocr_carea' id='block_1_105' title="bbox 2334 5293 3921 5372">
    <p class='ocr_par' dir='ltr' id='par_1_105' title="bbox 2387 5293 3921 5368">
     <span class='ocr_line' id='line_1_105' title="bbox 2387 5293 3921 5368; baseline -0.003 -15"><span class='ocrx_word' id='word_1_819' title='bbox 2387 5293 2394 5296; x_wconf 23' lang='grc' dir='ltr'><strong>λ</strong></span> <span class='ocrx_word' id='word_1_820' title='bbox 2425 5299 2592 5353; x_wconf 79' lang='grc' dir='ltr'>Ἐπάν</span> <span class='ocrx_word' id='word_1_821' title='bbox 2633 5299 2688 5351; x_wconf 84' lang='grc' dir='ltr'>δὲ</span> <span class='ocrx_word' id='word_1_822' title='bbox 2731 5299 2945 5368; x_wconf 84' lang='grc' dir='ltr'>φάσκῃ,</span> <span class='ocrx_word' id='word_1_823' title='bbox 2979 5298 3053 5360; x_wconf 84' lang='grc' dir='ltr'><strong>ὡς</strong></span> <span class='ocrx_word' id='word_1_824' title='bbox 3089 5297 3233 5368; x_wconf 78' lang='grc' dir='ltr'>«ἄρα</span> <span class='ocrx_word' id='word_1_825' title='bbox 3258 5294 3589 5351; x_wconf 71' lang='grc' dir='ltr'>ἀνοσιώτατα</span> <span class='ocrx_word' id='word_1_826' title='bbox 3631 5298 3722 5349; x_wconf 77' lang='grc' dir='ltr'><strong>τὸν</strong></span> <span class='ocrx_word' id='word_1_827' title='bbox 3769 5297 3921 5350; x_wconf 67' lang='grc' dir='ltr'>Θεὸν</span> 
     </span>
    </p>
   </div>
   <div class='ocr_carea' id='block_1_106' title="bbox 699 5384 2234 5463">
    <p class='ocr_par' dir='ltr' id='par_1_106' title="bbox 699 5392 2234 5463">
     <span class='ocr_line' id='line_1_106' title="bbox 699 5392 2234 5463; baseline -0.002 -12"><span class='ocrx_word' id='word_1_828' title='bbox 699 5395 877 5452; x_wconf 87' lang='lat' dir='ltr'><strong>induci</strong></span> <span class='ocrx_word' id='word_1_829' title='bbox 898 5394 1008 5463; x_wconf 77' lang='lat' dir='ltr'><strong>jam</strong></span> <span class='ocrx_word' id='word_1_830' title='bbox 1051 5404 1161 5449; x_wconf 90' lang='lat' dir='ltr'><strong>tum</strong></span> <span class='ocrx_word' id='word_1_831' title='bbox 1211 5397 1278 5450; x_wconf 89' lang='lat' dir='ltr'><strong>ab</strong></span> <span class='ocrx_word' id='word_1_832' title='bbox 1323 5397 1475 5449; x_wconf 91' lang='lat' dir='ltr'><strong>initio</strong></span> <span class='ocrx_word' id='word_1_833' title='bbox 1525 5404 1628 5447; x_wconf 91' lang='lat' dir='ltr'><strong>tam</strong></span> <span class='ocrx_word' id='word_1_834' title='bbox 1692 5392 2046 5457; x_wconf 87' lang='lat' dir='ltr'><strong>imbecillem,</strong></span> <span class='ocrx_word' id='word_1_835' title='bbox 2080 5402 2136 5444; x_wconf 91' lang='lat' dir='ltr'><strong>ut</strong></span> <span class='ocrx_word' id='word_1_836' title='bbox 2176 5407 2234 5448; x_wconf 82' lang='lat' dir='ltr'><strong>ne</strong></span> 
     </span>
    </p>
   </div>
   <div class='ocr_carea' id='block_1_107' title="bbox 2334 5384 3922 5463">
    <p class='ocr_par' dir='ltr' id='par_1_107' title="bbox 2346 5384 3922 5457">
     <span class='ocr_line' id='line_1_107' title="bbox 2346 5384 3922 5457; baseline -0.003 -14"><span class='ocrx_word' id='word_1_837' title='bbox 2346 5391 2504 5452; x_wconf 77' lang='grc' dir='ltr'>εὐθὺς</span> <span class='ocrx_word' id='word_1_838' title='bbox 2535 5391 2628 5442; x_wconf 76' lang='grc' dir='ltr'>καὶ</span> <span class='ocrx_word' id='word_1_839' title='bbox 2656 5387 2769 5457; x_wconf 79' lang='grc'>(55)</span> <span class='ocrx_word' id='word_1_840' title='bbox 2812 5388 2904 5440; x_wconf 88' lang='grc' dir='ltr'>ἀπ’</span> <span class='ocrx_word' id='word_1_841' title='bbox 2931 5385 3103 5456; x_wconf 81' lang='grc' dir='ltr'>ἀρχῆς</span> <span class='ocrx_word' id='word_1_842' title='bbox 3142 5384 3485 5451; x_wconf 81' lang='grc' dir='ltr'>ἀσθενοῦντα,</span> <span class='ocrx_word' id='word_1_843' title='bbox 3519 5386 3613 5440; x_wconf 78' lang='grc' dir='ltr'><strong>καὶ</strong></span> <span class='ocrx_word' id='word_1_844' title='bbox 3653 5385 3777 5456; x_wconf 69' lang='grc' dir='ltr'>μηδ’</span> <span class='ocrx_word' id='word_1_845' title='bbox 3815 5388 3922 5438; x_wconf 71' lang='grc' dir='ltr'>ἕνα</span> 
     </span>
    </p>
   </div>
   <div class='ocr_carea' id='block_1_108' title="bbox 768 5517 2234 5646">
    <p class='ocr_par' dir='ltr' id='par_1_108' title="bbox 768 5528 2234 5646">
     <span class='ocr_line' id='line_1_108' title="bbox 768 5528 2234 5602; baseline -0.001 -22"><span class='ocrx_word' id='word_1_846' title='bbox 768 5529 881 5596; x_wconf 62' lang='grc'>(48)</span> <span class='ocrx_word' id='word_1_847' title='bbox 921 5528 1256 5583; x_wconf 73' lang='lat' dir='ltr'><strong>llmsehelius</strong></span> <span class='ocrx_word' id='word_1_848' title='bbox 1285 5531 1335 5582; x_wconf 90' lang='lat' dir='ltr'><strong>in</strong></span> <span class='ocrx_word' id='word_1_849' title='bbox 1374 5540 1516 5583; x_wconf 77' lang='lat' dir='ltr'><strong>textu</strong></span> <span class='ocrx_word' id='word_1_850' title='bbox 1538 5569 1553 5592; x_wconf 90' lang='lat'><strong>,</strong></span> <span class='ocrx_word' id='word_1_851' title='bbox 1585 5529 1753 5581; x_wconf 79' lang='grc' dir='ltr'>εἴδετο</span> <span class='ocrx_word' id='word_1_852' title='bbox 1788 5529 1816 5578; x_wconf 90' lang='grc' dir='ltr'><strong>ό</strong></span> <span class='ocrx_word' id='word_1_853' title='bbox 1850 5528 2025 5602; x_wconf 85' lang='grc' dir='ltr'>Ἔρως</span> <span class='ocrx_word' id='word_1_854' title='bbox 2048 5543 2234 5595; x_wconf 85' lang='grc' dir='ltr'>γεννη-</span> 
     </span>
     <span class='ocr_line' id='line_1_109' title="bbox 768 5600 1614 5646; baseline 0 0"><span class='ocrx_word' id='word_1_855' title='bbox 768 5605 810 5646; x_wconf 76' lang='lat' dir='ltr'><strong>t:</strong></span> <span class='ocrx_word' id='word_1_856' title='bbox 837 5602 893 5646; x_wconf 83' lang='grc' dir='ltr'>ὲν</span> <span class='ocrx_word' id='word_1_857' title='bbox 922 5604 1032 5646; x_wconf 75' lang='grc' dir='ltr'>τοῖς</span> <span class='ocrx_word' id='word_1_858' title='bbox 1060 5601 1277 5646; x_wconf 77' lang='grc' dir='ltr'>ἐκείνων</span> <span class='ocrx_word' id='word_1_859' title='bbox 1303 5600 1614 5646; x_wconf 69' lang='grc' dir='ltr'>γενεθλίοις.</span> 
     </span>
    </p>
   </div>
   <div class='ocr_carea' id='block_1_109' title="bbox 2334 5517 3922 5646">
    <p class='ocr_par' dir='ltr' id='par_1_109' title="bbox 2343 5517 3922 5646">
     <span class='ocr_line' id='line_1_110' title="bbox 2413 5517 3922 5646; baseline -0.001 -70"><span class='ocrx_word' id='word_1_860' title='bbox 2413 5522 2524 5646; x_wconf 56' lang='grc'>(51)</span> <span class='ocrx_word' id='word_1_861' title='bbox 2565 5521 2833 5575; x_wconf 75' lang='grc' dir='ltr'>Πλάτωνι</span> <span class='ocrx_word' id='word_1_862' title='bbox 2860 5521 3071 5604; x_wconf 62' lang='grc' dir='ltr'>μῦρον.</span> <span class='ocrx_word' id='word_1_863' title='bbox 3136 5517 3270 5573; x_wconf 75' lang='lat' dir='ltr'><strong>Vide</strong></span> <span class='ocrx_word' id='word_1_864' title='bbox 3317 5519 3607 5601; x_wconf 75' lang='lat' dir='ltr'><strong>Eusebium</strong></span> <span class='ocrx_word' id='word_1_865' title='bbox 3654 5517 3754 5570; x_wconf 88' lang='lat' dir='ltr'><strong>lib.</strong></span> <span class='ocrx_word' id='word_1_866' title='bbox 3789 5532 3922 5586; x_wconf 80' lang='lat' dir='ltr'><strong>xu,</strong></span> 
     </span>
     <span class='ocr_line' id='line_1_111' title="bbox 2343 5588 3922 5646; baseline -0.006 0"><span class='ocrx_word' id='word_1_867' title='bbox 2343 5609 2462 5646; x_wconf 87' lang='lat' dir='ltr'><strong>cau.</strong></span> <span class='ocrx_word' id='word_1_868' title='bbox 2535 5593 2584 5646; x_wconf 90' lang='lat' dir='ltr'><strong>l.</strong></span> <span class='ocrx_word' id='word_1_869' title='bbox 2631 5591 2870 5646; x_wconf 68' lang='lat' dir='ltr'><strong>Prwpar.</strong></span> <span class='ocrx_word' id='word_1_870' title='bbox 2901 5591 3127 5646; x_wconf 66' lang='grc' dir='ltr'>ιιυαπα..</span> <span class='ocrx_word' id='word_1_871' title='bbox 3174 5599 3226 5644; x_wconf 89' lang='lat' dir='ltr'><strong>et</strong></span> <span class='ocrx_word' id='word_1_872' title='bbox 3256 5588 3523 5644; x_wconf 78' lang='lat' dir='ltr'><strong>Plotinum</strong></span> <span class='ocrx_word' id='word_1_873' title='bbox 3554 5589 3646 5643; x_wconf 74' lang='grc' dir='ltr'>ιιι).</span> <span class='ocrx_word' id='word_1_874' title='bbox 3678 5600 3728 5637; x_wconf 71' lang='grc' dir='ltr'><strong>τι</strong></span> <span class='ocrx_word' id='word_1_875' title='bbox 3759 5625 3782 5646; x_wconf 85' lang='grc'><strong>,</strong></span> <span class='ocrx_word' id='word_1_876' title='bbox 3810 5605 3922 5644; x_wconf 70' lang='lat' dir='ltr'><strong>eo.</strong></span> 
     </span>
    </p>
   </div>
   <div class='ocr_carea' id='block_1_110' title="bbox 700 5588 2234 5667">
    <p class='ocr_par' dir='ltr' id='par_1_110' title="bbox 700 5588 2210 5667">
     <span class='ocr_line' id='line_1_112' title="bbox 700 5588 2210 5667; baseline 0.003 -14"><span class='ocrx_word' id='word_1_877' title='bbox 700 5588 810 5662; x_wconf 62' lang='grc' dir='ltr'>θεῖς</span> <span class='ocrx_word' id='word_1_878' title='bbox 837 5588 893 5651; x_wconf 78' lang='grc' dir='ltr'><strong>ἐν</strong></span> <span class='ocrx_word' id='word_1_879' title='bbox 922 5604 1032 5660; x_wconf 86' lang='grc' dir='ltr'>τοῖς</span> <span class='ocrx_word' id='word_1_880' title='bbox 1060 5601 1277 5652; x_wconf 85' lang='grc' dir='ltr'>ἐκείνων</span> <span class='ocrx_word' id='word_1_881' title='bbox 1303 5588 1614 5667; x_wconf 78' lang='grc' dir='ltr'>γενεθλίοις.</span> <span class='ocrx_word' id='word_1_882' title='bbox 1919 5588 1964 5667; x_wconf 51' lang='lat'><strong>&#39;_</strong></span> <span class='ocrx_word' id='word_1_883' title='bbox 2008 5588 2020 5590; x_wconf 41' lang='lat'><strong>—</strong></span> <span class='ocrx_word' id='word_1_884' title='bbox 2059 5588 2100 5667; x_wconf 43' lang='lat'><strong>&#39;_</strong></span> <span class='ocrx_word' id='word_1_885' title='bbox 2189 5588 2210 5667; x_wconf 41' lang='grc'>,-</span> 
     </span>
    </p>
   </div>
   <div class='ocr_carea' id='block_1_111' title="bbox 2334 5588 3926 5667">
    <p class='ocr_par' dir='ltr' id='par_1_111' title="bbox 2343 5588 3926 5667">
     <span class='ocr_line' id='line_1_113' title="bbox 2343 5588 3926 5667; baseline -0.001 -21"><span class='ocrx_word' id='word_1_886' title='bbox 2343 5588 2475 5667; x_wconf 60' lang='lat' dir='ltr'><strong>cap.</strong></span> <span class='ocrx_word' id='word_1_887' title='bbox 2496 5588 2584 5652; x_wconf 82' lang='grc' dir='ltr'><strong>ιι.</strong></span> <span class='ocrx_word' id='word_1_888' title='bbox 2631 5591 2870 5667; x_wconf 67' lang='lat' dir='ltr'><strong>Prwpor.</strong></span> <span class='ocrx_word' id='word_1_889' title='bbox 2901 5591 3127 5658; x_wconf 81' lang='lat' dir='ltr'><strong>Evang.,</strong></span> <span class='ocrx_word' id='word_1_890' title='bbox 3174 5599 3226 5644; x_wconf 89' lang='lat' dir='ltr'><strong>et</strong></span> <span class='ocrx_word' id='word_1_891' title='bbox 3256 5588 3523 5644; x_wconf 84' lang='lat' dir='ltr'><strong>Plotinum</strong></span> <span class='ocrx_word' id='word_1_892' title='bbox 3554 5589 3646 5643; x_wconf 83' lang='lat' dir='ltr'><strong>lib.</strong></span> <span class='ocrx_word' id='word_1_893' title='bbox 3678 5600 3728 5637; x_wconf 74' lang='lat' dir='ltr'><strong>Vl</strong></span> <span class='ocrx_word' id='word_1_894' title='bbox 3759 5625 3782 5651; x_wconf 85' lang='lat'><strong>,</strong></span> <span class='ocrx_word' id='word_1_895' title='bbox 3810 5605 3926 5644; x_wconf 78' lang='lat' dir='ltr'><strong>en-</strong></span> 
     </span>
    </p>
   </div>
   <div class='ocr_carea' id='block_1_112' title="bbox 770 5662 2234 5738">
    <p class='ocr_par' dir='ltr' id='par_1_112' title="bbox 770 5662 2234 5738">
     <span class='ocr_line' id='line_1_114' title="bbox 770 5662 2234 5738; baseline -0.003 -16"><span class='ocrx_word' id='word_1_896' title='bbox 770 5670 880 5738; x_wconf 62' lang='lat'><strong>(69)</strong></span> <span class='ocrx_word' id='word_1_897' title='bbox 918 5669 1155 5720; x_wconf 83' lang='lat' dir='ltr'><strong>Platonis</strong></span> <span class='ocrx_word' id='word_1_898' title='bbox 1196 5662 1327 5722; x_wconf 49' lang='lat' dir='ltr'><strong>libb:</strong></span> <span class='ocrx_word' id='word_1_899' title='bbox 1355 5671 1519 5732; x_wconf 89' lang='lat' dir='ltr'><strong>editi,</strong></span> <span class='ocrx_word' id='word_1_900' title='bbox 1576 5667 1764 5738; x_wconf 82' lang='grc' dir='ltr'>σοφίας</span> <span class='ocrx_word' id='word_1_901' title='bbox 1813 5663 1988 5738; x_wconf 38' lang='grc' dir='ltr'><strong>τξαῦ.</strong></span> <span class='ocrx_word' id='word_1_902' title='bbox 2072 5664 2234 5738; x_wconf 68' lang='lat' dir='ltr'><strong>Paulo</strong></span> 
     </span>
    </p>
   </div>
   <div class='ocr_carea' id='block_1_113' title="bbox 2334 5662 3653 5738">
    <p class='ocr_par' dir='ltr' id='par_1_113' title="bbox 2344 5662 3653 5738">
     <span class='ocr_line' id='line_1_115' title="bbox 2344 5662 3653 5738; baseline 0.014 -21"><span class='ocrx_word' id='word_1_903' title='bbox 2344 5664 2514 5738; x_wconf 44' lang='lat' dir='ltr'><strong>nequ.</strong></span> <span class='ocrx_word' id='word_1_904' title='bbox 2537 5675 2625 5738; x_wconf 56' lang='lat' dir='ltr'><strong>ut.</strong></span> <span class='ocrx_word' id='word_1_905' title='bbox 2659 5676 2782 5738; x_wconf 59' lang='grc' dir='ltr'><strong>φρ·</strong></span> <span class='ocrx_word' id='word_1_906' title='bbox 2807 5662 2902 5738; x_wconf 54' lang='grc' dir='ltr'>θλ,</span> <span class='ocrx_word' id='word_1_907' title='bbox 3134 5688 3135 5691; x_wconf 43' lang='grc' dir='ltr'><strong>η</strong></span> <span class='ocrx_word' id='word_1_908' title='bbox 3181 5728 3203 5738; x_wconf 82' lang='lat'>_</span> <span class='ocrx_word' id='word_1_909' title='bbox 3507 5725 3528 5738; x_wconf 91' lang='lat'><strong>.</strong></span> <span class='ocrx_word' id='word_1_910' title='bbox 3556 5726 3587 5738; x_wconf 95' lang='lat'><strong>..</strong></span> <span class='ocrx_word' id='word_1_911' title='bbox 3641 5724 3653 5735; x_wconf 94' lang='lat'><strong>.</strong></span> 
     </span>
    </p>
   </div>
   <div class='ocr_carea' id='block_1_114' title="bbox 2412 5725 3922 5799">
    <p class='ocr_par' dir='ltr' id='par_1_114' title="bbox 2412 5725 3922 5799">
     <span class='ocr_line' id='line_1_116' title="bbox 2412 5725 3922 5799; baseline 0.001 -16"><span class='ocrx_word' id='word_1_912' title='bbox 2412 5731 2524 5799; x_wconf 72' lang='lat'><strong>(52)</strong></span> <span class='ocrx_word' id='word_1_913' title='bbox 2564 5725 2799 5797; x_wconf 68' lang='grc' dir='ltr'>Σοφίιις.</span> <span class='ocrx_word' id='word_1_914' title='bbox 2849 5727 2940 5783; x_wconf 86' lang='lat' dir='ltr'><strong>Sic</strong></span> <span class='ocrx_word' id='word_1_915' title='bbox 2961 5743 3148 5784; x_wconf 82' lang='lat' dir='ltr'><strong>omnes</strong></span> <span class='ocrx_word' id='word_1_916' title='bbox 3178 5728 3291 5799; x_wconf 77' lang='lat' dir='ltr'><strong>fere</strong></span> <span class='ocrx_word' id='word_1_917' title='bbox 3324 5742 3456 5784; x_wconf 75' lang='lat' dir='ltr'><strong>mss.</strong></span> <span class='ocrx_word' id='word_1_918' title='bbox 3507 5725 3656 5780; x_wconf 86' lang='lat' dir='ltr'><strong>Libri</strong></span> <span class='ocrx_word' id='word_1_919' title='bbox 3703 5737 3922 5785; x_wconf 76' lang='lat' dir='ltr'><strong>autem</strong></span> 
     </span>
    </p>
   </div>
   <div class='ocr_carea' id='block_1_115' title="bbox 2343 5797 3330 5868">
    <p class='ocr_par' dir='ltr' id='par_1_115' title="bbox 2343 5797 3330 5868">
     <span class='ocr_line' id='line_1_117' title="bbox 2343 5797 3330 5868; baseline -0.007 -11"><span class='ocrx_word' id='word_1_920' title='bbox 2343 5797 2471 5857; x_wconf 83' lang='lat' dir='ltr'><strong>editi</strong></span> <span class='ocrx_word' id='word_1_921' title='bbox 2503 5797 2554 5852; x_wconf 89' lang='lat' dir='ltr'><strong>in</strong></span> <span class='ocrx_word' id='word_1_922' title='bbox 2574 5809 2729 5868; x_wconf 74' lang='lat' dir='ltr'><strong>textu</strong></span> <span class='ocrx_word' id='word_1_923' title='bbox 2760 5799 2974 5862; x_wconf 74' lang='lat' dir='ltr'><strong>habent,</strong></span> <span class='ocrx_word' id='word_1_924' title='bbox 3003 5797 3330 5868; x_wconf 85' lang='grc' dir='ltr'>φιλοσοφίας.</span> 
     </span>
    </p>
   </div>
   <div class='ocr_carea' id='block_1_116' title="bbox 2411 5863 3928 5941">
    <p class='ocr_par' dir='ltr' id='par_1_116' title="bbox 2411 5863 3928 5941">
     <span class='ocr_line' id='line_1_118' title="bbox 2411 5863 3928 5941; baseline 0 -19"><span class='ocrx_word' id='word_1_925' title='bbox 2411 5869 2525 5941; x_wconf 74' lang='grc'>(55)</span> <span class='ocrx_word' id='word_1_926' title='bbox 2567 5867 2845 5941; x_wconf 83' lang='lat' dir='ltr'><strong>Boherello</strong></span> <span class='ocrx_word' id='word_1_927' title='bbox 2870 5863 3091 5941; x_wconf 71' lang='lat' dir='ltr'><strong>delenda</strong></span> <span class='ocrx_word' id='word_1_928' title='bbox 3115 5863 3325 5941; x_wconf 47' lang='lat' dir='ltr'><strong>videtur</strong></span> <span class='ocrx_word' id='word_1_929' title='bbox 3352 5864 3611 5941; x_wconf 43' lang='grc' dir='ltr'>μορίου-12</span> <span class='ocrx_word' id='word_1_930' title='bbox 3643 5863 3765 5941; x_wconf 67' lang='grc' dir='ltr'>καί.</span> <span class='ocrx_word' id='word_1_931' title='bbox 3805 5865 3928 5922; x_wconf 78' lang='lat' dir='ltr'><strong>lbi-</strong></span> 
     </span>
    </p>
   </div>
   <div class='ocr_carea' id='block_1_117' title="bbox 2349 5933 3928 6007">
    <p class='ocr_par' dir='ltr' id='par_1_117' title="bbox 2349 5933 3928 6007">
     <span class='ocr_line' id='line_1_119' title="bbox 2349 5933 3928 6007; baseline -0.004 -11"><span class='ocrx_word' id='word_1_932' title='bbox 2349 5933 2468 5996; x_wconf 81' lang='lat' dir='ltr'><strong>dein</strong></span> <span class='ocrx_word' id='word_1_933' title='bbox 2506 5933 2648 5993; x_wconf 74' lang='lat' dir='ltr'><strong>recte</strong></span> <span class='ocrx_word' id='word_1_934' title='bbox 2691 5937 2888 5995; x_wconf 85' lang='lat' dir='ltr'><strong>habent</strong></span> <span class='ocrx_word' id='word_1_935' title='bbox 2920 5939 3076 5996; x_wconf 87' lang='lat' dir='ltr'><strong>codd.</strong></span> <span class='ocrx_word' id='word_1_936' title='bbox 3122 5937 3322 6007; x_wconf 74' lang='lat' dir='ltr'><strong>Regius</strong></span> <span class='ocrx_word' id='word_1_937' title='bbox 3347 5933 3401 5990; x_wconf 87' lang='lat' dir='ltr'><strong>et</strong></span> <span class='ocrx_word' id='word_1_938' title='bbox 3426 5933 3785 5997; x_wconf 80' lang='lat' dir='ltr'><strong>Basileensis.</strong></span> <span class='ocrx_word' id='word_1_939' title='bbox 3820 5943 3928 5995; x_wconf 74' lang='grc' dir='ltr'>καὶ</span> 
     </span>
    </p>
   </div>
   <div class='ocr_carea' id='block_1_118' title="bbox 699 5735 2236 5807">
    <p class='ocr_par' dir='ltr' id='par_1_118' title="bbox 699 5735 2236 5807">
     <span class='ocr_line' id='line_1_120' title="bbox 699 5735 2236 5807; baseline -0.003 -18"><span class='ocrx_word' id='word_1_940' title='bbox 699 5735 818 5807; x_wconf 73' lang='lat' dir='ltr'><strong>post</strong></span> <span class='ocrx_word' id='word_1_941' title='bbox 849 5735 996 5801; x_wconf 82' lang='lat' dir='ltr'><strong>mss.,</strong></span> <span class='ocrx_word' id='word_1_942' title='bbox 1030 5738 1484 5804; x_wconf 83' lang='grc' dir='ltr'>καταγελάσονται</span> <span class='ocrx_word' id='word_1_943' title='bbox 1523 5737 1616 5790; x_wconf 82' lang='grc' dir='ltr'>τοῦ</span> <span class='ocrx_word' id='word_1_944' title='bbox 1651 5737 1839 5806; x_wconf 88' lang='grc' dir='ltr'>μύθου.</span> <span class='ocrx_word' id='word_1_945' title='bbox 1881 5736 2035 5791; x_wconf 87' lang='lat' dir='ltr'><strong>Libb.</strong></span> <span class='ocrx_word' id='word_1_946' title='bbox 2073 5735 2236 5798; x_wconf 87' lang='lat' dir='ltr'><strong>editi,</strong></span> 
     </span>
    </p>
   </div>
   <div class='ocr_carea' id='block_1_119' title="bbox 701 5807 1479 5877">
    <p class='ocr_par' dir='ltr' id='par_1_119' title="bbox 701 5807 1479 5877">
     <span class='ocr_line' id='line_1_121' title="bbox 701 5807 1479 5877; baseline 0 -17"><span class='ocrx_word' id='word_1_947' title='bbox 701 5808 1148 5877; x_wconf 72' lang='grc' dir='ltr'>καταγελάσονται</span> <span class='ocrx_word' id='word_1_948' title='bbox 1177 5807 1264 5877; x_wconf 83' lang='grc' dir='ltr'><strong>τὸν</strong></span> <span class='ocrx_word' id='word_1_949' title='bbox 1296 5808 1479 5877; x_wconf 81' lang='grc' dir='ltr'>μῦθον.</span> 
     </span>
    </p>
   </div>
   <div class='ocr_carea' id='block_1_120' title="bbox 772 5872 2238 5944">
    <p class='ocr_par' dir='ltr' id='par_1_120' title="bbox 772 5872 2238 5944">
     <span class='ocr_line' id='line_1_122' title="bbox 772 5872 2238 5944; baseline -0.005 -14"><span class='ocrx_word' id='word_1_950' title='bbox 772 5872 879 5944; x_wconf 67' lang='grc' dir='ltr'>(ὄιὶ)</span> <span class='ocrx_word' id='word_1_951' title='bbox 923 5878 1061 5932; x_wconf 82' lang='grc' dir='ltr'>Τίνα</span> <span class='ocrx_word' id='word_1_952' title='bbox 1087 5872 1324 5943; x_wconf 64' lang='grc' dir='ltr'>τρόποτλ.</span> <span class='ocrx_word' id='word_1_953' title='bbox 1375 5881 1508 5930; x_wconf 86' lang='lat' dir='ltr'><strong>Ante</strong></span> <span class='ocrx_word' id='word_1_954' title='bbox 1542 5878 1638 5929; x_wconf 89' lang='lat' dir='ltr'><strong>has</strong></span> <span class='ocrx_word' id='word_1_955' title='bbox 1659 5890 1818 5930; x_wconf 74' lang='lat' dir='ltr'><strong>voces</strong></span> <span class='ocrx_word' id='word_1_956' title='bbox 1847 5885 1994 5930; x_wconf 88' lang='lat' dir='ltr'><strong>recte</strong></span> <span class='ocrx_word' id='word_1_957' title='bbox 2020 5872 2238 5940; x_wconf 84' lang='lat' dir='ltr'><strong>cenjicit</strong></span> 
     </span>
    </p>
   </div>
   <div class='ocr_carea' id='block_1_121' title="bbox 702 5944 2166 6018">
    <p class='ocr_par' dir='ltr' id='par_1_121' title="bbox 702 5944 2166 6018">
     <span class='ocr_line' id='line_1_123' title="bbox 702 5944 2166 6018; baseline -0.001 -16"><span class='ocrx_word' id='word_1_958' title='bbox 702 5945 1012 6003; x_wconf 75' lang='lat' dir='ltr'><strong>Bottcrellus</strong></span> <span class='ocrx_word' id='word_1_959' title='bbox 1040 5948 1226 6002; x_wconf 73' lang='lat' dir='ltr'><strong>deesse</strong></span> <span class='ocrx_word' id='word_1_960' title='bbox 1252 5945 1613 6018; x_wconf 62' lang='grc' dir='ltr'>θαυμάσωνται</span> <span class='ocrx_word' id='word_1_961' title='bbox 1633 5985 1647 6008; x_wconf 89' lang='grc'><strong>,</strong></span> <span class='ocrx_word' id='word_1_962' title='bbox 1684 5947 1767 6002; x_wconf 86' lang='lat' dir='ltr'><strong>vel</strong></span> <span class='ocrx_word' id='word_1_963' title='bbox 1811 5947 1940 6017; x_wconf 87' lang='lat' dir='ltr'><strong>quid</strong></span> <span class='ocrx_word' id='word_1_964' title='bbox 1972 5944 2166 6001; x_wconf 82' lang='lat' dir='ltr'><strong>simile.</strong></span> 
     </span>
    </p>
   </div>
  </div>
