4108 6314
168 529 287 586 ΗΜ

1300 531 1573 588 CONTRA
1609 530 1881 592 CELSUM
1921 528 2047 584 LIB.
2090 525 2176 582 IV.

3205 530 3349 588 1109

162 624 248 677 καὶ
287 623 384 686 τάς
428 624 601 694 μίξεις
646 625 751 678 τῶν
795 626 1184 705 θεραπαινίδων
1209 644 1220 658 ο
1258 628 1673 705 βουλομένουτοὶ

1799 629 1952 682 detur
1981 626 2032 679 in
2056 623 2362 679 actionibus
2381 638 2566 697 eorum
2590 624 2677 694 qui
2715 625 2826 678 haec
2857 624 3117 692 fecerunt,
3151 627 3201 682 id
3237 635 3334 683 no-

138 711 304 782 λόγου
328 714 424 766 καὶ
463 717 604 785 ἡμᾶς
636 717 695 769 οὐ
727 717 821 781 τὰς
851 704 1539 792 σωματικὰςνομιζομὲνας
1560 723 1698 792 πρά-

160 803 262 866 ξεις
287 805 480 874 ζηλοῦν
501 805 606 859 τῶν
634 807 804 862 ταῦτα
828 810 1217 879 πεποιηκότων,
1249 812 1360 865 ἀλλ’
1387 813 1481 882 (ὡς
1513 813 1697 866 καλεῖν

159 896 404 952 εἰώθασιν
438 901 486 972 οἱ
527 901 619 953 τοῦ
673 901 846 973 Ἰησοῦ
889 905 1192 976 ἀπόστολοι)
1221 907 1318 970 τὰς
1362 907 1744 978 πνευματικὰς.

232 988 350 1043 Δέον
396 991 440 1044 δ’
461 992 648 1059 αὐτὸν,
681 995 741 1047 τὸ
797 997 1086 1074 φιλάληθες
1135 999 1242 1054 τῶν
1272 998 1697 1070 ἀναγραψάντων
1727 1003 1732 1012 “

155 1079 248 1143 τὰς
274 1080 420 1146 θείας
444 1085 664 1155 Γραφὰς
692 1087 1108 1160 ἀποδεξάμενον,
1150 1092 1222 1163 μὴ
1257 1090 1575 1162 κρυψάντων
1603 1092 1696 1144 κοιλ¹

151 1171 219 1241 τὰ
237 1172 658 1244 ἀπεμφαίνοντα,
701 1180 1073 1251 προσαχθῆναι
1100 1183 1336 1253 καὶπερὶ
1363 1183 1469 1235 τῶν
1498 1182 1693 1234 λοιπῶν

151 1267 243 1319 καὶ
268 1265 723 1341 παραδοξωτέρων
753 1272 828 1334 ὡς
855 1273 917 1324 οὐ
956 1273 1374 1344 πεπλασμένων·
1400 1275 1428 1326 ὁ
1453 1273 1510 1326 δὲ
1538 1275 1690 1326 τούν-

147 1357 322 1410 αντίον
384 1360 666 1431 πεποίηκε,
719 1363 812 1415 καὶ
862 1362 931 1417 τά
975 1364 1100 1435 περὶ
1146 1364 1233 1417 τὸν
1285 1366 1425 1426 Λὼτ,
1475 1365 1692 1427 καὶτὰς

147 1448 462 1522 θυγατέρας,
491 1451 615 1506 οὔτε
649 1455 786 1507 κατά
806 1455 865 1508 τὸ
901 1457 1060 1527 ῥητὸν
1092 1456 1367 1521 ἐξετάσας,
1403 1457 1524 1510 οὔτε
1553 1457 1692 1510 κατὰ

144 1540 240 1611 τὴν
290 1543 574 1614 ἀναγωγὴν
626 1545 941 1618 ἐρευνήσας,
998 1546 1140 1600 (τῶν
1197 1548 1495 1600 Θυεστείων
1523 1568 1539 1599 ι
1576 1545 1690 1600 εἷπε

151 1650 168 1681 ι
195 1634 375 1687 κακῶν
403 1635 731 1708 ἀνομώτερα.
763 1656 780 1688 ι
813 1639 891 1691 Τὰ
925 1640 1020 1709 μὲν
1064 1635 1157 1692 οὖν
1196 1641 1294 1710 τῆς
1321 1640 1461 1693 κατά
1486 1641 1575 1693 τὸν
1603 1624 1690 1692 τό-

145 1741 242 1778 πον
269 1727 620 1797 τροπολογίας
646 1730 744 1782 οὐκ
770 1731 1060 1798 ἀναγκαῖον
1091 1731 1187 1784 νῦν
1230 1732 1406 1801 λέγειν
1426 1750 1437 1762 ·
1476 1734 1593 1786 τίνα
1630 1750 1687 1785 τε

140 1816 207 1869 τά
238 1817 459 1887 Σόδομα,
493 1820 584 1872 καὶ
615 1821 752 1882 τίςὸ
781 1821 915 1891 πρὸς
959 1820 1049 1873 τὸν
1105 1824 1308 1876 ἐκεῖθεν
1365 1822 1689 1894 διασῳζόμε-

1807 721 1920 772 lunt
1961 733 2057 770 nos
2097 716 2332 779 imitari;
2372 716 2462 788 sed
2500 718 2638 785 quod
2683 717 2919 785 spiritale
2951 727 3056 782 est,
3090 728 3147 772 ut
3191 719 3334 788 loqui

1751 803 1756 805 ’
1804 819 1986 863 amant
2015 805 2141 862 Jesu
2172 807 2417 875 apostoli.

1870 995 1960 1050 45.
2000 994 2117 1050 Jam
2167 993 2381 1056 Celsus.
2431 1009 2554 1048 cum
2602 995 2747 1048 illam
2805 1006 3082 1050 auctorum
3141 999 3337 1061 divina}

1802 1086 2093 1154 Scriptum
2126 1086 2520 1150 sinceritatem,
2558 1101 2658 1153 qua
2704 1103 2768 1141 ne
2809 1089 3087 1144 inhonesta
3121 1092 3335 1160 quidem

1799 1176 2160 1240 dissimulant,
2198 1176 2424 1240 probare
2453 1176 2726 1232 debuisset
2752 1187 2804 1232 et
2826 1181 3009 1234 eadem
3040 1176 3218 1235 induci
3253 1182 3322 1236 ad

1799 1267 2123 1322 credendum
2150 1276 2344 1322 caetera
2377 1275 2431 1322 e't
2463 1269 2848 1339 prodigiosiora
2876 1285 2980 1326 non
3015 1270 3178 1327 fuisse
3202 1286 3334 1326 con-

1797 1359 1944 1423 ﬁcta,
1975 1361 2305 1415 contrarium
2361 1360 2515 1425 facit,
2555 1370 2609 1415 et
2653 1362 2794 1429 quod
2840 1361 2904 1417 de
2953 1355 3052 1415 [λοι
3109 1364 3333 1432 ejusque

1799 1450 2011 1505 ﬁliabus
2057 1451 2347 1521 refertur”,
2375 1466 2473 1505 nec
2525 1451 2740 1505 Iitterali
2776 1467 2875 1506 nec
2902 1453 3127 1521 Spiritali
3167 1468 3329 1509 sensu

1797 1538 2148 1608 investigato,
2197 1517 2326 1592 iliud
2365 1540 2696 1612 «Thyesteis
2744 1517 3082 1596 facinoribus
3145 1543 3336 1597 imma-

1798 1629 1918 1682 nius
1949 1645 2110 1683 esse»
2142 1631 2472 1697 pronuntiat.
2517 1632 2586 1684 At
2625 1618 2751 1688 vero
2802 1631 2934 1685 nihil
2991 1647 3208 1687 necesse
3254 1642 3337 1688 est

1794 1737 1938 1777 nunc
1973 1723 2171 1788 dicere,
2205 1725 2329 1791 quid
2364 1724 2476 1777 hzec
2503 1723 2722 1778 historia
2752 1722 2914 1795 538
2947 1739 3104 1779 sensu
3154 1735 3336 1794 trepo-

1791 1812 1963 1882 logico
2001 1823 2219 1882 accepta
2274 1817 2497 1880 doceat;
2548 1823 2604 1867 ut
2651 1829 2749 1868 nec
2788 1816 2914 1884 quid
2955 1815 3208 1880 Sodoma,
3243 1824 3335 1873 aut

138 1924 229 1960 νον
257 1909 361 1962 τῶν
405 1911 644 1979 ἀγγέλων
687 1912 859 1980 λόγος,
891 1913 1201 1980 φασκόντων
1222 1932 1234 1945 ο
1272 1933 1289 1965 ι
1325 1916 1414 1986 Μὴ
1440 1916 1673 1986 περιϐλέ⁴

1791 1904 1918 1971 quid
1954 1917 2134 1958 ser-mo
2176 1905 2489 1972 angelorum
2541 1906 2609 1958 ad
2639 1919 2760 1958 eum
2813 1905 2902 1975 qui
2940 1905 3064 1960 inde
3091 1916 3334 1962 servatus

138 1998 218 2071 ψῃ
244 1999 321 2061 είς
347 2002 414 2053 τά
440 2002 631 2065 ὀπίσω,
665 2003 794 2073 μηδὲ
827 2006 956 2074 στῇς
1002 2005 1061 2057 ἐν
1090 2005 1238 2076 πάσῃ
1266 2007 1330 2078 τῇ
1361 2007 1648 2078 περιχώρῳ
1667 2025 1678 2037 ο

139 2094 221 2154 είς
244 2094 302 2145 τὺ
333 2094 456 2163 ὅρος
505 2093 694 2158 σώζου,
751 2097 955 2166 μήποτε
1005 2097 1472 2169 συμπαραληφθῇς
1496 2115 1508 2128 ·
1538 2117 1555 2149 ι
1591 2100 1682 2151 καὶ

135 2183 220 2246 τίς
246 2184 274 2235 ὁ
303 2184 440 2246 Λὼτ,
471 2184 554 2247 τίς
594 2202 653 2236 τε
714 2187 746 2255 ἡ
795 2187 929 2257 γυνὴ
983 2187 1166 2250 αὑτοῦ,
1198 2188 1456 2258 γενομένη
1516 2189 1681 2258 στήλη

136 2273 262 2336 ἀλὸς
284 2273 367 2326 διὰ
394 2274 452 2326 τὺ
485 2275 778 2346 ἐστράφθαι
821 2279 897 2340 εἰς
927 2279 1162 2331 τούπίσω
1182 2297 1193 2308 ·
1218 2280 1309 2332 καὶ
1338 2265 1477 2343 τίνες
1508 2283 1562 2331 αἱ
1593 2281 1683 2333 θυ-

135 2366 361 2437 γατέρες
410 2369 592 2431 αὑτοῦ,
649 2369 1154 2440 καταμεθύσκουσαι
1196 2369 1283 2423 τὸν
1337 2371 1566 2441 πατέρα,
1598 2373 1680 2423 ἵνα

134 2459 400 2525 γένωνται
435 2459 492 2525 ἐξ
526 2459 687 2513 αὑτοῦ
747 2460 991 2544 μητέρες.
1027 2461 1158 2531 Φέρε
1190 2460 1246 2513 δὲ
1284 2461 1350 2513 τὰ
1391 2463 1488 2531 τῆς
1543 2463 1682 2514 κατὰ

131 2549 232 2618 τὴν
290 2551 524 2619 ἱστορίαν
563 2551 926 2620 ἀπεμφάσεως
958 2551 1023 2602 δι’
1064 2551 1256 2618 ὀλίγων
1288 2552 1678 2622 παραμυθησό-

133 2640 295 2710 μεθα.
326 2641 435 2711 Τὴν
464 2641 568 2694 τῶν
598 2642 813 2709 ἀγαθῶν
849 2642 942 2694 καὶ
997 2642 1179 2694 κακῶν
1235 2643 1326 2694 καὶ⁴
1381 2643 1678 2713 ἀδιαφόρων

127 2729 399 2798 ἐζήτησαν
428 2731 519 2781 καὶ
551 2729 803 2798 Ἕλληνες
851 2728 1007 2796 φύσιν
1031 2746 1043 2758 ·
1073 2729 1165 2781 καὶ
1209 2729 1257 2780 οἱ
1303 2729 1680 2796 ἐπιτυγχάνον-

124 2820 221 2880 τές
253 2836 317 2886 γε
351 2818 526 2870 αὐτῶν
557 2818 624 2870 τὰ
661 2820 754 2887 μὲν
780 2817 956 2886 ἀγαθά
1001 2821 1092 2870 καὶ
1137 2819 1279 2870 κακὰ
1309 2817 1676 2869 κατατίθενται

123 2905 186 2955 ἐν
224 2903 537 2974 προαιρέσει
571 2903 720 2974 μόνῃ,
755 2904 925 2956 πάντα
961 2903 1017 2954 δὲ
1054 2903 1314 2973 ἀδιάφορα
1348 2903 1424 2972 τῷ
1455 2904 1566 2974 ίδίῳ
1592 2905 1677 2955 λό-

122 3011 210 3061 γῳ
243 2993 405 3061 φασὶν
433 2989 567 3045 εἶναι
592 2992 658 3044 τὰ
683 2994 848 3063 χωρὶς
879 2995 1248 3063 προαιρέσεως
1287 2993 1671 3063 ἐξεταζόμενα*

118 3081 226 3151 τὴν
271 3081 326 3133 δὲ
367 3080 702 3150 προαίρεσιν,
745 3079 949 3139 τούτοις
991 3081 1272 3150 χρωμένην
1297 3081 1516 3143 δεόντως
1554 3083 1672 3152 μὲν,

118 3172 416 3240 ἐπαινετὴν
460 3167 614 3234 εἶναι,
646 3172 705 3222 οὐ
762 3171 982 3233 δεόντως
1012 3171 1068 3223 δέ
1105 3171 1328 3242 ψεκτήν.
1376 3167 1541 3226 Εἶπον
1583 3170 1676 3226 οὖν
1719 3223 1721 3226 ί

1791 2001 1892 2055 est,
1925 1992 2217 2046 dicentium
2249 2010 2308 2048 ιι
2332 1993 2449 2052 Noli
2483 1993 2750 2062 respicere
2796 2002 2915 2063 post
2962 2002 3189 2063 tergum,
3233 2008 3334 2048 nec

1790 2090 1899 2135 stes
1929 2081 1980 2134 in
2006 2085 2147 2136 omni
2187 2086 2334 2138 circa»
2373 2085 2624 2152 regione;
2655 2085 2746 2138 sed
2785 2084 2838 2138 in
2901 2097 3078 2139 monte
3126 2084 3329 2139 Salvum

1795 2181 1843 2223 te
1875 2170 1976 2236 l‘ac,
2007 2189 2071 2227 ne
2103 2185 2154 2226 et
2185 2183 2238 2227 tu
2272 2174 2426 2226 simul
2459 2188 2646 2242 pereas
2665 2174 2761 2239 “,i
2789 2189 2888 2229 nec
2911 2173 3036 2245 quid
3061 2174 3182 2239 Lot,
3231 2166 3350 2228 nec~

1789 2265 1914 2331 quid
1968 2281 2100 2318 uxor
2130 2264 2245 2333 ejus
2298 2267 2347 2318 in
2405 2266 2709 2320 columnam
2777 2265 2905 2320 salis
2958 2280 3212 2321 conversa
3263 2281 3330 2322 eo

1788 2354 1929 2421 quod
1957 2363 2074 2422 post
2105 2369 2162 2408 se
2190 2364 2536 2422 reSpexerat;
2596 2368 2691 2406 nec
2727 2355 2853 2422 quid
2901 2353 3016 2422 ejus
3049 2354 3168 2408 ﬁlia:
3213 2356 3332 2410 inc-

1790 2442 2028 2497 briantes
2058 2453 2287 2513 patrem,
2320 2455 2375 2497 ut
2400 2458 2461 2498 ex
2498 2445 2588 2497 illo
2620 2455 2814 2498 matres
2837 2445 3045 2499 ﬁerent.
3076 2447 3326 2502 Attamen

1787 2550 1902 2602 quae
1937 2538 2107 2603 magis
2135 2537 2183 2587 in
2215 2536 2315 2589 hac
2340 2537 2561 2591 historia
2601 2537 2848 2591 videntur
2894 2536 3164 2591 offendere
3198 2553 3332 2606 pau-

1786 2626 1863 2677 cis
1892 2616 2246 2680 emolliam-us.
2278 2627 2379 2698 Ipsi
2421 2625 2591 2680 Graci
2641 2626 2968 2694 quaesierunt
3014 2644 3131 2696 qua:
3162 2630 3327 2682 houoo
3394 2637 3402 2644 ‘

1787 2731 1922 2779 rum,
1951 2728 2001 2768 et
2026 2719 2307 2782 malorum,
2337 2729 2392 2772 et
2433 2716 2851 2780 iudiilerentiuin
2904 2727 3092 2772 natura
3134 2721 3234 2785 sit;
3268 2729 3323 2775 ct

1787 2808 1875 2872 qui
1900 2823 2081 2860 eorum
2119 2811 2306 2908 inclitis
2335 2825 2445 2864 rem
2480 2812 2710 2865 assecuti
2740 2821 2883 2875 sunt,
2928 2813 3065 2864 bona
3099 2821 3150 2864 et
3185 2809 3322 2863 mala

1784 2898 2079 2951 docuerunt
2119 2898 2224 2953 sita‘
2257 2901 2379 2970 esse
2432 2902 2483 2954 in
2532 2900 2643 2955 solo
2681 2901 2969 2955 voluntatis
3011 2904 3319 2970 proposito;

1785 2914 2079 2951 nocuerunt
2119 2914 2219 2953 suta
2294 2916 2379 2954 sse
2432 2918 2483 2954 Ill
2532 2914 2643 2955 satu
2681 2914 2969 2955 veluntatis
3011 2914 3319 2970 proposuto;

1785 2973 1834 3037 id
1873 2998 2053 3040 autem
2092 3004 2212 3042 esse
2261 2914 2488 3077 irroprie
2535 2991 2843 3045 inditlercns
2895 2994 3034 3059 quod
3090 2993 3323 3048 electum

1785 3093 1886 3130 non
1905 3089 1985 3132 est
2005 3096 2031 3132 a
2055 3080 2413 3145 volnntate,et
2441 3097 2544 3151 quo
2569 3091 2728 3149 prout
2745 3082 2985 3136 voluntas
3010 3084 3173 3136 utitur
3191 3083 3324 3137 bene

1783 3179 1874 3224 aut
1901 3172 2061 3235 mide,
2090 3172 2244 3224 laude
2286 3183 2377 3224 aut
2417 3175 2680 3241 vituperio
2707 3175 2862 3243 digna
2898 3183 2999 3228 est.
3029 3173 3145 3227 Jam
3195 3189 3323 3230 vero

116 3263 182 3315 ἐν
214 3262 294 3332 τῷ
325 3263 448 3332 περὶ
477 3261 775 3331 ἀδιαφόρων
795 3261 962 3330 τόπῳ,
989 3263 1069 3314 ὃτι
1098 3262 1173 3332 τῷ
1209 3262 1319 3332 ἰδίῳ
1348 3262 1488 3332 λόγῳ
1511 3263 1673 3331 θυγα-

1785 3262 1885 3314 ubi'
1918 3262 1983 3314 de
2034 3262 2458 3316 indiﬁ‘erentibus
2501 3273 2688 3331 agunt,
2735 3266 2873 3318 inter
2922 3280 2985 3319 ea
3041 3277 3324 3321 recensent

112 3354 288 3424 τράσι
324 3353 606 3423 μίγνυσθαι
650 3352 934 3421 ἀδιάφορόν
988 3355 1152 3416 ἐστιν,
1184 3354 1228 3405 εί
1263 3355 1355 3405 καὶ
1384 3352 1455 3423 μὴ
1486 3353 1587 3424 χρὴ
1618 3355 1674 3404 ὲν

112 3449 242 3507 ταῖς
277 3443 642 3508 καθεστώσαις
669 3444 959 3507 πολιτείαις
980 3446 1038 3496 τὸ
1060 3445 1295 3498 τοιοῦτον
1342 3448 1533 3498 ποιεῖν.
1567 3448 1673 3498 Καὶ

110 3536 428 3597 ὑποθέσεως
465 3535 641 3604 χάριν,
670 3532 804 3606 πρὸς
851 3535 1187 3605 παράστασιν
1233 3533 1326 3586 τοῦ
1388 3535 1671 3606 ἀδιάφορον

106 3623 260 3677 εἶναι
299 3624 358 3676 τὸ
387 3625 638 3687 τοιοῦτον,
680 3625 1042 3694 παρειλήφασι
1069 3625 1160 3677 τὸν
1200 3625 1356 3693 σοφὸν
1403 3626 1536 3693 μετά
1574 3627 1672 3694 τῆς

104 3716 390 3787 Θυγατρὸς
445 3716 606 3786 μόνης
652 3716 1152 3786 καταλελειμμένον.
1203 3716 1398 3779 παντὸς
1442 3717 1533 3768 τοῦ
1564 3718 1670 3770 τῶν

102 3809 423 3877 ἀνθρώπων
463 3807 651 3874 γένους
701 3808 1120 3878 διεφθαρμένου·
1172 3812 1263 3862 καὶ
1322 3810 1591 3880 ζητοῦσιν,
1623 3814 1670 3864 εί

103 3898 467 3966 καθηκόντως
497 3899 524 3950 ό
554 3897 732 3968 πατὴρ
755 3899 1124 3952 συνελεύσεται
1153 3903 1216 3970 τῇ
1258 3900 1502 3971 θυγατρὶ,
1533 3902 1670 3972 ὑπὲρ

95 3990 208 4044 τοῦ
241 3990 316 4060 μὴ
346 3989 656 4052 ἀπολέσθαι,
692 3992 809 4042 κατ’
846 3990 1010 4059 αὐτὴν
1055 3991 1149 4062 τὴν
1177 3991 1444 4054 ὑπόθεσιν,
1476 3991 1535 4044 τὸ
1565 3995 1670 4045 πᾶν

93 4082 222 4133 τῶν
250 4080 548 4151 ἀνθρώπων
591 4080 762 4147 γένος.
799 4073 923 4150 'Ap‘
951 4077 1041 4133 οὖν
1083 4081 1231 4151 παρά
1287 4082 1382 4150 μὲν
1419 4081 1668 4150 Ἕλλησιν

93 4173 286 4239 ὑγιῶς
331 4172 498 4222 ταῦτα
539 4171 769 4238 λέγεται,
818 4171 908 4222 καὶ
952 4172 1049 4222 οὐκ
1097 4172 1557 4241 εὐκαταφρόνητος
1582 4174 1670 4223 αὑ-

87 4267 224 4324 τοῖς
261 4265 468 4332 αἵρεσις
503 4264 535 4331 ή
564 4262 670 4313 τῶν
703 4261 951 4313 Στωϊκῶν
984 4261 1093 4330 (70)
1131 4263 1498 4330 συναγορεύει·
1531 4262 1666 4314 ἐπάν

81 4355 156 4405 δὲ
184 4353 370 4420 κόρια,
405 4353 528 4420 περὶ
557 4351 915 4420 ἐκπυρώσεως
939 4350 1031 4401 τοῦ
1063 4351 1260 4419 κόσμου
1293 4351 1663 4420 μεμαθηκότα,

79 4444 161 4495 οὐ
213 4440 586 4509 τετρανωκότα
617 4439 691 4502 δέ,
738 4440 907 4490 ἰδόντα
954 4437 1062 4508 πῦρ
1090 4439 1354 4508 διειληφὸς
1383 4442 1479 4510 τὴν
1513 4444 1664 4493 πόλιν

79 4533 290 4586 αὐτῶν
319 4533 410 4584 καὶ
437 4532 532 4602 τήν
573 4531 772 4600 χώραν,
806 4529 1248 4599 ὑπολαμϐάνοντα
1294 4530 1540 4602 ζώπυρόν
1569 4533 1662 4585 τοῦ

75 4625 301 4693 γένους
339 4621 445 4672 τῶν
487 4621 783 4692 ἀνθρώπων
829 4620 1235 4688 καταλελεῖφθαι
1277 4623 1333 4672 ἐν
1372 4621 1448 4692 τῷ
1496 4626 1660 4692 πατρὶ

75 4715 200 4770 καὶ
227 4715 435 4775 αὐταῖς,
454 4711 680 4782 βουληθῇ
707 4711 793 4764 διὰ
824 4713 920 4782 τὴν
950 4713 1151 4766 τοιάνδε
1181 4713 1440 4783 ὑπόληψιν
1465 4717 1659 4785 συστή-

72 4827 162 4863 cra
177 4807 306 4858 σθαι
327 4807 415 4858 τὸν
447 4805 672 4873 κόσμον,
700 4804 953 4857 ἐλάττονα
977 4804 1126 4857 ἐσται
1156 4804 1247 4857 τοῦ
1266 4806 1402 4858 κατὰ
1423 4807 1519 4875 τὴν
1553 4807 1657 4859 τῶν

67 4899 362 4954 Στωϊκῶν
416 4899 667 4950 ὑπόθεσιν
714 4898 874 4966 σοφοῦ
925 4897 1266 4967 καθηκόντως
1293 4900 1349 4950 ἐν
1390 4902 1454 4968 τῇ
1487 4899 1660 4968 φθορᾷ

63 4996 211 5048 τῶν
242 4991 459 5043 πάντων
486 4989 781 5059 ἀνθρώπων
814 4989 1136 5058 μιγνυμένου
1168 4991 1283 5050 ταῖς
1307 4989 1654 5058 θυγατράσιν;

58 5087 216 5139 Οὐκ
269 5080 446 5148 ἀγνοῶ
477 5081 519 5132 δ’
549 5083 626 5134 ὅτι
656 5079 1051 5151 προσκόψαντές
1083 5096 1223 5140 τινες
1249 5078 1324 5146 τῷ
1364 5079 1658 5148 βουλήματι

55 5177 209 5232 τῶν
239 5172 334 5223 τοῦ
383 5171 500 5223 Λὼτ
530 5171 860 5239 θυγατέρων,
889 5170 981 5221 καὶ
1007 5168 1214 5220 ἀνόσιον
1243 5169 1302 5218 τὸ
1328 5169 1484 5238 ἔργον
1517 5167 1653 5222 εἶναι

53 5265 464 5334 ὑπειλήφασι·
516 5268 606 5318 καὶ
663 5265 737 5327 ὡς
785 5263 842 5327 ἐξ
881 5261 1106 5314 ἀνοσίων
1161 5259 1355 5329 μίξεων
1403 5262 1652 5330 εἰρήκασι

157 5449 190 5480 ’
222 5448 363 5502 Gen.
401 5461 510 5506 XIX,
540 5445 626 5500 55.
704 5448 744 5477 ¹⁰
780 5445 914 5500 Gen.
961 5462 1075 5511 χιχ,
1112 5445 1198 5497 17.

39 5607 222 5674 post
277 5593 441 5674 codex
487 5587 827 5650 Basileensis,
859 5588 1240 5657 ὴλληγόρηται.
1299 5584 1450 5637 Libh.
1491 5584 1644 5646 editi,

34 5663 500 5738 ἂλληϊορὲξαι-
528 5729 564 5738 __
646 5733 667 5738 μ
712 5724 739 5735 -

140 5722 287 5808 (τό)
314 5722 462 5808 ’Τῶν
511 5724 801 5808 ιῑτωτκῶφς.
842 5725 1054 5808 ‘Clem;
1090 5726 1276 5808 Alexin
1315 5722 1508 5808 ’Slrom.
1533 5738 1593 5802 "ll
1629 5740 1640 5773 :

32 5794 221 5868 Ἐιὶι
271 5794 411 5856 κατὰ
471 5796 567 5868 μὲν
604 5797 724 5855 τοὺς
752 5794 866 5868 eme
894 5795 995 5868 ’τῆς⁸
1021 5797 1182 5868 Στοᾷς
1215 5794 1497 5868 ἀδιάφορον
1529 5794 1643 5867 ὅτε

25 5861 276 5955 τῖέὲος
301 5873 336 5943 ἢ
453 5861 1298 5955 έῗιᾷῗῖίῗθῗέξῗιεἱῆἳ¹¹ἱὲ¹ἑ⁵ηί¹ζξῗέᾋ
1317 5861 1642 5955 ξιιὲειξηηιῖ

31 5931 74 6008 :1
89 5931 364 6006 iacietis
395 5940 520 6007 quid
557 5931 676 5990 sunt
702 5933 899 6000 nupti-2c
923 5943 977 5985 et
1012 5933 1300 5986 liberorum
1322 5931 1585 5983 educatio.
1617 5949 1632 5978 ι

1779 3368 1896 3405 cum
1948 3355 2054 3406 ﬁlia
2097 3354 2467 3418 concubitum,
2518 3357 2766 3422 quamvis
2815 3357 2864 3410 id
2928 3359 2980 3411 in
3013 3359 3322 3414 constitutis

1773 3445 2076 3497 civitatibus
2112 3444 2225 3496 ﬁeri
2270 3461 2370 3497 non
2410 3456 2676 3513 oporteat.
2711 3448 2887 3515 Atque
2929 3457 2986 3502 ut
3032 3451 3321 3504 ostendant

1774 3525 1907 3588 illud
1952 3549 2078 3611 esse
2124 3533 2464 3599 indiﬁ'erens,
2521 3548 2728 3605 ponunt
2772 3543 3067 3606 sapientem
3119 3541 3316 3603 solum,

1775 3633 1886 3692 toto
1913 3625 2148 3676 humano
2177 3639 2374 3692 genere
2415 3627 2714 3693 exstincto,
2754 3643 2874 3681 cum
2924 3630 3037 3681 sola
3073 3645 3166 3683 sua
3211 3629 3317 3685 ﬁlia

1747 3710 2016 3767 ‘rclictuin
2075 3730 2193 3768 esse
2240 3711 2610 3782 superstitem,
2659 3730 2711 3771 et
2765 3728 3013 3794 quaerunt
3060 3719 3316 3774 liceretne

1772 3806 2005 3873 sapienti
2039 3822 2158 3858 cum
2190 3806 2292 3858 ﬁlia
2323 3809 2703 3872 concumbere,
2739 3817 2794 3858 ut
2822 3823 2887 3860 ne
2934 3816 3103 3860 totum
3137 3809 3314 3863 homi-

1772 3911 1894 3947 num
1952 3909 2117 3964 genus
2157 3896 2377 3962 periret.
2416 3897 2496 3947 An
2547 3896 2658 3949 hmc
2709 3906 2856 3949 recte
2904 3898 3236 3951 disserentur
3281 3914 3313 3955 ι

1771 3988 1975 4041 Grzecis
2014 3995 2067 4039 et
2092 3965 2422 4051 a‘spectabili
2459 3986 2597 4052 apud
2639 3986 2783 4053 ipsos
2829 3984 3130 4040 Stoicorum
3166 3998 3313 4044 secta

1771 4079 2292 4144 coniprohalmntur;
2318 4085 2369 4127 et
2403 4075 2610 4141 puellm,
2642 4090 2758 4142 qua:
2785 4075 2849 4128 de
2879 4077 3061 4130 mundi
3108 4077 3314 4131 conﬁa-

1769 4169 2013 4232 ,ξι-οιίοιιο
2043 4170 2324 4221 audierant
2369 4181 2466 4220 nec
2520 4174 2693 4218 tamen
2727 4167 2882 4234 plene
2914 4169 3309 4232 intellexerant,

1767 4274 1884 4324 qua:
1912 4260 2136 4312 ﬂaminis
2165 4261 2351 4312 urbem
2380 4273 2530 4311 suam
2580 4269 2634 4311 et
2681 4274 2841 4328 agros
2892 4261 3201 4329 absumptos
3234 4263 3314 4316 τί·
3361 4257 3364 4260 ί

1771 4350 1986 4417 debant,
2019 4366 2137 4416 qua:
2183 4352 2232 4402 in
2283 4367 2338 4403 se
2369 4351 2495 4403 solis
2527 4361 2580 4403 ct
2613 4362 2769 4418 patre
2800 4351 3048 4405 relictum
3075 4367 3192 4405 esse
3222 4367 3314 4420 pu-

1770 4441 1951 4491 labant
1978 4442 2188 4506 generis
2234 4442 2448 4494 humani
2489 4443 2855 4506 seminarium,
2889 4443 2932 4496 si
2966 4445 3064 4495 hac
3096 4444 3308 4510 Opinio-

1777 4546 1842 4582 ne
1887 4542 2143 4598 perinota:
2177 4534 2362 4586 mundi
2396 4533 2599 4587 sarcire
2633 4534 2814 4586 ruinas
2854 4534 3139 4595 voluerint,
3167 4535 3312 4603 pejo-

1771 4635 1856 4674 res
1888 4633 2043 4675 erunt
2070 4624 2159 4675 illo
2193 4625 2452 4691 sapiente,
2498 4624 2610 4690 qni,
2643 4633 2699 4675 ut
2734 4621 2897 4677 Stoici
2929 4635 3146 4690 ponunt,
3185 4638 3309 4691 per-

1767 4721 1927 4767 eunte
2011 4717 2208 4767 mundo
2261 4723 2438 4785 posset
2488 4715 2633 4765 nullo
2674 4714 2904 4766 crimine
2926 4730 3044 4766 cum
3073 4729 3164 4767 sua
3199 4714 3308 4769 ﬁlia

1767 4805 1949 4859 liberis
1978 4821 2193 4873 Operam
2223 4806 2385 4857 dare?
2417 4804 2540 4858 Scio
2574 4805 2862 4857 nonnullus
2909 4804 3074 4856 fuisse
3113 4807 3308 4871 quibus

1769 4897 2096 4951 oﬁendiculo
2152 4906 2291 4949 esset
2350 4897 2490 4948 istud
2556 4895 2780 4947 ﬁliarum
2835 4894 2934 4947 Lot
2998 4895 3302 4958 consilium,

1766 4991 1964 5056 quique
2003 4989 2269 5042 nefarium
2315 4990 2622 5056 judicarent
2669 4991 2809 5059 quod
2860 4989 3120 5051 fecerunt,
3153 4998 3204 5041 et
3238 5003 3299 5040 ex

1767 5080 1856 5132 illo
1889 5081 2093 5132 incesto
2128 5082 2412 5134 concubitu
2461 5082 2696 5133 dicerent
2726 5091 2937 5132 cxortas
2981 5080 3142 5132 fuisse
3170 5080 3304 5133 duas

1759 5179 2070 5223 exsecratas
2100 5181 2286 5237 gentes
2325 5171 2677 5223 Moabitarum
2740 5182 2792 5222 et
2851 5169 3297 5222 Ammonitarnin.

1760 5262 1822 5311 li‘t
1875 5276 2054 5312 revera
2093 5262 2232 5311 istud
2281 5261 2455 5312 divina
2518 5259 2794 5324 Scriptura
2835 5275 2931 5311 nec
2970 5269 3148 5326 aperte
3182 5274 3298 5328 pro-

1758 5582 2101 5637 'l‘heodoreL.
2139 5592 2301 5630 scrm.
2346 5575 2433 5633 12,
2465 5573 2536 5625 De
2577 5575 2764 5626 rirlnle
2793 5575 2962 5625 activa
2991 5590 3007 5625 .'
3037 5574 3096 5625 Οί
3119 5573 3173 5622 δὲ
3203 5571 3298 5637 τῆς

1755 5649 2004 5718 Ποικίλης
2035 5649 2200 5717 μέσην
2228 5647 2342 5697 τινὰ
2371 5645 2484 5695 ὁδὸν
2513 5643 2746 5718 ὥδευσαν
2765 5660 2778 5673 ⁸
2811 5643 3056 5718 τοῖς-γὰρ.
3078 5641 3298 5718 ἀδιαφό-

1757 5737 1866 5787 ροις
1894 5710 1982 5769 τὸν
2011 5710 2180 5786 γάμον
2213 5716 2302 5766 καὶ
2333 5718 2427 5782 την
2456 5713 2791 5778 παιδογονίαν
2816 5710 3154 5787 ξυνέξευξαν..
3186 5729 3201 5756 ι
3227 5711 3296 5784 At

1755 5780 1924 5840 Stoici
1986 5780 2155 5839 Ilit'tilll
2201 5780 2428 5850 qnmlain
2487 5785 2573 5832 via
2635 5785 2980 5852 incesserunt.
3029 5780 3287 5852 (θρέψιςώ

1752 5859 1894 5913 enim
1932 5873 1993 5909 ac
2044 5843 2333 5908 liberorum
2371 5852 2764 5917 susceptionem
2802 5852 2940 5902 inter
2971 5843 3286 5900 indifferen-

1753 5928 1821 5979 tia
1859 5932 2258 5981 rccensucrunt.
2283 5941 2300 5972 ›
2335 5922 2591 5975 Srssesa.
