4056 6310
745 356 886 420 “07

2174 355 2488 412 ORIGENIS

3827 337 3942 398 “id

747 495 925 536 rermn
963 478 1202 534 omnium
1227 488 1477 533 ornatum
1512 479 1811 532 continere.
1849 475 2126 531 Materiam
2148 481 2289 529 enim

2403 480 2519 540 τοὺς
2564 475 2964 547 σπερματικοὺς
2996 473 3183 547 λόγους
3219 469 3314 523 τοῦ
3349 468 3470 522 θεοῦ
3524 470 3559 537 ή
3615 467 3724 535 ὕλη
3784 477 3964 533 παρεια-

752 573 803 626 ἰη
859 574 957 626 hac
1003 572 1179 625 Samia
1238 571 1412 624 tabula
1465 568 1604 623 Juno
1662 569 2023 639 signiﬁcabat,
2085 569 2296 636 Jupiter

751 673 879 715 vero
908 662 1092 716 Deum.
1123 662 1243 716 lltec
1264 703 1276 724 ,
1308 673 1361 714 et
1397 662 1515 716 alite
1549 669 1815 714 sexcenta:
1860 659 2060 712 similes
2108 661 2297 713 fabula:

753 755 805 807 in
863 768 1023 807 causa
1075 762 1219 816 sunt,
1254 768 1350 806 cur
1401 767 1670 805 summum
1728 751 1883 806 deum
1936 747 2295 824 Jovis,s_olem

750 845 1037 914 Apollinis,
1066 846 1242 898 lunam
1267 846 1447 898 Diana:
1475 844 1691 898 nomine
1725 844 1992 914 appellare
2045 843 2294 899 nolimus.

756 939 861 992 Sed
909 953 1096 1007 puram
1142 938 1194 991 in
1245 936 1584 992 Conditorem
1651 943 1966 990 exercentes
2022 922 2299 1005 pietatem,

753 1029 1113 1099 praaclaraque
1168 1030 1284 1095 ejus
1337 1042 1502 1095 opera
1559 1027 1838 1080 laudantes
1871 1065 1887 1089 .
1954 1041 2023 1080 ne
2085 1025 2300 1084 nomine

751 1104 968 1187 quidem
1007 1134 1092 1172 res
1117 1119 1323 1170 divinas
1351 1117 1800 1171 contaminamus.
1842 1117 1956 1183 Qua
2008 1116 2059 1170 in
2097 1132 2154 1171 re
2181 1115 2296 1190 Pla-

754 1220 930 1266 tonem
955 1210 1357 1276 sequimur,qui
1396 1209 1444 1261 in
1482 1207 1696 1261 Philebo
1721 1209 2040 1276 voluptatem
2082 1207 2132 1261 in
2173 1208 2301 1262 deos

754 1295 916 1368 negat
961 1312 1080 1353 esse
1130 1297 1462 1371 referendam
1521 1313 1532 1348 :
1591 1316 1609 1348 ι
1681 1297 1792 1351 Mea
1844 1298 1984 1352 enim
2039 1299 2151 1352 haec
2197 1306 2297 1364 est,

755 1389 909 1462 541
973 1390 1165 1458 inquit,
1203 1404 1237 1443 o
1287 1390 1596 1454 Protarcho,
1632 1404 1756 1458 erga
1815 1389 2028 1441 nomina
2082 1389 2300 1441 deormu

760 1481 1084 1536 reverentia.
1123 1499 1141 1532 ι
1174 1479 1280 1535 Nos
1333 1480 1494 1550 igitur
1553 1483 1815 1535 adversus
1869 1479 1962 1534 Dei
2017 1481 2302 1548 [ιι-πριιινο-

716 1626 718 1629 ,
759 1587 980 1640 rumque
1005 1571 1121 1639 ejus
1143 1587 1364 1641 operum
1393 1587 1586 1626 nomen
1617 1587 1736 1625 eam
1782 1571 2097 1624 adhibemus
2150 1586 2298 1625 reve-

758 1661 1003 1726 rentiam,
1034 1671 1092 1714 ut
1120 1678 1186 1718 ne
1218 1663 1561 1731 tropologicae
1588 1663 1802 1730 quidem
1831 1663 2304 1730 interpretationis

755 1763 1012 1822 prmtcxtu
1049 1756 1399 1809 admittamus
1432 1756 1593 1808 ullam
1632 1754 1906 1820 fabulam,
1943 1770 2062 1824 qua:
2107 1755 2300 1823 juven-

757 1847 885 1900 tutis
911 1862 1256 1916 corrumpere
1286 1847 1494 1902 animos
1525 1847 1714 1915 possit.

825 2115 912 2170 49.
940 2114 1086 2178 Quod
1113 2115 1156 2168 si
1186 2115 1400 2184 legisset
1426 2127 1637 2170 nostras
1656 2129 1811 2184 aequo
1845 2114 2025 2168 animo
2057 2114 2306 2182 Scriptu-

758 2221 865 2269 ras,
892 2221 994 2259 non
1025 2207 1247 2261 dixisset
1276 2207 1460 2274 utique
1490 2227 1509 2257 ι
1545 2221 1637 2260 eas
1670 2220 1775 2258 non
1809 2218 1965 2274 posse
2000 2204 2302 2272 allegoriam

755 2299 885 2365 pati.
923 2317 942 2349 ι
971 2297 1154 2365 Neque
1191 2298 1331 2352 enim
1360 2312 1425 2350 ex
1457 2297 1680 2350 historia
1714 2297 1845 2363 ipsa,
1874 2295 1965 2348 sed
1991 2311 2056 2348 ex
2089 2295 2308 2362 prophe-

757 2387 846 2443 tiis
892 2387 943 2440 in
988 2389 1182 2454 quibus
1231 2387 1470 2441 historia:
1507 2395 1825 2445 narrantur,
1867 2399 2191 2453 cognoscere
2228 2393 2308 2436 est

755 2493 878 2546 qua
908 2479 1020 2537 sint
1055 2479 1290 2532 historia:
1319 2493 1441 2547 qum
1470 2492 1533 2530 eo
1573 2476 1675 2542 [ine
1697 2477 1908 2543 scriptze
1940 2484 2065 2529 sunt
2095 2485 2150 2528 ut
2179 2475 2307 2528 alle-

757 2567 926 2632 goriis
950 2564 1347 2636 explicarentur
1380 2582 1394 2620 :
1427 2566 1568 2634 quod
1597 2567 1991 2634 sapientissime
2032 2565 2304 2633 provisum

757 2669 863 2721 est.
896 2669 954 2712 ut
977 2666 1028 2712 et
1059 2659 1284 2726 simplici
1317 2658 1547 2711 ﬁdelium
1581 2656 1737 2725 vulgo
1787 2667 1840 2710 et
1871 2657 1935 2710 iis
1966 2656 2147 2725 paucis
2174 2670 2305 2708 con-

758 2748 1005 2804 venirent
1033 2749 1119 2817 qui
1156 2749 1423 2803 res‘altius
1453 2759 1506 2802 et
1536 2748 1829 2816 prudenter
1855 2749 2085 2801 scrutari
2112 2746 2306 2800 vellent

761 2848 855 2891 aut
885 2848 1120 2907 possent.
1162 2840 1236 2894 Ac
1264 2839 1488 2893 fortasse
1532 2838 1804 2909 probabile
1835 2839 1961 2906 quid
1993 2837 2180 2892 Celsus
2222 2837 2305 2891 di-

760 2941 885 2980 cere
915 2927 1203 2991 videretur,
1235 2930 1277 2983 si
1315 2929 1626 2996 Scripturas
1657 2927 1932 2997 allegoriis
1964 2927 2305 2993 interpretari

761 3017 1034 3072 inventum
1060 3031 1201 3074 esset
1232 3036 1419 3074 recens
1441 3021 1505 3073 ab
1529 3021 1594 3074 iis
1617 3018 1864 3074 e‘Judaris
1885 3029 1937 3074 et
1959 3018 2303 3081 Christianis,

765 3117 898 3170 quos
924 3096 1109 3158 Celsus
1140 3107 1491 3160 modestiores
1533 3117 1722 3172 vocat,
1767 3108 2146 3175 excogitatum;
2185 3121 2302 3159 cum

765 3203 944 3247 autem
987 3195 1038 3248 id
1075 3196 1298 3250 fecerint
1338 3199 1416 3251 vel
1461 3199 1561 3267 ipsi
1615 3200 1914 3267 dogtnatum
1961 3208 2211 3266 parentes
2254 3208 2308 3250 et

764 3284 1077 3352 scriptores;
1103 3287 1229 3354 quid
1261 3288 1401 3340 aliud
1450 3288 1789 3357 cogitandum
1836 3299 1957 3350 est,
2007 3304 2167 3356 quam
2218 3287 2306 3340 illa

766 3375 934 3430 fuisse
961 3378 1157 3445 scripta
1194 3378 1290 3442 sic,
1323 3388 1381 3432 ut
1411 3394 1594 3432 eorum
1629 3380 1895 3448 praecipua
1925 3393 2074 3432 mens
2101 3379 2151 3432 in
2180 3379 2308 3432 alle-

766 3568 980 3615 nostras
1001 3561 1316 3615 calumniari
1351 3562 1680 3630 Scripturas.
1705 3579 1824 3616 cum
1850 3579 1940 3618 eas
1970 3565 2042 3616 ait
2064 3567 2170 3633 pati
2204 3581 2306 3619 non

764 3662 923 3718 posse
951 3649 1278 3718 allegoriam,
1303 3666 1471 3718 pauca
1507 3667 1535 3705 e
1568 3653 1746 3706 multis
1777 3655 2019 3723 exempla
2067 3656 2306 3726 seligant.

767 3736 858 3793 Sic
885 3738 1082 3793 Paulus
1107 3739 1231 3795 Jesu
1264 3745 1537 3810 apostolus
1575 3762 1589 3798 :
1622 3763 1639 3794 ι
1676 3744 1730 3798 ln
1760 3746 1872 3815 lege
1901 3747 2156 3815 scriptum
2185 3758 2305 3802 est:

771 3825 881 3879 Non
913 3817 1158 3896 alligabis
1182 3846 1242 3884 os
1274 3832 1393 3885 bovi
1433 3835 1731 3888 trituranti.
1767 3833 2013 3902 Nunquid
2043 3837 2109 3890 de
2141 3837 2309 3892 bobus

769 3933 896 3972 cura
926 3928 1007 3972 est
1033 3919 1255 3974 Deo?An
1287 3933 1504 3990 propter
1535 3941 1629 3978 nos
1659 3927 1841 3995 utique
1875 3927 1977 3980 hoc
2003 3928 2156 3982 dicit?
2178 3929 2307 3981 Nam

770 4017 984 4074 propter
1017 4024 1112 4062 nos
1147 4013 1340 4078 scripta
1374 4022 1515 4076 Sunt,
1541 4017 1789 4081 quoniam
1806 4015 1960 4070 debet
1993 4018 2046 4069 in’
2076 4031 2188 4083 spe,
2220 4021 2307 4086 qui

770 4107 906 4161 arat,
936 4114 1110 4165 arare,
1134 4110 1190 4154 et
1214 4102 1303 4169 qui
1333 4105 1545 4157 triturat
1574 4107 1623 4158 in
1661 4122 1752 4174 spe
1779 4108 1989 4161 fructus
2014 4108 2310 4177 percipien-

767 4191 822 4245 di
862 4191 925 4244 ⁹¹.
959 4210 976 4241 ι
1009 4191 1074 4244 Ει
1107 4192 1211 4245 alio
1246 4194 1297 4245 in
1330 4193 1444 4247 loco
1475 4214 1487 4248 :
1527 4215 1545 4247 ί
1584 4197 1856 4268 Scriptum
1884 4209 1966 4253 est
1989 4201 2151 4262 enim,
2185 4214 2308 4266 pro-

767 4293 888 4354 pter
915 4278 1015 4336 nor-
1043 4283 1304 4352 relinquet
1333 4286 1490 4340 homo
1525 4297 1726 4356 patrem
1757 4298 1802 4341 el
1838 4299 2085 4353 matrem,
2129 4289 2309 4347 etad-

769 4374 994 4430 Ιιιεινίιι
1023 4376 1173 4429 uxori
1207 4391 1332 4436 sum,
1368 4384 1422 4430 et
1449 4388 1605 4435 erunt
1641 4379 1745 4432 duo
1776 4379 1823 4431 in
1849 4394 2010 4432 carne
2038 4394 2161 4431 una.
2199 4379 2308 4448 My-

2394 567 2652 638 δεξαμένη
2672 543 2785 635 έχει
2811 566 2866 617 ἐν
2903 566 3064 632 ἐαυτῇ
3095 543 3174 626 είς
3215 560 3617 629 κατακόσμησιν
3647 556 3767 609 τῶν
3806 555 3970 606 Eius-

2399 660 2533 728 ’Ὑλη
2560 658 2666 728 γὰρ
2713 660 2745 726 ἡ
2781 659 2836 708 ἐν
2892 660 2954 726 τῇ
3001 653 3141 708 κατὰ
3171 655 3269 724 τὴν
3294 653 3472 721 Σάμον
3506 652 3693 720 γραφῇ
3727 650 3761 717 ἡ
3795 647 3968 716 Ἦρα.

2397 751 2486 802 καὶ
2517 750 2544 802 6
2568 749 2684 811 θεὸς
2707 751 2734 801 6
2763 747 2913 809 Ζεύς.
2958 745 3066 796 Καὶ
3086 743 3172 796 διὰ
3202 742 3368 796 ταῦτα
3401 741 3465 810 δὴ
3499 741 3678 809 ἡμεῖς,
3733 738 3826 789 καὶ
3877 736 3972 787 5;:

2396 842 2520 902 τοὺς
2569 838 2840 901 τοιούτους
2887 837 3085 907 μύθους
3153 835 3246 888 καὶ
3301 831 3492 894 ἄλλους
3546 829 3800 900 μυρίους,
3841 827 3972 879 οὐδὲ

2414 936 2611 1019 μέχρις.
2643 931 2898 999 ὀνόματος
2945 929 3166 997 θέλομεν
3213 926 3310 978 Δία
3361 924 3543 1019 καλεῖν
3574 923 3662 1019 τὸν
3691 923 3792 974 ἐπὶ
3826 922 3974 1019 adet

2358 1020 2366 1029 ἱ
2414 1010 2538 1102 θεὸν,
2565 1011 2673 1072 οὐδ’
2710 1020 3012 1073 Ἀπόλλωνα
3063 1018 3151 1069 τὸν
3182 1018 3351 1086 ἥλιον,
3400 1014 3506 1068 οὐδ’
3543 1014 3818 1083 ’Ἄρτεμιν
3862 1010 3972 1076 τὴν

2405 1123 2638 1188 σελήνην.
2688 1113 2847 1165 Ἀλλὰ
2880 1108 3121 1181 καθαρὰν
3145 1108 3421 1160 εὐσέϐειαν
3454 1108 3532 1168 είς
3557 1104 3647 1156 τὸν
3700 1103 3974 1172 δημιουρ-

2399 1209 2491 1272 γὺν
2522 1201 2830 1264 ἀσκοῦντες,
2878 1203 2968 1254 καὶ
2996 1200 3063 1253 τὰ
3093 1199 3232 1252 καλὰ
3263 1195 3429 1253 αὐτοῦ
3496 1193 3972 1266 δημιουργήματα

2400 1292 2914 1362 εύφημοῦντες,ούδέ
2939 1292 3096 1361 μέχρι
3117 1289 3374 1358 ὀνόματος
3394 1288 3682 1358 χραίνομεν
3715 1285 3792 1338 τὰ
3826 1285 3971 1336 Θεῖα·

2400 1385 2775 1454 ἀποδεχόμενοι
2802 1383 2893 1437 τοῦ
2921 1371 3196 1444 Πλάτωνος
3216 1380 3306 1434 τὸν
3324 1382 3385 1432 ἐν
3399 1380 3631 1444 Φιλήϐῳ
3644 1379 3763 1450 (81)
3787 1378 3970 1444 λόγον,

2406 1475 2477 1545 μὴ
2503 1473 2846 1544 βουληθέντος
2877 1473 2974 1543 τὴν
2996 1471 3183 1543 ἡδονὴν
3212 1468 3606 1540 παραδέξασθαι
3633 1468 3762 1521 θεόν
3793 1485 3808 1498 ο
3851 1487 3867 1516 ι
3901 1468 3977 1517 Ta

2402 1567 2508 1638 γὰρ
2544 1567 2691 1636 ἐμὸν,
2741 1566 2891 1636 φησὶ,
2937 1565 3071 1628 δέος,
3103 1557 3147 1616 ὦ
3181 1563 3496 1633 Πρώταρχε,
3545 1560 3674 1630 περὶ
3715 1559 3791 1612 τὰ
3862 1558 3976 1609 τῶν

2404 1659 2539 1712 θεῶν
2567 1660 2799 1728 ὀνόματα
2849 1658 3043 1710 τοιόνδε
3095 1658 3261 1710 ἐστίν.
3293 1676 3312 1708 ι
3372 1656 3559 1724 Ἡμεῖς
3599 1649 3692 1705 οὖν
3751 1652 3978 1722 ἀληθῶς
4034 1709 4035 1712 η

2405 1751 2595 1822 ἔχομεν
2623 1751 2737 1814 δέος
2761 1751 2887 1820 περὶ
2917 1751 2977 1802 τὸ
3009 1751 3177 1820 ὄνομα
3213 1749 3306 1802 τοῦ
3339 1747 3472 1800 Θεοῦ
3503 1745 3595 1799 καὶ
3632 1745 3743 1797 τῶν
3792 1745 3973 1797 καλῶ-α

2335 1827 2375 1880 Β
2404 1841 2564 1895 αὑτοῦ
2607 1841 3112 1911 δημιουρῃμάτων,
3144 1840 3219 1903 ὼς
3255 1840 3384 1909 μηδὲ
3441 1838 3706 1907 προφάσει
3771 1853 3973 1907 τροποα

2401 1934 2585 2001 λογίας
2664 1932 2826 2002 μῦθόν
2861 1949 2979 1985 τινα
3015 1930 3414 2004 παραδέξασθαι
3474 1929 3565 1982 ἐπὶ
3632 1927 3814 2000 βλάϐῃ
3864 1928 3974 1980 τῶν

2402 2023 2554 2075 νέων.

2473 2114 2533 2166 ΕΞ
2561 2113 2605 2165 δ’
2635 2113 2940 2177 ἀδεκάστως
2968 2095 3258 2181 ἀνεγνώκει
3287 2113 3380 2183 τὴν
3405 2112 3627 2183 Γραφὴν
3661 2112 3689 2163 6
3735 2109 3968 2169 Κέλσος,

2403 2205 2500 2256 οὐκ
2527 2204 2590 2256 ἂν
2627 2202 2774 2256 εἶπεν
2819 2224 2836 2256 ι
2890 2205 2986 2274 οὐχ
3021 2200 3108 2257 οἷα
3141 2205 3466 2275 ἀλληγορίαν
3515 2203 3866 2272 ἐπιδέχεσθαι
3895 2200 3966 2252 εἷ-

2404 2312 2489 2346 ναι
2528 2314 2543 2344 ι
2572 2295 2639 2357 τὰ
2659 2295 2958 2365 γράμματα
2979 2296 3153 2365 ἡμῶν.
3190 2295 3320 2348 Ἀπὸ
3343 2295 3450 2364 γὰρ
3469 2276 3577 2347 τῶν
3599 2295 3965 2364 προφητειῶν,

2405 2385 2460 2434 ἐν
2489 2380 2574 2445 αές
2608 2384 2676 2436 τὰ
2704 2385 2808 2436 ἀπὸ
2835 2385 2931 2454 τῆς
2964 2385 3197 2454 ἱστορίας
3222 2384 3550 2453 γέγραπται,
3583 2384 3682 2434 οὐκ
3718 2382 3829 2433 ἀπὸ
3875 2382 3967 2447 τῆς

2409 2475 2643 2545 ἱστορίας
2669 2476 2784 2526 ἐστὶ
2818 2475 3186 2544 προσαχθῆναι
3210 2475 3319 2544 (82)
3343 2476 3433 2527 καὶ
3455 2476 3574 2535 ταῖς
3607 2473 3871 2541 ἱστορίαις
3896 2471 3966 2530 ὡς

2407 2564 2589 2633 σκοπῷ
2605 2565 2952 2635 τροπολογίας
2972 2565 3397 2634 γεγραμμέναις,
3419 2564 3510 2616 καὶ
3530 2561 3818 2630 σοφώτατα
3834 2563 3962 2612 οἰκο-

2405 2655 2766 2725 νομηθείσαις’
2795 2655 2902 2725 (85)
2932 2655 3338 2725 ἐστοχασμένως
3361 2653 3454 2706 τοῦ
3485 2671 3544 2706 τε
3585 2653 3826 2722 πλήθους
3865 2652 3962 2703 τῶν

2407 2747 2763 2818 ἁπλούστερον
2793 2747 3165 2808 πιστευόντων,
3189 2747 3280 2798 καὶ
3311 2746 3417 2797 τῶν
3445 2747 3640 2813 ὀλίγων
3674 2746 3811 2815 μετὰ
3847 2761 3958 2796 συν-

2406 2840 2570 2920 έσεφς
2609 2838 2874 2902 ἐξετάζειν
2915 2839 2983 2890 τὰ
3010 2838 3307 2920 πράγματα
3344 2838 3683 2909 βουλομένων
3713 2838 3744 2907 ἢ
3775 2838 3868 2890 καὶ
3884 2838 3962 2886 δυ-

2405 2901 2666 2998 ναμιένων.
2695 2901 2802 2979 Καὶ
2844 2929 2890 2978 εί
2933 2901 3393 2998 μένῖοἱνσήμερον
3440 2901 3785 2997 νομιζόμενοι
3833 2927 3959 2978 κατὰ

2407 3019 2610 3071 Κέλσον
2641 3020 2897 3080 ἐπιεικεῖς
2932 3018 3036 3068 ἀπὸ
3080 3014 3340 3070 Ἰουδαίων
3365 3020 3455 3070 καὶ
3489 3017 3833 3087 Χριστιανῶν
3879 3017 3964 3083 ὴλ-

2333 3151 2376 3206 c
2407 3109 2666 3179 ληγόρουν
2699 3110 2763 3161 τὰ
2792 3109 3164 3178 γεγραμμένα,
3195 3108 3331 3177 τάχα
3364 3109 3426 3160 ἂν
3459 3108 3682 3160 πιθανόν
3714 3126 3764 3159 τι
3801 3108 3960 3175 λέγειν

2411 3200 2681 3254 ὑπενοεῖτο
2711 3201 2739 3251 ὁ
2786 3199 2987 3260 Κέλσος
3011 3216 3023 3228 ο
3065 3200 3186 3249 ἐπεὶ
3219 3199 3448 3277 δξαὺτοὶ
3493 3200 3540 3250 oi
3578 3200 3826 3268 πατέρες
3869 3200 3961 3248 τῶν

2376 3360 2379 3372 ί
2409 3291 2689 3358 δογμάτων
2723 3291 2812 3342 καὶ
2847 3293 3176 3360 συγγραφεῖς
3203 3292 3270 3342 τὰ
3303 3289 3522 3343 τοιαῦτα
3561 3289 3961 3360 τροπολογοῦςι,

2375 3381 2382 3426 ἶ
2408 3383 2460 3434 τί
2487 3383 2632 3435 ἐστιν
2664 3382 2787 3436 ἄλλο
2816 3382 3130 3458 ύπονοῆσαι,
3172 3383 3202 3451 ἥ
3237 3383 3316 3434 ὅτι
3356 3381 3525 3444 οὕτως
3551 3382 3764 3452 ἐγράφη
3785 3422 3800 3445 ,
3837 3383 3963 3434 ῶςτε

766 3469 935 3537 goriis
983 3471 1568 3540 contineatur?Atque
1618 3480 1673 3525 ut
1726 3471 1900 3540 palam
1951 3471 2043 3524 liat
2092 3471 2307 3527 Celsum
2378 3473 2382 3486 ⁵

2408 3473 2845 3544 τροπολογεῖσθαί
2891 3473 3028 3526 αὐτὰ
3075 3474 3210 3526 κατὰ
3251 3474 3339 3526 τὸν
3384 3473 3791 3544 προηγούμενον
3830 3474 3962 3532 νοῦν;

2421 3567 2601 3634 Ὀλίγα
2630 3567 2672 3618 δ’
2707 3567 2812 3619 ἀπὸ
2850 3567 2989 3619 πάνυ
3024 3565 3227 3618 πολλῶν
3275 3565 3705 3636 παραθησόμεθα
3735 3566 3872 3636 πρὸς
3916 3567 3965 3616 τὲ

2409 3659 2594 3723 δεῖξαι,
2625 3660 2705 3710 ὅτι
2739 3658 2910 3727 μάτην
2946 3661 3262 3725 συκοφαντεί
3294 3657 3418 3718 τοὺς
3448 3657 3640 3723 λόγους
3687 3660 3716 3709 6
3751 3658 3962 3725 Κέλσος.

2407 3751 2481 3813 ὡς
2516 3752 2611 3818 οὐχ
2639 3750 2780 3810 οἵους
2811 3765 2868 3800 τε
2895 3747 3232 3814 ἐπιδέξασθαι
3279 3749 3624 3817 ἀλληγορίαν.
3670 3749 3808 3817 Φησὶ
3851 3748 3913 3812 δὴ
3943 3751 3962 3797 6

2410 3840 2502 3891 τοῦ
2545 3839 2714 3908 Ἰησοῦ
2741 3839 3030 3899 ἀπόστολος
3051 3838 3257 3901 Παῦλος
3275 3855 3287 3866 ·
3312 3823 3441 3891 «Ἑν
3470 3838 3545 3907 τῷ
3581 3839 3731 3908 νόμῳ
3772 3839 3962 3907 γέγρα-

2413 3948 2558 3982 πται’
2593 3931 2665 3982 Οὐ
2697 3929 2955 3998 φιμώσεις
2985 3928 3109 3996 βοῦν
3140 3929 3395 3981 ἀλοῶντα·
3421 3930 3511 3999 Μὴ
3531 3928 3638 3981 τῶν
3669 3929 3808 3997 βοῶν
3829 3929 3962 3996 μέλει

2410 4020 2485 4088 τῷ
2495 4020 2628 4088 Θεῷς
2640 4018 2706 4071 Ἢ
2730 4020 2793 4072 δι’
2815 4021 2959 4088 ἡμᾶς
2973 4019 3182 4080 πάντως
3193 4018 3356 4086 λέγει;
3372 4021 3447 4072 Δι’
3461 4022 3492 4088 ἡ
3500 4021 3605 4089 μᾶς
3617 4021 3724 4090 γὰρ
3741 4019 3960 4091 ἐγρὰςτῖ.

2409 4114 2488 4164 ὅτι
2537 4111 2732 4177 ὀφείλει
2779 4111 2863 4162 ἐπ’
2900 4110 3070 4162 ἐλπίδι
3103 4112 3129 4161 ὁ
3158 4111 3419 4182 ἀροτριῶν
3452 4113 3712 4183 ἀροτριᾷν
3736 4131 3751 4143 ·
3807 4117 3895 4165 καὶ
3937 4115 3960 4164 6

2411 4202 2581 4253 ἀλοῶν
2611 4200 2783 4252 ἐλπίδι
2819 4199 2925 4268 (84)
2949 4200 3041 4250 τοῦ
3073 4201 3336 4270 μετέχειν.
3369 4220 3386 4250 ›
3415 4202 3523 4253 Καὶ
3552 4201 3790 4273 ἀλλαχοῦ
3817 4220 3956 4271 φηςι-ι

2410 4294 2437 4344 ὁ
2468 4292 2646 4354 αὑτός·
2688 4309 2706 4341 ι
2740 4291 3047 4361 Γέγραπται
3081 4292 3207 4362 γὰρ,
3241 4293 3322 4344 ὅτι
3355 4293 3536 4344 ἕνεκεν
3580 4293 3772 4346 τούτου
3814 4312 3958 4346 κατα-

2412 4382 2582 4451 λείψει
2613 4381 2896 4452 ἄνθρωπος
2923 4382 3011 4436 τὸν
3041 4384 3270 4455 πατέρα,
3315 4384 3409 4437 καὶ
3452 4384 3550 4454 τὴν
3587 4386 3800 4454 μητέρα
3821 4425 3836 4446 ,
3882 4386 3959 4435 καὶ

770 4465 994 4522 sterium
1030 4464 1129 4519 hoc
1165 4481 1412 4536 magnum
1447 4479 1548 4532 est,
1585 4483 1684 4538 ego
1714 4477 1889 4520 autem
1927 4469 2046 4522 dico
2074 4469 2126 4521 in
2159 4468 2306 4522 Citri-

2416 4467 2941 4545 προσκολληθήσεται
2971 4475 3103 4546 πρὸς
3128 4475 3226 4546 τὴν
3245 4469 3475 4543 γυναῖκα
3503 4475 3687 4537 αὐτοῦ,
3719 4478 3812 4528 καὶ
3831 4476 3958 4527 ἔσον-

771 4570 853 4614 sto
879 4570 933 4616 et
961 4562 1009 4613 in
1042 4560 1276 4615 Ecclesia
1304 4564 1368 4617 ”.
1413 4580 1430 4613 ι
1467 4563 1528 4614 Ει
1567 4563 1693 4616 alibi
1733 4582 1744 4616 :
1780 4581 1797 4612 ι
1849 4561 2105 4616 Novimus
2133 4571 2308 4615 autem

769 4654 1020 4720 quoniam
1057 4664 1236 4722 patres
1265 4653 1430 4707 nostri
1453 4670 1637 4708 omnes
1669 4656 1768 4708 sul)
1817 4653 1953 4708 nube
1983 4653 2226 4714 fuerunt;
2258 4663 2311 4705 et

770 4758 954 4799 omnes
985 4761 1130 4800 mare
1162 4747 1509 4809 transierunt,
1540 4756 1591 4800 et
1621 4759 1807 4798 omnes
1837 4745 1888 4797 iu
1930 4744 2112 4812 Moyse
2140 4745 2311 4812 bapti-

774 4835 877 4888 ιιιιί
913 4846 1036 4888 sunt
1076 4837 1128 4888 in
1167 4836 1315 4904 nube.
1334 4845 1387 4889 et
1417 4837 1468 4888 in
1505 4835 1637 4888 mari
1657 4835 1724 4887 ³³.
1768 4851 1785 4885 ι
1820 4834 2018 4887 Deinde
2047 4820 2311 4900 interpre-

773 4934 895 4979 tans
927 4928 1178 4982 historias
1203 4928 1268 4980 de
1295 4943 1485 4980 manna
1525 4937 1578 4979 et
1603 4928 1668 4980 de
1696 4941 1856 4993 aqua,
1907 4939 2027 4994 qua:
2054 4940 2117 4976 ex
2167 4935 2311 4990 petra

773 5017 999 5071 miriﬁce
1027 5001 1339 5086 pioﬂuxisse
1372 5020 1627 5072 scribitur
1668 5039 1678 5072 :
1719 5036 1736 5068 ι
1782 5018 1843 5069 Et
1878 5031 2085 5080 omnes,
2119 5016 2311 5083 inquit,

772 5109 1012 5162 eamdem
1036 5097 1209 5162 escam
1237 5110 1531 5176 spiritalem
1560 5104 2104 5166 manducaverunt,et
2126 5121 2313 5159 omnes

770 5202 1012 5257 eumdem
1047 5210 1224 5267 potum
1249 5201 1540 5268 spiritalem
1585 5203 1853 5254 biberunt.
1883 5200 2142 5252 Bibehaut
2170 5199 2309 5251 enim

773 5295 840 5349 de
891 5291 1118 5358 Spiritali
1163 5303 1518 5359 consequente
1564 5308 1657 5346 eos
1696 5304 1888 5360 petra;
1944 5299 2092 5357 petra
2133 5298 2310 5342 autem

2417 4584 2501 4617 ται
2531 4569 2576 4617 οἱ
2606 4566 2696 4617 δύο
2728 4567 2806 4628 είς
2835 4566 3008 4636 σάρκα
3042 4566 3185 4636 μίαν.
3218 4566 3290 4618 Τὸ
3326 4568 3619 4636 μυστήριον
3647 4566 3807 4618 τοῦτο
3838 4566 3956 4634 μέγα

2418 4660 2579 4711 ἐστίν’
2610 4658 2718 4725 ἐγὼ
2750 4658 2808 4710 δέ
2840 4658 2979 4724 λέγω
3009 4661 3086 4720 είς
3115 4657 3346 4726 Χριστὸν
3375 4658 3468 4708 καὶ
3513 4659 3591 4718 εἰς
3623 4657 3722 4726 τὴν
3762 4656 3956 4721 Ἐκκλη-

2419 4751 2556 4802 σίαν.
2603 4769 2619 4798 ι
2659 4737 2764 4801 Κάι
2802 4749 2959 4801 πάλιν
2991 4751 3046 4800 ἐν
3074 4748 3215 4816 ἄλλῳ
3238 4747 3402 4816 τόπῳο
3443 4766 3460 4795 ‹
3515 4746 3734 4815 οἴδαμεν
3765 4747 3820 4798 δέ
3844 4786 3857 4806 ,
3889 4745 3955 4797 5.:

2419 4842 2465 4890 οἱ
2503 4839 2732 4909 πατέρες
2768 4839 2924 4908 ἡμῶν
2953 4839 3150 4899 πάντες
3178 4838 3280 4890 ὑπὸ
3308 4836 3402 4905 τὴν
3432 4836 3660 4905 νεφέλην
3691 4831 3851 4905 ἦσαν,
3883 4839 3954 4889 καὶ

2421 4930 2617 4992 πάντες
2645 4929 2733 4982 διὰ
2764 4930 2860 4997 τῆς
2889 4929 3173 4997 saxeam
3186 4927 3417 4995 διῆλθον,
3442 4927 3535 4978 καὶ
3559 4927 3761 4990 πάντες
3782 4932 3858 4992 εἰς
3885 4931 3954 4980 τὸν

2420 5021 2651 5089 Μωῦσῆν
2681 5020 3055 5079 ἐϐαπτίσαντο,
3090 5021 3147 5070 ἐν
3197 5020 3260 5087 τῇ
3290 5016 3480 5087 νεφέλῃ
3531 5019 3624 5070 καὶ
3675 5020 3735 5071 ἐν
3777 5024 3841 5090 τῇ
3877 5021 3952 5073 θα-

2419 5110 2608 5181 λάσσῃ.
2652 5129 2670 5160 ›
2700 5106 2811 5162 Εἶθ’
2845 5108 3155 5179 ἑρμηνεύων
3183 5107 3280 5177 τὴν
3313 5107 3440 5177 περὶ
3479 5096 3572 5159 τοῦ
3628 5110 3804 5177 μάννα
3837 5112 3952 5161 ἱστο-

2421 5201 2560 5270 ρίαν,
2591 5202 2684 5252 καὶ
2709 5199 2823 5269 τὴνι
2843 5199 2968 5268 περὶ
3000 5197 3091 5267 τοῦ
3122 5197 3309 5259 ὓδατος
3338 5200 3400 5250 ἐκ
3433 5197 3638 5270 πέτρας
3669 5200 3952 5272 ἐξεληλυῦέ-

2419 5309 2504 5342 ναι
2566 5290 3048 5360 ἀναγεγραμμένου
3080 5289 3453 5359 -παραδὸξως,
3503 5291 3732 5346 τοιαῦτα
3790 5293 3950 5362 λέγει’

843 5435 884 5467 ﬂ
921 5432 939 5485 1
968 5431 1093 5486 Cor.
1136 5447 1210 5494 ix,
1241 5432 1292 5492 9,
1322 5431 1403 5484 l0.
1475 5435 1523 5488 ,²²
1559 5435 1746 5502 Ephes.
1781 5451 1828 5496 v,
1861 5433 1948 5491 51.
1980 5433 2065 5486 52.
2146 5433 2188 5462 ³³
2215 5432 2228 5484 l
2255 5433 2376 5487 Cor.
2407 5445 2460 5495 κ,
2490 5391 2539 5486 ‘l,

773 5565 1085 5691 lm(8l)2:éir
1125 5564 1373 5630 Φιλήϐῳ.
1419 5566 1547 5620 Vide
1600 5569 1965 5621 adnotationes
2015 5570 2077 5620 ad
2139 5570 2207 5649 ιιι»
2273 5586 2309 5632 ι,

871 5655 921 5688 1⁸.
1032 5676 1044 5688 .

844 5706 954 5784 (82)
991 5706 1137 5784 lfihh.
1176 5705 1299 5784 editi
1333 5705 1383 5756 in
1419 5706 1672 5773 margine;
1699 5707 1793 5775 οὐχ
1816 5707 1887 5768 ὡς
1915 5707 2023 5760 ἀπὸ
2050 5709 2143 5784 τῇς
2179 5711 2317 5762 εστο-

773 5777 894 5850 pia;
925 5775 1036 5829 ἐστὶ
1064 5774 1382 5847 πραχθῆναι.

2493 5568 2601 5637 (85)
2642 5567 2972 5622 Ιῐωεςίιειίιιε
3007 5570 3055 5621 in
3096 5576 3262 5629 textu.
3290 5571 3727 5638 οίκονομηθῆναι.

2494 5639 2604 5702 (84)
2643 5639 3162 5712 VulgatusApostoli
3190 5650 3384 5712 textus,
3412 5641 3501 5690 καὶ
3528 5641 3756 5712 ὀ-ἁλοῶν
3779 5642 3870 5712 τῆς
3890 5641 3950 5694 ἔλα

2426 5711 2567 5772 nido;
2597 5706 2755 5760 αὑτοῦ
2793 5707 3052 5777 μετέχειν,
3082 5710 3164 5761 ἐπ’
3194 5707 3380 5762 ἐλπίδι.
3568 5706 3577 5718 ’
