4056 6310
667 433 810 491 H15

2068 435 2404 495 ORIGENIS-

3761 442 3906 498 1116

665 563 947 613 naturam;
995 562 1153 622 atque
1204 551 1404 605 idcirco
1459 551 1751 606 humanum
1805 569 2000 622 corpus
2029 555 2161 610 nihil
2193 571 2219 608 a

2332 553 2604 626 ἀνθρώπου
2655 555 2830 627 σῶμα.
2864 555 3002 628 ’Ύλη
3044 554 3152 628 γὰρ
3183 557 3214 627 ὴ
3253 557 3417 628 αὑτὴ,
3449 556 3627 611 καὶτὸ
3655 557 3909 630 φθαρτὸν

661 641 1063 710 vespertilione,
1095 659 1122 694 a
1155 655 1358 704 verme,
1390 654 1418 692 a
1452 655 1581 693 rana
1626 640 1863 697 differre.
1906 641 2052 697 Illius
2077 643 2220 695 enim

662 740 719 786 et
748 732 969 786 istorum
1001 731 1245 785 eamdem
1276 744 1394 784 esse
1433 732 1750 795 materiam,
1780 731 1920 784 idem
1966 733 2017 785 in
2063 732 2145 787 bis
2172 741 2225 786 et

667 822 718 876 in
750 822 841 877 illo
872 835 990 876 esse
1015 821 1374 887 corruptionis
1404 822 1780 891 principium.»
1811 820 2011 876 Vellem
2046 825 2222 875 tamen
2287 819 2289 821 ’

666 921 722 966 nt
747 914 1052 982 quicunque
1080 927 1142 965 ex
1165 913 1656 982 Celsoarroganter
1678 911 2060 966 declamitante
2077 913 2226 965 audit

665 1001 876 1073 Papisci
901 1014 950 1059 et
979 1003 1191 1059 Jasouis
1212 1005 1277 1058 de
1297 1004 1510 1058 Christo
1553 1003 1951 1059 contentionem
1980 1020 2083 1059 non
2111 1005 2220 1058 risu

663 1095 758 1147 sed
791 1094 914 1147 odio
940 1096 1118 1161 potius
1147 1093 1360 1162 dignam
1409 1107 1550 1156 esse,
1578 1094 1810 1149 libellum
1843 1096 1987 1149 hunc
2023 1097 2074 1148 in
2109 1098 2228 1148 nia-‘

664 1197 768 1238 nus
795 1193 1057 1247 sumeret,
1096 1192 1150 1238 et
1188 1201 1306 1251 quae
1349 1185 1399 1238 in
1440 1184 1528 1239 illo
1556 1187 1869 1240 scribuntur
1913 1187 2088 1256 legere
2111 1201 2228 1244 sns-

663 1279 884 1340 tincret:
956 1277 1023 1341 is,
1051 1293 1173 1331 cum
1217 1277 1344 1332 nihil
1381 1278 1432 1332 in
1461 1277 1549 1332 illo
1572 1278 1773 1346 scripto
1801 1278 2066 1332 inveniret
2099 1277 2226 1332 odio

665 1365 912 1434 dignum,
944 1362 1159 1422 Celsum
1197 1370 1384 1436 utique
1409 1370 1712 1427 damnaret.
1745 1367 1926 1438 Neque
1951 1370 2114 1424 etiam
2153 1370 2228 1424 illi

665 1455 831 1509 risum
863 1459 1119 1524 movebit,
1154 1460 1244 1527 qui
1286 1461 1456 1516 libero
1502 1461 1705 1528 judicio
1752 1461 1904 1515 illum
1943 1462 2226 1515 evolverit.

667 1543 746 1599 lbi
770 1547 918 1600 enim
950 1546 1288 1605 Christianus
1315 1567 1435 1606 cum
1461 1551 1644 1606 Jutlzeo
1673 1553 1945 1607 disserens
2001 1553 2227 1608 demon-

664 1643 801 1690 strat
831 1652 894 1691 ex
925 1637 1162 1693 Judaicis
1192 1642 1484 1708 Scripturis
1523 1643 1777 1696 vaticinia
1812 1644 1876 1697 de
1911 1643 2128 1698 Christo
2159 1645 2223 1696 ad

659 1723 845 1782 Jesum
888 1730 1187 1796 pertinere,
1232 1747 1538 1800 quanquam
1600 1743 1820 1788 strenue
1880 1735 2226 1789 adverarius

664 1821 1005 1872 contradicat
1061 1835 1457 1890 personamque
1491 1821 1764 1878 Judaicam
1792 1825 2011 1892 pulchre
2064 1826 2224 1880 susti-

667 1915 812 1961 neat.

733 1996 825 2054 55.
850 1999 1326 2066 Czcterumnescio
1354 2004 1618 2070 quomodo
1650 2003 1838 2059 Celsus
1867 2006 1970 2060 duo
2006 2004 2228 2073 conjun-

664 2102 795 2159 gens
816 2106 935 2159 qua:
969 2092 1244 2146 misturam
1281 2109 1384 2147 non
1417 2093 1641 2157 faciunt.
1678 2111 1777 2150 nec
1804 2105 1930 2149 sunt
1961 2095 2225 2166 ejusmodi

619 2184 621 2186 ’
664 2188 720 2231 ιιι
755 2181 806 2234 in
841 2183 1124 2237 humanam
1164 2193 1406 2239 naturam
1436 2187 1613 2254 isitttttl
1666 2188 1961 2241 convenire
2007 2199 2226 2254 queant,

664 2270 900 2328 libellum
943 2275 1118 2328 istum
1147 2276 1324 2330 dicere
1375 2278 1606 2346 potuerit
1639 2279 1763 2331 odio
1813 2293 1934 2332 esse
1977 2290 2032 2331 ct
2063 2278 2228 2332 mise-

666 2365 870 2419 tatioue
893 2369 1126 2436 dignum.
1153 2367 1319 2423 Nemo
1347 2371 1488 2424 enim
1514 2386 1616 2425 non
1651 2371 1928 2434 fatebitur,
1955 2371 2087 2425 dum
2108 2363 2230 2440 quis

637 2455 994 2513 .miserationi
1026 2469 1127 2526 est,
1156 2475 1277 2515 eum
1309 2461 1434 2517 odio
1468 2479 1570 2516 non
1604 2465 1810 2526 haberi,
1848 2466 1968 2518 ncc'
1999 2465 2224 2519 misera-

667 2547 799 2601 tioni
829 2563 953 2605 esse
990 2566 1336 2621 quemquam,
1387 2555 1514 2607 dum
1565 2557 1688 2609 odio
1735 2559 1981 2610 habetur.
2037 2554 2226 2611 Celsus

666 2656 794 2695 vero
823 2641 942 2695 ideo
968 2653 1126 2712 negat
1150 2644 1252 2697 sibi
1289 2646 1620 2712 propositum
1654 2661 1772 2701 esse
1809 2647 1893 2698 illa
1923 2647 2224 2712 coafutare,

664 2733 806 2803 quod
832 2746 1016 2787 eorum
1047 2733 1431 2787 ahsurditatem
1459 2746 1641 2801 patere
1659 2737 1909 2790 ontuibus
1932 2738 2225 2802 existimet,

667 2824 981 2894 nullumque
1001 2839 1100 2878 non
1121 2824 1322 2889 videre,
1346 2826 1427 2879 vel
1447 2835 1735 2895 antequam
1755 2828 2055 2882 rationibus
2073 2827 2227 2881 refel—

671 2915 1052 2987 lantur,quam
1096 2916 1448 2972 miseratione
1462 2916 1655 2972 etodio
1686 2917 1848 2989 digna
1881 2918 2010 2971 sint.
2034 2915 2229 2971 llorta-

2323 647 2499 700 αὑτῶν
2527 638 2730 718 ὅμοιον.
2774 667 2792 699 ι
2818 648 2980 702 Οὑδὲν
3008 649 3051 701 δ’
3088 645 3248 719 ἦττον
3277 649 3570 721 ἐϐουλόμην
3611 650 3786 703 πάνθ’
3823 651 3909 703 ὸν-

2323 739 2499 791 τινοῦν
2523 778 2538 802 ,
2573 740 2876 793 ἀκούσαντα
2915 739 3337 810 δεινολογοῦντος
3373 741 3605 803 Κέλσου,
3652 742 3753 796 καὶ
3798 743 3898 810 epsi-

2327 845 2543 892 σκοντος
2573 829 2631 882 τὸ
2659 831 3125 906 ἐπιγεγραμμένον
3155 831 3504 902 σύγγραμμα,
3540 833 3781 895 Ἰάσονος
3813 833 3902 884 καὶ

2327 921 2602 974 Παπίσκου
2627 921 2925 990 ἀντιλογίαν
2955 923 3079 991 περὶ
3115 921 3368 992 Χριστοῦ,
3393 924 3454 975 οὑ
3474 922 3726 990 γέλωπ,
3763 922 3907 975 ἀλλά

2330 1011 2517 1080 μίσους
2545 1011 2689 1075 ἀξιον
2722 1007 2877 1075 εἶναι,
2908 1011 3088 1067 λαϐεῖν
3125 1014 3202 1076 εἰς
3225 1015 3409 1083 χεῖρας
3437 1011 3496 1064 τδ
3524 1014 3905 1083 συγγραμμά-

2325 1117 2458 1162 τιον,
2493 1104 2586 1154 καὶ
2628 1103 2910 1172 ὑπομεῖναι
2955 1103 3048 1157 καὶ
3083 1102 3405 1174 ἀνασχέσθαι
3429 1103 3656 1156 ἀκοῦσαι
3684 1103 3802 1156 τῶν
3847 1105 3907 1155 ἐν

2328 1194 2502 1264 αὑτῷ·
2538 1195 2602 1246 ἵν’
2644 1194 2864 1247 αὐτόθεν
2926 1195 3174 1270 καταγγῷ
3208 1195 3298 1248 τοῦ
3342 1195 3570 1256 Κέλσου,
3608 1196 3785 1265 μηδὲν
3823 1196 3911 1248 εὑ-

2332 1283 2534 1355 ρίσκων
2575 1285 2761 1354 μίσους
2804 1286 2949 1351 ἄξιον
2994 1290 3050 1339 ὲν
3097 1287 3174 1357 τῷ
3214 1286 3417 1356 βιϐλίῳ.
3462 1286 3584 1338 Ἐὰν
3625 1286 3670 1337 δ’
3703 1287 3908 1338 ἀδεκά-

2333 1392 2469 1438 στως
2496 1392 2579 1438 τις
2626 1375 2943 1447 ἐντυγχάνῃ,
2993 1376 3231 1446 εὑρήσει,
3277 1372 3506 1428 ὅτιόὑδ⁹
3547 1375 3640 1427 ἐπὶ
3686 1375 3904 1441 γέλωτα

2332 1469 2470 1518 κινεῖ
2490 1466 2549 1519 τὸ
2575 1465 2793 1535 βιϐλίον,
2822 1467 2877 1518 ἐν
2904 1460 2947 1533 ᾧ
2971 1466 3375 1536 ἀναγέγραπται
3413 1465 3734 1536 Χριστιανὸς
3779 1467 3885 1516 ’1ου

2330 1557 2461 1628 δαίῳ
2489 1558 2858 1628 διαλεγόμενος
2887 1558 2992 1610 ἀπο
3016 1557 3122 1610 τῶν
3167 1557 3469 1610 Ἰουδαϊκῶν
3517 1556 3777 1627 Γραφῶν,
3811 1558 3907 1608 καὶ

2327 1648 2536 1711 δεικνὺς
2556 1648 2651 1712 τὰς
2684 1649 2809 1718 περὶ
2833 1647 2924 1701 τοῦ
2955 1649 3186 1719 Χριστοῦ
3211 1649 3542 1720 προφητείας
3567 1649 3906 1718 ἐφαρμόζειν

2327 1741 2403 1810 τῷ
2445 1740 2614 1808 Ἰησοῦ
2635 1758 2649 1773 ο
2675 1742 2911 1808 καίτοιγε
2946 1741 3043 1793 οὑκ
3086 1741 3340 1809 ἀγεννῶς,
3376 1741 3481 1792 οὐδ’
3510 1741 3780 1812 ἀπρεπῶς
3829 1741 3909 1810 τῷ

2342 1832 2612 1889 Ἰουδαῖκῶ
2641 1832 2914 1904 προσώπῳ
2943 1833 3033 1886 τοῦ
3065 1833 3249 1903 ἐτέρου
3305 1834 3592 1904 ἱσταμένου
3632 1835 3774 1903 πρὸς
3815 1833 3909 1884 τὸν

2328 1923 2483 1990 λόγον
2493 1965 2504 1977 .

2401 2015 2513 2066 Οὐκ
2570 2009 2688 2068 οἶδα
2731 2014 2775 2067 δ’
2820 2016 2965 2078 ὅπως
3007 2014 3076 2067 τά
3106 2015 3329 2085 ἄμικτα,
3379 2018 3472 2069 καὶ
3512 2018 3574 2069 οὑ
3621 2016 3907 2085 πεφυκότα

2330 2103 2444 2172 ἃμα
2476 2106 2786 2176 συμϐαίνειν
2831 2100 3141 2178 ἀνθρωπίνῃ
3173 2106 3365 2174 φύσει,
3401 2107 3752 2176 συναγαγὼν,
3784 2105 3906 2159 εἶπε

2330 2195 2387 2247 τὸ
2420 2196 2620 2265 βιϐλίον
2660 2199 2834 2250 ἐκεῖνο
2866 2197 3044 2260 ἐλέους
3071 2197 3162 2249 καὶ
3193 2197 3381 2266 μίσους
3407 2198 3554 2260 ἀξιον
3585 2195 3747 2250 εἶναι.
3776 2199 3897 2256 Ili;

2330 2288 2437 2359 γὰρ
2489 2289 2827 2360 ὁμολογήσει,
2884 2289 2974 2342 τὸν
3032 2287 3344 2357 ἐλεούμενον
3379 2289 3451 2357 μὴ
3508 2289 3789 2357 μισεῖσθαι
3829 2288 3906 2340 ὅτ’

2329 2379 2574 2442 ἐλεεῖται,
2607 2380 2699 2431 καὶ
2728 2378 2816 2430 τὸν
2853 2377 3170 2449 μισούμενον
3203 2377 3274 2446 μὴ
3303 2376 3568 2428 ἐλεεῖσθαι
3608 2378 3696 2429 ὅτε
3735 2382 3908 2447 μισεί-

2328 2485 2434 2520 ται.
2465 2467 2560 2520 Διά
2589 2467 2743 2520 τοῦτο
2766 2467 2820 2520 δὲ
2855 2467 2927 2539 μὴ
2961 2466 3276 2538 προκεῖσθαι
3307 2466 3541 2535 ἐλέγχειν
3572 2469 3708 2536 φησὶ
3735 2467 3906 2519 ταῦτα

2327 2562 2354 2611 ὁ
2382 2559 2604 2621 Κέλσος,
2639 2559 2759 2610 ἐπεὶ
2792 2556 2960 2610 οἴεται
2991 2556 3130 2609 αὑτά
3160 2554 3316 2608 παντί
3347 2572 3444 2608 που
3467 2555 3604 2624 δῆλα
3641 2551 3783 2607 εἶναι
3811 2557 3906 2608 ’καὶ

2305 2651 2432 2721 ,πρὸ
2464 2650 2556 2702 τοῦ
2590 2650 2922 2719 ἐπαγομένου
2967 2647 3198 2714 λογικῶς
3222 2647 3442 2716 ἐλέγχου
3497 2646 3572 2707 ὡς
3604 2645 3784 2714 φαῦλα
3813 2647 3905 2699 καὶ

2328 2743 2506 2806 ἐλέους
2535 2741 2624 2795 καὶ
2653 2741 2840 2810 μίσους
2870 2740 3012 2805 ἀξια.
3041 2737 3462 2809 Παρακαλοῦμεν
3489 2737 3544 2790 δέ
3572 2740 3664 2791 τὸν
3710 2740 3904 2807 ἐντυγ-

2328 2833 2552 2902 χάνοντα
2604 2834 2669 2902 τῇ
2709 2831 2969 2900 ἀπολογίᾳ
3001 2830 3170 2900 ταύτῃ
3202 2831 3335 2901 πρὸς
3364 2829 3460 2900 τὴν
3491 2830 3699 2882 Κέλσου
3734 2847 3902 2900 xum

2294 2912 2520 2993 Χγορίαν
2573 2923 2928 2992 γεγραμμένῃ
2954 2916 3280 2988 ἀνασχέσθαι
3325 2923 3415 2973 καὶ
3443 2921 3749 2974 ἐπακοῦσαι
3799 2921 3904 2974 τῶν

670 3023 789 3082 mur
805 3018 977 3088 tamen
993 3023 1202 3075 omnes,
1221 3009 1308 3078 qui
1329 3009 1378 3061 in
1397 3009 1532 3062 hanc
1551 3018 1789 3064 nostrant
1804 3009 2062 3062 adversus
2079 3006 2219 3063 Celsi

2334 3010 2776 3081 συγγραμμάτων
2812 3008 2986 3078 ἡμῶν,
3029 3008 3120 3060 καὶ
3160 3008 3256 3076 ὅσῃ
3289 3008 3534 3078 δύναμις,
3568 3012 3634 3062 ἐκ
3679 3011 3788 3062 τῶν
3816 3027 3904 3077 γε-

668 3092 963 3155 Calumnias
986 3099 1347 3154 defensionem
1369 3099 1672 3162 inciderint,
1690 3107 1746 3152 ut
1767 3097 2073 3168 Scripturas
2129 3111 2226 3148 no-

671 3200 814 3246 stras
829 3188 988 3260 545
1003 3187 1187 3242 audire
1201 3204 1267 3242 ne
1282 3199 1594 3259 graventur,
1613 3197 1665 3244 ct
1692 3201 1768 3256 ut,
1787 3197 2046 3259 quantum
2075 3200 2227 3259 pote-

641 3282 645 3284 ⁷
678 3292 824 3348 runt,
855 3296 920 3335 ex
953 3282 1019 3334 iis
1059 3296 1178 3348 qua:
1208 3283 1498 3349 scriptorcs
1524 3277 2054 3350 ttarrant,‘colligaut
2085 3281 2227 3351 quod

677 3375 843 3431 fuerit
895 3387 1083 3427 eorum
1138 3374 1494 3441 propositum,
1553 3389 1671 3442 qua:
1725 3373 2078 3438 conscientia,
2132 3376 2224 3442 qui

675 3471 839 3525 animi
878 3477 1086 3532 status;
1118 3466 1547 3519 animadverterit
1579 3465 1724 3516 viros
1767 3466 1950 3527 fuisse,
1980 3465 2069 3533 qui
2111 3477 2230 3519 uuae

674 3565 774 3619 sibi
807 3567 1186 3632 persuaserant
1215 3556 1417 3612 fervide
1445 3555 1813 3619 defenderent,
1839 3557 2098 3623 quosdam
2135 3569 2230 3608 au-

677 3665 785 3710 tem
839 3653 1119 3710 declarare
1167 3666 1225 3706 se
1277 3667 1361 3704 res
1415 3661 1594 3720 gestas
1639 3650 1833 3704 litteris
1880 3649 2227 3715 consignare,

675 3764 814 3817 quas
843 3745 956 3802 suis
986 3744 1159 3798 oculis
1187 3745 1479 3798 hauserant
1515 3751 1568 3799 et
1594 3749 1895 3811 compertas
1928 3737 2223 3801 habebant,

678 3854 766 3892 res
815 3837 1071 3891 mirificus
1117 3837 1408 3905 dignasque
1443 3848 1561 3902 qua:
1607 3831 1963 3888 monumentis
2008 3828 2230 3882 manda-

679 3941 867 3984 rentur
896 3928 961 3981 ad
1007 3927 1267 3980 lectorum
1316 3925 1618 3981 futurorum
1653 3926 1959 3982 utilitatem.
1993 3923 2056 3976 Et
2103 3935 2231 3976 sane

681 4033 838 4072 nemo
890 4032 1085 4086 negare
1139 4017 1335 4070 audeat
1385 4015 1585 4069 fontem
1655 4017 1833 4071 omnis
1884 4012 2130 4067 utilitatis
2178 4021 2229 4065 et

680 4109 1008 4181 principium
1056 4121 1174 4161 esse
1219 4122 1427 4161 summo
1477 4116 1584 4164 Deo
1623 4109 1864 4172 credere,
1898 4107 1948 4160 in
1978 4105 2232 4160 omnibus

681 4201 894 4257 actibus
925 4213 988 4252 eo
1015 4207 1258 4266 spectare
1301 4206 1357 4250 ut
1391 4197 1464 4251 illi
1516 4199 1783 4272 placeant,
1822 4208 1874 4252 et
1903 4212 1968 4250 ne
1994 4195 2231 4263 cogitare

679 4291 897 4361 quidem
938 4285 1229 4355 quidquam
1282 4285 1422 4352 quod
1459 4286 1531 4338 illi
1580 4286 1862 4354 displicere
1909 4285 2104 4354 pOSsit,
2142 4283 2228 4349 qui

2330 3102 2656 3174 γραμμένων
2693 3102 3052 3170 στοχάσασθαι
3080 3102 3176 3169 τῆς
3210 3102 3587 3170 ,προαιρέσεως
3615 3102 3724 3152 τῶν
3769 3119 3903 3170 γρα-

2328 3194 2566 3265 ψάντων,
2615 3195 2707 3248 καί¹
2752 3194 2847 3262 τῆς
2895 3193 3269 3264 συνειδήσεως,
3307 3193 3396 3258 καὶ
3434 3192 3534 3260 τῆς
3571 3192 3899 3254 διαθέσεως·

2331 3288 2553 3358 εὑρήσει
2596 3285 2703 3357 γὰρ
2745 3285 2942 3355 ἄνδρας
2983 3285 3256 3357 διαπύρως
3303 3286 3427 3356 περὶ
3460 3278 3534 3337 ὧν
3567 3285 3903 3355 ὑπειλήφασι

2329 3378 2792 3447 διατεινομένους·
2837 3377 2986 3441 τινὰς
3026 3377 3081 3430 δὲ
3127 3379 3487 3448 ἐμφαίνοντας
3534 3378 3623 3430 καὶ
3668 3377 3905 3448 ἱστορίαν

2332 3467 2646 3540 ἐωραμένην
2692 3455 2786 3540 καὶ
2816 3468 3258 3537 καταλειφθεῖσαν
3311 3467 3420 3539 (97)
3450 3469 3805 3539 ἀναγράφειν,
3830 3469 3905 3530 ὡς

2338 3558 2637 3629 παράδοξον
2698 3559 2792 3611 καὶ
2853 3559 3067 3628 γραφῆς
3124 3557 3299 3622 ἀξίαν,
3351 3560 3445 3612 ἐπὶ
3503 3559 3742 3630 ὠφελείᾳ
3797 3559 3905 3612 τῶν

2338 3650 2736 3718 ἀκουσομένων.
2801 3651 2868 3702 Ἦ
2920 3649 3168 3720 τολμάτω
3213 3667 3296 3713 τις
3341 3649 3541 3718 λέγειν,
3599 3652 3674 3721 μὴ
3729 3653 3906 3719 πάσης

2331 3738 2597 3806 ὠφελείας
2639 3734 2774 3790 εἶναι
2819 3739 3000 3808 πηγὴν
3026 3739 3139 3807 ,καὶ
3187 3739 3357 3810 ἀρχὴν
3384 3741 3444 3791 τὸ
3491 3739 3783 3792 πιστεῦσαι
3827 3741 3903 3808 τῷ

2331 3830 2437 3882 τῶν
2485 3829 2620 3882 ὅλων
2667 3828 2804 3899 Θεῷ,
2837 3829 3146 3882 καὶαπάντα
3180 3830 3435 3897 πράττειν
3469 3832 3585 3881 κατ’
3630 3831 3904 3898 ἀναφορὰν

2331 3924 2422 3977 τοῦ
2474 3923 2678 3994 ’ἐκείνῳ
2721 3923 2974 3994 ἀρέσκειν
3028 3923 3152 3994 περὶ
3209 3922 3548 3984 οὑτινοσοῦν,
3602 3925 3696 3976 καὶ
3747 3923 3906 3991 mea

2331 4017 2632 4087 ἀπάρεστον
2681 4013 2826 4086 αὑτῷ
2864 4015 2983 4086 μηδ’
3022 4013 3388 4086 ἐνθυμεῖσθαι,
3422 4014 3496 4076 ὡς
3540 4014 3601 4065 οὑ
3635 4014 3795 4083 μόνον
3825 4013 3904 4084 λὸτ

2333 4128 2440 4179 TW
2487 4109 2579 4162 καὶ
2619 4107 2814 4179 ἔργων,
2846 4106 2978 4160 ἀλλά
3016 4107 3108 4182 καὶ
3151 4105 3534 4176 διαλογισμῶν,
3572 4105 3902 4177 κριθησομέ-

2331 4220 2456 4255 νων.
2490 4201 2598 4254 Καὶ
2627 4200 2708 4264 τίς
2743 4199 2808 4253 ἂν
2839 4199 2994 4262 ἄλλος
3024 4199 3178 4267 λόγος
3209 4198 3696 4268 ἐπιστρεφέστερον
3731 4212 3893 4268 προσ-

2334 4293 2453 4358 άγοι
2484 4292 2594 4360 (98)
2625 4291 2724 4360 τὴν
2767 4288 3108 4359 ἀνθρωπίνην
3155 4287 3314 4355 φύσιν
3353 4285 3432 4356 τῷ
3473 4281 3532 4338 εὖ
3562 4273 3699 4356 ζῇν,
3750 4287 3824 4350 ὡς
3867 4287 3898 4354 ή

597 4385 604 4392 ’
684 4399 788 4438 non
817 4392 1122 4435 sermonum
1157 4377 1311 4431 mozlo
1352 4385 1405 4429 et
1434 4392 1674 4452 operum,
1705 4375 1798 4429 sed
1825 4376 1985 4428 etiam
2019 4375 2228 4444 engita-

2340 4383 2517 4445 πίστις
2549 4381 2583 4449 ἢ
2619 4383 2651 4451 ή
2688 4379 2937 4449 διάληψις
2966 4379 3094 4450 περὶ
3130 4377 3225 4431 τοῦ
3273 4378 3426 4430 πάντ’
3472 4377 3677 4448 ἐφορᾷν
3708 4378 3799 4430 τὸν
3821 4378 3906 4430 ἐπὶ

682 4481 883 4529 tionum
915 4471 1122 4525 futurus
1141 4478 1222 4522 est
1243 4467 1425 4534 judex.
1464 4467 1656 4534 Ecqua:
1683 4465 1924 4519 doctrina
1955 4463 2229 4518 efficacius

682 4566 938 4619 inducere
974 4559 1218 4614 homines
1242 4566 1416 4625 potest
1442 4567 1494 4609 ut
1529 4558 1708 4609 vivant
1737 4557 1891 4616 bene,
1925 4568 2084 4621 quam
2116 4553 2231 4606 lucc

688 4656 838 4718 fides,
878 4654 958 4707 vel
993 4654 1104 4706 han:
1155 4649 1452 4720 persuasio,
1487 4657 1794 4716 supremum
1832 4645 1994 4697 Deum
2047 4642 2226 4694 omnia

689 4759 872 4800 nostra
931 4742 1164 4806 intueri,
1215 4741 1376 4802 dicta,
1429 4737 1591 4804 facta,
1647 4725 1923 4806 cogitata?
1978 4732 2236 4786 Monstret

687 4833 828 4886 enim
873 4833 960 4900 qui
1009 4831 1239 4903 voluerit
1281 4829 1438 4881 aliam
1488 4829 1646 4891 viam,
1695 4843 1796 4894 qua
1850 4828 1915 4877 ad
1960 4822 2233 4876 meliorem

692 4923 900 4988 frugem
932 4929 1249 4988 revocentur
1279 4935 1379 4972 non
1413 4935 1548 4972 unus
1573 4919 1837 4988 quispiam
1862 4923 1916 4968 et
1950 4913 2104 4973 alter,
2143 4912 2235 4964 sed

692 4937 900 4988 Irugem
932 4937 956 4973 r
993 4937 1249 4974 vocentur
1279 4937 1379 4972 non
1413 4937 1548 4972 unus
1573 4937 1837 4988 quispiam
1862 4937 1916 4968 et
1950 4937 2104 4973 utter,
2143 4937 2234 4964 seu

690 5013 878 5076 ingens
906 4937 1188 5150 miltitudo
1222 5029 1235 5064 :
1267 5020 1322 5063 et
1370 5009 1589 5063 alterius
1630 5027 1753 5065 cum
1804 5007 1972 5061 altera
2019 5018 2236 5070 compa-

693 5089 897 5150 raTione
945 5101 1220 5150 uindicet.
1253 5109 1370 5150 utra
1401 5101 1641 5150 doctrina
1691 5104 1758 5150 ad
1808 5101 2062 5150 virtutem
2118 5109 2236 5150 Der-

693 5089 897 5153 raTione
945 5089 1220 5169 dijudicet,
1253 5109 1370 5154 utra
1401 5101 1641 5156 doctrina
1691 5104 1758 5156 ad
1808 5101 2062 5153 virtutem
2117 5109 2241 5163 per-

695 5192 884 5248 ducat.
1288 5189 1294 5194 ’
1790 5211 1792 5213 >
2125 5178 2136 5185 ’

760 5273 850 5326 5i.
883 5273 1141 5337 Quoniam
1177 5289 1300 5328 vero
1347 5276 1397 5348 in
1444 5276 1586 5330 Celsi
1635 5275 1810 5330 verbis
1842 5273 2000 5328 modo
2031 5287 2236 5327 menm-

697 5370 830 5418 tatls
867 5364 953 5415 ubi
987 5367 1228 5430 qnmdam
1266 5381 1295 5419 e
1347 5359 1538 5420 Tintato
1584 5368 1909 5434 transcripta
1955 5375 2096 5425 sunt,
2131 5366 2243 5419 hazc

764 5475 1436 5548 (97)ᾼΚαταλξ.ιερθεῐσάν.
1485 5481 1832 5535 δειὶίιθυιίιιιιι
1884 5479 2109 5537 videtur.
2145 5495 2242 5531 κα-

694 5544 1073 5618 ταληφθεῖσαν.
1109 5544 1270 5618 ξλιιίο
1311 5559 1427 5612 post
1459 5565 1603 5607 mss.,
1649 5550 1723 5618 μὴ
1765 5550 1941 5617 πάσης
1980 5549 2241 5618 ὠφελείας

672 5611 1084 5686 ,εῖναι-πηγήν..
1128 5611 1278 5668 Libb.
1316 5611 1486 5675 editi.
1534 5619 1606 5686 μὴ
1647 5611 1821 5690 πάσης
1876 5611 2063 5687 σοφίας
2107 5611 2242 5673 εἶναι

699 5692 1034 5770 “milk...
1330 5691 1364 5759 ’.
1445 5757 1455 5770 .

775 5755 881 5882 ὐιω
922 5755 1257 5831 Ῑλὶὺίιηυιιὶιί,
1293 5755 1573 5824 προσάγει,
1624 5757 1714 5811 scd
1767 5774 1918 5823 mss.,
1956 5761 2239 5832 προσάγοι,

795 5839 811 5882 ι
837 5842 921 5881 “So

795 5839 921 5882 tius.

2341 4469 2475 4526 πᾶσι
2521 4473 2652 4526 Θεὸν
2682 4471 2752 4524 τὰ
2790 4473 2876 4539 ὑφ’
2926 4470 3080 4540 ἡμῶν
3125 4469 3388 4538 λεγόμενα
3421 4467 3514 4521 καὶ
3543 4471 3903 4539 πραττόμενα.

2342 4564 2475 4617 ἀλλά
2521 4565 2614 4618 καὶ
2640 4561 2995 4632 λογιζόμενας
3031 4558 3428 4630 Παραϐαλλέτω
3454 4559 3561 4628 (99)
3592 4559 3704 4628 γὰρ
3739 4562 3769 4612 ὁ
3794 4559 3906 4629 βου·

2340 4655 2557 4725 λομενος
2581 4653 2743 4722 ἀλλην
2772 4631 2886 4703 ὁδον
2926 4631 3349 4719 ἐπιστρέφουσαν
3386 4649 3501 4716 ἅμα
3531 4649 3625 4700 καὶ
3671 4647 3902 4717 βελτιοῦ-

2344 4762 2440 4796 σαν
2466 4746 2524 4796 οὑ
2564 4743 2720 4814 μόνον
2749 4742 2845 4795 ἐνα
2890 4759 2990 4794 που
3033 4742 3126 4792 καὶ
3159 4739 3425 4808 δεύτερον,
3461 4738 3598 4802 ἀλλ’,
3626 4740 3730 4808 ὅση
3759 4739 3904 4790 δὺνα·

2347 4854 2457 4906 μις,
2489 4836 2581 4888 καὶ
2613 4834 2895 4896 πλείστους
2924 4834 3104 4895 ὅσους,
3133 4832 3219 4885 ἵνα
3261 4847 3346 4894 τις
3369 4832 3434 4900 τῇ
3471 4829 3776 4899 παραθέσει
3806 4832 3903 4899 ἀμ-

2347 4926 2583 4994 φοτέρων
2606 4925 2712 4978 τῶν
2741 4923 2873 4976 ὁδῶν
2899 4922 3141 4993 ἀκριϐῶς
3161 4922 3467 4993 κατανοήσῃ
3491 4920 3584 4973 τὸν
3610 4921 3900 4976 διατιθέντα

2345 5017 2479 5088 πρὸς
2512 5017 2572 5070 τὸ
2604 5015 2762 5070 καλὸν
2799 5016 2973 5085 λόγον.
3252 5027 3254 5029 ’

2431 5279 2577 5332 Ἐπεὶ
2611 5279 2652 5331 δ’
2685 5279 2742 5330 ἐν
2867 5277 3125 5347 ἐξεθέμην
3173 5275 3266 5330 τοῦ
3311 5277 3518 5332 Κέλσου
3562 5279 3708 5347 Αέξει
3737 5295 3900 5351 παρα⁹

2350 5367 2626 5440 φραζούσῃ
2670 5367 2777 5421 ἀπὸ
2820 5366 2914 5420 τοῦ
2952 5367 3183 5436 Τιμαίου
3217 5366 3289 5438 (l)
3321 5371 3441 5422 τινὰ
3485 5369 3813 5443 γέγραπται,
3837 5367 3903 5431 ὡς

2392 5477 2493 5544 ~(9t
2569 5477 2723 5532 Libh.
2763 5477 2890 5528 editi
2930 5477 2980 5528 in
3019 5479 3281 5544 margine,
3319 5482 3704 5544 mpaﬁalérm.

2415 5548 2491 5614 (Ι)
2543 5547 2686 5619 ’ᾼπὸ
2715 5547 2817 5619 τοῦ
2853 5546 3107 5619 Τιμαίου.
3137 5547 3269 5602 Plat.
3312 5551 3362 5602 in
3395 5546 3617 5613 Timeo,
3660 5567 3781 5619 pag.
3805 5549 3859 5602 ιι
3887 5567 3900 5601 :

2356 5619 2507 5672 Ἐπεὶ
2541 5615 2633 5692 οὖν
2662 5617 2880 5679 πάντες,
2911 5616 3028 5692 β-σεζι
3049 5634 3106 5670 τε
3143 5620 3492 5692 περιπολοὺσι
3525 5615 3795 5692 φανερῶς,
3823 5619 3904 5672 καὶ

2373 5640 2507 5672 δπει
2541 5640 2633 5671 ουν
2662 5640 2880 5679 παντες,
2915 5640 3028 5668 vom
3049 5640 3106 5670 τε
3143 5640 3492 5688 περιπολουσι
3539 5640 3795 5692 νανερως,
3823 5640 3903 5672 και

2345 5691 2456 5741 ὅσοι
2489 5689 2788 5758 φαίνονται,
2832 5685 2950 5758 καθ’
2987 5686 3108 5758 ὅσον
3150 5687 3215 5741 ἂν
3259 5689 3480 5748 ἐθέλωσι
3524 5640 3660 5754 θεοὶ,
3705 5689 3903 5757 γένεσιν

2346 5757 2529 5829 ἔσχον·
2573 5759 2716 5830 λέγεᾼι
2755 5757 2898 5830 πρὸς
2942 5757 3134 5830 αὐτους
3174 5761 3201 5810 ὁ
3245 5759 3360 5812 τόδε
3409 5761 3468 5812 τὸ
3503 5763 3611 5814 πᾶν
3651 5759 3904 5830 γεννήσας

2345 5827 2465 5883 τάδε
2488 5847 2500 5861 ’
2535 5829 2657 5884 Θεοί
2683 5827 2838 5891 θεῶν,
2871 5839 2974 5882 etc.
3004 5845 3022 5878 ι
3060 5827 3280 5894 Quando
3317 5830 3480 5901 igitur
3507 5827 3700 5886 omnes
3736 5827 3900 5900 ρι’(ιυί
