4108 6314
249 504 390 560 1125

1404 506 1684 562 CONTRA
1725 507 2002 565 CELSUM
2035 487 2162 567 Lm.
2201 493 2292 570 iv.

3335 513 3476 574 HN

243 614 348 672 οἷδ’
372 600 566 672 ὁπόθεν
598 617 738 672 οὕτω
770 619 1108 690 τεταγμένας
1153 619 1219 672 ἐκ
1269 618 1435 672 τῶνδε
1481 621 1640 673 τάσδε
1673 622 1784 690 γίνε

1886 625 2042 683 _sine
2067 625 2172 677 nlla
2216 624 2399 678 divina
2443 623 2820 695 intelligentia,
2850 638 2971 701 quae
3006 624 3127 680 illas
3163 636 3331 684 mutet
3359 646 3472 688 ma-

247 709 395 771 σθαι,
431 710 551 779 οὐχὶ
580 708 724 762 θείου
763 709 904 772 τινὸς
937 710 1094 778 λόγου
1136 709 1292 780 ἔργον
1319 705 1489 776 εἶναι,
1529 711 1628 775 τὰς
1659 712 1716 765 ὲν
1742 714 1807 783 τῇ

245 798 354 874 ὕλῃ
376 801 658 870 ποιότητας
698 801 1030 872 ἀμείϐοντος.
1259 821 1261 824 ‘
1739 861 1747 872 ι

323 890 442 941 Ἔτι
479 890 535 942 δὲ
566 891 659 943 καὶ
689 889 845 943 τοῦτό
879 907 1056 962 φαμεν
1086 890 1162 962 τῷ
1194 890 1384 961 Κέλσῳ
1404 930 1418 956 ,
1461 891 1698 957 εἰπόντι,
1730 891 1808 946 ὅτι

251 998 272 1030 ι
309 979 455 1050 ψυχὴ
494 979 591 1049 μὲν
628 979 762 1033 Θεοῦ
809 979 999 1050 ἔργον,
1032 980 1280 1052 σώματος
1309 982 1364 1035 δὲ
1402 983 1532 1054 ἀλλη
1566 983 1741 1051 φύσιςο
1783 1001 1803 1033 ι

245 1070 344 1143 καὶ
372 1069 434 1120 οὐ
476 1069 632 1140 μόνον
660 1071 1150 1135 ἀκατασκευάστως
1194 1073 1255 1125 τὸ
1291 1072 1603 1142 τηλικοῦτον
1635 1074 1809 1145 δόγμα

247 1163 498 1232 ῥίψαντι,
546 1161 679 1214 ἀλλά
725 1162 819 1216 καὶ
862 1161 1208 1232 ἀδιορίστως·
1251 1163 1312 1215 οὐ
1347 1162 1453 1233 γὰρ
1482 1164 1806 1234 ὲσαφήνισε,

225 1252 473 1328 ’πότερον
507 1254 654 1306 πᾶσα
692 1251 836 1323 ψυχὴ
874 1251 1007 1306 Θεοῦ
1047 1252 1240 1323 ἔργον,
1287 1253 1320 1324 ἢ
1359 1254 1489 1324 μόνη
1535 1254 1804 1326 ήλογική.

241 1344 430 1413 Φαμὲν
466 1343 641 1395 τοίνυν
674 1342 810 1414 πρὸς
848 1343 1026 1407 αὐτὸν,
1074 1346 1121 1396 εί
1165 1344 1260 1414 μὲν
1291 1345 1437 1396 πᾶσα
1485 1344 1630 1416 ψυχὴ
1672 1344 1805 1398 Θεοῦ

242 1434 435 1504 ἔργον,
462 1433 702 1503 δηλονότι
745 1434 838 1487 καὶ
881 1433 986 1487 τῶν
1020 1435 1225 1502 ἀλόγων
1255 1435 1346 1488 καὶ
1369 1435 1770 1496 ,εὐτελεστάτων
1788 1477 1803 1501 ,

242 1525 332 1577 ἴνα
361 1525 454 1576 καὶ
478 1524 676 1588 παντὸς
705 1523 950 1594 σώματος
978 1524 1109 1595 ἀλλη
1145 1521 1355 1599 φύσιςῇ
1389 1526 1536 1598 παρὰ
1572 1527 1668 1598 τὴν
1706 1528 1806 1598 τῆς

239 1615 442 1686 ψυχῆς.
474 1616 653 1669 Ἔοικε
681 1617 861 1686 μέντοι
879 1618 936 1670 ὲν
967 1619 1078 1681 τοῖς
1109 1616 1251 1688 ἑξῆς,
1273 1620 1329 1670 ἐν
1361 1614 1440 1680 οἷς
1461 1639 1477 1668 ι
1510 1619 1601 1671 καὶ
1624 1619 1803 1689 θεοφιτ

240 1707 473 1778 λέστερα
512 1705 581 1759 τά
620 1707 786 1775 ἄλογα
832 1707 945 1771 ζῶά
983 1725 1144 1778 φησιν
1179 1708 1368 1778 ἡμῶν,
1403 1709 1613 1762 καὶτοῦ
1647 1710 1802 1765 Θείου

240 1799 574 1870 τὴνμέννοιαν
593 1798 731 1870 ἔχειν
763 1799 1166 1871 καθαρωτέραν,
1205 1819 1222 1850 ›
1256 1801 1624 1870 παριστάνειν,
1648 1801 1800 1854 ὅτιού

244 1889 405 1958 μόνον
438 1893 470 1958 ἡ
502 1890 610 1943 τῶν
639 1889 956 1960 ἀνθρώπων,
991 1890 1124 1944 ἀλλά
1148 1891 1278 1943 πολὺ
1307 1891 1502 1961 μᾶλλον
1523 1894 1667 1966 καὶὴ
1693 1894 1798 1946 τῶν

1914 715 2061 769 terite
2087 714 2392 784 qualitates.

1983 891 2072 948 58.
2107 892 2282 947 Unum
2311 891 2440 961 quid
2493 903 2741 962 superest
2787 896 2930 963 quod
2986 896 3159 950 dicam
3203 897 3467 951 adversus

1913 981 2055 1036 istud
2080 981 2218 1036 Celsi
2244 997 2258 1034 :
2297 1000 2315 1034 ι
2338 981 2583 1035 Animam
2612 997 2732 1037 esse
2776 981 2869 1036 Dei
2910 999 3064 1051 opus,
3096 986 3339 1052 corporis
3371 1002 3471 1036 :tu-
3522 1036 3531 1044 ,

1913 1083 2020 1126 tem
2065 1072 2224 1126 aliam
2262 1080 2511 1126 naturam
2541 1086 2700 1138 esse;
2737 1092 2754 1125 ι
2789 1074 2933 1142 quod
2974 1089 3077 1127 non
3112 1075 3282 1128 solum
3316 1076 3466 1144 nullo

1909 1173 2222 1232 argumento
2247 1162 2470 1231 profert,
2510 1164 2602 1216 sed
2638 1164 2799 1218 etiam
2827 1165 3096 1234 ambigue.
3121 1163 3299 1234 Neque
3319 1166 3462 1222 enim

1911 1255 2174 1318 declarat,
2219 1253 2468 1308 animaue
2489 1255 2665 1308 omnis
2703 1270 2838 1322 opus
2873 1253 2971 1309 Dei
3004 1256 3094 1320 sit,
3119 1271 3184 1308 an
3219 1257 3334 1308 sola
3371 1271 3463 1309 ra-

1914 1347 2074 1402 tionis
2099 1347 2390 1416 particeps.
2419 1346 2517 1399 Aio
2542 1341 2732 1414 igitur,
2773 1347 2818 1400 si
2845 1347 3024 1400 omnis
3056 1349 3247 1402 anima-
3266 1349 3356 1402 Dei
3391 1349 3463 1402 sit

1906 1453 2061 1508 Opus,
2087 1438 2154 1492 ab
2185 1439 2300 1507 ipso
2329 1437 2576 1491 conditas
2605 1450 2727 1490 esse
2761 1437 2878 1490 sine
2916 1437 3077 1492 dubio
3101 1447 3154 1491 et
3180 1439 3458 1492 brutorutn

1907 1519 2285 1585 vilissimorum
2313 1530 2543 1594 animas,
2575 1538 2634 1582 ut
2661 1528 2733 1582 ita
2759 1543 3047 1597 corporum
3085 1526 3323 1584 omnium
3351 1530 3455 1583 alia

1905 1631 2097 1676 natura
2128 1621 2198 1675 sit
2242 1629 2405 1687 atque
2437 1620 2648 1672 animae.
2690 1619 2757 1672 Et
2787 1633 2917 1673 vero
2951 1619 3089 1688 ipse,
3124 1635 3244 1673 cum
3276 1621 3326 1673 itt
3368 1635 3456 1674 se-

1903 1714 2190 1776 quentibus
2213 1711 2285 1764 ait
2316 1729 2334 1760 (
2367 1711 2520 1762 bruta
2550 1709 2820 1764 animalia
2839 1710 2948 1764 Deo
2980 1725 3138 1779 quam
3173 1726 3270 1765 nos
3301 1727 3458 1767 acce-

1901 1803 2073 1872 ptiora
2101 1815 2236 1861 esse,
2270 1809 2322 1852 et
2353 1799 2417 1854 iis
2468 1800 2643 1853 inesse
2668 1799 2943 1867 puriorem
2977 1800 3066 1853 Dei
3099 1801 3398 1864 notionem,
3429 1820 3451 1856 ι

1904 1893 2133 1958 idipsum
2165 1888 2490 1943 conﬁrmare
2515 1888 2755 1951 videtur,
2786 1887 3067 1942 brutarum
3093 1891 3452 1945 animantium

240 1955 633 2060 ἀλόγων-ζώων
663 1955 805 2052 φυγὴ
863 1981 1018 2051 ἔργον
1061 1984 1176 2035 ἐστὶ
1202 1983 1294 2035 τοῦ
1308 1955 1450 2036 ’Θεοῦ
1475 2002 1487 2014 ’
1513 1955 1669 2036 τοῦτο
1690 1984 1784 2056 γάρ

1901 1982 2120 2051 perinde
2167 1994 2228 2035 ac
2261 1980 2561 2043 hominum,
2596 1977 2701 2032 imo
2744 1978 2914 2046 magis
2959 1992 3117 2046 quam
3156 1981 3450 2043 hominum,

239 2067 521 2120 ἀκολουθεῖ
562 2067 639 2138 τῷ
684 2068 1058 2140 θεοφιλέστερα
1101 2069 1349 2138 λέγεσθαι
1397 2073 1574 2124 ἐκεῖνα
1619 2073 1791 2143 ἡμῶν.

240 2160 307 2212 Εί
334 2159 390 2212 δὲ
423 2159 556 2230 μόνη
592 2163 624 2230 ή
653 2160 839 2232 λογικὴ
869 2161 1012 2232 ψυχὴ
1040 2162 1171 2214 Θεοῦ
1197 2162 1354 2234 ἔργον
1387 2166 1502 2217 ἐστὶ
1521 2203 1535 2228 ,
1582 2165 1793 2236 πρῶτον

240 2250 346 2321 μὲν
379 2251 479 2302 οὐκ
505 2251 790 2322 ἐσαφήνισε
813 2253 921 2323 (‘20)
950 2253 1010 2304 τὸ
1027 2253 1260 2306 τοιοῦτον
1281 2271 1294 2284 ·
1327 2255 1572 2328 δεύτερον
1592 2257 1646 2309 δὲ
1669 2259 1795 2310 ἀκο-

237 2338 420 2392 λουθεῖ
441 2337 519 2409 τῷ
537 2339 849 2409 ἀδιορίστως
870 2340 1119 2409 εἰρῆσθαι
1144 2344 1269 2413 περὶ
1295 2344 1391 2414 τῆς
1415 2345 1608 2414 ψυχῆς,
1631 2344 1706 2407 ὡς
1732 2345 1791 2397 ού

239 2428 454 2500 πάσης,
486 2427 622 2484 ma
657 2429 822 2500 μόνης
859 2430 957 2501 τῆς
988 2431 1207 2502 λογικῆς
1241 2431 1404 2504 οὔσης
1437 2434 1566 2486 Θεοῦ
1596 2435 1751 2506 ἔργον
1774 2475 1789 2499 ,

235 2519 302 2572 τὸ
337 2519 469 2591 μηδὲ
505 2520 701 2584 παντὸς
725 2520 972 2590 σώματος
1009 2512 1173 2592 ἀλλην
1207 2519 1344 2575 εἶναι
1378 2524 1535 2592 φύσιν
1563 2523 1692 2594 (91).
1728 2527 1791 2578 Εἰ

186 2647 188 2649 ›
235 2609 298 2665 δὲ
339 2611 414 2684 μὴ
448 2613 645 2674 παντὸς
686 2612 930 2684 σώματος
979 2615 1112 2685 άλλη
1162 2615 1352 2683 φύσις,
1409 2617 1520 2669 ἀλλ’
1563 2617 1788 2670 ἑκάστου

239 2701 362 2754 ἐστὶ
381 2701 442 2756 τὸ
478 2701 634 2772 σῶμα
657 2702 794 2767 ζώου
827 2704 1082 2772 ἀνάλογον
1115 2709 1179 2775 τῇ
1212 2707 1375 2776 ψυχῇ,
1409 2707 1581 2777 δῆλον,
1616 2710 1697 2760 ὅτι
1731 2703 1788 2761 οὗ

232 2789 385 2861 ψυχὴ
424 2791 558 2843 Θεοῦ
591 2791 747 2860 ἔργον
781 2794 924 2856 ἐστὶ,
955 2794 1194 2864 διαφέροι
1223 2795 1286 2847 ἂν
1313 2798 1372 2847 τὸ
1400 2796 1600 2866 ταύτης
1632 2798 1786 2866 σῶμα

236 2878 511 2950 σώματος,
542 2883 598 2932 ὲν
625 2875 668 2947 ᾧ
694 2882 833 2933 οἰκεῖ
862 2882 1004 2953 ψυχὴ
1031 2885 1128 2936 οὐκ
1160 2880 1291 2938 οὖσα
1315 2885 1470 2956 ἔργον
1503 2887 1654 2939 Θεοῦ.
1681 2889 1788 2941 Καὶ

234 2967 381 3020 οὕτω
420 2969 609 3038 ψεῦδος
651 2970 798 3022 ἔσται
843 2971 902 3022 τὸ
953 2973 1114 3042 μηδὲν
1157 2974 1374 3027 διοίσειν
1443 2977 1782 3047 νυκτερίδος,

233 3059 274 3130 ἦ
308 3060 486 3130 εὑλῆς,
523 3061 556 3131 ἢ
586 3061 852 3134 βατράχου
899 3063 1054 3134 σῶμα
1089 3066 1239 3136 παρά
1276 3067 1336 3119 τὸ
1356 3066 1448 3120 τοῦ
1478 3067 1780 3138 ἀνθρώπου.

307 3328 415 3381 Καὶ
441 3329 548 3400 γὰρ
574 3329 770 3385 ἄτοπον
808 3331 986 3396 λίθους
1030 3335 1124 3403 μὲν
1157 3334 1346 3398 λίθων,
1383 3336 1476 3388 καὶ
1504 3338 1784 3410 οἰκοδομή-

191 3482 197 3488 _
232 3435 382 3487 ματα
404 3419 838 3490 οἰκοδομημάτων
863 3422 1170 3491 νομίζεσθαι
1196 3419 1332 3476 εἶναι
1369 3425 1717 3498 καθαρώτερα
1750 3429 1781 3498 ἢ

229 3508 568 3578 μιαρώτεροι,
604 3509 754 3581 παρά
785 3511 844 3562 τὸ
873 3515 952 3574 εἰς
975 3513 1134 3582 τιμὴν
1156 3513 1250 3566 τοῦ
1270 3516 1424 3567 Θείου
1459 3519 1785 3570 κατεσκευά-

229 3596 378 3660 σθαι,
414 3598 550 3667 ἤείς
581 3600 916 3668 ἀτιμοτάτων
955 3603 1215 3672 σωμάτων
1269 3607 1360 3657 καὶ
1406 3607 1608 3674 ἐναγῶν
1651 3610 1780 3661 ὑπο-

223 3687 390 3757 δοχήν
412 3704 426 3717 ο
471 3688 692 3758 σώματα
722 3689 778 3743 δὲ
809 3692 1074 3761 σωμάτων
1103 3692 1175 3764 μὴ
1212 3694 1511 3764 διαφέρειν,
1545 3699 1690 3768 παρά
1723 3701 1780 3752 τὸ

225 3779 419 3845 λογικὰ
450 3776 586 3832 εἶναι
625 3780 691 3833 τὰ
733 3783 1115 3853 ὲνοικήσαντα,
1149 3785 1180 3855 ἢ
1222 3785 1408 3854 ἄλογα,
1436 3788 1526 3839 καὶ
1551 3787 1801 3856 λογικῶν-

223 3866 299 3918 τά
323 3869 724 3940 σπουδαιότερα,
750 3871 781 3940 ἢ
811 3872 934 3933 τοὺς
967 3873 1327 3940 φαυλοτάτους
1348 3874 1680 3944 ἀνθρώπους.
1709 3879 1780 3929 Τὸ

221 3957 464 4011 τοιοῦτόν
497 3977 557 4026 γε
592 3962 853 4030 πεποίηκε
883 3963 1144 4033 τολμῆσαί
1172 3981 1321 4027 τινας
1353 3966 1657 4020 ἀποθεῶσαι
1681 3970 1777 4038 μὲν

221 4045 296 4099 τὰ
341 4047 447 4100 τῶν
492 4048 848 4120 διαφερόντων
896 4051 1151 4128 σώματα,
1187 4054 1260 4116 ὡς
1301 4054 1564 4125 δεξάμενα
1602 4057 1776 4126 ψυχὴν

225 4139 540 4204 θπουδαίαν,
571 4141 864 4210 ἀπορρῖψαι
892 4142 947 4195 δὲ
975 4144 1006 4212 ἣ
1035 4145 1296 4214 ἀτιμάσαι
1328 4146 1394 4198 τά
1438 4147 1544 4198 τῶν
1579 4147 1774 4214 φαυλο-

227 4233 420 4285 τάτων·
450 4233 546 4303 οὐχ
576 4236 655 4286 ὅτι
686 4235 899 4298 πάντως
921 4237 981 4287 τὸ
1013 4237 1257 4289 τοιοῦτον
1278 4237 1443 4305 ὑγιῶς
1467 4238 1769 4305 γεγένηται,

220 4319 432 4374 ἀλλ’ὅτι
465 4321 571 4373 ἀπό
591 4338 726 4373 τινος
762 4323 964 4384 ἐννοίας
998 4322 1178 4389 ὑγιοῦς
1207 4324 1329 4392 ἔσχε
1349 4325 1446 4392 τὴν
1479 4325 1669 4394 ἀρχήν.
1701 4325 1770 4374 Ἢ

216 4409 420 4479 ὁμοίως
437 4411 464 4460 ὁ
478 4408 637 4475 σοφὸς
655 4408 789 4476 μετά
813 4409 909 4476 τὴν
927 4409 1174 4478 τελευτὴν
1192 4410 1430 4473 Ἀνύτου,
1446 4415 1536 4463 καὶ
1550 4415 1763 4482 Σωκρά-

212 4515 345 4561 τους
384 4497 653 4566 φροντίσει
692 4498 788 4568 τῆς
819 4498 994 4566 ταφῆς
1027 4500 1118 4550 τοῦ
1177 4500 1492 4570 Σωκράτους
1524 4502 1769 4570 σώματος

1812 3289 1853 3344 c
1890 3259 2036 3344 ⁸³³ἷῖ

1900 2072 2133 2126 animam
2159 2070 2251 2127 Dei
2275 2085 2396 2125 esse
2419 2083 2573 2138 Opus.
2603 2068 2668 2122 Id
2687 2067 2828 2122 enim
2859 2084 2923 2122 ex
2955 2083 3020 2124 eo
3045 2069 3290 2137 sequitur
3311 2071 3450 2138 quod

1900 2161 1976 2215 ait
2003 2175 2096 2215 eas
2128 2174 2246 2214 esse
2280 2173 2441 2227 quam
2476 2169 2571 2211 uos
2600 2157 2706 2210 Deo
2747 2160 3099 2222 acceptiores.
3146 2156 3240 2210 Sin
3268 2168 3448 2212 autem

1896 2250 2011 2306 sola
2039 2250 2222 2304 animo
2259 2247 2482 2306 rationis
2507 2246 2774 2316 particeps
2799 2245 2891 2300 De‘i
2927 2247 2997 2299 sit
3030 2261 3184 2315 opus,
3217 2247 3447 2315 priunnn
3481 2247 3483 2249 ’

1897 2343 1949 2396 id
1973 2357 2076 2397 non
2109 2341 2255 2398 clare
2281 2340 2571 2403 indicavit;
2602 2338 2792 2392 deinde
2823 2351 2943 2390 cum
2974 2337 3089 2392 sine
3115 2338 3220 2392 ulla
3256 2340 3450 2394 distiu—
3498 2389 3502 2392 .

1898 2436 2094 2490 ctionis
2122 2443 2246 2488 uota
2279 2431 2477 2486 dixerit
2506 2432 2570 2483 de
2606 2428 2807 2491 anima,
2842 2443 2944 2480 non
2972 2443 3180 2483 omnem
3211 2429 3300 2500 Dei
3327 2445 3450 2486 esse

1897 2541 2049 2595 cpus,
2081 2526 2175 2578 sed
2200 2523 2367 2578 solam
2395 2521 2621 2574 rationis
2649 2521 3000 2589 participem,
3041 2521 3165 2574 hinc
3203 2523 3449 2591 sequitur

1895 2630 1994 2667 nec
2031 2611 2206 2664 omnis
2236 2609 2476 2676 corporis
2516 2616 2762 2661 naturam
2790 2608 2948 2660 aliam
2973 2623 3110 2661 esse.
3140 2611 3205 2661 At
3239 2626 3362 2664 vero
3400 2612 3446 2665 si

1895 2719 1997 2756 non
2037 2701 2215 2755 omnis
2266 2700 2506 2767 corporis
2551 2697 2654 2750 alia
2710 2705 2899 2750 natura
2947 2709 3050 2764 cst,
3100 2701 3190 2753 scd
3226 2702 3447 2768 singula:

1894 2793 2195 2846 animantes
2222 2787 2418 2860 corpus
2447 2789 2641 2842 habent
2684 2789 2873 2841 anima:
2903 2804 3001 2858 pro
3040 2791 3288 2858 portione
3315 2807 3445 2845 con-

1894 2892 2232 2941 sentaueutn,
2267 2871 2608 2975 perspicuum
2644 2893 2729 2934 est
2755 2894 2951 2949 corpus
2981 2878 3129 2941 illttd,
3153 2879 3308 2948 cujus
3329 2881 3443 2932 aui-

1893 2988 1980 3025 ma
2005 2970 2096 3024 Dei
2149 2981 2231 3023 est
2257 2963 2414 3036 opus,
2446 2971 2786 3036 praestantius
2812 2971 2927 3024 fore
2954 2969 3062 3032 illo,
3092 2968 3241 3035 cujus
3262 2970 3440 3024 animo

1893 3063 1987 3116 Dei
2023 3077 2156 3129 opus
2189 3076 2292 3112 nou
2321 3058 2423 3129 est.
2450 3061 2626 3126 Atque
2653 3060 2735 3113 sic
2766 3060 2956 3112 ialsum
2986 3059 3089 3112 erit
3119 3072 3314 3126 corpus
3341 3058 3439 3111 ho-

1892 3153 2054 3208 minis
2085 3150 2220 3204 nihil
2252 3165 2282 3203 a
2316 3149 2718 3217 veSpertilioue,
2754 3163 2935 3202 verme
2959 3156 3050 3200 aut
3078 3162 3206 3199 rana
3232 3148 3441 3202 disere-

1961 3324 2046 3387 59.
2075 3331 2135 3383 Et
2167 3344 2296 3384 sane
2329 3329 2619 3382 absurdum
2655 3327 2812 3380 fuerit
2853 3340 2981 3380 saxa
3015 3327 3180 3388 satis,
3210 3326 3436 3381 aedilicia

1885 3422 2126 3477 mdiﬁciis
2158 3420 2377 3487 puriora
2413 3419 2594 3470 haberi
2643 3427 2736 3471 aut
2771 3418 3102 3486 iutpuriora,
3151 3425 3310 3485 prout
3343 3429 3437 3472 aut

1884 3515 1947 3566 atl
1982 3514 2240 3565 honorem
2274 3508 2570 3562 divinitatis
2611 3518 3031 3572 construuntur,
3075 3518 3169 3560 aut
3206 3508 3438 3562 adu-cci-

1885 3584 2075 3672 pieu’tla
2100 3602 2222 3653 vilia
2257 3601 2574 3667 itupuraquc
2602 3614 2862 3668 corpora;
2899 3615 3125 3666 corpora
3160 3586 3434 3680 veriuer-

1884 3693 2104 3763 poribus
2152 3707 2255 3743 nou
2291 3699 2572 3757 praestare,
2600 3705 2826 3758 quorum
2865 3689 2966 3741 alia
2997 3692 3186 3744 anima:
3221 3691 3433 3745 raliNIO

1856 3767 2119 3852 'praulittc
2159 3781 2421 3843 incolunt,
2453 3780 2554 3832 alia
2585 3781 2791 3834 ratione
2827 3780 3066 3848 privata),
3108 3781 3211 3832 alia
3248 3781 3431 3834 virtu-

1883 3886 1992 3928 tum
2023 3873 2294 3933 studiosae,
2325 3873 2425 3924 alia
2461 3872 2603 3924 vitiis
2642 3871 3111 3939 inquinatissimte.
3144 3871 3244 3924 Cer
3327 3872 3427 3925 hoc

1878 3968 2168 4022 discrimen
2201 3964 2348 4025 fecit,
2389 3971 2446 4014 ttt
2489 3963 2708 4030 quidam
2739 3961 2853 4014 ausi
2902 3959 3102 4014 fuerint
3150 3961 3254 4016 hon
3337 3977 3426 4016 unt

1876 4058 2075 4108 virtute
2103 4053 2517 4124 prtec'elleutitnn
2550 4065 2773 4118 corpora
2805 4050 2855 4102 iu
2892 4051 3109 4103 deorum
3140 4066 3424 4107 numerum

1877 4145 2084 4199 referre
2122 4154 2374 4211 tanquam
2424 4141 2575 4195 bonae
2601 4143 2794 4194 animae
2825 4141 3128 4206 domicilia;
3161 4143 3426 4210 projicere

1875 4247 2051 4288 autem
2075 4243 2166 4288 attt
2193 4231 2540 4286 contumeliis
2583 4230 2795 4285 allicere
2843 4217 3068 4299 corpora
3097 4246 3282 4287 eorum
3329 4233 3422 4300 qui

1874 4325 2019 4377 vitiis
2049 4323 2211 4377 dediti
2258 4321 2472 4375 fuerant
2499 4324 2519 4372 :'
2546 4336 2650 4374 non
2688 4323 2830 4390 quod
2870 4323 2918 4374 id
2953 4323 3167 4390 quidem
3199 4324 3422 4377 omnino

1874 4423 2017 4464 recte
2053 4409 2248 4464 factum
2281 4410 2352 4463 sit
2382 4423 2398 4462 :
2429 4410 2521 4462 sed
2557 4410 2698 4479 quod
2730 4426 2758 4462 a
2787 4426 2913 4462 sana
2947 4411 3176 4478 quadam
3221 4413 3423 4480 cogita-

1871 4501 2018 4552 tione
2048 4500 2313 4568 originem
2354 4498 2619 4552 habuerit.
2673 4498 2807 4550 Num
2857 4499 2996 4550 enim
3022 4487 3259 4564 sapiens,
3298 4511 3420 4566 post

214 4593 314 4647 καὶ
359 4593 454 4662 τῆς
499 4592 751 4653 ’Δνύτου;
799 4590 905 4642 Καὶ
953 4591 1012 4642 τὸ
1050 4592 1419 4662 παραπλήσιον
1446 4594 1768 4664 ἀμφοτέροις

1886 4598 2101 4642 mortem
2153 4587 2311 4655 Anyti
2343 4594 2396 4640 et
2441 4585 2701 4662 Socratis,
2729 4601 2878 4652 aeque
2929 4586 3186 4640 sollicitus
3211 4587 3314 4640 erit
3352 4587 3418 4642 de

213 4681 612 4736 κατασκευάσει
629 4680 780 4750 ἠρίον
802 4680 833 4750 ἢ
864 4680 1029 4748 τάφον
1054 4683 1195 4744 ;Καὶ
1227 4681 1396 4735 ταῦτα
1417 4683 1502 4736 διὰ
1528 4685 1612 4746 τὸ,
1639 4681 1764 4736 (Ὧν

211 4775 368 4829 οῦδὲν
394 4773 548 4843 ἔργον
574 4771 707 4825 Θεοῦ
750 4791 766 4821 ι
805 4771 915 4841 (τοῦ
944 4767 1017 4827 ὧν
1049 4773 1444 4843 ἀναφερομένου
1477 4775 1566 4827 ἐπὶ
1593 4776 1651 4827 τὸ
1671 4774 1762 4828 τοῦ

211 4865 500 4935 ἀνθρώπου
535 4865 712 4934 σῶμα,
744 4865 776 4934 ἢ
814 4864 919 4916 τῶν
958 4867 1021 4917 ὲκ
1051 4863 1141 4916 τοῦ
1177 4864 1422 4934 σώματος
1447 4866 1639 4932 ὄφεων·
1671 4851 1762 4918 καὶ

211 4958 308 5010 ἐπὶ
339 4957 400 5009 τὸ
433 4955 570 5026 βοὸς,
595 4956 626 5025 ἢ
659 4955 764 5008 τῶν
795 4957 859 5008 ὲκ
883 4955 976 5010 τοῦ
1006 4954 1252 5024 σώματος
1307 4956 1426 5025 βοὸς
1461 4954 1722 5024 μελισσῶν
1744 4971 1758 4984 ·

431 5088 649 5153 Τύμϐος
683 5087 966 5154 ὑμηττείῳ
985 5087 1322 5154 λαϐόμενος
1337 5087 1547 5154 μέλιτι.

361 5175 674 5243 Sepulcrum
693 5187 848 5226 tuum
877 5175 1140 5244 Hymettia
1172 5176 1319 5228 melle
1344 5191 1497 5244 apum
1519 5192 1582 5228 ea:
1605 5176 1764 5229 bobus

445 5248 736 5314 gettitartttu
765 5260 964 5310 semper
997 5243 1175 5296 stillet.

203 5361 359 5420 Idem
397 5357 448 5410 itt
481 5357 700 5408 Ἵπποις

361 5469 552 5523 Ἰπποι
595 5467 711 5536 μὲν
734 5466 983 5534 σφηκῶν
1015 5466 1267 5537 γένεσις,
1321 5469 1518 5535 ταῦροι
1561 5469 1626 5522 δὲ
1657 5486 1761 5537 με-

1413 5540 1687 5607 ιλισσών.

356 5607 442 5660 Ea:
462 5606 606 5675 equis
630 5622 814 5672 vespm,
849 5617 894 5658 et
924 5623 988 5658 ea:
1012 5608 1170 5658 bobus
1196 5623 1314 5671 apes
1344 5606 1671 5674 gent-rantur.

204 5703 353 5754 ltlctn
385 5703 434 5752 itt
456 5696 739 5766 κάνθαρος.
764 5697 1060 5766 Κάνθαρος·
1087 5698 1235 5766 παρά
1254 5698 1342 5750 τὸν
1366 5698 1630 5759 κάνθωνα,
1650 5717 1761 5752 του-

197 5769 376 5832 τέστι,
410 5768 514 5821 τὸν
531 5767 686 5820 δνον·
728 5767 818 5818 καὶ
858 5767 1004 5834 παρὰ
1047 5766 1135 5817 τὸν
1172 5767 1314 5835 ὀρὸν,
1367 5769 1605 5819 τουτέστι
1629 5808 1642 5830 ,
1688 5768 1751 5819 τὸ

197 5839 469 5920 ᾳ-ξτέρμαι
500 5837 635 5920 Φασὶ
669 5836 800 5920 γὰρ,
842 5836 930 5886 ὅτι
956 5837 983 5886 ὁ
1019 5835 1283 5920 κάνθαρος
1313 5835 1452 5920 οὕτω
1478 5837 1714 5920 τίκτεται
1733 5851 1746 5865 ⁸

211 5905 385 5964 Ἐἰπὰν
417 5907 551 5980 εῦρῃ
581 5907 696 5959 ὖνου
742 5906 938 5973 κόπρον
974 5905 1323 5976 στρογγύλην,
1361 5906 1506 5975 μένει
1553 5905 1748 5957 κυλίων

1875 4679 2154 4744 utriusque
2183 4676 2425 4741 corporis
2453 4675 2762 4742 sepultura?
2786 4675 2946 4744 550
2973 4679 3053 4728 Att
3083 4678 3292 4744 utrique
3319 4691 3419 4744 par

1870 4779 1924 4823 et
1964 4769 2136 4822 simile
2179 4776 2588 4820 monumentum
2641 4778 2732 4819 aut
2765 4770 3068 4834 sepulcrum
3105 4767 3415 4821 construct?

1865 4862 2038 4926 Atque
2070 4860 2183 4912 htnc
2208 4862 2274 4911 de
2301 4858 2404 4910 isto
2431 4856 2567 4910 Celsi
2597 4856 2740 4912 dicto
2773 4875 2788 4912 :
2824 4877 2841 4908 ι
2875 4858 3108 4922 Quorum
3130 4857 3257 4909 uiltil
3280 4872 3414 4925 opus

1867 4950 1961 5003 Dei
2019 4958 2134 5014 est;
2185 4966 2202 4998 ι
2243 4949 2330 5000 ubi
2371 4961 2500 5001 voce
2543 4965 2561 4997 ι
2609 4963 2835 5014 quorum
2878 4965 2896 4996 ι
2933 4945 3176 5012 intelligit.
3219 4961 3413 5016 corpus

1868 5085 1978 5144 τοῖς
2008 5081 2150 5144 ποσὶ,
2185 5081 2275 5133 καὶ
2303 5080 2380 5150 τῷ
2403 5081 2600 5150 κυλίειν
2622 5076 3062 5150 ἀποσπερμαίνεν
3084 5080 3175 5130 καὶ
3202 5079 3265 5129 ἐκ
3299 5079 3413 5150 τού-

1867 5169 1958 5203 του
1995 5153 2024 5203 ὀ
2064 5150 2327 5218 κάνθαρος
2352 5145 2417 5200 τὸ
2451 5149 2586 5213 ζῶον
2621 5145 2843 5213 γίνεταιζ
2864 5164 2892 5218 _t
2929 5145 3265 5218 v‘Scarabtrus.
3315 5147 3371 5201 Di
3385 5181 3406 5189 -

1867 5231 1986 5273 ctus
2016 5235 2044 5272 a
2069 5214 2282 5272 nomine
2304 5218 2530 5277 κάνθων,
2558 5219 2758 5275 asinus,
2783 5225 2834 5265 et
2854 5214 2994 5283 ὀρός,
3023 5232 3215 5283 semen.
3243 5217 3410 5276 Aiunt

1866 5291 2010 5342 enim
2041 5289 2366 5341 scarabmum
2415 5288 2485 5338 ita
2524 5283 2790 5352 generari.
2823 5283 3040 5336 luvenfo
3080 5287 3217 5338 asini
3263 5298 3403 5340 ster-

1811 5376 1818 5381 ·
1865 5373 1990 5411 rore
2039 5358 2264 5408 rotundo
2313 5355 2364 5405 iu
2410 5368 2474 5406 eo
2524 5361 2720 5412 manet,
2776 5353 2997 5417 pedibus
3051 5370 3310 5420 ruspuns;
3348 5366 3404 5408 et

1864 5429 2004 5478 inter
2031 5423 2354 5490 ruspandum
2390 5436 2566 5473 setneu
2611 5421 2827 5484 emittit,
2865 5436 2930 5473 ex
2967 5436 3072 5488 quo
3102 5425 3404 5479 scarabteus

1865 5494 2119 5546 uastitur.
2159 5511 2176 5542 ι
2213 5491 2471 5542 Spsscen.

1931 5562 2038 5630 (~20)
2087 5558 2464 5630 Evagrii-tce.
2483 5559 2554 5630 Ita
2584 5566 2726 5611 recte
2751 5559 2914 5612 codex
2946 5557 3282 5613 Busileensis.
3311 5558 3401 5613 Li-

1862 5627 1948 5684 bri
1975 5640 2146 5682 autem
2177 5629 2300 5680 ettiii
2321 5667 2335 5688 ,
2359 5627 2709 5696 ἐσαφήνισας.

1931 5697 2043 5767 (ει)
2074 5700 2294 5763 Ἄλλην
2324 5693 2699 5767 εἶπιιλξρὐσιν.
2735 5697 2823 5749 Sic
2851 5697 3012 5749 codex
3050 5695 3306 5767 Julianus;
3339 5695 3395 5750 in

1856 5758 2621 5835 liltris'etlitisuectigal—111v.
2658 5767 2832 5818 Codex
2871 5765 3212 5835 Basilcensis,
3256 5758 3396 5815 εἶναι

1853 5836 2013 5908 φύσιν
2155 5836 2344 5908 αύτῄν.
2364 5833 2488 5908 _Not_t
2515 5833 2676 5889 multo
2701 5845 2817 5906 post
2847 5835 2972 5890 libb.
2996 5833 3121 5887 editi
3146 5833 3196 5884 iit
3221 5839 3390 5896 textu,

1853 5903 1966 5972 ἀλλ’
1988 5903 2222 5987 ,ἑκάστου
2249 5903 2304 5960 δὲ
2329 5905 2388 5956 τὸ
2423 5903 2596 5974 σῶμα.
