4108 6314
209 352 350 410 ιιδδ

1353 328 1628 408 CONTRA
1663 353 1931 408 causam
1969 352 2094 407 LIB.
2135 352 2221 406 Ir.

3258 346 3394 406 “35

201 467 748 536 τοῖςὲμπολιτεὺεται
783 468 913 536 (ὗέ).
941 468 1126 537 Ὁμοία
1167 468 1211 520 δ’
1244 469 1335 521 ἀπ’
1367 469 1538 538 ἀρχῆς
1565 469 1642 530 εἰς
1673 468 1748 520 τέ-

1858 469 2062 522 naturis
2111 469 2422 522 mortalibus
2467 483 2686 521 versari.
2734 468 2798 518 At
2850 475 3158 520 naturarum
3200 478 3397 522 tuoru-

129 551 136 559 ’
199 557 294 620 λος
321 560 353 628 ἡ
383 557 488 610 τῶν
515 558 717 630 ϐνητῶν
751 559 1018 630 περίοδος’
1055 560 1146 611 καὶ
1182 559 1320 612 κατὰ
1355 559 1450 622 τὰς
1490 560 1751 628 τεταγμέ-

197 666 300 713 νας
324 650 708 719 ἀνακυκλήσεις
735 652 942 721 ἀνάγκη
971 652 1038 704 τὰ
1067 651 1201 703 αὑτὰ
1231 652 1314 703 ἀεὶ
1340 652 1431 703 καὶ
1457 651 1748 718 γεγονέναι,

197 743 297 795 καὶ
320 737 476 807 εἶναι,
512 742 602 796 καὶ
632 743 860 795 ἔσεσθαι.
903 763 921 793 ι
947 744 1054 796 Καὶ
1081 746 1107 795 ὁ
1141 742 1238 812 μὲν
1266 741 1464 804 Κέλσος
1497 743 1625 811 φησι
1654 743 1750 812 τὴν

193 832 306 884 τῶν
349 832 527 886 κακῶν
576 835 781 900 γένεσιν
827 836 887 886 οὐ
940 836 1116 905 ῥᾴδιον
1163 830 1297 885 εἶναι
1341 833 1536 900 γνῶναι
1568 834 1643 903 τῷ
1676 835 1748 902 μὴ

193 921 635 993 φιλοσοφήσειν-ξι·
692 921 764 984 ὡς
817 923 909 974 τοῦ
954 922 1050 991 μὲν
1105 920 1524 990 φιλοσοσοῦντος.
1552 920 1746 988 γνῶναι

190 1009 295 1080 τὴν
322 1011 522 1077 γένεσιν
553 1011 724 1064 αὐτῶν
762 1012 1054 1082 δυναμένου
1103 1013 1316 1083 ῥαδίως,
1350 1011 1440 1064 τοῦ
1473 1011 1527 1063 δὲ
1563 1012 1635 1082 μὴ
1663 1029 1748 1077 ιρι-

191 1101 557 1168 λοσοςοῦντος,
585 1102 643 1154 οὑ
675 1102 868 1172 ῥαδίως
895 1103 990 1172 μὲν
1015 1103 1125 1154 οἵου
1152 1121 1208 1156 τε
1237 1104 1384 1167 ὄντος
1413 1103 1629 1174 Θεωρεῖν
1650 1105 1747 1174 τὴν

185 1191 402 1259 γένεσιν
424 1193 528 1244 τῶν
552 1193 752 1257 κακῶν,
788 1193 922 1263 πλὴν
951 1194 997 1245 εί
1027 1193 1118 1246 καὶ
1149 1192 1285 1264 μετὰ
1320 1193 1581 1264 καμάτου,
1615 1195 1747 1247 ἀλλά

185 1299 254 1350 γε
271 1282 498 1336 δυνατοῦ
530 1283 677 1346 ὖντος
708 1284 924 1353 γνῶναι.
971 1285 1158 1354 Ἡμεῖς
1198 1285 1252 1338 δὲ
1285 1287 1376 1338 καὶ
1425 1287 1558 1356 πρὸς
1592 1286 1745 1339 τοῦτό

187 1388 391 1440 φαμεν,
416 1373 493 1425 ὅτι
531 1373 626 1445 τὴν
657 1373 762 1428 τῶν
793 1375 976 1428 κακῶν
1009 1377 1214 1443 γένεσιν
1257 1377 1374 1428 οὐδὲ
1417 1377 1495 1446 τῷ
1539 1378 1745 1446 φιλοσο-

187 1462 420 1530 φήσαντι
452 1464 650 1530 γνῶναι
694 1465 901 1535 ῥᾴδιονν
931 1466 1068 1534 τάχα
1099 1465 1154 1516 δὲ
1184 1467 1301 1520 οὑδὲ
1334 1467 1536 1531 τούτοις
1581 1469 1743 1523 καθα-

187 1551 303 1621 ρῶς
340 1552 503 1624 αὐτὴν
555 1554 752 1621 γνῶναι
785 1557 1021 1620 δυνατὸν,
1061 1559 1152 1610 ἐὰν
1201 1557 1275 1628 μὴ
1319 1559 1450 1612 Θεοῦ
1494 1563 1742 1632 ἐπιπνοίᾳ

185 1641 286 1694 καὶ
310 1640 428 1694 τίνα
456 1642 521 1694 τὰ
547 1645 687 1697 κακὰ
712 1646 978 1716 τρανωθῇ,
1009 1648 1098 1699 καὶ
1131 1648 1245 1712 πῶς
1273 1651 1475 1722 ὑπέστη
1508 1651 1737 1722 δηλωθῇ,

185 1733 284 1785 καὶ
326 1734 444 1787 τίνα
495 1735 688 1806 τρόπον
736 1738 1154 1810 αφανισθήσεται
1197 1741 1379 1812 νοηθῇ.
1420 1743 1505 1794 Ἐν
1557 1747 1741 1806 κακοῖς

1853 561 1978 614 Ιίιιιιί
2009 560 2410 623 conversionem
2459 562 2541 632 sui
2579 559 2804 614 similem
2847 574 2964 614 esse
3014 560 3083 613 ab
3133 557 3292 614 initio
3328 550 3396 614 ad

1851 649 2045 715 finem;
2082 658 2136 703 et
2175 665 2240 704 ex
2282 651 2570 703 constituto
2617 651 3027 704 conversionem
3071 650 3260 704 ordine
3303 665 3399 706 ne-
3469 718 3476 724 _

1851 741 2140 792 t-cssarium
2187 754 2328 806 esse,
2377 750 2434 793 ut
2480 740 2770 810 praeterita,
2801 741 3086 806 praesentia
3132 750 3186 793 et
3217 739 3394 795 futura

1819 884 1824 888 _
1850 844 2056 896 semper
2083 829 2266 882 eadem
2302 833 2428 882 sint.
2493 850 2512 881 ι
2544 829 2674 882 Cum
2706 828 2793 882 hic
2821 830 2897 881 ait
2924 829 3108 883 Celsus
3136 830 3396 886 malorum

1849 921 2110 988 originem
2152 936 2255 975 non
2287 920 2442 974 facile
2467 922 2712 991 cognosci
2749 922 2815 975 ab
2841 923 3060 975 homine
3089 936 3191 974 non
3224 921 3400 988 philo,-

1849 1009 2036 1075 sopho,
2066 1009 2238 1063 innuit
2275 1010 2647 1078 philosophum
2685 1010 2841 1065 facile
2871 1011 3011 1065 illius
3040 1012 3264 1080 originis
3295 1026 3395 1064 uno

1849 1100 2017 1152 titiam
2047 1102 2300 1168 consequi
2336 1116 2523 1170 posse;
2561 1101 2910 1171 philosophiae
2955 1111 3130 1156 autem
3181 1103 3398 1171 imperio

1850 1200 1957 1242 tum
1988 1205 2089 1244 non
2119 1191 2276 1245 facile
2301 1193 2512 1260 quidem
2539 1207 2694 1262 posse
2734 1180 2993 1248 malorum
3021 1193 3282 1262 originem
3316 1193 3401 1248 in.

1849 1282 2130 1350 remigare,
2160 1282 2261 1336 sed.
2286 1295 2440 1350 posse
2474 1293 2674 1347 tamen,
2705 1284 2831 1339 licet
2859 1299 3050 1354 magno
3075 1285 3278 1357 labore.
3316 1285 3400 1339 Ad

1844 1371 1988 1438 quod
2031 1381 2091 1426 ut
2139 1374 2510 1441 reSpondeam,
2565 1373 2651 1428 aio
2700 1390 2768 1429 ne
2817 1374 3134 1444 phil050pho
3181 1375 3400 1444 quidem

1848 1462 1999 1515 facile
2027 1477 2142 1517 esse
2173 1465 2436 1517 malorum
2465 1466 2723 1536 originem
2758 1481 3107 1534 cognoscere.
3149 1464 3402 1528 Fortasse

1843 1553 2002 1605 etiam
2036 1553 2178 1607 nullo
2211 1556 2368 1608 modo
2396 1566 2592 1623 potest,
2624 1557 2725 1610 nisi
2761 1556 2868 1610 Deo
2906 1557 3186 1626 aspirante
3229 1557 3405 1611 discat

1845 1645 2215 1714 intclligatque
2239 1648 2438 1714 etquid
2465 1647 2603 1699 mala
2630 1647 2755 1711 sint,
2781 1656 2832 1700 et
2855 1648 3122 1714 quomodo
3143 1656 3258 1700 orta
3290 1647 3405 1701 fuc-

1847 1736 1974 1798 rint,
2003 1745 2056 1789 et
2079 1751 2309 1804 quonam
2337 1737 2494 1791 modo
2519 1737 2744 1790 tollenda
2773 1737 2898 1790 sint.
2925 1736 2988 1790 Et
3017 1753 3144 1792 sane
3166 1739 3217 1792 in
3250 1739 3406 1794 malis

183 1824 318 1892 γοῦν
346 1825 509 1896 οὔσης
539 1827 744 1896 καὶτῆς
774 1827 898 1897 περὶ
926 1827 1057 1879 Θεοῦ
1081 1829 1318 1897 ἀγνοίας,
1345 1831 1494 1894 ὄντος
1519 1833 1574 1884 δὲ
1600 1833 1748 1902 μεγί-

1850 1837 1930 1879 est
1954 1827 2043 1880 Dei
2065 1828 2351 1896 ignoratio,
2369 1839 2423 1881 et
2448 1827 2706 1881 malorum
2738 1827 3022 1896 pessimum
3047 1829 3257 1883 nescire
3281 1829 3405 1898 quis

186 1930 314 1967 στου
339 1915 504 1968 κακοῦ
534 1918 732 1970 καὶτοῦ
764 1919 836 1987 μὴ
859 1919 1050 1972 εἰδέναι
1067 1921 1156 1973 τὸν
1187 1922 1381 1992 τρόπον
1396 1924 1490 1993 τῆς
1505 1923 1596 1975 τοῦ
1617 1924 1749 1976 Θεοῦ

185 2001 482 2074 θεραπείας
509 2007 598 2058 καὶ
629 2007 726 2076 τῆς
755 2009 831 2070 εἰς
864 2009 1018 2061 αὐτὸν
1057 2011 1355 2074 εὐσεϐείαςο
1407 2013 1618 2075 πάντως
1652 2014 1750 2083 μὲν

183 2093 437 2149 καὶκατὰ
456 2097 658 2150 Κέλσον
680 2098 819 2161 τινὲς
850 2098 956 2151 τῶν
983 2099 1444 2172 φιλοσοφησάντων
1464 2104 1560 2156 οὐκ
1582 2104 1750 2170 ἐγνω-

185 2203 306 2248 σαν,
337 2189 468 2252 ὅπερ
504 2188 656 2258 δῆλόν
681 2192 823 2242 ἐστιν
857 2193 920 2243 ἐκ
945 2192 1048 2244 τῶν
1080 2192 1342 2262 διαφόρων
1381 2196 1435 2244 ἐν
1470 2180 1749 2265 φιλοσοφία

183 2279 446 2349 αἱρέσεων
465 2297 477 2310 ο
508 2281 627 2334 καθ’
654 2283 798 2351 ἡμᾶς
819 2282 874 2333 δὲ
902 2282 1088 2347 οὐδεὶς,
1114 2283 1186 2352 μὴ
1215 2284 1462 2351 ἐγνωκὼς
1493 2286 1656 2338 κακὸν
1676 2283 1752 2338 εἷ’

183 2388 277 2424 ναι
295 2372 356 2447 τὸ
377 2373 608 2441 νομίζειν
630 2375 904 2428 εὐσέϐειαν
922 2374 1184 2437 σώζεσθαι
1201 2379 1256 2428 ὲν
1271 2379 1378 2438 τοῖς
1397 2377 1749 2447 καθεστηκόσι

184 2462 328 2516 κατὰ
353 2463 453 2527 τὰς
491 2466 791 2537 κοινότερον
820 2456 1397 2537 νοουμέναξπολιτείας
1416 2469 1612 2537 νόμοις,
1643 2465 1750 2531 οἷός

181 2565 247 2603 τι
280 2549 431 2604 ἔσται
471 2553 565 2622 τὴν
595 2555 803 2620 γένεσιν
827 2555 1024 2622 γνῶναι
1066 2554 1173 2606 τῶν
1205 2555 1404 2608 κακῶν.
1446 2559 1554 2608 Καὶ
1580 2559 1749 2620 οὐδεὶς

183 2640 264 2711 μὴ
300 2639 562 2694 διαλαϐὼν
603 2645 670 2696 τὰ
715 2646 841 2715 περὶ
886 2644 978 2696 τοῦ
1019 2645 1343 2712 καλουμένου
1386 2644 1626 2697 διαϐόλου
1662 2650 1750 2700 καὶ

179 2730 296 2784 τῶν
321 2732 776 2798 ἀγγέλων-αὑτοῦ,
802 2733 884 2796 τίς
908 2751 967 2785 τε
998 2733 1100 2804 πρὸ
1141 2731 1234 2786 τοῦ
1261 2732 1499 2794 διάϐολος
1526 2735 1748 2803 γεγενῆ-

184 2819 311 2874 σθαι
343 2822 449 2892 (58)
489 2817 639 2886 οὗτος
667 2819 753 2894 ἦν,
782 2823 876 2876 καὶ
908 2823 1023 2886 πῶς
1042 2824 1328 2894 γεγένηται
1365 2823 1624 2888 διάϐολος,
1658 2829 1750 2878 καὶ

179 2910 272 2973 τίς
301 2913 334 2982 ἡ
363 2913 506 2965 αἰτία
530 2913 621 2966 τοῦ
652 2915 1045 2983 συναποστῆναι
1074 2913 1220 2984 αὑτῴ
1249 2916 1371 2976 τοὺς
1395 2914 1750 2986 καλουμένους

181 3002 349 3056 αὑτοῦ
400 3003 681 3073 ἀγγέλους,
734 3002 843 3069 οἷός
874 3022 950 3059 ·τε
1002 3006 1150 3058 ἔσται
1184 3005 1380 3073 γνῶναι
1417 3007 1512 3077 τὴν
1545 3008 1750 3076 γένεσιν

180 3094 296 3148 τῶν
340 3096 543 3150 κακῶν.
586 3099 680 3150 Δεῖ
715 3097 769 3149 δὲ
809 3097 897 3151 τὸν
933 3096 1188 3166 μέλλοντα
1213 3097 1411 3166 ταύτην
1441 3098 1630 3151 εἰδέναι
1659 3098 1750 3150 καὶ

1853 1919 1919 1971 sit
1953 1920 2040 1971 Dei
2072 1919 2274 1972 colendi
2305 1921 2512 1984 modus,
2539 1933 2655 1987 qua“:
2681 1918 2897 1986 pietatis
2915 1934 3039 1988 erga
3072 1919 3216 1972 illum
3246 1919 3401 1976 ratio.

1850 2008 2008 2076 Atqui
2036 2019 2210 2060 tamen
2231 2007 2419 2062 Celsus
2445 2023 2548 2062 non
2569 2007 2878 2062 diflitcbitur
2899 2009 3010 2062 lucc
3035 2009 3210 2077 ignota
3236 2012 3303 2077 ph
3327 2010 3407 2063 lo-

1851 2099 2032 2166 sophis
2055 2098 2248 2164 fuisse;
2279 2101 2326 2152 id
2349 2101 2491 2154 enim
2523 2101 2735 2168 planum
2761 2101 2886 2156 facit
2907 2102 2982 2154 rel
3013 2101 3403 2169 philosophica-

1851 2206 1966 2243 rum
1991 2205 2252 2244 seetarum
2276 2191 2578 2246 diversitas.
2605 2191 2721 2244 Jam
2752 2206 2876 2245 vero
2897 2207 2960 2245 ex
2993 2193 3167 2255 nobis,
3189 2191 3280 2260 qui
3309 2206 3404 2244 ne-

1849 2281 1950 2332 scit
1974 2285 2168 2334 malum
2195 2296 2311 2334 esse
2341 2292 2528 2351 putare
2557 2283 2807 2351 pietatem
2841 2270 2892 2334 in
2919 2283 3290 2351 plerarumque
3316 2294 3406 2336 so-

1850 2372 2101 2423 cietatum
2139 2370 2347 2440 legibus
2378 2373 2592 2424 illaesam
2624 2372 2848 2436 servari,
2872 2373 2916 2426 is
2950 2387 3052 2426 non
3093 2379 3266 2440 potest
3291 2385 3400 2426 ma-
3453 2421 3458 2430 ,

1851 2457 2020 2511 lorum
2050 2459 2306 2528 originem
2336 2462 2529 2515 habere
2555 2472 2919 2531 perspectam;
2953 2479 3049 2516 nec
3085 2463 3228 2516 illam
3253 2477 3408 2518 assc-

1849 2551 1936 2617 qui
1966 2561 2159 2618 potest,
2193 2552 2434 2620 quisquis
2463 2553 2792 2621 ignoraverit
2813 2551 2930 2621 qua:
2962 2555 3026 2607 ad
3057 2553 3323 2609 diabolum
3350 2559 3406 2608 et

1849 2641 2066 2707 angelos
2106 2642 2222 2707 ejus
2272 2643 2556 2709 pertinent,
2601 2651 2655 2695 et
2680 2643 2799 2710 quis
2827 2655 2969 2696 esset
3003 2643 3090 2698 ille
3119 2654 3405 2713 antequam

1848 2734 2088 2789 diabolus
2139 2735 2326 2800 ﬁeret;
2374 2735 2638 2802 quomodo
2689 2732 2862 2786 factus
2922 2733 3080 2788 fuerit
3131 2734 3400 2798 diabolus;

1848 2841 1964 2892 qua:
1997 2840 2153 2878 causa
2186 2825 2344 2878 fuerit
2380 2841 2476 2878 cur
2505 2825 2594 2893 qui
2626 2824 2799 2892 angeli
2827 2824 2942 2893 ejus
2964 2834 3250 2888 vocantur,
3279 2839 3401 2879 cum

1849 2915 1940 2968 illo
1972 2931 1999 2967 a
2034 2916 2142 2968 Deo
2165 2913 2472 2969 defecerint.
2503 2914 2730 2985 Oportet
2753 2926 3010 2984 praeterea
3047 2916 3112 2968 ad
3145 2915 3287 2968 illam
3313 2929 3408 2970 co-

1848 3007 2229 3074 gnoscendam,
2255 3017 2306 3060 ut
2324 3009 2540 3061 sciatur
2562 3009 2856 3071 daemones,
2884 3014 2942 3059 ut
2964 3006 3232 3061 daemones
3259 3015 3404 3071 ειιιιι,

1849 3112 1953 3151 ιιοιι
1997 3111 2116 3150 esse
2161 3099 2249 3152 Dei
2295 3113 2447 3166 opus,
2493 3101 2582 3154 sed
2625 3111 2826 3156 tantum
2854 3113 3120 3169 quatenus
3165 3114 3249 3153 res
3281 3107 3410 3153 sunt

181 3187 319 3258 περὶ
344 3187 606 3257 δαιμόνων
645 3189 1024 3260 ἀκριϐέστερον
1073 3189 1416 3259 διειληφὲναι,
1456 3190 1535 3240 ὅτι
1576 3206 1632 3240 τε
1677 3191 1746 3258 μή

1856 3189 2075 3244 rationis
2102 3202 2409 3259 compotes;
2443 3200 2498 3247 et
2543 3195 2684 3269 unde
2723 3193 2857 3246 tales
2886 3192 3271 3269 evaserinttut
3313 3207 3409 3248 eos

180 3281 314 3338 εἰσι,
348 3278 477 3330 καθὸ
509 3279 755 3347 δαίμονές
794 3283 918 3341 εἱσι,
965 3280 1412 3350 δημιουργήματα
1452 3278 1543 3330 τοῦ
1594 3277 1746 3331 Θεοῦ,

181 3369 320 3422 ἀλλὰ
350 3369 504 3437 μόνον
527 3369 660 3422 καθὸ
686 3370 888 3436 λογικοί
922 3389 1062 3432 τινες
1083 3389 1094 3400 ·
1128 3375 1220 3424 καὶ
1250 3371 1406 3422 πόθεν
1434 3369 1747 3438 ἐληλύθασιν

181 3460 280 3511 ἐπὶ
307 3459 366 3511 τὸ
393 3458 619 3511 τοιοῦτοι
647 3459 917 3526 γενέσθαι,
946 3459 1019 3521 ὡς
1050 3462 1105 3510 ἐν
1135 3459 1459 3512 καταστάσει
1489 3459 1751 3528 δαιμόνων

183 3549 369 3601 αὐτῶν
398 3548 692 3617 ὑποστῆναι
720 3549 782 3601 τὸ
809 3550 1153 3619 ἡγεμονικόν.
1184 3550 1352 3620 Εἴπερ
1381 3545 1472 3602 οὖν
1501 3550 1652 3613 ἄλλος
1681 3569 1761 3614 τις

1855 3280 2103 3336 voluntas
2138 3285 2405 3340 daemones
2444 3286 2818 3341 constitueret.
2855 3284 2922 3355 ,δι
2967 3300 3068 3352 qua
3109 3300 3240 3352 ergo
3264 3299 3410 3353 qua:-

1852 3373 1956 3426 stio
1989 3373 2131 3427 inter
2166 3376 2405 3431 homines
2435 3393 2568 3446 Opus
2606 3377 2801 3430 habeat
2848 3375 3001 3444 longa
3041 3375 3409 3445 inquisitione,

1855 3471 1908 3516 et
1937 3477 2175 3520 scrutatu
2226 3469 2376 3521 nobis
2428 3471 2497 3522 sit
2539 3465 2788 3537 diliicilis,
2814 3478 2960 3522 certe
3013 3469 3126 3523 hac
3170 3477 3253 3521 est
3289 3481 3409 3537 qtun

1868 3541 1932 3607 ad
1963 3559 2225 3612 malorum
2251 3561 2508 3629 originem
2537 3571 2762 3629 spcetat.

175 3638 348 3701 τόπος
373 3638 477 3690 τῶν
510 3638 566 3690 ὲν
599 3637 897 3710 ἀνθρώποις
940 3639 1230 3706 ἐξετάσεως
1284 3641 1530 3712 δεόμενος
1584 3643 1914 3716 δυσθήρατός
1945 3650 2057 3701 ἐστι
2091 3653 2155 3720 τῇ
2193 3653 2349 3719 φύσει
2402 3653 2580 3724 ἡμῶν,
2637 3655 2693 3706 ἐν
2734 3653 2937 3715 τούτοις
2967 3653 3057 3704 καὶ
3083 3654 3116 3722 ἡ
3142 3649 3252 3704 τῶν
3311 3667 3410 3705 κα·

164 3729 300 3785 ⁴κῶν
327 3731 549 3802 ταχθείη
582 3731 646 3785 ἂν
675 3732 903 3800 γένεσις..

257 3819 409 3886 Εἶτα,
429 3823 504 3886 ὡς
533 3823 670 3893 ἔχων
701 3825 799 3895 μέν
831 3843 948 3878 τινα
978 3827 1102 3895 περὶ
1140 3827 1233 3896 τῆς
1265 3827 1371 3878 τῶν
1397 3827 1576 3880 κακῶν
1604 3827 1752 3894 γενέ-

182 3929 325 3976 σεως
362 3915 534 3967 εἰπεῖν
554 3916 995 3987 ἁπορῥητότεοα,
1030 3917 1247 3970 σιωπῶν
1272 3918 1313 3968 δ’
1340 3919 1536 3979 ἐκεῖνα,
1570 3920 1659 3969 καὶ
1686 3917 1753 3969 τὰ

178 4004 442 4075 πλήθεσιν
470 4007 770 4079 ἁρμόζοντα
797 4008 987 4077 λέγωνζ
1015 4010 1146 4079 φησι
1185 4029 1201 4059 ι
1242 4010 1301 4061 τὸ
1333 4009 1574 4080 ἐξαρκεῖν
1605 4010 1752 4080 είρῆ-

180 4096 309 4148 σθαι
340 4098 417 4158 εἰς
443 4099 639 4167 πλῆθος
661 4101 769 4169 (59)
797 4121 814 4152 ι
843 4102 969 4171 περὶ
997 4102 1095 4170 τῆς
1122 4101 1228 4153 τῶν
1260 4103 1440 4156 κακῶν
1469 4104 1748 4170 γενέσεως,

185 4201 207 4232 ε
250 4182 325 4244 ὡς
354 4185 415 4236 ὲκ
449 4185 580 4238 Θεοῦ
612 4189 708 4253 μὲν
740 4191 836 4241 οὐκ
870 4191 982 4242 ἔστι
1011 4193 1172 4248 κακὰ.
1206 4192 1303 4259 ῦλῃ
1332 4193 1385 4244 δὲ
1416 4193 1747 4259 πρόσκειται,

179 4273 279 4325 καὶ
319 4275 430 4333 τοῖς
463 4272 669 4341 θνητοῖς
710 4276 1133 4343 ἐμπολιτεύεται.
1176 4297 1193 4326 ›
1235 4277 1449 4346 atinas;
1504 4281 1599 4346 μὲν
1634 4277 1746 4350 οῦν,

177 4364 267 4416 ὅτι
301 4363 401 4415 οὐκ
428 4362 538 4415 ἔστι
575 4365 719 4418 κακὰ
756 4367 820 4416 ἐκ
857 4366 1008 4420 Θεοῦ.
1049 4368 1157 4418 Καὶ
1197 4368 1334 4420 κατὰ
1358 4368 1446 4420 τὸν
1484 4371 1747 4440 Ἱερεμίαν

179 4453 297 4524 γὰρ
326 4453 480 4524 ἡμῶν
509 4456 690 4523 σαφὲς,
723 4455 802 4507 ὅτι
838 4474 855 4505 ι
894 4459 956 4508 ἐκ
997 4457 1256 4526 στόματος
1285 4459 1486 4529 Κυρίου
1532 4461 1630 4511 οῦκ
1659 4461 1749 4522 ’ἐξ-

176 4544 459 4598 ελεύσεται
490 4545 557 4598 τὰ
588 4546 730 4598 κακὰ
758 4547 851 4598 καὶ
893 4546 954 4599 τὸ
989 4547 1188 4614 ἀγαθόν
1208 4565 1221 4578 ο
1266 4567 1283 4598 ι
1313 4548 1373 4600 τὸ
1410 4549 1463 4600 δὲ
1491 4551 1588 4618 τὴν
1618 4549 1748 4617 ὓλην

175 4639 298 4699 τοῖς
329 4635 537 4708 θνητοῖς
565 4637 1051 4707 ἐμπολιτευομένην
1097 4639 1271 4691 αἰτίαν
1320 4637 1456 4692 εἶναι
1500 4640 1606 4695 τῶν
1652 4658 1751 4692 κα-

175 4728 300 4786 κῶν
336 4731 456 4782 καθ’
479 4731 628 4799 ἡμᾶς
651 4730 747 4782 οὐκ
772 4729 982 4798 ἀληθές.
1014 4731 1084 4782 Τὸ
1113 4731 1220 4800 γὰρ
1252 4731 1475 4784 ἑκάστου
1501 4735 1752 4802 ἡγεμονι-

175 4821 284 4876 κὸν
312 4821 481 4874 αἴτιον
505 4821 600 4890 τῆς
631 4820 936 4890 ὑποστάσης
965 4822 1019 4872 ἐν
1043 4822 1187 4892 αὑτῷ
1217 4822 1411 4886 κακίας
1440 4824 1603 4885 ἐστὶν,
1628 4826 1750 4894 ἥτις

175 4913 306 4967 tot).
331 4912 392 4964 τὺ
418 4911 581 4964 κακόν
602 4928 615 4941 ·
664 4911 808 4964 κακὰ
845 4911 898 4962 δὲ
949 4915 1040 4965 καὶ
1090 4914 1143 4965 αἱ
1177 4914 1268 4966 ἀπ’
1299 4915 1467 4984 αὐτῆς
1497 4916 1745 4985 πράξεις’

174 5005 284 5063 καὶ
328 5002 453 5056 ἄλλο
496 5003 664 5064 οὐδὲν,
692 5005 766 5067 ὡς
811 5004 944 5073 πρὸς
993 5004 1188 5075 ἀκριϐῆ
1235 5005 1406 5072 λόγον,
1439 5006 1557 5059 καθ’
1603 5007 1749 5076 ἡμᾶς

175 5097 304 5150 ἐστι
353 5095 536 5149 κακόν.
583 5096 717 5149 Ἀλλ’
765 5092 880 5149 οἶδα
929 5097 1016 5150 τὸν
1058 5096 1210 5165 λόγον
1257 5099 1501 5169 δεόμενον
1551 5097 1748 5167 πολλῆς

177 5184 509 5256 ἐξεργασίας
535 5187 628 5240 καὶ
665 5187 1003 5256 κατασκευῆς
1034 5186 1232 5257 (χάριτι
1259 5187 1391 5240 Θεοῦ
1430 5185 1748 5256 φωτίζοντος

175 5280 249 5331 τὸ
275 5275 632 5348 ἡγεμονικόν),
661 5277 965 5349 δυναμένων
995 5278 1238 5345 γενέσθαι
1279 5275 1354 5346 τῷ
1386 5275 1619 5346 κριθέντι
1649 5276 1749 5326 ὑπὸ

256 5457 377 5491 ³⁵·³³
409 5457 608 5513 Thren.
643 5471 726 5521 ιιι,
745 5452 836 5510 58.

260 5667 373 5737 (57)
403 5665 646 5735 Θνητοῒς
669 5664 1122 5737 ὲμπολιτεύοται.
1167 5663 1244 5737 ita
1277 5673 1422 5716 recte
1455 5662 1616 5716 codex
1645 5660 1737 5737 {oo

183 5731 368 5790 lianus
401 5737 453 5787 in
486 5731 738 5801 margine,
776 5737 961 5801 sicque
995 5734 1274 5797 legendum
1301 5749 1364 5785 ex
1400 5745 1619 5787 munero
1646 5731 1732 5784 66.

184 5805 344 5860 Libh.
376 5803 524 5868 editi,
554 5807 735 5866 κακοῖς
761 5801 1183 5874 ἐμπολιτεὺεται,
1216 5802 1374 5856 male.

1921 3832 2009 3886 66.
2047 3833 2243 3887 Deinde
2275 3833 2482 3897 Celsus,
2520 3833 2668 3900 quasi
2712 3832 2840 3900 quid
2895 3845 3151 3885 arcanum
3205 3831 3271 3886 de
3319 3830 3404 3884 illa

1852 3925 2111 3977 malormn
2146 3925 2352 3994 origine
2381 3925 2564 3978 dicere
2598 3922 2839 3985 haberet,
2869 3923 3010 3991 quod
3047 3930 3189 3976 tacet
3225 3931 3283 3973 ut
3317 3921 3402 3975 ui-

1853 4013 1924 4066 hil
1957 4013 2191 4081 proferat
2220 4005 2479 4078 nisirulgi
2505 4011 2688 4078 captui
2721 4021 3129 4080 attemperatum
3159 4028 3211 4063 ει
3233 4007 3408 4080 Vulgo

1855 4104 1986 4158 satis
2024 4112 2104 4156 est
2145 4103 2341 4168 dicere,
2375 4119 2394 4152 ι
2427 4101 2620 4168 inquit,
2653 4120 2670 4153 ι
2709 4101 2842 4156 mala
2888 4117 2994 4157 non
3045 4115 3163 4154 esse
3202 4115 3231 4153 a
3270 4099 3401 4161 Deo,

1855 4198 1946 4247 sed
1979 4182 2272 4246 iii-materia
2317 4194 2519 4257 haerere
2557 4203 2613 4246 et
2655 4195 2794 4247 inter
2835 4194 3081 4246 mortalia
3110 4191 3334 4245 versari.
3375 4207 3397 4242 ι

1855 4283 1964 4334 Hoc
1993 4295 2174 4333 verum
2201 4283 2414 4349 quidem
2445 4296 2545 4345 est,
2577 4283 2715 4335 mala
2753 4298 2856 4335 non
2887 4298 3002 4336 esse
3031 4297 3058 4332 a
3093 4283 3219 4333 Deo.
3246 4278 3400 4333 Jerer-

1854 4373 1987 4424 mias
2030 4374 2171 4426 enim
2213 4384 2396 4427 noster
2444 4375 2682 4428 declarat
2720 4390 2739 4423 ι
2788 4389 2852 4426 ex
2903 4387 2996 4425 ore
3040 4371 3244 4424 Domini
3293 4386 3403 4427 non

1854 4477 2134 4528 egressura
2161 4478 2258 4517 nee
2297 4464 2431 4516 mala
2475 4479 2572 4515 net:
2616 4459 2898 4515 bona“'”.
2930 4479 2948 4510 ι
2985 4457 3088 4511 Sed
3120 4457 3400 4512 materiam

1857 4565 2170 4605 naturarum
2221 4553 2520 4606 mortalium
2552 4549 2710 4620 554
2758 4547 3030 4617 propriam
3073 4559 3188 4598 esse
3237 4543 3401 4596 malo-

1856 4657 1971 4695 rum
2009 4658 2248 4706 causam,
2282 4643 2332 4695 id
2357 4657 2482 4694 vero
2508 4655 2778 4706 negamus.
2809 4637 2936 4688 Nam
2965 4650 3057 4687 sua
3089 4634 3281 4700 cuique
3312 4647 3402 4685 ro-

1858 4734 2032 4787 luntas
2055 4748 2215 4787 causa
2256 4731 2354 4800 ipsi
2377 4739 2460 4784 est
2498 4730 2728 4789 malitiae,
2755 4741 2869 4793 qua:
2915 4723 3109 4775 malum
3141 4731 3241 4784 est,
3267 4737 3322 4773 ιιι
3347 4731 3402 4774 et

1855 4825 1992 4876 mala
2021 4832 2148 4877 sunt
2177 4823 2413 4876 actiones
2437 4820 2503 4873 ad
2531 4834 2663 4888 quas
2701 4814 2998 4882 compellit;
3041 4827 3212 4881 neque
3242 4813 3398 4879 quid-

1853 4929 2012 4982 quam
2069 4913 2232 4976 aliud,
2278 4913 2322 4965 si
2374 4919 2623 4965 accnrate
2681 4907 2820 4975 loqui
2876 4905 3150 4966 volumus,
3199 4903 3396 4956 malum

1853 5005 2266 5056 existimandum
2317 5013 2418 5056 est.
2451 5002 2560 5056 Nec
2607 5015 2725 5054 sum
2778 5007 2952 5050 tamen
3004 4996 3216 5050 nescius
3265 4997 3402 5047 hanc

1853 5097 2199 5165 quaestionem
2239 5110 2340 5148 ιιοιι
2372 5095 2470 5146 nisi
2502 5107 2684 5161 magna
2707 5089 2980 5155 diligentia
3012 5087 3400 5154 exquisitisque

1854 5187 2179 5256 argumentis
2217 5199 2333 5239 esse
2361 5182 2783 5252 pertractandam
2812 5199 2824 5232 :
2862 5195 2979 5248 qua:
3007 5185 3322 5246 argumenta
3355 5175 3403 5226 is

1856 5277 2000 5331 solus
2043 5276 2277 5344 reperire
2323 5280 2514 5339 potest,
2543 5271 2692 5335 cujus
2750 5271 2842 5324 Dei
2875 5270 3042 5340 gratia
3077 5275 3305 5322 mentem
3339 5263 3400 5335 il-

1910 5650 2017 5716 (58)
2052 5647 2202 5701 Libb.
2226 5645 2360 5716 editi
2389 5645 2735 5716 inﬁmargine.
2767 5643 3004 5716 γένηται,
3041 5638 3194 5716 unde,

1907 5711 2014 5791 (7'39)
2035 5717 2198 5770 lidcm
2223 5714 2275 5791 ξιι
2305 5715 2564 5787 margine,
2589 5711 2720 5782 τερος
2743 5711 2958 5780 πλῆθος.
2985 5719 3036 5758 σοι
3067 5711 3222 5774 pasto
3248 5711 3397 5773 ρος-Ι,

1842 5781 1938 5844 οὑκ
1967 5781 2080 5841 ἐστι
2107 5781 2296 5842 καλήν.
