4108 6314
301 325 442 385 "57

1489 325 1765 380 CONTRA
1797 325 2228 410 CELsuttttu.
2268 325 2356 380 tv.

3367 323 3504 379 1158

301 447 636 509 κοινωνικὸν,
674 445 916 515 βλαϐεῖεν
957 446 1043 508 ἂν,
1071 445 1133 496 τὸ
1158 445 1277 496 ὅσον
1313 443 1402 494 ἐπὶ
1428 441 1504 512 τῷ
1533 440 1742 510 Κέλσῳ,
1772 439 1852 493 κα)

1967 441 2196 495 lectores
2227 453 2256 492 a
2297 434 2714 492 Christianismo
2740 434 2852 488 vult
2894 448 3146 498 avocare.
3202 435 3362 489 etiam
3392 449 3510 502 eos,
3539 453 3553 466 ο

300 544 416 604 τοῖς
444 539 622 607 λόγοις
643 537 827 590 αὐτοῦ’
859 538 958 598 οὐκ
994 537 1150 589 ἰδόντι
1172 535 1279 604 (15)
1307 534 1408 597 ὅτι,
1441 535 1483 585 Χ
1494 530 1858 604 ριστιανισμοῦ

302 629 605 700 ἀποτρέψαι
624 628 788 682 θέλων
803 629 928 691 τοὺς
949 628 1369 696 ἐντυγχάνοντας
1389 623 1552 677 αὑτοῦ
1569 627 1634 694 τῇ
1655 625 1858 693 γραφῇ,

303 723 603 794 ἀποτρέπει
639 721 730 774 καὶ
758 721 864 774 τῶν
891 720 952 772 οὐ
989 717 1326 790 Χριστιανῶν
1357 716 1417 768 τὸ
1447 715 1582 785 πρὸς
1609 715 1735 776 τοὺς
1767 713 1860 781 φέ-

307 830 499 884 ροντας
524 813 591 866 τὰ
619 811 890 883 βαρύτατα
917 810 1025 862 τῶν
1053 807 1284 879 φορτίων
1319 805 1616 876 συμπαθές.
1665 804 1858 875 Ἐχρῆν

299 901 348 956 δ’
366 902 432 956 ἂν
459 901 639 966 αὐτὸν,
664 901 821 972 εἴπερ
849 896 916 971 ἦν
937 899 1028 952 καὶ
1055 898 1336 966 φιλόσοφος
1362 895 1739 964 αἰσθανόμενος
1767 893 1858 946 τοῦ

302 993 639 1058 κοινωνικοῦ,
666 992 800 1062 πρὸς
831 991 909 1061 τῷ
949 991 1020 1060 μὴ
1066 990 1399 1058 συναναιρεῖν
1443 986 1520 1056 τῷ
1556 989 1857 1056 Χριστιανια

305 1084 432 1155 σμῷ
467 1084 601 1154 (14),
632 1083 699 1135 τὰ
725 1083 966 1154 χρήσιμα
983 1081 1091 1134 τῶν
1118 1083 1174 1132 ὲν
1200 1078 1522 1149 ἀνθρώποις,
1553 1079 1645 1130 καὶ
1672 1093 1858 1145 συνερ-

303 1179 423 1246 γεῖν
452 1177 535 1248 (εί
569 1172 678 1229 οἷόν
722 1176 769 1226 τ’
812 1171 936 1245 ἧν,)
967 1176 1078 1235 τοῖς
1129 1173 1324 1233 κοινοῖς
1357 1171 1412 1221 ἐν
1455 1166 1858 1240 Χριστιανισμῷ

303 1267 439 1341 πρὸς
485 1268 610 1331 τοὺς
639 1267 827 1330 ἀλλους
859 1263 1170 1336 ἀνθρώπους
1212 1261 1415 1329 καλοῖς.
1453 1260 1513 1311 Εἰ
1547 1259 1603 1312 δὲ
1636 1258 1728 1311 καὶ
1752 1257 1857 1309 τῶν

303 1357 703 1428 ἀποτιθεμένων
736 1355 960 1427 καρπῶν
989 1354 1087 1417 τὰς
1122 1352 1374 1421 ἐκφύσεις
1404 1349 1780 1403 ἀπεκτιθέασιν
1809 1348 1857 1399 οἱ

307 1448 616 1520 μύρμηκες,
657 1449 744 1501 ἵνα
787 1447 864 1518 μὴ
915 1443 1222 1515 σπαργῷεν,
1272 1440 1477 1512 μένοιεν
1521 1440 1576 1492 δὲ
1605 1439 1672 1491 δι’
1707 1438 1858 1499 ἔτους

303 1540 490 1602 αὐτοῖς
527 1541 607 1602 είς
649 1540 882 1610 τροφῆνο
932 1537 990 1588 οὐ
1035 1532 1289 1603 λογισμὸν
1333 1527 1469 1584 εἶναι
1499 1530 1567 1599 ,ἐν
1617 1525 1859 1598 μύρμηξι

299 1628 504 1683 τούτων
524 1629 690 1682 αἴτιον
713 1625 1055 1696 ὕπονοητέον,
1087 1623 1219 1676 ἀλλά
1237 1622 1334 1691 τὴν
1360 1639 1434 1674 πα
1441 1620 1690 1690 μμήτορα
1702 1618 1858 1685 φύσιν

299 1719 402 1791 τὴν
433 1719 527 1773 καὶ
560 1719 626 1772 τὰ
649 1718 814 1786 ἄλογα
843 1717 1210 1786 κοσμήσασαν,
1241 1711 1315 1774 ὡς
1347 1710 1480 1780 μηδὲ
1510 1709 1857 1776 τούλάχιστον

1959 531 2050 597 qui
2084 527 2378 584 Christiani
2414 541 2518 580 non
2566 536 2715 588 sunt,
2749 527 3044 591 deterrere,
3074 524 3365 592 quominus
3387 539 3514 594 ετο-

1960 618 2198 672 ήεείιηίε
2248 615 2513 671 oneribus
2541 629 2830 684 oppressos
2868 613 3225 678 miserentur;
3259 628 3382 667 cum
3412 615 3512 668 de—
3583 645 3589 649 ~

1960 709 2156 774 buerit,
2187 708 2231 760 si
2262 708 2478 777 quidem
2503 706 2848 776 pltiIQSOphus
2867 715 3011 760 esset
3038 714 3094 759 et
3128 714 3313 760 mutua
3339 707 3514 760 socie-

1962 800 2086 853 tatis
2131 799 2307 853 oﬂicia
2350 799 2590 865 calleret,
2650 813 2756 865 non
2806 797 2963 850 modo
3019 813 3120 849 non
3154 796 3345 852 tollere
3384 811 3510 850 cum

1959 890 2373 945 Christianismo
2417 904 2480 943 ea
2524 903 2642 958 quae
2692 888 2744 941 itt
2810 887 3118 942 hominibus
3162 888 3313 941 utilia
3364 897 3516 960 sunt,

1965 981 2058 1034 sed
2089 987 2143 1034 et
2179 980 2530 1048 patrocinari,
2559 980 2602 1032 si
2630 977 2742 1030 ﬁeri
2771 978 3063 1045 posset,‘iis
3097 991 3216 1043 qua:
3243 977 3505 1045 prteclare

1957 1072 2096 1138 apud
2133 1072 2370 1139 reliquos
2392 1070 2637 1124 homines
2656 1069 2883 1137 perinde
2910 1083 2974 1122 ac
3003 1069 3141 1136 apud
3170 1069 3512 1124 CltriStianos

1958 1163 2340 1218 observantur.
2376 1161 2528 1226 Quod
2578 1161 2622 1213 si
2655 1169 2707 1212 ct
2757 1161 3160 1214 reconditorum
3225 1175 3254 1212 a
3296 1175 3357 1214 se
3405 1162 3511 1214 fru-

1961 1261 2146 1304 ctuum
2178 1251 2416 1305 formicae
2435 1258 2698 1315 seponunt
2728 1264 2822 1303 eos
2843 1250 2931 1318 qui
2957 1252 3280 1320 germinant,
3312 1265 3377 1304 ne
3402 1265 3508 1305 ca:-

1960 1344 2092 1396 teris
2122 1357 2338 1412 quoque
2377 1343 2831 1410 germinationem
2876 1355 3194 1414 procurent,
3228 1354 3280 1396 et
3317 1352 3375 1395 ut
3405 1342 3514 1396 illis

1959 1450 2053 1504 per
2081 1449 2280 1486 annum
2316 1444 2639 1497 vescantur;
2670 1435 2826 1503 hujus
2857 1437 2932 1488 rei
2961 1451 3066 1490 non
3097 1434 3510 1488 existimandum

1957 1535 2041 1578 est
2069 1540 2286 1581 causam
2319 1525 2371 1576 in
2395 1523 2643 1577 formicis
2673 1537 2791 1578 esse
2823 1526 3116 1591 rationem,
3142 1527 3236 1580 sed
3265 1526 3513 1594 omnipa-

1963 1626 2167 1671 rentem
2205 1624 2479 1678 naturam,
2512 1630 2630 1682 quae
2667 1614 2830 1668 etiam
2867 1615 3054 1670 brutas
3090 1617 3396 1670 animantes
3431 1617 3511 1670 sic

1920 1709 2260 1770 .exornavit,
2321 1714 2380 1759 ut
2428 1720 2496 1759 ne
2549 1704 2768 1758 minima
2816 1704 3036 1771 quidem
3087 1707 3272 1759 relicta
3323 1705 3506 1770 fuerit,

301 1811 640 1873 καταλιπεῖν,
673 1807 932 1878 μηδαμῶς
964 1805 1127 1874 φέρον
1161 1803 1305 1872 ῐχνος
1334 1799 1426 1852 τοῦ
1474 1798 1582 1877 ἀπὸ
1625 1799 1723 1868 τῆς
1755 1796 1852 1866 φύ-

1958 1813 2078 1865 quae
2101 1798 2361 1865 impressa
2388 1809 2420 1849 a
2450 1802 2638 1848 natura
2673 1809 2780 1848 non
2813 1794 2982 1847 ferret
3003 1795 3229 1848 rationis
3259 1797 3505 1863 vestigia.

305 1916 444 1962 σεως
472 1899 649 1967 λόγου.
699 1899 761 1950 Εἰ
807 1895 881 1965 μὴ
914 1895 1019 1964 ἄρα
1066 1891 1153 1944 διὰ
1184 1889 1384 1944 τούτων
1411 1888 1705 1958 λεληθότως
1734 1887 1854 1956 βού-

300 1989 451 2042 λεται
492 1992 521 2042 ό
561 1989 764 2050 Κέλσος
815 1984 941 2056 (καί¹
989 1983 1096 2054 γὰρ
1143 1985 1200 2035 ὲν
1243 1981 1454 2044 πολλοῖς
1501 1977 1857 2041 Πλατωνίζειν

303 2079 479 2145 θέλει)
524 2063 736 2148 ὁμοειδῆ
771 2077 882 2145 (15)
931 2070 1066 2127 εἶναι
1112 2075 1288 2126 πᾶσαν
1322 2071 1516 2141 ψυχὴν,
1552 2070 1643 2124 καὶ
1697 2069 1856 2140 μηδὲν

298 2170 575 2241 διαφέρειν
599 2169 696 2240 τὴν
727 2166 819 2220 τοῦ
849 2164 1128 2236 ἀνθρώπου
1160 2163 1260 2232 τῆς
1286 2163 1393 2215 τῶν
1440 2161 1738 2231 μυρμήκων
1766 2159 1859 2210 καὶ

299 2259 410 2314 τῶν
444 2259 708 2330 μελισσῶν
725 2275 739 2288 ·
771 2259 906 2328 ὅπερ
933 2253 1259 2322 κατάγοντός
1287 2255 1399 2305 ἐστι
1428 2251 1524 2322 τὴν
1549 2249 1722 2320 ψυχὴν
1754 2249 1860 2301 ἀπὸ

299 2345 410 2400 τῶν
429 2347 628 2416 ἀψίδων
653 2344 746 2398 τοῦ
767 2343 1014 2416 οὐρανοῦ,
1037 2339 1138 2416 οὐκ
1154 2342 1247 2393 ἐπὶ
1264 2341 1323 2392 τὸ
1345 2338 1677 2410 ἀνθρώπινον
1702 2337 1858 2408 σῶμα

305 2407 491 2508 μόνον,
517 2437 652 2490 ἀλλὰ
683 2437 775 2490 καὶ
803 2407 894 2488 ἐπὶ
919 2435 988 2488 τὰ
1027 2407 1209 2486 λοιπά.
1241 2407 1459 2494 Τούτοις
1486 2431 1529 2483 δ’
1555 2431 1612 2483 οὐ
1643 2407 1854 2483 πείσον-

278 2514 392 2578 ⁵ται
422 2528 754 2594 Χριστιανοὶ,
783 2525 1270 2595 προκατειληφότες
1296 2523 1356 2575 τὸ
1400 2524 1518 2575 κατ’
1549 2523 1728 2575 εἰκόνα
1768 2539 1860 2589 γε-

299 2615 512 2682 γονέναι
531 2614 665 2666 ε)εοῦ
688 2615 785 2683 τὴν
801 2613 1139 2683 ἀνθρωπίνην
1158 2612 1350 2679 ψυχὴν,
1375 2613 1466 2662 καὶ
1479 2610 1707 2680 ὁρῶντες
1725 2611 1830 2681 (16)
1843 2651 1858 2674 ,

297 2703 382 2755 ὅτι
415 2702 690 2774 ἀμήχανόν
719 2701 965 2773 ὲστιτὴν
1003 2701 1123 2752 κατ’
1167 2698 1347 2750 εἰκόνα
1380 2697 1512 2750 Θεοῦ
1546 2697 1858 2768 δεδημιουρ-

299 2793 545 2863 γημένην
587 2790 745 2861 φύσιν
791 2791 964 2862 πάντη
1007 2786 1298 2856 ἀπαλεῖψαι
1343 2787 1467 2850 τοὺς
1511 2788 1858 2857 χαρακτῆρας

300 2883 492 2953 αὐτῆς,
527 2883 618 2936 καὶ
643 2883 830 2945 ἄλλους
860 2880 1145 2935 ἀναλαϐεῖν
1183 2881 1283 2933 οὐκ
1320 2874 1438 2931 οἶδα
1483 2879 1602 2930 κατ’
1645 2879 1857 2941 εἰκόνας

297 2972 461 3026 τίνων
487 2973 879 3045 γεγενημένους
907 2972 1014 3041 (17)
1048 2972 1104 3022 ὲν
1130 2973 1242 3033 τοῖς
1267 2969 1498 3036 ἀλόγοις.

410 3063 561 3116 Ἐπεὶ
601 3063 657 3114 δὲ
703 3062 861 3134 καὶ-ε
912 3063 1022 3123 τοῖς
1079 3059 1474 3130 ἀποθνήσκουσι
1527 3056 1768 3127 μύρμηξι
1830 3074 1848 3105 ι

1957 1887 2061 1942 Sed
2102 1888 2336 1941 fortasse
2383 1885 2592 1951 Celsus,
2648 1886 2742 1953 qui
2796 1886 3078 1940 Platonem
3126 1886 3180 1939 in
3238 1887 3508 1954 plerisque

1956 1980 2154 2034 imitari
2189 1989 2358 2044 amat,
2388 1993 2481 2047 per
2503 1978 2620 2032 haec
2650 1980 2880 2033 obscure
2902 1979 3132 2043 indicat,
3159 1980 3366 2035 similes
3387 1994 3509 2035 esse

1956 2085 2149 2124 omnes
2179 2070 2410 2135 animas,
2440 2084 2544 2124 nec
2574 2069 2862 2123 humanam
2893 2069 3033 2123 inter
3073 2081 3126 2124 et
3160 2069 3506 2126 formicarum

1956 2173 2046 2216 aut
2062 2177 2217 2232 apum
2236 2163 2465 2216 animam
2483 2162 2646 2216 ullum
2661 2162 3093 2218 esse'discrimen.
3114 2163 3264 2230 Quod
3288 2165 3504 2234 quidem

1957 2260 2038 2305 est
2067 2253 2376 2307 deducentis
2401 2253 2632 2306 animam
2651 2269 2679 2305 a
2699 2254 2820 2308 coeli
2855 2253 3080 2319 fornice,
3119 2271 3222 2310 non
3259 2257 3426 2313 solum
3452 2261 3505 2313 i

1955 2343 2116 2414 566
2159 2346 2409 2410 humana,
2465 2345 2561 2399 sed
2617 2346 2784 2400 etiam
2834 2347 2886 2400 itt
2934 2346 3258 2416 reliquorum
3299 2349 3508 2404 anima-

1962 2437 2090 2488 lium
2121 2449 2368 2504 corpora.
2398 2436 2453 2489 ld
2483 2450 2610 2490 vero
2633 2436 2926 2490 Christiani
2963 2439 3106 2490 nullo
3139 2439 3296 2493 modo
3325 2455 3506 2494 asseu-

1963 2528 2186 2583 tientur.
2221 2527 2428 2595 Quippe
2449 2527 2540 2593 qui
2569 2527 2877 2582 didicerunt
2908 2528 3138 2584 hominis
3169 2530 3399 2583 animam
3437 2531 3505 2584 ad

1961 2619 2251 2686 imaginem
2280 2618 2372 2668 Dei
2398 2624 2594 2668 factam
2623 2630 2767 2680 esse,
2803 2624 2856 2670 ct
2879 2619 3053 2670 sciunt
3083 2635 3184 2672 non
3215 2635 3370 2688 posse
3391 2620 3506 2674 fieri

1957 2719 2015 2762 ut
2041 2720 2228 2763 natura
2263 2708 2329 2762 ad
2367 2709 2653 2804 intagincm
2688 2707 2784 2761 Dei
2813 2710 3051 2780 condita,
3073 2710 3263 2764 deletis
3281 2712 3501 2767 omnino

1955 2798 2073 2871 ejus
2108 2797 2484 2863 lineamentis”
2504 2799 2609 2851 alia
2654 2797 2844 2852 induat
2891 2801 2944 2853 in
2977 2800 3163 2855 bestiis
3202 2803 3269 2854 ad
3315 2805 3502 2858 nescio

1955 2903 2182 2957 quorum
2211 2889 2470 2958 imagines
2488 2889 2658 2966 facta.

2025 3063 2115 3118 84.
2143 3063 2230 3116 Ait
2264 3072 2522 3131 praeterea
2562 3081 2581 3114 ι
2625 3063 2853 3115 mortuis
2889 3061 3128 3116 formicis
3163 3062 3308 3115 vivas
3338 3077 3502 3132 pecn-

301 3157 434 3224 φησὶ
470 3173 488 3203 ί
524 3154 648 3215 τοὺς
678 3152 880 3216 ζῶντας
911 3152 1038 3204 ἴδιόν
1082 3169 1134 3203 τι
1164 3150 1472 3220 ἀποκρίνειν
1507 3147 1722 3218 χωρίον,
1757 3148 1852 3200 κά-

1959 3137 2145 3205 liat'e'tn
2179 3153 2462 3220 quemdam
2500 3151 2675 3203 locum
2707 3165 3011 3211 secernere,
3044 3151 3300 3219 illumque
3329 3153 3396 3204 ab
3421 3153 3503 3206 eis

298 3243 447 3294 κεῖνο
479 3242 660 3304 αὐτοῖς
703 3237 838 3294 εἶναι
871 3242 1070 3310 πάτρια
1116 3241 1389 3312 μνήματα·
1430 3259 1447 3289 ι
1501 3238 1738 3305 λεκτέον,
1773 3240 1851 3294 ὅτι

296 3332 410 3402 ὅσῳ
443 3331 661 3386 πλείονα
694 3332 838 3400 λέγει
867 3335 972 3386 τῶν
1017 3334 1223 3400 ἀλόγων
1270 3331 1420 3394 ζώων
1460 3330 1721 3399 ἐγκώμια,
1768 3346 1854 3381 το-

299 3421 476 3490 σούτῳ
503 3422 683 3474 πλεῖον
711 3423 838 3492 (κᾶν
866 3423 938 3492 μὴ
972 3423 1128 3493 θέλῃ)
1167 3421 1315 3484 αὔξει
1351 3413 1410 3474 τὸ
1437 3421 1528 3473 τοῦ
1566 3420 1739 3473 πάντα
1764 3437 1852 3472 xo-

299 3511 610 3580 σμήσαντος
635 3513 804 3580 Λόγου
831 3511 986 3583 ἔργον
1005 3529 1019 3542 ·
1054 3512 1146 3564 καὶ
1172 3511 1404 3562 δείκνυσι
1435 3511 1532 3580 τὴν
1564 3512 1620 3562 ὲν
1652 3508 1854 3580 ἀνθρὼ-

295 3616 422 3662 ποις
449 3601 754 3672 ὲντρέχειαν
786 3603 1088 3673 δυναμένην
1126 3605 1346 3672 κοσμεῖν
1382 3601 1456 3671 τῷ
1495 3601 1633 3672 λόγῳ
1665 3603 1756 3654 καὶ
1785 3602 1854 3654 τὰ
1905 3662 1909 3666 _

295 3688 743 3760 πλεονεκτήματα
773 3692 868 3760 τῆς
898 3691 1106 3759 φύσεως
1129 3691 1236 3743 τῶν
1261 3691 1466 3758 ἀλόγων
1489 3708 1504 3721 ο
1543 3691 1594 3742 τί
1628 3691 1683 3744 δὲ
1715 3691 1853 3760 λέγω

293 3777 409 3831 τῶν
440 3779 647 3847 ἀλόγων
686 3779 816 3850 (18),
844 3781 964 3833 ἐπεὶ
991 3779 1181 3850 Κέλσῳ
1204 3780 1348 3832 δοκεῖ
1374 3780 1491 3850 μηδ’
1519 3780 1690 3847 ἄλογα
1713 3777 1849 3833 εἶναι

293 3869 369 3924 τὰ
421 3870 563 3924 κατά
604 3870 703 3934 τὰς
748 3871 928 3934 κοινὰς
968 3871 1420 3933 πάντωνέννοίας
1454 3871 1620 3937 ἄλογα
1662 3871 1854 3924 καλού-

299 3978 442 4032 μενα
457 3979 472 4027 ;
489 3964 625 4016 Θὺδὲ
653 3964 777 4026 τοὺς
795 3963 1088 4034 μύρμηκας
1105 3963 1232 4031 γοῦν
1258 3963 1424 4015 οἴεται
1451 3958 1585 4014 εἶναι
1607 3962 1849 4028 ἀλόγους,

293 4053 582 4123 όπερὶτῆς
623 4053 750 4123 ὅλης
795 4053 1008 4120 φύσεως
1049 4053 1508 4121 ἐπαγγειλάμενος
1535 4052 1729 4118 λέγειν,
1760 4054 1853 4104 καὶ

294 4138 399 4204 τὴν
435 4140 685 4205 ἀλήθειαν
727 4141 784 4192 ἐν
817 4142 880 4202 τῇ
919 4141 1192 4203 ἐπιγραφῇ
1231 4138 1323 4190 τοῦ
1365 4139 1564 4201 βιϐλίου
1589 4140 1846 4208 αὖχήσας.

291 4223 439 4294 Φησὶ
462 4223 569 4293 γὰρ
606 4222 734 4293 περὶ
763 4220 870 4274 τῶν
898 4223 1196 4294 μυρμήκων
1238 4222 1312 4284 ὡς
1337 4222 1727 4291 διαλεγομένων
1754 4224 1846 4274 ἀλ-

291 4313 481 4384 λήλοις
509 4313 731 4368 τοιαῦτα
758 4331 773 4343 ·
819 4331 838 4363 ι
871 4312 980 4365 Καὶ
1017 4311 1114 4381 μὲν
1158 4311 1220 4382 δὴ
1250 4313 1340 4364 καὶ
1369 4311 1707 4375 ἀπαντῶντες
1739 4313 1848 4384 (19)

399 4554 487 4621 15)
508 4553 740 4613 Pltiioc.,
773 4551 871 4604 οὐκ
903 4550 1084 4621 εἰδότι.

399 4557 487 4621 15)
508 4557 740 4613 Philoc.,
773 4557 871 4604 οὐκ
903 4557 1084 4605 εἰδότι.

374 4557 487 4696 (14)
515 4625 605 4696 Sic
641 4621 925 4696 lihilpcaliq
954 4637 968 4680 ;
1011 4619 1570 4696 lltnscitelittsmutcm
1589 4629 1640 4674 et
1671 4620 1843 4690 Spen-

293 4685 482 4756 cerus,
523 4691 718 4762 Ἐχρῆν
743 4690 786 4742 δ’
812 4689 1172 4762 αὑτὸνπείπερ
1210 4685 1277 4758 ἦν
1311 4689 1411 4742 κᾶν
1454 4685 1840 4762 φιλόσοφος....

293 4764 435 4836 πρὸς
451 4762 529 4833 τῷ
665 4759 933 4836 συναιρεῖν
949 4760 1060 4836 τοῖς
1072 4760 1133 4836 ,Χ
1144 4759 1543 4836 ρισιειανιςξμοῦ.¹

365 4833 478 4900 (15)
502 4826 513 4833 ’
537 4826 848 4900 (ἱιιίιοςειίίιί,
897 4826 1192 4900 λεληθότως
1241 4829 1291 4900 ὁ-
1315 4827 1516 4900 Κέλσος
1539 4831 1612 4900 ὲν-
1633 4828 1842 4892 πολλοῖς

294 4895 659 4962 mat-mum
695 4897 836 4949 θέλει
863 4897 952 4949 καὶ
986 4895 1226 4966 βούλεται
1269 4897 1509 4964 ὁμοειδῆ.
1571 4897 1840 4966 Nusquam

295 4971 516 5024 invenio
543 4968 680 5034 apud
720 4968 992 5018 Platonem
1027 4966 1232 5016 animas
1263 4967 1384 5016 aliis
1425 4966 1559 5020 alias
1615 4978 1734 5018 ortu
1787 4977 1842 5018 et

294 5038 509 5106 origine
536 5036 976 5106 praestantiores:
1011 5048 1110 5085 nec
1134 5035 1294 5106 scio,_
1322 5049 1388 5085 an
1443 5035 1614 5106 ttllibil
1645 5037 1841 5088 dixerit

293 5102 584 5162 brutoruin
609 5105 818 5156 animas
844 5102 1130 5170 perituras,
1162 5113 1253 5155 attt
1283 5102 1335 5153 itt
1358 5102 1838 5167 corporaltumaua

293 5172 817 5245 migraturas;licet
869 5173 938 5222 de
979 5171 1224 5245 humanis
1275 5173 1472 5245 paSsitn
1526 5174 1835 5245 asseruerit,

292 5241 475 5300 casin
524 5243 804 5306 brutornm
859 5253 1080 5304 corpora
1143 5241 1518 5294 detrudendns.
1570 5242 1832 5306 Quoniam

291 5327 428 5366 vero
488 5303 965 5378 (secretioribus
1005 5306 1316 5376 Pythagorae
1363 5318 1416 5361 et
1466 5303 1835 5378 Egiptiorutn

289 5380 598 5448 disciplinis
630 5379 768 5432 hanc
795 5376 1100 5448 Opinionem
1129 5385 1400 5430 mutuatus
1423 5390 1502 5432 est
1524 5376 1720 5445 ft'acile
1753 5381 1835 5431 in—

289 5451 418 5505 duci
439 5445 682 5517 possum,
713 5455 772 5498 ut
792 5447 1004 5517 credam
1033 5445 1306 5517 Platonem
1351 5449 1498 5517 idem
1537 5451 1602 5502 de
1649 5450 1834 5502 bruto-

290 5535 414 5574 runt
441 5511 721 5570 animabus
754 5514 1037 5586 statuisse.
1061 5511 1304 5586 Lactant.
1349 5515 1441 5570 lib.
1473 5533 1568 5581 vtt,
1601 5533 1719 5586 cap.
1759 5517 1792 5570 5
1820 5532 1840 5581 ',

286 5587 650 5659 Pythagoras,
695 5584 837 5653 apud
879 5581 1157 5648 Ovidium,
1205 5583 1297 5637 lib.
1350 5601 1416 5638 xv
1465 5581 1834 5655 Metamorph.,

285 5657 559 5782 “lii-iiii:
586 5731 858 5779 mittantur
881 5736 899 5774 :
921 5719 1051 5773 nihil
1072 5718 1242 5775 interit
1264 5738 1282 5786 ;
1307 5704 1467 5794 errat,
1490 5733 1537 5778 et
1559 5724 1704 5778 illinc

1955 3258 2052 3312 pro
2079 3243 2444 3295 monumentis
2475 3242 2664 3310 patriis
2691 3242 2910 3294 haberi.
2931 3261 2950 3293 ι
2985 3242 3087 3295 Sed
3110 3257 3310 3311 quanto
3337 3245 3503 3310 pluri-

1953 3335 2050 3387 bus
2084 3335 2268 3388 brutas
2296 3334 2596 3388 animantes
2633 3335 2879 3387 laudibus
2919 3333 3096 3398 eﬂ'ert,
3125 3345 3276 3387 tanto
3301 3337 3496 3403 magis,

1955 3421 2274 3490 Velit‘nolit,
2324 3425 2505 3488 Verbi,
2549 3424 2688 3492 quod
2735 3425 2916 3478 omnia
2975 3424 3260 3493 disposuit,
3291 3424 3500 3478 extollit

1952 3531 2124 3584 opus;
2183 3525 2238 3569 et
2289 3516 2565 3568 hominum
2609 3515 2949 3575 demo‘nStrat
2986 3514 3328 3576 industriam,
3378 3529 3498 3582 quae

1953 3601 2094 3661 dona
2131 3609 2305 3662 brutis
2342 3606 2706 3660 animantibus
2729 3621 2758 3658 a
2783 3617 2973 3658 natura
3009 3606 3200 3658 collata
3235 3617 3501 3660 exornare

1952 3699 2202 3766 potuerit.
2264 3698 2403 3763 Quid
2460 3699 2580 3751 dico
2629 3708 2807 3750 autem
2863 3695 3036 3748 brutis
3094 3695 3494 3760 animantibus,

1951 3787 2378 3855 quandoquidem
2407 3787 2576 3840 brutce
2610 3801 2714 3838 non
2761 3794 2905 3850 sunt,
2936 3785 3072 3838 Celsi
3108 3786 3334 3853 judicio,
3377 3800 3498 3853 qua

1951 3890 2053 3928 una
2080 3876 2318 3928 omnium
2350 3882 2480 3928 'voce
2521 3875 2690 3928 bruta:
2723 3876 3028 3929 vocantur?
3067 3874 3198 3928 Nam
3245 3875 3497 3930 formicas

1950 3966 2160 4018 ratione
2193 3979 2314 4019 esse
2341 3964 2585 4034 privatas
2613 3981 2718 4018 non
2738 3965 2948 4033 judicat
2992 3966 3103 4030 ille,
3146 3967 3236 4035 qui
3267 3969 3332 4020 de
3370 3965 3493 4020 uni-

1948 4070 2101 4108 versa
2132 4041 2321 4108 natura
2354 4057 2532 4110 dicere
2574 4056 2843 4124 pollicitus
2879 4067 2980 4123 est,
3011 4059 3211 4126 quique
3260 4057 3496 4112 vel'stlo
3553 4082 3557 4086 ~

1949 4142 2071 4196 libri
2106 4143 2258 4196 titulo
2303 4144 2589 4198 veritatem
2633 4145 2936 4214 jactitabat.
2986 4145 3078 4198 Sic
3119 4146 3262 4199 enim
3301 4144 3388 4198 ille
3429 4145 3497 4207 de

1947 4229 2188 4278 formicis
2209 4230 2468 4293 loquitur,
2496 4246 2560 4285 ac
2582 4233 2626 4287 Si
2658 4233 2800 4286 inter
2824 4248 2883 4285 se
2905 4233 3169 4300 colloquia
3198 4234 3492 4286 haberent:

1953 4335 1972 4368 ‹
2023 4316 2154 4372 Cum
2205 4319 2402 4386 obviis,
2457 4320 2652 4389 inquit,
2694 4322 3115 4391 colloquuntur:
3161 4326 3302 4377 unde
3349 4339 3490 4378 nun-

2022 4551 2318 4624 I_Iu_c4renit,
2340 4553 2459 4605 hinc
2482 4553 2626 4617 illuc,
2653 4564 2699 4606 et
2717 4556 2966 4624 quoslibet
2993 4564 3208 4620 occupat
3236 4565 3386 4608 artus

2019 4620 2248 4690 Spiritus
2277 4639 2294 4674 :
2327 4639 2450 4690 eque
2477 4625 2597 4690 feris
2629 4620 2854 4674 humana
2884 4627 2936 4674 in
2965 4640 3182 4688 corpora
3212 4625 3417 4688 transit,

2017 4687 2182 4757 Inque
2208 4687 2344 4756 feras
2367 4687 2557 4754 uoster,
2599 4709 2689 4744 nec
2715 4704 2935 4756 tempore
2957 4687 3152 4757 deperit
3186 4693 3312 4745 ullo.

1953 4757 2011 4810 In
2044 4761 2227 4809 eodem
2262 4761 2421 4812 etiam
2467 4772 2676 4813 cratere
2721 4776 2930 4814 omnem
2960 4763 3192 4812 animum
3251 4761 3485 4827 nisccri,

1953 4827 2341 4893 temperarique
2361 4829 2540 4881 tradit.
2564 4831 2693 4882 Vide
2718 4830 2806 4883 lib.
2833 4846 2844 4881 t
2876 4840 3052 4881 contra
3075 4827 3300 4885 Celsum.
3335 4847 3484 4891 num,

1946 4896 2052 4955 5'2,-
2076 4895 2163 4958 53;
2187 4896 2276 4948 lib.
2306 4911 2377 4958 tv,
2403 4913 2550 4950 num.
2579 4899 2667 4962 54,
2704 4899 2787 4957 56,
2815 4911 2867 4950 et
2899 4899 2989 4950 lib.
3025 4910 3076 4960 ι’,
3111 4913 3258 4949 nutu.
3280 4900 3484 4961 20,2l.

1951 4962 2077 5032 Vide
2097 4967 2260 5016 etiam
2307 4965 2579 5020 Platonem
2619 4970 2672 5018 in
2715 4969 2950 5028 Epiuom.
2979 4981 3098 5032 pag.
3120 4967 3243 5028 980,
3278 4968 3403 5031 98l,
3430 4979 3486 5024 et

1947 5033 1998 5085 itt
2025 5031 2246 5103 limata,
2280 5051 2397 5103 pag.
2431 5035 2500 5089 90
2523 5047 2575 5088 et
2602 5038 2689 5088 91.
2717 5039 2974 5088 δρεκεειι.

2015 5100 2134 5175 (1-6)Δ
2155 5100 2486 5175 ίΙαξξοιιὲεΙῘιιε
2511 5116 2560 5156 et
2597 5103 2913 5175 Spencerus,
2941 5102 3039 5175 3:1}
3083 5103 3202 5156 ὅσον
3231 5102 3484 5175 ὁρῶντες,

1945 5169 2309 5222 atl’ltilocalia
2341 5169 2713 5225 recte'omittit
2742 5172 2880 5221 ὅσον.
2939 5169 3079 5223 Infra
3119 5169 3304 5226 eadem
3353 5169 3483 5226 Phi-4

1943 5238 2151 5315 Inculta.
2194 5240 2364 5315 πάντη
2418 5240 2707 5315 ἀπολεῖψαι
2760 5240 2885 5300 τοὺς
2935 5258 3076 5311 χαρα
3129 5243 3283 5313 τῆρας
3317 5243 3485 5315 αὐτῆς

1943 5307 2034 5358 καὶ
2060 5306 2283 5371 ἀλόγους
2318 5306 2614 5361 ἀναλαϐεῖν.

2014 5375 2122 5444 (17)
2149 5376 2479 5450 11ᾳιεο1ιο1ἰιιδ
2500 5387 2553 5431 et
2579 5377 2882 5450 ἔνθηροι-υς
2905 5379 2958 5450 in
2983 5395 3093 5431 mar
3138 5379 3484 5450 [οε-,γεγενη-

1945 5443 2137 5513 μένων.
2172 5445 2291 5498 Mox
2317 5447 2544 5508 Philum,
2582 5446 2731 5496 Ἐπεὶ
2755 5448 2811 5499 δὲ
2843 5447 2937 5499 καὶ
2973 5451 3080 5510 τοῖς
3143 5443 3480 5503 ΗοιέὐΙιθΙίιὶε

1941 5523 1996 5567 et
2023 5514 2350 5585 ‘Spettcerus.
2373 5516 2554 5585 ἐπειδὴ
2577 5517 2667 5566 καὶ
2696 5520 2826 5578 τοῖς.

2011 5580 2124 5652 (18)
2165 5583 2224 5635 Τί
2249 5583 2485 5652 δὲλέγω
2516 5580 2632 5636 τῶν
2650 5585 2900 5653 ἀλόγων.
2925 5585 3002 5640 Ha
3023 5587 3121 5652 c,in
3160 5598 3245 5640 ant
3268 5601 3313 5639 ta
3345 5585 3478 5641 edit.

1941 5654 2167 5722 omissa.
2191 5654 2498 5722 nippleutur
2527 5669 2558 5706 e
2587 5654 2720 5706 Phil.

2011 5719 2124 5797 (19)
2149 5719 2305 5780 Libb.
2341 5723 2470 5780 editi
2494 5724 2548 5776 in
2574 5724 2835 5795 margine,
2859 5723 3268 5788 διαιταν-τῶντις.
