4056 6310
166 418 299 476 H81

1275 418 1556 475 CONTRA
1595 417 1868 475 CELSUM
1900 417 2028 475 LIB.
2082 417 2148 474 ν.

3231 423 3370 482 ιιεε

768 730 1598 886 ΩΡΙΓΕΝοΥΣ
1652 733 2066 845 ΚΑΤΑ
2142 725 2749 848 ΚΕΛΣοΥ

1225 953 1602 1044 ΤΟΜΟΣ
1637 952 2206 1040 ΠΕΜΠΤΟΣ.

385 1286 958 1380 ORIGENIS
1029 1285 1503 1380 CONTRA
1576 1283 2035 1377 CELSUM
2108 1284 2470 1375 LIBER
2539 1287 3116 1392 QUINTUS.

215 1623 293 1676 Οὐ
323 1622 421 1692 τὴν
452 1617 900 1689 ἀπηγορευμένην
919 1582 1237 1683 πολυλογέάν
1263 1612 1694 1685 μεταδιώκοντες,

1877 1613 1927 1669 l.
1965 1611 2120 1677 Quod
2164 1612 2276 1680 jam
2312 1612 2556 1682 quintum
2586 1621 2776 1668 contra
2815 1615 2952 1670 Celsi
3006 1617 3361 1686 conscriptio-

148 1715 236 1783 ἀφ’
271 1712 340 1785 ἧς
367 1714 466 1765 οὐκ
499 1712 612 1764 ἐστι
645 1713 834 1778 φυγεῖν
860 1709 958 1778 τὴν
988 1708 1278 1778 ἁμαρτίαν,
1311 1707 1410 1776 ἤδη
1458 1704 1700 1773 πέμπτου

147 1804 428 1875 ἀρχόμεθα
455 1803 659 1872 βιϐλίου
694 1801 829 1871 πρὸς
855 1801 914 1853 τὸ
947 1799 1154 1851 Κέλσου
1189 1797 1550 1866 σύγγραμμα,
1593 1793 1704 1862 laps
1745 1818 1756 1827 -

157 1895 447 1964 ’Δμϐρόσιε
463 1912 477 1922 ·
502 1893 636 1955 ἀλλ’,
662 1893 762 1960 ὅση
784 1890 1038 1960 δύναμις,
1065 1888 1386 1958 πειρώμενοι
1415 1884 1575 1954 μηδὲν
1596 1882 1702 1934 τῶν

145 1989 233 2038 ὑπ’
273 1985 436 2038 αὑτοῦ
485 1983 784 2053 λεχθέντων
842 1982 1130 2054 παρελθεῖν
1164 1979 1549 2039 άῦασάνιστον,
1608 1975 1703 2028 καὶ

147 2078 380 2149 μάλιστα
405 2081 462 2130 ἐν
488 2072 568 2140 οἷς
597 2077 744 2143 δόξαι
769 2078 834 2131 ἄν
853 2066 960 2128 τισι
996 2073 1226 2135 συνετῶς
1249 2071 1406 2140 ἡμῶν
1434 2069 1528 2122 καὶ
1571 2071 1700 2122 Ἰου-

140 2169 305 2221 δαίων
339 2169 790 2238 κατηγορηκέναι.
845 2169 951 2219 Καὶ
998 2169 1044 2218 εἰ
1081 2167 1178 2236 μὲν
1225 2160 1332 2216 οἷόν
1379 2165 1425 2216 τ’
1461 2158 1528 2233 ἦν
1565 2161 1702 2231 μετὰ

141 2257 234 2310 τοῦ
268 2257 425 2326 λόγου
448 2258 754 2311 εἰσελθόντα
787 2259 896 2329 (97)
938 2261 1015 2321 εἰς
1044 2257 1142 2327 τὴν
1173 2255 1370 2318 παντὸς
1399 2256 1702 2308 οὑτινοσοῦν

142 2349 446 2419 συνείδησιν
473 2336 1039 2419 τῶνῗέντυγχανόντων
1071 2349 1147 2418 τῷ
1177 2349 1384 2401 ἐκείνου
1419 2349 1701 2420 συγγράμ-

141 2439 596 2507 ματι,-ἒκαστον
641 2439 924 2504 ἐξελκύσαι
967 2439 1116 2507 βέλος
1146 2437 1441 2508 τιτρῶσκον
1494 2434 1583 2490 τον
1639 2441 1699 2490 οὐ

138 2533 318 2602 πάντη
372 2529 759 2602 πεφραγμένον
810 2534 876 2601 τῇ
915 2529 1183 2600 πανοπλίᾳ
1243 2529 1336 2581 τοῦ
1391 2529 1551 2592 Θεοῦ,
1606 2532 1699 2582 καὶ

136 2623 407 2676 ἐπιθεῖναι
441 2623 655 2691 λογικὸν
687 2623 994 2692 φάρμακον,
1021 2621 1316 2691 Θεραπεῦον
1345 2623 1403 2673 τὸ
1436 2623 1540 2674 ἀπὸ
1567 2622 1700 2674 Κέλ-

138 2731 232 2766 σου
271 2714 523 2784 τραῦμα,
559 2715 742 2767 ποιοῦν
780 2714 852 2784 μὴ
889 2735 907 2763 ι
933 2715 1192 2780 ὑγιαίνειν
1225 2717 1288 2782 τῇ
1319 2714 1498 2765 πίστει
1523 2733 1541 2762 ι
1571 2713 1696 2776 τοὺς

138 2804 505 2873 προσέχοντας
567 2803 730 2856 αὐτοῦ
779 2806 887 2865 τοῖς
921 2805 1098 2868 λόγοις
1121 2819 1133 2830 ·
1193 2802 1331 2853 τοῦτ’
1377 2801 1440 2854 ἂν
1474 2805 1697 2872 πεποιή-

130 2908 346 2962 κειμεν·
371 2895 492 2946 ἐπεὶ
521 2894 577 2946 δὲ
599 2893 772 2959 τοῦτο,
791 2895 886 2962 μὲν
916 2893 1048 2945 Θεοῦ
1075 2893 1231 2962 ἔργον
1258 2893 1422 2955 ἐστὶν,
1455 2894 1695 2962 ἀοράτως

131 2984 419 3054 ἐπιδημεῖν
460 2985 598 3036 κατὰ
624 2985 685 3036 τὸ
709 2984 912 3037 ἑαυτοῦ·
932 2984 1143 3052 πνεῦμα
1172 2985 1306 3053 μετὰ
1339 2985 1428 3036 τοῦ
1455 2985 1694 3054 πνεύμα-

128 3091 224 3139 τος
258 3074 516 3146 Χριστοῦ,
545 3071 626 3137 οἷς
664 3071 839 3144 κρίνεί
873 3075 981 3126 δεῖν
1009 3074 1314 3143 ἐπιδημεῖν·
1351 3077 1482 3144 ἡμῖν
1514 3075 1567 3126 δὲ
1609 3074 1696 3126 διὰ

128 3167 308 3235 λόγων
348 3169 443 3219 καὶ
497 3169 934 3237 συγγραμμάτων
979 3168 1338 3238 πειρωμένοις
1382 3168 1695 3238 ἀνθρώπους

128 3262 490 3323 πιστοποιεῖν,
539 3259 819 3328 πρόκειται
853 3259 1025 3312 πάντα
1059 3262 1234 3312 ποιεῖν
1265 3260 1401 3328 ὑπὲρ
1435 3259 1524 3310 τοῦ
1564 3277 1696 3328 χρη-

129 3349 357 3417 ματὶσαι
395 3369 413 3399 ι
440 3350 671 3418 ἐργάτας
709 3349 1160 3418 ἀνεπαισχύντους
1185 3348 1318 3419 (98),
1347 3349 1695 3420 ὀρθοτομοῦν-

122 3455 226 3502 τας
276 3441 366 3492 τὸν
415 3440 568 3507 λόγον
622 3441 718 3509 τῆς
751 3439 1033 3510 ἀληθεία-ς’
1066 3459 1085 3491 ι
1131 3439 1188 3492 ἓν
1241 3439 1298 3490 δὲ
1323 3438 1427 3490 τῶν
1480 3439 1693 3490 πάππων

124 3525 267 3581 εἶναι
302 3531 432 3598 ἡμῖν
479 3531 724 3596 φαίνεται
765 3530 856 3580 καὶ
892 3530 956 3580 τὰ
1011 3528 1207 3581 πιθανά
1253 3527 1327 3596 τῷ
1355 3527 1548 3596 Κέλσῳ
1583 3527 1713 3600 (99),

121 3619 269 3672 κατὰ
301 3621 362 3672 τὸ
389 3619 608 3671 δυνατὸν
629 3623 757 3688 ἡμῖν
784 3619 939 3673 λῦσαι
965 3619 1166 3682 πιστῶς
1191 3619 1401 3671 ποιοῦσι
1428 3618 1486 3671 τὸ
1523 3635 1690 3688 προσ-

127 3710 462 3778 τεταγμένον
502 3710 606 3760 ὑπὸ
672 3708 798 3761 σοῦ’
850 3710 968 3780 φέρ’
1005 3709 1284 3780 ἐκθέμενοι
1316 3708 1384 3762 τὰ
1421 3708 1545 3778 ἑξῆς
1585 3712 1694 3772 τοῖς

121 3799 338 3851 Κέλσου
393 3797 599 3867 λόγοις,
646 3799 779 3869 πρὸς
824 3798 916 3862 οὓς
962 3799 1256 3867 φθάσαντες
1304 3798 1694 3869 ἀπηντήσαμεν

120 3893 329 3960 (κρινεῖ
351 3891 408 3942 δὲ
432 3893 460 3943 ὁ
499 3891 861 3960 ἐντυγχάνων,
894 3892 942 3942 εἰ
972 3891 1064 3942 καὶ
1092 3889 1466 3960 ἀνετρέψαμεν
1493 3890 1595 3959 (1)’
1625 3889 1694 3941 τὰ

118 3983 267 4053 πρὸς
306 3983 441 4035 αὐτὰ
481 3983 861 4052 ὲπαγάγωμεν.
904 3983 1036 4044 Θεὸς
1082 3982 1138 4033 δὲ
1166 3982 1275 4052 δῴη
1319 3982 1393 4052 μὴ
1431 3981 1570 4052 ψιλῴ
1602 3983 1694 4032 καὶ

114 4074 316 4144 γυμνῷ
355 4075 629 4144 θειότητος
671 4074 749 4143 τῷ
778 4073 1028 4143 ἡμετέρῳ
1063 4074 1137 4143 νῷ
1169 4077 1264 4126 καὶ
1295 4075 1437 4142 λόγῳ
1466 4073 1600 4144 πρὸς
1633 4072 1690 4123 τὸ

116 4169 487 4240 προκείμενον
517 4166 799 4235 γενέσθαιῑ
850 4168 973 4236 ἴν’ή
1012 4167 1188 4228 πίστις
1235 4169 1358 4230 τῶν,
1400 4167 1492 4228 οὓς
1539 4167 1689 4235 εὐχό-

1804 1705 1926 1760 netn
1958 1706 2154 1758 librum
2184 1706 2492 1774 aggredior,
2525 1706 2614 1774 pie
2641 1708 2924 1776 Ambrosi,
2954 1723 3058 1761 non
3094 1724 3159 1763 eo
3194 1710 3354 1775 l'acio,
3389 1747 3394 1751 -

1804 1800 1945 1870 quod
1976 1800 2199 1853 multum
2232 1800 2375 1868 loqui
2407 1801 2567 1854 velim
2593 1815 2608 1852 :
2638 1802 2690 1856 id
2721 1803 2864 1855 enim
2894 1803 3116 1856 vetitum
3173 1813 3253 1856 est
3283 1805 3354 1869 ⁷⁸,

1803 1905 1902 1943 nec
1953 1891 2069 1946 ﬁeri
2102 1893 2218 1946 sine
2245 1901 2465 1961 peccato
2504 1901 2709 1960 potest;
2757 1894 2852 1947 sed
2897 1903 2974 1958 ut,
3005 1894 3180 1964 quoad
3215 1895 3360 1950 vires

1803 1980 1947 2036 ferre
1975 1992 2224 2052 possunt,
2251 1983 2386 2035 nihil
2415 1998 2598 2036 eorum
2618 1998 2738 2052 quae
2765 1985 2920 2047 dixit,
2953 1994 3009 2037 et
3031 1999 3093 2036 ea
3125 1986 3360 2039 maxime

1803 2090 1923 2141 qua:
1966 2075 2289 2142 quibusdam
2323 2075 2539 2128 videtur
2572 2090 2677 2128 non
2705 2077 2937 2130 absurde
2966 2076 3118 2129 nobis
3137 2073 3362 2142 Judarise

1801 2179 1906 2233 que
1933 2164 2260 2237 objectasse,
2295 2181 2400 2219 non
2431 2167 2796 2219 examinatum
2844 2175 3144 2234 praetereat.
3186 2167 3360 2234 Atque

1801 2257 2004 2309 utinam
2061 2273 2274 2325 possein
2310 2259 2470 2311 simul
2505 2273 2624 2310 cum
2671 2272 2920 2312 sermone
2975 2266 3256 2319 penetrare
3303 2258 3357 2312 in

1799 2345 2007 2398 animos
2034 2348 2273 2398 omnium
2303 2349 2391 2412 qui
2425 2348 2476 2399 in
2507 2347 2624 2413 ejus
2665 2346 2927 2414 scriptum
2960 2347 3236 2413 incidunt,
3268 2348 3354 2400 in-

1799 2435 1972 2504 deque
1994 2435 2154 2488 telum
2182 2437 2411 2488 evellere
2434 2451 2542 2504 quo
2565 2435 2882 2490 vulneratur
2914 2437 3222 2505 quicunque
3247 2453 3354 2492 nou

1800 2538 1881 2584 est
1913 2539 2190 2583 armatura
2225 2531 2318 2583 Dei
2345 2531 2584 2584 munitus
2600 2531 2667 2594 ⁷¹,
2696 2530 3060 2596 idoneumque
3094 2530 3356 2586 adhibere

1799 2619 2096 2672 remedium
2128 2620 2367 2681 vulneri.
2396 2635 2502 2687 quo
2536 2621 2594 2673 lit
2625 2630 2682 2674 ut
2718 2622 2834 2690 ejus
2865 2621 3090 2676 lectores
3117 2639 3218 2676 non
3243 2624 3355 2677 sint

1804 2725 1823 2757 ι
1847 2709 1961 2761 sani
1993 2708 2045 2760 in
2081 2708 2278 2772 ﬁde";
2305 2728 2322 2760 ι
2361 2711 2461 2762 hoc
2486 2709 2738 2776 equidem
2775 2710 2904 2763 nihil
2935 2710 3154 2764 fecerim
3183 2712 3355 2764 liben-

1801 2797 1924 2851 tius.
1963 2796 2070 2851 Sed
2091 2800 2348 2866 quoniam
2375 2798 2540 2853 solius
2560 2800 2650 2853 Dei
2670 2809 2751 2853 est
2775 2801 2933 2855 modo
2944 2802 3174 2869 quodam
3190 2800 3358 2872 578

1799 2888 2055 2942 invisibili
2087 2890 2239 2943 adire
2267 2890 2563 2942 secundum
2611 2905 2768 2942 suum
2816 2891 3062 2955 spiritum
3093 2908 3198 2944 uua
3228 2907 3351 2945 cum

1796 2980 2002 3033 Christi
2053 2980 2245 3047 spiritu
2275 2992 2404 3041 eos,
2436 2979 2502 3031 ad
2543 2992 2680 3045 quos
2709 2979 2895 3032 venire
2931 2980 3146 3048 .judicat
3175 2995 3354 3050 opera
3397 3043 3418 3055 λ

1795 3071 2061 3137 pretium;
2097 3070 2276 3134 nobis,
2309 3073 2549 3137 quicum
2585 3085 2836 3125 sermone
2871 3079 2981 3125 tum
3005 3071 3220 3142 scriptis
3251 3074 3350 3128 ho-

1794 3159 1966 3210 mines
1997 3161 2062 3210 ad
2081 3157 2238 3210 tidem
2269 3173 2528 3210 conamur
2558 3158 2850 3225 adducere,
2888 3159 2939 3212 id
2971 3175 3130 3212 unum
3157 3175 3354 3232 propo-

1794 3253 1955 3304 situm
2007 3258 2090 3301 est
2147 3249 2330 3301 omnia
2376 3249 2624 3313 eliicere,
2674 3261 2732 3303 ut
2766 3266 3023 3305 vocemur
3076 3254 3352 3321 «operarii

1796 3341 2231 3406 inconfusibiles,
2256 3350 2402 3395 recte
2423 3349 2721 3394 tractantes
2741 3343 2960 3395 verbum
2982 3345 3230 3399 veritatis
3245 3343 3348 3400 ⁷⁵.»

1797 3435 1968 3490 Unum
2017 3443 2296 3487 autem-ex
2339 3434 2405 3487 iis
2432 3433 2680 3487 omnibus
2714 3424 2926 3487 videtur
2955 3449 3107 3500 esse,
3153 3437 3198 3491 si
3244 3439 3352 3494 tuis

1786 3527 1952 3596 jussis
2005 3525 2238 3579 ﬁdeliter
2289 3526 2706 3596 obtemperans,
2769 3543 2866 3596 pro
2917 3527 3122 3582 viribus
3171 3530 3350 3584 enitar

1794 3617 2098 3674 convellere
2133 3633 2253 3685 quae
2286 3618 2446 3672 Celso
2481 3619 2676 3672 similia
2709 3621 2821 3672 veri
2853 3621 2966 3673 visa
2995 3629 3139 3675 sunt.
3171 3622 3351 3688 Quare

1794 3724 1914 3777 age,
1946 3721 2090 3763 nunc
2116 3709 2426 3764 refellamus
2453 3725 2570 3778 qua:
2606 3709 2794 3764 Celsus
2816 3712 2962 3763 addit
2991 3712 3057 3765 iis
3089 3729 3208 3782 qua:
3238 3717 3345 3784 jam

1795 3812 1918 3854 ante
1962 3802 2281 3870 repulimus.
2343 3803 2425 3854 An
2475 3802 2637 3853 etiam
2684 3802 3074 3868 evcrterimus,
3131 3805 3347 3861 lectoris

1793 3903 1909 3947 esto
1953 3895 2234 3960 judicium.
2278 3893 2434 3946 Faxit
2467 3893 2697 3944 Deus-ut
2742 3908 2807 3946 ne
2838 3896 2904 3948 ad
2942 3895 3080 3949 banc
3109 3899 3349 3967 disputa-

1796 3986 1994 4037 tionem
2025 3983 2309 4036 all‘cramtts
2351 3985 2589 4035 animum
2617 3997 3031 4055 sermonemque
3054 3990 3252 4044 nudum
3283 4007 3346 4046 ac

1793 4076 2070 4129 divinitate
2102 4090 2364 4139 vacuum,
2417 4075 2532 4129 sine
2583 4093 2686 4144 qua
2740 4078 2870 4132 lides
2917 4095 3101 4133 eorum
3150 4083 3346 4151 quibus

1792 4166 2047 4234 prodesse
2078 4167 2358 4234 eupimns,
2394 4169 2627 4220 humana
2673 4176 2878 4223 tantum
2914 4173 3175 4240 sapientia
3208 4175 3344 4227 nite-

115 4259 267 4329 μεθα
301 4257 676 4328 ὠφεληθῆναι,
716 4256 788 4326 μὴ
906 4259 961 4308 ἐν
1003 4258 1158 4325 σοφίᾳ
1201 4256 1528 4326 ἀνθρώπων·
1564 4258 1686 4310 νοῦν

1795 4265 1985 4310 retur:
2026 4259 2119 4312 sed
2165 4269 2224 4311 ut
2269 4259 2459 4326 spiritu
2491 4258 2690 4314 Christi
2739 4271 2962 4331 accepto
3007 4264 3075 4316 ab
3120 4277 3188 4317 eo
3251 4265 3342 4332 qui

109 4349 170 4402 δὲ
207 4349 446 4418 Χριστοῦ
495 4347 748 4410 λαϐόντες
794 4348 899 4400 άπὸ
937 4349 1029 4400 τοῦ
1080 4349 1237 4417 μόνου
1265 4349 1493 4412 διδόντος
1523 4351 1682 4405 αὑτὸν

110 4440 338 4508 Πατρὸς
367 4437 550 4501 αὐτοῦ,
586 4438 680 4489 καὶ
713 4438 846 4508 πρὸς
870 4438 966 4506 τὴν
1002 4439 1230 4507 μετοχὴν
1267 4423 1360 4490 τοῦ
1404 4423 1557 4508 λόγου
1590 4443 1682 4494 τοῦ

109 4527 256 4579 Θεοῦ
298 4525 687 4599 βοηθηθέντες,
729 4544 746 4576 ι
773 4527 879 4578 πᾶν
921 4526 1118 4596 ὕψωμα
1149 4529 1501 4599 ἐπαιρόμενον
1548 4533 1686 4584 κατὰ

104 4619 216 4687 τῆς
247 4617 502 4685 γνώσεως
531 4617 622 4670 τοῦ
653 4615 784 4669 θεοῦ
808 4635 827 4667 ι
863 4616 1196 4687 καθέλοιμεν,
1221 4621 1313 4673 καὶ
1337 4623 1395 4674 τὺ
1417 4622 1582 4694 οἴημα
1608 4624 1683 4695 (2)

105 4711 334 4762 Κέλσου
373 4707 497 4762 140'
523 4708 681 4780 ἡμῶν
714 4710 805 4761 καὶ
839 4709 979 4760 κατὰ
1011 4710 1099 4761 τοῦ
1137 4710 1308 4779 Ἰησοῦ
1341 4711 1497 4780 ἡμῶν
1529 4715 1685 4766 ἐπαι-

105 4799 374 4870 ρομένου,
408 4798 485 4852 ἔτι
517 4799 574 4850 δὲ
619 4800 714 4851 καὶ
747 4798 887 4851 κατὰ
915 4800 1192 4861 Μωῦσέως
1215 4840 1228 4861 ,
1277 4801 1369 4852 καὶ
1411 4802 1516 4853 τῶν
1551 4820 1683 4874 προ-

103 4891 307 4964 φητῶν
328 4909 342 4920 ·
377 4891 589 4945 ἴναιτοῦ
614 4893 845 4957 διδόντος
873 4893 1021 4962 ῥῆμα
1047 4894 1156 4955 τοῖς
1181 4893 1684 4963 εὐαγγελιζομένοις

100 4985 348 5053 δυνάμει
379 4983 546 5055 πολλῇ
569 4985 718 5049 ,ικαὶ
751 4988 880 5056 ἡμῖν
906 4984 1046 5036 τοῦτ’
1078 4985 1552 5054 ὲπιχορηγοῦντος,
1590 4989 1682 5041 καὶ

101 5077 209 5145 τὴν
249 5075 453 5147 πολλὴν
503 5077 726 5146 δύναμιν
755 5076 1112 5147 δωρουμένου,
1164 5076 1449 5148 ἐγγένηται
1498 5079 1677 5143 πίστις

98 5170 226 5228 τοῖς
275 5167 677 5237 ἐντευξομένοις
717 5170 775 5221 ἐν
806 5168 948 5238 λόγῳ
979 5167 1071 5220 καὶ
1111 5166 1336 5236 δυνάμει
1377 5168 1469 5220 τοῦ
1518 5169 1670 5222 Θεοῦ.

1791 4349 1937 4404 solus
1967 4349 2116 4403 illum
2147 4350 2239 4402 dat
2265 4347 2449 4416 Pater,
2481 4359 2536 4404 ct
2559 4353 2625 4404 ad
2666 4352 3065 4420 intelligendum
3099 4353 3192 4407 Dei
3221 4369 3343 4408 ver-

1793 4444 1918 4496 bum
1953 4444 2120 4510 adjuti
2146 4485 2161 4509 ,
2199 4461 2217 4494 ι
2241 4459 2455 4498 onmem
2478 4444 2824 4511 altitudinem
2860 4456 3048 4500 contra
3084 4449 3346 4514 cognitio-

1794 4550 1914 4588 nem
1954 4535 2044 4590 Dei
2072 4551 2129 4589 se
2163 4537 2510 4592 extollentem
2527 4539 2573 4569 ⁷⁵
2601 4557 2619 4589 ι
2655 4540 2998 4592 destruamus
3019 4578 3032 4602 ,
3073 4539 3340 4607 simulque
3368 4573 3374 4575 μ

1794 4627 1937 4680 Celsi
1975 4626 2206 4691 lastum,
2243 4643 2350 4696 quo
2399 4629 2450 4680 in
2484 4643 2604 4692 nos,
2659 4630 2710 4680 in
2743 4626 2924 4681 Jcsum
2975 4638 3248 4692 nostrum,
3283 4630 3338 4683 in

1794 4717 2034 4787 Moysem
2059 4727 2115 4771 et
2140 4720 2428 4787 prophetas
2452 4719 2752 4785 insolescit,
2785 4720 3154 4788 reprimamus.
3185 4720 3342 4774 Faxit

1793 4811 1917 4873 ille,
1970 4811 2188 4879 inquam
2216 4852 2230 4874 ,
2275 4812 2365 4879 qui
2404 4811 2538 4865 idat
2583 4813 2805 4867 verbum
2849 4813 3340 4880 ct'angelizantibus

1791 4903 1991 4954 virtute
2024 4902 2190 4954 multa
2213 4903 2281 4968 ⁷⁸,
2307 4923 2323 4948 ι
2360 4912 2452 4966 ut,
2482 4903 2670 4957 eodem
2703 4904 2877 4958 verbo
2907 4905 3058 4958 nobis
3081 4918 3339 4958 concesso

1788 4991 2065 5057 multaque
2098 4993 2292 5045 virtute
2317 4993 2476 5057 data,
2507 4994 2640 5049 ﬁdes
2673 4997 2834 5048 verbo
2864 5002 3203 5062 et-potestate
3243 4995 3338 5050 Dei

1790 5084 2005 5138 ﬁrmata
2043 5085 2095 5138 in
2126 5085 2414 5140 lectoribus
2447 5087 2774 5144 innascatur.

181 5330 234 5362 "
277 5327 442 5383 Prov.
483 5346 539 5396 ι,
562 5331 647 5386 l9.
718 5335 763 5365 "
792 5333 987 5404 Ephes.
1011 5351 1086 5401 vi,
1118 5335 1204 5390 ll.
1281 5335 1326 5366 ⁷³
1350 5335 1458 5390 Tit.
1485 5352 1544 5403 ιι,
1576 5338 1628 5391 2.

1799 5339 1819 5392 l
1850 5340 1990 5395 Tim.
2019 5355 2079 5407 ιι,
2110 5339 2192 5394 15.
2263 5339 2309 5370 ’⁸
2337 5337 2379 5391 ll
2417 5338 2544 5393 Cor.
2569 5353 2624 5402 ς,
2648 5338 2702 5390 5.
2773 5337 2821 5368 ’⁸
2850 5335 2993 5390 Psal.
3028 5351 3195 5410 uvtt,
3219 5334 3312 5393 12.

177 5493 306 5580 φῖ)
343 5494 730 5580 ξ’ξςελθόντα.
759 5498 945 5553 Melius
961 5501 1310 5580 scriberetur,
1325 5500 1679 5568 εἰσελθόντας,
1713 5509 1756 5565 Ι)
1781 5503 2283 5580 quidemjidetur,
2319 5504 2476 5580 codd.
2506 5499 2811 5580 Anglicani
2840 5501 3040 5580 habent
3087 5500 3139 5552 in
3186 5513 3336 5580 mar—

98 5562 198 5629 vel
231 5562 570 5626 εἰσελθόντος
594 5605 609 5628 ,
646 5575 704 5618 ut
751 5581 934 5623 monet
964 5570 1294 5623 Boberellus.

349 5635 906 5710 ᾉῙεξαιᾳχύντοινς.
963 5641 1114 5703 Mss.,
1151 5641 1606 5710 ἀνεπαισχύντως.

96 5702 430 5836 ὥτῷ
481 5702 709 5770 Κέλσῳ.
783 5706 960 5761 Malim
1015 5702 1137 5764 cuin
1191 5702 1498 5777 Boberello,
1571 5702 1677 5765 ’τοῦ

178 5814 378 5919 ῖὶῖὲι
411 5845 527 5899 ’καὶ
565 5843 990 5917 ἀνετρέεΰιαμεν.
1067 5847 1140 5904 lta
1198 5859 1390 5918 recte,
1435 5861 1490 5905 ut
1547 5850 1675 5905 mibi

1781 5568 1923 5642 g'ine.
1966 5573 2118 5626 Libb.
2153 5573 2317 5633 editi,
2344 5575 2392 5624 εἰ
2438 5572 2529 5624 καὶ
2575 5568 2749 5635 καλῶς
2789 5571 3202 5642 ἀνεγράψαμεν(
3229 5568 3341 5642 _Ve-

1782 5639 1900 5696 rum
1950 5644 2017 5694 ab
2066 5642 2317 5694 omnibus
2363 5657 2493 5694 mss.
2536 5643 2687 5710 abest
2730 5639 2940 5704 καλῶς,
2987 5639 3096 5710 quo
3125 5639 3332 5694 sublato

1779 5712 1983 5781 nullum
2019 5712 2104 5781 hic
2145 5709 2318 5781 locum
2355 5712 2556 5765 habere
2588 5707 2793 5781 potest,
2826 5707 3225 5781 ὀινεγράσςκαμενἷ

1851 5778 1926 5849 (2)
1967 5778 2186 5849 Καὶ,τὸ
2241 5779 2435 5848 οἴημα.
2515 5776 2677 5839 Forte
2707 5776 3233 5849 scribendumfxa‘.
3271 5779 3332 5827 τὸ

1781 5847 1976 5920 νόημα,
2015 5864 2044 5904 e
2071 5847 2111 5902 ll
2137 5849 2262 5904 Cor.
2290 5847 2345 5917 ς,
2377 5851 2432 5907 5.
2706 5848 2713 5855 ’
