4056 6310
292 421 432 477 “85

1399 420 1675 478 CONTRA
1705 420 1981 479 CELSUM
2010 420 2136 478 LIB.
2199 420 2263 499 ν,

3370 433 3511 488 1186

290 534 524 605 ϐασμίου
572 534 764 604 τιμῆς,
818 535 910 586 καὶ
962 534 1235 603 σχίζοντας
1278 535 1373 605 τὴν
1410 536 1516 587 τῶν
1556 535 1846 605 προσεχόν-

1954 549 2193 603 veroque
2224 534 2332 589 Deo
2358 534 2595 588 avellant
2624 538 2726 591 hoc
2755 536 2991 602 nomine,
3044 537 3122 592 sic
3156 540 3407 609 pietatem
3444 548 3514 605 ad

3333 624 3355 644 \

276 639 399 679 ’των
442 626 621 687 αὐτοῖς
667 625 841 696 ψυχὴν
884 626 1146 697 προφάσει
1180 626 1344 696 τιμῆς
1392 628 1648 679 πλειόνων
1692 626 1848 691 θεῶν,

291 716 402 769 ἀπὸ
423 715 516 767 τοῦ
549 715 664 778 ἐνὸς
685 719 777 768 καὶ
800 716 955 785 μόνου
988 716 1246 786 ἐναργοῦς
1277 717 1366 768 καὶ
1390 717 1642 787 ἀληθινοῦ
1676 716 1808 768 Θεοῦ
1835 734 1848 781 ;

377 807 527 858 Ἐπεὶ
558 806 614 859 δὲ
655 806 789 876 μετὰ
815 802 1003 867 ταῦτα,
1040 807 1113 868 ὡς
1146 807 1588 877 ἀποκριναμένων
1612 807 1676 861 ἂν
1722 809 1851 859 ’1ου-

290 895 455 949 δαίων
486 896 518 965 ἢ
548 896 879 968 Χριστιανῶν
900 898 1025 967 περ1¹
1054 897 1158 948 τῶν
1192 898 1323 967 πρὸς
1348 894 1665 967 ἀνθρώπους
1686 914 1853 949 κατα-

292 988 702 1048 6αινόντων,ὂτι
730 984 837 1040 εἷεν
868 988 1102 1055 ἄγγελοι,
1140 988 1319 1056 φησίν·
1360 1007 1376 1039 ι
1412 989 1472 1040 El
1500 989 1555 1041 δέ
1570 1006 1718 1051 τινας
1751 990 1849 1055 ἀγ-

290 1076 483 1145 γέλους
516 1079 672 1147 φατέ·
708 1098 725 1129 ι
753 1078 846 1130 καὶ
867 1080 1253 1148 προσεπερωτᾷ
1282 1079 1474 1145 λέγων,
1515 1099 1533 1130 ι
1560 1079 1708 1141 τίνας
1729 1081 1851 1132 τού-

290 1185 418 1231 τους
467 1168 890 1236 λέγετε;-Θεοὺς,
925 1168 957 1238 ἢ
1007 1169 1132 1221 ἄλλο
1164 1188 1215 1221 τι
1257 1169 1430 1236 γένος
1485 1190 1501 1220 ι
1540 1165 1655 1222 εἶτα
1693 1170 1850 1222 πάλιν

292 1258 455 1310 οἱονεὶ
484 1259 944 1329 ἀποκριναμένους
974 1260 1094 1325 ἄγει
1123 1259 1218 1326 (4),
1250 1260 1329 1311 ὅτι
1358 1279 1375 1309 ι
1417 1260 1542 1317 ἄλλο
1576 1277 1648 1320 τι,
1677 1259 1753 1320 ὡς
1777 1261 1851 1310 εἰ-

293 1348 409 1411 κὸς,
436 1350 563 1411 τοὺς
593 1349 865 1418 δαίμοναςο
910 1368 927 1399 ι
966 1350 1113 1418 φέρε,
1154 1349 1245 1401 καὶ
1294 1349 1463 1401 ταῦτα
1505 1350 1849 1418 κατανοήσω-

297 1456 414 1507 μεν.
464 1439 927 1509 Ὀμολογουμένως
952 1440 1045 1508 μὲν
1068 1439 1172 1510 γὰρ
1196 1440 1455 1506 ἀγγέλους
1482 1440 1656 1509 φαμὲν
1694 1458 1711 1489 ι
1745 1439 1853 1491 λει-

291 1529 553 1598 τουργικά
584 1529 740 1591 ὄντας
770 1529 1071 1600 πνεύματα,
1102 1531 1193 1582 καὶ
1225 1532 1302 1593 είς
1323 1530 1591 1593 διακονίας
1627 1529 1699 1599 (5)
1728 1530 1853 1583 ἀπο-

292 1620 615 1691 στελλόμενα
662 1620 747 1674 διὰ
774 1623 900 1684 τοὺς
956 1622 1237 1691 μέλλοντας
1278 1622 1626 1692 κληρονομεῖν
1672 1639 1850 1691 σωτη-

297 1711 437 1780 ρίαν·
481 1731 500 1761 ι
536 1711 840 1764 ἀναϐαίνειν
876 1712 972 1781 μὲν
1003 1713 1371 1783 προσάγοντας
1409 1712 1481 1780 (6)
1514 1713 1610 1774 τὰς
1636 1712 1741 1765 τῶν
1761 1714 1852 1765 ἀν-

300 1800 532 1871 θρώπων
559 1802 823 1865 ἐντεύξεις
850 1806 907 1854 ὲν
936 1806 1047 1864 τοῖς
1074 1803 1477 1873 καθαρωτάτοις
1507 1802 1599 1855 τοῦ
1648 1802 1848 1872 κόσμου

299 1890 515 1961 χωρίοις
537 1892 892 1963 ὲπουραγιοις,
927 1894 958 1963 ἢ
990 1895 1080 1945 καὶ
1107 1896 1216 1956 τοῖς
1236 1894 1438 1945 τούτων
1458 1893 1851 1963 καθαρωτέροις

292 1979 733 2050 ὐπερουρανίοις·
778 1984 1125 2037 καταϐαίνειν
1160 1983 1202 2036 δ’
1235 1980 1300 2036 αὖ
1335 1983 1560 2046 ἐκεῖθεν,
1593 1982 1852 2053 φέροντας

299 2071 375 2141 (7)
406 2071 615 2142 ἑκάστῳ
641 2074 757 2125 κατ’
791 2073 943 2137 ἀξίαν
973 2074 1080 2127 τῶν
1110 2075 1216 2127 ἀπὸ
1262 2073 1395 2125 Θεοῦ
1434 2091 1484 2125 τι
1521 2073 1697 2133 αὐτοῖς
1733 2072 1848 2123 δια-

298 2164 473 2214 κονεῖν
514 2166 626 2225 τοῖς
673 2165 1141 2235 εὐεργετουμένοις
1183 2164 1681 2234 προστασσομένων.
1713 2163 1849 2214 Τού-

293 2269 420 2315 τους
450 2253 512 2323 δὴ
545 2254 807 2321 ἀγγέλους
838 2255 943 2306 ἀπὸ
973 2254 1066 2307 τοῦ
1096 2255 1253 2324 ἔργου
1280 2254 1454 2306 αὐτῶν
1480 2253 1847 2323 μεμαθηκότες

294 2344 498 2409 καλεῖν,
529 2344 849 2415 εὑρίσκομεν
881 2346 1091 2409 αὐτοὺς,
1126 2345 1210 2415 διᾲ
1242 2345 1300 2396 τὸ
1343 2344 1519 2407 θείους
1550 2342 1683 2396 εἶναι
1708 2377 1733 2405 ,ι
1758 2346 1851 2397 καὶ

293 2434 447 2498 θεοὺς
492 2439 547 2489 ἐν
594 2441 708 2500 ταῖς
757 2440 927 2508 ἱεραῖς
974 2455 1100 2489 ποτε
1135 2408 1558 2506 ὀῦομαζομένους
1590 2436 1845 2505 1’ραιραῖς’

286 2526 403 2579 ἀλλ’
450 2528 547 2597 οὐχ
578 2528 714 2579 ὥστε
760 2526 1187 2598 προστάσσεσθαι
1221 2529 1349 2595 ἡμῖν
1382 2528 1504 2587 τοὺς
1546 2524 1847 2585 διακονοῦν-

286 2632 410 2679 τας,
430 2619 522 2670 καὶ
549 2618 805 2688 φέροντας
834 2621 961 2688 ἡμῖν
985 2619 1052 2669 τὰ
1080 2617 1171 2669 τοῦ
1193 2617 1322 2669 Θεοῦ
1360 2618 1534 2669 σέϐειν
1565 2620 1656 2669 καὶ
1687 2635 1849 2687 προσ-

299 2711 482 2759 κυνεῖν
509 2710 627 2760 ἀντὶ
687 2709 777 2761 τοῦ
810 2709 963 2760 Θεοῦ.
996 2710 1177 2760 Πᾶσαν
1216 2708 1309 2777 μὲν
1354 2708 1461 2778 γὰρ
1504 2708 1683 2777 δέησιν
1708 2749 1721 2767 ,
1757 2711 1849 2762 καὶ

291 2799 618 2870 προσευχὴν,
653 2799 746 2852 καὶ
773 2799 1025 2861 ἔντευξιν,
1058 2800 1150 2850 καὶ
1183 2799 1527 2868 εὐχαριστίαν
1549 2838 1563 2861 ,
1609 2800 1851 2871 ἀναπεμ-

290 2890 455 2942 πτέον
481 2890 556 2959 τῷ
587 2891 680 2942 ἐπὶ
708 2892 838 2942 πᾶσι
870 2891 986 2959 Θεῷ
1016 2890 1101 2942 διὰ
1123 2890 1213 2941 τοῦ
1248 2892 1339 2941 ἐπὶ
1370 2891 1580 2943 πάντων
1606 2892 1849 2959 ἀγγέλων

287 2978 588 3049 ἀρχιερέως
620 2982 875 3050 ἐμψύχου
926 2983 1097 3048 Λόγου
1130 2982 1222 3033 καὶ
1262 2981 1424 3033 Θεοῦ·
1469 2981 1763 3050 δεησόμεθα
1794 2982 1851 3035 δὲ

289 3074 386 3125 καὶ
418 3072 579 3126 αὑτοῦ
608 3074 700 3127 τοῦ
729 3075 933 3142 Λόγου,
983 3074 1074 3127 καὶ
1120 3072 1473 3142 ἐντευξόμεθα
1516 3072 1699 3141 αὐτῷ’,
1753 3073 1846 3124 καὶ

287 3168 773 3236 εὐχαριστήσομεν,
804 3168 895 3219 καὶ
923 3165 1319 3237 προσευξόμεθα
1340 3164 1414 3225 δὲ,
1446 3164 1529 3215 ea.
1567 3162 1847 3232 δυνώμεθα

1957 625 2138 694 plures
2163 625 2292 679 deos
2323 626 2634 695 pertinere?

2025 811 2079 864 4.
2108 812 2328 877 Deinde,
2352 812 2503 881 quasi
2530 810 2696 867 Judaei
2725 822 2785 867 et
2806 812 3098 869 Christiani
3126 831 3168 871 st
3195 832 3277 871 am
3309 819 3375 872 de
3417 820 3521 887 iis,
3548 836 3557 843 '

1958 899 2046 967 qui
2074 901 2139 953 ad
2174 901 2419 954 homines
2449 901 2865 971 descenderunt,
2904 913 3134 957 mentem
3167 909 3509 973 aperuissent

1961 992 2465 1060 respondissentque
2491 1007 2608 1046 esse
2632 992 2882 1059 angelos:
2907 1012 2923 1043 ι
2948 995 3245 1063 Siangelos
3269 1001 3503 1061 dicitis,»

1958 1091 2129 1150 rogat,
2170 1100 2189 1133 ί
2214 1082 2431 1149 quinam
2452 1082 2559 1135 sint
2583 1082 2867 1151 explicate.
2898 1085 3072 1148 Diine,
3096 1102 3161 1141 an
3190 1090 3329 1157 quod
3353 1091 3496 1145 aliud
3552 1138 3555 1141 .

1956 1174 2147 1242 genus?
2175 1191 2193 1224 ι
2225 1173 2362 1226 Tum
2428 1174 2579 1239 quasi
2633 1188 2951 1241 responsum
2996 1179 3061 1229 ab
3102 1180 3181 1232 eis
3242 1180 3443 1240 tulisset
3490 1200 3505 1236 :

1962 1283 1979 1315 ι
2020 1264 2121 1317 Vos
2151 1264 2329 1326 audio,
2363 1263 2556 1330 inquit,
2595 1272 2717 1316 sunt
2741 1265 2868 1331 quid
2905 1264 3069 1331 aliud,
3101 1281 3291 1337 nempe
3314 1270 3513 1325 dmino-

1956 1368 2073 1406 nes.
2115 1370 2132 1403 ι
2171 1351 2269 1405 llic
2302 1354 2559 1420 tantisper
2590 1353 2959 1406 immoremur.
3006 1355 3256 1411 Fatemur
3295 1361 3512 1429 angelos

1954 1457 2074 1497 esse
2099 1461 2116 1493 ι
2154 1442 2646 1496 administratorios
2672 1443 2891 1510 Spiritus
2915 1444 2966 1496 iu
2994 1446 3349 1503 ministerium
3378 1452 3512 1505 mis-

1932 1532 2043 1588 ‘sos
2093 1545 2309 1603 propter
2364 1548 2457 1593 eos
2498 1533 2615 1603 qui
2689 1534 3055 1589 haereditatem
3108 1539 3326 1605 capiunt
3362 1540 3512 1595 salu-

1958 1625 2024 1678 tis
2050 1626 2114 1688 ";
2142 1645 2160 1676 ι
2195 1624 2313 1677 illos
2330 1637 2486 1677 mouo
2512 1659 2529 1674 ι
2552 1624 2578 1673 ,1
2608 1610 2893 1688 purissima
2915 1640 3082 1693 eaque
3105 1626 3342 1681 caelestia
3367 1628 3514 1698 loca,

1955 1723 2047 1768 aut
2077 1716 2238 1768 etiam
2266 1729 2424 1782 supra
2459 1714 2625 1767 coelos
2652 1712 2716 1765 ad
2745 1714 2995 1780 puriores
3034 1718 3187 1770 sedes
3217 1719 3512 1777 ascendere

1957 1807 2021 1859 ad
2056 1805 2357 1859 oll‘erendas
2390 1806 2660 1857 hominum
2691 1819 2895 1874 preces;
2934 1806 3091 1859 Inodo
3136 1807 3279 1862 illinc
3308 1808 3507 1879 delabi,

1902 1888 1921 1937 ἲ
1955 1907 2012 1949 ιιι
2055 1896 2343 1963 imicuique
2387 1894 2617 1949 alTerant
2673 1894 2815 1962 quod
2885 1894 2958 1947 illi
2989 1896 3127 1950 Deus
3167 1912 3264 1965 pro
3299 1900 3508 1957 meritis

1954 1985 2184 2039 conferri
2212 1984 2393 2050 jussit.
2424 1985 2533 2038 Etsi
2564 1999 2691 2038 vero
2723 1984 2929 2053 angeli.
2987 2000 3121 2052 quos
3171 2002 3199 2039 a
3242 2004 3342 2041 suo
3386 1989 3503 2043 olli-

1954 2076 2037 2128 cio
2077 2076 2155 2128 sic
2188 2074 2838 2143 appellatosdidicimus,
2882 2075 2952 2127 dii
3006 2076 3170 2129 etiam
3217 2079 3507 2147 aliquamlo

1956 2167 2007 2219 in
2040 2166 2211 2219 sacris
2248 2164 2540 2234 Scripturis
2593 2165 2958 2230 nominantur,
3010 2176 3292 2235 propterea
3363 2172 3507 2237 quod

1955 2256 2122 2309 divini
2171 2264 2324 2320 sunt;
2372 2270 2632 2324 nusquam
2672 2266 2846 2309 tamen
2895 2256 2965 2309 ibi
2997 2268 3316 2325 prazceptum
3350 2273 3510 2329 repev

1956 2347 2082 2407 rias,
2112 2346 2272 2415 580
2301 2354 2377 2410 ut,
2413 2347 2503 2414 qui
2536 2346 2645 2399 Deo
2673 2347 2896 2401 debetur
2924 2349 3122 2410 cultus,
3151 2352 3338 2403 eodem
3372 2368 3500 2420 pro-

1954 2450 2242 2503 sequamur
2266 2450 2382 2498 eos,
2432 2450 2660 2504 quorum
2708 2437 2864 2490 nobis
2910 2438 3250 2492 ministrandi
3302 2440 3504 2509 Deique

1955 2527 2091 2580 dona
2120 2524 2373 2583 allerendi
2402 2525 2667 2593 negotium
2701 2535 2804 2579 est.
2829 2526 2959 2579 Nam
2984 2519 3170 2582 otnnes
3195 2530 3507 2597 postulatio-

1956 2632 2071 2678 nes,
2104 2617 2762 2685 precationes,~orationes
2789 2658 2809 2682 ,
2842 2619 3133 2685 gratiarum
3169 2621 3404 2674 actiones
3437 2625 3503 2674 ad

1956 2708 2121 2760 Deum
2148 2716 2358 2774 oportet
2385 2707 2612 2775 dirigere
2638 2722 2732 2773 per
2752 2702 3018 2760 Summum
3043 2710 3370 2762 sacerdotem
3396 2726 3505 2763 orn

1956 2798 2112 2849 nibus
2142 2798 2343 2864 angelis
2364 2781 2714 2864 supdnarem,
2746 2796 2973 2849 Verbum
3010 2797 3186 2848 vivum
3224 2809 3277 2849 et
3311 2799 3502 2856 Deum.

1957 2887 2093 2951 Quin
2116 2894 2169 2938 cl.
2194 2887 2290 2939 hoc
2321 2886 2493 2951 ipsum
2528 2862 2762 2938 \Vcrbum
2795 2886 3101 2949 arabimus,
3151 2886 3223 2938 illi
3263 2887 3498 2941 feremus

1959 2989 2169 3044 preces,
2198 2974 2269 3027 illi
2302 2974 2787 3040 gratiasagemus,
2822 2972 2896 3023 illi
2944 2984 3063 3025 \‘uta
3115 2974 3404 3042 faciemus;
3454 2979 3499 3031 si

1954 3068 2111 3121 modo
2152 3064 2422 3133 prepriam
2457 3064 2783 3130 precationis
2822 3063 3087 3131 possimus
3109 3065 3174 3118 ab
3209 3066 3499 3136 improlnria

1952 3162 2234 3211 secernere
2266 3154 2558 3207 notionem.

287 3259 611 3312 κατακούειν
638 3261 734 3329 τῆς
756 3261 882 3331 περὶ
903 3260 1201 3331 προσευχῆς
1221 3258 1552 3329 κυριολεξίας
1580 3258 1673 3309 καὶ
1702 3256 2084 3325 καταχρήσεως
2102 3250 2196 3319 (8).

371 3350 650 3416 Ἆγγὲλους
698 3351 770 3420 (9)
818 3351 924 3421 γὰρ
966 3352 1187 3403 καλέσαι
1228 3351 1299 3420 μὴ
1342 3349 1702 3410 ἀναλαίιόντας
1750 3346 1844 3416 τὴν
1872 3354 1912 3408 C.

286 3439 430 3509 ὑπὲρ
454 3438 766 3509 ἀνθρώπους
797 3441 923 3511 περὶ
951 3441 1124 3491 αὐτῶν
1147 3441 1471 3509 ἐπιστήμην,
1495 3439 1544 3490 ον’
1561 3457 1591 3490 κ
1609 3437 1843 3504 εὔλογον.

285 3530 407 3580 Ἶνα
432 3528 488 3580 δὲ
519 3529 637 3581 καθ’
668 3530 916 3583 ὑπόθεσιν
946 3533 977 3601 ἡ
1002 3531 1125 3599 περὶ
1153 3529 1325 3582 αὐτῶν
1358 3530 1627 3597 ἐπιστημη
1650 3567 1664 3590 ,
1718 3527 1847 3578 θαυ-

288 3613 486 3688 μάσιός
518 3636 601 3683 τις
633 3616 765 3673 οὖσα
790 3623 883 3674 καὶ
923 3621 1226 3691 ἀπόρρητος
1246 3659 1258 3681 ,
1312 3620 1513 3672 καταλτ
1537 3620 1629 3688 ρθῇ
1651 3661 1664 3683 ,
1708 3618 1845 3687 αῦτη

284 3712 318 3781 ἡ
350 3712 646 3783 ἐπιστήμη,
676 3714 1070 3783 παραστήσασα
1102 3713 1199 3782 τὴν
1235 3711 1390 3779 φύσιν
1424 3712 1507 3762 αὑ·
1528 3710 1620 3773 ὧν,
1646 3710 1737 3760 καὶ
1761 3710 1846 3776 ἐφ’

284 3797 369 3865 οἷς
392 3804 526 3855 εἰσιν
555 3803 768 3855 ἕκαστοι
791 3803 1126 3872 τεταγμένοι,
1148 3802 1245 3853 οὐκ
1277 3802 1425 3853 ἐάσει
1454 3800 1593 3868 ἄλλῳ
1626 3798 1844 3868 θαρρεῖν

287 3892 541 3963 εὔχεσθαι
574 3894 606 3965 ἢ
636 3894 712 3963 τῷ
740 3894 873 3962 πρὸς
902 3894 1073 3947 πάντα
1091 3893 1301 3961 διαρκεῖ
1334 3893 1425 3943 ἐπὶ
1454 3908 1585 3943 πιισι
1617 3890 1731 3959 Θεῴ
1753 3888 1839 3941 διὰ

284 3984 384 4038 τοῦ
398 3985 645 4054 Σωτῆρος
671 3984 825 4055 ήμῶν
848 3984 976 4039 Υίοῦ
1007 3984 1098 4035 τοῦ
1130 3984 1283 4045 Θεοῦ,
1310 3985 1367 4045 ὃς
1400 3985 1511 4034 ἐστι
1540 3980 1725 4047 Λόγος,
1756 3982 1847 4033 καὶ

288 4075 471 4143 σοφία,
495 4076 586 4126 καὶ
614 4075 855 4145 ἀλήθεια,
884 4076 972 4126 καὶ
1000 4076 1098 4126 ὅσα
1128 4074 1258 4126 ἄλλα
1280 4074 1495 4139 λέγουσι
1527 4072 1653 4141 περὶ
1685 4072 1846 4123 αὑτοῦ

288 4168 346 4218 αἱ
371 4165 477 4216 τῶν
505 4164 793 4234 προφητῶν
830 4162 922 4215 τοῦ
960 4164 1091 4215 Θεοῦ
1124 4164 1215 4214 καὶ
1253 4163 1358 4214 τῶν
1402 4162 1709 4214 ἀποστόλων
1752 4160 1845 4213 τοῦ

299 4254 475 4323 Ἰησοῦ
507 4255 737 4324 Γραφαί.
782 4255 961 4322 ’Λρκεῖ
986 4254 1041 4305 δὲ
1083 4254 1218 4322 πρὸς
1261 4252 1321 4303 τὸ
1370 4253 1526 4314 ἵλεως
1565 4255 1695 4321 ἡμῖν
1725 4252 1847 4314 τοὺς

285 4345 473 4412 ἁγίους
500 4345 760 4412 ἀγγέλους
793 4340 927 4395 εἶναι
957 4343 1049 4393 τοῦ
1079 4342 1234 4403 Θεοῦ,
1267 4343 1359 4393 καὶ
1385 4344 1556 4394 πάντα
1589 4342 1843 4412 πράττειν

285 4437 483 4498 αὐτοὺς
511 4436 648 4504 ὑπὲρ
679 4432 853 4503 ἡμῶν,
876 4434 909 4501 ἡ
944 4431 1076 4499 πρὸς
1107 4430 1196 4482 τὸν
1224 4430 1351 4481 Θεὸν
1397 4430 1629 4492 διάθεσις
1660 4431 1839 4499 ἡμῶν,

286 4525 388 4593 ὃση
415 4524 639 4593 δύναμις
666 4520 975 4590 ἀνθρωπίνῃ
1006 4518 1182 4585 φύσει,
1221 4518 1526 4586 μιμουμένη
1572 4517 1669 4585 τὴν
1702 4519 1843 4569 ὲκεί-

287 4631 394 4668 νων
420 4613 751 4682 προαίρεσιν,
798 4608 1136 4679 μιμουμένων
1177 4606 1351 4657 αὐτῶν
1381 4605 1469 4655 τὸν
1516 4605 1645 4655 Θεὸν
1690 4605 1796 4673 (lli)
1826 4644 1839 4666 ,

2014 3344 2065 3396 5.
2105 3341 2299 3394 Verum
2329 3339 2580 3407 angelos,
2622 3351 2850 3405 quorum
2898 3338 3133 3406 cognitio
3170 3353 3290 3407 quae
3333 3355 3494 3410 supra

1948 3433 2216 3486 hominem
2250 3440 2355 3493 cst,
2379 3438 2689 3496 comparata
2732 3443 2834 3480 non
2876 3428 3059 3493 fuerit,
3089 3445 3117 3481 a
3148 3431 3303 3484 nobis
3341 3432 3494 3485 invo-

1947 3522 2078 3584 cari,
2114 3530 2257 3574 recta
2295 3520 2431 3572 ratio
2464 3534 2569 3572 non
2596 3520 2818 3585 patitur.
2848 3518 2958 3586 Age
2994 3534 3153 3585 porro
3180 3535 3207 3572 e
3232 3532 3493 3588 unparata

1948 3612 2109 3663 fuerit
2149 3609 2482 3684 admirabilis
2514 3608 2603 3660 illa
2630 3618 2682 3661 et
2713 3622 2910 3661 arcana
2960 3609 3270 3677 angelorum
3303 3612 3493 3680 cognin

1940 3688 2042 3753 tio.
2080 3699 2214 3752 Tum
2247 3699 2463 3766 quidem
2490 3711 2675 3750 eorum
2719 3706 2908 3749 natura
2960 3707 3013 3752 et
3043 3698 3196 3764 oliici:
3236 3739 3251 3761 ,
3296 3701 3497 3769 quibus

1950 3790 2262 3859 iunguntur,
2294 3799 2416 3841 nota
2457 3796 2635 3850 erunt;
2672 3787 2762 3839 sed
2788 3788 2891 3841 hoc
2935 3788 3106 3856 ipsum
3147 3790 3495 3855 ahsterrebit,

1949 3897 2013 3935 ne
2041 3896 2224 3948 preces
2250 3879 2337 3930 alii
2367 3878 2633 3941 ferantur,
2675 3892 2835 3946 quam
2890 3874 3171 3932 sulIicienti
3220 3880 3283 3933 ad
3317 3881 3498 3935 omnia

1949 3972 2054 4025 Deo
2085 3987 2176 4040 per
2194 3954 2533 4024 Salvatorcm
2563 3978 2805 4022 nostrum
2838 3968 2927 4022 Dei
2959 3969 2997 4023 F
3001 3970 3175 4035 ilium,
3222 3972 3320 4039 Qui
3367 3971 3499 4025 Ver-

1947 4065 2069 4116 bum
2098 4070 2202 4126 est,
2232 4069 2285 4115 et
2313 4060 2598 4128 sapientia,
2626 4070 2680 4114 et
2702 4061 2930 4125 veritas,
2956 4072 3009 4114 et
3029 4062 3285 4129 quidquid
3319 4063 3385 4117 de
3408 4063 3497 4117 illo

1946 4153 2445 4223 prophetarumbei
2471 4153 2948 4221 apostolorumque
2978 4152 3103 4206 Jesu
3138 4154 3339 4221 scripta
3369 4168 3495 4222 pro-

1946 4246 2213 4299 (liderunt.
2247 4245 2420 4312 Atque
2446 4252 2505 4297 ut
2532 4243 2707 4312 angeli
2738 4244 2894 4298 nobis
2924 4244 3136 4312 prepitii
3162 4244 3269 4298 sint
3296 4246 3493 4299 nostri-

1945 4349 2048 4402 que
2077 4336 2247 4404 gralia
2272 4335 2448 4388 omnia
2481 4334 2700 4397 faciant,
2733 4335 2863 4388 satis
2892 4344 2994 4397 est,
3018 4335 3085 4397 si,
3112 4346 3369 4402 quantum
3396 4350 3494 4404 per

1946 4424 2193 4477 humana:
2229 4432 2432 4476 natura:
2465 4424 2609 4477 vires
2645 4423 2792 4485 licet,
2820 4438 2947 4491 erga
2995 4426 3159 4478 Demn
3212 4426 3284 4479 ita
3326 4426 3500 4487 simus

1944 4511 2139 4577 allecti,
2171 4527 2234 4566 ac
2266 4513 2362 4576 illi;
2391 4527 2573 4566 eorum
2628 4514 2957 4580 propositum
2998 4514 3272 4569 imitantes
3310 4531 3499 4584 quent—

1946 4602 2226 4653 admodum
2250 4612 2303 4654 et
2324 4604 2420 4667 ipsi
2455 4603 2618 4653 Deum
2645 4603 2950 4664 imitantur;
2979 4612 3032 4655 et
3057 4613 3309 4669 praeterea
3343 4605 3497 4657 nobis

284 4704 383 4756 καὶ
410 4705 442 4772 ἡ
469 4672 611 4772 ¹’πρὸς
638 4702 725 4752 τὸν
763 4672 877 4753 ι’ὶδν
906 4672 1067 4752 αὑτοῦ
1093 4699 1261 4763 Λόγον
1296 4697 1424 4764 (11),
1458 4694 1597 4746 κατὰ
1629 4694 1688 4746 τὸ
1723 4696 1840 4761 ἐφι-

1951 4706 2004 4743 ea
2036 4692 2107 4742 sit
2135 4690 2252 4742 Filii
2284 4692 2398 4753 ejus
2428 4690 2581 4743 Verbi
2612 4694 2777 4755 notio,
2804 4706 2921 4758 qum
2954 4708 3056 4743 non
3081 4693 3250 4745 solum
3276 4692 3494 4747 ciariori

286 4793 577 4862 κτδνήμίν,
606 4792 869 4861 διάληψις,
894 4790 994 4842 οῦκ
1024 4785 1400 4855 ἐναντιουμὲνη
1426 4788 1491 4853 τῇ
1541 4783 1839 4853 τρανοτέρᾳ

346 4914 393 4944 ’⁷
428 4911 589 4965 Hebr.
627 4929 663 4974 ι,
696 4912 782 4965 LL

362 5042 438 5111 (ι)
478 5042 994 5111 ’Λποκριναμένους
1029 5040 1171 5107 ἄγει.
1213 5036 1301 5111 §ie
1332 5029 1653 5111 mss..Lihri
1702 5042 1830 5110 gero

286 5103 430 5170 editi.
454 5112 503 5163 iu
538 5103 703 5182 textu,
742 5103 1187 5182 ἀποκριναμένοις
1216 5106 1359 5171 ἀγειᾴ
1395 5113 1448 5156 et
1479 5103 1529 5154 in
1570 5103 1829 5167 margine,

286 5180 737 5250 ἀποκριναμένοις
755 5180 917 5245 λέγει.

224 5306 230 5311 .
294 5236 304 5237 ί
362 5236 915 5317 (ὕίδίιίιῑωδέιιεὶῖυδ
938 5260 991 5302 et
1034 5261 1195 5307 tnss.;
1227 5243 1549 5312 Spencerus,
1574 5252 1726 5301 vero,
1754 5236 1832 5297 είς

284 5320 581 5375 διακονίαν.

364 5391 437 5459 (6)
471 5384 901 5459 Προσὰγοντρις,
930 5395 1035 5440 etc.
1062 5382 1193 5436 Vide
1228 5380 1661 5449 Origenianarum
1692 5372 1833 5425 liue-

289 5454 471 5521 tiilib.
502 5472 561 5516 ll,
583 5462 777 5522 quaest.
808 5454 862 5505 5.

364 5519 441 5595 (7)
471 5519 776 5595 Φέρὸντας,
809 5532 913 5595 etc.
962 5519 1252 5595 Verborum
1288 5519 1400 5595 hinc
1441 5524 1526 5595 est
1578 5520 1830 5595 qonstru-

284 5586 399 5653 cui)
426 5586 441 5649 ξ
468 5586 723 5665 φέροντας
744 5590 954 5667 excito-rip
969 5587 1083 5667 κατ’
1103 5587 1253 5667 ἀξίαν
1268 5604 1319 5637 τι
1334 5586 1441 5667 τῶν
1457 5586 1637 5667 αὐτοῖς
1668 5598 1832 5667 προσ-

283 5650 634 5735 τασσομένων
672 5650 777 5712 ἀπὸ
815 5650 947 5709 Θεοῦ
994 5657 1400 5735 διακονεῖνιτοῐς
1446 5650 1828 5735 εὐεργετουμέ-

218 5742 221 5745 ’
281 5719 422 5799 νοις,
460 5719 516 5785 ut
560 5731 663 5783 τῶν
711 5726 1188 5799 προστασσομένων
1240 5725 1308 5775 sit
1357 5719 1827 5799 iit-ucutmL‘Vide

283 5788 468 5861 “aelii
505 5802 597 5857 lib.
628 5816 662 5853 ιι
693 5788 1142 5867 Origeuianorum,
1173 5800 1357 5861 quiest.
1390 5793 1442 5857 5,
1476 5807 1597 5845 num
1629 5788 1727 5851 56.,

1947 4781 2044 4844 illi,
2079 4795 2237 4847 quam
2272 4781 2443 4848 angeli
2475 4781 2651 4833 sancti
2682 4781 2748 4834 de
2776 4781 2866 4835 illo
2913 4782 3108 4835 habent
3138 4821 3153 4848 ,
3194 4796 3297 4835 non
3336 4798 3496 4853 repu-

1965 5087 1972 5092 _
2008 5025 2081 5094 (8)
2128 5022 2258 5074 Ἐὰν
2286 5020 2587 5094 δυνώμεθα
2618 5022 3106 5094 κᾳτακούεινᾼτῆς
3142 5025 3272 5091 περὶ
3307 5040 3493 5094 προση-

1937 5090 2124 5161 έυχῆς
2167 5092 2537 5157 κινριοιίεξίιις
2587 5091 2684 5142 κα)
2722 5090 3157 5157 χυταχρήσεως.
3206 5090 3487 5152 ῊιίθΊιιπ.

1940 5179 1977 5216 II
2012 5162 2464 5227 Origeniauorum,
2491 5170 2678 5227 quwst.
2708 5161 2762 5223 2,
2798 5178 2944 5214 ιιιιιιι.
2980 5163 3068 5215 29.

2011 5230 2083 5301 (9)
2118 5228 2447 5301 Ἀγγέλους,
2476 5240 2580 5301 etc.
2616 5230 2742 5284 Vide
2784 5230 2879 5287 lib.
2923 5246 2973 5300 _t|
3027 5230 3486 5301 Origcnianorum,

1941 5298 2221 5369 quaestion.
2252 5299 2306 5361 5,
2335 5314 2481 5350 num.
2511 5298 2598 5352 '56.

2013 5370 2120 5439 (l0)
2157 5367 2246 5439 Sic
2270 5383 2411 5439 _mss.
2447 5377 2501 5439 et
2534 5375 2679 5439 recte
2708 5368 2949 5439 omnino;
2973 5367 3107 5439 libb.
3143 5377 3318 5439 autem
3356 5372 3487 5435 editi

1937 5437 1988 5492 in
2017 5436 2162 5507 textu
2201 5437 2397 5507 habent
2431 5454 2445 5507 ξ
2478 5438 2576 5506 ὅση
2600 5436 2825 5507 δύναμις
2864 5437 3171 5506 ἀνθρωπίνη
3208 5438 3364 5505 φύσις
3395 5457 3484 5507 μι-

1938 5506 2174 5627 μρυξὲἐνόη
2207 5505 2303 5574 τὴν
2332 5504 2551 5558 ἐκείνων
2567 5504 2753 5558 ἀὐτῶν
2787 5504 3101 5577 προαίρεσιν
3142 5504 3483 5577 μιμουμένων

1938 5595 1961 5627 τ
1994 5595 2021 5627 ν
2100 5593 2123 5626 ε
2159 5592 2204 5625 ν.

1931 5578 2021 5629 τὸν
2055 5578 2204 5627 Θεόν.

2002 5646 2197 5713 (ll)?!
2222 5644 2366 5711 πρὸς
2383 5642 2486 5696 τὸν
2521 5644 2657 5697 Υἱὸν
2683 5642 2864 5696 αὐτοῦ
2899 5646 3106 5711 Λόγον,
3144 5652 3247 5696 etc.
3285 5642 3481 5713 Quieto

1930 5710 2275 5770 scribendum
2311 5713 2516 5769 videtur
2566 5732 2580 5769 :
2703 5713 2955 5783 περὶτοῦ
3003 5713 3129 5765 Υίοῦ
3170 5710 3329 5763 αὐτοῦ
3372 5713 3480 5766 Δό-

1922 5793 2183 5868 ⁴γουδνιιις.
