4054 6320
138 465 281 524 1201

1314 461 1588 520 CONTRA
1622 460 1889 516 CELSUM
1915 459 2051 514 ΜΒ.
2083 457 2150 514 ν.

3214 422 3348 524 ...ς

109 585 230 639 ’διὰ
253 584 345 655 τὸν
369 584 712 652 ὑποτάξαντα.
743 587 826 638 ἐπ’
861 585 1031 638 ἐλπίδι
1052 602 1063 614 ο
1102 585 1181 636 δτι
1225 582 1316 637 καὶ
1353 560 1491 651 αὐτὴ
1522 583 1554 651 ἡ
1581 582 1667 633 κτί

1800 588 2047 633 creatura
2109 576 2424 632 liberabitur
2467 592 2499 631 a
2547 581 2806 634 servitute
2865 582 3226 651 corruptionis
3289 584 3339 637 in

113 656 227 734 Ἶσις
256 672 743 745 ἐλευθερωθήσεται
761 676 867 727 ἀπὸ
879 674 977 744 τῆς
993 673 1232 736 δουλείας
1257 674 1356 742 τῆς
1389 671 1590 743 φθορᾶς
1618 673 1694 734 εἰς

127 759 238 830 τὴν
270 763 576 836 ἐλευθερίαν
604 767 704 836 τῆς
725 767 880 836 δόξης
910 768 1020 820 τῶν
1048 766 1249 820 τέκνων
1267 765 1358 819 τοῦ
1381 756 1695 817 ΘεοῦδΚαὶ

126 857 195 907 ἐν
215 855 510 928 τούτοιςηδὴ
539 854 688 920 τέλος
713 858 880 928 ἐχέτω
906 860 939 928 ἠ
965 858 1091 929 περὶ
1118 856 1210 910 τοῦ
1245 857 1317 926 μὴ
1352 856 1695 924 σέϐειν-ἡμᾶς

125 945 286 1014 ἣλιον
307 946 401 1000 καὶ
422 946 644 1018 σελήνην
674 949 764 1001 καὶ
789 947 1024 1018 ἀστέρας
1061 947 1341 1014 ἀπολογία.
1383 944 1694 1014 Ἐκθώμεθα

1802 667 2102 724 libertatem
2125 667 2309 737 glbrize
2337 668 2568 723 ﬁliorum
2602 669 2695 724 Dei
2717 670 2790 723 ⁸.)
2828 670 3094 726 llactenus
3127 687 3218 727 cur
3243 689 3346 734 nec

1799 761 1992 829 solem,
2021 775 2122 816 nec
2170 760 2373 825 lunam,
2424 775 2525 816 nec
2569 762 2750 816 stellas
2799 778 3145 829 veneremur;
3201 780 3364 820 nunc.
3405 793 3408 796 ~

1799 853 2078 921 sequentia
2117 851 2233 920 ejus
2258 848 2422 909 verba
2457 852 2775 921 referamus,
2803 857 3058 912 adversus
3086 856 3193 924 illa,
3232 857 3344 914 Deo

1801 945 1982 1007 dante,
2005 944 2200 998 dicturi
2227 957 2350 1014 quae
2377 956 2476 999 nos
2499 945 2677 1000 lumen
2705 949 2948 1003 veritatis
2976 949 3206 1004 docebit.

122 1039 189 1093 δὲ
220 1041 315 1094 καὶ
350 1041 447 1112 τὴν
470 1042 596 1111 ἐξῆς
615 1042 779 1107 λέξιν,
836 1042 922 1095 ἵνα
976 1043 1111 1113 μετὰ
1153 1041 1308 1094 τοῦτο
1365 1041 1501 1112 πρὸς
1558 1039 1735 1105 αὐτὸν,
1800 1037 1932 1092 Θεοῦ
1983 1040 2210 1102 διδόντος
2234 1078 2250 1105 ,
2300 1039 2539 1123 εἴπωμεν
2566 1040 2637 1093 τά
2681 1042 2790 1095 ἀπὸ
2817 1043 2908 1096 τοῦ
2951 1044 3049 1114 τῆς
3093 1036 3370 1113 ἀληθείας

123 1130 322 1197 φωτὸς
343 1130 672 1202 δοθησόμενα
703 1134 856 1203 ἡμῖν.

163 1231 167 1233 ‘
201 1219 364 1288 Λέγει
394 1216 485 1275 οὗν
520 1223 722 1277 ταῦτα’
767 1243 786 1276 ι
830 1225 1060 1279 Ἠλίθιον
1095 1225 1137 1278 δ’
1165 1226 1340 1280 αὐτῶν
1368 1226 1461 1280 καὶ
1489 1225 1551 1278 τὸ
1595 1242 1681 1278 νο-

126 1309 332 1379 μίζειν,
364 1313 580 1368 ἐπειδὰν
603 1317 634 1369 ό
660 1315 794 1380 Θεὸς
817 1315 1007 1389 ὥσπερ
1042 1319 1300 1390 μάγειρος
1325 1317 1593 1388 ἐπενέγκῃ
1622 1317 1684 1368 τὺ

125 1401 266 1472 πῦρ,
297 1402 358 1457 τὸ
390 1405 484 1474 μὲν
505 1405 634 1460 ἄλλο
672 1408 777 1461 πᾶν
808 1407 1262 1478 ἐξοπτηθήσεσθαι
1293 1408 1468 1476 γένος,
1493 1401 1686 1471 αὐτοὺς

121 1489 185 1542 δὲ
219 1492 412 1562 μόνους
442 1495 738 1564 διαμενεῖν,
765 1497 828 1550 ού
883 1484 1039 1567 μόνον
1093 1499 1220 1560 τοὺς
1263 1496 1491 1560 ζῶντας,
1551 1496 1685 1549 ἀλλά

120 1584 223 1634 καὶ
250 1612 252 1614 τ
281 1583 407 1648 τοὺς
453 1585 619 1640 πάλαι
672 1588 801 1640 ποτὲ
853 1587 1219 1650 ἀποθανόντας
1262 1590 1448 1652 αὑταῖς
1497 1587 1684 1658 σαρξὶν

118 1671 364 1736 ἐκείναις
381 1673 488 1726 ἀπὸ
520 1675 621 1742 τῆς
646 1675 747 1743 γῆς
773 1677 1086 1741 ἀναδύντας,
1120 1676 1358 1746 ἀτεχνῶς
1388 1679 1683 1748 σκωλήκων

119 1763 156 1833 ἡ
203 1762 379 1826 ἐλπίς.
407 1764 543 1818 Ποία
589 1765 696 1836 γὰρ
746 1767 1031 1838 ἀνθρώπου
1068 1769 1225 1840 ,ψυχὴ
1277 1771 1561 1840 ποθήσειεν
1603 1769 1682 1822 ἔτι

1859 1222 1944 1277 ll.
1971 1239 1989 1272 ι
2015 1217 2186 1274 Stulta
2212 1228 2269 1273 et
2298 1218 2411 1272 haec
2424 1229 2609 1273 eorum
2626 1217 2826 1285 opinio,
2843 1217 3041 1285 inquit,
3064 1228 3334 1288 postquam

1787 1314 1928 1370 Deus
1981 1323 2238 1382 tanquam
2294 1324 2498 1380 coquus
2540 1310 2719 1379 ignem
2767 1311 3099 1376 immiserit,
3143 1319 3335 1365 caztera

1789 1405 2004 1475 quidem
2021 1404 2217 1458 tbstum
2239 1401 2328 1466 iri;
2348 1407 2444 1456 sed
2466 1415 2526 1456 se
2549 1403 2692 1454 solos
2722 1399 2982 1456 evasuros
3004 1401 3331 1465 incolumes;

1791 1511 1888 1550 nee
1942 1510 2037 1549 eos
2094 1495 2251 1548 modo
2292 1496 2382 1562 qui
2434 1497 2630 1549 tumin
2681 1496 2818 1550 vivis
2842 1501 3023 1560 erunt,
3045 1494 3138 1548 sed
3166 1502 3220 1548 et
3241 1478 3331 1561 qui

1783 1584 2106 1655 jampridem
2132 1585 2368 1639 obierint
2416 1593 2643 1639 mortem
2678 1593 2734 1638 et
2759 1583 2944 1639 eadem
2968 1597 3128 1640 carne
3161 1582 3330 1640 induti

1787 1690 1817 1730 e
1847 1685 1988 1730 terra
2021 1674 2358 1729 emerserint.
2407 1674 2534 1741 Quae
2560 1689 2700 1745 spes,
2740 1675 2899 1745 plane
2929 1675 3124 1740 dicam,
3177 1663 3356 1744 digna.

1788 1763 2060 1819 vermibus
2085 1773 2189 1818 est.
2227 1763 2420 1832 Ecqua:
2450 1765 2592 1818 enim
2628 1767 2858 1819 humana
2898 1765 3077 1819 anima
3110 1766 3164 1820 in
3215 1780 3332 1820 cor-

122 1853 293 1924 σῶμα
319 1856 570 1926 σεσηπός;
588 1857 748 1910 ὁπότε
780 1858 900 1928 μηδ’
919 1859 1072 1928 ὑμῶν
1099 1860 1210 1930 (45)
1243 1860 1397 1913 τοῦτο
1424 1861 1485 1914 τὸ
1514 1860 1670 1929 δόγμα

1785 1870 1882 1924 pus
1913 1854 2271 1920 putrefactum
2302 1869 2541 1910 remeare
2569 1855 2955 1923 concupiscat?
2981 1856 3153 1932 Atque
3167 1855 3332 1910 etiam

114 1942 220 1995 καὶ
258 1944 368 1997 τῶν
416 1942 752 2016 Χριστιανῶν
781 1948 944 2009 ἐνίοις
971 1949 1144 2001 κοινόν
1176 1952 1309 2001 ἐστι’
1351 1951 1442 2002 καὶ
1471 1949 1530 2001 τὸ
1560 1950 1684 2016 σφό-

112 2034 222 2104 δρα
245 2036 440 2106 μιαρὸν
468 2037 632 2091 αὐτοῦ
665 2039 758 2091 καὶ
796 2037 1138 2092 ἀπόπτυστον
1168 2039 1284 2109 ἅμα
1309 2040 1401 2100 καὶ,
1429 2039 1682 2094 ἀδύνατον

114 2125 475 2194 ἀποφαίνουσι
505 2127 634 2198 (46)·
671 2132 819 2182 ποῖον
846 2130 955 2201 γὰρ
995 2130 1154 2198 σῶμα
1184 2129 1357 2200 πάντη
1390 2130 1682 2201 διαφθαρὲν

113 2207 231 2268 οἶόν
261 2232 322 2268 τε
343 2217 653 2270 ἐπανελθεῖν
675 2222 753 2282 είς
779 2221 876 2290 τὴν
892 2221 949 2286 ἐξ
977 2221 1149 2291 ἀρχῆς
1182 2221 1361 2290 φύσιν,
1396 2221 1486 2274 καὶ
1514 2221 1680 2292 αὐτὴν

111 2306 335 2377 ἐκείνην
366 2307 426 2371 ἐξ
455 2303 524 2379 ἦς
570 2308 731 2380 ἐλύθη
761 2312 860 2381 τὴν
903 2310 1122 2382 πρώτην
1170 2312 1456 2378 σύστασιν;
1518 2314 1678 2367 Οὐδὲν

111 2398 332 2468 ἔχοντες
362 2399 770 2470 ἀποκρίνασθαι,
822 2401 1251 2470 καταφεύγουσιν
1298 2403 1375 2464 εἰς
1397 2403 1677 2456 ἀτοπωτά-

105 2507 217 2559 την
247 2489 611 2560 ἀναχώρησιν,
640 2491 722 2543 ὅτι
751 2493 855 2544 πᾶν
881 2491 1101 2544 δυνατὸν
1123 2492 1200 2562 τῷ
1223 2491 1357 2561 Θεῷ.
1397 2492 1531 2545 Ἀλλ’
1562 2491 1677 2545 οὔτι

104 2599 177 2648 γε
211 2581 282 2634 τὰ
304 2583 505 2652 αίσχρά
531 2585 559 2635 ὁ
604 2583 732 2646 Θεὸς
761 2583 999 2647 δύναται,
1056 2585 1175 2637 ούδὲ
1220 2586 1287 2637 τὰ
1317 2583 1466 2655 παρὰ
1518 2584 1676 2652 φύσιν

103 2670 384 2740 βεύλεταιο
407 2674 534 2739 οὐδ’,
560 2673 627 2727 ἂν
657 2673 719 2726 σύ
752 2691 804 2726 τι
827 2674 1164 2745 ἐπιθυμήσῃς
1186 2672 1324 2726 κατὰ
1356 2675 1453 2743 τὴν
1477 2675 1672 2727 σαυτοῦ

108 2763 423 2833 μοχθηρίαν
456 2763 729 2837 βδελυρὸν,
757 2767 785 2817 ὁ
836 2765 966 2828 Θεὸς
1009 2765 1167 2818 τοῦτο
1227 2764 1526 2834 δυνήσεται,
1581 2766 1673 2818 καὶ

101 2852 216 2922 χρὴ
249 2854 525 2907 πιστεύειν
551 2856 728 2919 εὐθὺς,
763 2857 843 2910 ὅτι
872 2856 1042 2910 ἔσται.
1083 2857 1158 2910 UO
1192 2856 1299 2926 γὰρ
1350 2856 1449 2925 τῆς
1493 2855 1671 2925 πλημ-

104 2942 310 3011 μελῶς
337 2945 590 3015 ὀρέξεως,
623 2948 743 3001 οὐδὲ
785 2948 884 3018 τῆς
931 2948 1345 3017 πεπλανημένης
1381 2946 1666 3016 ἀκοσμίας,

97 3031 246 3086 ἁλλά
259 3034 358 3104 τῆς
385 3033 551 3106 ὀρθῆς
574 3037 670 3089 καὶ
695 3037 907 3099 δικαίας
932 3038 1142 3105 φύσεως
1167 3037 1300 3099 Θεός
1327 3039 1471 3091 ἐστιν
1498 3037 1667 3107 ἀρχη-

97 3126 293 3196 γέτης.
328 3126 439 3179 Καὶ
467 3126 645 3196 ψυχῆς
675 3128 783 3196 (47)
840 3129 940 3197 μὲν
991 3129 1204 3182 αἰώνιον
1254 3129 1431 3200 βιοτὴν
1471 3131 1665 3183 δύναιτ’

99 3217 173 3270 ἂν
205 3220 528 3289 παρασχεῖν,
559 3222 745 3283 νέκυες
787 3213 864 3283 δὲ,
927 3221 1088 3290 φησὶν
1129 3216 1476 3293 Ἡράκλειτος
1534 3224 1662 3293 (48),

97 3310 351 3379 κοπρίων
382 3309 774 3383 ἐκϐλητότεροι.
804 3310 1011 3382 ⁸Σάρκα
1057 3312 1140 3382 δὴ,
1173 3314 1371 3382 μεστὴν
1418 3307 1515 3367 ὤν’
1549 3316 1667 3368 οὐδὲ

95 3401 278 3452 εἰπίν
322 3401 505 3463 καλὸν,
562 3402 774 3455 αἰώνιον
836 3403 1106 3472 ἀποφῆναι
1160 3405 1308 3474 παρὰ
1339 3405 1513 3473 λόγον,
1545 3406 1666 3459 οὔτε

99 3488 645 3557 βουλήσεταιψόθεδς,
679 3490 803 3545 οὔτε
836 3493 1141 3562 δυνήσεται.
1168 3494 1340 3555 Αὐτὸς
1371 3495 1479 3563 γάρ
1521 3496 1666 3546 ἐστιν

93 3579 125 3628 ὀ
154 3575 378 3629 πάντων
407 3576 514 3629 τῶν
545 3577 714 3630 όντων
746 3578 920 3645 λόγος,
962 3579 1112 3631 οὐδὲν
1144 3573 1236 3631 οὖν
1269 3573 1378 3641 οἷός
1405 3596 1464 3631 τε
1517 3579 1667 3649 παρά

91 3665 260 3735 λόγον
282 3665 413 3738 (49),
449 3667 568 3721 οὐδὲ
593 3672 722 3740 παρ’
752 3671 937 3722 ἑαυτὸν
965 3669 1317 3740 ἐργάσασθαι.
1350 3689 1368 3718 ι

77 3900 80 3901 ,
166 3846 315 3917 Ὅρα
342 3847 406 3918 δὴ
429 3846 674 3902 ἐντεῦθεν
703 3848 797 3902 ἀπ’
845 3848 1019 3919 ἀρχῆς
1050 3849 1187 3910 πῶς,
1236 3847 1335 3916 τὴν
1383 3848 1477 3923 καὶ
1534 3850 1661 3918 παρ’

102 3936 379 4008 Ἑλλήνων
406 3939 545 3992 τισὶν
590 3939 690 3992 οὐκ
727 3926 1206 4008 εὐκαταφρονήτως
1249 3937 1664 4007 φιλοσοφήσασιν

90 4028 458 4099 εἰσαγομένην
512 4027 606 4081 τοῦ
655 4029 858 4098 κόσμου
920 4027 1228 4098 ἐκπύρωσιν
1279 4027 1415 4096 μετά
1468 4026 1662 4096 χλεύης

87 4118 416 4183 διαϐάλλων,
439 4119 578 4172 θέλει
609 4122 774 4190 ἡμᾶς,
808 4120 1045 4190 ὡσπερεὶ
1078 4118 1333 4188 μάγειρον
1380 4119 1662 4181 ποιοῦντας

1786 1947 1924 2002 inter
1957 1961 2051 2000 vos
2081 1947 2416 2000 Christianos
2454 1961 2557 2001 non
2584 1947 2797 2007 desunt,
2849 1947 2937 2014 qui
2966 1955 3140 2011 turpe,
3196 1946 3327 2001 abo-

1783 2039 2093 2095 minandum
2131 2075 2146 2100 ,
2202 2036 2534 2105 impossibile
2589 2037 2730 2090 istud
2781 2036 3068 2105 judicent,
3131 2025 3325 2091 nedum

1782 2129 2095 2197 approbent.
2121 2127 2185 2180 Et
2204 2140 2331 2179 vero
2364 2141 2630 2194 corpusne
2649 2135 2749 2190 est,
2781 2125 2922 2193 quod
2949 2126 3166 2180 omnino
3202 2139 3326 2181 cor—

1782 2226 1993 2286 ruptum
2019 2217 2071 2270 iu
2113 2216 2345 2286 priorem
2378 2224 2623 2269 naturam
2652 2215 2860 2270 restitui
2889 2225 2942 2272 et
2965 2215 3127 2270 semel
3161 2215 3325 2271 amis-

1778 2325 1892 2365 sam
1925 2310 2363 2366 conStitutionem
2391 2323 2707 2380 recuperare
2738 2312 2946 2379 possit?
2972 2312 3049 2366 Ad
3072 2312 3185 2366 haec
3204 2327 3326 2366 cum

1777 2401 1912 2456 nihil
1954 2402 2026 2454 sit
2071 2400 2212 2469 quod
2249 2401 2715 2470 respondeant,.in
2744 2402 2849 2456 hoc
2879 2402 3324 2458 absurdissimum

1777 2487 2081 2565 prmsidium
2131 2493 2469 2564 confugiunt,
2506 2495 2615 2549 Deo
2673 2494 2806 2547 nihil
2867 2510 2972 2548 non
3009 2493 3325 2572 5‘88csse

1775 2587 2045 2657 possibile.
2084 2585 2248 2652 Quasi
2285 2598 2419 2640 vero
2447 2585 2620 2654 turpia
2651 2585 2792 2640 Deus
2822 2590 3024 2656 posset,
3054 2596 3144 2639 aut
3165 2587 3324 2658 quid-

1774 2678 1914 2746 piam
1968 2688 2151 2732 contra
2193 2679 2444 2731 naturam
2487 2675 2669 2731 vellet.
2716 2676 2863 2741 Non,
2888 2676 2932 2731 si
2965 2675 3091 2745 quid
3121 2677 3322 2746 impru-

1773 2769 1896 2821 bum
1930 2783 2028 2837 pro
2059 2777 2143 2827 tua
2193 2767 2402 2822 malitia
2435 2768 2780 2835 expetiveris,
2814 2767 2865 2821 id
2895 2768 3151 2844 continuo
3182 2767 3321 2822 Deus

1771 2859 1988 2927 poterit,
2019 2868 2110 2913 aut
2159 2859 2274 2914 fore
2325 2861 2654 2913 credendum
2685 2869 2787 2912 est.
2819 2858 2926 2913 Nec
2975 2858 3116 2912 enim
3176 2858 3319 2913 Deus

1769 2951 1886 3007 orbi
1936 2960 2159 3018 praeest,
2200 2960 2260 3005 ut
2291 2952 2481 3005 vitiosa
2511 2950 2780 3005 desideria
2814 2949 3060 3018 expleat,
3096 2960 3188 3004 aut
3242 2951 3321 3006 in-

1767 3041 2026 3096 ordinatis
2048 3040 2360 3095 libidinibus
2385 3043 2730 3109 obsequatur;
2758 3042 2851 3096 sed
2867 3051 2928 3095 ut
2955 3050 3113 3097 rectm
3135 3041 3320 3109 iuste--

1769 3145 1872 3199 que
1902 3141 2103 3185 naturae
2134 3131 2444 3201 prospiciat.
2474 3129 2736 3200 Equidem
2781 3132 2921 3186 haud
2966 3130 3117 3188 illum
3160 3147 3318 3204 negat

1768 3222 1938 3275 verim
1992 3222 2182 3274 animae
2238 3222 2400 3276 vitam
2449 3221 2636 3289 largiri
2698 3234 2856 3289 posse
2890 3223 3314 3292 sempiternam:

1768 3309 2028 3388 cadavera
2050 3299 2249 3374 autem,
2278 3311 2452 3380 inquit
2487 3309 2820 3376 lleraclitus,
2841 3312 2849 3319 '
2870 3311 2956 3365 vel
2992 3313 3318 3368 stercoribus

1767 3401 1954 3462 viliora
2004 3408 2148 3456 sunt.
2204 3401 2354 3456 Unde
2393 3399 2634 3458 carni‘iis
2655 3401 2912 3458 sordibus
2945 3401 3160 3458 referta:
3184 3418 3315 3473 quas

1769 3495 2041 3568 appellare
2067 3494 2263 3563 pudet,
2301 3494 2465 3547 vitam
2512 3504 2764 3549 aeternam
2818 3505 3002 3548 contra
3055 3496 3313 3551 rationem

1768 3585 2022 3650 tribuere,
2053 3586 2190 3640 Deus
2219 3598 2318 3640 nec
2347 3585 2513 3647 volet,
2546 3600 2645 3640 nec
2700 3586 2918 3652 poterit.
2960 3586 3170 3642 Etenim
3197 3574 3199 3576 ’
3233 3596 3314 3643 est

1764 3675 1877 3736 ipse
1903 3676 2149 3748 omnium,
2176 3690 2298 3742 qua:
2320 3684 2467 3738 sunt,
2509 3678 2683 3740 ratio;
2739 3678 2871 3732 nibil
2911 3679 3074 3746 igitur
3125 3688 3312 3735 contra

1765 3763 2067 3826 rationem,
2092 3762 2220 3814 nihil
2257 3772 2444 3816 contra
2479 3765 2716 3833 scipsum
2745 3764 2958 3819 eﬂicere
2989 3775 3183 3835 potest.
3217 3787 3241 3820 ι

1832 3847 1918 3902 15.
1974 3847 2108 3902 llinc
2151 3849 2388 3927 primum
2429 3852 2548 3905 vide
2589 3854 2854 3920 quomodo
2888 3856 3072 3908 mundi
3106 3853 3312 3910 conﬂa-

1762 3940 2084 4003 grationcm,
2117 3933 2278 3992 etiam
2323 3955 2353 3993 a
2378 3940 2712 4010 philosophis
2745 3943 3123 3999 inter’Graecos
3148 3944 3310 3999 mini-

1761 4042 1849 4081 me
1869 4031 2270 4084 contemnendis
2298 4032 2585 4100 creditam,
2617 4033 2719 4089 sibi
2759 4049 2859 4103 pro
2900 4035 3130 4088 ridiculo
3166 4041 3314 4103 putet

1758 4128 1813 4172 et
1831 4117 2206 4171 calumnietur.
2241 4119 2324 4173 Ex
2357 4120 2472 4185 illo,
2501 4138 2624 4176 cum
2658 4123 2966 4178 inducimus
3015 4125 3310 4195 conﬂagra-

1761 4209 1996 4275 tionem,
2053 4208 2218 4262 Deum
2264 4223 2440 4277 coquo
2500 4211 2731 4266 similem
2793 4213 3040 4267 facimus.
3071 4213 3307 4283 Ignorat,

87 4208 189 4260 τὸν
244 4208 400 4271 Θεδν,
428 4209 662 4278 εἰσάγειν
722 4211 790 4264 τὰ
845 4214 971 4282 περί
1027 4212 1127 4280 τῆς
1177 4210 1557 4280 ἐκπυρώσεως
1598 4210 1658 4261 ού

1758 4305 1901 4372 quod
1923 4303 2089 4358 etiam
2118 4300 2438 4369 quibusdam
2457 4301 2762 4357 Grazcor‘um
2787 4302 2957 4356 visum
2988 4313 3071 4357 est
3090 4311 3144 4356 et
3166 4303 3309 4371 quod

89 4301 346 4366 συνιδὼν,
371 4303 472 4366 ὅτι,
503 4303 688 4374 ὥσπερ
721 4304 982 4374 Ἑλλήνων
1008 4306 1146 4359 τισὶν
1174 4303 1316 4368 ἔδοξε
1334 4303 1492 4374 (τάχα
1511 4302 1660 4373 παρά

85 4390 188 4442 τοῦ
215 4392 573 4461 ἀρχαιοτάτου
626 4393 810 4457 ἔθνους
841 4396 1103 4468 Ἐϐραίων
1145 4393 1388 4464 λαϐοῦσι)
1440 4394 1502 4447 τὸ
1548 4393 1659 4466 πῦρ

1775 4395 1988 4449 'ortasse
2018 4393 2495 4465 abantiquissima
2527 4393 2874 4448 llebrreorum
2905 4401 3061 4462 gente
3087 4407 3311 4463 accepe-

85 4479 394 4557 καθάρσιον
427 4481 535 4550 (50)
565 4482 828 4549 ἐπάγεται
856 4484 932 4553 τῷ
948 4484 1175 4556 κόσμῳ·
1212 4486 1358 4548 εἰκὸς
1382 4485 1426 4537 δ’
1453 4486 1534 4538 ὅτι
1563 4488 1658 4538 καὶ

1775 4492 1906 4550 rant,
1933 4486 2111 4554 ignem
2157 4483 2354 4558 mundo
2385 4482 2574 4538 inferri
2624 4483 2921 4550 lustralem,
2957 4492 3048 4537 aut
3078 4483 3309 4540 fortasse

86 4571 314 4643 ἑκάστῳ
342 4571 450 4626 τῶν
480 4573 743 4643 δεομένων
767 4576 864 4643 τῆς
890 4574 982 4635 διὰ,
1006 4574 1098 4628 τοῦ
1140 4575 1310 4646 πυρὸς
1361 4576 1516 4648 δίκης
1540 4575 1656 4646 ἅμα

1775 4589 1934 4628 arenae
1961 4573 2116 4628 simul
2140 4582 2194 4626 et
2239 4573 2464 4630 remedii
2496 4575 2614 4635 loco
2642 4575 2901 4636 futurum,
2928 4583 3088 4642 prout
3113 4574 3309 4643 cuique

86 4666 187 4718 καὶ
216 4662 456 4734 ἰατρείας
486 4665 729 4732 καίοντος
755 4666 852 4733 μὲν
881 4665 976 4717 καὶ
1004 4665 1064 4716 ού
1098 4667 1482 4728 κατακαίοντος
1530 4667 1654 4729 τοὺς

1775 4680 1893 4732 )pus
1917 4664 2058 4727 erit;
2093 4663 2292 4731 ignem,
2325 4663 2416 4740 qui
2471 4673 2589 4720 uret
2615 4664 2852 4736 quidem,
2883 4665 3144 4732 aptavere
3173 4677 3307 4719 con-

90 4760 169 4828 μὴ
205 4757 425 4828 ἔχοντας
452 4754 594 4826 ὕλην
633 4755 889 4823 δεομένην
934 4755 1253 4809 ἀναλοῦσθαι
1301 4759 1393 4810 ὑπ’
1444 4759 1650 4819 ἐκείνου

1775 4743 2047 4808 sumeteos
2100 4754 2153 4807 in
2185 4753 2385 4822 quibus
2417 4769 2525 4808 non
2558 4755 2662 4808 erit
2708 4743 3080 4821 materia""qu:e
3111 4753 3303 4808 conlici

84 4847 187 4900 τοῦ
215 4848 389 4919 πυρός
410 4847 708 4922 ’καίοντος
737 4843 793 4896 δέ
817 4845 910 4897 καὶ
939 4846 1319 4909 κατακαίοντος
1339 4850 1463 4909 τοὺς
1495 4851 1551 4900 ἐν
1583 4851 1648 4918 τῇ

1775 4846 1979 4908 lebeat;
2009 4853 2128 4898 uret
2156 4853 2346 4898 autem
2375 4853 2429 4900 et
2471 4854 2749 4902 consumet
2798 4857 2892 4897 eos
2942 4843 3033 4911 qui
3081 4844 3136 4896 in
3183 4857 3306 4898 con-

83 4939 179 4990 διά
199 4937 315 4990 τῶν
333 4938 598 5009 πράξεων,
622 4936 723 4989 ’καὶ
749 4934 940 5002 λόγων,
965 4936 1057 4988 καὶ
1078 4935 1358 5003 νοημάτων
1377 4936 1646 5006 τροπικῶς

1775 4935 2009 4988 .truendo
2039 4933 2334 5002 actionum,
2369 4949 2675 4989 sermonum
2696 4932 3207 5003 cogitationemque.
3246 4943 3306 4991 ut

85 5026 361 5100 λεγομένῃ
383 5029 628 5099 οἰκοδομῇ
659 5027 808 5092 ξύλα,
838 5026 1048 5096 χόρτον,
1073 5025 1106 5095 ἢ
1154 5025 1402 5099 καλάμην
1451 5026 1646 5078 οἰκοδο-

1775 5033 1821 5078 ta
1850 5025 2049 5089 dicam,
2104 5023 2331 5083 tedilicio
2363 5025 2540 5103 ligna,
2576 5024 2757 5078 fenum
2786 5030 2839 5075 et
2877 5019 3125 5090 stipulam
3152 5020 3304 5077 adhic

163 5170 188 5200 ⁸
217 5167 378 5224 Rom.
408 5178 524 5237 viti,
562 5170 647 5229 l9,
686 5166 775 5233 20,
798 5167 888 5221 21.

1748 5318 2105 5381 Quamobrem
2161 5328 2319 5382 supra
2366 5327 2462 5380 pro
2513 5312 2677 5364 ὁπότε
2738 5311 2863 5381 μηδ’
2919 5309 3073 5383 ὑμῶν
3120 5312 3298 5382 legunt

1746 5387 1917 5462 ὁπέῖξ,
1933 5386 2053 5462 μηδ’
2079 5385 2251 5462 ﬁed";

1813 5447 1945 5521 (l7)'
1969 5447 2194 5522 Ψυχῆς.
2220 5449 2779 5522 Mavultlloherellus,
2812 5447 2981 5522 ψυχῇ.

1818 5508 1928 5587 ἰιε)
1968 5508 2353 5589 Ἡρῖίκλειτος.
2392 5519 2521 5573 Vide
2579 5508 2798 5573 Suidam
2827 5508 3097 5573 ’ἱιῗίὀεε
3134 5513 3296 5584 Ἡράι

1744 5595 1993 5655 κλειτος,
2025 5593 2188 5658 δνομα
2217 5589 2420 5658 κύριον.

1815 5653 2127 5729 (minam
2145 5653 2347 5727 Myer.
2387 5657 2538 5716 Libb.
2587 5658 2714 5713 editi
2749 5671 2853 5711 una
2911 5669 3065 5720 voce,
3112 5653 3286 5725 παρά-

1743 5731 1918 5783 λογον.

1958 5797 2079 5862 Πῦρ
2106 5795 2451 5863 καθάρσιον.
2491 5796 2624 5852 Vide
2673 5795 3041 5854 adnotationes
3082 5793 3148 5845 ad
3190 5791 3286 5847 lib.

1747 5885 1821 5940 ιν,
1847 5883 1993 5922 nunt.
2018 5867 2086 5920 η
2111 5878 2157 5921 et
2198 5868 2318 5934 15.,

159 5317 646 5386 (45)}lteschelius
700 5321 752 5374 in
789 5277 934 5373 textu
971 5317 1173 5378 habet,
1235 5315 1413 5386 ἡμῶν,
1454 5314 1640 5386 sicque

83 5383 482 5455 cmldrﬁegins
510 5403 565 5442 et
584 5386 1281 5455 'BasileensisPaulo'post,
1318 5383 1433 5437 loco
1458 5383 1642 5438 καῖ’τδ

87 5455 302 5528 σᾳόδρα
333 5453 545 5528 μὶαρόν,
576 5459 888 5514 Boberellus
922 5456 1076 5527 legit,
1100 5453 1148 5506 οἶ
1185 5453 1244 5506 τὸ
1272 5455 1466 5524 σφόδρα
1514 5471 1646 5526 μια-

156 5543 209 5578 ν.

163 5592 303 5664 (46)
321 5593 762 5664 Ἆποςξαίνουσι.
788 5597 958 5654 Codd.
988 5595 1184 5664 Regius
1209 5600 1261 5644 et
1288 5589 1639 5664 Basilcensis,

88 5662 410 5732 ἀποφαίνει.
455 5663 785 5717 llmschelius
837 5667 890 5719 in
923 5662 1114 5728 textu',
1143 5662 1477 5732 ἀποφαίνεις.
1506 5662 1644 5716 Sunt

88 5733 189 5796 qui
216 5729 326 5801 hoc
349 5731 465 5785 loco
494 5733 642 5801 sequi
677 5734 866 5788 malint
905 5735 1182 5789 lectionem
1224 5731 1380 5794 codd.
1413 5729 1560 5801 Regii
1592 5739 1640 5784 et

87 5794 444 5860 Basileensis,
471 5797 542 5852 it'a
575 5794 632 5854 ut
671 5801 785 5854 haec
830 5819 933 5858 non
985 5814 1174 5870 putent
1201 5816 1316 5854 esse
1348 5794 1518 5855 Celso'
1546 5801 1643 5854 tri-

89 5874 332 5939 buenda,
352 5872 446 5926 sed
473 5871 540 5924 ab
565 5871 679 5940 ipso
700 5871 932 5943 Origene
963 5874 1098 5930 Celsi
1131 5871 1304 5927 verbis
1341 5870 1637 5940 interjecta.
