4108 6314
202 487 232 542 i
243 485 348 541 205

1356 480 1635 539 CONTRA
1669 477 1940 538 CELSUM
1973 476 2104 533 [ΑΒ.
2144 476 2207 531 ν.

3275 482 3292 532 1
3307 480 3409 539 205

199 594 475 652 κώάσεὼν
523 612 652 665 φησι
693 596 984 667 διαμενεῖν,
1014 598 1137 662 τοὺς
1176 597 1244 650 τὰ
1279 597 1520 668 δόγματα
1563 595 1655 649 καὶ
1697 593 1765 647 τὰ

1866 591 2320 657 conservaverint,
2369 605 2464 646 eos
2513 591 2579 646 ab
2631 594 2751 665 igne
2803 593 3088 664 poenisque
3151 597 3413 653 immunes

197 685 312 758 ἧθη
342 685 435 737 καὶ
477 684 538 737 τὸ
570 686 888 756 ἡγεμονικὸν
929 687 1110 756 ἄκρως
1150 686 1606 757 κεκαθαρμένους·
1640 685 1766 747 τοὺς

196 775 263 827 δὲ
305 774 376 844 μὴ
404 775 675 839 τοιούτους
717 776 856 828 κατά
881 775 978 846 τὴν
1010 775 1164 840 ἀξίαν
1201 776 1496 846 χρῄζοντας
1536 773 1634 844 τῆς
1678 771 1765 826 διὰ

196 867 376 937 πυρὸς
405 866 677 932 κολάσεως
715 868 1024 938 οἰκονομίας
1066 867 1125 922 ὲν
1162 867 1370 930 τούτοις
1415 865 1508 918 ὲπί
1538 881 1643 918 τινι
1685 866 1766 919 τέ-

193 960 283 1010 λει
326 959 436 1031 (58)
485 960 648 1030 φησὶν
684 959 886 1024 έσεθαι,
928 959 958 1014 ὃ
997 960 1075 1032 τῷ
1114 960 1230 1031 Θεῷ
1263 960 1487 1031 ἁρμόζει
1539 959 1766 1026 ἐπάγειν

191 1053 314 1114 τοῖς
345 1051 464 1106 κατῖ
495 1051 676 1105 εἰκόνα
713 1051 874 1105 αὐτοῦ
921 1050 1324 1122 πεποιημένοις,
1368 1049 1461 1103 καὶ
1514 1048 1666 1120 παρὰ
1703 1047 1764 1101 τὸ

201 1141 452 1213 βούλημα
496 1137 597 1212 τῆς
631 1141 755 1196 ’κατ’
809 1131 993 1196 εἰκόνα
1041 1144 1255 1212 φύσεως
1305 1141 1608 1214 βεϐιωκόσι.
1655 1139 1765 1194 Καὶ

195 1234 377 1288 ταῦτα
420 1235 475 1287 δὲ
526 1234 661 1306 πρὸς
699 1235 786 1302 τὸ,
822 1254 841 1287 ι
891 1236 964 1290 Ἰῖὸ
1011 1235 1109 1306 μὲν
1143 1233 1271 1288 ἄλλο
1318 1233 1426 1287 πᾶν
1461 1231 1762 1301 έξοπτηθή·

196 1323 386 1376 σεσθαι
421 1324 594 1392 γένος,
619 1324 812 1390 αὐτοὺς
833 1325 890 1380 δὲ
919 1325 1109 1396 μόνους
1137 1323 1422 1393 διαμενεῖν.
1460 1339 1479 1373 ι

271 1412 405 1467 Εἶτα
447 1415 656 1480 τούτοις
694 1416 839 1484 ἑξῆς,
891 1413 1240 1487 παρακούσας
1277 1415 1398 1485 ἦτοι
1441 1413 1552 1468 τῶν
1602 1411 1764 1484 ἱερῶν

191 1503 542 1575 γραμμάτων
583 1505 616 1575 ἡ
660 1505 769 1560 τῶν
804 1505 879 1576 μὴ
917 1504 1244 1575 νενοηκότων
1295 1502 1364 1557 τά
1416 1503 1538 1574 ἱερὰ
1581 1504 1761 1573 γράμ-

198 1613 368 1664 ματα,
419 1595 603 1665 φησίν,
657 1613 675 1647 ι
726 1596 815 1664 ὑφ’
857 1595 1012 1668 ἡμῶν
1044 1595 1294 1664 λέγεσθαι
1343 1595 1534 1665 μόνους
1569 1594 1762 1663 διαμε-

193 1703 310 1738 νειν
340 1686 477 1741 κατά
501 1687 591 1740 τὸν
617 1687 805 1758 καιρὸν
841 1686 934 1741 τοῦ
972 1685 1411 1756 ἐπαχθησομένου
1457 1683 1535 1754 τῷ
1574 1683 1765 1754 κόσμῳ

191 1775 286 1828 διὰ
327 1775 494 1847 πυρὸς
529 1776 854 1848 καθαρσίου,
903 1777 961 1829 οὗ
1014 1777 1170 1847 μόνον
1198 1777 1324 1839 τοὺς
1373 1772 1578 1840 ζῶντας
1605 1773 1760 1837 τότε,

192 1866 334 1921 ἀλλὰ
366 1868 457 1921 καὶ
499 1868 626 1933 τοὺς
661 1868 827 1923 πάλαι
867 1867 994 1920 ποτὲ
1032 1867 1416 1930 ἀποθανόντας.
1461 1884 1478 1917 ι
1511 1865 1608 1935 οὐχ
1633 1865 1764 1916 ὑπο-

193 1956 560 2029 λαϐὼν’μετά
603 1977 742 2023 τινος
788 1959 1094 2030 ἀπορρήτου
1130 1956 1240 2028 (59)
1283 1957 1474 2026 σοφίας
1513 1952 1758 2024 λελέχθαι

192 2049 352 2119 παρά
404 2050 481 2119 τῷ
537 2051 838 2120 ’Λποστόλῳ
877 2049 972 2102 τοῦ
1030 2048 1202 2119 Ἰησοῦ
1241 2049 1323 2113 τό,
1374 2066 1392 2099 ι
1443 2047 1517 2099 Οὐ
1563 2045 1761 2107 πάντες

195 2139 666 2210 κοιμηθησόμεθα,
703 2141 902 2203 πάντες
932 2139 988 2193 δὲ
1021 2139 1437 2211 ἀλλαγησόμεθα·
1464 2139 1522 2191 ἐν
1552 2138 1759 2208 ἀτόμῳ,

192 2230 257 2283 ὲν
293 2233 425 2301 ῥιπῇ
464 2229 760 2300 ὀφθαλμοῦ,
796 2232 854 2285 ἐν
889 2233 954 2301 τῇ
979 2230 1179 2302 ἐσχάτῃ
1229 2230 1485 2298 σάλπιγγι
1513 2229 1760 2282 σαλπίσει

192 2318 329 2390 γὰρ,
361 2320 454 2372 καὶ
476 2321 522 2371 oi
557 2321 738 2392 νεκροὶ
764 2319 1140 2390 ἐγερθήσονται
1169 2319 1453 2388 ἄφθαρτοι,
1482 2316 1576 2371 καὶ
1601 2318 1760 2388 ἡμεῖς

192 2409 629 2481 ἀλλαγησόμεθα.
686 2429 705 2462 ι
774 2411 967 2481 Ἐχρῆν
1015 2410 1060 2463 δ’
1120 2409 1282 2462 αὐτὸν
1331 2408 1657 2478 ἐπιστῆσαι,
1709 2408 1761 2459 τί

193 2503 396 2572 νοήσας
432 2501 460 2552 ό
482 2500 651 2570 λέγων
679 2499 865 2565 ταῦτα,
903 2500 977 2564 ὡς
1011 2499 1258 2571 οὐδαμῶς
1287 2501 1474 2571 νεκρὸς
1516 2498 1590 2552 ὢν
1627 2498 1760 2567 (60),

193 2592 439 2664 χωρίσας
462 2593 649 2648 ἑαυτὸν
680 2594 774 2648 ἀπ’
807 2593 1048 2657 ἐκείνων,
1077 2593 1318 2655 καὶτοὺς
1353 2589 1761 2662 παραπλησίους

193 2684 395 2754 ἑαυτῷ,
422 2685 572 2752 ἔλεγε
605 2686 741 2756 μετά
771 2686 858 2752 τὸ,
888 2703 908 2736 ‹
949 2685 1055 2738 Καὶ
1084 2681 1142 2736 οἴ
1166 2684 1347 2754 νεκροὶ
1378 2683 1762 2754 ἐγερθήσονται

193 2775 483 2845 ἄφθαρτοι,
535 2777 630 2829 καὶ
686 2777 846 2846 ἡμεῖς
893 2774 1321 2845 ἀλλαγησόμεθα.
1380 2794 1397 2825 ι
1441 2775 1535 2837 Εἰς
1575 2773 1631 2826 δὲ
1676 2773 1762 2843 βε-

196 2863 427 2917 ϐαίωσιν
448 2863 541 2918 τοῦ
573 2864 793 2918 τοιαῦτά
823 2882 943 2919 τινα
988 2863 1272 2934 νενοηκότα
1309 2864 1400 2916 τὸν
1439 2861 1762 2914 ’Δπόστολον

197 2953 535 3025 γεγραφέναι
566 2955 602 3010 ἃ
653 2955 966 3028 παρεθέμην
1011 2955 1076 3008 ἐκ
1125 2954 1225 3023 τῆς
1266 2955 1399 3024 πρὸς
1446 2954 1760 3024 Κορινθίους

199 3045 494 3116 προτέρας,
529 3045 915 3116 παραθήσομαι
947 3043 1043 3098 καὶ
1072 3044 1142 3097 τὰ
1168 3043 1232 3096 ὲκ
1256 3043 1356 3112 τῆς
1387 3043 1520 3113 πρὸς
1558 3043 1762 3096 Θεσσα-

195 3137 429 3200 λονικεῑς
469 3135 756 3208 προτέρας,
795 3137 851 3190 ἐν
977 3152 1138 3206 φησιν
1172 3136 1201 3186 ὁ
1241 3134 1467 3198 Παῦλος,
1516 3135 1592 3197 ὡς
1631 3133 1759 3198 ζῶν,

197 3229 298 3281 καὶ
352 3227 685 3298 ἐγρηγορὼς,
733 3229 825 3281 καὶ
866 3226 1051 3298 ἕτερος
1097 3227 1170 3279 ὢν
1216 3225 1323 3278 τῶν
1372 3225 1760 3296 κοιμηθέντων,
1793 3263 1837 3325 C

196 3317 441 3372 τοιαῦτα·
481 3335 499 3370 ι
527 3317 697 3370 Τοῦτο
736 3317 843 3390 γὰρ
869 3317 998 3387 ὑμῖν
1032 3316 1260 3386 λέγομεν
1291 3317 1348 3367 ἐν
1378 3315 1518 3385 λόγῳ
1539 3316 1763 3386 Κυρίου,

197 3408 284 3461 ὅτι
314 3411 492 3479 ἡμεῖς,
522 3410 570 3461 oi
603 3409 821 3474 ζῶντες,
859 3409 909 3463 οἱ
948 3408 1385 3480 περιλειπόμενοι
1417 3410 1494 3469 είς
1523 3407 1620 3477 τὴν
1660 3425 1765 3460 πα-

203 3500 425 3568 ρουσίαν
475 3498 569 3552 τοῦ
620 3501 846 3570 Κυρίου,
879 3500 939 3553 οὐ
976 3500 1050 3571 μὴ
1096 3498 1387 3569 φθάσωμεν
1418 3500 1544 3560 τοὺς
1575 3516 1767 3568 κοιμη-

199 3591 414 3654 θέντας
440 3591 521 3644 ὅτι
551 3590 708 3653 αὐτὸς
740 3591 767 3644 ό
799 3592 999 3661 Κύριος
1033 3592 1088 3642 ἐν
1131 3590 1456 3660 κελεύσματι
1519 3591 1575 3641 λν
1615 3594 1764 3661 φωνῇ

197 3682 564 3753 ἀρχαγγέλου,
593 3682 687 3736 καὶ
723 3683 779 3734 ὲν
808 3681 1065 3748 σάλπιγγι
1103 3681 1236 3732 Θεοῦ
1269 3686 1635 3751 καταθησεται
1668 3682 1764 3735 ἀπ’

199 3772 451 3845 ούρανοῦ.
493 3792 511 3825 ι
545 3769 673 3826 Εἶτα
706 3773 864 3825 πάλιν
898 3772 1024 3841 ἑξῆς
1073 3771 1506 3835 τούτοις,όὶλλους
1535 3774 1759 3826 ἐπιστά-

203 3881 366 3936 μενος
392 3867 517 3927 τοὺς
545 3865 602 3920 ἐν
626 3864 844 3934 Χριστῷ
873 3863 1096 3934 νεκροὺς
1125 3863 1253 3933 παρ’
1295 3865 1482 3916 ἑαυτὸν
1513 3864 1604 3917 καὶ
1639 3867 1762 3928 τοὺς

199 3953 613 4026 παραπλησίους
643 3953 808 4025 αὐτῷ,
841 3953 1088 4024 ἐπιφέρει
1117 3953 1305 4021 λέγων·
1343 3973 1360 4004 ι
1401 3955 1464 4007 Ol
1497 3955 1677 4024 νεκροὶ
1705 3956 1762 4008 ἐν

203 4043 424 4116 Χριστῷ
460 4045 849 4113 ἀναστήσονται
873 4042 1106 4114 πρῶτον·
1143 4042 1329 4095 ἔπειτα
1372 4045 1527 4113 ἡμεῖς
1554 4047 1601 4097 οἱ
1627 4046 1762 4109 ζῶν-

1865 683 2011 749 fore;
2041 686 2229 740 horum
2257 699 2388 742 vero
2411 685 2722 753 dissimiles,
2749 698 2804 744 et
2841 687 2894 742 in
2922 702 3052 756 quos
3086 688 3221 758 ignis
3252 692 3413 746 casti-

1862 775 2076 846 gatione
2097 790 2196 852 pro
2226 778 2435 833 meritis
2466 778 2829 848 dispensanda
2886 782 3235 837 animadverti
3285 799 3419 851 epos
3457 818 3463 824 ς

1865 871 1990 937 erit,
2026 883 2119 926 eos
2170 861 2363 940 ραὴήσ
2407 879 2557 927 certo
2609 874 2840 942 quodam
2891 875 3121 930 consilio
3164 874 3416 932 allectum

1864 970 1930 1027 iri
1961 984 2094 1041 quas
2119 970 2285 1026 Deum
2308 971 2465 1028 decet
2492 972 2557 1027 iis
2586 973 2849 1044 inﬂigere,
2877 973 2968 1042 qui
2990 973 3055 1028 ad
3085 973 3252 1043 ipsius
3281 973 3417 1028 ima-

1854 1070 2030 1125 ginem
2059 1057 2180 1110 facti
2211 1065 2371 1113 vitam
2410 1058 2758 1116 traduxerunt
2781 1069 2987 1118 naturae
3014 1063 3083 1119 ad
3111 1062 3394 1136 imaginem

1851 1151 2041 1198 creatae
2069 1142 2288 1200 minime
2311 1155 2746 1204 eonscntaneam.
2775 1149 2949 1220 Atque
2988 1150 3104 1208 haec
3140 1154 3394 1211 adversus

1851 1231 1980 1286 illud
2023 1230 2206 1288 Celsi:
2243 1254 2262 1287 ι
2294 1233 2497 1290 Caetera
2541 1237 2758 1306 quidem
2797 1248 2992 1295 tostum
3027 1239 3120 1306 iri,
3165 1257 3225 1298 se
3264 1258 3394 1299 vero

1851 1323 1993 1377 solos
2028 1339 2280 1381 evasuros
2313 1326 2626 1383 incolumes.
2660 1347 2679 1382 ι

1935 1414 2023 1468 17.
2050 1413 2202 1480 Quod
2233 1426 2416 1490 postea
2449 1415 2604 1469 nobis
2657 1416 2796 1470 hanc
2850 1417 3166 1473 sententiam
3208 1419 3417 1485 tribuit,

1864 1518 1972 1575 quo
2005 1512 2243 1573 tempore
2270 1504 2496 1558 tnundus
2550 1506 2671 1573 igne
2717 1507 3055 1576 purgabitur,
3091 1525 3110 1561 ι
3146 1525 3242 1563 nos
3273 1511 3418 1563 solos

1865 1592 2163 1649 incolumes
2190 1608 2598 1663 permansuros,
2628 1591 2724 1651 nec
2758 1599 2931 1651 solum
2963 1614 3056 1655 eos
3086 1600 3174 1670 qui
3211 1602 3262 1655 in
3286 1601 3420 1654 vivis

1863 1691 2041 1749 erunt,
2068 1683 2164 1739 sed
2191 1685 2356 1738 etiam
2385 1685 2473 1753 qui
2493 1684 2816 1752 jampridem
2845 1686 3081 1744 defuncti
3121 1689 3352 1752 fuerint;
3393 1706 3412 1742 ι

1861 1784 2077 1847 oportet
2104 1786 2197 1833 aut
2219 1777 2356 1833 male
2375 1793 2563 1834 sacras
2592 1778 2800 1834 litteras
2850 1780 3198 1845 intellexerit,
3227 1791 3318 1835 aut
3341 1783 3385 1834 is
3404 1811 3416 1821 -

1863 1867 1956 1922 tud
1981 1881 2010 1920 a
2038 1880 2148 1921 non
2179 1866 2605 1935 intelligentibus
2655 1867 2912 1922 audierit.
2947 1866 3064 1921 Non
3122 1867 3265 1921 enim
3305 1867 3419 1921 ani-

1865 1957 2159 2013 madvertit
2202 1971 2402 2011 arcana
2441 1959 2674 2026 quadam
2743 1959 3010 2025 sapientia
3080 1958 3279 2012 dictum
3352 1957 3418 2010 ab

1864 2049 2109 2119 apostolo
2153 2047 2281 2103 Jesu
2334 2045 2504 2102 fuisse
2543 2062 2557 2097 :
2607 2065 2626 2098 ι
2666 2046 2780 2103 Non
2832 2062 3022 2102 omnes
3071 2039 3424 2114 dormiamus,

1865 2155 2054 2197 omnes
2085 2149 2262 2196 autem
2299 2139 2728 2204 itnmulabitnur,
2781 2140 2833 2195 in
2874 2146 3165 2205 momento,
3200 2139 3254 2194 in
3310 2140 3420 2194 ictu

1864 2233 2032 2299 oculi,
2061 2235 2114 2288 in
2139 2234 2430 2288 novissima
2463 2231 2628 2297 tuba;
2661 2241 2816 2285 canet
2860 2231 3002 2286 enim
3050 2231 3175 2286 tuba
3200 2240 3254 2285 et
3281 2246 3423 2285 mor-

1865 2325 1944 2378 tui
1981 2334 2269 2392 rcsurgent
2299 2321 2618 2392 incorrupti,
2651 2331 2705 2377 et
2731 2337 2828 2377 nos
2875 2321 3279 2376 immutabimur
3304 2322 3366 2376 η.
3395 2338 3416 2373 ι

1867 2414 2021 2469 Scire
2046 2424 2224 2470 tamen
2258 2413 2408 2469 illum
2463 2412 2703 2483 oportuit
2753 2412 2880 2482 quid
2936 2412 2989 2467 in
3043 2410 3226 2466 animo
3260 2410 3423 2466 liabe-

1867 2514 1949 2560 ret
1974 2505 2133 2580 is_qui
2161 2505 2239 2558 sie
2267 2504 2505 2574 loquitur
2555 2501 2612 2558 ut
2639 2503 2752 2572 ipse
2781 2519 2886 2557 non
2920 2511 3194 2564 mortuus;
3239 2503 3329 2571 qui
3363 2516 3422 2556 se

1865 2596 2058 2666 suique
2083 2594 2286 2651 similes
2308 2611 2338 2650 a
2369 2594 2594 2650 mortuis
2626 2603 2899 2663 segregat;
2942 2594 3056 2662 qui,
3087 2592 3250 2661 590
3269 2601 3419 2662 post.

1865 2700 2027 2755 quam
2073 2685 2233 2750 dixit,
2279 2703 2297 2737 ι
2347 2693 2403 2740 et
2445 2684 2640 2740 mortui
2702 2691 2987 2753 resurgent
3033 2681 3359 2752 incorrupti,
3398 2702 3417 2735 ι

1867 2776 2035 2841 addit,
2071 2793 2090 2827 ι
2129 2784 2186 2831 et
2207 2790 2305 2830 nos
2348 2775 2775 2830 immutabimur.
2814 2792 2833 2828 ι
2865 2773 3044 2841 Atque
3085 2773 3229 2830 hunc
3271 2774 3426 2829 intclo

1868 2863 2062 2919 lectum
2095 2879 2279 2921 eorum
2316 2879 2462 2931 esse,
2503 2879 2623 2934 qua:
2669 2879 2734 2921 ex
2790 2865 2974 2935 priore
2995 2863 3062 2920 ad
3112 2864 3424 2921 Corinthios

1867 2954 2104 3026 Epistola
2127 2951 2818 3025 p'rotulimus,continuant
2865 2968 2928 3008 ea
2977 2967 3099 3023 quae
3144 2955 3197 3008 in
3244 2956 3424 3022 priore

1865 3049 1935 3101 ad
1961 3045 2471 3102 Thessalonicenses
2505 3045 2790 3100 habentur.
2834 3044 2888 3099 In
2916 3044 3017 3102 hac
3057 3045 3198 3100 enim
3228 3043 3424 3100 Paulus

1867 3146 1927 3191 ut
1953 3137 2108 3192 vivus
2141 3146 2196 3192 et
2217 3136 2450 3206 vigilans
2487 3146 2540 3193 et
2571 3140 2793 3192 omnino
2840 3152 2869 3191 a
2905 3139 3132 3193 mortuis
3177 3137 3423 3206 diversus

1867 3228 1979 3282 ait:
2007 3246 2025 3279 ι
2054 3224 2166 3282 lloc
2191 3200 2330 3282 enim
2347 3224 2501 3281 vobis
2522 3224 2751 3281 dicimus
2777 3227 2828 3281 in
2848 3226 3013 3281 verbo
3043 3200 3276 3291 Domitii,
3300 3228 3423 3296 quia
3499 3279 3504 3285 .

1869 3333 1970 3375 nos
2002 3319 2092 3388 qui
2123 3319 2376 3383 vivimus,
2426 3319 2517 3388 qui
2576 3317 2774 3374 residui
2810 3331 2997 3372 sumus
3035 3317 3088 3373 in
3135 3319 3422 3374 adventum

1868 3409 2104 3477 Domini,
2150 3425 2255 3466 non
2307 3391 2699 3478 praeveniemus
2761 3423 2857 3465 eos
2915 3409 3006 3479 qui
3065 3409 3420 3465 dormierunt.

1867 3502 2134 3570 Quoniam
2161 3502 2277 3570 ipse
2316 3500 2577 3556 Dominus
2622 3501 2675 3556 in
2707 3500 2883 3572 jussu,
2929 3500 2982 3555 in
3013 3514 3143 3556 voce
3191 3500 3424 3556 areban-

1866 3594 1991 3665 geli,
2023 3603 2081 3649 et
2111 3594 2162 3648 in
2195 3596 2324 3649 tuba
2348 3593 2442 3648 Dei
2468 3593 2765 3649 descendet
2795 3595 2861 3648 de
2891 3593 3030 3647 coelo
3063 3595 3127 3648 ιτ.
3171 3612 3190 3645 ι
3223 3594 3425 3650 Deinde

1868 3699 1991 3739 cum
2018 3683 2202 3747 sciret,
2225 3690 2423 3752 prmter
2443 3695 2503 3737 se
2529 3682 2722 3749 suique
2740 3681 2962 3746 similes,
2994 3681 3128 3736 alios
3150 3681 3261 3737 fore
3279 3696 3427 3737 mor-

1871 3781 1992 3825 tuos
2039 3770 2092 3824 in
2143 3769 2402 3837 Christo,
2483 3768 2809 3838 subjungit:
2877 3787 2897 3820 ι
2966 3768 3158 3824 Mortui
3226 3771 3316 3842 qui
3371 3770 3424 3825 in

1867 3863 2084 3917 Christo
2104 3868 2253 3923 sunt,
2287 3867 2571 3928 resurgent
2603 3859 2801 3927 primi;
2833 3858 3028 3915 deinde
3062 3874 3162 3915 nos
3201 3860 3292 3929 qui
3346 3861 3426 3915 vi-

1868 3954 2068 4019 vimus,
2113 3953 2204 4022 qui
2242 3951 2618 4021 relinquimur,
2659 3951 2822 4006 simul
2861 3937 3133 4021 rapicmur
3165 3968 3286 4009 cum
3322 3954 3427 4009 illis

1869 4048 1923 4102 in
1954 4045 2183 4100 nubibus
2213 4043 2429 4100 obviam
2462 4041 2680 4098 Christo
2717 4042 2770 4098 in
2798 4056 2946 4099 aera.
2987 4061 3007 4096 ι

201 4151 318 4198 τες,
378 4136 426 4187 οἱ
493 4133 946 4206 περιλειπόμενοι,
1008 4135 1123 4205 ἅμα
1186 4135 1282 4188 σὺν
1339 4135 1520 4198 αὐτοῖς
1592 4138 2019 4210 ἁρπαγησόμεθα
2065 4139 2123 4191 ὲν
2171 4134 2416 4206 νεφέλαις
2472 4136 2550 4198 είς
2606 4135 2906 4204 ἀπάντησιν
2958 4135 3050 4188 τοῦ
3101 4135 3304 4208 Κυρίου
3346 4138 3426 4201 είς

201 4229 360 4300 ἀέρα.
400 4234 423 4280 ς

289 4320 438 4374 Ἐπεὶ
472 4320 518 4373 δ’
550 4321 643 4374 ἐπὶ
685 4322 844 4374 πλέον
892 4322 1256 4393 κεκωμῴδηκε
1295 4323 1393 4394 τὴν
1429 4312 1767 4395 κεκηρυγμέῖ-

201 4428 304 4481 νην
333 4411 429 4479 μὲν
461 4409 558 4479 τῆς
585 4411 785 4480 σαρκὸς
827 4413 1118 4466 ἀνάστασιν
1150 4415 1206 4465 ἐν
1241 4415 1357 4476 ταῖς
1401 4414 1764 4484 Ἑκκλησίαις,

203 4500 311 4554 ὑπὸ
343 4499 398 4551 δὲ
421 4499 529 4552 τῶν
551 4501 924 4569 συνετωτέρων
950 4503 1269 4572 τρανότερον
1302 4503 1645 4573 νενοημένην,
1671 4505 1766 4558 καὶ

204 4593 268 4643 οὐ
292 4588 396 4660 χρὴ
423 4585 574 4654 αὖθις
605 4590 907 4645 ἐκτίθεσθαι
931 4593 1027 4662 τὴν
1050 4593 1191 4656 λέξιν
1222 4593 1386 4645 αὐτοῦ
1419 4593 1570 4658 ἅπαξ
1589 4613 1765 4666 προει-

1948 4324 2037 4380 18.
2065 4320 2197 4376 Cum
2241 4327 2424 4374 autem
2445 4316 2604 4389 plura
2637 4315 2838 4373 fuerint
2862 4317 2930 4372 ab
2961 4329 3025 4372 eo
3049 4314 3190 4371 dicta
3226 4316 3426 4371 scurri-

1873 4416 1994 4470 liter
2014 4413 2274 4468 adversus
2295 4410 2474 4467 carnis
2506 4408 2991 4472 resurrectionem,
3023 4421 3142 4476 quae
3160 4406 3214 4462 in
3235 4405 3423 4461 Eccle-

1868 4506 1967 4560 siis
1999 4503 2316 4573 praedicata,
2354 4499 2663 4555 distinctius
2695 4513 2724 4553 a
2763 4496 3198 4569 prudentioribus
3255 4499 3431 4568 perci-

1869 4597 2042 4666 pitur;
2075 4607 2172 4647 nec
2205 4590 2526 4646 necesse-sit
2551 4589 2794 4644 adducta-
2817 4585 3068 4656 superius
3099 4587 3226 4656 ejus
3264 4590 3425 4644 verba

206 4681 465 4752 ρ-ημένην’
507 4680 658 4753 φέρε,
707 4683 800 4734 καὶ
845 4681 1093 4752 περὶτοῦ
1129 4683 1508 4756 προϐλήματος
1547 4685 1759 4749 τούτου,

1870 4697 2054 4738 rursus
2086 4682 2174 4736 hic
2199 4682 2549 4746 exscribere;
2586 4691 2707 4746 age,
2757 4690 2855 4746 pro
2901 4675 3106 4732 viribus
3153 4687 3207 4732 et
3246 4678 3426 4732 habita

199 4771 278 4834 ὡς
309 4772 367 4823 ὲν
393 4773 458 4841 τῇ
488 4768 622 4842 πρὸς
647 4768 926 4841 ἀλλότριον
958 4773 1057 4842 τῆς
1082 4773 1315 4836 πίστεως
1345 4774 1610 4844 ἀπολογίᾳ
1640 4791 1770 4846 γρα-

202 4859 431 4932 ςομένῃ,
453 4861 542 4914 διὰ
571 4863 696 4925 τοὺς
723 4861 800 4914 ἔτι
838 4881 854 4913 t
889 4863 1132 4932 νηπίους,
1155 4863 1246 4916 καὶ
1265 4865 1766 4934 κλυδωνιζομένους,

189 4951 299 5003 ’καὶ
328 4955 784 5024 περιφερομένους
810 4954 971 5008 παντὶ¹
1001 4954 1183 5025 ἀνέμῳ
1215 4955 1582 5028 διδασκαλίας,
1613 4957 1669 5010 ἐν
1701 4960 1767 5028 τῇ

201 5021 873 5115 κυϐείᾳγτῶννάνθρώπων,
908 5047 965 5098 ὲν
1004 5021 1305 5118 πανουργία
1347 5046 1454 5116 (61)
1499 5021 1634 5118 πρὸς

203 5128 452 5198 μεθοδίαν
490 5133 587 5201 τῆς
639 5134 876 5204 πλάνης,
941 5153 961 5187 ι
1011 5136 1164 5204 ὀλίγα
1212 5137 1617 5206 ἐστοχασμένως
1659 5137 1765 5190 τῶν

200 5221 618 5290 ἐντευξομένων,
653 5227 793 5278 κατά
817 5227 875 5280 τὸ
902 5227 1120 5280 δυνατὸν
1167 5230 1315 5296 ἡμῖν,
1349 5228 1631 5298 ὲκθώμεθα
1669 5227 1764 5281 καὶ

140 5305 154 5312 ’
201 5311 660 5379 παραστήσωμεν.
699 5313 833 5366 υῦτε
881 5315 980 5384 μὲν
1026 5311 1118 5368 οὖν
1159 5317 1352 5386 ἡμεῖς,
1394 5314 1516 5368 οὔτε
1545 5316 1614 5368 τά
1645 5315 1762 5368 θεῖα

197 5398 501 5468 γράμματι
557 5421 576 5452 ί
616 5406 800 5467 αὑταῖς
841 5423 973 5474 φησι
1012 5406 1186 5476 σαρξὶ,
1229 5424 1248 5458 ι
1281 5405 1550 5476 μηδεμίαν
1597 5421 1761 5475 μετα-

275 5511 360 5566 ιιι
389 5512 516 5590 Cor.
549 5529 637 5581 xv,
665 5516 754 5580 51,
779 5518 869 5573 52.

200 5699 564 5846 ῃυὲθ)11ῗίὺ1ξ.
597 5767 748 5833 editi,
792 5771 931 5846 μετά
972 5789 1116 5846 τινος
1155 5772 1405 5846 ἀπορίας,
1451 5773 1547 5846 sed
1596 5770 1757 5846 lectio

198 5853 360 5905 quant
395 5841 674 5912 sequimur
699 5842 1057 5912 reperiturkin
1082 5845 1237 5912 codd.
1272 5841 1401 5912 ltog.
1436 5853 1486 5897 et
1518 5841 1679 5898 Basil.
1704 5852 1758 5899 et

203 5906 514 5976 agnoscitur
545 5907 610 5960 ab
647 5906 937 5977 interprete
968 5909 1207 5966 Gcleuio.

973 5517 1494 5584 "lTbess.tv,14,
1526 5515 1726 5586 15,16,
1757 5518 1844 5573 17.

273 5628 407 5702 (58)
431 5629 558 5702 jEzl
588 5647 704 5686 τινι
734 5633 910 5688 τέλει.
941 5631 1076 5691 Vide
1091 5635 1464 5690 adnotationcs
1492 5632 1668 5690 adlib.
1693 5647 1763 5702 tv,
1812 5671 1818 5679 .

1868 4774 2125 4844 cujusque
2146 4771 2364 4827 lectoris
2399 4769 2634 4831 ratione;
2681 4765 3014 4822 disseramus
3059 4768 3125 4824 de
3177 4770 3280 4823 Ξειο
3310 4782 3428 4835 pro-

1868 4863 2125 4928 blemate,
2146 4868 2408 4930 quantum
2450 4872 2589 4928 opus
2624 4867 2710 4914 est
2743 4860 2796 4914 in
2825 4859 3071 4931 apologia
3109 4870 3294 4915 contra
3330 4860 3427 4914 ho-

1870 4957 2066 5011 minem
2119 4967 2148 5005 a
2203 4951 2306 5005 ﬁde
2368 4948 2601 5004 alienum
2655 4952 2856 5021 scripta
2905 4961 3126 5020 propter
3183 4965 3277 5007 eos
3329 4955 3424 5021 qui

1869 5046 2045 5100 adhuc
2104 5059 2124 5094 ι
2176 5038 2384 5110 parvuli
2437 5049 2491 5094 et
2545 5040 2910 5106 ﬂuctuantes,
2965 5038 3426 5095 circumferuntur

1873 5135 2014 5188 omni
2044 5142 2200 5187 vento
2225 5129 2486 5185 doctrina)
2520 5130 2573 5185 in
2604 5133 2840 5201 nequitia
2878 5132 3178 5195 hominum,
3208 5133 3260 5188 in
3286 5142 3426 5188 astu-

1873 5224 1942 5275 tia
1980 5222 2046 5275 ad
2095 5224 2610 5280 circumventiouem
2656 5222 2864 5278 erroris
2903 5221 2965 5276 ¹⁸.
3016 5241 3034 5273 ι
3078 5225 3216 5292 Ergo
3249 5238 3425 5292 neque

1869 5327 1988 5378 nos,
2039 5328 2214 5383 neque
2254 5315 2447 5372 divina:
2482 5316 2675 5369 littera:
2719 5313 2868 5388 aiunt
2900 5331 2918 5366 ι
2956 5327 3050 5371 eos
3102 5315 3424 5385 quijamdu-

1868 5405 1992 5458 dum
2034 5408 2269 5464 obierint
2302 5418 2552 5473 mortem,
2583 5422 2612 5462 e
2642 5416 2784 5462 terra
2809 5423 3054 5477 egressos
3077 5411 3277 5466 eisdem
3301 5424 3423 5464 car-

1940 5519 1983 5551 ”
2009 5521 2204 5598 Ephes.
2237 5538 2312 5587 tv,
2348 5521 2434 5575 14.

1947 5638 2056 5710 (60)
2095 5637 2290 5693 Vocula
2340 5637 2433 5706 ὢν,
2480 5654 2597 5708 qua:
2626 5648 2802 5696 exstat
2824 5640 2876 5695 in
2907 5641 3062 5696 codd.
3084 5639 3212 5710 Reg.
3240 5649 3293 5694 et
3323 5640 3419 5693 Ba-

1873 5709 1986 5771 sil.’,
2019 5710 2353 5762 desideratur
2382 5710 2431 5762 in
2461 5710 2621 5777 impr.

1941 5777 2051 5848 (61)
2094 5780 2193 5830 Ἐν
2221 5781 2568 5849 πανουργίᾳ.
2624 5780 2675 5833 ld
2708 5781 3043 5834 desideratur
3076 5777 3124 5849 in
3173 5777 3423 5835 omnibus

1867 5847 2022 5912 mss,
2057 5857 2108 5900 et
2135 5847 2402 5905 uncinulis
2435 5847 2729 5906 includitur
2757 5853 2812 5906 in
2845 5851 2970 5905 libb.
3005 5847 3180 5903 editis.
