4054 6320
670 388 808 447 1119

2079 386 2398 448 ORIGENIS

3732 386 3878 446 4220

668 515 755 562 tur
784 521 799 559 :
828 513 937 559 tum
967 503 1095 575 quia
1139 503 1257 560 alia:
1300 503 1421 559 aliis
1451 503 1598 573 leges
1633 504 1686 560 in
1724 511 1958 558 mentem
1995 519 2210 570 venere,

2317 505 2402 556 κεῖ
2428 502 2472 555 δ’
2492 501 2632 554 οὕτω
2661 502 2754 554 καὶ
2785 501 3101 574 συμφέρειν,
3129 503 3190 555 οὐ
3222 504 3377 572 μόνον
3404 501 3586 556 καθότι
3623 501 3716 556 ἐπὶ
3763 502 3881 556 »οὖν

669 605 721 653 et
738 594 940 653 servari
975 605 1189 664 oportet
1218 609 1281 650 ea
1312 609 1433 665 qua:
1476 594 1688 666 publice
1719 596 2013 650 constituta
2045 605 2169 650 sunt
2197 614 2212 663 ;

667 695 780 742 tum
798 684 938 756 quod
961 685 1238 755 probabile
1258 695 1339 741 est
1353 685 1596 740 diversas
1613 695 1768 738 teme
1790 694 1972 754 partes
1991 685 2216 740 diversis

666 779 1040 850 potestatibus,
1070 776 1227 848 quasi
1263 777 1522 847 quasdam
1555 777 1907 846 praefecturas
1927 816 1940 840 ,
1966 776 2217 832 commis-

666 883 754 924 sas
782 868 849 923 ab
901 868 1076 933 initio,
1124 866 1310 922 eodem
1360 881 1504 921 nunc
1534 866 1690 920 modo
1724 864 2114 921 administrari.
2149 865 2218 919 Et

667 967 812 1013 recte
838 972 957 1012 cum
979 956 1204 1026 singulis
1234 955 1432 1022 agitur,
1463 969 1581 1009 eum
1609 967 1871 1022 reguntur
1895 969 1958 1009 ea
1985 955 2215 1019 ratione,

666 1062 786 1106 uuae
817 1048 921 1101 illis
943 1046 1299 1115 potestatibus
1327 1046 1540 1116 placet;
1572 1062 1674 1103 nec
1707 1046 1788 1101 las
1810 1057 1894 1102 est
1922 1048 2219 1102 dissolvere

667 1155 786 1209 qua:
811 1154 906 1209 pro
933 1140 1045 1194 suis
1076 1150 1297 1206 quaeque
1331 1137 1462 1193 locis
1505 1139 1611 1205 jam
1641 1150 1754 1192 tum
1776 1140 1844 1194 ab
1871 1139 2024 1194 initio
2062 1138 2219 1193 insti-
2255 1173 2257 1175 -

670 1241 778 1285 tuta
803 1239 947 1284 sunt.
980 1251 1000 1282 ι
1043 1228 1140 1283 llic
1162 1225 1576 1303 Celsus‘indieat
1605 1228 1820 1286 Iudaeos
1852 1229 1919 1284 ab
1950 1229 2218 1299 Egyptiis

667 1321 921 1375 oriundos
948 1320 1270 1389 peculiarem
1303 1331 1484 1392 postea
1513 1321 1854 1375 constituisse
1875 1331 2108 1389 gentem,
2142 1320 2218 1377 le-

668 1426 764 1481 ges
801 1413 1009 1477 tulisse,
1035 1426 1233 1483 easque
1273 1412 1587 1466 observare.
1630 1413 1826 1490 Atque,
1871 1421 1929 1464 ut
1958 1425 2024 1466 ne
2055 1413 2217 1466 verba

666 1502 782 1570 ejus
817 1505 1091 1569 iteremus,
1121 1504 1389 1572 signiﬁcat
1411 1520 1441 1558 e
1475 1517 1533 1557 re
1560 1504 1756 1569 fuisse,
1787 1512 1846 1555 ut
1869 1504 2100 1571 patriam
2133 1517 2220 1557 re-

665 1593 915 1664 ligionem
949 1602 1256 1659 tuerentur,
1302 1592 1748 1663 quemadmodum
1776 1602 1984 1646 caste-rm
2032 1600 2217 1662 gentes

667 1685 883 1753 propria
914 1699 1009 1738 sua
1038 1685 1279 1739 instituta
1321 1686 1567 1740 retinent.
1597 1685 1734 1750 Quin
1780 1693 1834 1738 et
1864 1683 2216 1750 arcaniorcm,

667 1789 764 1828 cur
803 1775 854 1827 id
886 1773 1016 1827 utile
1047 1774 1246 1839 fuerit,
1284 1789 1500 1829 causam
1535 1774 1718 1836 all'ert,
1761 1788 1885 1828 cum
1918 1772 2220 1828 subindicat

2317 588 2478 661 ἦλθεν
2507 590 2683 653 ἄλλοις
2711 591 2883 656 ἄλλως
2910 591 3147 660 νομίσαι,
3171 593 3265 645 καὶ
3297 592 3376 645 δεῖ
3403 591 3688 661 φυλάττειν
3710 593 3782 646 ’ιὰ
3825 595 3882 657 ἐς

2318 681 2493 734 κοινὸν
2523 681 2892 751 κεκυρωμένα,
2925 681 3058 734 ἀλλὰ
3092 683 3183 734 καὶ
3206 682 3305 744 ὃτι,
3326 680 3400 745 ὡς
3434 682 3597 746 είκδς,
3631 683 3701 735 τὰ
3732 684 3878 755 μέρη

2314 771 2410 841 τῆς
2442 771 2543 840 γῆς
2567 769 2626 833 ἐξ
2653 770 2826 840 ἀρχῆς
2853 771 2985 824 ἄλλα
3009 771 3184 834 ἄλλοις
3216 773 3477 835 ἐπόπταις
3505 774 3876 845 νενεμημένα,

2317 862 2410 913 καὶ
2439 861 2578 913 κατά
2610 877 2756 923 τινας
2785 861 3129 932 ἐπικρατείας
3168 861 3544 931 διειλημμένα,
3575 863 3752 936 ταύτῃ
3786 866 3878 917 καὶ

2315 951 2611 1004 διοικπῖται.
2645 952 2751 1003 Καὶ
2783 951 2845 1021 δὴ
2872 951 2939 1004 τὰ
2972 955 3098 1021 παρ’
3123 949 3366 1012 ἑκάστοις
3393 951 3566 1022 ὀρθῶς
3601 953 3670 1005 ἂν
3701 953 3879 1022 πράτ-

2315 1057 2457 1091 τοιτο
2483 1039 2652 1110 ταύτῃ
2683 1038 2951 1108 δρώμενα,
2983 1041 3088 1110 ὅπη
3116 1040 3339 1102 ἐκείνοις
3363 1039 3538 1108 φᾶον·
3578 1042 3877 1112 παραλύειν

2316 1129 2371 1180 δὲ
2397 1128 2490 1197 οὐχ
2524 1128 2666 1181 ὅσιον
2702 1124 2838 1181 εἶναι
2885 1129 2952 1181 τὰ
3004 1129 3062 1192 ἐξ
3104 1130 3275 1200 ἀρχῆς
3313 1132 3450 1181 κατὰ
3492 1131 3690 1194 τόπους
3730 1149 3875 1185 νενο-

2321 1211 2590 1287 μισμένα·
2635 1237 2650 1268 ι
2697 1219 2754 1270 ἐν
2776 1219 2981 1282 τούτοις
3011 1219 3074 1288 δὴ
3111 1220 3138 1271 ὁ
3171 1219 3374 1281 Κέλσος
3405 1220 3680 1290 ἐμφαίνει,
3721 1223 3805 1275 ὅτι
3827 1224 3875 1274 οἱ

2317 1308 2483 1361 πάλαι
2515 1309 2796 1377 Αἰγύπτιοι
2829 1310 3060 1364 Ἰουδαῖοι
3086 1309 3304 1379 ὕστερον
3324 1311 3468 1375 ἔθνος
3491 1315 3738 1381 ἐγένοντο
3762 1316 3872 1384 (87)

2319 1396 2467 1460 ἴδιον,
2515 1398 2608 1452 κα)⁸
2648 1400 2841 1468 νόμους
2881 1401 3128 1469 θέμενοι,
3175 1403 3393 1465 τούτους
3442 1405 3871 1474 περιστέλλουσι.

2317 1489 2426 1542 Καὶ
2455 1491 2541 1542 ἵνα
2583 1489 2658 1561 μὴ
2687 1491 3105 1560 ἐπαναλὰϐωμεν
3134 1491 3231 1554 τὰς
3254 1494 3571 1561 ὲκκειμένας
3608 1495 3705 1548 τοῦ
3737 1497 3875 1548 Κέλ-

2319 1591 2412 1628 σου
2453 1576 2648 1640 λέξεις,
2682 1578 2814 1646 φηοὶ
2843 1577 2932 1630 καὶ
2971 1578 3263 1649 συμφέρειν
3297 1580 3402 1648 (88)
3432 1581 3635 1644 τούτοις
3676 1583 3744 1634 τὰ
3773 1585 3875 1636 πά-

2317 1681 2444 1734 τρια
2481 1665 2820 1736 θρησκεύειν,
2861 1667 3057 1737 ὁμοίως
3099 1671 3208 1731 τοῖς
3245 1669 3420 1732 ἄλλοις
3461 1670 3639 1725 ἔθνεσι
3667 1672 3736 1725 τὰ
3769 1674 3873 1726 ἴδια

2321 1757 2661 1826 περιέπουσι.
2692 1758 2800 1811 Καὶ
2831 1759 3126 1830 βαθυτέραν
3157 1761 3276 1813 τινὰ
3305 1763 3573 1816 ἐκτίθεται
3617 1766 3746 1834 περὶ
3780 1766 3872 1817 τεῦ

667 1876 783 1926 eos,
818 1861 1017 1931 quibus
1047 1865 1241 1918 sortito
1266 1863 1460 1930 obtigit
1489 1862 1814 1930 quibusdam
1851 1870 2010 1914 terrm
2048 1861 2214 1928 parti-

2321 1847 2638 1917 συμφέρεινγ
2669 1849 2932 1913 Ἰουδαίοις
2982 1852 3260 1921 περιέπειν
3307 1851 3374 1905 τὰ
3414 1853 3619 1923 πάτρια
3674 1855 3870 1919 αἰτίαν,

670 1955 770 2008 bus
798 1968 1058 2021 praeesse,
1098 1968 1250 2009 suam
1278 1956 1346 2008 ad
1374 1953 1686 2008 condendas
1716 1950 1860 2019 leges
1895 1965 2115 2020 Operam
2145 1951 2221 2006 le-

668 2043 1015 2114 gislatoribus
1041 2032 1442 2099 cemmodasse.
1495 2043 1694 2098 Statuit
1716 2041 1879 2112 igitur
1911 2038 2219 2096 Judaeorum

670 2133 870 2201 regioni
896 2133 1144 2204 gentique
1175 2132 1320 2187 illam
1354 2132 1606 2187 incolenti
1639 2133 1872 2201 aliquem
1889 2142 1983 2186 aut
2012 2131 2220 2201 aliquos

668 2225 999 2294 invigilasse,
1035 2240 1145 2296 quo
1178 2225 1259 2278 vel
1283 2226 1478 2296 quibus
1520 2224 1894 2280 eollztborante
1934 2225 2017 2279 vel
2055 2225 2220 2280 colla-

666 2309 979 2368 borautibus
1015 2311 1181 2383 Moysi
1213 2313 1359 2384 leges
1385 2313 1623 2369 Judaicm
1651 2315 1873 2368 sauciae
1904 2323 2052 2368 sunt.

740 2591 830 2647 26.
866 2609 885 2646 ι
919 2593 1095 2664 Atque
1123 2601 1353 2662 oportet,
1388 2594 1580 2664 inquit,
1629 2609 1851 2651 servare
1899 2595 2067 2667 leges,
2108 2607 2215 2652 tum

670 2685 793 2752 quia
822 2682 955 2740 alias
976 2684 1097 2738 aliis
1129 2685 1463 2740 constituere
1501 2685 1646 2755 leges
1676 2687 1896 2755 placuit,
1928 2699 1982 2742 et
2008 2690 2215 2743 servari

653 2782 880 2842 Oportet
904 2788 965 2828 ea
999 2789 1118 2844 qua:
1163 2775 1378 2844 publice
1410 2778 1699 2830 constituta
1748 2786 1912 2844 sunt;
1949 2787 2058 2832 tum
2092 2780 2214 2849 quia

667 2862 958 2935 probabile
1015 2873 1100 2919 est
1144 2865 1384 2919 diversas
1407 2873 1568 2918 terra:
1591 2878 1770 2934 partes
1801 2867 2028 2923 diversis
2063 2879 2214 2937 pote-

667 2958 918 3024 statibus,
933 2955 1091 3024 quasi
1116 2957 1376 3025 quasdam
1404 2956 1781 3026 praefecturas,
1810 2961 2126 3016 commissas
2151 2961 2218 3015 ab

667 3047 841 3114 initio,
890 3046 1081 3102 eodem
1134 3061 1277 3101 nunc
1323 3046 1481 3100 modo
1531 3047 1920 3104 administrari.
1965 3052 2216 3109 tDe'mde

2321 1938 2707 2006 αἰνισσόμενος,
2748 1939 2829 1992 ὃτι
2860 1942 2984 2003 τοὺς
3027 1941 3268 1995 ἑκάστων
3297 1941 3493 2012 νόμους
3527 1945 3579 1994 οἱ
3617 1944 3872 2013 λαχόντες

2320 2026 2550 2080 ἐπόπται
2587 2024 2724 2082 εἶναι
2764 2030 2861 2099 τῆς
2902 2031 3002 2100 γῆς
3028 2032 3134 2084 τῶν
3165 2033 3650 2102 νομοθετουμένων,
3685 2052 3871 2107 συνερ-

2319 2118 2533 2184 γοῦντες
2561 2122 2672 2184 τοῖς
2700 2121 3009 2189 νομοθέταις
3041 2121 3147 2191 (89)
3184 2123 3379 2177 ἔθεντο.
3417 2125 3629 2177 Ἔοικεν
3662 2122 3753 2179 οὖν
3782 2127 3873 2197 δη-

2318 2209 2460 2272 λοῦν,
2495 2209 2573 2262 ὅτι
2613 2210 2705 2263 καὶ
2735 2209 2833 2280 τὴν
2877 2210 3136 2264 Ἰουδαίων
3166 2213 3346 2284 χώραν
3375 2214 3466 2266 καὶ
3493 2214 3554 2267 τὸ
3586 2216 3672 2267 ἐπ’
3705 2217 3873 2286 αὐτῆς

2317 2298 2464 2362 ἔθνος
2494 2299 2778 2352 ἐποπτεύει
2805 2317 2888 2363 τις
2917 2303 2951 2370 ἡ
2978 2318 3138 2364 τινες,
3172 2296 3260 2371 ὑφ’
3287 2285 3346 2355 οὗ
3371 2303 3403 2372 ἢ
3435 2304 3522 2371 ὑφ’
3555 2297 3628 2358 ὧν
3654 2307 3704 2358 οἱ
3745 2307 3871 2360 Ἰου-

2316 2386 2477 2440 δαίων
2524 2388 2672 2458 νόμοι
2721 2389 3097 2460 συνεργοῦντος
3143 2391 3175 2460 ἢ
3223 2393 3618 2462 συνεργούντων
3650 2395 3873 2450 Μωῦσεῖ

2317 2477 2594 2547 ἐτέθησαν.

2391 2608 2410 2641 ι
2449 2591 2556 2642 Καὶ
2592 2592 2716 2661 χρὴ,
2768 2594 2917 2663 φησὶ,
2950 2592 3072 2657 τοὺς
3111 2593 3305 2663 νόμους
3350 2597 3567 2666 τηρεῖν,
3603 2597 3665 2650 οὐ
3714 2597 3872 2668 μόνω

2318 2681 2503 2736 καθότι
2531 2685 2621 2736 ἐπὶ
2653 2684 2774 2736 νοῦν
2803 2681 2961 2754 ἦλθεν
2991 2685 3166 2750 ἄλλοις
3195 2685 3365 2749 ἄλλως
3389 2689 3627 2755 νομίσαι,
3662 2689 3754 2742 καὶ
3787 2691 3870 2742 ὅτι

2315 2772 2395 2825 δεῖ
2434 2773 2722 2842 φυλάσσειν
2758 2775 2826 2826 τὰ
2865 2775 2922 2836 ἐς
2965 2773 3138 2828 κοινὸν
3181 2779 3556 2847 κεκυρωμένα,
3594 2777 3728 2831 ἀλλὰ
3778 2782 3873 2834 καὶ

2315 2863 2416 2928 ὅτι,
2448 2863 2522 2927 ὡς
2568 2865 2730 2930 εἰκὸς,
2771 2865 2838 2918 τὰ
2871 2867 3009 2936 μέρη
3045 2866 3145 2935 τῆς
3175 2866 3279 2935 γῆς
3314 2868 3373 2934 ἐξ
3405 2871 3575 2939 ἀρχῆς
3605 2871 3734 2923 ἄλλα
3771 2873 3868 2926 ἄλ-

2315 2953 2424 3016 λοις
2455 2955 2714 3020 ἐπόπταις
2744 2958 3109 3027 νενεμημένα,
3143 2958 3238 3010 καὶ
3279 2958 3417 3012 κατά
3447 2977 3595 3022 τινας
3636 2962 3868 3032 ἐπικραο

2313 3043 2461 3106 τείας
2501 3044 2853 3114 διειλημμένα
2872 3086 2887 3109 ,
2917 3047 3084 3117 ταύτῃ
3113 3049 3205 3100 καί
3227 3047 3518 3101 διοικεῖται.
3558 3069 3575 3100 ι
3605 3048 3739 3113 Εἶθ’,
3760 3053 3873 3105 ὡσ-

664 3140 854 3195 Celsus
874 3139 1025 3208 quasi
1045 3152 1230 3193 eorum
1261 3139 1589 3210 oblitusqua:
1613 3152 1802 3197 contra
1820 3141 2032 3197 Judaeos
2058 3144 2214 3210 dixit,

2317 3134 2468 3203 περε).
2489 3134 2866 3204 ἐπιλαθόμενος
2888 3137 2915 3189 6
2940 3136 3137 3197 Κέλσος
3167 3131 3240 3189 ὧν
3261 3134 3382 3190 εἷπε
3404 3139 3542 3193 κατὰ
3581 3140 3868 3207 Ἰουδαίων,

665 3244 808 3284 nunc
846 3229 990 3296 ipsos
1021 3228 1254 3297 generali
1279 3227 1454 3293 laude,
1481 3243 1640 3298 quam
1671 3232 1969 3299 patriorum
1996 3232 2214 3288 institu-

2317 3223 2409 3276 νῦν
2442 3224 2498 3276 ἐν
2526 3224 2601 3294 τῷ
2633 3224 2898 3295 καθολικῷ
2927 3225 3053 3295 περὶ¹
3086 3226 3299 3279 πάντων
3327 3227 3432 3280 τῶν
3463 3228 3534 3282 τὰ
3556 3230 3758 3301 πάτρια
3781 3250 3872 3302 τη-

669 3328 842 3371 torum
867 3318 1221 3374 retinentibus
1246 3318 1506 3387 impertit,
1527 3319 1924 3390 complectitur,
1947 3337 2071 3377 cum
2094 3324 2168 3378 ait
2197 3343 2210 3380 :

672 3425 692 3459 ι
729 3405 990 3460 Ρταιοιιπε
1021 3420 1141 3460 cum
1172 3408 1402 3470 singulis
1431 3408 1638 3477 agitur,
1663 3410 1707 3464 si
1743 3400 2003 3480 reguntur
2031 3428 2093 3468 ea
2124 3430 2213 3468 ra—

668 3495 835 3559 tione,
858 3510 976 3566 quae
998 3496 1348 3565 potestatibus
1375 3495 1480 3552 illis
1501 3497 1695 3567 placet.
1727 3518 1745 3553 I
1768 3501 1843 3556 Ac
1871 3501 1991 3556 ride
2012 3518 2209 3570 annon,

663 3595 925 3657 quantum
955 3587 1008 3641 in
1039 3599 1095 3642 se
1117 3597 1224 3653 est,
1259 3586 1501 3643 Judmum
1545 3590 1677 3645 velit
1708 3591 1762 3645 in
1791 3607 2010 3647 suarum
2038 3594 2211 3666 legum

664 3679 1049 3736 observatione
1082 3694 1456 3750 perseverare,
1494 3684 1649 3750 quasi
1696 3684 1920 3751 impium
1969 3685 2210 3741 futurum

665 3764 714 3820 si
742 3765 808 3818 ab
839 3764 944 3821 illis
971 3767 1306 3822 abscederet.
1339 3767 1426 3820 Ait
1454 3772 1597 3824 enim
1632 3789 1648 3826 :
1678 3789 1696 3822 ι
1731 3769 1843 3825 Nec
1878 3774 1960 3828 l'as
1989 3783 2072 3828 est
2102 3775 2213 3830 dis-
2248 3821 2252 3825 .

665 3857 874 3912 solvere
896 3873 1014 3927 quae
1037 3874 1134 3929 pro
1157 3862 1272 3916 suis
1292 3836 1518 3931 quaeque
1546 3863 1678 3917 locis
1698 3862 1809 3932 jam
1834 3873 1943 3919 tum
1965 3866 2032 3921 ab
2059 3865 2212 3920 initio

665 3946 826 4016 597
849 3946 1094 4002 instituta
1119 3957 1265 4003 sunt.
1295 3967 1312 4000 ι
1345 3949 1444 4005 Hic
1465 3951 1612 4009 illum
1637 3952 1939 4025 eademque
1963 3970 2084 4009 eum
2119 3953 2211 4010 illo

665 4037 961 4092 sentientes
1007 4038 1448 4110 interrogaverim
1477 4042 1667 4100 lubens
1694 4061 1709 4099 :
1743 4046 1934 4114 ecquis
1964 4045 2055 4100 ille
2087 4045 2209 4113 fuit,

665 4128 756 4198 qui
786 4135 942 4182 terras
965 4138 1148 4196 partes
1174 4131 1241 4187 ab
1272 4132 1425 4187 initio
1451 4133 1584 4189 alias
1614 4133 1735 4190 aliis
1759 4135 2098 4191 distribuerit
2121 4138 2207 4192 in-

663 4217 1254 4290 Spectoribus?Ecquis
1283 4220 1588 4278 Jutlteorum
1612 4225 1882 4293 regionem
1910 4233 1967 4280 et
1998 4223 2208 4283 Iudaeos

664 4306 808 4378 ipsos
838 4310 1113 4365 commisit
1145 4310 1222 4364 illi
1277 4311 1364 4366 vel
1410 4311 1517 4366 illis
1571 4312 1890 4380 praesidibus
1923 4314 2016 4382 qui
2063 4315 2206 4370 illam

661 4400 840 4454 sortiti
867 4401 1028 4454 sunt?
1056 4401 1136 4454 Au
1158 4399 1387 4470 Jupiter,
1432 4411 1491 4456 ut
1518 4400 1667 4470 loqui
1700 4412 1847 4458 amat
1874 4403 2082 4471 Celsus,
2118 4405 2210 4460 δύο

2319 3312 2551 3384 ρούντων
2596 3315 2800 3386 ἐπαίνῳ
2839 3317 2934 3370 καὶ
2972 3317 3194 3382 τούτους
3237 3320 3622 3392 περιλαμϐάνει
3664 3324 3867 3392 λέγων·

2322 3421 2340 3453 ι
2402 3404 2510 3454 Καὶ
2560 3403 2623 3473 δὴ
2676 3404 2744 3457 τὰ
2792 3406 2918 3476 παρ’
2977 3406 3223 3472 ἑκάστοις
3260 3409 3432 3479 ὀρθῶς
3476 3411 3540 3464 ἂν
3583 3414 3873 3482 πράττοιτο

2315 3492 2483 3564 ταύτῃ
2513 3492 2782 3563 δρώμενα,
2816 3495 2920 3565 ἂτη
2954 3497 3177 3560 ἐκείνοις
3208 3497 3377 3567 φίλον.
3415 3517 3433 3550 ι
3464 3500 3571 3553 Καὶ
3591 3503 3695 3572 δρα
3723 3504 3771 3556 εἰ
3798 3506 3871 3575 μὴ

2315 3582 2591 3655 ἄντικρυς,
2626 3585 2688 3639 τὸ
2719 3574 2842 3640 ὅσον
2876 3589 2961 3657 ἐφ’
2995 3589 3187 3659 ἐαυτῷ,
3234 3591 3326 3643 τὸν
3378 3576 3623 3646 Ἰουδαῖον
3654 3597 3718 3648 ἐν
3760 3574 3873 3660 τοῖς

2318 3676 2464 3739 ἰδίοις
2507 3677 2690 3746 νόμοις
2741 3678 2982 3745 βούλεται
3029 3678 3244 3749 βιοῦντα
3287 3680 3359 3749 μὴ
3405 3681 3730 3750 ἀφίστασθαι
3778 3689 3874 3742 αὑ-

2313 3767 2419 3821 τῶν
2454 3768 2583 3839 (90),
2611 3769 2686 3832 ὡς
2718 3770 2814 3839 οὐχ
2844 3771 2986 3823 ὅσιον
3025 3772 3346 3840 πράττοντα,
3379 3772 3471 3824 ἐὰν
3503 3773 3714 3846 ἀποστῇ
3737 3795 3751 3807 ·
3787 3778 3879 3832 λέ-

2313 3875 2400 3926 ¹γει
2437 3858 2563 3928 γὰρ,
2593 3859 2674 3912 ὅτι
2711 3879 2728 3910 ι
2776 3859 3067 3930 παραλύειν
3115 3861 3212 3929 ούχ
3247 3862 3392 3913 ὅσιον
3423 3856 3558 3917 εἶναι
3589 3864 3654 3916 τὰ
3685 3866 3750 3932 ἐξ
3779 3869 3879 3940 ἀρ-

2315 3950 2414 4020 χῆς
2443 3950 2581 4002 κατὰ
2608 3949 2799 4013 τόπους
2822 3951 3196 4021 νενομισμένα.
3236 3970 3256 4003 ι
3303 3952 3622 4024 Ἐϐουλόμην
3645 3956 3708 4009 δὲ
3738 3960 3879 4030 πρὸς

2313 4039 2482 4092 ταῦτα
2513 4038 2676 4094 αὑτοῦ
2709 4039 2744 4109 ἦ
2776 4040 2884 4093 τῶν
2913 4043 3357 4112 συμφρονούντων
3389 4044 3534 4114 αύτῷ
3579 4048 3875 4114 πυθέσθαι,

2313 4130 2394 4193 τίς
2418 4131 2524 4200 ἄρα
2551 4131 2634 4202 εἴη
2660 4132 2689 4184 6
2719 4132 2786 4184 τὰ
2821 4132 2959 4204 μέρη
2986 4132 3085 4202 τῆς
3110 4133 3212 4201 γῆς
3236 4131 3295 4199 ἐξ
3320 4134 3491 4206 ἀρχῆς
3523 4137 3661 4191 ἄλλα.
3691 4142 3878 4205 ἄλλοις

2313 4221 2572 4286 ἐπόπταις
2601 4222 2906 4293 διανείμας;
2939 4223 3046 4276 Καὶ
3076 4223 3312 4292 δηλονότι
3342 4226 3452 4297 (91)
3471 4227 3566 4297 τὴν
3599 4230 3878 4286 Ἰουδαίων

2311 4313 2492 4384 χώραν
2524 4315 2615 4366 καὶ
2644 4315 2768 4377 τοὺς
2807 4313 3085 4379 Ἰουδαίους
3116 4313 3191 4385 τῷ
3221 4315 3434 4386 λαχόντι
3466 4319 3498 4388 ἢ
3530 4322 3637 4381 τοῖς
3670 4321 3877 4392 λαχοῦ-

2313 4422 2395 4457 σιν
2438 4405 2639 4474 αύτήν;
2671 4399 2816 4472 Ἀρα
2853 4405 2979 4475 γὰρ,
3010 4403 3085 4470 ὼς
3116 4407 3375 4478 ὀνομάσαι
3405 4409 3471 4464 ἂν
3506 4413 3535 4463 6
3572 4411 3818 4478 Κέλσος,
3850 4418 3879 4468 6

664 4485 898 4544 dacorut‘n
931 4489 1144 4559 gentem
1191 4491 1576 4561 regionemque
1611 4491 1826 4546 cuidam
1859 4502 1951 4548 aut
1987 4495 2207 4564 quibus-

2315 4493 2445 4557 Ζεὺς
2471 4495 2576 4547 τίνι
2602 4495 2636 4564 ἢ
2668 4496 2777 4547 τίσι
2809 4494 3036 4566 διένειμε
3064 4496 3125 4550 τὸ
3170 4497 3434 4552 Ἰουδαίων
3465 4498 3612 4564 ἔθνος
3638 4501 3747 4556 καὶ
3781 4506 3877 4574 τὴν

662 4579 786 4635 dam
817 4581 1064 4645 credidit,
1091 4581 1364 4651 voluitque
1401 4592 1480 4646 ut,
1512 4581 1598 4637 cui
1631 4583 1959 4652 obtingeret,
1995 4585 2042 4640 is
2072 4587 2206 4641 tales

661 4668 861 4726 Judzeis
901 4670 1045 4740 leges
1090 4672 1424 4740 imponeret?
1458 4672 1541 4726 An
1575 4673 1625 4727 id
1656 4674 1855 4729 factum
1898 4683 1981 4731 est
2007 4684 2206 4745 prmtcr

658 4761 809 4819 lovis
835 4762 1199 4818 voluntatem?
1252 4761 1528 4820 Utrumvis
1565 4767 1902 4833 respondeat,
1930 4766 2081 4823 vides
2107 4782 2207 4822 an-

663 4852 869 4922 gustias
883 4865 1023 4906 esse.
1042 4851 1153 4907 Nisi
1173 4862 1349 4906 autem
1369 4853 1437 4908 ab
1454 4869 1558 4909 uno
1575 4857 1823 4925 quopiam
1847 4865 2027 4925 partes
2049 4864 2207 4911 terrae

661 4943 978 5014 pnesidibus
1026 4944 1324 4998 distributa:
1351 4943 1586 5011 iuerint,
1635 4961 1761 5015 ergo
1787 4946 1978 5017 singuli
2006 4948 2207 5017 quique

662 5023 884 5090 tortuito
908 5044 962 5091 et
990 5035 1104 5089 siue
1120 5036 1409 5105 superioris
1437 5046 1571 5090 nutu
1603 5047 1798 5092 terram
1831 5038 2013 5107 partiti
2041 5040 2202 5093 sunt:

735 5276 842 5346 (87)
881 5275 1390 5344 Ρίιίιοιιηεγένοντο.
1429 5276 1760 5332 llmsel.‘elius
1791 5287 1841 5331 et
1879 5277 2198 5346 Speucerus,

663 5345 951 5414 ἐγίγνοντο.

2308 4584 2488 4656 χώραν
2509 4585 2716 4650 αύτῶν;
2740 4589 2830 4640 καὶ
2855 4586 3101 4642 ἐϐούλετο
3118 4587 3211 4642 τὸν
3230 4589 3457 4659 λαχόντα
3477 4590 3572 4660 τὴν
3604 4592 3875 4650 Ἰουδαίαν

2307 4668 2578 4739 τοιούτους
2611 4676 2795 4730 θέσθαι
2841 4681 2900 4731 ἐν
2940 4678 3207 4740 Ἰουδαίοις
3249 4680 3480 4749 νόμους;
3519 4681 3552 4751 ἢ
3603 4685 3767 4754 παρά
3817 4685 3874 4740 τὸ

2310 4764 2551 4837 βούλημα
2574 4766 2736 4820 αὑτοῦ
2764 4766 2919 4837 τοῦτο
2948 4767 3056 4838 (92)
3086 4766 3403 4838 γεγένηται;
3444 4768 3528 4834 Ὧς
3556 4769 3600 4822 δ’
3633 4769 3709 4824 ἂν
3739 4774 3874 4833 ἀετο-

2309 4855 2574 4927 κρίνηται,
2603 4857 2753 4927 ὁρᾷς,
2785 4857 2865 4909 ὅτι
2897 4859 2925 4910 ὁ
2951 4856 3104 4924 λόγος
3140 4857 3686 4928 στενοχωρηθήσεται.
3729 4861 3797 4914 ΕΞ
3821 4863 3876 4914 δὲ

2316 4947 2390 5018 μὴ
2411 4947 2515 5012 ἀπό
2535 4965 2678 5009 τινος
2699 4947 2816 5012 ἐνὸς
2843 4947 3215 5017 διανενέμηται
3242 4947 3309 4998 τὰ
3334 4949 3472 5018 μέρη
3499 4946 3597 5016 τῆς
3624 4949 3739 5020 γῆς
3766 4956 3874 5017 soi;

2311 5039 2569 5103 ἐπόπταις
2592 5039 2785 5106 αὐτῶν,
2819 5039 2926 5111 ἄρα
2955 5038 3062 5119 (95)
3090 5039 3544 5110 ἁποκληρωτικῶς
3574 5041 3667 5094 καὶ
3704 5044 3875 5116 χωρὶς

2375 5278 2484 5348 (90)
2523 5277 2752 5349 Αὕτων.
2793 5277 2956 5349 Recte
2998 5275 3337 5349 APhiloealia;
3375 5277 3722 5349 litescltelius
3775 5300 3869 5338 an-

2306 5358 2408 5417 tem
2437 5365 2487 5401 et
2520 5348 2849 5416 Speueerus,
2881 5347 3057 5400 αὐτόν.
3091 5347 3253 5417 l’aulo
3284 5361 3434 5417 post,
3463 5347 3562 5417 pro
3592 5353 3690 5403 οὑν
3727 5354 3869 5406 ὅσιον

721 5416 844 5500 ,(88)
885 5414 1214 5500 Hmsclielitts
1251 5416 1304 5472 iu
1336 5428 1504 5480 textu,
1547 5415 1864 5486 θρησκεύειν
1902 5414 2107 5478 τούτοις
2136 5413 2204 5468 τὰ

2315 5414 2459 5480 εἶναι,
2494 5413 3034 5500 legentluurvidetur,
3060 5415 3155 5484 οὐχ
3183 5413 3487 5500 ὄσιόννέστιζ

662 5484 1165 5564 sesesese???“-
1384 5557 1394 5564 .
1576 5484 1698 5564 ᾳ.
1873 5563 1880 5564 κ
2037 5515 2180 5564 ‘m-

735 5557 844 5622 ;89)
887 5553 1022 5605 Idem
1055 5554 1106 5605 in
1144 5564 1307 5614 textu,
1340 5557 1542 5626 νόμοις.
1575 5554 1737 5608 Paulo
1764 5563 1886 5632 post
1920 5564 2062 5606 recte
2089 5553 2205 5606 Plii-

664 5621 850 5677 localia
871 5662 883 5686 ,
911 5621 971 5672 τὸ
999 5622 1082 5672 ἐπ’
1112 5622 1279 5689 αὐτῆς
1319 5624 1482 5688 ἔθνος.
1519 5625 1851 5678 lltesclieltus
1881 5632 1932 5676 et
1969 5624 2204 5689 Spem-e-

666 5641 883 5686 tocatta,
911 5641 971 5672 το
999 5641 1068 5672 επ
1112 5641 1279 5691 αυτης
1319 5641 1482 5688 ευνος.
1519 5641 1851 5678 lltBSt'ltetlttS
1881 5641 1932 5676 et
1969 5641 2199 5689 apem-e-

666 5705 776 5758 rus,
809 5693 868 5744 τὸ
918 5690 1000 5742 ἐπ’
1034 5692 1211 5753 αὺτοῖς
1250 5693 1413 5756 ἔθνος.
1465 5696 1626 5748 Paulo
1683 5694 1822 5748 infra
1875 5693 2199 5758 l’ltilocalia,

659 5757 864 5834 Μωῡσῇ
893 5760 1167 5832 ἐτέθησαν.
1218 5763 1219 5768 “
1526 5770 1531 5773 “

2375 5489 2486 5557 (91)
2527 5483 2941 5557 lltnsclteliuset
2972 5483 3291 5557 Speucerus,
3320 5487 3477 5557 δῆλον
3504 5488 3609 5542 ὅτι.

2377 5553 2769 5634 (9‘2)~Pbiloc.,
2807 5553 2982 5606 τοῦτο.
3036 5553 3384 5612 Ηωεοιιυιίυε
3409 5568 3464 5613 et
3527 5559 3870 5631 Spencerns,

2306 5626 2366 5678 τὸ
2396 5626 2649 5677 τοιοῦτον.
3281 5680 3284 5682 γ

2381 5696 2488 5765 (95)
2531 5692 2857 5749 ιιιιιδειιοιίιιε
2885 5693 2939 5747 in
2967 5701 3135 5759 textu,
3156 5693 3384 5759 ἑαυτῶν,
3413 5689 3541 5766 ἆρα.
