4108 6314
163 428 306 487 1Ξ29

1337 408 1614 484 CONTRA
1643 422 1919 480 CELSUM
1951 425 2079 480 LIB.
2116 425 2179 480 v.

3235 422 3377 481 ιιιω

221 547 347 614 “Kal.
376 546 462 600 διὰ
485 547 673 601 τούτου
708 548 1127 618 μανθανέτωσαν
1153 548 1199 600 οἱ
1225 547 1508 616 δυνάμενοι
1534 545 1604 597 τὰ
1621 561 1711 614 τη-

1888 545 1977 597 52.
2007 543 2124 598 Jam
2153 542 2276 623 hinc
2301 540 2510 595 discant
2539 540 2726 593 barum
2759 553 2938 593 rerum
2987 528 3386 610 intelligentes,

164 638 391 691 λικαῦτα
432 639 679 709 βλέπειν,
722 639 800 693 ὅτι
837 639 1012 708 πολλῷ
1058 637 1418 709 δυνατώτερος
1465 640 1494 689 ὁ
1543 632 1720 705 λαχὼν

159 727 292 790 τοὺς
329 728 590 798 πρότερον
632 728 704 797 μὴ
738 728 1118 798 ἡμαρτηκότας
1151 727 1258 779 τῶν
1293 724 1494 778 λοιπῶν
1534 725 1680 775 ἐστιν
1703 740 1714 751 ·

161 816 288 867 ἐπεὶ
317 815 615 885 δεδύνηται,
643 818 744 869 ἀπὸ
775 817 872 886 τῆς
901 817 1113 869 πάντων
1159 815 1371 886 μερίδος
1411 814 1722 876 ἐπιλέκτους

1823 635 1991 690 multo
2021 632 2233 687 caeteris
2264 631 2614 699 valentioer
2649 647 2766 687 esse
2787 672 2800 693 .
2826 631 2912 686 cui
2947 625 3191 700 Obtigero
3215 632 3376 698 primi

1824 726 1899 778 illi
1951 723 2198 778 homines
2243 722 2333 790 qni
2390 738 2493 775 non
2551 732 2906 791 peccaverunt
2937 739 2951 774 :
2986 719 3251 790 siquidem
3277 735 3379 790 po-

1824 817 1979 870 tuerit
2014 815 2369 881 undecunque
2397 812 2592 880 eligere
2631 829 2764 882 quos
2793 813 2979 876 voluit,
3013 813 3131 868 illos
3164 812 3233 868 iis
3259 815 3372 877 erl-

161 905 364 968 λαϐὼν,
386 907 690 975 ἀποστῆσαι
717 906 813 974 μὲν
836 907 1027 968 αὐτοὺς
1047 905 1151 957 τῶν
1179 907 1269 958 ἐπὶ
1293 905 1506 957 κολάσει
1537 921 1711 972 παρει-

1823 921 1948 976 pere
1992 907 2187 974 quibus
2230 903 2280 955 in
2331 918 2543 970 poenam
2595 899 2776 957 traditi
2825 903 3060 964 fuerant,
3097 903 3242 970 leges
3275 902 3380 956 illis

160 997 430 1067 ληφότων,
464 1000 830 1068 προσαγαγεῖν
863 998 918 1049 δὲ
949 997 1132 1068 νόμοις
1165 999 1256 1050 καὶ
1292 997 1390 1068 βίῳ
1421 996 1720 1066 συμϐαλλο-

162 1087 311 1157 μένῳ
348 1088 457 1158 (20)
490 1090 568 1150 είς
601 1087 901 1158 ἀμνηστίαν
936 1089 1043 1140 τῶν
1088 1088 1590 1159 προημαρτημένων
1623 1087 1710 1138 αὑ-

156 1179 292 1240 τοῖς.
341 1177 497 1240 Ἀλλ’,
531 1178 606 1240 ὡς
646 1178 993 1247 προείπομεν,
1028 1177 1198 1230 ταῦτα
1229 1181 1356 1247 ἡμῖν
1385 1180 1716 1248 ἐπικεκρυμ-

162 1265 339 1334 μένως
371 1265 636 1335 λελέχθω,
681 1268 1003 1335 παριστᾶσιν
1043 1259 1116 1316 ὧν
1149 1267 1500 1335 παρήκουσαν
1532 1264 1579 1314 οἱ
1621 1264 1720 1332 φή-

160 1370 379 1418 σαντες,
411 1373 429 1406 ι
462 1355 531 1407 τὰ
578 1357 717 1427 μέρη
757 1357 860 1425 τῆς
899 1356 1003 1423 γῆς
1046 1355 1106 1419 ἐξ
1162 1356 1337 1425 ἀρχῆς
1369 1355 1500 1408 ἄλλα
1543 1353 1718 1415 ἄλλοις

156 1445 421 1508 ἐπόπταις
455 1447 812 1517 νενεμημένα,
849 1446 990 1498 κατὰ
1019 1463 1168 1508 τινας
1197 1444 1542 1513 ἐπικρατείας
1590 1444 1717 1495 διει-

153 1531 428 1602 λημμένα,
451 1533 618 1602 ταύτῃ
655 1533 1002 1586 διοικεῖσθαι·
1044 1553 1061 1584 ι
1099 1534 1189 1600 ἀφ’
1224 1527 1298 1584 ὧν
1331 1534 1423 1584 καὶ
1454 1533 1481 1581 ὁ
1515 1531 1716 1594 Κέλσος

148 1622 336 1675 λαϐὼν
374 1623 473 1686 τὰς
499 1625 818 1694 ἐγκειμένας
851 1624 961 1694 (21)
994 1620 1110 1676 εἷπε
1154 1621 1324 1686 λέξεις
1345 1660 1358 1674 .
1415 1621 1563 1674 Ἐπεὶ
1595 1622 1639 1673 δ’
1669 1623 1716 1672 οἱ

148 1715 475 1784 κινήσαντες
521 1715 628 1766 ἀπὸ
671 1713 940 1766 ἀνατολῶν
961 1752 975 1776 ,
1007 1714 1073 1765 δι’
1107 1713 1143 1766 ὃ.
1174 1714 1438 1783 ἥμαρτον,
1485 1713 1715 1782 παρεδό-

149 1806 328 1875 θησαν
356 1825 375 1856 ι
417 1808 493 1868 εἰς
523 1807 770 1876 ἀδόκιμον
801 1804 945 1867 νοῦν,
976 1805 1068 1857 καί
1091 1805 1328 1875 εἰςπάοη
1363 1805 1711 1874 ἁτιμίας,καὶ

149 1895 212 1946 ἐν
252 1898 372 1957 ταῖς
403 1895 718 1964 ἐπιθυμίαις
749 1896 854 1947 τῶν
887 1895 1120 1965 καρδιῶν
1149 1896 1325 1947 αὐτῶν
1360 1898 1437 1957 είς
1468 1896 1708 1967 ἀκαθαρ-

152 1985 300 2047 σίαν,
331 2004 349 2034 ι
378 1986 463 2036 ἴνα
495 1986 837 2055 κορεσθέντες
870 1988 966 2055 τῆς
992 1987 1260 2056 ἁμαρτίας
1296 1987 1595 2056 μισήσωσιν
1614 1986 1710 2038 αὑ-

146 2077 271 2145 ’τήν⁸
304 2075 400 2144 οὐχ
422 2075 819 2144 ὑποκεισόμεθα
835 2075 912 2145 τῷ
943 2077 1147 2128 Κέλσου
1170 2076 1452 2146 ἀρέσκοντι
1479 2075 1710 2144 φάσκον-

146 2179 246 2225 es;
272 2162 381 2231 ('29.)
403 2163 487 2214 διὰ
528 2164 651 2225 τοὺς
682 2165 1077 2234 νενεμημένους
1110 2165 1348 2227 ἐπόπτας
1377 2167 1487 2227 τοῖς
1523 2165 1710 2235 μέρεσι

111 2312 117 2317 _
146 2246 253 2315 τῆς
282 2247 384 2315 γῆς
421 2249 489 2300 τὰ
526 2251 653 2319 παρ’
695 2250 939 2312 ἑκάστοις
969 2252 1142 2322 ὀρθῶς
1174 2252 1533 2322 πράττεσθαι·
1579 2253 1711 2305 ἀλλὰ

148 2337 248 2389 καὶ
292 2337 605 2407 βουλόμεθα,
638 2341 736 2410 οὐχ
764 2342 868 2412 ὅπη
967 2343 1191 2406 ἐκείνοις
1221 2343 1370 2412 φίλον
1390 2383 1404 2406 ,
1445 2346 1614 2395 ποιεῖν
1644 2345 1711 2397 τὰ

148 2426 398 2480 ἐκείνων.
446 2430 686 2499 Ὀρῶμεν
727 2431 856 2502 γὰρ,
901 2435 982 2486 ὅτι
1026 2435 1170 2486 ὅσιον
1220 2435 1317 2503 μὲν
1356 2435 1424 2488 τὰ
1455 2415 1513 2498 ἐξ
1541 2434 1712 2506 ἀρχῆς

146 2516 295 2567 κατὰ
321 2516 516 2579 τόπους
549 2521 905 2589 νενομισμένα
931 2520 1074 2573 λύειν
1106 2522 1221 2573 ἐστὶ
1243 2521 1422 2591 νόμοις
1446 2523 1714 2592 κρείττοσι

145 2608 246 2660 καὶ
270 2607 576 2677 θειοτέροις,
598 2605 676 2672 οἷς
700 2611 774 2672 ὡς
796 2612 1158 2674 δυνατώτατος
1186 2612 1333 2664 ἔθετο
1355 2612 1606 2681 Ἰησοῦς,ι
1633 2611 1716 2675 ἐξ-

144 2697 404 2768 ελόμενος
436 2701 579 2767 ἡμᾶς
615 2700 720 2751 ἀπὸ
749 2701 842 2752 τοῦ
876 2701 1067 2762 αἰῶνος
1107 2700 1200 2753 τοῦ
1243 2703 1526 2764 ἐνεστῶτος
1556 2720 1716 2773 πονη-

153 2787 290 2856 ροῦ,
338 2805 357 2838 ι
384 2787 476 2838 καὶ
503 2804 521 2837 ι
558 2786 666 2837 τῶν
710 2785 980 2855 ἀρχόντων
1023 2786 1115 2838 τοῦ
1159 2788 1350 2847 αἰῶνος
1394 2787 1582 2838 τούτου
1606 2791 1714 2840 τῶν

153 2878 645 2946 καταργουμένων·
687 2895 706 2926 ι
745 2877 954 2928 ἀνόσιον
992 2876 1132 2928 δὲτὸ
1170 2877 1242 2945 μὴ
1277 2877 1556 2946 ἐπιρῤίψαι
1589 2878 1714 2930 ἑαυ-

151 2965 248 3016 τὸν
294 2966 405 3032 (⁸25)
433 2964 510 3032 τῷ
555 2963 769 3015 πάντων
800 2964 1069 3033 ἀρχόντων
1106 2964 1321 3030 φανέντι
1365 2967 1458 3018 καὶ
1502 2965 1714 3017 ἀποδειο

152 3053 346 3123 χθέντι
380 3053 743 3124 καθαρωτέρῳ
771 3055 863 3107 καὶ
901 3053 1248 3123 δυνατωτέρῳ
1267 3094 1280 3116 ,
1315 3054 1448 3123 πρὸς
1478 3053 1536 3106 ὃν
1562 3049 1713 3106 εἶπεν

1821 999 2091 1064 imponere
2103 1011 2161 1048 ea
2172 1009 2329 1064 mque
2342 997 2460 1048 vitm
2473 1009 2715 1047 normam
2734 996 2794 1047 da
2805 1010 2879 1058 re,
2898 1010 3016 1063 qua:
3039 996 3102 1047 ad
3123 993 3381 1048 inducen-

1820 1089 1937 1139 dam
1976 1081 2322 1153 pristinorum
2366 1085 2694 1139 oblivionem
2718 1085 2978 1139 scelerum
3013 1085 3366 1140 conduceret.

1823 1179 2013 1230 Verum
2037 1175 2147 1230 haec
2179 1176 2358 1229 omnia
2383 1175 2610 1240 occulte,
2639 1185 2689 1227 ut
2719 1176 3030 1243 prmmonui,
3056 1181 3226 1242 c'aque
3260 1167 3382 1226 tau-

1821 1277 1928 1320 tum
1957 1277 2132 1319 mente
2171 1266 2310 1320 dicta
2352 1267 2479 1330 sint,
2504 1275 2560 1318 ut
2590 1253 2826 1320 indicem
2855 1267 2992 1319 unde
3019 1262 3242 1319 confuse
3276 1282 3374 1316 au-

1819 1357 2017 1412 dierint
2051 1358 2112 1428 ii/
2138 1372 2164 1407 ιι
2199 1357 2394 1425 quibus
2413 1356 2928 1411 memorataCelsus
2955 1359 3156 1424 accepit
3190 1357 3378 1420 verba,

1823 1465 1842 1495 ι
1869 1446 2112 1500 diversas
2140 1454 2299 1499 terra:
2329 1455 2509 1514 partes
2539 1445 2768 1498 diversis
2796 1446 3185 1514 potestatibus,
3220 1449 3378 1514 quasi

1817 1536 2078 1602 quasdam
2106 1535 2486 1603 prrefecturas,
2519 1536 2837 1588 commissas
2863 1537 2932 1590 ab
2963 1534 3142 1596 initio.
3186 1537 3380 1589 eodem

1824 1640 1969 1679 nunc
2015 1626 2176 1677 modo
2219 1625 2612 1676 administrari.
2647 1643 2664 1674 ι
2697 1624 2966 1688 Quoniam
3011 1640 3138 1677 vero
3158 1626 3382 1695 quisuis

1820 1713 2054 1781 peccatis
2085 1714 2151 1766 ab
2173 1711 2389 1765 Oriente
2414 1709 2765 1774 recesserunt,
2799 1712 2981 1765 traditi
3009 1723 3132 1765 sunt
3160 1732 3177 1763 ι
3203 1715 3256 1766 in
3292 1728 3380 1766 re-

1818 1803 2040 1870 probum
2057 1787 2273 1855 sensum
2286 1810 2338 1854 et
2353 1803 2402 1853 in
2419 1806 2694 1868 passiones
2710 1801 3033 1870 ignominiaa,
3053 1804 3101 1856 in
3117 1803 3380 1859 desideria

1811 1895 2205 1956 cordiseorum,
2225 1894 2274 1944 in
2295 1892 2682 1944 innnunditiatn
2700 1893 2789 1956 ω’,
2806 1912 2824 1938 ι
2850 1883 2900 1944 ιιι
2915 1901 3138 1960 peccato
3151 1896 3380 1950 saturati

1814 1984 1941 2038 illud
1959 1984 2082 2039 odio
2097 1985 2306 2037 tandem
2325 1983 2604 2050 haberent,
2622 1985 2778 2038 Celso
2808 2001 2912 2037 non
2938 1987 3272 2040 assentimur
3285 2003 3378 2042 as-

1810 2075 2033 2136 serenti,
2052 2072 2117 2126 iis
2136 2073 2528 2141 inspectoribus
2564 2073 2792 2126 diversis
2809 2081 2964 2126 terrae
2981 2075 3221 2142 partibus
3239 2091 3384 2144 prta.-.

1811 2165 2000 2232 positis
2024 2163 2228 2223 deberi,
2246 2163 2388 2231 Quod
2411 2173 2556 2218 recte
2578 2179 2635 2217 se
2656 2178 2738 2217 res
2760 2164 3089 2234 singulorum
3115 2165 3375 2222 habeant.

1811 2254 1993 2322 Neque
2010 2256 2169 2310 etiam
2188 2270 2307 2308 eam
2326 2256 2516 2324 agendi
2540 2256 2800 2310 ra'tiOnem
2823 2257 2972 2325 scqni
2995 2257 3381 2328 volumus,qua2

1813 2341 1918 2398 illis
1944 2346 2138 2413 placet.
2183 2344 2397 2399 Scimus
2425 2346 2567 2398 enim
2589 2345 2668 2400 fas
2690 2360 2806 2401 esse
2832 2347 2974 2416 leges
3003 2349 3279 2418 regionum
3313 2353 3381 2402 ab

1815 2436 1966 2489 initio
1993 2437 2313 2491 constitutas
2339 2433 2562 2502 violare,
2589 2434 2758 2503 iisque
2781 2434 2924 2504 leges
2954 2437 3224 2490 anteferre
3246 2443 3394 2507 pruni

1817 2527 2108 2582 stantiores
2133 2542 2196 2582 ac
2225 2526 2540 2590 diviniores,
2559 2542 2692 2596 quas
2711 2526 2868 2582 Jesus
2891 2535 2945 2578 ut
2968 2529 3238 2596 potentior
3255 2543 3382 2582 san-

1815 2621 1967 2686 civit,
2001 2637 2020 2672 ι
2051 2620 2285 2687 eripiens
2313 2635 2408 2673 nos
2430 2619 2496 2672 de
2519 2618 2766 2688 prmsenti
2789 2608 2983 2671 sazculo
3010 2631 3239 2686 nequam
3259 2619 3326 2681 “,
3354 2636 3376 2670 ι

1815 2716 1869 2761 et
1894 2725 1913 2758 ι
1932 2708 2000 2761 de
2017 2707 2350 2776 principibus
2375 2705 2533 2772 hujus
2549 2704 2732 2760 σπουιί
2751 2703 2840 2772 qui
2858 2703 3206 2758 de5lruuntur
3222 2703 3326 2768 i";
3355 2722 3376 2754 ι

1816 2806 2006 2851 contra
2068 2810 2198 2850 vero
2247 2791 2476 2863 (impium
2525 2807 2643 2848 esse
2690 2809 2795 2848 non
2847 2808 2904 2847 se
2963 2792 3035 2845 illi
3087 2792 3380 2860 subjicere,

1818 2888 1910 2954 qui
1944 2884 2185 2939 sanctior
2209 2884 2504 2962 fortiorque
2532 2883 2871 2951 principibus
2901 2881 3150 2936 omnibus
3191 2892 3380 2950 aperte

1818 2977 1963 3030 visus
1989 2984 2094 3041 est,
2123 2984 2178 3028 et
2210 2965 2496 3044 cuUDeus,
2521 2984 2577 3026 ut
2604 2973 2876 3042 prophetae
2909 2982 3034 3026 ante
3070 2973 3238 3025 multa
3267 2987 3374 3026 sm-

1819 3067 1958 3128 cula,
1988 3066 2160 3119 dixit:
2200 3083 2218 3116 ι
2258 3063 2473 3120 Postula
2503 3080 2532 3117 a
2558 3078 2642 3119 me
2675 3073 2730 3119 et
2761 3063 2902 3119 dabo
2939 3065 3033 3118 tibi
3061 3075 3245 3133 gentes
3273 3067 3376 3121 ba:-

151 3147 181 3196 ὁ
215 3146 379 3210 Θεὸς,
421 3146 495 3208 ὡς
537 3146 586 3197 οἱ
632 3145 903 3214 προφῆται
934 3145 1040 3212 πρὸ
1081 3144 1286 3196 πολλῶν
1330 3148 1585 3216 προεῖπον
1619 3162 1711 3213 γε-

1822 3155 2105 3213 reditatem
2163 3164 2337 3218 tuam,
2382 3162 2436 3208 et
2489 3153 2881 3224 possessionem
2928 3164 3072 3207 tuam
3117 3156 3376 3211 terminos

153 3236 318 3289 νεῶν·
352 3254 370 3285 ι
408 3237 633 3304 Λῐτησαι
673 3237 799 3304 παρ’
830 3234 982 3303 ἐμοῦ,
1019 3235 1108 3286 καὶ
1151 3235 1303 3287 δώσω
1347 3253 1427 3288 σοι
1466 3236 1590 3304 ἔθνη
1619 3235 1714 3306 τὴν

152 3324 528 3393 κληρονομίαν
559 3343 672 3388 σου,
697 3327 789 3377 καὶ
816 3327 912 3394 τὴν
945 3326 1267 3395 κατάσχεσίν
1303 3344 1394 3380 σου
1419 3328 1484 3379 τὰ
1506 3327 1715 3398 πέρατα

149 3414 255 3481 τῆς
279 3414 401 3480 γῆς.
434 3433 451 3463 ι
483 3415 591 3465 Καὶ
628 3413 737 3482 γὰρ
779 3415 936 3476 αὐτὸς
967 3417 1258 3484 προσδοκία
1283 3418 1499 3483 γέγονεν
1533 3419 1565 3486 ἡ
1576 3418 1708 3486 μῶν,

149 3502 264 3553 τῶν
299 3502 408 3552 ἀπὸ
441 3501 606 3554 ἐθνῶν
634 3504 1034 3556 πιστευσάντων
1069 3505 1145 3567 εἰς
1175 3506 1353 3570 αὑτὸν,
1386 3506 1588 3558 καὶτὸν
1623 3507 1713 3558 ἐπὶ

150 3591 293 3643 πᾶσι
330 3591 459 3644 Θεὸν
487 3593 700 3663 Πατέρα
731 3593 912 3646 αὑτοῦ.

228 3681 412 3732 Ταῦτα
447 3681 503 3732 δὲ
539 3682 599 3733 οὑ
642 3682 797 3750 μόνον
836 3683 971 3753 πρὸς
1008 3684 1076 3736 τὰ
1108 3685 1396 3755 ἐγκείμενα
1436 3687 1561 3755 περὶ
1597 3689 1704 3740 τῶν

150 3774 408 3825 ἐποπτῶν
429 3775 555 3842 ἡμῖν
577 3774 841 3841 λέλεκται,
865 3775 1000 3827 ἀλλὰ
1019 3777 1112 3828 καὶ
1134 3777 1365 3846 μετρίως
1395 3776 1706 3846 προλαμϐά-

150 3880 306 3915 νουσι
328 3864 395 3915 τὰ
421 3865 520 3916 ὑπὸ
544 3864 633 3917 τοῦ
673 3865 876 3918 Κέλσου
913 3867 1045 3936 πρὸς
1066 3869 1208 3936 ἡμᾶς
1228 3868 1509 3937 λεγόμενα,
1537 3870 1594 3920 ἐν
1626 3866 1706 3930 οἷς

150 3969 341 4021 φησιν*
374 3973 390 4003 ι
425 3955 548 4008 Ἴτω
579 3957 635 4008 δὲ
658 3958 686 4008 ὁ
708 3957 970 4026 δεύτερος·
999 3961 1335 4030 ἐρήσομαιδέ
1359 3962 1572 4024 αὐτοὺς,
1608 3963 1706 4014 πό-

151 4040 248 4091 θεν
269 4041 522 4107 ἧκουσιν,
545 4043 577 4111 ἢ
599 4043 718 4095 τίνα
747 4044 857 4112 (24)
889 4044 1101 4115 ἔχουσιν
1129 4048 1438 4118 ἀρχηγέτην
1471 4049 1710 4118 πατρίων

151 4128 358 4196 νόμων.
384 4131 582 4184 Οὐδένα
605 4135 887 4199 φήσουσιν,
913 4137 966 4187 οἵ
981 4153 1043 4203 γε
1077 4138 1280 4190 ἐκεῖθεν
1305 4139 1404 4207 μὲν
1432 4140 1708 4210 ὦρμηνται

152 4217 254 4268 καὶ
278 4218 450 4279 αὐτοὶ,
477 4219 570 4270 καὶ
596 4221 685 4272 τὸν
712 4222 1023 4292 διδάσκαλόν
1045 4243 1106 4277 τε
1130 4229 1222 4279 καὶ
1246 4231 1576 4299 χοροστάτην
1610 4232 1710 4285 οὐκ

149 4303 378 4356 ἄλλοθέν
414 4303 574 4356 ποθεν
607 4307 889 4376 φέρουσιν·
924 4305 1071 4380 ὅμως
1101 4314 1145 4365 δ’
1174 4316 1537 4384 ἀφεστήκασιν
1580 4321 1708 4372 Ἰου-

151 4392 340 4444 δαίων.
373 4412 390 4442 ι
422 4394 661 4463 Ἥκομεν
699 4392 788 4448 οὖν
817 4398 974 4466 ἡμεῖς
1000 4401 1227 4464 ἕκαστος
1257 4406 1313 4455 έν
1345 4409 1463 4466 ταῖς
1493 4425 1511 4456 ι
1546 4409 1708 4477 ἐσχά-

1817 3259 1973 3301 terrae
1989 3245 2056 3298 δ’.
2080 3264 2097 3296 ι
2121 3245 2188 3299 Ει
2226 3259 2372 3299 certe
2393 3244 2566 3298 factus
2588 3244 2676 3297 ille
2700 3253 2783 3298 est
2803 3244 3137 3312 exspectatio
3166 3253 3374 3313 nostra,

1813 3341 1903 3407 qui
1937 3339 2243 3419 egentibus
2274 3335 2439 3405 602
2476 3335 2804 3390 credidimus
2835 3336 2887 3389 in
2911 3350 3034 3389 eum
3065 3336 3196 3391 etin
3225 3351 3374 3392 sum-

1813 3443 1958 3481 mum
1988 3426 2156 3481 Deum
2183 3428 2298 3495 ejus
2327 3427 2567 3479 Patrem.

1882 3689 1972 3742 3'5.
2009 3688 2274 3742 Caeterum
2321 3688 2434 3741 haec
2473 3701 2579 3741 non
2621 3687 2793 3740 solum
2825 3687 3152 3754 propositam
3193 3689 3257 3741 de
3292 3688 3373 3742 in-

1810 3780 2146 3850 spectoribus
2168 3777 2475 3846 opinionem
2503 3775 2773 3840 refutant,
2799 3775 2895 3829 sed
2929 3776 3090 3829 etiam
3115 3777 3371 3844 quodam-

1809 3870 1968 3924 modo
1996 3874 2264 3936 occupant
2290 3881 2350 3919 ea
2382 3879 2502 3934 qua":
2540 3864 2726 3918 Celsus
2754 3871 2942 3918 contra
2971 3879 3070 3918 nos
3100 3864 3239 3917 infra
3255 3866 3366 3919 dis-

1808 3961 1942 4014 serit
1971 3976 1983 4010 :
2023 3976 2042 4009 ι
2076 3957 2336 4022 Accedat,
2366 3956 2562 4024 inquit,
2592 3955 2862 4010 secundus
2901 3974 2913 4008 :
2945 3961 3000 4008 et
3030 3955 3370 4023 interrogabo

1811 4064 1906 4103 eos
1934 4047 2076 4102 unde
2101 4045 2350 4107 veniant;
2382 4057 2667 4112 quemnam
2694 4043 2929 4097 habeant
2972 4051 3249 4098 auctorem
3277 4057 3371 4111 pa-

1809 4141 2033 4192 triarum
2062 4136 2259 4205 legum.
2303 4134 2518 4187 Nullum
2567 4131 2837 4187 alierent:
2880 4133 3076 4202 quippe
3116 4134 3211 4202 qni
3245 4133 3371 4188 inde

1813 4226 2024 4282 oriundi
2059 4233 2206 4287 sunt,
2241 4237 2340 4278 nec
2393 4221 2607 4277 aliunde
2656 4222 2858 4276 habent
2885 4223 3160 4277 doctorem
3190 4231 3243 4277 et
3274 4224 3372 4276 du-

1807 4331 1943 4371 cem.
1972 4316 2225 4370 Attamen
2254 4308 2852 4367 defeceruntaludaais.
2879 4329 2900 4362 ι
2926 4311 3182 4366 Venimus
3205 4311 3370 4381 igitur

1805 4422 1903 4460 nos
1927 4409 1979 4460 in
2016 4422 2034 4455 ι
2068 4404 2376 4458 novissimis
2401 4422 2419 4454 ι
2444 4403 2596 4458 hisce
2616 4421 2635 4454 ι
2668 4403 2879 4469 diebus,
2908 4421 2927 4455 ι
2961 4417 3085 4458 cum
3114 4403 3273 4458 Jesus
3304 4407 3369 4456 ad

149 4499 276 4544 ταις
300 4484 549 4551 ἡμέραις,
589 4504 605 4534 ι
633 4485 719 4537 ὅτε
746 4488 773 4538 ὁ
793 4481 998 4555 Ἰησοῦς
1019 4491 1172 4558 ἡμῶν
1193 4494 1602 4563 ἐπιδεδήμηκεν,
1629 4500 1706 4557 εἰς

1813 4510 1909 4551 nos
1937 4494 2169 4558 advenit,
2194 4492 2260 4546 ad
2287 4511 2306 4544 ι
2330 4490 2672 4546 manifestum
2695 4503 2933 4546 montem
2950 4492 3184 4556 Domini,
3215 4512 3236 4545 ι
3274 4495 3367 4561 qui

138 4571 208 4622 τὸ
236 4569 262 4621 ἰ
300 4573 678 4644 ἐμφανὲς-ὅρος
698 4575 923 4645 Κυρίου,
962 4595 981 4627 ι
1014 4577 1103 4629 τὸν
1129 4578 1384 4649 ὑπεράνω
1409 4582 1604 4645 παντὸς
1623 4583 1706 4636 λό-

139 4681 246 4731 γου
279 4666 445 4733 Λόγον
466 4704 480 4726 ,
517 4667 610 4717 καὶ¹
640 4685 656 4715 ι
700 4667 775 4727 εἰς
806 4666 898 4719 τὸν
925 4661 1067 4718 οἶκον
1107 4667 1200 4719 τοῦ
1247 4669 1401 4733 Θεοῦ,
1437 4690 1453 4721 ι
1479 4671 1535 4732 ὃς
1561 4674 1706 4726 ἐστιν

155 4755 452 4826 Ἐκκλησία
479 4756 614 4809 Θεοῦ
645 4755 860 4820 ζῶντος,
893 4775 911 4807 ι
949 4756 1136 4819 στῦλος
1168 4760 1261 4811 καὶ
1285 4760 1557 4830 ἑδραίωμα
1607 4764 1706 4833 τῆς

141 4849 424 4918 ἀληθείας·
466 4869 483 4900 ι
514 4849 605 4902 καὶ
631 4850 860 4919 ὁρῶμεν,
885 4847 1002 4902 τίνα
1033 4849 1232 4918 τρόπον
1264 4851 1372 4920 (25)
1394 4846 1542 4915 οὗτος
1561 4855 1704 4908 οἰκο-

138 4940 390 5008 δομείται
423 4943 513 4993 ἐπὶ
544 4941 726 5011 ἄκρων
756 4939 863 4993 τῶν
888 4939 1077 5010 ὀρέων,
1113 4939 1327 4994 πάντων
1359 4944 1464 4996 τῶν
1493 4961 1704 5016 προφη-

218 5143 288 5176 ιο·
316 5145 469 5198 Rom.
504 5162 542 5209 ι,
587 5148 674 5212 28,
709 5148 796 5210 26,
833 5150 924 5206 24.

1028 5149 1071 5181 ⁸⁸
1091 5147 1263 5204 Galat.
1284 5165 1324 5215 ι,
1354 5149 1408 5201 4.

139 5232 209 5280 ιι,
235 5214 293 5268 2.
369 5214 436 5244 ⁸³⁸
459 5215 654 5284 Ephes.
682 5234 740 5283 ιι,
769 5218 859 5272 20.

217 5388 349 5466 (ΞΟ),
381 5387 612 5466 Philop»
655 5393 1098 5466 συμϐαλλομένῳ.
1143 5397 1358 5454 Ιιωςοιι.
1390 5406 1442 5454 et
1470 5395 1691 5464 Spene.,

140 5458 271 5515 συνε
281 5458 650 5530 μϐαλλομένῳ,

216 5526 330 5603 (gi)
365 5526 570 5581 Λαϐὼν
593 5529 700 5603 τὰς
739 5529 1094 5603 ἐγκειμένας.
1141 5531 1292 5603 Apud
1329 5535 1690 5590 liteschelium

133 5597 562 5673 et_‘_Sp'eqce_rnm
592 5597 742 5650 deest
769 5597 966 5673 λαϐών,
991 5597 1137 5670 quod
1161 5597 1439 5673 suppletur
1463 5619 1493 5656 c
1511 5606 1691 5656 Philo-

138 5667 324 5740 calia’;
350 5667 543 5721 Guielo
561 5675 748 5740 autem
777 5683 874 5735 pro
889 5667 1243 5740 ἐγκέιμέναςξ
1257 5667 1594 5728 scribendum
1618 5675 1694 5725 vi-

139 5737 322 5796 detur.
353 5733 690 5806 ἐκκειμένίαςο
720 5803 752 5806 __
778 5733 792 5735 ί
842 5744 872 5806 ξ

217 5806 334 5879 (22)
371 5809 460 5862 Sic
500 5803 808 5859 Philocalia.
842 5803 1180 5864 Hmschelius
1223 5820 1400 5867 autem
1443 5813 1496 5867 in
1546 5814 1689 5865 lcxtu

1507 5149 1574 5180 δί’
1598 5149 1612 5203 1
1639 5150 1764 5204 Cor.
1796 5165 1859 5216 ιι,
1883 5153 1934 5205 6.

1818 4585 2054 4640 Verbum
2079 4592 2160 4637 est
2186 4583 2331 4637 omni
2360 4582 2521 4635 verbo
2546 4581 2904 4636 excellentius
2925 4618 2943 4646 ,
2989 4599 3009 4631 ι
3046 4581 3114 4635 ad
3147 4581 3241 4635 Dei
3267 4583 3365 4634 do-

1812 4689 1986 4733 mum,
2031 4689 2050 4722 ι
2092 4686 2210 4740 quae
2235 4678 2316 4723 est
2345 4667 2590 4722 Ecclesia
2628 4668 2722 4723 Dei
2763 4669 3026 4732 viventis,
3065 4685 3086 4720 ι
3115 4669 3364 4726 columna

1811 4773 1863 4816 et
1886 4764 2277 4816 firmamentum
2299 4758 2545 4812 veritatis
2561 4757 2667 4822 Ιι²⁶;
2699 4774 2718 4807 ι
2750 4764 2808 4810 et
2831 4757 3074 4810 videmus
3098 4760 3365 4825 quomodo

1746 4848 1760 4854 ’
1812 4855 1866 4910 in
1897 4854 2121 4909 summis
2168 4849 2440 4903 montibus
2473 4847 2770 4902 aedificetur
2797 4846 2865 4910 ”,
2913 4846 3014 4900 hoc
3045 4857 3130 4901 est
3159 4846 3212 4900 in
3241 4862 3366 4914 pro-

1812 4944 2037 5015 pheticis
2061 4938 2537 5006 sermonibus,,qui
2562 4937 2965 4992 fundamentum
2989 4936 3103 5004 eius
3125 4926 3260 4991 ‘sunt
3276 4937 3362 4986 ⁸³⁵.

2037 5151 2082 5181 ⁸³
2120 5147 2259 5203 Psal.
2297 5161 2356 5214 ιι,
2391 5147 2444 5201 8.
2558 5145 2624 5177 ⁸⁸·
2651 5143 2671 5195 1
2700 5143 2835 5199 Tim.
2873 5158 2954 5208 ιιι,
2994 5142 3079 5195 15.
3178 5140 3226 5172 ⁸³
3260 5139 3362 5195 lsa.

1799 5394 1981 5452 habet.
2009 5392 2088 5459 τῷ
2120 5389 2310 5458 Κέλσῳ
2333 5386 2617 5459 ἀρέσκον-τι
2643 5385 2922 5459 φάσκοντι.

1871 5462 1980 5530 (25)
2020 5452 2250 5530 lfhiloq,
2280 5452 2500 5530 ίέαῦτὸν,
2540 5452 2892 5530 ΔΙιιιιευιιιυιιιιι
2924 5452 3358 5530 et‘Spencerus,

1797 5519 1980 5584 αὐτόνί
2035 5529 2154 5580 Mox
2197 5519 2426 5591 Philoc.,
2461 5523 2827 5592 καθαρωτέρῳ
2867 5524 2957 5573 καὶ
2987 5519 3355 5592 δυνατωτέρα).

1799 5599 1950 5662 Apud
1997 5595 2359 5651 HCBSCIICHUIII
2400 5587 2454 5648 et
2513 5587 2844 5662 Spenccruin
2908 5593 3057 5644 deest
3112 5587 3344 5657 καθαριοι

1798 5667 1959 5719 τέοω.

2034 5733 2370 5789 Ιιαιςριιριὶιιε
2399 5734 2450 5784 in
2480 5740 2626 5803 textu
2659 5732 2844 5803 habet,
2884 5726 2975 5803 καὶ
3006 5726 3142 5777 τίνα.

1800 5822 1808 5829 ·
2022 5804 2166 5857 Itlern
2193 5807 2245 5856 in
2269 5813 2436 5868 textu,
2464 5802 2582 5854 τίνα
2611 5801 2795 5863 τόπον,
2831 5799 2985 5848 male.
