4108 6314
133 458 271 515 1237
360 412 365 416 1

1303 453 1581 510 CONTRA
1619 454 1888 513 CELSUM
1924 450 2052 510 LIB.
2092 449 2156 506 V.

3181 442 3311 500 1238

127 578 216 632 λιι
263 573 342 645 τῷ
389 574 526 645 Θεῷ,
580 574 702 628 ἔνθα
734 575 826 628 καὶ
870 571 1011 627 δοκεῖ
1045 572 1168 642 περὶ
1218 570 1352 641 βοῶν
1398 572 1430 640 ἣ
1475 571 1681 638 ἀλόγων

1787 568 2049 624 velamine
2076 564 2346 620 naturales
2373 559 2612 631 quandam
2645 560 2902 614 veritates
2944 559 3317 628 investiganda

132 665 288 730 ζώων
314 665 645 734 νομοθετεῖν·
689 665 822 719 ἀλλά
849 664 916 716 τὰ
958 663 1024 715 δι’
1059 661 1371 732 ἀνθρώπους
1408 661 1681 731 γραφέντα

67 813 70 816 ,
131 761 192 811 ἂν
235 758 572 828 προσχήματι
623 756 699 826 τῷ
744 756 869 825 περὶ
906 753 1110 822 ἀλόγων
1145 752 1296 816 ζώων
1342 749 1678 820 φυσιολογίαν

130 848 256 901 τινά
300 847 554 918 περιέχει.
589 846 793 908 Κέλσος
843 845 939 914 μὲν
982 839 1075 896 οὖν
1128 842 1278 895 οὐδὲν
1327 840 1506 894 ἄδικόν
1550 856 1679 909 φησι

130 937 306 989 ποιεῖν
331 936 577 998 ἕκαστον,
618 932 687 986 τά
720 933 951 1002 σφέτερα
980 932 1182 1000 νόμιμα
1215 928 1529 1000 θρησκεύειν
1567 926 1681 978 ἐθέ-

126 1027 324 1080 λοντα·
358 1024 452 1078 καὶ
480 1023 754 1077 ἀκολουθεῖ
778 1023 894 1076 κατ’
923 1021 1080 1075 αὐτὸν
1111 1019 1273 1091 μηδὲν
1303 1018 1482 1073 ἀδικον
1516 1019 1684 1069 ποιεῖν

128 1114 364 1177 Σκύθας,
395 1115 516 1166 ἐπεὶ
539 1111 678 1166 κατά
705 1112 772 1165 τά
797 1113 998 1183 πάτρια
1033 1111 1302 1163 δαίνυνται
1335 1105 1648 1177 ἀνθρώπους
1665 1122 1678 1136 ·

128 1202 438 1256 καὶ-Ἰνδῶν
481 1201 538 1254 δὲ
578 1201 627 1254 οἱ
668 1202 792 1264 τοὺς
823 1200 1060 1276 πατέρας
1102 1198 1365 1261 ἐσθίοντες
1396 1199 1516 1251 ὅσια
1550 1197 1682 1268 δρᾷν

125 1281 406 1363 νομίζουσι
430 1293 524 1344 καὶ
553 1291 663 1360 (45)
690 1289 830 1344 κατά
855 1290 944 1344 τὸν
974 1289 1195 1353 Κέλσον,
1224 1289 1258 1360 ἢ
1289 1290 1389 1341 οὐκ
1418 1287 1576 1342 ἀδικά
1598 1304 1680 1356 γε.

139 1381 445 1435 Ἔκτίθεται
491 1381 622 1450 γοῦν
687 1380 966 1454 Ἡροδότου
1027 1379 1169 1443 λέξιν
1223 1380 1678 1451 συναγορεύουσαν

125 1469 209 1540 τῷ
233 1469 462 1522 ἕκαστον
500 1472 610 1532 τοῖς
656 1469 902 1540 πατρίοις
935 1468 1118 1538 νόμοις
1157 1468 1499 1539 καθηκόντως
1545 1465 1681 1537 χρῆ-

127 1559 257 1612 σθαι
273 1576 288 1589 ⁸
320 1559 411 1612 καὶ
436 1558 611 1612 ἔοικεν
634 1558 1002 1630 ἀποδεχομένῳ
1027 1558 1148 1620 τοὺς
1178 1558 1269 1612 ἐπὶ
1292 1557 1511 1629 Δαρείου
1537 1557 1679 1608 Καλ-

126 1649 317 1712 λατίας
359 1647 720 1719 καλουμένους
755 1648 965 1712 Ἰνδοὺς,
995 1650 1119 1712 τοὺς
1165 1651 1338 1717 γονεῖς
1379 1645 1680 1699 κατεσθίον-

1783 665 2186 730 proponunlur.
2223 655 2311 707 Ait
2343 656 2504 725 igitur
2529 653 2714 709 Celsus
2762 650 2892 707 nihil
2940 650 3193 719 injustum
3242 651 3317 704 fu-

1783 764 1926 814 cere,
1963 750 2054 817 qui
2087 748 2336 816 proprios
2367 761 2494 806 suos
2540 746 2673 800 ritus
2708 748 2954 800 observat
2985 760 2999 798 :
3028 742 3165 798 unde
3193 756 3314 800 con-

1783 853 2016 906 sequens
2051 849 2134 893 εει
2162 837 2386 903 iniustos
2410 852 2511 890 non
2545 851 2666 891 esse
2702 835 2950 904 Scythas,
2979 848 3098 888 cum
3129 846 3195 889 ex
3228 847 3318 901 pa.

1783 928 1901 982 triis
1930 926 2191 982 institutis
2219 927 2465 980 homines
2485 926 2780 989 devorant;
2811 933 2865 977 et
2887 922 3041 977 ludos
3066 921 3205 984 illos,
3230 923 3315 990 qui

1780 1019 1995 1088 pietatis
2033 1033 2155 1072 esse
2202 1027 2391 1087 putant
2425 1024 2673 1085 parentes
2714 1015 3022 1094 comedere,
3057 1022 3201 1066 recte
3243 1011 3323 1064 l'a-

1781 1120 1923 1170 cere,
1956 1115 2048 1158 aut
2077 1105 2268 1158 saltem
2314 1118 2416 1157 non
2465 1102 2676 1172 injuste.
2718 1099 2784 1154 Et
2807 1102 3019 1166 quidem
3066 1097 3318 1153 llerodoti

1783 1193 2360 1257 testimoniumlaﬂ'crt,
2404 1192 2546 1260 quod
2591 1190 2716 1244 huic
2762 1188 2997 1257 opinioni
3031 1187 3192 1251 favet,
3224 1189 3317 1239 de-

1782 1286 1912 1340 bere
1943 1298 2211 1353 quemque
2251 1283 2439 1350 patriis
2471 1283 2677 1351 legibus
2718 1280 2933 1348 obsequi
2961 1297 2974 1342 ;
3026 1288 3078 1332 et
3107 1280 3316 1346 probari

1785 1374 1887 1442 ipsi
1919 1374 2170 1427 videntur
2193 1371 2302 1426 Indi
2329 1373 2400 1426 illi
2427 1372 2662 1426 Callatia.-
2695 1373 2782 1440 qui
2814 1386 2939 1426 suos
2961 1380 3206 1437 parentes
3230 1370 3322 1423 tle-

1784 1473 2001 1529 vorant,
2027 1463 2227 1532 quique
2248 1463 2419 1533 rogati
2453 1477 2478 1515 a
2505 1463 2663 1516 Dario
2688 1477 2788 1529 qua
2818 1461 3060 1514 mercede
3083 1460 3220 1514 hanc
3245 1460 3324 1515 le-

1783 1569 1899 1624 gem
1931 1555 2276 1622 abrogarent,
2304 1553 2510 1624 magnis
2528 1552 2857 1607 clamoribus
2885 1554 3164 1622 jusserunt
3185 1552 3320 1608 bona

1783 1645 1943 1700 verba
1973 1645 2170 1699 dicere.

125 1760 229 1807 τας
248 1760 262 1773 ·
295 1743 414 1795 ἐπεὶ
444 1742 578 1813 πρὸς
606 1742 696 1796 τὸν
724 1745 944 1814 Δαρεῖον
971 1743 1363 1812 πυνθανόμενον
1396 1742 1489 1793 ἐπὶ
1513 1740 1661 1811 πόσῳ
1685 1741 1923 1811 χρήματι
1954 1739 2246 1810 ἀποθέσθαι
2276 1738 2458 1791 τοῦτον
2477 1738 2566 1790 τὸν
2591 1737 2747 1807 νόμον
2778 1734 3067 1806 βούλονται,
3101 1731 3325 1802 ἀναϐοή-

129 1854 326 1900 σαντες
356 1837 517 1908 μέγα,
547 1837 808 1908 εὐφημεῖν
837 1838 995 1891 αύτδν
1020 1838 1283 1891 ἐκέλευον.

202 1930 308 1982 Δύο
348 1931 522 1983 τοίνυν
567 1931 740 2000 νόμων
772 1931 1137 2004 προκειμένων
1182 1931 1429 1998 γενικῶς,
1464 1926 1676 1983 καὶτοῦ

1849 1925 1937 1977 57.
1964 1922 2145 1991 Itaque
2190 1934 2309 1975 cum
2341 1922 2455 1975 dum
2477 1920 2769 1990 generatim
2800 1920 2906 1973 sint
2939 1918 3102 1990 leges,
3122 1929 3323 1975 natura:

133 2021 236 2091 μὲν
259 2022 410 2084 ὄντος
433 2023 527 2092 τῆς
559 2020 764 2090 φύσεως
797 2023 980 2091 νόμου,
1000 2023 1057 2075 ὃν
1083 2023 1210 2085 Θεὸς
1229 2023 1292 2076 ἂν
1311 2024 1680 2093 νομοθετῆσαι,

109 2112 318 2182 εέτέρου
347 2112 403 2165 δὲ
430 2112 522 2164 τοῦ
551 2114 669 2176 ταῖς
692 2112 878 2164 πόλεσι
905 2112 1174 2184 γραπτοῦ·
1206 2113 1386 2174 καλὸν,
1428 2114 1558 2165 ὅπου
1588 2115 1684 2184 μὲν

134 2203 212 2274 μὴ
255 2203 585 2255 ἐναντιοῦται
633 2203 661 2254 ό
690 2202 929 2273 γραπτὸς
953 2203 1148 2273 νόμους
1175 2203 1250 2272 τῷ
1276 2202 1368 2255 τοῦ
1407 2203 1560 2267 Θεοῦ,
1611 2202 1684 2274 μὴ

131 2291 312 2344 λιπεῖν
357 2289 466 2359 (46)
517 2293 640 2354 τοὺς
676 2291 895 2355 πολίτας
948 2292 1212 2362 προφάσει
1261 2292 1424 2356 ξένων
1469 2293 1680 2361 νόμων

132 2378 267 2432 ἔνθα
297 2379 353 2431 δὲ
390 2379 458 2432 τὰ
498 2379 709 2432 ἐναντία
735 2378 814 2448 τῷ
840 2379 1068 2452 γραπτῷ
1111 2382 1258 2451 νόμῳ
1303 2381 1629 2451 προστάσσει
1656 2381 1685 2433 6

107 2463 238 2536 ’τῆς
267 2468 497 2537 φύσεως,
541 2469 785 2522 τουτέστι
822 2469 916 2523 τοῦ
954 2469 1110 2534 Θεοῦ,
1146 2472 1246 2541 ὅρα
1279 2473 1325 2522 εί
1377 2471 1448 2542 μὴ
1481 2474 1507 2523 ὁ
1535 2470 1686 2540 λόγος

134 2562 258 2629 ἐρεῖ
285 2559 419 2629 (47),
452 2561 666 2631 μακράν
697 2561 792 2628 μὲν
818 2561 1023 2632 χαίρειν
1053 2563 1225 2615 είπεῖν
1245 2567 1353 2626 τοῖς
1383 2563 1687 2632 γεγραμμέ-

131 2667 252 2713 νοις
301 2653 397 2704 καὶ
441 2652 518 2722 τῷ
552 2653 847 2724 βουλήματι
885 2648 996 2705 ’τῶν
1028 2651 1351 2722 νομοθετῶν,
1401 2653 1685 2706 ἐπιδιδόναι

132 2739 196 2790 δὲ
216 2741 376 2792 αὐτὸν
406 2740 481 2810 τῷ
515 2741 632 2810 Θεῷ
656 2742 932 2813 νομοθέτῃ,
964 2743 1055 2794 καὶ
1082 2742 1218 2794 κατὰ
1255 2742 1344 2794 τὸν
1372 2742 1557 2794 τούτου
1601 2742 1686 2794 λό-

134 2841 236 2891 γον
263 2827 528 2895 αίρεηῖσθαι
560 2827 724 2897 βιοῦν,
757 2830 858 2882 κᾶν
890 2829 1023 2899 μετά
1055 2828 1326 2892 κινδύνων,
1352 2832 1443 2882 καὶ
1483 2831 1685 2900 μυρίων

136 2913 341 2976 πόνων,
395 2913 489 2967 καὶ
537 2913 798 2980 θανάτων,
828 2918 920 2969 καὶ
947 2917 1160 2981 ἀδοξίας
1190 2918 1343 2970 τοῦτο
1375 2918 1466 2988 δέῃ
1496 2923 1684 2972 ποιεῖν.

138 3002 252 3054 Καὶ
291 3001 398 3073 γάρ
442 3003 657 3070 ἄτοπον,
704 3006 810 3059 τῶν
857 3007 1193 3077 ἀρεσκόντων
1224 3007 1300 3076 τῷ
1330 3008 1446 3077 Θεῷ
1490 3008 1688 3079 ἐτέρων

137 3091 310 3144 ὄντων
336 3093 485 3163 παρὰ
508 3093 575 3147 τά
600 3094 896 3165 ἀρέσκοντά
911 3113 1020 3148 τισι
1046 3097 1150 3150 τῶν
1174 3098 1230 3150 ὲν
1256 3099 1374 3160 ταῖς
1394 3097 1575 3151 πόλεσι
1606 3099 1690 3152 νό-

143 3199 285 3251 μων,
327 3182 420 3235 καὶ
449 3183 726 3254 ἀμηχάνου
770 3186 1120 3256 τυγχάνοντος
1151 3189 1403 3259 ἀρέσκειν
1436 3189 1554 3259 Θεῷ
1596 3191 1689 3243 καὶ

1783 2016 1951 2068 altera
1999 2013 2154 2082 cujus
2209 2012 2348 2066 Deus
2405 2023 2618 2073 auctor,
2653 2012 2816 2064 altera
2858 2012 3075 2066 urbibus
3126 2013 3326 2078 scripto

1784 2105 1941 2165 data;
1973 2104 2060 2157 ubi
2093 2104 2286 2172 scripta
2322 2103 2514 2156 divinae
2545 2118 2648 2156 non
2680 2105 3012 2164 adversatur,
3045 2101 3187 2155 illam
3233 2103 3324 2156 de-

1784 2203 1870 2247 cet
1900 2207 1927 2244 a
1958 2191 2164 2246 civibus
2186 2191 2548 2255 observari,et
2582 2191 2787 2258 legibus
2814 2189 3014 2244 exteris
3035 2191 3324 2258 anteponi;

1784 2285 1878 2339 sed
1915 2284 2002 2338 ubi
2042 2283 2260 2349 scriptm
2305 2280 2407 2351 legi
2439 2281 2519 2335 lex
2553 2290 2778 2345 naturae,
2809 2280 2909 2334 hoc
2929 2291 3013 2335 est
3057 2272 3170 2350 Dei,
3202 2297 3328 2337 con-

1787 2374 1950 2426 traria
1981 2372 2244 2442 praecipit,
2277 2371 2398 2425 vide
2428 2385 2608 2425 annon
2655 2371 2794 2426 ratio
2823 2371 2969 2436 velit,
2990 2380 3068 2425 -υι
3105 2373 3325 2440 scriptis

1785 2462 1993 2531 legibus
2030 2463 2208 2516 valere
2237 2460 2425 2528 jussis,
2457 2461 3114 2530 spretaquelegislatorum
3141 2462 3328 2514 volun-

1789 2561 1910 2612 tate,
1947 2551 2044 2604 soli
2074 2551 2182 2603 Deo
2208 2549 2500 2618 legislatori
2535 2557 2812 2617 pareatur,
2846 2557 2899 2600 ct
2945 2564 3009 2602 ex
3041 2550 3156 2616 ejus
3193 2564 3328 2618 prae-
3371 2545 3382 2613 ι’

1785 2641 1989 2708 scripto
2023 2642 2128 2692 vita
2161 2648 2535 2707 componatur,
2559 2638 2766 2692 etiamsi
2796 2638 2848 2692 id
2879 2640 3159 2693 facientem
3189 2642 3329 2709 peri-

1786 2729 1926 2796 cula,
1962 2729 2168 2784 labores
2199 2729 2487 2792 innumeri,
2518 2743 2681 2794 mors,
2711 2728 3003 2798 ignominia
3033 2742 3329 2785 manerent.

1785 2817 1915 2872 Cum
1944 2819 2081 2870 enim
2105 2833 2189 2881 ea,
2224 2831 2341 2886 qua:
2375 2817 2482 2871 Deo
2503 2817 2732 2886 placent,
2786 2833 2926 2887 saepe
2961 2819 3170 2875 diversa
3223 2821 3331 2875 sint

1788 2919 1815 2958 a
1840 2906 2163 2975 quibusdam
2209 2907 2418 2976 legibus
2448 2921 2547 2976 pro
2576 2907 2831 2963 societate
2872 2909 3034 2980 606
3070 2910 3331 2966 constitu-

1791 2997 1878 3060 tis,
1908 3005 1962 3050 et
2001 2995 2332 3065 impossibile
2367 2998 2434 3050 sit
2467 2996 2574 3051 Deo
2603 2997 2762 3051 simul
2794 3007 2849 3052 et
2873 2997 3222 3066 quarumdam
3255 2999 3332 3054 le-

1789 3101 1910 3155 gum
1957 3087 2217 3141 latoribus
2248 3087 2500 3156 placere;
2539 3088 2833 3142 absurdum
2883 3087 3045 3141 fuerit
3093 3089 3328 3145 actiones

1793 3177 1908 3230 illas
1934 3187 2286 3231 contemnere
2329 3179 2522 3245 quibus
2574 3192 2751 3232 rerum
2788 3179 3025 3232 omnium
3057 3179 3328 3236 Conditori

137 3273 255 3333 τοῖς
283 3272 638 3342 πρεσϐεύουσι
674 3275 798 3339 τοὺς
828 3275 1063 3329 τοιούσδε
1091 3277 1303 3346 νόμους,
1334 3279 1684 3347 καταφρονεῖν

1787 3266 1982 3333 placeri
2015 3275 2214 3334 potest;
2247 3266 2366 3320 illas
2394 3276 2569 3320 autem
2588 3267 2802 3335 eligere,
2825 3269 3042 3339 quibus,
3071 3270 3333 3340 placenda

143 3360 247 3428 μὲν
286 3362 554 3432 πράξεων,
603 3363 669 3416 δι’
698 3357 772 3418 ὧν
804 3366 986 3435 ἀρέσει
1020 3383 1102 3429 τις
1155 3365 1231 3436 τῷ
1262 3365 1368 3418 τῶν
1413 3366 1545 3418 ὅλων
1587 3368 1691 3434 Δη-

145 3450 409 3520 μιουργῷ,
439 3451 708 3521 αἱρεῖσθαι
733 3453 788 3504 δὲ
815 3454 1046 3519 ὲκείνας,
1073 3454 1134 3517 ἐξ
1153 3448 1226 3507 ὧν
1253 3454 1559 3523 ἀπάρεστος
1595 3453 1692 3523 μέν

141 3559 228 3604 τις
258 3540 405 3594 ἔσται
433 3541 510 3613 τῷ
540 3543 678 3612 Θεῷ,
713 3545 938 3615 ἀρεστὸς
969 3545 1024 3598 δὲ
1061 3548 1172 3608 τοῖς
1199 3545 1415 3615 ἀνόμοις
1462 3544 1570 3614 (48)
1609 3543 1692 3597 νό-

147 3650 270 3703 μοις
321 3635 414 3686 καὶ⁸
451 3637 564 3697 τοῖς
612 3635 815 3690 τούτων
847 3636 1036 3706 φίλοις.
1075 3636 1244 3706 Εἴπερ
1268 3636 1324 3689 δὲ
1357 3635 1574 3703 εὔλογον
1603 3635 1694 3688 ἐπὶ

142 3723 255 3776 τῶν
288 3723 476 3789 ἄλλων,
525 3725 616 3777 τὸν
661 3726 758 3796 τῆς
799 3725 1008 3794 φύσεως
1036 3727 1305 3796 προτιμᾷν
1343 3726 1523 3792 νόμον,
1567 3725 1696 3780 ὄντα

143 3817 310 3885 νόμον
338 3814 430 3868 τοῦ
453 3815 608 3879 Θεοῦ,
638 3817 788 3887 παρά
814 3817 901 3869 τὸν
929 3817 1304 3886 γεγραμμένον
1327 3816 1419 3868 καὶ⁴
1450 3815 1552 3868 ὑπὸ
1588 3815 1695 3869 τῶν

145 3906 447 3976 ἀνθρώπων
481 3907 733 3970 ἐναντίως
777 3907 852 3977 τῷ
880 3907 1025 3977 νόμῳ
1056 3906 1150 3959 τοῦ
1192 3907 1324 3960 Θεοῦ
1353 3907 1696 3977 νενομοθετη-

148 3994 312 4064 μένον
337 3995 443 4065 (49)
463 4012 476 4024 ⁸
520 3995 636 4060 πῶς
659 3996 777 4065 οὐχὶ⁹
797 3995 951 4047 τοῦτο
986 3995 1180 4064 μᾶλλον
1209 3996 1266 4046 ὲν
1292 3998 1402 4057 τοῖς
1426 3997 1550 4065 περὶ
1564 3994 1696 4047 Θεοῦ

143 4085 333 4154 νόμοις
364 4086 638 4156 ποιητέον;
673 4085 766 4137 καὶ
815 4083 934 4136 οὔτε
974 4084 1047 4146 ὡς
1073 4084 1340 4148 Αἰθίοπες,
1380 4089 1428 4138 oi
1464 4085 1530 4137 τὰ
1572 4085 1698 4155 περὶ

143 4175 252 4241 τὴν
273 4175 484 4243 Μερόην
508 4173 795 4238 οἰκοῦντες,
819 4175 915 4226 Δία
947 4175 1036 4226 καὶ
1060 4175 1308 4228 Διόνυσον
1340 4176 1435 4244 (ὡς
1478 4175 1699 4238 ἐκείνοις

143 4263 413 4333 ἀρέσκει),
444 4264 634 4332 μόνους
662 4265 1126 4334 προσκυνήσομεν·
1167 4265 1279 4317 ἀλλ’
1312 4266 1418 4329 οὐδ’
1454 4266 1586 4328 ὅλως
1609 4268 1700 4320 Αί-

145 4352 426 4412 θιοπικοὺς
466 4350 618 4411 θεοὺς
660 4350 991 4413 Δίθιοπικῶς
1025 4352 1351 4421 τιμήσομεν·
1391 4351 1521 4415 οὗθ’,
1550 4352 1624 4415 ὡς
1653 4354 1699 4405 οἱ

159 4436 420 4507 Ἀράϐιοι,
443 4438 541 4507 τὴν
560 4438 633 4489 ού
643 4437 824 4506 ρανίαν
856 4437 945 4489 καὶ
970 4438 1058 4490 τὸν
1080 4439 1326 4492 Διόνυσον
1351 4439 1539 4508 μόνους
1567 4442 1702 4509 ἡγη-

145 4527 357 4596 σόμεθα
389 4525 542 4589 θεούς
564 4543 578 4557 ο
609 4527 734 4596 ⁵ἀλλ’
776 4526 883 4578 οὐδ’
910 4527 1042 4589 ὅλως
1075 4527 1249 4590 θεοὺς,
1281 4527 1339 4579 ὲν
1366 4525 1446 4591 οἷς
1476 4526 1534 4579 τὸ
1565 4528 1696 4598 θῆλυ
1729 4569 1733 4598 ἦ

145 4618 250 4689 καὶ
281 4619 340 4670 τὸ
382 4617 546 4687 ἄρρεν
585 4615 887 4681 δεδόξασται
920 4614 1014 4685 (ὡς
1061 4616 1274 4686 θήλειαν
1314 4616 1420 4687 γὰρ
1459 4617 1696 4685 Ἀράϐιοι

141 4711 253 4780 τὴν
279 4710 540 4779 Οὐρανίαν
559 4708 934 4777 προσκυνοῦσι,
963 4708 1055 4760 καὶ
1082 4708 1154 4769 ὡς
1179 4709 1381 4780 ἄρρενα
1407 4709 1497 4761 τὸν
1519 4709 1695 4760 Διόνυ-

146 4801 266 4868 σον)
286 4817 299 4831 ·
329 4800 441 4852 ἀλλ’
471 4799 602 4863 οὐδ’,
633 4800 706 4862 ὡς
732 4797 928 4861 πάντες
963 4798 1266 4867 Αἰγύπτιοι,
1297 4798 1448 4862 θεοὺς
1484 4800 1696 4867 νομίσο-

148 4909 257 4964 μεν
283 4893 490 4961 Ὀσιριν
515 4891 606 4943 καὶ
637 4891 769 4943 Ἶσιν
787 4907 800 4919 ·
833 4890 950 4942 οὐδὲ
978 4890 1183 4952 τούτοις
1204 4890 1692 4958 συγκατατάξομεν,

146 4982 295 5037 κατά
323 4982 392 5035 τὰ
433 4985 544 5045 τοῖς
577 4982 792 5044 Σαῗταις
828 4980 1098 5043 δοκοῦντα,
1134 4978 1229 5049 τὴν
1264 4979 1508 5049 ’Δθηνᾶν.
1543 4980 1604 5030 Ei.
1641 4981 1694 5032 δὲ

147 5072 248 5124 καὶ
267 5070 664 5140 Ναυκρατίταις
686 5071 816 5124 ἄλλα
847 5071 941 5140 μὲν
966 5069 1104 5133 ἔδοξε
1132 5068 1304 5120 σέϐειν
1329 5071 1437 5130 τοῖς
1469 5069 1703 5138 πρεσϐυ-

144 5161 350 5230 τέροις,
380 5162 468 5213 τὸν
495 5161 734 5232 Σάραπιν
767 5162 822 5215 δὲ
848 5163 957 5224 τοῖς
984 5160 1106 5237 χθὲς
1134 5160 1226 5213 καὶ
1254 5158 1439 5231 πρώην
1465 5159 1700 5230 ἀρξαμέ-

225 5390 337 5459 (45)
370 5388 683 5457 Νομίζουσι
713 5392 830 5444 καί.
883 5391 1034 5459 Legit
1080 5388 1408 5459 Bohcrelius,
1448 5389 1691 5459 νομίζον-

142 5456 258 5513 ται.
291 5456 462 5511 Paulo
513 5471 630 5522 post
671 5475 809 5530 mss,
845 5456 1306 5530 συναγορεύουσαν
1342 5456 1419 5527 τῷ
1445 5457 1692 5512 ἕκαστον.

145 5530 306 5584 Libh.
337 5529 486 5590 editi,
524 5529 980 5596 συναγορεύουσαν
1002 5529 1062 5582 τὸ
1091 5529 1332 5596 ἕκαστον.

227 5598 341 5667 (46)
371 5594 804 5667 ΛνιπεῖνἈΙὶεὸιε
848 5599 964 5667 dqu
997 5599 1152 5667 codd.
1210 5594 1509 5664 Anglicani.
1563 5594 1698 5649 Male

145 5662 492 5721 Hoéschelius
527 5672 580 5718 et
609 5662 928 5731 Spencerus,
954 5664 1143 5718 λιπών.

223 5735 338 5858 (57)
398 5733 727 5790 l‘lmschelics
757 5732 809 5788 in
851 5741 996 5786 textu
1037 5734 1216 5801 habet,
1246 5734 1332 5786 ἀεὶ
1361 5732 1572 5804 μακρὰν
1603 5733 1698 5800 μὲν

248 5820 381 5858 οειν.
976 5848 978 5850 τ
1615 5848 1621 5852 ,

147 5820 381 5876 χαιρειν.
976 5848 978 5850 τ
1615 5848 1621 5852 .

1776 3355 1965 3423 ‘impiis
2011 3356 2219 3422 legibus
2241 3370 2537 3426 earumque
2577 3347 2906 3424 fautoribus,
2939 3359 3050 3416 Deo
3079 3361 3316 3432 diSplice-

1790 3459 1988 3499 remus.
2019 3444 2134 3499 Jam
2167 3446 2210 3500 si
2241 3447 2433 3501 rationi
2458 3457 2879 3505 consentaneum
2911 3460 2992 3506 est
3026 3451 3077 3506 in
3101 3453 3222 3509 aliis
3250 3468 3335 3509 re-

1788 3533 1888 3588 bus
1920 3541 2125 3588 natura:
2144 3537 2337 3604 legem,
2371 3551 2492 3606 quae
2522 3538 2612 3593 Dei
2645 3539 2728 3593 lex
2758 3549 2860 3603 est,
2895 3541 2995 3609 legi
3025 3541 3243 3611 scripta
3279 3552 3333 3597 et

1790 3623 1859 3677 ab
1910 3623 2212 3680 hominibus
2269 3635 2458 3680 contra
2508 3626 2602 3681 Dei
2653 3627 2824 3695 legem
2881 3630 3002 3683 latae
3043 3630 3334 3694 anteferri;

1791 3724 1992 3783 quanto
2033 3716 2202 3784 magis
2242 3716 2290 3771 id
2349 3716 2402 3769 in
2458 3717 2547 3770 Dei
2601 3717 2808 3785 legibus
2859 3718 3159 3774 iaciendum
3221 3721 3334 3774 est?

1793 3801 1906 3855 Non
1941 3803 2122 3871 igitur,
2154 3811 2211 3857 ut
2242 3802 2542 3884 Aﬁthiopes,
2571 3808 2664 3874 qui
2720 3807 2863 3861 circa
2916 3806 3130 3861 Meroen
3184 3806 3337 3862 habi-

1797 3899 1934 3955 tant,
1957 3890 2140 3947 Jovem
2174 3901 2228 3946 et
2250 3891 2525 3959 Liberum,
2560 3909 2695 3964 quos
2715 3895 2857 3949 solos
2885 3896 3013 3951 deos
3041 3895 3145 3951 illis
3170 3909 3335 3967 agnos

1794 3995 1946 4035 scere
1970 3984 2141 4037 visum
2169 3993 2270 4047 est,
2319 3983 2695 4050 adorabimus;
2747 3999 2922 4055 neque
2966 3987 3184 4043 omnino
3209 3989 3338 4045 deos

1795 4070 2134 4153 [Ethiopicos
2164 4072 2476 4142 zEtbiopum
2523 4075 2626 4153 rit_u
2682 4077 3096 4146 venerabimur;
3140 4093 3336 4148 neque,

1799 4171 1856 4216 ut
1882 4151 2112 4229 Arabes,
2140 4162 2394 4218 Uraniam
2425 4175 2480 4219 et
2512 4151 2779 4220 Bacchum
2810 4168 2955 4223 solos
2982 4183 3078 4238 pro
3105 4171 3206 4227 diis
3251 4172 3342 4226 ha-

1795 4255 2072 4318 bebimus;
2105 4268 2277 4323 neque
2297 4255 2450 4310 nobis
2483 4257 2701 4311 deorum
2737 4258 2852 4313 loco
2877 4273 3033 4316 erunt
3059 4263 3116 4326 ii,
3147 4264 3198 4316 in
3226 4263 3343 4331 qui-

1798 4348 1898 4402 bus
1927 4361 2088 4402 sexus
2128 4349 2474 4417 distinguitur
2507 4349 2735 4417 (Arabes
2768 4351 2912 4405 enim
2963 4351 3213 4407 Uraniam
3244 4368 3341 4420 pro

1801 4448 1998 4501 femina
2027 4456 2083 4502 et
2114 4445 2379 4502 Bacchum
2408 4463 2506 4518 pro
2528 4462 2676 4503 mare
2699 4450 2920 4518 colunt);
2947 4464 3140 4519 neque,
3167 4459 3224 4503 ut
3248 4449 3342 4506 E-

1801 4533 1968 4605 gyptii
1988 4550 2194 4600 omnes,
2213 4536 2342 4590 deos
2361 4538 2726 4606 reputabitnus
2748 4539 3008 4594 Osiridem
3037 4549 3091 4594 et
3115 4539 3339 4609 lsidem;

1804 4645 1976 4700 neque
2002 4630 2104 4684 diis
2142 4631 2575 4696 accensebimus,
2605 4642 2665 4686 ut
2699 4634 2862 4689 Saitis
2900 4635 3094 4702 placet,
3146 4633 3342 4690 Miner-

1759 4773 1781 4795 ὲ
1804 4734 1946 4772 vam.
1986 4719 2050 4772 Et
2082 4722 2125 4772 si
2154 4720 2346 4788 priscis
2371 4722 2584 4790 quidem
2615 4723 2944 4778 Naucratitis
2976 4724 3076 4778 alia
3104 4724 3339 4788 numina,

1803 4807 2200 4863 recentioribus
2250 4819 2428 4864 autem
2484 4812 2710 4883 Serapin
2768 4816 2856 4883 qui
2905 4827 3174 4882 nunquam
3214 4812 3342 4869 deus

1803 4895 1999 4962 fuerat,
2026 4899 2206 4955 colere
2250 4902 2418 4957 visum
2445 4915 2566 4968 est;
2597 4922 2696 4960 nos
2727 4917 2872 4960 certe
2910 4906 2961 4958 in
2987 4906 3208 4960 deorum
3244 4921 3340 4960 nu-

1803 5003 2006 5042 merum
2046 5006 2148 5044 non
2183 4993 2481 5046 referemus
2523 4996 2683 5049 deum
2727 5005 3019 5052 recentem,
3056 4996 3145 5063 qui
3183 5008 3342 5053 antea

1803 5092 1907 5130 non
1940 5088 2082 5142 erat,
2127 5081 2218 5148 qui
2259 5090 2415 5135 notus
2453 5084 2680 5135 antehac
2728 5081 3036 5135 hominibus
3080 5096 3182 5135 non
3222 5082 3342 5138 fuit.

1803 5163 1984 5245 Neque
2013 5168 2154 5240 enim
2192 5168 2285 5223 Dei
2316 5169 2478 5223 Filius
2509 5171 2599 5240 qui
2633 5189 2650 5221 ι
2689 5169 3078 5239 primogenitus
3114 5179 3196 5226 est
3223 5187 3342 5226 om-

1863 5394 1972 5462 (48)
2011 5394 2269 5462 Ἆνόμοις
2315 5395 2537 5460 νόμοις.
2583 5390 2671 5446 Sic
2712 5392 2818 5462 duo
2849 5394 3006 5449 codd.
3050 5393 3243 5461 Regius
3290 5403 3343 5450 et

1792 5460 2214 5522 Basileensis.‘et
2245 5472 2326 5516 est
2363 5478 2484 5514 vera
2510 5463 2690 5516 lectio.
2721 5460 3056 5518 llaascheiius
3082 5460 3150 5516 et,
3171 5464 3344 5529 Spen-

1793 5545 1970 5599 cerus,
1995 5533 2055 5582 οὺ
2081 5531 2262 5598 νόμοις
2287 5531 2486 5599 νόμοις.

1860 5598 1973 5668 (49)
2001 5599 2331 5653 Haeschelius
2355 5598 2606 5670 intextu,
2646 5603 3018 5670 τετιμημένον.
3066 5600 3191 5670 [fast
3216 5613 3347 5666 pau-

1794 5666 1956 5752 lulum
1997 5679 2157 5752 rec-Ie
2185 5669 2566 5752 mss.‘habent,
2609 5671 2667 5752 ὲν
2688 5666 2953 5752 τοῖςπερὶ
2979 5666 3111 5719 Θεοῦ
3137 5667 3343 5737 νόμοις,

1798 5738 1932 5790 male
1960 5738 2113 5790 codd.
2147 5738 2298 5806 itnp.,
2324 5740 2378 5791 ὲν
2409 5742 2518 5802 τοῖς
2547 5741 2673 5808 περὶ
2699 5738 2833 5790 Θεοῦ
2862 5738 3040 5808 νόμου.
