4108 6314
286 461 430 520 12533

1469 443 1743 503 CONTRA
1773 441 2047 499 CELSUM
2079 439 2200 494 LIB.
2244 438 2304 492 V.

3353 434 3488 493 ιεδι

283 597 342 633 τι
372 576 509 633 κατά
540 567 634 646 τὴν
673 573 999 643 ἐπαγγελίαν
1029 569 1136 624 τῶν
1163 567 1374 622 τοιωνδὶ
1406 563 1743 632 ὲπικλήσεων
1772 562 1835 651 ἐκ

1963 572 2114 621 unm,
2139 565 2228 608 aut
2255 553 2594 622 omnipotens
2625 551 2867 622 (diverse
2888 531 3030 603 enim
3056 549 3200 602 illam
3230 549 3492 638 interpre-

256 656 393 741 ,ιλιι-ῆς
428 639 630 723 τοιασδὶ
904 665 976 716 Τὸ
1014 664 1055 715 δ’
1098 663 1280 732 ὅμοιον
1309 655 1538 728 ἐροῦμεν
1583 653 1677 705 κα).
1718 649 1846 720 περὶ

1955 661 2023 704 Les
2048 647 2318 715 explicant
2341 644 2382 712 ),
2413 643 2543 697 nihil
2571 641 2877 711 prolicitur:
2910 639 3049 709 quod
3074 639 3490 712 secus‘tjcidet,

289 762 394 830 τῆς
416 758 638 812 Σαϐαὼθ
661 756 861 826 φωνῆς,
890 752 1154 822 πολλαχοῦ
1186 749 1291 803 τῶν
1318 745 1540 818 ἐπῳδῶν
1557 742 1846 814 παραλαμ-

291 850 610 920 ϐανομένης,
649 849 751 913 ὅτι,
785 848 833 904 εἰ
878 841 1353 917 μεέαλαμὸάνομεν
1379 837 1438 889 τὸ
1466 837 1633 905 ὄνομα
1656 833 1734 894 εἰς
1763 830 1844 896 τὸ,

292 941 496 1011 Κύριος
522 940 631 992 τῶν
655 937 954 1007 δυνάμεων,
992 936 1026 1004 ἢ
1068 934 1268 1002 Κύριος
1312 926 1597 1000 στρατιῶν,
1631 925 1666 994 ἢ
1711 939 1844 975 παν-

296 1031 579 1104 τοκράτωρ
610 1028 911 1100 (διαφόρως
949 1026 1056 1095 γὰρ
1095 1023 1226 1078 αὐτὸ
1268 1020 1570 1084 ἐξεδέξαντο
1607 1018 1659 1083 οἱ
1681 1017 1852 1104 ἑρμης·

297 1119 536 1182 νεύοντες
551 1102 910 1187 -αύτό’),ούδὲν
950 1115 1273 1184 ποιήσομεν·
1319 1109 1606 1182 τηροῦντες
1647 1105 1689 1158 δ’
1723 1102 1852 1156 αὐτὸ

296 1212 356 1262 ὲν
393 1210 500 1272 τοῖς
543 1209 688 1271 ἰδίοις
721 1207 992 1275 φθόγγοις,
1041 1201 1336 1274 ποιήσομέν
1385 1217 1458 1263 τι,
1493 1197 1568 1260 ὥς
1609 1210 1768 1264 φασιν
1802 1191 1851 1244 oi.

299 1301 429 1369 περὶ
457 1298 628 1352 ταῦτα
648 1297 825 1351 δεινοί.
860 1296 932 1348 Τὸ
958 1296 1014 1348 δὲ
1035 1295 1214 1364 ὅμοιον
1241 1289 1468 1363 ἐροῦμεν
1495 1289 1588 1341 καὶ
1612 1285 1736 1355 περὶ
1755 1281 1850 1335 τοῦ

193 1399 196 1402 ‘
302 1386 548 1443 Ἀδωναῖ.
569 1386 738 1457 Εἴπερ
759 1382 852 1440 οὖν
878 1385 1000 1439 οὗτε
1025 1385 1083 1437 τὸ
1107 1382 1330 1436 Σαϐαὼθ
1361 1379 1482 1434 οὒτε
1508 1378 1576 1432 τὸ
1608 1373 1850 1437 Ἀδωναῒ,

1943 749 2000 794 ut
2042 737 2311 791 allirmant
2346 737 2534 789 harum
2563 735 2758 787 artium
2788 733 3039 796 consulti,
3073 732 3116 786 si
3147 738 3492 801 propritsua

1943 829 2120 901 lingua
2145 827 2547 896 pronuntietur.
2579 824 2652 877 De
2669 824 2872 877 A‘douai
2907 823 3042 877 idem
3076 837 3289 891 quoque
3310 821 3492 876 dicere

1947 919 2088 974 licet.
2112 917 2229 969 Jam
2255 917 2298 970 si
2322 929 2493 984 neque
2519 914 2784 978 SabaOth,
2815 928 2984 981 neque
3006 911 3208 966 Adonai
3239 911 3492 966 translata

1946 1009 1999 1064 in
2034 1022 2154 1063 eam
2183 1005 2647 1075 signiﬁcationem,
2682 1019 2841 1074 quam
2867 1004 3050 1057 Grtece
3082 1002 3279 1066 habere
3307 1001 3495 1053 viden-

1947 1109 2052 1160 tur,
2081 1097 2213 1152 nihil
2239 1096 2477 1151 efﬁciunt
2506 1136 2520 1163 ,
2561 1105 2762 1162 quanto
2801 1096 2973 1148 minus
3000 1093 3248 1156 elﬁcient,
3291 1101 3496 1161 quanto

1945 1189 2138 1245 minori
2197 1189 2397 1241 virtute
2441 1195 2602 1240 erunt
2635 1186 2773 1255 apud
2806 1200 2897 1240 eos
2935 1186 3024 1253 qui
3061 1185 3192 1238 nihil
3233 1187 3496 1249 interesse

1948 1285 2252 1341 autumant,
2286 1275 2471 1330 Jovem
2520 1285 2614 1328 aut
2662 1275 2966 1334 Excelsum,
3020 1284 3109 1327 aut
3142 1275 3373 1340 Zenem,
3404 1284 3498 1327 ant

1946 1369 2257 1433 Adonzeum,
2283 1372 2388 1420 aut”
2407 1365 2643 1418 Sabaoth
2685 1365 2986 1432 appellari?

305 1483 816 1553 μεταλαμϐανόμενα
843 1476 924 1545 είς
966 1480 1001 1534 ἃ.
1030 1480 1173 1532 δοκεῖ
1212 1477 1492 1549 σημαίνειν
1536 1475 1594 1526 ὲν
1637 1469 1841 1524 Ἐλλάδι
1872 1467 2040 1534 φωνῇ,
2075 1461 2224 1514 ἀνύει
2256 1479 2326 1514 τι·
2357 1461 2506 1530 πόσῳ
2532 1460 2690 1512 πλέον
2722 1460 2873 1513 οὐδὲν
2897 1460 2961 1512 ἂν
2989 1461 3226 1530 ποιήσαι,
3260 1459 3378 1513 οὐδὲ
3411 1461 3500 1511 δυ-

184 1570 192 1575 ’
301 1575 499 1646 νηθείη
518 1575 665 1645 παρὰ
695 1577 806 1638 τοῖς
853 1575 1016 1645 μηδὲν
1048 1573 1318 1643 διαφέρειν
1346 1569 1608 1640 οἰομένοις
1639 1565 1735 1618 Δία
1765 1556 2022 1630 ’Ὕψιστον
2051 1556 2252 1620 καλεῖν,
2279 1555 2312 1626 ἢ
2339 1555 2498 1624 Ζῆνα,
2607 1555 2907 1616 Ἀδωναῖον,
2941 1555 2973 1624 ἢ
3003 1553 3259 1619 meane;

375 1668 558 1722 Ταῦτα
617 1669 691 1739 δὴν
733 1669 827 1722 καὶ
868 1669 937 1721 τὰ
973 1668 1178 1729 τούτοις
1226 1667 1481 1732 ἀνάλογον
1530 1662 1636 1731 (81)
1690 1658 1856 1728 ἀπόῤ-

2025 1653 2115 1706 46.
2155 1653 2327 1719 Atque
2359 1651 2718 1718 limealiaque
2749 1651 2798 1703 id
2831 1667 2998 1719 genus
3030 1666 3223 1704 arcana
3255 1651 3310 1705 in
3340 1665 3500 1705 causa

306 1756 443 1824 ῥητα
469 1755 812 1825 ἐπιστάμενοι
856 1755 1091 1824 Μωῦσῆς
1132 1755 1224 1807 καὶ
1255 1755 1305 1805 οἱ
1331 1753 1621 1822 προφῆται,
1653 1749 1858 1816 ἀπαγο-

306 1844 548 1912 ρεύουσιν
568 1844 733 1914 ὄνομα
749 1845 880 1897 θεῶν
902 1846 1097 1916 ἑτέρων
1113 1845 1390 1913 ὀνομάζειν
1410 1844 1465 1894 ὲν
1484 1842 1705 1911 στόματι
1724 1840 1854 1910 (8'2),

308 1935 655 2004 μελετήσαντι
679 1934 752 2004 τῷ
768 1936 856 1987 ἐπὶ
880 1937 1007 1987 πᾶσι
1034 1936 1174 2005 μόνῳ
1200 1933 1446 2004 εὔχεσθαι
1468 1933 1604 2002 Θεῷ,
1628 1933 1717 1984 καὶ
1740 1935 1859 1985 ἀνα-

309 2023 658 2096 μνημονεύειν
698 2028 756 2078 ὲν
793 2026 984 2097 καρδίᾳ
1019 2025 1368 2097 διδασκομένη
1409 2025 1722 2092 καθαρεύειν
1745 2023 1858 2077 ’ἀπὸ

304 2115 486 2187 πάσης
509 2120 858 2186 ματαιότητος
883 2101 1161 2186 νοημάτων
1190 2115 1278 2168 καὶ
1295 2115 1503 2179 λέξεων.
1527 2117 1634 2169 Καὶ
1653 2116 1735 2169 διὰ
1755 2133 1860 2167 τοι-

306 2205 444 2258 αῦτα
474 2209 648 2259 πᾶσαν
674 2207 853 2259 αἰκίαν
881 2205 993 2277 (85)
1025 2208 1310 2277 ὑπομένειν
1342 2207 1536 2278 μᾶλλον
1567 2208 1859 2277 αἱρούμεθα

307 2296 340 2365 ἢ
370 2295 458 2348 τὸν
487 2283 584 2348 Δία
620 2297 939 2366 ὁμολογῆσαι
972 2297 1119 2350 Θεόν.
1152 2298 1225 2350 Ού
1254 2297 1360 2369 γὰρ
1399 2298 1489 2351 τὸν
1531 2300 1689 2351 αὑτὸν
1727 2295 1860 2353 εἶναι

308 2387 758 2458 ὑπολαμϐάνομεν
791 2385 905 2457 (84)
937 2388 1032 2440 Δία
1054 2389 1148 2441 καὶ
1180 2389 1403 2479 Σαῆαὼθ
1423 2406 1436 2421 °
1459 2390 1572 2444 ’ἄλλ’
1595 2392 1700 2444 οὐδ’
1731 2393 1863 2456 ὅλως

307 2480 448 2550 θεῖόν
476 2497 529 2532 τι
546 2480 635 2533 τὸν
661 2482 775 2533 Δία·
805 2479 1026 2550 δαίμονα
1065 2481 1120 2533 δέ
1161 2499 1280 2534 τινα
1320 2482 1526 2553 χαίρειν
1553 2483 1719 2548 οὕτως
1752 2486 1863 2536 ὀνο-

310 2568 640 2640 μαζόμενον,
683 2571 743 2623 οὐ
786 2572 934 2639 φίλον
989 2572 1291 2644 ἀνθρώποις
1339 2575 1457 2627 οὐδὲ
1498 2577 1574 2647 τῷ
1631 2575 1863 2646 ἀληθινῷ

306 2659 443 2729 Θεῷ.
470 2661 583 2713 Κᾶν
605 2661 883 2728 Αἰγύπτιοι
905 2661 960 2713 δὲ
983 2662 1071 2714 τὸν
1113 2662 1350 2732 Ἀμμοῦν
1369 2665 1499 2732 ἡμῖν
1526 2665 1860 2733 προτείνωσι,

307 2747 531 2803 θάνατον
696 2751 1055 2815 ἀπειλοῦντες,
1099 2753 1457 2822 τεθνηξόμεθα
1492 2755 1684 2823 μᾶλλον
1718 2757 1748 2825 ἢ
1775 2759 1863 2810 τὸν

319 2840 561 2911 ’Δμμοῦν
613 2842 1070 2911 ἀναγορεύσαιμεν
1115 2842 1254 2906 θεὸν,
1295 2843 1860 2914 παραλαμϐανόμενον,

303 2932 383 2992 ὡς
409 2931 569 2992 εἰκὸς,
613 2930 668 2982 έν
691 2948 828 2983 τισιν
855 2932 1176 2998 Αἰγυπτίαις
1194 2931 1493 2994 ’καλούσαις
1520 2934 1609 2986 τὸν
1639 2936 1864 3006 δαίμονα

305 3019 492 3072 τοῦτον
531 3020 782 3088 ἐπῳδαῖς.
816 3021 1132 3088 Λεγέτωσαν
1163 3022 1218 3072 δὲ
1251 3023 1339 3073 καὶ
1365 3023 1562 3076 Σκύθαι
1591 3024 1679 3077 τὸν
1715 3026 1865 3078 Παπ-

307 3113 463 3164 παίον
490 3110 619 3162 Θεὸν
651 3106 787 3165 εἶναι
826 3113 914 3163 τὸν
953 3112 1042 3163 ἐπὶ
1089 3114 1250 3164 πᾶσιν
1269 3129 1283 3141 ³
1328 3111 1440 3164 ἀλλ’
1470 3115 1626 3184 ἡμεῖς
1655 3115 1714 3166 οὐ
1744 3134 1863 3168 πει-

309 3200 533 3269 σόμεθα,
560 3201 795 3263 τιθέντες
830 3202 926 3271 μὲν
956 3202 1047 3254 τὸν
1075 3201 1164 3254 ἐπὶ
1190 3203 1320 3255 πᾶσι
1345 3202 1494 3266 Θεὸν,
1526 3203 1599 3266 ὡς
1628 3204 1683 3257 δὲ
1716 3205 1865 3273 φίλον
1901 3261 1906 3265 ,

304 3289 387 3359 τῷ
415 3290 625 3358 λαχόντι
652 3292 748 3361 τὴν
776 3291 993 3344 Σκυθῶν
1021 3291 1271 3361 ἐρημίαν,
1306 3294 1397 3346 καὶ
1421 3294 1480 3345 τὸ
1513 3294 1658 3357 ἔθνος
1690 3296 1864 3347 αὐτῶν

307 3378 405 3431 καὶ
435 3379 532 3448 τὴν
557 3378 848 3442 διάλεκτον,
877 3380 974 3432 ούκ
1007 3367 1365 3449 ὀνομάζοντες
1385 3380 1474 3434 τὸν
1511 3381 1640 3435 Θεὸν
1668 3384 1742 3445 ὡς
1772 3401 1867 3436 κυ-

310 3466 412 3536 ρίῳ
449 3467 665 3536 ὀνόματι
696 3467 771 3538 τῷ
815 3470 1115 3523 Παππαίον.
1151 3472 1400 3524 Σκυθιστὶ
1445 3471 1552 3542 γὰρ
1593 3473 1654 3524 τὸ
1697 3490 1863 3544 προσ-

307 3556 562 3624 ηγορικὸν
587 3557 677 3608 τὸν
709 3557 856 3621 Θεὸν,
887 3560 978 3627 καὶ
1019 3561 1358 3627 Αἰγυπτιστὶ,
1393 3563 1487 3614 καὶ
1523 3565 1668 3635 πάσῃ
1693 3565 1864 3618 διαλέ-

309 3661 444 3714 κτῳ,
532 3646 754 3711 ἕκαστος
791 3648 1162 3720 ὲντέθραπται,
1187 3651 1480 3723 ὀνομάζων,
1505 3653 1599 3724 οὐχ
1627 3657 1866 3728 ἁμαρτή-

315 3753 486 3791 σεται.

1907 1756 1918 1769 ’
1957 1744 2197 1817 fuerunt,
2254 1756 2350 1794 cur
2395 1738 2604 1811 Moyses
2648 1750 2702 1795 et
2751 1743 3027 1810 propheta:
3071 1745 3400 1807 vetarent",
3438 1758 3504 1799 ne

1955 1833 2182 1886 aliorum
2213 1833 2434 1886 deorum
2485 1846 2677 1886 nomen
2710 1832 3044 1900 proferretur
3071 1847 3191 1896 ore,
3223 1834 3363 1902 quod
3397 1835 3499 1889 soli

1957 1923 2065 1976 Deo
2092 1937 2281 1990 preces
2314 1922 2536 1975 fundere
2567 1922 2942 1990 proﬁtebatur,
2971 1933 3024 1976 et
3071 1938 3254 1977 eorum
3301 1938 3506 1978 memo-

1955 2014 2033 2067 ria
2071 2014 2122 2066 in
2153 2013 2318 2067 corde
2348 2024 2683 2078 servaretur,
2732 2015 2873 2082 quod
2903 2031 2930 2066 a
2977 2016 3132 2068 vanis
3165 2016 3503 2084 cogitationi-

1955 2105 2056 2159 bus
2088 2106 2348 2173 vanisque
2383 2106 2542 2158 dictis
2587 2121 2785 2174 purum
2820 2121 2878 2159 se
2929 2116 3186 2175 praestare
3219 2109 3502 2163 didicerat.

1958 2196 2080 2249 "me
2124 2197 2284 2249 etiam
2337 2196 2564 2259 faciunt,
2593 2205 2650 2248 ut
2699 2197 2901 2265 quaevis
2956 2207 3221 2250 tormenta
3264 2197 3504 2265 perferre

1958 2289 2461 2356 malintus,.quant
2509 2287 2692 2340 Jovem
2752 2287 2998 2341 confiteri
3069 2289 3256 2342 Deum.
3317 2288 3506 2358 Neque

1959 2380 2102 2432 enim
2153 2388 2406 2447 putamus
2461 2382 2706 2453 eumdem
2756 2380 2938 2434 Jovem
2981 2397 3099 2436 esse
3136 2398 3198 2438 ac
3225 2382 3502 2450 Sabaoth;

1962 2471 2071 2524 imo
2109 2486 2176 2524 ne
2201 2470 2328 2538 quid
2360 2470 2597 2523 divinum
2638 2472 2849 2538 quidem
2878 2486 2995 2526 esse
3025 2472 3232 2538 Jovem,
3265 2476 3361 2530 sed
3400 2477 3508 2530 dan--

1963 2573 2170 2613 monem
2203 2562 2508 2630 quempiam
2542 2569 2594 2613 et
2628 2562 2932 2615 hominibus
2989 2571 3043 2616 et
3086 2579 3218 2619 vero
3275 2566 3383 2622 Deo
3426 2567 3509 2620 in-

1962 2647 2193 2713 fensum,
2243 2650 2331 2715 qui
2382 2663 2440 2703 se
2492 2650 2591 2722 hoc
2642 2649 2856 2704 nomine
2914 2651 3157 2705 decorari
3193 2655 3409 2723 gaudet.
3444 2656 3509 2709 Et

1961 2739 2276 2792 Ammonem
2337 2738 2480 2802 liceL
2511 2740 2746 2837 Aigyptii
2819 2741 2970 2796 nobis
3025 2743 3286 2799 intentata
3332 2756 3507 2802 morte

1962 2828 2289 2900 adorandum
2367 2827 2764 2904 proponerent,
2832 2833 2967 2884 mori
3041 2836 3508 2904 prmoptabimus,

1963 2846 2289 2900 adorandum
2367 2846 2606 2897 propone
2641 2846 2727 2882 ent
2748 2869 2764 2895 ,
2832 2846 2967 2884 mort
3041 2846 3464 2904 prmoptabimus
3490 2877 3508 2902 ,

1963 2933 2122 2985 quam
2153 2918 2314 2971 Deum
2339 2846 2926 2998 appellare‘dmmonem
2965 2921 3134 2984 illum,
3157 2924 3248 2991 qui
3276 2926 3379 2979 hoc
3409 2941 3508 2982 no—

1966 3007 2104 3060 mine
2139 3007 2322 3095 procul
2355 3009 2515 3062 dubio
2543 3008 2875 3078 Egyptiacis
2913 3013 3228 3079 quibusdam
3263 3015 3510 3070 incanta-

1964 3097 2200 3153 tionibus
2248 3099 2554 3172 invocatur.
2601 3101 2793 3153 Dicant
2853 3111 2904 3155 ct
2957 3103 3171 3172 Scytha:
3218 3105 3506 3177 Pappazum

1963 3204 2082 3245 esse
2115 3177 2382 3241 summum
2411 3189 2576 3243 Deum
2603 3206 2617 3242 :
2645 3206 2743 3244 nos
2793 3191 2898 3246 illis
2931 3194 3086 3247 {idem
3132 3211 3235 3250 non
3291 3197 3510 3255 habebi-

1963 3294 2102 3331 mus.
2165 3277 2301 3330 Nam
2352 3279 2599 3346 ponimus
2657 3281 2873 3348 quidem
2953 3297 3071 3338 esse
3141 3288 3510 3345 universitatis

1965 3371 2153 3436 Deum,
2185 3374 2274 3427 sed
2335 3387 2591 3440 negamus
2643 3373 2916 3439 proprium
2967 3374 3083 3442 ejus
3131 3390 3253 3434 esse
3313 3395 3507 3438 nomen

1963 3446 2268 3532 Pappaaum,
2300 3477 2405 3530 quo
2432 3463 2654 3518 nomine
2695 3463 2992 3518 delectatur
3023 3467 3130 3532 ille,
3166 3471 3255 3537 qui
3282 3470 3509 3543 Scytha-

1967 3568 2084 3605 rum
2114 3551 2450 3615 solitudines,
2476 3553 2750 3608 nationem
2806 3563 2860 3608 et
2907 3556 3144 3624 linguam
3176 3561 3370 3614 sortito
3410 3560 3510 3615 ob-
3567 3594 3576 3602 ρ

1966 3632 2143 3695 tinuit.
2171 3641 2436 3695 Caeterum
2461 3642 2601 3710 quod
2637 3657 2826 3696 nomen
2862 3643 2912 3695 in
2941 3645 3193 3714 Scythica
3224 3648 3306 3702 vel
3335 3649 3501 3722 Egy-

1963 3731 2136 3799 ptiaca
2162 3731 2244 3783 vel
2292 3731 2344 3782 in
2371 3732 2558 3798 quavis
2596 3731 2697 3782 alia
2737 3733 2960 3799 quisque
2989 3735 3247 3790 educatus
3282 3750 3365 3792 est
3403 3740 3505 3795 lin-

1963 3835 2063 3888 gua
2097 3819 2261 3872 Deum
2290 3820 2578 3888 significat,
2609 3819 2736 3874 illud
2773 3820 2881 3875 Deo
2928 3824 3088 3876 tribui
3141 3825 3262 3881 sine
3286 3842 3505 3894 peccato

1962 3918 2155 3976 potest.
2489 3913 2493 3918 '

2030 4000 2116 4051 47.
2156 3999 2234 4051 Ad
2265 3998 2733 4054 circumcisionem
2792 4005 2932 4071 quod
2988 4015 3221 4072 spectat,
3263 4024 3368 4063 non
3411 4025 3506 4066 ea-

384 4000 455 4053 Τὸ
487 4002 531 4055 δ’
581 4002 747 4056 αἴτιον
764 4005 862 4074 τῆς
921 4006 1183 4061 Ἰουδαίων
1219 4011 1514 4080 περιτομῆς
1559 4012 1618 4064 ού
1671 4015 1862 4068 ταυτόν

305 4093 424 4143 ἐστι
445 4090 520 4159 τῷ
548 4094 702 4161 αἰτίῳ
729 4095 825 4163 τῆς
855 4097 1160 4163 Αίγυπτίων
1193 4098 1299 4167 (86)
1331 4099 1628 4169 περιτομῆς
1659 4101 1691 4171 ἢ
1725 4103 1859 4153 Κόλ-

1961 4089 2079 4141 dem
2123 4088 2236 4155 ejus
2266 4090 2589 4156 usurpandae
2632 4105 2793 4144 causa
2818 4103 2900 4146 est
2927 4097 3068 4162 apud
3120 4097 3355 4168 Judzeos,
3385 4117 3505 4171 qua

304 4196 446 4250 χωνο
488 4181 567 4233 διὸ
602 4181 699 4249 οὐχ
735 4184 769 4251 ἡ
812 4183 946 4252 αὐτὴ
989 4187 1261 4256 νομισθείη
1314 4187 1380 4239 ἂν
1420 4191 1703 4259 περιτομή.
1753 4191 1862 4242 Καὶ
1899 4217 1905 4223 ι
1961 4177 2098 4245 apud
2125 4176 2408 4248 Εῧῖβίίοε
2443 4188 2536 4231 ³¹¹ί
2567 4180 2818 4235 (ῙοῙοΙΙοεο
2872 4183 2948 4237 Ex
2980 4201 3083 4253 (1υο
3127 4188 3359 4245 emam?
3397 4208 3503 4249 Ιιοῐι

302 4267 494 4337 ὥσπερ
519 4272 546 4320 ὁ
576 4269 715 4322 θύων
741 4271 800 4336 οὐ
827 4271 904 4341 τῷ
930 4273 1076 4343 αὐτῷ
1117 4274 1250 4339 Θύει,
1294 4277 1340 4329 εἰ
1375 4278 1468 4330 καὶ
1493 4278 1689 4346 ὁμοίως
1716 4278 1859 4332 θύειν

1960 4271 2201 4323 eamdem
2288 4285 2408 4325 esse
2480 4273 2965 4333 circumcisionem.
3049 4277 3501 4343 Quemadmodum

301 4357 468 4418 δοκεῖ,
495 4360 586 4410 καὶ
617 4360 644 4409 ὁ
674 4360 958 4429 εὐχόμενος
988 4363 1048 4414 ού
1097 4364 1174 4434 τῷ
1213 4366 1358 4436 αύτῷ
1393 4367 1625 4437 εὔχεται,
1677 4372 1725 4422 εί
1767 4374 1859 4426 καὶ

1963 4361 2106 4415 enim
2142 4375 2206 4415 ex
2237 4377 2301 4416 eo
2340 4364 2480 4431 quod
2511 4366 2632 4427 quis
2661 4366 2845 4420 eadem
2895 4369 3102 4425 ratione
3152 4387 3306 4426 sacra
3357 4375 3501 4440 facit,

302 4445 375 4499 τὰ
401 4445 535 4498 αύτά
566 4446 624 4498 ὲν
648 4451 767 4510 ταῖς
795 4450 976 4517 εὐχαῖς
1002 4451 1169 4514 ἀξιοῖ·
1203 4454 1372 4518 οὕτως
1394 4457 1500 4509 οὐδ’
1533 4458 1586 4510 εἴ
1613 4477 1692 4524 τις
1716 4479 1859 4533 περι-

1966 4478 2070 4515 ηοη
2102 4478 2221 4516 eum
2269 4463 2515 4533 sequitur
2544 4466 2717 4518 eidem
2769 4481 2926 4520 sacra
2960 4468 3159 4532 facere,
3190 4480 3282 4522 aut
3326 4472 3498 4525 eidem

299 4533 575 4603 τέμνεται,
609 4537 883 4610 ἀδιαφορεῖ
908 4542 1121 4606 πάντως
1151 4545 1248 4614 τῆς
1273 4547 1405 4631 πρὸς
1437 4548 1618 4621 ἕτερον
1652 4571 1859 4625 περιτο-

1960 4553 2154 4607 oﬂ'erre
2186 4569 2391 4622 preces,
2425 4555 2515 4623 qui
2570 4555 2754 4608 eadem
2811 4557 2877 4631 in.
2919 4560 3165 4624 precibus
3222 4561 3500 4628 postulat:

305 4625 416 4696 μῆς
447 4626 576 4697 (87).
613 4629 675 4680 Ἠ
703 4631 809 4701 γὰρ
841 4633 1111 4701 πρόθεσις,
1146 4638 1238 4688 καὶ
1269 4639 1297 4688 ὁ
1329 4623 1507 4708 νόμος,
1544 4644 1633 4694 καὶ
1660 4623 1859 4714 τὸβού-

1963 4646 2062 4712 sic,
2097 4648 2311 4700 etiamsi
2375 4646 2495 4714 quis
2550 4647 2993 4712 circumcidatur,
3050 4649 3267 4704 minime
3314 4666 3504 4706 consc-

301 4717 454 4785 λημα
467 4717 557 4770 τοῦ
583 4722 768 4791 περιτέ
775 4740 1009 4792 μνοντος,
1033 4727 1234 4781 ἀλλοῖον
1251 4733 1394 4783 ποιεῖ
1406 4733 1464 4784 τὸ
1486 4737 1728 4806 πρᾶγμα.
1748 4739 1859 4791 Ἵνα

1960 4751 2129 4805 quens
2159 4745 2241 4791 est
2275 4735 2393 4803 ejus
2419 4737 2887 4790 circumcisionem
2919 4738 2984 4789 ab
3019 4737 3239 4790 alterius
3269 4738 3503 4794 circum-

299 4809 349 4864 δ’
381 4809 458 4863 ἔτι
489 4811 683 4882 μᾶλλον
709 4815 868 4885 νοηθῇ
902 4818 961 4869 τὸ
995 4819 1100 4871 πᾶν
1128 4821 1269 4873 κατά
1297 4822 1388 4876 τὸν
1417 4825 1597 4892 τόπον,
1627 4828 1859 4894 λεκτέον,

1961 4828 2169 4882 cisione
2227 4841 2331 4880 non
2385 4827 2711 4895 discrepare.
2746 4827 3022 4879 Diversum
3069 4829 3210 4880 enim
3256 4832 3503 4900 proposi-

299 4901 390 4953 ὅτι
418 4901 479 4953 τὸ
508 4904 606 4972 τῆς
634 4902 970 4976 δικαιοσύνης
1008 4909 1173 4978 ὄνομα
1212 4912 1403 4966 ταυτὸν
1432 4917 1535 4984 μέν
1572 4917 1684 4969 ἐστι
1716 4920 1859 4990 παρά

1965 4929 2097 4981 tum,
2130 4917 2340 4970 diversa
2396 4917 2502 4978 lex,
2535 4917 2803 4969 diversum
2835 4917 3272 4970 circumcidentis
3327 4921 3505 4975 consl-

299 4991 468 5042 πᾶσιν
498 4992 779 5064 Ἕλλησιν·
843 4998 942 5067 ῆδη
979 4999 1037 5051 δὲ
1077 5001 1453 5056 ἀποδείκνυται
1497 5007 1627 5078 άλλη
1671 5011 1779 5079 ,μὲν
1829 5013 1859 5080 ἡ

1963 5007 2093 5060 lium
2127 5007 2354 5070 faciunt,
2381 5015 2436 5059 ut
2472 5005 2634 5075 614
2676 5007 2886 5058 diversa
2946 5005 3015 5057 sit
3061 5005 3222 5058 etiam
3266 5005 3503 5063 circum-

297 5080 423 5136 κατ’
464 5083 777 5155 Ἐπίκουρον
821 5087 1127 5161 δικαιοσύνη
1172 5091 1303 5160 (88),
1345 5093 1474 5166 άλλη
1524 5097 1580 5149 δὲ
1637 5101 1669 5168 ή
1728 5101 1859 5154 κατά

1964 5100 2116 5154 cisio.
2150 5099 2302 5164 Quod
2328 5098 2541 5166 quidem
2573 5106 2629 5149 ut
2672 5097 2906 5164 penitius
2936 5093 3286 5166 intelligatur,
3318 5097 3501 5155 dicen-

378 5176 423 5207 ³³
461 5176 629 5230 Exod.
648 5176 822 5246 ‘xxm,
862 5184 964 5248 13;
997 5185 1137 5239 Psal.
1173 5202 1265 5250 xv,
1305 5188 1360 5241 4.

399 5270 488 5349 81
528 5271 860 5349 gratiore”.
887 5276 1199 5349 Pltijocalia,
1226 5281 1365 5333 κατὰ
1386 5281 1443 5334 τὸ
1465 5280 1741 5349 ἀνάλογον.

1963 5348 1966 5349 ν
2027 5280 2138 5349 (84)
2173 5279 2705 5344 Ὗπολαμὸάνομεν.
2741 5278 2864 5349 _Sic
2903 5278 3214 5337 Philocalia.
3247 5281 3507 5341 Hmsche-

402 5338 491 5402 82)
530 5338 862 5420 Hggscbelius
890 5354 943 5398 et
969 5338 1270 5420 _Spencerus
1303 5351 1368 5420 in;
1396 5361 1563 5420 textu,
1614 5338 1670 5402 ὲν
1720 5348 1846 5420 [ἑνὶ]

1956 5338 2056 5402 lius
2083 5338 2256 5420 autem
2294 5357 2338 5420 et
2375 5338 2697 5420 Spencerus.
2730 5347 3258 5420 ὑπολαμϐανόμενον.

298 5407 550 5490 ςτόματι.
584 5407 716 5490 θέοι.
759 5427 854 5476 pro
905 5407 1277 5486 μελετήσαντι,
1333 5407 1588 5473 Gelenius
1638 5407 1848 5471 videtur

1996 5407 2495 5490 A(_8§)_l_lmst_-_hcliu_s
2549 5416 2616 5490 in_
2659 5407 3107 5490 iuungam“;
3163 5422 3328 5475 Paulo
3384 5430 3504 5490 post

294 5475 499 5558 leti???
521 5475 934 5558 ἐελετήσαγτςεέ-
1002 5551 1023 5558 -
1086 5475 1144 5558 '_
1184 5554 1233 5558 __
1263 5475 1276 5483 ’

1955 5475 2043 5558 ubi
2079 5475 2364 5558 Philocalia
2401 5486 3053 5558 Ιιιιὺυι,ἀναγορεύσαιμεν
3073 5490 3214 5551 θεόν,
3249 5475 3503 5558 Htxgsclte-

378 5545 487 5628 (εξ)
511 5544 722 5625 Πᾶσανί
748 5550 965 5628 gina)».
995 5551 1077 5606 Jo.
1113 5554 1323 5628 §elden‘.
1364 5564 1626 5625 syntagm.
1663 5559 1717 5619 2,
1779 5557 1851 5610 De

1955 5557 2059 5628 lius
2093 5560 2174 5628 eL
2202 5553 2509 5628 _S_pen_c_ertt_s
2567 5544 2776 5628 habent'
2799 5597 2810 5617 ,
2845 5544 3300 5628 dvat'yopsticopsv
3329 5553 3494 5611 ’θεόν.

296 5614 407 5694 ﬂii:
438 5614 585 5682 Syris
620 5629 638 5666 :
691 5631 726 5694 «Ι
746 5615 839 5670 Pie
895 5618 1066 5672 fateor
1087 5614 1408 5694 _0_rigenes,'
1434 5614 1550 5694 qui
1583 5643 1684 5680 non
1707 5614 1714 5619 ’
1735 5628 1848 5677 Vult

1955 5614 2431 5694 lulraJPltjlocalia,
2466 5625 2623 5693 ἡμεῖς
2652 5625 2712 5675 ού
2741 5614 3056 5694 πειθόμεθαί

299 5682 472 5762 _Deum
496 5697 675 5762 verum
698 5681 880 5762 Jovem
914 5691 1131 5762 _vocar_i_,_
1151 5681 1236 5762 idv
1250 5702 1351 5756 est,
1380 5681 1550 5762 Ζῆνα,
1575 5698 1643 5748 ob
1694 5696 1849 5747 fabu-

2027 5691 2137 5762 (εδ)
2167 5681 2579 5762 ttmschqt'iu’s'an
2604 5681 2785 5752 ἰεκιυ.
2818 5681 3129 5760 Atium».

298 5750 479 5833 larum
508 5752 575 5833 de
610 5765 672 5804 eo
705 5755 1266 5833 sptt.rcitiem._Videas
1325 5750 1665 5830 ejus'librum
1697 5764 1850 5832 quiu-

2174 5761 2344 5833 Mallet
2374 5761 2613 5833 Gnietus,
2652 5766 2716 5832 τῇ
2752 5750 3099 5832 πρὸς”ἐτερον
3125 5765 3408 5833 περιτομῇ.

297 5827 415 5876 tum
451 5823 693 5874 adversus
719 5821 943 5878 Celsum.
983 5842 1003 5876 ι
1039 5825 1296 5882 SPENCBB.
1351 5821 1369 5830 ⁷
1713 5821 1728 5832 ’

2029 5821 2138 5905 (88)
2179 5832 2358 5897 Ἀλλή
2381 5832 2494 5901 μὲν
2526 5833 2563 5899 ἡ
2595 5821 2718 5884 καθ
2760 5821 3106 5898 Ἐπίκουρον
3129 5821 3499 5904 δικαιοσύνη.
