4094 6322
227 453 357 505 I305

1395 443 1673 503 CONTRA
1709 439 1987 500 CELSUM
2021 438 2145 493 LIB.
2186 435 2267 490 Vl.

3284 436 3307 489 Ι
3316 435 3421 492 306

218 567 535 639 βλυλόμενος
561 570 801 639 ἀπαντᾷν
826 568 900 640 τῷ
924 568 1132 637 Κέλσῳ,
1157 568 1236 619 ὅτι
1267 566 1359 618 καὶ
1385 566 1608 619 Πλάτων
1640 565 1759 617 ἀλα-

1874 561 2024 614 Plato
2055 559 2215 612 etiam
2257 553 2314 610 se
2357 552 2560 607 tumide
2591 555 2846 612 ostentat,
2879 551 3086 620 quippe,
3107 553 3198 621 qui
3235 553 3421 611 Jovem

217 659 510 720 ζονεύεται,
530 663 587 712 ὲν
607 663 672 729 τῇ
697 660 789 712 τοῦ
811 661 928 721 Διὸς
949 658 1085 710 κατᾶ
1103 659 1190 709 τὸν
1212 659 1446 725 Τίμαιον
1459 655 1772 725 ,δημηγορίᾳ

215 746 563 816 λέγωνοιθεοὶ
592 749 726 801 θεῶν
753 749 882 818 (21),
899 743 970 800 ὧν
995 747 1102 814 ἐγὼ
1119 747 1439 816 δημιουργὸς
1457 747 1547 798 καὶ
1570 744 1767 813 πατὴρ,

216 836 391 888 καὶτὰ
422 839 564 906 ἑξῆς.
601 855 618 888 ι
658 837 796 889 Ἀλλ’
814 839 860 888 εί
889 823 1282 905 άπολογήσετάἶ
1309 851 1392 896 τις
1421 835 1545 902 περὶ
1568 832 1770 883 τούτων

212 925 301 976 διὰ
339 927 428 977 τὸν
461 925 584 978 νοῦν
627 927 718 978 τοῦ
757 925 1382 995 δημηγοροῦντοςπαρὰ
1413 923 1490 992 τῷ
1529 922 1770 974 Πλάτωνι

212 1013 358 1076 Διός⁴
393 1015 481 1081 διὰ
506 1015 557 1067 τί
587 1019 613 1067 ό
643 1015 904 1078 ἐξετάζων
931 1015 1020 1066 τὸν
1049 1014 1169 1067 νοῦν
1188 1015 1293 1066 τῶν
1326 1014 1495 1080 λόγων
1524 1011 1615 1064 τοῦ
1645 1010 1769 1063 Υίοῦ

211 1102 302 1154 τοῦ
334 1104 488 1168 Θεοῦ,
517 1105 549 1172 ἦ
582 1104 686 1154 τῶν
718 1107 775 1154 ὲν
807 1106 916 1165 τοῖς
950 1103 1250 1172 προφήταις
1282 1100 1372 1153 τοῦ
1407 1097 1768 1169 Δημιουργοῦ,

209 1188 328 1255 οὒχὶ
357 1189 449 1240 καὶ
481 1188 657 1240 πλεῖόν
685 1205 736 1241 τι
767 1192 899 1258 ἐρεῖ,
936 1188 1084 1257 παρὰ
1122 1188 1216 1256 τὴν
1248 1190 1303 1239 ὲν
1335 1188 1411 1258 τῷ
1443 1188 1646 1256 Τιμαίῳ
1675 1183 1768 1237 τοῦ

209 1277 330 1338 Διὸς
357 1277 721 1348 δημηγορίαν;
753 1279 823 1330 Τὸ
852 1279 958 1350 γάρ
984 1278 1378 1348 χαρακτηρίζον
1406 1279 1502 1347 τὴν
1531 1277 1768 1345 Θεότητα

208 1367 244 1434 ἡ
281 1368 404 1437 περὶ
443 1367 742 1436 μελλόντων
787 1370 930 1420 ἐστὶν
956 1369 1278 1436 ἀπαγγελία,
1313 1369 1372 1420 οὐ
1413 1368 1526 1419 κατ’
1564 1366 1769 1435 ἀνθίω-

211 1455 371 1525 πίνην
411 1457 567 1523 φύσιν
597 1459 922 1528 λεγομένων,
953 1461 1043 1511 καὶ
1074 1463 1192 1521 ταῖς
1222 1459 1475 1511 ὲκΰάσεσι
1520 1457 1768 1527 κρινομέ-

207 1563 335 1606 νων,
369 1548 454 1598 ὂτι
487 1548 624 1600 θεῖον
655 1549 875 1618 Πνεῦμα
903 1545 968 1618 ἦν
999 1551 1060 1601 τὸ
1090 1549 1259 1600 ταῦτα
1297 1548 1656 1615 ἀπαγγέλλον.
1692 1549 1764 1598 Οὐ

208 1635 340 1704 πρὸς
386 1636 559 1688 πάντα
600 1633 691 1690 οῦν
739 1639 828 1689 τὸν
862 1639 1149 1707 προσιόντα
1198 1639 1395 1708 φαμὲν,
1443 1639 1523 1689 ὅτι
1558 1640 1768 1710 πρῶτον

209 1724 517 1789 πίστευσον,
539 1727 596 1779 ὃν
619 1729 837 1798 εἰσηγοῦ
847 1729 939 1798 μαί
972 1747 1070 1794 σοι,
1096 1729 1281 1780 τοῦτον
1309 1726 1442 1781 εἶναι
1464 1729 1589 1780 Υίὺν
1609 1727 1763 1781 Θεοῦο

203 1810 318 1863 ἀλλ’
354 1813 567 1882 ἑκάστῳ
607 1815 746 1866 κατὰ
777 1817 836 1867 τὸ
872 1817 1076 1886 πρέπον
1110 1815 1270 1868 αὑτοῦ
1303 1816 1380 1885 τῷ
1420 1815 1538 1887 ἤθει
1575 1816 1665 1870 καὶ
1698 1824 1769 1882 τῇ

1874 651 1986 704 lucc
2015 650 2067 702 in
2096 646 2286 699 Timwo
2324 643 2587 696 dicentem
2629 639 2798 702 facit;
2836 658 2853 690 ι
2899 641 2979 693 Dii
3012 643 3256 709 deorum,
3287 638 3424 712 quo;

1874 756 1990 793 rum
2043 751 2139 806 ego
2187 734 2433 788 conditor
2481 746 2596 784 sum
2649 739 2705 784 et
2747 738 2919 798 paler,
2958 750 2982 781 ι
3008 741 3114 785 etc.
3141 732 3210 785 At
3234 734 3278 786 si
3310 735 3423 790 haec
3462 731 3469 737 ’

1872 828 2086 883 defendi
2141 834 2363 895 possunt
2411 831 2628 892 propter
2677 823 2996 874 sententiam
3049 825 3423 882 concionantis

1872 922 2011 990 apud
2047 919 2323 971 Platonem
2358 915 2532 968 lovis:
2559 927 2654 965 cur
2679 913 2772 982 qui
2803 924 3034 968 mentem
3063 930 3246 970 eorum
3302 934 3422 986 qnze

1874 1011 1963 1065 Dei
1997 1008 2160 1062 Filius
2225 1015 2316 1057 aut
2344 1005 2563 1057 Creator
2593 1004 2644 1056 in
2675 1005 2948 1071 prophetis
2974 1005 3224 1059 dixerunt
3271 1007 3422 1061 inve-

1872 1093 2258 1165 stigaverit,is
2315 1106 2417 1144 nou
2475 1091 2624 1157 plura
2663 1090 2832 1150 dicet,
2899 1106 3058 1157 quam
3109 1089 3316 1160 Jupiter
3369 1096 3424 1166 in_

1876 1187 2066 1238 Timn'o
2093 1186 2116 1238 ?
2145 1182 2274 1234 Nam
2307 1180 2521 1248 propria
2547 1177 2838 1230 divinitatis
2874 1185 2993 1253 nota
3020 1189 3124 1242 e5t,
3153 1195 3238 1232 res
3278 1180 3425 1232 futu-

1872 1289 1959 1327 ras
2002 1274 2070 1324 ita
2105 1270 2413 1339 praedicere,
2459 1277 2517 1320 ut
2551 1265 2870 1332 pra‘dicendi
2901 1265 3039 1318 ratio
3071 1267 3211 1320 vires
3236 1268 3425 1339 huma-

1871 1379 1966 1416 nas
1996 1369 2234 1429 superet,
2254 1367 2305 1411 ct
2320 1372 2385 1410 ex
2411 1367 2602 1410 eventu
2623 1356 2891 1437 judicctur
2911 1354 3147 1408 divinum
3166 1356 3424 1424 Spiritum

1871 1468 1991 1506 esse
2029 1449 2392 1517 praedictionis
2423 1456 2718 1500 auctorem.
2771 1442 2886 1496 Non
2935 1445 3096 1513 igitur
3125 1448 3430 1514 cuicunque

1870 1543 1934 1594 ad
1965 1556 2061 1594 nos
2114 1538 2386 1592 accedenti
2444 1535 2805 1602 praecipimus,
2855 1541 2913 1584 ut
2959 1533 3190 1600 primunt
3246 1537 3432 1590 credat

1867 1648 2030 1701 quem
2063 1632 2133 1684 illi
2161 1631 2528 1699 proponimus,
2563 1643 2680 1680 eum
2708 1641 2827 1679 esse
2862 1626 2953 1678 Dei
2980 1627 3172 1680 Filium
3204 1647 3219 1682 ;
3251 1630 3343 1682 sed
3375 1633 3428 1683 in

1873 1721 2130 1777 tradenda
2163 1730 2344 1774 nostra
2388 1719 2632 1773 doctrina
2679 1716 2939 1769 habemus
2982 1718 3267 1791 rationem,
3309 1719 3430 1786 qui-

1870 1815 1966 1862 bus
1992 1814 2218 1880 quisque
2244 1813 2310 1864 sit
2347 1810 2608 1867 muribus,
2661 1815 2714 1860 et
2750 1807 3021 1872 quomodo
3065 1807 3287 1862 allectus
3333 1809 3424 1864 sit.

206 1904 534 1956 καταστάσει
567 1905 909 1974 προσάγομεν
930 1907 1019 1958 τὸν
1047 1906 1200 1973 λόγον
1222 1923 1234 1935 ·
1268 1905 1526 1976 μαθόντες
1553 1908 1752 1961 ιίδεοσῐ.

1883 1904 2089 1957 Etenim
2122 1902 2260 1955 scire
2306 1898 2609 1960 didicimus,
2647 1914 2666 1947 ι
2719 1897 2988 1964 quomodo
3036 1912 3133 1950 nos
3183 1907 3430 1965 oporteat

211 2007 230 2038 ι
273 1990 390 2053 πῶς
410 1992 490 2044 δεῖ
518 1995 664 2061 ἡμᾶς
689 1997 764 2045 ὲνὶ
798 1995 1013 2064 ἑκάστῳ
1042 1995 1422 2067 ἀποκρίνεσθαι
1439 1997 1572 2067 (ἳὶ).
1613 2015 1635 2051 ι
1665 1995 1748 2043 καὶ

201 2078 364 2142 εἰσιν,
394 2077 474 2142 οἷς
510 2082 687 2132 πλεῖον
722 2084 794 2154 μὴ
820 2083 1134 2152 δυναμένοις
1163 2084 1255 2136 τοῦ
1289 2084 1654 2157 προτραπῆκί
1681 2101 1752 2134 εις

202 2169 266 2220 τὸ
304 2170 577 2222 πιστεύειν
621 2170 776 2223 τοῦτσ
817 2172 1185 2243 κηρύττομεν·
1230 2174 1407 2238 ἄλλοις
1439 2173 1513 2237 δὲ,
1544 2176 1644 2248 ὅση
1685 2176 1769 2226 δὸ-

199 2272 389 2327 ναμις,
433 2260 821 2323 ἀποδεικτικῶς
853 2262 918 2313 δι’
954 2264 1272 2332 ἐρωτήσεων
1303 2265 1395 2318 καὶ
1433 2263 1770 2336 ἀποκρίσεων

202 2349 635 2424 προσερχόμεθα.
685 2350 820 2402 Ἀλλ’
866 2350 986 2403 οὐδὲ
1029 2351 1259 2422 λέγομεν
1298 2355 1358 2406 τὸ
1405 2353 1539 2423 μετὰ
1574 2352 1770 2425 χλεύης

200 2435 308 2488 ὐπὸ
340 2438 432 2489 τοῦ
457 2439 661 2493 Κέλσου
696 2440 1000 2510 εἰρημένον,
1036 2443 1138 2504 ὅτι,
1179 2462 1196 2493 ι
1228 2445 1541 2507 Πίστευσον,
1572 2445 1630 2496 ὃν
1662 2447 1771 2497 εἰσ-

197 2525 444 2595 ηγοῦμαί
484 2544 584 2593 σοι,
635 2530 819 2581 τοῦτον
865 2526 1002 2582 εἶναι
1052 2532 1178 2584 Υἱὸν
1220 2533 1375 2584 Θεοῦ.
1421 2531 1584 2605 κᾶνῇ
1629 2534 1770 2586 δεδε-

200 2615 363 2683 μένος
393 2619 710 2687 ἀτιμότατα,
739 2620 770 2688 ἢ
799 2604 1194 2690 κεκολασμένος
1223 2623 1490 2691 αἴσχιστα,
1517 2604 1615 2675 κᾶν
1643 2625 1766 2692 χθὲς

197 2705 295 2780 καὶ
326 2707 513 2779 πρώην
540 2711 596 2759 ὲν
622 2712 732 2770 τοῖς
761 2709 974 2761 πάντων
993 2710 1284 2780 ὀφθαλμοῖς
1309 2713 1767 2766 ἐπονειδιστότατα

195 2779 677 2865 κεκαλινδημένος·
721 2818 737 2848 ι
776 2798 894 2851 οὐδέ
930 2817 1125 2869 φαμεν·
1232 2801 1415 2871 Ταύτῃ
1447 2802 1538 2852 καὶ
1571 2802 1766 2870 μᾶλλον

196 2882 519 2937 πίστευσον·
559 2905 577 2936 ι
612 2889 690 2949 είς
722 2889 950 2940 ἕκαστον
984 2889 1092 2962 γὰρ
1123 2891 1432 2960 πειρώμεθα
1465 2890 1640 2958 λέγειν
1675 2893 1766 2944 καὶ

196 2973 421 3028 πλείονα
448 2970 520 3027 ὧν
553 2979 610 3028 ὲν
640 2983 749 3041 τοῖς
774 2980 1026 3049 ἀνωτέρω
1059 2981 1367 3050 ὲξεθέμεθα.

267 3060 422 3114 Μετὰ
450 3062 622 3114 ταῦτά
651 3082 811 3135 φησιν
841 3069 868 3116 ὁ
901 3066 1124 3128 Κέλσος,
1168 3069 1270 3129 ὅτι,
1304 3086 1321 3117 ι
1371 3067 1494 3121 Ἐὰν
1523 3069 1629 3121 οἶδε
1666 3071 1763 3140 μὲν

194 3150 218 3221 (
230 3150 403 3218 λέγων
443 3154 828 3224 Χριστιανούς)
862 3157 1186 3224 είσηγῶνται
1219 3158 1388 3219 τόνδε,
1416 3158 1560 3210 ἄλλοι
1584 3159 1640 3210 δὲ
1673 3160 1764 3212 ἄλ-

191 3238 312 3303 λον,
325 3242 499 3294 κοινὸν
525 3243 579 3294 δὲ
607 3244 820 3295 πάντων
841 3245 872 3312 ἢ
896 3247 985 3298 καὶ
1015 3248 1299 3318 πρόχειρον
1369 3245 1500 3315 ('25).
1539 3248 1764 3300 Πίστευ-

193 3343 310 3393 σον,
343 3332 392 3382 εί
425 3331 659 3401 σωθῆναι
700 3333 892 3397 θέλεις,
929 3335 961 3404 ἢ
1005 3337 1189 3389 ἇπιθι’
1233 3359 1250 3388 ι
1289 3339 1340 3390 τί
1369 3333 1760 3409 ποιήσουσινοὶ

188 3419 410 3490 ἀληθῶς
442 3422 706 3484 σώζεσοαι
737 3424 1006 3486 Θέλοντες;
1045 3427 1112 3477 Ἥ
1143 3425 1337 3489 κύϐους
1367 3428 1760 3496 ἀναρρίψαντες

192 3509 601 3576 μαντεύσονται,
626 3515 716 3563 ποῖ
738 3513 1065 3582 τράπωνται,
1092 3517 1183 3566 καὶ
1202 3515 1309 3566 τίσι
1333 3517 1701 3584 προσθῶνται;
1733 3537 1752 3567 ι

187 3597 302 3667 Καὶ
336 3600 472 3669 πρὸς
499 3599 654 3652 τοῦτο
672 3601 724 3652 δὲ
745 3603 851 3653 ἀπὸ
868 3602 966 3671 τῆς
993 3606 1277 3672 ἐναργείας
1307 3605 1416 3676 (24)
1443 3607 1749 3676 ὁρμώμενοι

185 3688 366 3743 ταῦτα
404 3693 664 3761 φήσομεν
720 3693 783 3744 Et
841 3694 936 3762 μὲν
987 3693 1202 3756 πλείους
1243 3692 1400 3764 ἦσαν,
1443 3697 1637 3766 ὁμοίως
1670 3698 1745 3767 τῷ

200 3775 379 3847 ⁹ίησοῦ
410 3779 777 3850 ἱστορούμενοι
809 3781 884 3850 τῷ
918 3780 1016 3851 βίῳ
1046 3782 1150 3834 τῶν
1177 3784 1473 3854 ἀνθρώπων
1506 3787 1747 3856 ἐπιδεδη-

188 3866 449 3934 μηκέναι,
475 3869 547 3931 ὡς
576 3872 680 3922 υἱοὶ
713 3870 865 3933 Θεοῦ,
902 3871 994 3924 καὶ
1024 3872 1248 3936 ἕκαστος
1280 3877 1456 3927 αὐτῶν
1484 3878 1749 3946 περισπά-

137 3959 140 3961 “
185 3971 287 4018 σας
312 3955 422 4026 (25)
453 3960 603 4022 τινὰς
631 3963 708 4024 είς
737 3963 920 4026 αὐτὸν,
951 3961 1074 4015 ὥστ’
1108 3965 1449 4035 ἀμφήριστον
1475 3962 1629 4029 εἶναι,
1659 3967 1749 4020 διά

181 4048 285 4116 τὴν
326 4049 614 4119 ὁμοιότητα
648 4052 749 4120 τῆς
789 4055 1115 4122 ἐπαγγελίας
1157 4056 1405 4124 περὶτοῦ
1448 4059 1573 4111 Υίὸν
1611 4055 1746 4111 εἶναι

181 4134 343 4200 Θεοῦ,
372 4139 460 4190 τὸν
482 4140 585 4190 ὑπὸ
609 4141 714 4194 τῶν
737 4142 1095 4205 πιστευόντων
1118 4145 1264 4215 αὐτῷ
1288 4149 1744 4218 μαρτυρούμενονο

181 4223 372 4295 χώραν
400 4226 465 4278 ἂν
492 4224 605 4297 εἶχε
626 4231 706 4294 τὸ,
748 4250 765 4281 ι
814 4232 936 4283 Ἐὰν
961 4234 1067 4285 οἵδε
1099 4235 1196 4303 μὲν
1225 4237 1550 4306 είσηγῶνται
1583 4239 1752 4307 τόνδε,

1883 1992 2165 2059 unicuique
2194 1991 2518 2058 respondere
2548 1990 2611 2041 “.
2641 2007 2660 2040 ›
2681 1987 2815 2040 Sunt
2838 1989 3078 2056 quidem,
3112 2002 3268 2056 quos,
3303 2003 3426 2042 cum

1887 2080 2012 2134 nihil
2045 2082 2214 2148 magis
2246 2080 2568 2148 possint,'ad
2609 2079 2937 2132 credendum
2977 2081 3288 2146 hortemur;
3331 2081 3427 2134 sed

1879 2171 2035 2237 alios,
2068 2181 2324 2240 quantum
2359 2170 2506 2235 licet,
2534 2170 3047 2236 interrogationilms
3077 2180 3129 2223 et
3155 2172 3431 2238 responsis

1879 2261 2279 2333 persuademus.
2309 2259 2417 2312 Nec
2463 2259 2714 2321 dicimus,
2759 2261 2808 2312 id
2834 2261 2978 2325 quod
3016 2254 3173 2314 nobis
3205 2272 3432 2331 nugator

1877 2351 1967 2408 ille
2013 2352 2228 2404 tribuit:
2265 2370 2281 2400 ι
2317 2351 2489 2403 Crede
2520 2365 2663 2413 eum,
2697 2350 2759 2401 de
2792 2364 2898 2418 quo
2925 2351 3019 2403 tibi
3068 2351 3286 2419 loquor,
3309 2367 3432 2408 esse

1877 2440 1966 2496 Dei
2013 2442 2225 2506 Filium,
2280 2439 2530 2507 quamvis
2589 2439 2750 2492 fuerit
2800 2441 3150 2507 ignominiosa
3187 2442 3430 2506 vinctus,

1875 2541 1967 2584 aut
1990 2532 2125 2598 turpi
2151 2530 2372 2583 allectus
2397 2529 2692 2596 supplicio;
2721 2529 2969 2596 quauivis
2997 2531 3113 2582 beri
3144 2539 3198 2582 et
3237 2531 3431 2583 nudius

1875 2622 2064 2675 tertius
2123 2621 2173 2673 in
2227 2621 2396 2673 oculis
2450 2621 2686 2672 oninium
2751 2621 3168 2686 probrosissime
3216 2621 3431 2676 habitus

1872 2713 1958 2764 sit.
2001 2730 2018 2760 ι
2065 2710 2246 2777 Neque
2277 2711 2530 2763 dicimus:
2573 2728 2590 2759 ι
2628 2709 2707 2763 0b
2739 2711 2838 2763 hoc
2869 2711 3042 2776 ipsum
3092 2711 3262 2779 magis
3305 2725 3428 2764 cre-

1870 2800 1957 2853 de.
1991 2818 2009 2850 )
2069 2798 2198 2850 Nam
2235 2800 2298 2850 de
2325 2786 2552 2865 singulis
2580 2801 2738 2852 rebus
2769 2799 2917 2865 plura
2941 2815 3209 2855 conamur
3261 2817 3429 2870 argu-

1871 2899 2050 2944 menta
2087 2888 2298 2954 alierre,
2340 2903 2497 2956 quam
2531 2904 2693 2957 supra
2727 2889 3092 2956 exposuimus.

1940 3071 2026 3122 ll.
2078 3069 2266 3123 Postea
2306 3069 2493 3122 Celsus
2549 3066 2613 3119 de
2659 3065 2985 3121 Christianis
3030 3067 3111 3120 sic
3166 3066 3274 3120 ait:
3308 3084 3328 3117 ι
3370 3066 3429 3122 Si

1871 3163 2012 3216 hunc
2038 3161 2121 3214 alii
2143 3169 2460 3230 proponunt,
2487 3159 2574 3211 alii
2595 3157 2781 3220 alium,
2805 3171 2992 3211 onmes
3016 3167 3194 3211 tamen
3225 3158 3455 3223 dicunt,‘

1870 3257 1920 3309 id
1955 3258 2092 3322 quod
2130 3255 2180 3306 in
2208 3262 2453 3322 promptu
2487 3264 2598 3305 est:
2629 3249 2822 3311 Crede,
2851 3250 2896 3302 si
2919 3250 3099 3304 salvus
3128 3249 3242 3302 ﬁeri
3275 3250 3428 3312 velis,

1868 3356 1958 3399 aut
1991 3345 2108 3408 abi;
2144 3347 2266 3410 quid
2299 3344 2497 3397 facient
2540 3346 2598 3408 ii,
2635 3343 2726 3411 qui
2759 3342 2886 3394 vere
2915 3341 3150 3394 salutem
3170 3341 3426 3410 consequi

1866 3434 2090 3489 volunt?
2132 3433 2264 3486 Num
2315 3445 2638 3488 tesserarum
2671 3435 2820 3500 jactu
2870 3433 3168 3512 sortientur
3223 3448 3331 3499 quo
3368 3447 3429 3486 se

1863 3534 2091 3585 vertere,
2121 3539 2253 3592 quos
2276 3527 2426 3592 sequi
2455 3527 2716 3581 debeant?
2739 3544 2757 3576 ι
2782 3526 2861 3579 Ad
2891 3525 3007 3578 haec
3046 3526 3124 3578 rei
3157 3524 3428 3578 evidentia

1856 3615 2078 3680 permoti
2104 3617 2572 3680 respondebimus:
2614 3617 2668 3668 Si
2705 3617 2886 3683 plures
2912 3624 3094 3668 essent
3139 3628 3275 3682 quos
3304 3628 3428 3677 per-

1853 3701 1977 3755 inde
2007 3717 2067 3754 ac
2101 3701 2279 3755 Jcsum
2313 3704 2363 3755 in
2394 3707 2527 3757 hanc
2557 3708 2716 3758 vitam
2751 3707 2961 3759 venisse
3018 3715 3077 3765 ut
3111 3705 3255 3757 lilios
3321 3703 3422 3768 Dei

1853 3793 2067 3859 sibique
2110 3803 2405 3847 sectatores
2436 3797 2693 3850 ascivisse
2722 3796 3015 3864 proderent
3061 3794 3321 3858 historiae,
3355 3793 3426 3846 ita

1854 3894 1912 3935 ut
1936 3885 2199 3936 incertum
2235 3896 2376 3938 esset
2409 3886 2700 3940 discrimen
2727 3896 3030 3954 propterea
3078 3888 3221 3954 quod
3263 3900 3430 3940 unus-

1850 3971 2076 4040 quisque
2090 3989 2270 4027 eorum
2291 3971 2347 4031 s'e
2364 3980 2562 4044 pariter
2585 3977 2779 4030 Filium
2799 3992 2918 4030 esse
2941 3977 3030 4030 Dei
3061 3977 3425 4043 polliceretur,

1853 4065 1936 4117 cui
1975 4065 2069 4128 illi,
2126 4068 2214 4134 qui
2255 4067 2564 4132 crederent,
2616 4069 2956 4137 perhiberen:
3034 4069 3424 4125 testimonium.
3462 4106 3471 4113 .

1859 4155 2008 4209 locus
2056 4156 2194 4210 foret
2233 4159 2316 4212 his
2363 4162 2582 4212 verbis:
2626 4179 2644 4208 ι
2680 4159 2831 4211 Hunc
2866 4160 2914 4210 si
2958 4159 3048 4210 alii
3097 4167 3424 4226 proponunt,

1861 4247 1947 4300 alii
1973 4250 2170 4312 alium;
2199 4266 2384 4304 omnes
2412 4262 2590 4304 tamen
2616 4253 2822 4313 dicunt,
2846 4253 2897 4306 id
2924 4253 3068 4321 quod
3095 4254 3146 4306 in
3172 4261 3424 4321 promptu

180 4316 336 4370 ἄλλοι
369 4318 428 4368 δὲ
457 4318 634 4380 ἄλλον,
667 4323 758 4372 καὶ
790 4321 964 4373 κοινὸν
1008 4322 1062 4373 δὲ
1095 4324 1311 4376 πάντων
1346 4326 1377 4395 ἢ
1409 4329 1502 4379 καὶ
1533 4329 1754 4398 πρόχει-

1864 4351 1970 4395 est:
1997 4343 2186 4404 Crede,
2219 4344 2261 4395 si
2289 4345 2468 4397 salvus
2493 4346 2604 4397 ﬁeri
2631 4344 2785 4406 velis,
2817 4353 2909 4397 aut
2941 4346 3050 4405 abi,
3086 4363 3106 4394 ι
3137 4357 3238 4399 etc.
3271 4344 3424 4399 Nunc

180 4421 312 4476 ρονο
411 4407 724 4472 Πίστευσον,
758 4411 806 4460 εἰ
840 4409 1074 4479 σωθῆναι
1108 4412 1300 4477 θέλεις,
1334 4416 1366 4484 ἢ
1399 4416 1574 4484 ἄπιθι,
1609 4437 1627 4468 ι
1663 4422 1753 4472 καὶ

175 4493 253 4548 τὰ
293 4495 449 4566 ἑξῆς·
486 4499 603 4550 νυνὶ
631 4499 687 4552 δὲ
725 4499 804 4562 εἷς
837 4502 1013 4553 πᾶσαν
1044 4502 1141 4572 τὴν
1184 4496 1506 4576 οἰκουμένην
1546 4508 1754 4578 Ἰησοῦς

176 4586 543 4656 κεκήρυκται,
596 4589 934 4661 ἐπιδημήσας
979 4590 1056 4660 τῷ
1105 4592 1249 4658 γένει
1295 4594 1402 4648 τῶν
1449 4597 1752 4667 ἀνθρώπων

181 4675 350 4746 μόνος
374 4676 498 4740 Υἱὸς
521 4677 674 4732 Θεοῦ.
717 4683 782 4733 Οἱ
808 4680 914 4751 γὰρ
959 4680 1156 4751 ὁμοίως
1187 4684 1376 4754 Κέλσῳ
1397 4688 1754 4753 ὑπολαϐόντες

172 4767 385 4837 ὁμοίως
404 4769 970 4840 τετερατεῦσθαι,(26),
1001 4771 1094 4824 καὶ
1115 4769 1202 4824 διὰ
1223 4774 1379 4827 τοῦτο
1401 4776 1749 4848 βουληθέντες

172 4859 632 4929 τερατεύσασθαι,
663 4861 738 4923 ὡς
780 4861 872 4915 καὶ
919 4861 1072 4919 αὐτοὶ
1117 4863 1510 4932 παραπλησίως
1544 4870 1745 4938 κρατή-

172 4963 367 5010 σοντες
398 4949 506 5000 τῶν
546 4949 866 5020 ἀνθρώπων,
905 4950 966 5002 τὸ
994 4949 1146 5002 οὐδὲν
1173 4947 1309 5003 εἶναι
1350 4953 1711 5026 ὲξηλέχθησαν
1730 4975 1741 4986 ·

169 5036 364 5106 Σίμων
395 5055 454 5091 τε
480 5041 509 5093 ό
533 5040 820 5111 Σαμαρεὺς
847 5039 955 5110 (27)
980 5041 1172 5110 μάγος,
1203 5044 1296 5094 καί
1323 5044 1571 5107 Δοσίθεος
1592 5047 1620 5098 ό
1640 5047 1748 5099 ἀπὸ

255 5174 300 5206 ¹¹
323 5175 528 5231 Coloss.
557 5193 633 5242 Iv,
661 5177 719 5262 6.

411 5313 542 5391 ρεοὶ
571 5315 740 5372 θεῶν.
773 5312 933 5391 Plato
955 5321 1005 5372 in
1041 5320 1256 5387 Timreo,
1291 5339 1412 5391 pag.
1440 5326 1527 5380 41.

390 5379 501 5468 ’Sig
524 5395 848 5468 Vrecte‘rrtss:
893 5379 1538 5468 Hmschelius'autemet
1572 5398 1746 5468 Speu-

155 5462 359 5529 cclltg,
385 5449 458 5529 δῇ.
475 5451 623 5529 ᾑμᾶς
651 5454 730 5529 ἐνὶ
754 5456 965 5529 ἑκάστῳ
995 5460 1405 5529 ἀποκρίνασθαι.
1494 5449 1504 5450 7
1576 5476 1577 5479 ‘

756 5525 850 5576 καὶ
884 5516 1217 5606 πρόχειρόν.
1247 5531 1558 5606 liolterellus
1591 5535 1738 5606 legit,

611 5580 1131 5669 πρόχειρον,ἐἰί⁷ῳῖυ
1166 5580 1510 5669 iudiciiin-5;

448 5640 459 5655 ι
657 5640 670 5669 κ
718 5640 749 5658 Α
788 5640 917 5661 Τ--ν
949 5640 1130 5664 vui"-
1166 5640 1320 5663 ,-......,
1351 5640 1363 5653 ,

408 5640 742 5734 [inesarci-tus
768 5662 819 5711 iu
856 5671 1022 5734 t_ex_tu,
1048 5667 1366 5734 ἐνεργείας.’

243 5722 365 5804 (εξ)
401 5725 804 5793 Περισπάσας.
856 5722 1149 5788 Βοιωτοίιᾶ
1174 5722 1455 5803 legendum
1497 5741 1727 5804 videtur,

147 5791 530 5861 «κρεισπασε.

1860 4441 2036 4484 autem
2069 4433 2413 4501 638105us
2464 4437 2609 4488 solus
2650 4444 2754 4498 est,
2783 4435 2873 4503 qui
2911 4445 2969 4488 ut
3007 4435 3176 4490 Filius
3205 4435 3296 4489 Dei
3327 4449 3422 4503 per

1860 4528 2124 4575 terrarum
2156 4522 2337 4573 orbem
2385 4523 2435 4573 in
2473 4524 2612 4576 hanc
2640 4523 2806 4575 vitam
2838 4525 3050 4577 venisse
3079 4525 3416 4591 pradicetur.

1859 4607 1990 4660 Nam
2018 4609 2107 4676 qui
2145 4611 2256 4662 hrrc
2299 4613 2640 4679 prodigiosis,
2675 4623 2736 4666 ut
2767 4612 2974 4676 Celsus,
3001 4614 3301 4667 tribuentes
3330 4627 3421 4666 ar-

1860 4699 2024 4761 tibus,
2048 4698 2242 4751 similia
2274 4703 2518 4769 prodigia
2555 4704 2737 4758 facere
2771 4706 2950 4759 conati
2986 4713 3133 4767 sunt,
3185 4712 3242 4755 ut
3272 4718 3420 4756 eam-

1857 4786 1973 4839 dem
2029 4787 2127 4839 sibi
2157 4793 2296 4855 apud
2361 4790 2606 4846 homines
2640 4795 2988 4848 conciliarent
3017 4793 3414 4855 auctoritatem,

1853 4886 1944 4925 eos
1978 4875 2125 4928 nihili
2163 4876 2435 4934 faciendos
2467 4897 2585 4935 esse
2617 4894 2950 4950 compertum
2977 4891 3086 4936 est:
3109 4882 3411 4950 cuiusmodi

1855 4959 2072 5018 luerunt
2122 4966 2305 5022 Simon
2351 4972 2726 5025 Samaritanus
2776 4987 2982 5040 magus,
3029 4982 3083 5024 et
3129 4959 3414 5026 Dositbeus

1853 5051 2090 5120 ejusdem
2132 5073 2193 5112 ac
2224 5059 2312 5113 ille
2345 5062 2600 5130 regionis.
2638 5062 2728 5117 llle
2756 5077 2816 5116 se
2847 5063 3060 5117 dicebat
3103 5076 3223 5117 esse
3258 5080 3279 5113 ι
3318 5061 3413 5118 Dei

1945 5335 2036 5399 26)
2089 5335 2320 5403 Ὁμοίως
2378 5333 2841 5403 τετερατεῦσθαι.
2888 5334 3013 5388 Dele
3059 5349 3180 5389 cum
3233 5335 3407 5390 Bche-

1844 5403 1977 5473 rello
2027 5407 2163 5457 istud
2195 5405 2394 5473 ὁμοίως
2439 5416 2619 5456 natum
2653 5419 2716 5454 ex
2751 5404 2923 5456 altero
2969 5405 3169 5473 ὁμοίως
3214 5407 3402 5473 priori.

1843 5471 1906 5524 Et
1949 5473 2082 5525 forte
2122 5471 2264 5524 aliud
2295 5475 2420 5539 quid
2449 5473 2741 5536 exciderit,
2785 5474 2933 5527 verbi
2983 5471 3155 5541 gratia
3193 5473 3263 5525 τά
3310 5471 3407 5527 τοῦ

1853 5541 2047 5606 Ἰησοῦ.
3141 5596 3153 5606 ι

1893 5557 2266 5680 rigati-Eryter
2288 5625 2350 5660 τε
2379 5611 2409 5659 0'
2439 5613 2766 5680 Σαμαρεὺς,
2801 5617 2907 5662 ctc.
2943 5610 3015 5662 De
3033 5596 3282 5680 Simone,
3305 5607 3404 5680 Si-

1837 5678 2120 5732 mouiauis.
2154 5678 2420 5732 Dositheo.
2454 5677 2814 5736 Dositheanis.
2846 5689 2899 5731 et
2929 5680 2994 5732 de
3019 5678 3154 5730 Jnda
3177 5677 3402 5734 Galil»

1834 5747 1954 5800 vide
1977 5763 2094 5814 qua:
2125 5748 2277 5801 habet
2308 5747 2568 5816 Origenes
2598 5764 2759 5818 supra
2787 5747 2880 5801 lib.
2911 5763 2950 5814 ι,
2982 5763 3033 5800 ιι.
3058 5746 3146 5800 57.
