4094 6322
259 477 398 539 1309

1444 467 1718 526 CONTRA
1753 462 2022 522 CELSUM
2052 461 2180 520 LIB.
2221 461 2305 520 Vl.

3321 458 3491 518 1513.

262 600 425 657 ταῦτά
462 600 639 653 ἑστιν·
685 595 795 666 ἐγὼ
820 595 876 650 δὲ
921 594 1028 649 ἀπὸ
1070 595 1168 664 τῆς
1218 592 1354 662 πρὸς
1392 590 1673 660 Ἑρμείαν,
1729 590 1798 640 κα

1920 593 1973 638 et
2005 585 2279 638 Coriscum
2305 583 2416 635 hzec
2440 578 2632 648 adjicio
2653 596 2666 631 :
2690 576 2920 630 c'Erasto
2943 587 3119 630 autem
3149 574 3458 645 etCoriaco,

271 691 542 760 Ἐραστον,
602 689 692 741 καὶ
746 686 1013 756 Κορίσκον
1063 683 1340 742 Πλάτωνος
1391 678 1671 746 ἐπιστολῆς
1718 676 1810 728 καὶ

257 779 426 830 ταῦτα
476 777 882 846 παραθήσομαι·
942 794 960 826 ι
1019 774 1256 843 Ἐράστῳ
1301 769 1358 822 δὲ
1408 771 1500 822 καὶ
1559 767 1809 836 Κορίσκῳ

259 871 395 940 πρὸς
424 872 488 939 τῇ
526 868 632 921 τῶν
677 867 830 920 είδῶν
864 866 972 935 (55)
1005 863 1161 932 σοφίᾳ
1199 864 1263 931 τῇ
1302 860 1436 928 καλῇ
1473 857 1638 928 ταύτῃ
1669 856 1808 924 φημὶ

250 958 382 1026 ἑγὼ,
408 959 605 1027 καίπερ
638 957 810 1026 γέρων
845 955 938 1015 ὢν,
992 952 1237 1022 προσδεῖν
1293 948 1479 1014 σοφίας
1532 947 1629 1014 τῆς
1683 944 1808 1013 περὶ

246 1048 374 1109 τοὺς
428 1047 692 1116 πονηροὺς
741 1045 830 1096 καὶ
878 1042 1091 1101 ἀδίκους
1157 1036 1485 1106 φυλακτικῆς
1530 1031 1621 1086 καί
1669 1047 1809 1092 τινος

244 1137 543 1206 ἀμυντικῆς
599 1133 1191 1203 δυνάμεωςηἊπειροι
1247 1129 1354 1196 γάρ
1410 1129 1549 1188 είσι,
1603 1123 1690 1175 διά
1748 1121 1807 1172 τὸ

250 1226 369 1295 μεθ’
399 1226 554 1296 ἡμῶν
584 1224 692 1294 (54)
727 1223 956 1293 μετρίων
993 1221 1155 1273 ὄντων
1187 1221 1279 1270 καὶ
1311 1219 1370 1269 οὐ
1413 1214 1595 1268 κακῶν
1621 1213 1806 1282 συχνὸν

243 1315 637 1385 διατετριφέναι
666 1311 759 1364 τοῦ
785 1311 918 1380 βίου.
946 1311 1035 1361 Διδ
1051 1310 1113 1379 δὴ
1142 1308 1341 1360 τούτων
1371 1305 1616 1375 προσδεῖν
1635 1299 1803 1363 εἷπον,

244 1405 334 1456 ἵνα
367 1403 441 1473 μὴ
479 1403 887 1470 ἀναγκάζωνται
918 1403 1012 1469 τῆς
1058 1399 1313 1467 ἀληθινῆς
1348 1398 1443 1466 μὲν
1473 1395 1688 1464 ἀμελεῖν
1722 1409 1806 1443 σο-

245 1493 391 1561 φίας,
545 1494 587 1545 δ’
613 1491 950 1559 ἀνθρωπίνης
972 1510 1028 1543 τε
1067 1493 1159 1543 καὶ
1195 1490 1491 1555 ἀναγκαίας
1534 1485 1802 1553 ἑπιμελεῖέ

241 1581 368 1635 κιθαι
399 1581 653 1652 μειζόνως
680 1583 710 1651 ἢ
741 1582 818 1632 δεῖ
851 1581 982 1649 (55).
1021 1601 1037 1631 ι

331 1672 535 1726 Οὐκοῦν
575 1671 713 1724 κατά
741 1671 910 1723 ταῦτα
942 1671 974 1737 ἡ
1004 1669 1099 1736 μέν
1137 1684 1218 1729 τις
1249 1668 1364 1719 θεία
1394 1667 1548 1734 σοφία
1587 1666 1800 1732 ἑστ¹ιν,ή

239 1760 300 1812 δὲ
318 1760 760 1830 ἀθθρωπίνηλζαὶ
776 1763 809 1830 ἡ
829 1760 925 1828 μὲν
952 1757 1264 1827 ἀνθρωπίνη
1287 1759 1430 1810 ἐστὶν
1459 1760 1490 1826 ἡ
1521 1757 1637 1809 καθ’
1658 1749 1802 1826 ἡμᾶς

1918 683 2114 742 pmter
2166 663 2482 739 sapientiam
2517 666 2661 719 illam
2705 667 2769 719 de
2801 664 2988 718 formis
3023 664 3458 731 pulcherrimam,

1914 760 2304 830 aioequidem,
2331 758 2465 812 licet
2508 771 2696 820 senex,
2733 754 2852 808 illos
2897 755 3002 808 alia
3045 755 3317 821 sapientia
3352 768 3459 823 qua

1916 843 2186 917 improbos
2207 858 2262 904 et
2292 846 2523 913 iniustos
2556 854 2806 908 caveant,
2828 845 3101 900 etviribus
3123 846 3188 899 ad
3219 860 3278 898 se
3305 854 3454 899 tuen-

1913 939 2011 991 dos
2029 938 2285 1006 indigere.
2313 932 2577 999 luexperti
2603 935 2742 986 enim
2760 942 2902 997 sunt,
2927 941 3107 1000 utpote
3126 933 3215 1000 qui
3241 933 3454 1003 longum

1916 1028 2034 1080 vita:
2065 1037 2272 1096 tempus
2292 1028 2582 1081 nobiscum
2615 1036 3006 1094 transegeruut,
3060 1028 3150 1094 qui
3194 1022 3454 1078 moderati

1911 1128 1965 1170 et
1999 1119 2214 1172 minime
2246 1117 2369 1169 mali
2397 1131 2600 1171 sumus.
2639 1117 2809 1182 Quam
2851 1118 2918 1169 ob
2949 1130 3166 1169 causam
3198 1116 3306 1168 dixi
3340 1114 3453 1168 illos

1913 1208 1996 1261 his
2045 1209 2205 1262 rebus
2253 1223 2386 1275 opus
2419 1206 2636 1268 habere,
2662 1217 2719 1260 ut
2761 1222 2826 1261 ne
2849 1216 3107 1275 cogantur
3135 1219 3317 1258 verum
3361 1217 3452 1257 sa-

1911 1298 2168 1365 pientiam
2209 1297 2508 1365 negligere,
2560 1307 2614 1348 et
2665 1298 2716 1350 in
2755 1299 3073 1360 humanam,
3105 1309 3265 1362 quam
3315 1292 3453 1347 scire
3491 1294 3493 1300 '

1911 1388 2145 1457 Oportet,
2179 1389 2486 1442 incumbere
2512 1389 2681 1453 magis
2712 1401 2870 1451 quam
2901 1402 2998 1455 par
3024 1377 3122 1440 est.
3158 1404 3177 1436 ι

1979 1691 2066 1744 15.
2098 1691 2170 1743 Ex
2209 1691 2292 1743 his
2326 1690 2488 1760 igitur
2517 1699 2598 1743 est
2627 1690 2801 1742 dit-ina
2841 1690 3118 1758 sapientia,
3145 1699 3226 1743 est
3263 1697 3314 1744 et
3347 1691 3449 1744 hu-

1909 1794 2083 1831 mana.
2109 1779 2350 1830 llumana
2372 1789 2624 1845 estquam
2640 1778 2952 1843 sapientiam
2977 1779 3152 1830 mundi
3171 1793 3446 1840 vocamus.

240 1850 506 1921 λεγομένη
526 1851 683 1920 σοφία
710 1851 801 1902 τοῦ
825 1851 1048 1917 κόσμου,
1065 1848 1186 1931 μῆτις
1214 1850 1328 1899 ἐστὶ
1353 1847 1527 1916 μωρία
1552 1847 1698 1916 παρὰ
1725 1847 1798 1917 τῷ

1907 1877 1958 1921 et
1987 1884 2103 1936 qum
2143 1869 2368 1922 stultitia
2396 1879 2476 1921 est
2513 1871 2652 1936 apud
2700 1870 2891 1930 Deum;
2933 1854 3109 1920 divina
3142 1884 3289 1932 vero,
3329 1884 3450 1936 qua:

242 1940 384 2010 Θεῷ·
410 1941 513 2010 ἡδὲ
531 1939 670 2006 θεία,
689 1941 781 1991 καὶ
795 1940 952 2009 ἑτέρα
973 1939 1120 2007 παρὰ
1145 1938 1241 2007 τὴν
1257 1937 1623 2012 ἀνθρωπίνην,
1646 1937 1798 2006 εἴπερ

1903 1959 2006 2009 alia
2042 1967 2124 2011 est
2147 1959 2212 2010 ab
2243 1961 2498 2016 humana.
2532 1957 2700 2027 gratia
2744 1958 2832 2010 Dei
2889 1946 3030 2009 illam
3069 1958 3447 2026 impartientis,

239 2030 357 2102 ἑστὶ
371 2029 509 2092 θεία,
530 2032 707 2100 χάριτι
729 2029 860 2080 Θεοῦ
878 2028 1214 2098 δωρουμένου
1241 2027 1349 2094 (56)
1374 2028 1538 2095 αὐτὴν
1550 2031 1659 2088 τοῖς
1674 2029 1796 2077 ἑαυ-

235 2119 365 2180 τοὺς
377 2119 706 2188 ἐπιτηδείους
721 2119 852 2189 πρὸς
867 2116 1170 2186 παραδοχὴν
1183 2117 1346 2185 αὐτῆς
1363 2117 1794 2168 κατασκευάσασι

237 2208 592 2277 παραγίνεται
611 2224 623 2237 °
651 2208 742 2260 καὶ
776 2207 1005 2276 μάλιστα
1030 2209 1139 2267 τοῖς
1165 2207 1227 2257 ἐκ
1256 2205 1347 2257 τοῦ
1377 2205 1669 2272 ἐγνωκέναι
1699 2205 1796 2274 τὴν

232 2295 494 2366 διαφορὰν
514 2296 772 2365 ἑκατέρας
818 2296 1002 2362 σοφίας
1036 2296 1169 2364 πρὸς
1214 2295 1310 2364 τὴν
1355 2295 1542 2364 ἑτέραν
1583 2297 1638 2346 ἑν
1679 2299 1796 2356 ταῖς

237 2385 373 2454 πρὸς
403 2385 534 2438 Θεὸν
568 2387 748 2454 εὐχαῖς
780 2386 1022 2452 λέγουσι·
1052 2369 1080 2461 ἀμ
1124 2385 1239 2436 Κᾶν
1267 2386 1373 2452 γάρ
1403 2402 1483 2446 τις
1515 2381 1709 2446 reﬂato;
1741 2387 1795 2435 ἑν

235 2476 373 2536 υἱοῖς
407 2474 737 2545 ἀνθρώπων,
770 2476 867 2544 τῆς
895 2474 1001 2527 ἀπὸ
1041 2474 1146 2541 -σοῦ
1197 2474 1384 2542 σοφίας
1416 2475 1674 2541 ἀπούσης,
1717 2477 1796 2536 εἰς

237 2565 388 2618 οὐδὲν
421 2566 812 2635 λογισθήσεται.
851 2585 867 2616 i
902 2565 1010 2615 Kal.
1051 2564 1343 2632 γυμνάσιον
1389 2563 1485 2630 μέν
1519 2579 1694 2630 φαμεν
1724 2558 1797 2612 εἷ-

231 2673 325 2708 ναι
358 2656 454 2724 τῆς
483 2655 658 2724 ψυχῆς
687 2655 782 2724 τὴν
815 2654 1153 2724 ἀνθρωπίνην
1189 2654 1395 2719 σοφίαν,
1426 2653 1571 2713 τέλος
1604 2652 1658 2702 δὲ
1699 2653 1794 2720 τὴν

235 2743 416 2800 Θείαν·
447 2745 564 2812 ῆτις
595 2745 690 2795 καὶ
713 2744 901 2813 στερεά
933 2742 1142 2809 λέγεται
1164 2743 1259 2810 τῆς
1292 2741 1463 2809 ψυχῆς
1499 2737 1633 2791 εῖναι
1673 2756 1794 2809 τρο-

234 2833 333 2899 φὴ,
369 2833 516 2902 παρὰ
546 2831 621 2901 τῷ
655 2834 906 2902 φήσαντι·
949 2851 966 2881 ι
1006 2832 1233 2882 Τελείων
1266 2831 1322 2882 δέ
1360 2832 1502 2881 ἐστιν
1535 2833 1566 2898 ή
1605 2829 1794 2899 στερεά

232 2922 426 2991 τροφὴ,
463 2920 570 2973 τῶν
611 2921 697 2974 διὰ
744 2922 842 2991 τὴν
881 2919 991 2983 ἕξιν
1037 2921 1104 2972 τά
1156 2919 1476 2988 αἰσθητήρια
1525 2935 1794 2986 γεγυμνα-

235 3006 409 3080 σμένα
439 3012 663 3081 ἑχόντων
694 3013 828 3080 πρὸς
861 3011 1126 3080 διάκρισιν
1153 3009 1314 3061 καλοῦ
1343 3027 1399 3060 τε
1429 3009 1521 3060 καὶ
1553 3008 1737 3061 κακοῦ.
1771 3029 1787 3059 ι

233 3103 348 3155 Καὶ
390 3101 590 3171 ἀρχαία
639 3083 982 3170 μὲν-ἀληθῶς
1026 3103 1166 3151 ἑστιν
1207 3100 1354 3168 ῆδεὴ
1393 3098 1536 3162 δόξα,
1576 3101 1691 3168 οὐχ,
1720 3101 1793 3163 ὡς

232 3191 404 3244 οἴεται
428 3190 483 3241 δὲ
515 3190 543 3240 ὁ
573 3190 794 3250 Κέλσος,
829 3190 922 3256 τῆς
955 3190 1081 3258 περὶ
1112 3189 1285 3240 αὐτῶν
1320 3189 1674 3264 ἀρχαιότητος
1715 3192 1794 3251 είς

245 3279 593 3350 Ἠράκλειτον
625 3282 717 3331 καὶ
751 3279 1006 3330 Πλάτωνα
1029 3256 1474 3348 ἀναφερομένης.
1519 3256 1795 3350 ’Ᾰνωτέρω
1821 3256 1866 3314 C

232 3370 343 3440 γὰρ
370 3371 568 3422 τούτων
593 3372 639 3422 oi
671 3371 936 3438 προφῆται
969 3369 1261 3420 διέστειλαν
1295 3369 1353 3418 τὸ
1384 3371 1508 3437 περὶ
1536 3369 1796 3438 ἑκατέρας

233 3459 457 3526 σοφίας·
495 3460 652 3528 ἀρκεῖ
691 3460 734 3510 δ’
785 3460 876 3510 ἐπὶ
923 3458 1010 3511 τοῦ
1057 3459 1316 3526 παρόντος
1347 3461 1516 3510 εἰπεῖν
1557 3460 1661 3510 ἀπὸ
1690 3460 1794 3510 τῶν

231 3547 405 3614 λόγων
437 3547 526 3598 τοῦ
571 3547 727 3598 Δαυῖδ
759 3547 817 3598 τὸ
862 3548 986 3616 περὶ
1023 3547 1114 3597 τοῦ
1149 3546 1288 3598 κατά
1315 3546 1462 3597 θείαν
1486 3548 1672 3612 σοφίαν
1711 3565 1798 3599 σο-

231 3634 335 3703 φοῦ
363 3635 775 3704 λεγόμενον,“ὅτι
824 3635 932 3704 (57)
961 3653 979 3683 ι
1006 3635 1103 3685 οὐκ
1134 3634 1320 3701 ὄψεται
1375 3634 1735 3702 καταφθορὰν,
1773 3653 1789 3684 ι
1829 3674 1832 3678 .

233 3725 418 3793 φησὶν,
448 3743 466 3774 ι
505 3725 628 3776 ὃταν
665 3724 747 3794 ἴδη
790 3724 982 3790 σοφοὺς
1034 3725 1483 3793 ἀποθνήσκοντας.
1530 3743 1546 3773 ›
1585 3725 1645 3774 Ἦ
1679 3725 1796 3776 θεία

231 3813 412 3866 τοίνυν
439 3815 613 3881 σοφία,
641 3814 800 3884 ἑτέρα
842 3811 973 3866 οὖσα
1013 3815 1108 3883 τῆς
1145 3813 1396 3875 πίστεως,
1435 3813 1644 3882 πρῶτόν
1682 3815 1795 3864 ἑστι

231 3901 342 3954 τῶν
395 3903 736 3971 καλουμένων
787 3904 1132 3974 χαρισμάτων
1178 3903 1269 3954 τοῦ
1317 3902 1449 3954 Θεοῦ
1474 3919 1486 3932 ’
1540 3904 1629 3955 καὶ
1678 3909 1793 3972 μετ’

231 3992 448 4063 ἐκείνην
470 3979 734 4064 δεύτερον,
767 3998 874 4057 τοῖς
915 3993 1169 4062 ἀκριϐοῦν
1213 3995 1279 4045 τά
1312 3994 1532 4045 τοιαῦτα
1575 3997 1794 4045 ἐπιστα-

233 4083 440 4153 μένοις,
473 4086 506 4153 ή
545 4085 848 4153 καλουμένη
892 4083 1134 4152 γνῶσις·
1172 4087 1266 4137 καὶ
1299 4087 1494 4154 τρίτον,
1538 4086 1657 4136 ἐπεὶ
1691 4083 1795 4134 σώ-

231 4173 422 4236 ζεσθαι
449 4174 552 4243 χρὴ
579 4176 671 4225 καὶ
701 4175 821 4236 τοὺς
861 4173 1617 4249 ἁπλουστέρους,,προσιόντας
1657 4171 1796 4225 κατά

229 4260 460 4329 δύναμιν
490 4265 559 4331 τῇ
589 4260 878 4328 θεοσεϐείᾳ,
912 4261 949 4325 ἡ
993 4259 1210 4322 πίστις.
1262 4258 1351 4308 Διὸ
1389 4257 1599 4322 λέγεται
1649 4256 1796 4325 παρὰ

229 4350 314 4420 τῷ
339 4350 562 4418 Παύλῳ·
601 4368 618 4400 ι
659 4343 727 4418 ᾯ
764 4347 861 4417 μὲν
893 4349 998 4417 γὰρ
1035 4347 1122 4399 διὰ
1153 4348 1245 4399 τοῦ
1280 4348 1580 4414 πνεύματος
1603 4345 1796 4397 δίδοται

231 4439 392 4506 λόγος
419 4438 626 4506 σοφίας,
653 4437 796 4506 ἄλλῳ
835 4437 890 4489 δὲ
932 4437 1084 4502 λόγος
1116 4426 1367 4503 γνώσεως
1405 4436 1542 4488 κατὰ
1578 4435 1636 4486 τὸ
1668 4434 1797 4486 αὐτὸ

1903 2048 1946 2099 si
1983 2047 2195 2112 quidem
2243 2047 2416 2100 divina
2445 2048 2536 2107 sit,
2561 2048 2708 2098 adest
2742 2046 2807 2098 iis
2846 2047 3020 2112 quise
3050 2047 3114 2099 ad
3155 2047 3297 2100 illam
3332 2049 3446 2102 ido-

1903 2151 2033 2188 neos
2061 2135 2325 2202 praebent;
2359 2137 2412 2187 t-t
2444 2136 2507 2188 iis
2561 2136 2787 2187 maxime
2823 2137 2912 2202 qui
2945 2135 3164 2188 alterius
3182 2139 3248 2188 ab
3281 2137 3446 2191 altera

1902 2225 2164 2291 sapientia
2198 2224 2482 2276 discrimen
2508 2227 2705 2288 edocti,
2728 2225 2841 2278 suis
2873 2226 2922 2275 in
2955 2225 3204 2292 precibus
3231 2226 3442 2279 dicunt:

1907 2332 1924 2363 ι
1954 2312 2082 2364 Nam
2106 2300 2158 2365 et
2189 2313 2232 2365 si
2271 2314 2390 2379 quis
2427 2314 2528 2364 erit
2560 2324 2963 2366 consummatus
3001 2314 3138 2366 inter
3189 2315 3325 2368 tilios
3353 2315 3444 2369 ho-

1902 2407 2124 2468 minum,
2157 2408 2199 2458 si
2231 2409 2296 2459 ab
2333 2405 2418 2457 illo
2451 2405 2679 2456 abfuerit
2732 2405 2994 2471 sapientia
3021 2420 3140 2474 qua:
3186 2424 3214 2460 a
3251 2418 3300 2461 te
3339 2417 3442 2470 est,

1902 2494 1954 2546 in
1985 2493 2206 2546 nihilum
2240 2494 2719 2560 computabitur”.
2753 2513 2770 2543 ι
2797 2495 2872 2548 Ac
2905 2496 3193 2548 humanam
3229 2497 3441 2564 quidem

1899 2583 2215 2650 sapientiam
2267 2584 2493 2644 dicimus
2548 2585 2739 2637 animae
2791 2599 2908 2638 esse
2970 2586 3442 2650 exercitationem,

1900 2672 2132 2722 divinam
2159 2686 2284 2723 vero
2306 2671 2485 2727 tinem.
2508 2671 2630 2726 Haec
2650 2674 2808 2724 etiam
2835 2673 3035 2727 solidus
3059 2677 3249 2728 animae
3269 2677 3431 2730 cibus.

1900 2757 2198 2823 appellatur
2224 2757 2291 2809 ab
2329 2758 2417 2822 illo
2461 2759 2548 2826 qui
2580 2759 2779 2811 dixitzc
2818 2759 3181 2814 Perfectorum
3243 2772 3324 2816 est
3356 2779 3444 2817 so-

1899 2848 2036 2899 lidus
2056 2848 2228 2910 cibus,
2257 2853 2462 2915 eorum,
2490 2849 2577 2915 qui
2598 2861 2691 2914 pro
2705 2851 3089 2902 consuetudine
3113 2853 3440 2906 exercitatos

1898 2937 2095 2990 habent
2139 2952 2330 2990 sensus
2371 2937 2437 2990 ad
2470 2937 2848 2990 discretionem
2881 2938 3003 2990 boni
3058 2954 3121 2992 ac
3165 2940 3288 2993 mali
3319 2942 3381 2994 ¹⁸.
3415 2961 3436 2993 ι

1897 3025 2070 3091 Atque
2104 3026 2214 3078 haec
2241 3009 2506 3078 sententia
2539 3037 2662 3076 vere
2703 3032 2919 3091 antiqua
2951 3035 3056 3088 est,
3089 3039 3205 3091 nec,
3234 3038 3289 3080 ut
3319 3027 3438 3080 Cel-

1899 3127 1992 3166 sus
2017 3113 2314 3183 existimat,
2358 3114 2422 3165 ad
2468 3112 2743 3164 Platonem
2794 3113 2875 3164 vel
2932 3113 3253 3167 Heraclitum
3299 3117 3438 3171 refe-

1902 3205 2084 3256 renda.
2133 3204 2268 3256 Ante
2317 3194 2433 3256 illos
2458 3202 2598 3255 enim
2651 3204 2920 3271 prophetae
2962 3214 3246 3273 utramque
3292 3208 3436 3260 illam

1897 3295 2217 3360 sapirntiatn
2269 3293 2796 3348 discriminaverant.
2831 3293 2905 3346 'ln
2975 3295 3258 3363 przesentia
3307 3299 3439 3352 satis

1895 3385 2054 3446 fuerit
2105 3383 2311 3436 referre
2344 3383 2392 3434 id
2444 3383 2584 3449 quod
2616 3384 2745 3437 dicit
2783 3383 2950 3436 David
2984 3385 3050 3438 de
3081 3385 3316 3452 sapiente
3348 3387 3437 3454 qui

1896 3474 2072 3525 divina
2109 3473 2373 3540 sapientia
2407 3473 2658 3538 prazditus
2682 3481 2796 3526 est:
2830 3490 2848 3522 ι
2889 3473 3004 3527 Non
3056 3476 3252 3528 videbit
3298 3476 3438 3528 inte-

1885 3565 2054 3623 ~ritum
2101 3577 2221 3614 cum
2266 3561 2457 3613 viderit
2483 3562 2751 3628 sapientes
2803 3563 3090 3617 morientes
3119 3562 3239 3615 πμ»
3277 3562 3439 3630 Igitur

1895 3651 2071 3702 divina
2106 3648 2392 3716 sapientia,
2420 3666 2540 3703 cum
2595 3665 2624 3702 a
2655 3649 2760 3702 ﬁde
2811 3651 3022 3705 diversa
3067 3652 3160 3715 sit,
3205 3653 3439 3718 primum

1893 3749 1974 3792 est
1997 3740 2254 3790 donorum
2295 3737 2405 3800 Dei,
2441 3750 2497 3790 ut
2534 3739 2820 3806 loquimur.
2851 3738 3090 3792 Alterum
3118 3736 3188 3792 ab
3244 3740 3358 3803 illo,
3382 3751 3441 3796 ut.

1894 3828 2071 3880 sciunt
2123 3826 2308 3900 barum
2343 3842 2516 3880 rerum
2558 3831 2736 3896 periti,
2772 3839 2995 3882 vocatur
3037 3830 3287 3894 scientia,-
3334 3839 3440 3884 ter-

1898 3920 2023 3970 tium
2080 3918 2249 3971 locum
2299 3925 2525 3984 occupat
2581 3916 3214 3985 ﬁdes;'quand0quidem
3261 3920 3440 3975 salvos

1899 4008 2010 4061 ﬁeri
2062 4018 2270 4076 Oportet
2303 4016 2356 4061 et
2407 4008 2790 4073 simpliciores,
2837 4007 2925 4074 qui
2957 4009 3022 4060 ad
3055 4008 3304 4076 pietatem
3339 4025 3438 4078 pro

1895 4098 2103 4151 viribus
2147 4097 2431 4150 accedunt.
2476 4097 2738 4162 Quocirca
2770 4095 2970 4148 Paulus
2995 4097 3102 4149 ait:
3133 4115 3151 4152 ι
3184 4099 3285 4150 Alii
3321 4098 3455 4165 qui--

1896 4188 2013 4239 dem
2030 4189 2132 4252 per
2157 4186 2416 4254 Spiritum
2436 4187 2591 4238 datur
2621 4200 2803 4239 sermo
2818 4189 3111 4254 sapientia,
3143 4189 3228 4240 alii
3260 4198 3437 4241 autem

1895 4288 2072 4326 sermo
2105 4273 2343 4327 scientia:
2376 4275 2669 4327 secundum
2694 4273 2856 4344 640
2879 4277 3124 4329 eumdem
3144 4276 3434 4344 Spiritum;

1895 4363 2051 4416 alteri
2101 4363 2232 4417 ﬁdes
2275 4364 2326 4416 in
2359 4365 2544 4418 eodem
2580 4363 2778 4431 Spiritu
2806 4366 2872 4416 η.
2904 4383 2922 4414 ι
2959 4366 3124 4432 Atque
3168 4361 3292 4418 hinc
3332 4372 3435 4430 est,

1897 4454 2034 4520 quod
2065 4468 2169 4507 non
2204 4455 2418 4508 obvium
2453 4469 2717 4522 quemque
2746 4454 2988 4508 invenias
3013 4456 3186 4508 divina
3221 4456 3322 4507 hac
3350 4469 3438 4508 sa-

233 4527 471 4596 πνεῦμα,
524 4527 693 4597 ἑτέρῳ
733 4527 791 4578 δὲ
832 4526 1009 4587 πίστις
1045 4527 1101 4576 ἑν
1146 4524 1224 4594 τῷ
1263 4525 1410 4593 αὐτῷ
1444 4524 1726 4593 πνεύματι.
1773 4541 1790 4573 ι

1901 4546 2093 4612 pientis
2124 4555 2394 4600 ornatum.
2431 4545 2628 4599 Eorum
2668 4555 2751 4599 est
2786 4547 2873 4613 qui
2897 4546 3135 4600 eminent
3178 4555 3231 4598 et
3255 4545 3435 4600 excel-

232 4617 434 4686 Διόπερ
459 4617 516 4668 οὺ
550 4618 673 4678 τοὺς
705 4617 959 4694 τυχόντας
986 4614 1160 4688 εὕροις
1194 4615 1260 4667 ἂν
1293 4614 1677 4685 μετειληφότας
1696 4614 1794 4684 τῆς

1901 4634 2014 4688 lunt
2037 4636 2174 4688 inter
2189 4650 2284 4688 eos
2330 4636 2420 4703 qui
2442 4635 2798 4689 Christianam
2821 4635 3125 4704 religionem
3140 4641 3432 4687 sectantur.
3455 4684 3462 4688 .

233 4707 386 4770 θείας
416 4707 620 4775 σοφίας,
643 4691 774 4760 ἀλλά
797 4707 917 4768 τοὺς
947 4704 1302 4776 ὑπερέχοντας
1334 4705 1426 4758 καὶ
1449 4704 1792 4775 διαφέροντας

234 4795 454 4850 πάντων
483 4796 586 4849 τῶν
614 4793 1014 4866 Χριστιανισμῷ
1046 4796 1437 4865 προσεχόντων·
1479 4796 1594 4848 οὐδὲ
1631 4816 1648 4848 ι
1681 4799 1793 4860 τοῖς

234 4886 723 4958 ἀπαιδευτοτάτοις,
757 4885 789 4954 ἤ
832 4885 1197 4952 ἀνδραπόδοις,
1232 4886 1265 4956 ἢ
1313 4886 1723 4957 ἀμαθεστάτοις,
1769 4907 1787 4938 ι

235 4975 453 5038 διέξεισι
475 4993 557 5037 τις
578 4976 644 5028 τά
673 4976 799 5045 περὶ¹
821 4975 917 5042 τῆς
945 4976 1090 5037 θείας
1116 4976 1319 5042 σοφίας.

309 5066 562 5132 Καίτοιγε
599 5067 784 5128 ἄλλους
839 5068 933 5135 μὲν
972 5070 1132 5136 φησὶν
1171 5069 1649 5135 ἀπαιδευτοτάτους
1705 5070 1779 5125 εἴ·

239 5170 358 5218 ναι,
399 5154 491 5204 καὶ
527 5155 858 5225 ἀνδράποδα,
897 5156 986 5209 καὶ
1039 5156 1436 5225 ἀμαθεστάτους
1473 5161 1500 5209 ὁ
1541 5161 1779 5225 Κέλσος,

238 5238 364 5298 τοὺς
405 5237 478 5306 μὴ
504 5239 887 5307 ἐπισταμένους
915 5241 1096 5303 αὑτοῦ,
1128 5237 1274 5310 οἴμαι
1294 5282 1307 5304 ,
1334 5244 1401 5295 τά
1431 5247 1781 5315 προστάγμα-

237 5345 310 5382 τα
341 5327 470 5396 (38),
501 5328 636 5396 μηδὲ
659 5329 1031 5392 παιδευθέντας
1067 5331 1133 5382 τά
1163 5332 1268 5383 τῶν
1307 5333 1566 5404 Ἑλλήνων
1603 5338 1776 5406 μαθή.

353 5455 399 5489 ⁸⁸
423 5454 550 5525 Sap.
579 5473 656 5518 Ix,
679 5458 732 5512 6.
841 5461 884 5492 ¹⁶
908 5460 1065 5515 Hebr.
1089 5479 1141 5526 ν,
1171 5463 1254 5516 14.

341 5569 894 5648 _Hm_scheliushin
926 5582 1095 5648 textu,
1122 5576 1393 5648 εἰδώλων,
1449 5579 1631 5648 sicque
1683 5583 1786 5634 duo

354 5640 406 5709 tl.
432 5639 726 5709 Anglicani.
771 5639 900 5692 Vide
931 5641 1163 5709 Ir‘latonis
1191 5647 1347 5709 epist.
1374 5639 1423 5698 6.

450 5703 646 5784 Quirites
668 5723 820 5784 n_t_ss.,
844 5708 1014 5784 ᾑμῶν.
1042 5703 1337 5778 δρουςῦτυε
1355 5714 1402 5766 in
1429 5725 1594 5780 textu,
1615 5716 1780 5784 ὑμῶν.

321 5768 432 5850 (85)
457 5768 816 5842 ,llaaschelius,
845 5768 962 5847 ἤδη.

1379 5465 1418 5495 ¹⁷
1444 5465 1584 5518 l’sal.
1612 5483 1795 5533 ιινιιι,
1820 5468 1904 5521 10.

1898 4723 2006 4778 Nec
2031 4724 2192 4780 etiam
2223 4725 2336 4791 ejus
2360 4725 2637 4793 sapientiae
2661 4740 2855 4779 arcana
2883 4743 2902 4776 ι
2935 4723 3217 4791 imperitis,
3241 4721 3432 4775 vilibus

1899 4816 2094 4877 servis,
2126 4814 2347 4868 rudibus
2383 4833 2401 4865 ι
2441 4816 2824 4868 edisseruntur.

1974 5072 2056 5125 14.
2103 5071 2358 5137 Equidem
2407 5071 2541 5124 alios
2583 5070 2770 5124 Celsus
2817 5067 3208 5133 imperitorum,
3254 5067 3428 5122 vilium

1893 5176 2196 5221 servorum,
2240 5160 2448 5212 rudimn
2487 5158 2755 5210 vocabulis
2785 5157 3049 5224 designat,
3077 5158 3288 5223 opinor,
3315 5172 3428 5220 eos,

1895 5250 1989 5317 qui
2022 5252 2136 5314 ejus
2169 5255 2416 5311 ignorant
2463 5247 2627 5313 leges,
2667 5260 2763 5297 nec
2808 5247 3100 5314 disciplinis
3123 5247 3430 5300 Graecorum

1899 5335 2084 5397 imbuti
2142 5343 2299 5398 sunt;
2354 5335 2507 5386 nobis
2575 5348 2702 5386 vero
2761 5334 3143 5395 imperitissimi
3183 5335 3256 5388 illi
3310 5342 3432 5387 sum
3520 5340 3522 5343 '

2040 5467 2114 5519 ¹⁸Ι
2139 5466 2262 5520 Cor.
2293 5483 2390 5533 xu,
2414 5471 2465 5533 8,
2490 5468 2541 5521 9.

2106 5580 2258 5656 μειερ.
2293 5581 2418 5656 editi
2451 5582 2502 5634 in
2528 5581 2791 5656 margine,
2826 5581 3156 5656 δωρουμένη.

1957 5651 2068 5713 (57)
2098 5651 2262 5702 Codd.
2299 5650 2424 5712 Reg.
2450 5659 2503 5702 et
2528 5648 2708 5711 Basil.,
2738 5649 2838 5700 ὅτι.
2879 5648 3028 5702 ιίίώ.
3051 5648 3196 5710 editi,
3238 5649 3402 5711 ὅστις.

1955 5717 2068 5784 (38}
2097 5718 2307 5777 Αὑτοῦ,
2338 5718 2510 5785 οἶμαι,
2542 5718 2611 5768 τὰ
2633 5717 3062 5783 προστάγματα,
3090 5725 3191 5767 etc.
3218 5716 3306 5785 illa
3336 5729 3429 5785 co—

1887 5782 1983 5838 (rex
2032 5782 2580 5855 Basileeusisfcujns
2634 5782 2788 5839 lectio
2841 5782 3046 5837 videtur
3099 5782 3429 5850 prml'erenda
