4094 6322
223 457 371 508 1317

1433 451 1711 508 CONTRA
1741 409 2012 509 censum
2046 453 2170 509 LIB.
2207 454 2295 510 Vl.

3296 453 3435 510 151.

214 571 386 638 Θεοῦ,
418 591 440 624 ι
467 568 602 626 sine
645 573 728 638 τὸ,
760 591 780 623 ι
819 567 1090 635 ⁴’Ἀευσςτος
1135 571 1209 635 ώς
1236 573 1445 642 ίμάτιον
1482 573 1542 626 τὸ
1574 575 1779 644 περιδό-

1893 585 2024 641 tum,
2049 577 2279 630 amictus
2307 575 2424 642 ejus
2453 574 2515 632 ³¹.
2550 595 2568 626 ι
2603 573 2740 640 Quin
2773 573 3020 637 Salvator
3042 580 3225 626 noster
3252 578 3305 625 et
3331 571 3434 625 Do-

216 660 377 716 λαιον
407 663 590 716 αὐτοῦ.
629 681 648 713 ι
685 661 840 715 Ἀλλὰ
865 663 958 715 καὶ
987 666 1016 715 6
1043 662 1227 732 Σωτὴρ
1252 661 1408 731 ἡμῶν
1438 663 1531 715 καὶ
1561 664 1784 735 Κύριος,

222 753 399 818 Λόγος
438 753 529 806 τοῦ
557 753 711 817 Θεοῦ,
755 753 816 805 τὸ
850 754 1073 822 μέγεθος
1108 752 1374 822 παριστὰς
1411 754 1506 822 τῆς
1538 753 1788 830 γνώσεως

216 844 322 897 τοῦ
355 845 583 910 Ηατρὸς,
611 845 692 896 ὅτι
719 844 840 896 κατ’
865 844 1019 908 ἀξίαν
1040 843 1456 913 προηγουμένως
1479 842 1628 912 αὐτῷ
1646 845 1789 913 μόνῳ

219 931 557 1002 λαμϐάνεται
586 934 678 985 καὶ
695 931 1066 1000 γιγνώσκεται,
1086 930 1348 1000 δευτέρως
1366 930 1421 982 δὲ
1453 933 1563 992 τοῖς
1595 932 1790 1000 ὲλλαμ-

222 1021 488 1091 πομένοις
541 1021 603 1074 τὸ
648 1020 967 1090 ἡγεμονικὸν
1013 1020 1100 1070 ὑπ’
1148 1019 1310 1070 αὑτοῦ
1355 1018 1447 1069 τοῦ
1480 1017 1650 1084 Λόγου
1698 1019 1791 1071 καὶ

219 1110 384 1174 Θεοῦ,
415 1110 591 1181 φησίν·
630 1129 648 1161 ‹
678 1109 860 1172 Οὐδεὶς
883 1109 1021 1177 ἔγνω
1049 1109 1155 1178 (54)
1183 1109 1273 1159 τὸν
1297 1108 1421 1160 Υἱδν
1453 1111 1500 1160 εἰ
1527 1108 1602 1177 μὴ
1631 1109 1660 1158 6
1682 1106 1790 1157 Πα-

220 1197 355 1268 τὴρ,
380 1199 500 1252 οὐδὲ
523 1200 614 1251 τὸν
642 1200 857 1268 Πατέρα
900 1200 948 1249 εί
997 1198 1071 1267 μὴ
1096 1201 1124 1250 ό
1159 1198 1305 1260 Υἱὸς,
1336 1199 1428 1250 καὶ
1455 1192 1497 1264 ᾧ
1521 1197 1586 1249 ἂν
1614 1201 1642 1250 6
1668 1198 1790 1260 Υἱὸς

220 1286 570 1358 ἀποκαλύψῃ.
610 1305 628 1338 ι
661 1286 797 1340 Οὔτε
826 1287 934 1358 γάρ
959 1287 1050 1339 τὸν
1072 1286 1330 1356 ἀγένητον
1355 1286 1465 1355 (55)
1489 1285 1584 1338 καὶ
1615 1287 1791 1355 πάσης

225 1376 461 1445 γιητῆς
517 1376 728 1444 φύσεως
770 1377 1108 1446 πρωτότοκον
1147 1377 1264 1428 κατ’
1298 1376 1453 1439 ἀξίαν
1485 1376 1682 1429 εἰδέναι
1710 1393 1792 1437 τις

219 1465 467 1530 δύναται,
493 1466 567 1529 ὡς
587 1468 615 1518 6
646 1468 908 1537 γεννήσας
934 1469 1094 1521 αὐτὸν
1115 1468 1319 1537 Πατὴρ,
1346 1468 1468 1519 οὔτε
1497 1468 1587 1522 τὸν
1620 1455 1792 1520 Πατέέ-

225 1572 319 1624 ρα,
352 1555 428 1618 ὡς
459 1557 486 1606 6
502 1555 736 1626 ἔμψυχος
755 1559 922 1625 Λόγος
945 1559 1036 1610 καὶ
1060 1558 1217 1625 σοφία
1251 1558 1412 1609 αὑτοῦ
1436 1559 1535 1611 καὶ
1551 1558 1789 1628 ἀλήθεια·

222 1641 290 1700 οὗ
315 1653 510 1719 μετοχῇ
543 1649 949 1720 περιαιροῦντες
981 1651 1085 1701 ἀπὸ
1119 1650 1212 1701 τοῦ
1241 1650 1449 1719 Πατρὸς
1481 1649 1543 1706 τὸ
1573 1649 1797 1718 λεγόμε-

183 1771 191 1775 -
224 1757 320 1809 νον
343 1741 546 1803 σκότος,
582 1742 610 1792 ὃ
638 1740 788 1792 ἔθετο
809 1741 1130 1810 ἀποκρυφὴν
1158 1740 1341 1804 αὐτοῦ,
1371 1740 1465 1793 καὶ
1501 1739 1561 1791 τὸ
1582 1740 1798 1808 λεγόμε-

225 1842 320 1877 νον
354 1826 688 1896 περιϐόλαιον
739 1826 940 1888 αὐτοῦ,·
964 1826 1060 1896 τὴν
1094 1826 1344 1889 ἄϐυσσον,
1378 1826 1472 1878 καὶ
1517 1826 1791 1882 ἀποκαλύ-

1887 667 2065 720 minus
2106 665 2194 718 Dei
2221 662 2456 718 Verbum
2487 664 2688 718 indicat
2716 673 2972 731 quantum
3010 663 3077 716 sit
3105 660 3318 718 Patrem
3338 673 3433 712 co-

1887 769 2168 826 gnoscere,
2203 753 2470 821 illumque
2503 768 2600 821 pro
2642 754 2832 808 merito
2879 753 3109 821 primum
3147 765 3174 802 a
3224 763 3284 803 se
3320 749 3450 804 solo.

1887 845 2161 914 cognosci,
2196 845 2389 897 deinde
2442 845 2512 898 ah
2553 845 2660 897 illis
2677 855 2916 912 quorum
2959 846 3076 911 ipse
3115 838 3346 894 Verbum
3377 849 3434 894 et

1890 937 2030 990 Deus
2065 945 2291 997 mentem
2320 934 2617 988 illuminat:
2671 948 2790 995 cum
2841 933 2918 985 ait
2953 946 2968 983 :
3010 950 3028 981 ι
3065 929 3231 984 Nemo
3278 928 3430 983 novit

1889 1025 2083 1077 Filium
2116 1023 2217 1076 nisi
2245 1023 2424 1085 Pater,
2464 1037 2635 1091 neque
2662 1022 2872 1076 Patrem
2898 1022 2998 1074 nisi
3031 1020 3216 1085 Filius,
3251 1027 3304 1072 et
3347 1019 3433 1073 cui

1889 1117 2058 1170 Filius
2094 1115 2411 1169 revelaverit
2435 1115 2500 1167 ".
2540 1132 2560 1164 ι
2591 1113 2772 1181 Neque
2797 1114 2940 1167 enim
2972 1114 3108 1166 ullus
3141 1112 3433 1164 increatutu

1891 1213 1944 1258 et
1971 1204 2152 1258 omnis
2182 1213 2373 1255 creatae
2408 1209 2613 1253 natura:
2641 1201 3053 1270 primogenitum
3083 1201 3239 1266 digne
3262 1205 3436 1267 potest

1892 1302 2241 1362 cognoscere,
2275 1301 2333 1344 ut
2370 1291 2531 1343 Pater
2557 1291 2644 1359 qui
2677 1306 2796 1344 eum
2826 1291 3005 1358 genuit
3033 1289 3105 1343 ³³ε
3136 1303 3306 1358 neque
3332 1287 3434 1340 Pa-

1895 1393 2051 1446 trem,
2093 1390 2150 1434 ut
2184 1381 2472 1432 animatum
2505 1377 2761 1440 Verbum,
2801 1379 2942 1446 quod
2984 1378 3243 1447 sapientia
3273 1387 3326 1432 et
3344 1392 3436 1432 ve-

1895 1474 2027 1526 ritas
2049 1471 2162 1539 ejus
2185 1479 2285 1523 est.
2309 1467 2483 1539 lpsmn
2510 1477 2614 1530 est,
2644 1468 2782 1541 quod
2807 1483 2835 1520 a
2862 1468 3018 1520 Patre
3034 1468 3290 1520 tenebras
3315 1467 3435 1520 dis-

1895 1562 2044 1629 pellit
2096 1574 2227 1628 quas
2276 1578 2293 1609 ι
2333 1558 2508 1626 posuit
2553 1556 2827 1610 latibulum
2863 1572 3019 1611 suum
3078 1557 3144 1622 ",
3198 1575 3214 1607 ι
3260 1557 3433 1623 ipsum

1894 1659 1974 1702 est
2006 1649 2147 1716 quod
2181 1646 2429 1714 abyssum
2460 1645 2647 1710 retegit
2671 1661 2771 1712 qua
2802 1645 2945 1699 velut
2986 1645 3304 1699 vestimento
3337 1660 3429 1712 pa-

1896 1746 1977 1790 ter
2017 1724 2234 1804 tegitur,
2263 1749 2432 1802 eoque
2483 1735 2563 1787 sic
2615 1735 2822 1786 Patrem
2877 1735 3166 1801 revelante,
3213 1734 3426 1787 Patrem

1897 1825 2167 1896 cognoscit
2191 1822 2429 1893 quisquis
2462 1821 2608 1875 illum
2638 1836 2956 1890 cognoscere
2985 1831 3175 1891 potest.

225 1933 453 1978 πτοντος
480 1916 618 1968 οῦτω
647 1915 736 1968 τὸν
766 1916 984 1984 Πατέρα
1013 1916 1040 1968 ὃ
1068 1933 1119 1968 τι
1146 1917 1261 1966 ποτ’
1293 1914 1359 1966 ἂν
1390 1917 1537 1983 χωρῇ
1572 1915 1679 1983 (56)
1704 1932 1788 1981 γι-
1819 1898 1860 1952 Β

225 2005 454 2057 νώσκειν
483 2005 642 2056 αὐτὸν
671 2004 981 2072 γιγνώσκει.

303 2085 484 2136 Ταῦτα
508 2085 848 2154 δ’ήγησάμην
871 2086 1072 2156 βραχέα
1093 2088 1196 2139 ἀπὸ
1227 2087 1484 2140 πλείστων
1507 2090 1642 2141 ὅσων
1668 2090 1774 2142 τῶν

228 2190 300 2224 πε
310 2167 360 2242 pi.
377 2173 508 2224 Θεοῦ
529 2177 634 2234 τοῖς
656 2175 812 2243 ἱεροῖς
830 2176 1048 2244 ἀνδράσι
1072 2177 1398 2244 νενοημένων
1420 2178 1775 2245 παραθέσθαι,

227 2262 462 2324 δεικνὺς,
487 2264 712 2315 ὃτι-τῶν
746 2264 1156 2332 θαυμασθέντων
1187 2266 1288 2317 ὑπὸ
1325 2266 1530 2321 Κέλσου
1561 2267 1780 2320 Πλατω-

233 2351 400 2403 νικῶν
427 2351 594 2419 λόγων
612 2353 720 2421 ἔχει
753 2371 802 2404 τι
833 2355 1171 2423 σεμνότερον,
1204 2358 1313 2416 τοῖς
1349 2355 1556 2424 ἔχουσιν
1585 2356 1781 2425 ὀφθαλ-

237 2441 370 2507 μοὺς
403 2439 613 2506 βλέπειν
639 2439 706 2490 τὰ
746 2441 912 2508 σεμνά
948 2441 1052 2492 τῶν
1080 2442 1304 2511 Γραφῶν
1342 2441 1683 2513 δυναμένους,
1713 2447 1780 2499 τὰ

237 2529 360 2598 ίερά
385 2529 492 2580 τῶν
521 2530 808 2598 προφητῶν
836 2533 1152 2600 γράμματα.
1182 2534 1330 2602 Ἔχει
1365 2535 1410 2586 δ’
1436 2537 1467 2602 ή
1499 2517 1780 2597 Πλάτωνος

233 2615 377 2680 λέξις
400 2618 542 2686 (57),
578 2619 642 2686 ἢν
678 2621 704 2670 6
736 2617 935 2680 Κέλσος
962 2620 1188 2682 ἐξέθετο,
1223 2620 1404 2673 τοῦτον
1445 2624 1531 2673 τὸν
1559 2624 1777 2690 τρόπον’

241 2726 260 2756 ι
307 2710 438 2774 Περὶ
474 2710 582 2760 τῶν
619 2711 831 2762 πάντων
871 2711 1084 2771 βασιλέα
1134 2714 1288 2765 πάντ’
1327 2712 1469 2772 ἐστὶ,
1512 2715 1603 2764 καὶ
1639 2715 1779 2765 ὲκεί-

227 2810 323 2844 νου
349 2793 506 2846 ἕνεκα
536 2794 726 2855 πάντα,
761 2795 853 2846 καὶ
890 2797 1061 2846 ἐκεῖνο
1094 2798 1260 2848 αἴτιον
1303 2798 1552 2850 ἁπάντων
1584 2800 1778 2851 καλῶν.

225 2879 487 2950 Δεύτερον
534 2881 590 2932 δὲ
621 2883 745 2950 περ).
791 2883 857 2933 τά
911 2883 1153 2953 δεύτερα·
1197 2887 1289 2936 καὶ
1330 2887 1509 2955 τρίτον
1560 2890 1782 2957 περὶτὰ

229 2967 409 3036 τρίτα.
448 2969 511 3018 Ἢ
555 2963 644 3018 οὖν
687 2968 992 3038 ἀνθρωπίνη
1038 2969 1179 3038 ψυχὴ
1207 2972 1331 3039 περὶ
1361 2973 1496 3022 αὑτὰ
1537 2972 1781 3040 ὀρέγεται

169 3122 186 3134 ο
231 3056 438 3124 μαθεῖν,
469 3059 596 3107 ποῖα
643 3057 774 3108 ἄττα
798 3059 929 3119 ἐστὶ,
967 3057 1229 3125 βλέπουσα
1250 3060 1328 3120 εἰς
1369 3060 1435 3111 τὰ
1470 3061 1632 3128 αὐτῆς
1658 3078 1782 3128 συγ-

225 3133 382 3212 favi},
411 3138 484 3194 ὧν
529 3145 677 3196 οὐδὲν
708 3146 904 3205 ἱκανῶς
935 3146 1067 3214 ἔχει.
1117 3146 1218 3197 Τοῦ
1248 3146 1310 3215 δὴ
1344 3146 1600 3215 βασιλέως
1633 3149 1775 3218 πέρι,

227 3234 326 3286 καὶ
371 3228 446 3286 ὧν
491 3230 658 3297 εἷπον,
689 3235 837 3286 οὐδέν
885 3239 996 3286 ἐστι
1029 3235 1280 3287 τοιοῦτον.
1321 3255 1338 3286 ι
1386 3238 1680 3307 Ἐδυνὰμην
1723 3241 1777 3290 δὲ

227 3321 562 3389 παραθέσθαι
594 3323 661 3374 τὰ
683 3324 809 3393 περὶ
836 3324 942 3374 τῶν
973 3327 1098 3394 παρ’
1144 3324 1407 3394 Ἑϐραίοις
1438 3327 1776 3393 καλουμένων

227 3415 514 3482 σεραφεὶμ,
543 3416 1036 3484 ἀναγεγραμμένων
1054 3417 1198 3486 ἐντῷ
1233 3419 1442 3487 Ἡσαΐᾳ,
1477 3420 1772 3471 καλυπτόν-

223 3518 336 3552 των
371 3503 425 3552 τὸ
478 3502 759 3570 πρόσωπον
785 3505 876 3555 καὶ
903 3507 1022 3565 τοὺς
1056 3506 1217 3567 πόδας
1244 3506 1335 3556 τοῦ
1368 3507 1500 3558 Θεοῦ
1528 3508 1656 3576 (58)·
1679 3509 1770 3559 καὶ

224 3588 292 3641 τὰ
326 3591 446 3658 περὶ
471 3590 574 3641 τῶν
597 3590 998 3659 ὀνομαζομένων
1027 3593 1332 3660 χερουῦεὶμ,
1362 3594 1396 3645 ἂ
1428 3585 1710 3663 διέγραψεν
1741 3595 1770 3645 6

237 3677 508 3748 Ἰεζεκιὴλ,
544 3681 636 3730 καὶ
650 3679 757 3730 τῶν
785 3681 980 3731 ὡσανεὶ
1013 3681 1300 3750 σχημάτων
1328 3683 1520 3746 αὐτῶν,
1551 3685 1772 3736 καὶτίνα
1827 3744 1834 3752 δ

221 3767 421 3836 τρόπον
449 3767 681 3834 ὸχεῖαθαι
715 3768 924 3835 λέγεται
958 3771 1046 3820 ἐπὶ
1087 3770 1191 3820 τῶν
1220 3771 1508 3840 χερουεεὶμ
1544 3774 1571 3823 6
1618 3773 1766 3835 Θεὸς.

235 3855 372 3907 Ἀλλ’
391 3857 522 3907 ’ἐπεὶ
549 3858 686 3908 πάνυ
727 3859 1113 3927 κεκρυμμένως
1147 3859 1352 3930 εἴρηται
1384 3859 1469 3911 διὰ
1491 3862 1612 3922 τοὺς
1639 3862 1768 3913 ἀνα-

222 3944 368 4008 ξίους
401 3946 492 3996 καὶ
530 3946 812 4014 ἀσέμνους,
851 3948 921 4015 μὴ
955 3948 1274 4015 δυναμένους
1302 3949 1768 4019 παρακολουθῆσαι

223 4032 544 4103 μεγαλονοίᾳ
583 4035 676 4085 καὶ
723 4036 1015 4104 σεμνότητι,
1051 4036 1337 4102 θεολογίας,
1362 4040 1457 4106 οὐχ
1483 4040 1770 4108 ἡγησάμην

221 4122 427 4190 πρέπον
458 4118 594 4174 εἶναι
634 4126 691 4174 ὲν
722 4122 798 4191 τῷ
826 4126 1206 4193 συγγράμματι
1236 4125 1406 4194 τούτῳ
1441 4126 1564 4196 περὶ
1595 4126 1768 4178 αὐτῶν

218 4210 577 4286 διβλεχθῆναι.

1956 2081 2157 2135 l8.'Ex
2183 2066 2605 2150 pluribusllocis,
2635 2085 2722 2137 ubi
2764 2085 2934 2138 sancti
2966 2076 3064 2138 viri
3107 2086 3260 2140 nobis
3302 2086 3429 2155 quid

1888 2171 1953 2223 de
1986 2172 2090 2224 Deo
2111 2174 2406 2238 cogitarent
2430 2174 2784 2234 declararunt,
2816 2175 2925 2226 haec
2950 2189 3116 2240 pauca
3154 2174 3324 2227 visum
3347 2183 3430 2229 est

1885 2273 2202 2326 excerpere;
2244 2262 2310 2311 ul'
2330 2265 2666 2314 ostenderem
2725 2264 2778 2314 in
2835 2263 3002 2314 sacris
3051 2264 3425 2330 prophetarum

1888 2347 2080 2420 litteris
2126 2349 2298 2401 inesse.
2327 2349 2451 2416 quid
2491 2350 2787 2416 augustius,
2826 2366 2987 2418 quam
3036 2353 3088 2404 in
3117 2347 3446 2407 ‘Platouicis'

1885 2434 2183 2502 sententiis,
2235 2453 2373 2504 quas
2429 2446 2703 2503 [antepere
2751 2439 2936 2493 Celsus
2990 2442 3332 2505 admiratur;
3382 2443 3424 2494 si

1889 2529 2050 2580 modo
2081 2528 2220 2579 oculi
2249 2528 2535 2596 legentium
2567 2527 2601 2578 ii
2629 2529 2737 2581 sint
2776 2530 2864 2595 qui
2918 2532 3245 2597 majestatem
3281 2525 3439 2585 Suri-7

1884 2626 2159 2682 pturarum
2188 2618 2449 2682 inspicere
2472 2618 2701 2671 valeant.
2731 2618 2897 2670 Verba
2938 2628 3110 2672 autem
3136 2619 3371 2674 Platonis
3396 2636 3425 2672 a

1883 2704 2036 2756 Celso
2066 2713 2356 2769 memorata
2391 2705 2469 2757 sic
2495 2705 2695 2757 habent
2729 2721 2743 2757 :
2775 2723 2791 2755 ι
2835 2705 3046 2758 Circum
3082 2707 3314 2759 omnium
3348 2721 3428 2759 re-

1882 2808 1998 2859 gem
2042 2793 2220 2844 omnia
2270 2803 2417 2852 sunt,
2451 2803 2503 2845 ct
2556 2802 2770 2860 propter
2822 2794 2968 2845 illum
2997 2796 3196 2854 omnia,
3229 2804 3282 2846 et
3313 2797 3427 2862 ipse

1881 2882 2141 2953 bonorum
2172 2882 2407 2951 omnium
2438 2897 2596 2934 causa
2631 2892 2732 2935 est.
2773 2882 3021 2936 Secundo
3052 2883 3166 2936 loco
3195 2894 3276 2936 est
3303 2900 3423 2938 cum

1881 2959 2144 3029 Secundis,
2195 2970 2360 3054 tertid
2385 2985 2504 3022 cum
2540 2973 2733 3026 tertiis.
2784 2973 2947 3038 lgitttr
2979 2974 3154 3023 anima
3191 2973 3422 3026 humana

1879 3061 2055 3114 Studio
2088 3058 2309 3112 ellertur
2338 3055 2575 3112 discendi
2604 3061 2717 3112 hare
2751 3062 2926 3126 qualia
2965 3062 3094 3125 sint,
3130 3063 3425 3128 respiciens

1881 3150 1943 3198 ad
1965 3162 2021 3198 ea
2048 3162 2167 3214 qua!
2192 3134 2367 3199 secum
2399 3148 2718 3214 cognatione
2742 3149 3027 3210 conjuncta
3044 3157 3184 3200 sunt.
3208 3147 3419 3203 Nullum

1884 3247 2067 3289 eorum
2101 3231 2395 3298 perfectum
2427 3241 2529 3285 est.
2579 3232 2652 3284 De
2701 3247 2820 3299 rege
2847 3247 2980 3286 ,νει-ο
3006 3241 3058 3285 ει
3089 3235 3206 3287 aliis
3235 3250 3425 3304 supra-

1881 3304 2037 3372 dictis
2060 3321 2187 3372 nihil
2225 3331 2306 3373 est
2351 3319 2635 3386 ejusmodi.
2669 3339 2685 3369 ι
2722 3321 2834 3372 Huc
2864 3321 3054 3375 aﬂ‘erre
3096 3339 3302 3391 possem
3343 3326 3426 3379 fa-

1880 3419 2017 3460 ctam
2046 3409 2112 3458 ab
2148 3408 2278 3459 Isaia
2326 3408 2620 3472 seraphim,
2664 3415 2718 3459 ut
2744 3405 2951 3464 Hebraei
2980 3421 3194 3475 vocant,
3223 3412 3424 3466 descri-

1874 3495 2129 3571 ptionem,
2159 3501 2247 3552 qm
2272 3490 2536 3555 seraphim
2562 3491 2649 3543 Det
2679 3495 2864 3546 faciem
2891 3507 2941 3549 et
2966 3501 3126 3565 pedes
3151 3504 3419 3571 velant";

1873 3561 2034 3640 64ίᾷ
2064 3588 2272 3640 possem
2320 3587 2373 3630 et
2415 3579 2676 3633 adducere
2722 3599 2781 3634 ea
2812 3602 2928 3652 qua:
2967 3589 3210 3642 Ezechiel
3235 3561 3420 3646 scribit

1871 3662 1936 3714 de
1969 3663 2032 3715 iis
2064 3681 2197 3732 quos
2223 3668 2481 3722 cherubin
2505 3673 2749 3738 appellat,
2778 3685 2830 3726 et
2859 3691 3087 3746 quorum,
3109 3679 3304 3733 formas
3330 3681 3420 3734 de-
3483 3677 3489 3681 ’

1848 3752 2056 3820 .pittgil,
2082 3764 2134 3806 et
2153 3756 2410 3817 explicare
2430 3762 2693 3829 quomodo
2718 3762 2853 3812 Deus
2883 3777 2908 3810 a
2935 3763 3192 3816 cherubin
3219 3749 3414 3826 gestari

1873 3847 2084 3900 dicatur
2112 3846 2189 3909 ³⁶;
2222 3846 2314 3898 sed
2345 3847 2466 3912 quia
2502 3846 2613 3898 haec
2641 3846 2848 3900 occulte
2874 3848 3089 3900 omnino
3123 3849 3264 3902 dicta
3296 3860 3418 3906 sunt

1873 3945 2091 4003 propter
2121 3936 2363 4001 indignos
2403 3943 2454 3985 ct
2485 3935 2672 3992 malos,
2716 3935 2806 3999 qui
2843 3935 3124 4004 theologia:
3170 3940 3414 3994 sublimi-

1878 4035 2038 4074 tatem
2080 4020 2519 4088 maje'statcmque
2567 4039 2668 4074 non
2714 4033 2937 4090 possunt
2976 4025 3243 4079 intelleCtu
3272 4043 3418 4083 assc-

1872 4114 1984 4180 qui,
2023 4126 2125 4162 non
2159 4111 2329 4163 visum
2363 4122 2442 4162 est
2472 4113 2522 4161 in
2565 4111 2729 4165 hocce
2761 4115 2958 4180 scripto
2985 4129 3160 4182 opera:
3187 4119 3413 4184 pretium

1871 4201 1934 4252 de
1967 4201 2070 4251 illis
2100 4216 2139 4250 rt
2163 4200 2257 4251 bus
2282 4199 2567 4252 disserere.

307 4288 460 4355 Ἑξῆς
488 4289 543 4339 δὲ
588 4291 790 4362 τούτοις
822 4295 980 4360 φησὶν
1013 4297 1039 4345 ό
1071 4295 1292 4356 Κέλσος,
1338 4314 1355 4343 ί
1393 4297 1769 4363 παρακούσανα

1937 4289 2020 4340 19.
2058 4305 2076 4336 ε
2112 4287 2407 4340 Christiani
2444 4291 2696 4356 quidam,
2720 4290 2890 4358 pergit
2931 4292 3140 4356 Celsus,
3176 4295 3312 4348 male
3336 4297 3416 4349 itt-

221 4380 320 4440 τάς
361 4395 505 4440 τινας
545 4380 898 4446 Χριστιανοὺς
942 4382 1299 4434 Πλατωνικῶν
1330 4383 1552 4448 λέξεων,
1588 4385 1771 4451 αὐχεῖν

221 4468 316 4519 τὸν
353 4468 735 4536 ὑπερουράνιον
776 4469 904 4519 Θεὸν
939 4470 1047 4536 (59)
1071 4512 1083 4532 ,
1114 4472 1632 4544 ὑπεραναδαίνοντας
1677 4474 1767 4525 τὸν

237 4555 500 4607 Ἰουδαίων
527 4555 768 4623 οὐρανόν.
803 4575 822 4606 ›
863 4557 948 4607 Ἐν
980 4557 1182 4618 τούτοις
1213 4559 1265 4609 δὲ
1299 4561 1358 4610 οὐ
1388 4561 1654 4628 διασαφεῖ,
1680 4562 1770 4614 πό-

221 4661 379 4712 τερον
425 4645 518 4698 καὶ
559 4645 649 4696 τὸν
689 4646 952 4697 Ἰουδαίων
994 4647 1123 4700 Θεὸν
1167 4649 1766 4723 ὑπεραναὸαίνουσιν,ἢ

227 4734 386 4802 μόνον
411 4734 468 4786 ὃν
495 4733 780 4803 ὀμνύουσιν
805 4735 1046 4801 οὐρανόν.
1070 4737 1200 4805 Περὶ
1225 4738 1322 4806 μὲν
1352 4734 1441 4790 οὖν
1464 4740 1568 4792 τῶν
1588 4741 1772 4809 ἕτερον

1870 4379 2074 4431 tellecta
2109 4375 2346 4432 Platonis
2375 4380 2641 4443 doctrina,
2675 4382 2958 4448 plurimum
2991 4383 3218 4436 ederunt
3247 4385 3411 4438 Deum

1863 4468 1952 4534 qui
1985 4482 2148 4535 supra
2179 4468 2345 4521 cmlos
2361 4470 2660 4536 est,sicque
2689 4469 2990 4523 Iudaeorum
3020 4473 3212 4526 ccelum
3241 4483 3413 4528 trans-

1864 4561 2118 4610 cendunt.
2162 4577 2180 4610 ι
2213 4557 2311 4611 Ubi
2365 4573 2466 4610 non
2511 4559 2654 4616 clare
2706 4561 2907 4612 iudicat
2960 4562 3411 4615 transcendantuc

1862 4645 2163 4699 Judaeorum
2192 4647 2378 4705 Deum,
2408 4660 2473 4696 an
2505 4647 2697 4700 caelum
2726 4649 3006 4712 duntaxat,
3032 4664 3126 4715 per
3150 4649 3290 4716 quod
3310 4647 3406 4702 Ju-

1863 4734 2183 4800 darijura-nt.
2219 4731 2328 4784 Non
2371 4733 2534 4801 igitur
2561 4733 2627 4786 de
2687 4735 2769 4788 his
2812 4737 2900 4802 qui
2952 4737 3114 4788 alium
3164 4735 3232 4788 ab
3279 4735 3432 4809 illo,~

305 4890 348 4921 ⁸¹
371 4888 510 4944 Psal.
536 4903 650 4951 CIII,
675 4887 726 4941 6.
786 4888 830 4919 ³¹
850 4888 1037 4942 Matth.
1067 4905 1141 4953 XI,
1161 4890 1248 4941 27.
1315 4891 1358 4921 ³⁸
1379 4889 1583 4944 Coloss.
1611 4889 1756 4951 1,15.
1830 4888 1873 4918 ³⁸
1893 4885 2033 4940 Psal.
2063 4900 2189 4946 xvu,
2219 4883 2302 4937 1‘2.
2361 4862 2422 4915 ’³⁸
2443 4885 2544 4940 lsa.
2572 4903 2644 4950 Vl,
2667 4887 2720 4939 2.
2796 4887 2839 4917 ³⁸
2864 4887 3056 4939 Ezeeh.
3082 4903 3118 4946 ι.
3137 4885 3400 4950 5.10.18.

285 5061 396 5136 (56)
426 5062 628 5136 Mss-et
656 5062 986 5136 liceschelius
1017 5066 1067 5117 in
1099 5074 1266 5131 textu,
1314 5067 1472 5133 ἔγνω,
1517 5066 1751 5134 Spence-

213 5143 326 5184 rus.
352 5129 711 5196 ἐπιγινώσκει.

286 5197 392 5266 (55)
432 5197 750 5265 Ἀγένητον.
811 5199 982 5253 Locus
1027 5202 1303 5266 diligenter
1350 5201 1614 5252 notandus
1659 5202 1744 5253 ubi

210 5265 378 5318 Filius
398 5280 428 5318 e
455 5276 819 5317 creaturarum
844 5283 1065 5320 numero
1098 5265 1295 5319 diserte
1322 5269 1591 5330 eximitur,
1619 5272 1743 5320 dum

203 5332 466 5401 ἀγένητος
491 5333 704 5385 dicitur.
773 5334 843 5385 At
888 5349 989 5386 neu
1023 5336 1458 5388 dissimulamlnm
1505 5337 1555 5386 in
1590 5339 1745 5388 unico

204 5401 390 5470 c_odice
420 5401 706 5470 Anglicuno
754 5406 987 5453 secundo
1036 5403 1136 5470 legi
1183 5402 1272 5452 τὸν
1308 5403 1575 5470 γεννητόν.
1617 5404 1745 5456 Vide

207 5467 639 5535 Origenianorum
669 5469 756 5522 lib.
786 5485 846 5532 ll,
880 5480 1064 5535 quast.
1089 5467 1142 5529 Ξ,
1171 5467 1430 5522 num.25.

274 5485 300 5516 -ι
337 5485 639 5521 entanurum
669 5485 756 5522 ιιι).
786 5485 846 5532 ll,
880 5485 1064 5535 quam.
1089 5485 1142 5529 α,
1171 5485 1319 5522 num.
1343 5485 1430 5522 zo.

274 5485 383 5606 (g6)
413 5539 473 5588 ’Ὁ
498 5554 550 5589 τι
576 5539 706 5589 ποτ’
730 5536 805 5590 ἂν
851 5536 1026 5606 χωρῇ.
1068 5538 1368 5606 Legendum
1401 5539 1608 5592 videtur
1640 5539 1737 5593 Bo-

203 5604 429 5675 lterello,
455 5606 600 5675 ὅστις
634 5604 1036 5675 ποτ’μᾶνχωρῇ.
1072 5604 1234 5675 Panic
1265 5616 1381 5675 post
1413 5606 1740 5661 lltesehelius

204 5624 429 5668 uerene,
455 5624 600 5667 οστις
634 5624 733 5657 ποτ
779 5624 843 5660 αν
902 5624 1036 5674 ωρῃ.
1072 5624 1234 5658 ramo
1265 5624 1381 5675 pos1
1413 5624 1740 5661 meseneuus

199 5672 266 5746 ll_I_
286 5681 432 5726 textu
465 5674 643 5746 habet,
672 5673 842 5727 ταῦτα
867 5624 1228 5746 διηγησάμην,
1272 5685 1328 5730 et
1359 5675 1430 5729 ita
1455 5678 1617 5732 codex
1639 5676 1740 5729 An-

195 5737 438 5813 glicanus
469 5743 695 5810 primus.
822 5753 831 5763 '

1927 5065 2034 5131 (57)
2063 5064 2374 5140 H.ld_n_u3»oq
2401 5065 2585 5130 λέξις.
2641 5066 2808 5129 Plato,
2859 5065 3014 5131 epist.
3039 5064 3075 5116 2
3104 5064 3169 5116 ad
3204 5065 3400 5140 Diony-

1855 5133 2012 5192 siunt,
2048 5148 2162 5196 pag.
2189 5133 2311 5184 512.

1923 5201 2030 5267 (58)
2065 5200 2172 5251 Τοῦ
2211 5201 2374 5254 Θεοῦ.
2431 5201 2544 5254 Νοη
2593 5203 2670 5254 sic
2720 5202 2779 5264 in,
2824 5199 3082 5262 Hebraeis,
3139 5200 3231 5253 sed
3277 5217 3408 5268 pro-_

1852 5271 2022 5333 prium
2053 5269 2242 5321 faciem
2272 5272 2617 5336 propriosque
2644 5269 2822 5336 pedes.
2858 5268 3035 5334 Neque
3071 5279 3246 5320 tamen
3279 5273 3398 5328 ideo

1853 5338 2132 5401 legendum
2169 5335 2319 5400 putat
2349 5337 2677 5397 Boherellus,
2712 5335 2936 5388 ἐνώπιον
2964 5336 3056 5388 τοῦ
3083 5337 3237 5388 Θεοῦ.

1917 5404 2024 5470 (59)
2061 5405 2168 5455 Τὸν
2194 5405 2617 5470 ὐπερουράνιον
2643 5405 2802 5454 Θεόν.
2858 5406 3033 5455 Codex
3062 5405 3302 5458 Joltanus
3328 5406 3393 5459 ad

1848 5484 1997 5541 oram
2038 5473 2213 5530 habet,
2244 5475 2330 5524 τὸν
2358 5472 2734 5541 ὑπερουράνιον
2767 5471 2966 5541 τόπον,
2995 5491 3110 5536 qua:
3138 5477 3397 5528 correctio

1849 5538 1972 5589 inde
2012 5551 2132 5590 nata
2168 5543 2396 5601 videtur,
2428 5536 2572 5606 quod
2597 5539 2732 5590 infra
2764 5540 2907 5591 dicat
2937 5539 3194 5604 Origenes
3226 5541 3393 5591 Plato-

1850 5621 1968 5677 nem
2004 5621 2102 5677 non
2138 5607 2300 5660 fuisse
2326 5609 2414 5672 qui
2464 5608 2667 5677 priu_nts
2708 5606 2776 5658 τά
2815 5609 2939 5676 περὶ
2976 5607 3063 5659 τοῦ
3093 5609 3387 5677 ὑπερθυραο

1845 5673 1956 5724 νίου
2004 5675 2166 5726 τόπου
2222 5672 2497 5728 iuveuerit.
2561 5672 2687 5726 Utu
2738 5683 2841 5732 est.
2880 5672 3064 5730 eomes
3115 5672 3367 5733 ali-i'coitd

1845 5757 1974 5796 mss.
2007 5743 2201 5814 habent
2221 5743 2309 5796 τὸν
2347 5742 2737 5814 ὑπερουράνιον
2755 5743 2906 5798 Θεόν.
