4094 6322
245 495 391 554 i365

1398 506 1679 563 CONTRA
1715 500 1985 565 CELSUM
2024 509 2149 567 LIB.
2183 498 2268 567 Vl.

3317 518 3458 578 1360

240 614 403 682 ὕντες
441 618 551 681 τοῖς
588 620 695 673 ἀπὸ
736 620 829 674 τοῦ
876 624 1074 696 κλήρου
1123 624 1213 678 τοῦ
1259 625 1426 692 Θεοῦ,
1475 628 1667 698 ἐρημοί
1702 632 1779 683 sic

1875 681 1880 691 ,
1911 646 2010 699 pro
2040 646 2133 685 sua
2182 630 2523 702 improbitate
2555 632 2619 689 ad
2659 631 2856 689 malum
2900 633 3048 691 illum
3079 638 3386 710 pertinent,
3410 643 3451 700 ll

238 707 403 762 Θεοῦ.
451 709 605 763 Ἀλλὰ
643 714 734 765 καὶ
765 715 813 766 οἱ
844 715 901 766 ἐν
925 718 1034 779 τοῖς
1064 718 1291 787 Κριταῖς
1316 718 1420 770 υίοὶ
1450 718 1645 790 Βελίαρ
1673 719 1802 790 (94),

1908 737 2027 775 cum
2057 723 2164 777 sint
2194 724 2325 778 sorti
2356 724 2551 779 divinae
2591 724 2823 792 infensi,
2866 729 3110 797 procula
3158 731 3267 787 Deo
3303 732 3452 793 able-

238 798 392 863 τίνος
423 800 581 853 ἄλλου
612 802 644 872 ἢ
677 804 865 858 τούτου
891 804 1133 874 λέγονται
1172 804 1308 863 εἶναι
1342 808 1447 863 υἱοὶ
1478 810 1565 863 διὰ
1592 812 1689 881 τὴν
1718 830 1779 865 πο

1904 820 2117 880 gantur.
2158 814 2263 869 Sed
2294 824 2349 869 et
2391 814 2468 868 illi
2503 814 2601 869 ﬁlii
2647 814 2833 881 Belial,
2883 820 2949 874 de
2973 820 3171 889 quibus
3222 824 3277 878 in
3305 822 3449 881 libro

241 891 477 961 νηρίαν;
511 893 702 961 Σαφῶς
749 895 839 961 δὲ,
877 898 1026 969 παρὰ
1056 898 1227 954 ταῦτα
1268 902 1476 965 πάντα,
1506 903 1565 957 ὲν
1596 903 1672 974 τῷ
1704 906 1803 975 ἁρ-

239 982 509 1054 χαιοτέρῳ
540 984 631 1037 καὶ
661 987 935 1051 Μωῦσέως
977 990 1139 1043 αὑτοῦ
1184 990 1301 1044 Ἰὼϐ
1339 995 1368 1046 ὁ
1398 993 1637 1057 διάϐολος
1669 996 1800 1047 ἀνα-

237 1070 549 1141 γέγραπται
572 1073 933 1153 παρίστασθαι
965 1078 1042 1147 τῷ
1074 1078 1212 1149 Θεῷ,
1237 1081 1329 1133 καὶ
1347 1082 1633 1153 αἰτεῖν.τὴν
1661 1083 1802 1136 κατά

233 1160 338 1213 τοῦ
379 1154 494 1215 Ἰὼϐ
527 1148 803 1231 ἐξουσίαν,
836 1166 902 1220 ἵν’
946 1169 1108 1222 αὐτὸν
1146 1148 1410 1242 περιϐάλῃ
1452 1148 1799 1244 περιστάσεσι

237 1248 571 1320 βαρυτάταις
593 1270 607 1284 ο
636 1255 826 1329 πρώτῃ
855 1258 954 1328 μὲν
996 1263 1060 1331 τῇ
1102 1261 1316 1314 πάντων
1349 1263 1459 1334 (95)
1487 1263 1594 1316 τῶν
1626 1263 1799 1337 ὑπαρ-

234 1340 441 1409 χόντων
487 1345 634 1416 αὐτῷ
671 1349 766 1401 καὶ
802 1348 907 1403 τῶν
940 1351 1141 1405 τέκνων
1184 1354 1345 1407 αὐτοῦ
1377 1356 1648 1427 ἀπωλείᾳ,
1680 1358 1797 1410 δευ-

230 1429 373 1502 τέρα
419 1431 476 1485 δὲ
513 1436 653 1488 κατὰ
681 1437 742 1489 τὸ
774 1439 1082 1509 περιϐαλεῖν
1113 1443 1273 1495 αὐτὸν
1312 1442 1485 1515 ἀγρίῳ
1524 1444 1794 1515 ἐλέφαντι,

230 1518 318 1589 τῷ
342 1520 480 1575 οὕτω
503 1525 813 1598 καλουμένῳ
842 1533 968 1600 νοσή
978 1548 1125 1601 ματι,
1145 1534 1251 1586 πᾶν
1272 1533 1332 1587 τὸ
1350 1533 1508 1619 σρμα
1528 1535 1620 1588 τοῦ
1652 1536 1789 1591 Ἰὼϐ.

247 1609 354 1663 Ἐὦ
378 1612 484 1684 γὰρ
508 1614 575 1668 τὰ
601 1616 706 1669 ἀπὸ
734 1618 839 1671 τῶν
871 1620 1212 1688 Εὑαγγελίων
1240 1626 1365 1694 περὶ
1395 1609 1487 1678 τοῦ
1518 1627 1792 1697 πειράζον-

226 1717 327 1765 eo;
352 1701 440 1754 τὸν
463 1704 687 1776 Σωτῆρα
713 1707 975 1773 διαϐόλου,
1004 1710 1091 1765 ἴνα
1120 1712 1192 1784 μὴ
1222 1714 1357 1777 δόξω
1380 1716 1486 1789 ἀπὸ
1518 1718 1792 1787 νεωτέρων

226 1790 460 1860 γραφῶν
501 1794 683 1866 φέρειν
722 1798 789 1850 τὰ
834 1799 961 1869 περὶ
1009 1800 1101 1854 τοῦ
1146 1802 1469 1873 ζητουμένου
1516 1806 1650 1877 πρὸς
1699 1807 1790 1862 τὸν

227 1882 456 1937 Κέλσον.
490 1886 599 1939 Καὶ
630 1889 688 1940 ὲν
720 1891 827 1952 τοῖς
862 1891 1184 1956 τελευταίοις
1213 1893 1270 1946 δὲ
1299 1894 1393 1947 τοῦ
1434 1895 1582 1959 Ἰὼϐ,
1612 1899 1669 1950 ὲν
1707 1894 1787 1961 οἷς

1903 900 2147 957 Judicnm
2178 903 2256 968 '°,
2301 904 2523 971 cujusne
2560 907 2651 961 ﬁlii
2683 919 2903 987 propter
2930 913 3331 983 improbitatem
3360 908 3446 975 di-

1903 1001 2101 1047 cuntur
2128 1008 2268 1061 esse,
2298 1006 2653 1067 praeterquam
2678 1001 2914 1068 ejusdem
2948 1004 3089 1060 illius
3112 995 3233 1063 mali
3256 1009 3282 1063 2
3305 1009 3453 1067 Pras-

1903 1092 2044 1159 terea
2076 1084 2128 1137 in
2160 1084 2296 1139 libro
2325 1085 2423 1142 Job
2439 1088 2483 1119 "
2526 1088 2703 1158 Moyse
2718 1091 2834 1161 ipso
2852 1096 3170 1165 antiquioris
3200 1101 3444 1159 diabolus

1898 1172 2091 1243 legitur
2108 1175 2347 1231 astitisse
2378 1192 2557 1233 coram
2583 1180 2713 1246 Deo,
2746 1193 2801 1237 et
2831 1185 3049 1252 petiisse
3084 1197 3144 1242 ut
3174 1191 3279 1245 sibi
3307 1191 3442 1247 lice-

1895 1272 1978 1316 ret
2007 1262 2153 1317 illum
2186 1266 2518 1333 gravissimis
2543 1268 2752 1327 allicere
2775 1273 3035 1331 molestiis
3056 1316 3070 1340 ,
3101 1293 3165 1333 ac
3209 1282 3440 1349 primum

1895 1351 2111 1420 quidem
2158 1355 2396 1410 omnium
2443 1357 2762 1415 facultatum
2811 1363 3149 1437 ﬁliorumque
3182 1368 3395 1437 jactura
3423 1414 3438 1440 ,
3474 1384 3477 1385 '

1893 1441 2085 1495 deinde
2115 1443 2381 1500 horrendo
2415 1446 2504 1501 illo
2535 1449 2757 1517 morbo,
2793 1454 2885 1523 qui
2927 1455 3070 1526 lepra
3112 1461 3439 1517 nominatur.

1891 1532 2056 1604 666
2078 1533 2250 1590 Taceo
2272 1552 2393 1605 quae
2414 1549 2639 1594 narrant
2660 1542 2948 1613 Evangelia
2970 1548 3015 1580 "
3039 1548 3104 1602 de
3118 1550 3327 1606 diabolo
3347 1556 3437 1624 qui

1891 1625 2228 1682 Salutarem
2270 1631 2518 1697 tentavit,
2544 1648 2610 1688 ne
2640 1633 2691 1689 in
2724 1652 2814 1701 re,
2864 1654 2982 1709 qua:
3009 1652 3196 1697 contra
3226 1645 3436 1702 Celsum

1889 1715 2087 1783 agitur,
2121 1720 2481 1775 recentiorum
2526 1724 2846 1793 scriptorum
2889 1732 3208 1788 auctoritate
3254 1735 3329 1789 uti
3358 1736 3437 1789 vi-

1888 1805 2035 1858 dear.
2067 1804 2131 1857 Et
2152 1806 2251 1861 sub
2275 1808 2434 1864 linem
2462 1810 2608 1878 libri,
2635 1815 2723 1882 qui
2750 1814 2868 1871 Jobi
2892 1835 3085 1875 nomen
3112 1823 3329 1890 praefert
3355 1824 3433 1891 ",

1887 1892 1976 1946 ubi
2004 1892 2257 1949 Dominus
2284 1911 2350 1953 ex
2384 1900 2595 1954 turbine
2624 1910 2679 1955 et
2705 1905 2936 1961 nubibus
2952 1923 3071 1962 cum
3100 1907 3234 1965 Jobo
3259 1912 3433 1982 loqui-

224 1972 261 2024 ὁ
303 1973 499 2044 Κύριος
534 1976 620 2029 διὰ
670 1978 928 2050 λαίλαπος
970 1983 1064 2035 καὶ
1112 1984 1347 2053 νεφελῶν
1388 1982 1505 2039 εἷπε
1546 1987 1622 2057 τῷ
1666 1988 1779 2041 Ἰὼϐ

1888 1993 1992 2048 tur,
2024 1999 2130 2039 non
2169 2000 2339 2056 pauca
2375 1988 2627 2059 leguntur
2668 1992 2734 2046 de
2764 1994 3019 2051 dracone.
3055 1999 3191 2064 Quid
3224 1972 3430 2057 memo-

220 2062 297 2115 τὰ
325 2063 779 2138 ἀναγεγραμμένα
807 2073 865 2123 ὲν
894 2075 956 2142 τῇ
985 2074 1256 2145 ὁμωνύμῳ
1286 2076 1448 2146 βίϐλῳ
1476 2077 1658 2142 αὐτοῦ,
1683 2080 1781 2133 οὐκ

221 2148 379 2219 ὀλίγα
408 2156 523 2207 ἐστὶ
566 2158 693 2228 περὶ
736 2160 1025 2231 δράκοντος
1067 2166 1327 2235 εἰρημένα
1374 2166 1572 2222 λαϐεῖν,
1617 2168 1782 2222 Οὔπω

221 2236 366 2307 λέγω
392 2243 485 2294 καὶ
510 2244 575 2297 τὰ
598 2245 705 2300 ἀπὸ
737 2247 827 2300 τοῦ
861 2250 1116 2321 Ἰεζεκιὴλ
1141 2252 1216 2315 ὼς
1233 2251 1358 2324 περὶ
1378 2253 1593 2323 Φαραὼ,
1614 2254 1646 2325 ἢ
1671 2256 1782 2308 Να-

221 2328 600 2408 ϐουχοδονόσορ
634 2338 764 2409 (96),
805 2340 835 2411 ἦ
870 2341 1138 2411 ἄρχοντος-
1155 2344 1357 2416 Τύρου’
1393 2347 1426 2418 ἢ
1456 2345 1521 2399 τὰ
1553 2347 1659 2400 ἀπὸ
1686 2347 1779 2400 τοῦ

210 2420 486 2487 ίἨσαῖου,
535 2428 592 2479 ἐν
632 2424 713 2491 οἷς
753 2429 1026 2501 θρηνεῖται
1058 2435 1085 2487 ὁ
1133 2431 1381 2501 βασιλεὺς
1435 2436 1776 2499 Βαϐυλῶνοςο

217 2512 315 2580 ἀφ’
362 2508 435 2567 ὧν
477 2518 575 2570 οὐκ
615 2518 769 2586 ὀλίγα
820 2539 904 2585 τις
948 2527 1013 2579 ἂν
1057 2524 1310 2601 μανθάνοι
1367 2527 1491 2597 περὶ
1532 2527 1630 2597 τῆς
1680 2546 1779 2581 κα-

1886 2087 1997 2126 rem
2045 2089 2164 2143 quas
2213 2077 2345 2131 dicit
2383 2078 2637 2135 Ezechiel
2680 2084 2831 2151 quasi
2888 2085 2953 2139 de
3002 2086 3301 2154 Pharaone,
3337 2099 3431 2162 aut

1890 2162 2445 2233 Nabuchodonosore,
2475 2180 2565 2223 aut
2593 2172 2834 2240 principe
2861 2174 2986 2245 Tyri
3014 2176 3321 2245 loqueretur
3346 2181 3432 2236 ⁷⁸2

1876 2254 1984 2309 Nec
2011 2255 2337 2311 etiamlsaim
2357 2259 2421 2313 de
2449 2260 2736 2330 Babylonis
2753 2278 2876 2334 rege
2903 2266 3133 2322 referam
3167 2270 3427 2328 lamenta-

1876 2344 2073 2401 tionem
2100 2346 2147 2378 ⁷⁸
2166 2363 2179 2412 ;
2198 2362 2262 2400 ex
2288 2349 2484 2417 quibus
2500 2354 2745 2410 omnibus
2758 2356 2965 2412 discere
2996 2360 3214 2415 esthinc
3232 2364 3429 2422 malum

1874 2438 2137 2507 originem
2158 2448 2211 2493 et
2232 2441 2554 2511 principium
2584 2444 2803 2512 habere,
2854 2449 2997 2516 quod
3029 2450 3268 2519 quidam,
3309 2456 3430 2513 aliis

1871 2530 2109 2600 amissis,
2141 2530 2286 2585 illum
2314 2534 2480 2590 secuti
2510 2538 2737 2604 suntqui
2767 2538 2970 2605 primus
3003 2540 3116 2595 alas
3144 2545 3423 2600 amiserat.

218 2605 373 2667 κίας.
443 2610 599 2663 ποίαν
667 2613 821 2682 ἔσχεν
875 2617 1045 2687 ἀρχὴν
1111 2619 1206 2672 καὶ
1260 2621 1498 2687 γένεσιν,
1546 2622 1639 2676 καὶ
1683 2623 1767 2675 ὅτι
1811 2623 1915 2675 ἀπό
1953 2640 2112 2677 τινων
2165 2627 2679 2697 πτερορῤυησάντων
2729 2629 2838 2700 (97)
2888 2631 2982 2684 καὶ
3033 2635 3427 2706 κατακολουθη-

220 2696 428 2750 σάντων
489 2701 563 2770 τῷ
619 2704 818 2776 πρώτῳ
861 2713 1321 2781 πτερορρυήσαντι
1384 2716 1588 2786 ὑπέστη
1627 2718 1659 2786 ἡ
1703 2717 1883 2771 κακία.

290 2790 365 2841 Οὐ
416 2792 523 2863 γὰρ
565 2788 673 2848 οἷόν
722 2800 767 2849 τ’
813 2795 880 2870 ἦν
926 2803 1125 2870 ὁμοίως
1172 2800 1309 2858 εἶναι
1336 2806 1447 2874 (98)
1475 2807 1550 2877 τῷ
1581 2809 1774 2861 οὑσιω-

215 2875 324 2939 δὼς
353 2878 540 2951 ἀγαθῷ
567 2882 768 2951 ἀγαθὸν
797 2885 856 2939 τὸ
888 2889 1027 2942 κατὰ
1060 2891 1422 2963 συμϐεϐηκὸς,
1459 2875 1552 2948 καὶ
1578 2894 1637 2957 ἐξ
1663 2898 1775 2948 ἑπι-

215 2967 522 3034 γενήματος
547 2970 747 3037 ἀγαθόν
770 2991 783 3003 ο
818 2976 953 3046 ὅπερ
978 2977 1052 3046 τῷ
1076 2979 1192 3048 μὲν,
1223 2980 1288 3033 ἵν’
1313 2981 1482 3044 οὕτως
1504 2984 1772 3051 ὀνομάσω,

215 3054 307 3107 τὸν
332 3052 507 3119 ζῶντα
535 3060 696 3130 ἄρτον
727 3065 1149 3135 ἀναλαμϐάνοντι
1175 3072 1255 3131 εἰς
1279 3070 1375 3139 τὴν
1392 3073 1617 3142 τήρησιν
1649 3074 1776 3125 ἑαυ-

215 3147 311 3199 τοῦ
331 3188 345 3210 ,
379 3149 476 3201 οὐκ
508 3151 572 3204 ἄν
602 3170 728 3206 ποτε
775 3158 1149 3232 ἀποσυμϐαίνῃ
1178 3162 1314 3229 (99)'
1344 3165 1391 3213 εί
1420 3164 1477 3215 δέ
1505 3181 1606 3215 τινι
1638 3166 1773 3218 ἀπο-

216 3236 533 3305 συμϐαίνει,
580 3243 727 3312 παρὰ
760 3244 854 3315 τὴν
891 3248 1065 3301 αἰτίαν
1102 3250 1308 3303 ἐκείνου
1352 3251 1764 3321 ἀποσυμϐαίνει,

216 3325 429 3397 ρᾳθυμή
440 3346 624 3393 σαντος
658 3335 780 3403 περὶ
802 3335 859 3387 τὸ
885 3336 1312 3408 μεταλαμϐάνειν
1337 3340 1428 3393 τοῦ
1452 3341 1648 3406 ζῶντος
1668 3344 1767 3415 ἄρ-

212 3433 304 3469 του
327 3420 418 3471 καὶ
436 3422 525 3474 τοῦ
558 3424 807 3493 ἀληθινοῦ
842 3429 1003 3481 ποτοῦ
1025 3447 1037 3461 ο
1065 3431 1156 3498 ἀφ’
1187 3425 1260 3483 ὧν
1288 3433 1638 3503 τρεφόμενον,
1673 3437 1767 3489 καὶ

209 3505 505 3575 ἀρδόμενον
537 3512 1087 3579 ἐπικατασκευάζεται
1132 3519 1191 3571 τὸ
1235 3521 1460 3589 πτερὸν,
1494 3523 1589 3574 καὶ
1627 3523 1769 3575 κατὰ

208 3596 303 3647 τὸν
331 3597 632 3663 σοφώτατον
660 3602 970 3673 Σολομῶντα
1002 3609 1217 3660 εἰπόντα
1240 3611 1364 3679 περὶ
1386 3609 1478 3663 τοῦ
1496 3614 1611 3664 κατ’
1634 3612 1765 3681 ἀλή-

212 3683 361 3739 θειαν
388 3688 636 3757 πλουσίου
656 3732 670 3753 ,
705 3694 783 3746 ὅτι
803 3734 816 3758 ,
851 3713 869 3745 ι
906 3697 1283 3750 Κατεσκεύασε
1325 3700 1433 3769 γὰρ
1463 3700 1608 3771 αὑτῷ
1639 3702 1765 3755 πτέ-

212 3794 381 3845 ρυγας
409 3778 597 3853 ὥσπερ
622 3784 774 3847 ἀετὸς
806 3786 903 3856 (Ι),
935 3790 1023 3840 καὶ
1051 3790 1360 3860 ἐπιστρέφει
1388 3794 1465 3855 είς
1493 3793 1583 3845 τὸν
1621 3789 1764 3847 οἶκον

208 3870 302 3922 τοῦ
332 3875 725 3943 προεστηκότος
749 3878 959 3932 ἑαυτοῦ.
994 3896 1012 3929 ι
1057 3881 1251 3951 Ἐχρῆν
1284 3882 1391 3952 γὰρ
1421 3883 1511 3935 τὸν
1544 3883 1764 3936 ἐπιστά-

211 3977 371 4030 μενον
398 3965 729 4033 ωγχρῆσοαι
752 3966 883 4021 Θεὸν
916 3970 992 4031 είς
1026 3969 1139 4023 δέον
1170 3972 1263 4024 καὶ
1294 3975 1404 4035 τοῖς
1434 3972 1538 4024 ὑπὸ
1568 3972 1763 4035 κακίας

203 4052 473 4106 ἀποστᾶσι
502 4056 797 4120 κατατάξαι
829 4075 929 4110 που
954 4059 1045 4111 τοῦ
1074 4061 1269 4123 παντὸς
1298 4062 1422 4124 τοὺς
1452 4062 1644 4114 οὑτωσὶ
1668 4078 1765 4114 κα·-

202 4144 365 4207 κοὺς,
400 4146 490 4199 καὶ
522 4147 812 4215 γυμνάσιον
848 4149 906 4201 τὸ
941 4150 1078 4219 ὑπὲρ
1106 4152 1301 4220 ἀρετῆς
1336 4152 1554 4221 ποιῆσαι
1587 4154 1763 4205 ἐκκεῖ-

204 4234 332 4285 σθαι
364 4238 473 4297 τοῖς
508 4236 840 4305 βουλομένοις
889 4241 1126 4309 νομίμως
1158 4242 1335 4293 ἀθλεῖν
1381 4244 1518 4313 ὑπὲρ
1549 4244 1641 4295 τοῦ
1675 4245 1763 4297 αὐ-

201 4322 305 4392 τὴν
333 4325 611 4377 ἀναλαϐεῖν
631 4344 642 4355 ·
675 4327 739 4377 ἵν’
768 4329 840 4390 ὠς
865 4330 1057 4398 χρυσὸς
1088 4331 1143 4381 ὲν
1176 4331 1308 4398 πυρὶ
1339 4335 1412 4403 τῇ
1455 4333 1620 4386 τῶνδε
1667 4352 1763 4387 κα-

200 4415 300 4480 κίᾳ.
333 4412 759 4481 βασανισθέντες,
787 4421 875 4470 καὶ
909 4421 1080 4471 πάντα
1121 4422 1441 4491 πράξαντες,
1478 4424 1563 4477 ἵνα
1600 4426 1759 4494 μηδὲν

1947 2811 2037 2865 44.
2064 2811 2172 2866 Nec
2196 2827 2329 2866 sane
2356 2814 2468 2868 fieri
2501 2824 2712 2882 poterat
2737 2830 2794 2873 ut
2824 2822 3024 2875 bonum
3060 2837 3152 2891 per
3176 2824 3425 2880 accidens

1874 2909 1928 2956 et
1951 2904 2429 2968 communicatum,
2456 2906 2527 2961 illi
2552 2918 2696 2964 esset
2727 2910 2904 2965 simile
2934 2915 3074 2980 quod
3101 2922 3293 2968 natura
3322 2915 3423 2970 bo-

1875 3007 2001 3045 ntun
2021 3002 2122 3047 est.
2166 2994 2295 3047 Illud
2327 3004 2503 3050 tamen
2554 3000 2904 3055 adventitium
2945 3018 3217 3072 nunquam
3272 3006 3426 3060 deest

1873 3079 1971 3145 illi,
1997 3083 2083 3149 qui
2112 3083 2194 3137 sui
2224 3089 2575 3140 conservandi
2605 3104 2764 3143 causa
2798 3092 2998 3156 vivum,
3030 3102 3088 3147 ut
3117 3094 3186 3148 ita
3211 3094 3418 3165 loquar,

1873 3186 2062 3253 panem
2077 3173 2242 3227 sumit
2261 3174 2328 3227 '°.
2361 3174 2512 3241 Quod
2541 3178 2583 3231 si
2611 3180 2694 3232 cui
2724 3180 2893 3247 deest,
2921 3183 2972 3235 in
2994 3184 3147 3252 culpa
3174 3184 3284 3253 ipse
3312 3196 3419 3253 est,

1870 3252 1961 3331 qui
1986 3262 2107 3317 vivo
2138 3278 2275 3331 pane
2305 3273 2361 3321 et
2383 3280 2509 3319 vero
2542 3276 2691 3335 potu,
2716 3283 2938 3337 quorum
2972 3272 3143 3327 altero
3167 3252 3417 3331 nutriun-

1870 3361 1958 3406 tur
1980 3350 2100 3416 alte,
2137 3351 2307 3408 altero
2332 3353 2651 3431 irrigantur,
2676 3356 2748 3410 uti
2786 3360 3039 3427 neglexit.
3076 3362 3149 3416 De
3184 3363 3269 3418 his
3317 3365 3417 3420 alis

1868 3440 2245 3511 intelligendus
2269 3442 2697 3512 sapientissimus
2731 3446 2981 3504 Salomon
3044 3464 3164 3503 cum
3196 3452 3262 3505 de
3289 3464 3420 3507 vero

1870 3540 2032 3594 divite
2054 3542 2275 3609 loquens
2293 3540 2366 3594 ait
2390 3556 2403 3591 :
2434 3559 2451 3591 ι
2482 3539 2815 3608 Comparavit
2837 3540 2933 3593 sibi
2961 3555 3162 3609 pennas
3187 3551 3242 3595 ut
3262 3544 3413 3611 aqui-

1868 3626 1936 3690 la,
1960 3636 2014 3680 et
2034 3628 2315 3680 revertitur
2338 3629 2391 3680 in
2418 3628 2629 3680 domum
2653 3629 2733 3681 sui
2754 3629 3096 3696 praesidis".r
3115 3627 3246 3682 Cum
3267 3630 3410 3684 enim

1868 3712 2010 3767 Deus
2036 3714 2101 3767 ad
2130 3714 2327 3767 bonum
2355 3713 2515 3767 ﬁnem
2541 3715 2616 3768 uti
2644 3715 2851 3769 noverit
2883 3716 3041 3769 etiam
3073 3717 3136 3769 iis
3178 3718 3267 3785 qui
3312 3733 3409 3787 per

1867 3804 2118 3856 malitiam
2147 3804 2213 3857 ab
2244 3804 2356 3872 ipso
2379 3804 2707 3867 defecerunt,
2722 3806 2954 3872 Oportuit
2980 3807 3144 3860 malos
3168 3806 3281 3861 illos
3309 3806 3409 3861 ali-

1866 3889 1989 3942 cubi
2036 3889 2193 3957 hujus
2229 3890 2586 3946 universitatis
2628 3892 2899 3959 collocari,
2931 3903 2985 3947 et
3010 3894 3141 3947 efﬁci
3176 3904 3234 3948 ut
3267 3904 3409 3949 esset

1865 3978 2126 4047 palaestra,
2145 3978 2255 4041 ubi,
2274 3978 2365 4046 qui
2386 3979 2601 4045 vellent,
2626 3980 2690 4033 ad
2713 3982 3136 4049 consequendam
3159 3982 3404 4037 virtutem

1866 4067 2096 4137 legitime
2116 4078 2321 4123 certare
2340 4079 2559 4138 possent
2578 4070 2641 4123 ⁷⁸.
2668 4069 2879 4123 Illorum
2901 4072 3043 4123 enim
3064 4072 3278 4135 malitia,
3297 4080 3407 4126 tan-

1864 4173 2020 4225 quam
2043 4174 2229 4213 aurum
2246 4160 2384 4229 igne,
2400 4160 2680 4213 examinati
2697 4171 2749 4213 et
2766 4160 2990 4229 purgati,
3006 4170 3060 4213 et
3078 4161 3278 4229 experti
3299 4176 3410 4213 om.

1865 4249 1952 4300 uia
1973 4264 2041 4302 ne
2065 4249 2192 4317 quid
2216 4248 2270 4301 in
2292 4263 2349 4303 se
2372 4248 2724 4302 adulterinum
2758 4250 3115 4327 admitterent,
3141 4250 3233 4303 sed
3262 4250 3403 4319 digni

1866 4341 2173 4393 viderentur
2193 4339 2280 4407 qui
2303 4339 2366 4392 ad
2392 4340 2565 4391 divina
2584 4341 2949 4403 aseeudcrent,
2966 4342 3221 4394 tolluntur
3242 4341 3405 4395 verbo

1864 4434 1929 4484 ad
1957 4444 2241 4498 supernam
2261 4424 2495 4481 omnium
2518 4429 2821 4481 beatitatem
2841 4438 2893 4482 et
2914 4430 2979 4482 ad
3002 4430 3209 4482 culmen
3237 4430 3405 4484 bono-

197 4503 453 4557 κίϐδηλον
468 4508 738 4575 πρόωνται
762 4511 831 4575 (2)
854 4509 944 4559 ἐπὶ
974 4510 1067 4578 τὴν
1097 4510 1314 4583 λογικὴν
1344 4515 1548 4566 ἑαυτῶν
1580 4517 1759 4583 φύσιν,

1875 4535 2005 4583 rum,
2036 4519 2079 4571 si
2109 4518 2181 4570 ita
2210 4518 2349 4586 loqui
2380 4518 2457 4571 las
2483 4526 2583 4572 est.
2610 4517 2870 4573 Caeterum
2902 4520 3008 4580 ille,
3035 4521 3124 4587 qui
3149 4519 3401 4574 llebraice

197 4594 343 4657 ἄξιοι
374 4597 628 4663 φανέντες
650 4601 746 4669 τῆς
775 4600 852 4661 εἰς
884 4600 951 4653 τὰ
978 4601 1091 4653 Οεῐα
1122 4603 1453 4667 ἀναϐάσεως,
1488 4606 1756 4677 ἀνιμηθῶ-

197 4702 289 4738 σιν
324 4687 426 4741 ὑπὸ
472 4689 565 4742 τοῦ
607 4690 762 4758 λόγου
794 4692 885 4743 ἐπὶ
920 4692 1015 4763 τὴν
1048 4694 1302 4747 ἀνωτάτω
1335 4695 1547 4748 πάντων
1580 4715 1754 4766 μακα-

196 4776 445 4847 ριότητα,
468 4781 581 4842 καὶ,
609 4781 671 4833 ἵν’
698 4782 866 4845 οὕτως
893 4782 1156 4851 ὀνομάσω,
1173 4784 1477 4855 ἀκρώρειαν
1502 4787 1607 4839 τῶν
1630 4791 1756 4856 ἀγα-

195 4863 331 4917 θῶν.
376 4867 435 4921 Ὀ
462 4869 505 4922 δ’
543 4870 803 4943 Ἐϐραίων
851 4871 1108 4945 διαλέκτῳ
1137 4876 1313 4929 Σατᾶν
1336 4917 1350 4943 ,
1384 4880 1476 4932 καὶ
1521 4880 1754 4951 Ἑλληνι-

1862 4611 2043 4675 Satan,
2066 4618 2119 4663 et
2140 4609 2305 4678 magis
2330 4608 2508 4663 GI'LBCC
2531 4619 2749 4663 vocatur
2769 4624 2799 4661 a
2821 4608 3134 4678 quibusdam
3157 4608 3398 4671 Satanas,

1861 4701 2001 4753 idem
2018 4700 2197 4755 Graeca
2219 4700 2394 4771 lingua
2417 4710 2571 4757 sonat
2591 4711 2749 4769 atque
2771 4700 3149 4754 adversarium.
3169 4698 3401 4764 Quicun-

1860 4804 1964 4858 que
2000 4798 2178 4843 autem
2218 4798 2451 4843 sectatur
2484 4789 2735 4842 malitiam
2760 4796 2814 4842 et
2838 4803 2901 4841 cx
2938 4787 3025 4840 illa
3047 4788 3209 4840 vitam
3234 4787 3395 4856 degit,

1861 4881 1926 4941 is.
1956 4896 2078 4935 cum
2102 4880 2284 4935 virtuti
2310 4879 2572 4934 contraria
2599 4878 2774 4941 faciat,
2806 4877 3027 4931 Satanas
3057 4885 3157 4943 est,
3188 4876 3291 4931 hoc
3316 4886 3401 4932 est

272 4998 319 5081 ’ξ
348 5014 467 5068 cap.
495 5002 773 5081 ηιξ-22.--
793 5005 841 5081 τέ
858 5019 973 5072 cap.
1000 5020 1039 5060 ι.
1070 5005 1125 5060 ‘2.
1197 5008 1243 5081 :’_'
1274 5008 1456 5081 Matth.
1492 5027 1562 5069 ιν.
1635 5013 1680 5044 ⁷³
1704 5012 1779 5067 Jol

1880 5028 1929 5078 L,
1955 5012 2042 5065 ’20.
2117 5011 2385 5081 "‘Ezecb.
2411 5026 2579 5076 χχιιι,
2605 5010 2694 5065 28.
2770 5011 2815 5043 ”
2840 5010 2939 5065 lsa.
2968 5023 3077 5073 nv,
3102 5007 3135 5061 4
3161 5016 3217 5063 et
3243 4990 3415 5075 seqqa

185 5068 239 5101 "
281 5065 436 5122 Joau.
466 5086 538 5135 vr,
566 5072 654 5125 51.
728 5073 773 5103 ⁷⁷
809 5065 961 5128 Prov.
1007 5091 1160 5141 χχιιι,
1195 5075 1248 5131 5.

274 5212 381 5285 (fit)
420 5214 654 5281 Βελίαρ.
683 5214 941 5285 Vulgatus
979 5214 1100 5269 libri
1130 5214 1374 5270 Judicutu
1412 5227 1609 5284 textus,
1644 5238 1745 5273 πα-

193 5282 471 5364 eaeam:-

275 5348 383 5428 t_93)
426 5350 752 5428 llmschelius
778 5362 832 5405 et
867 5354 1197 5428 Speucerus,
1222 5360 1287 5428 τῇ
1339 5355 1479 5411 κατὰ
1510 5358 1745 5425 πάντων,

130 5422 137 5425 ’
192 5420 295 5479 sed
325 5434 352 5469 a
383 5433 506 5469 mss.
535 5421 685 5472 codd.
722 5429 864 5474 recte
892 5420 1042 5475 abest
1068 5420 1225 5479 κατά.

274 5486 381 5565 ιῼϐ)
422 5486 1167 5565 ΗαξξοίιεΙίιιεξιβρενθείω
1195 5497 1246 5550 iu
1280 5504 1451 5559 textu,
1483 5494 1750 5565 Ναϐουχο-

274 5509 381 5547 ιυυ)
422 5509 751 5541 ιιωςιῑιιθιιιιδ
779 5509 830 5542 Pl.
863 5509 1088 5546 DKIIICCI

188 5557 432 5626 δονὸσορ.
460 5555 550 5608 sed
585 5571 735 5619 ωδε..
760 5509 1088 5625 Βαϐυλῶνος.

269 5626 379 5698 (97)
408 5626 996 5747 Πὶῗορρυησάντων.
1021 5631 1148 5687 Vide
1165 5632 1539 5688 adnotationes
1557 5634 1621 5687 ad
1646 5635 1738 5688 lib.

269 5739 273 5747 .
305 5711 449 5746 num.
545 5731 559 5745 .

192 5712 273 5756 ιν,
305 5711 449 5746 num.
471 5711 559 5747 au.

271 5763 391 5833 (98)
437 5762 699 5833 Ὁμοίως-
722 5758 892 5822 εἶναι.
956 5768 1126 5823 Malim
1188 5788 1305 5826 cum
1365 5772 1641 5827 Buhcrcllo
1692 5781 1741 5826 ct

192 5827 414 5899 Giieto,
443 5827 621 5902 ὅμοιον
651 5827 803 5885 εἶναι.

1321 5080 1368 5111 ⁷⁸
1399 5080 1440 5133 ll
1474 5082 1609 5136 Tim.
1660 5099 1725 5147 tt,
1750 5084 1804 5140 5.

1914 5221 2026 5289 (99)
2068 5218 2401 5273 Hoesr-helius
2426 5227 2478 5271 et
2508 5218 2831 5287 Spenccrus,
2857 5216 3255 5288 ἀποσυμϐαίνῃ.
3286 5218 3396 5272 Ali.

1845 5288 1974 5364 quot
1994 5304 2160 5364 iussu
2192 5288 2584 5364 duoeupSalq._
2724 5356 2735 5364 .
2797 5352 2820 5364 η

1916 5358 2009 5423 (1)
2065 5354 2480 5409 Κατεσκεύασε
2526 5354 2633 5423 sap
2671 5354 2828 5425 ιιιξτῷ
2866 5354 3158 5423 πτέρυγας
3198 5354 3395 5425 ὥσπερ

1844 5426 2033 5489 ἀετός.
2082 5426 2154 5477 Ita
2206 5428 2373 5479 codex
2428 5424 2644 5492 Regius.
2699 5423 2965 5492 llreschel.
3014 5434 3067 5476 et
3114 5423 3391 5489 Speureri,

1844 5494 2267 5565 κατεσκεύασται
2290 5495 2397 5565 γὰρ
2420 5491 2563 5565 αὐτῷ
2584 5492 2855 5565 πτέρυγας
2875 5491 3061 5565 ιἰξσπερ
3078 5493 3245 5555 ἀετός.
3265 5493 3393 5565 _ll_lox

1852 5563 2071 5629 Vulgata
2120 5561 2328 5621 Graeca.
2367 5561 2460 5615 καὶ
2507 5563 2849 5630 ὑποσηλέφει.
2899 5561 3063 5612 Paulo
3110 5572 3230 5626 post
3264 5561 3390 5613 lim-

1850 5633 2082 5687 schelius
2128 5635 2179 5687 in
2241 5643 2420 5696 textu,
2471 5635 2579 5694 τοῖς
2640 5631 2747 5683 ἀπὸ
2818 5631 3012 5691 κακίας
3065 5630 3389 5692 ὑπόστασιν,

1849 5701 2007 5753 male.

1920 5768 1993 5836 (ἓ)
2034 5773 2346 5839 Πμόωνται.
2378 5770 2566 5825 Cuieto
2601 5770 2938 5825 scribendum
2972 5768 3204 5831 videtur,
3230 5767 3392 5834 πρόσο

1849 5856 2011 5892 ωνται
2569 5853 2580 5861 “
