4094 6322
703 368 842 426 (367

2154 375 2403 435 ORIGEN
2410 380 2471 434 IS

3787 389 3940 446 1363

701 485 834 540 Filio
868 485 959 541 Dei
990 484 1356 549 adversarius,
1388 486 1479 555 qui
1511 486 1681 543 Filius
1724 499 1809 553 est
1852 490 2085 560 iustitia,
2121 498 2233 551 veri

2366 499 2603 569 κὼτερον
2650 501 2752 553 ὑπό
2782 518 2934 555 τινων
2972 503 3288 574 ὀνομασθεὶς
3332 505 3607 571 Σατανᾶς,
3654 504 3941 575 μεταλαμ-

701 586 782 628 tas
810 584 867 628 et
900 574 1184 642 sapientia.
1217 575 1323 633 Sed
1350 579 1521 647 magis
1542 580 1763 651 proprie
1810 581 2153 641 adversarius
2179 588 2265 645 ille

700 674 784 727 est
814 663 904 733 qui
931 666 1137 734 primus
1160 667 1449 722 frnentium
1474 683 1609 739 pace
1637 669 1904 742 beateque
1945 674 2262 743 viventium,

701 756 915 810 amissis
936 756 1036 811 alis
1069 758 1270 813 excidit
1303 759 1597 826 felicitate;
1642 763 1735 832 qui
1788 782 1807 815 ι
1858 764 2155 823 ambulavit
2184 770 2264 823 in-

700 848 998 915 rulpabilis,
1031 859 1087 902 ut
1126 849 1364 918 loquitur
1416 850 1691 919 Ezechiel,
1751 853 1805 909 in
1859 858 2109 913 omnibus
2163 861 2263 915 viis

699 942 831 1006 suis,
867 940 1040 995 donec
1066 942 1282 998 inventa
1318 954 1400 999 est
1425 944 1683 1013 iniquitas
1714 946 1846 1001 ineo
1868 948 1948 1014 7’;
1991 968 2009 1001 ι
2042 946 2261 1020 (ιαῖψιθ,

695 1046 818 1085 eum
841 1039 983 1085 esset
1015 1050 1035 1083 ‹
1068 1033 1405 1102 signaculum
1428 1034 1801 1091 similitudinis
1828 1035 1992 1108 667
2020 1049 2073 1094 et
2101 1056 2257 1098 coro-

697 1136 761 1174 na
795 1121 1207 1189 pulchritudinis
1238 1126 1289 1178 in
1317 1126 1570 1193 paradiso
1604 1126 1697 1182 Dei
1730 1127 1800 1193 ⁸ο,
1840 1146 1860 1180 ι
1905 1139 2068 1199 atque
2100 1134 2257 1189 bonis

698 1212 857 1267 veluti
906 1214 1152 1280 satiatur,
1206 1217 1383 1271 amisit
1434 1218 1650 1285 omnia;
1699 1220 1843 1290 quod
1901 1223 2118 1291 quidem
2183 1224 2257 1277 illi

695 1303 919 1373 mystice
946 1303 1148 1360 dictum
1174 1306 1349 1360 fuerat
1382 1329 1392 1361 :
1444 1326 1462 1358 ‹
1502 1309 1739 1366 Perditio
1763 1312 1936 1368 factus
1962 1326 2042 1379 es,
2070 1324 2125 1369 et
2152 1331 2254 1371 non

690 1395 800 1447 eris
826 1394 878 1447 in
904 1404 1218 1464 perpetuum
1254 1398 1322 1452 ⁸¹.
1354 1417 1372 1450 ι
1408 1400 1588 1469 Atque
1632 1402 1749 1457 haec
1788 1418 1959 1472 pauca
1993 1419 2093 1459 nec
2142 1406 2257 1461 for-

693 1495 836 1541 tasse
858 1486 1151 1556 quidquam
1196 1488 1476 1558 profutura
1520 1490 1646 1547 huic
1701 1493 1961 1562 opusculo
2011 1497 2255 1552 commit-

624 1563 629 1569 ⁴
693 1587 807 1629 tere
832 1577 947 1630 ausi
975 1592 1179 1632 sumus.
1212 1576 1268 1633 Si
1293 1580 1413 1647 quis
1440 1590 1617 1635 autem
1645 1596 1921 1638 sacrarum
1945 1582 2253 1653 Scriptura-

690 1680 809 1719 rum
837 1667 1255 1723 considerationi
1282 1685 1483 1726 vacans
1510 1672 1565 1725 in
1594 1688 1756 1727 unum
1821 1674 2103 1746 colligeret
2132 1692 2255 1731 cor-

688 1770 789 1824 pus
810 1757 1071 1826 quidquid
1103 1760 1298 1830 nbique
1323 1761 1388 1815 de
1422 1763 1564 1817 malo
1615 1764 1820 1818 dictum
1848 1776 1951 1830 est,
1982 1769 2253 1835 quomodo

2366 588 2661 658 ϐανόμενος
2703 592 2780 654 εἰς
2822 591 3062 647 ’Ἐλλάδα
3114 594 3293 664 φωνήν
3344 595 3488 646 ἐστιν
3526 594 3935 663 ἀντικείμενος.

2364 680 2479 741 Πᾶς
2521 679 2579 732 δὲ
2624 684 2653 734 ὁ
2695 681 2793 752 τὴν
2826 683 3021 736 κακίαν
3069 684 3319 754 ἐλόμενος
3350 685 3442 737 καὶ
3479 684 3571 737 τὸν
3596 687 3721 738 κατ’
3753 684 3936 754 αέτὴν

2367 768 2496 837 βίον,
2518 771 2593 835 ὡς
2612 772 2678 827 τὰ
2711 772 2926 825 ἐναντία
2952 772 3203 843 πράττων
3223 777 3287 844 τῇ
3307 776 3495 845 ἀρετῇ,
3516 775 3761 838 Σατανᾶς
3782 776 3934 839 ἐστι,

2362 862 2635 915 τουτέστιν
2668 864 3032 934 ἀντικείμενος
3063 861 3139 933 τῷ
3169 862 3281 933 Υίῷ
3294 864 3385 917 τοῦ
3401 865 3557 929 Θεοῦ,
3586 865 3700 919 δντι
3728 864 3935 918 δικαιο-

2365 952 2517 1023 σύνη,
2539 957 2644 1011 ,καὶ
2667 955 2928 1026 -ἀλήθεια,
2964 957 3057 1009 καὶ
3091 956 3267 1026 σοφία.
3298 956 3643 1028 Κυριώτερον
3686 958 3745 1010 δὲ
3773 960 3930 1011 ἀντι-

2362 1044 2609 1113 κείμενός
2654 1049 2797 1100 ἐστιν
2832 1048 2860 1099 ὁ
2904 1047 3115 1117 πρῶτος
3158 1047 3369 1100 πάντων
3402 1049 3791 1118 εἰρηνευόντων
3829 1048 3929 1099 καὶ

2364 1137 2641 1207 μακαρίως
2663 1134 2948 1206 διαγόντων
2981 1142 3388 1211 πτερορρυήσας
3420 1140 3517 1208 (5),
3544 1141 3638 1192 καὶ
3669 1120 3928 1191 ἐκπεσὼν

2360 1228 2454 1296 τῆς
2488 1228 2911 1298 μακαριότητος·
2944 1230 3001 1292 ὃς
3024 1270 3037 1293 ,
3073 1230 3211 1283 κατὰ
3238 1230 3326 1282 τὸν
3370 1227 3646 1298 Ἰεζεκιὴλ,
3687 1247 3706 1280 ι
3738 1244 3926 1298 περιε-

2360 1319 2596 1388 πάτησεν
2627 1319 2853 1389 ἄμωμος
2878 1322 2936 1374 ἐν
2960 1323 3159 1385 πάσαις
3191 1324 3308 1385 ταῖς
3335 1322 3472 1383 ὁδοῖς
3503 1319 3691 1385 αὐτοῦ,
3712 1322 3820 1383 ἓως
3846 1321 3927 1380 εὑ-

2362 1409 2487 1479 ρεθῇ
2520 1392 2712 1479 ἀνομία
2743 1411 2799 1464 ἐν
2828 1412 2974 1482 αὐτῷ
2997 1414 3071 1485 (4)
3091 1430 3105 1444 ·
3144 1433 3162 1465 ι
3198 1415 3291 1468 καί
3329 1413 3405 1468 ὢν
3434 1432 3452 1464 ι
3484 1413 3923 1483 ἀποσφράγισμα

2355 1499 2686 1568 ὁμοιώσεως,
2720 1503 2813 1555 καὶ
2840 1503 3097 1569 στέφανος
3128 1505 3373 1568 κάλλους,
3406 1507 3464 1559 ὲν
3492 1506 3569 1576 τῷ
3602 1506 3921 1575 παραδείαξι

2354 1587 2447 1640 τοῦ
2479 1587 2631 1654 Θεοῦ,
2659 1609 2677 1641 ι
2704 1591 2862 1643 οἱονεὶ
2892 1592 3166 1663 κορεσθεὶς
3196 1594 3300 1647 τῶν
3328 1594 3562 1662 ἀγαθῶν,
3585 1598 3643 1648 ἐν
3674 1594 3923 1664 ἀπωλείᾳ

2354 1679 2592 1747 ἐγένετο,
2628 1682 2765 1735 κατὰ
2788 1682 2876 1735 τὸν
2906 1682 3122 1735 εἰπόντα
3156 1684 3427 1753 μυστικῶς
3469 1686 3606 1753 πρὸς
3637 1684 3804 1737 αὐτὸν
3834 1683 3921 1734 λό-

2354 1785 2448 1836 γον
2614 1790 2632 1822 ι
2672 1771 2934 1825 Ἀπώλεια
2960 1773 3164 1840 ἐγένου,
3192 1774 3283 1826 καὶ
3312 1775 3408 1842 οὐχ
3435 1774 3699 1843 ὑπάρξεις
3729 1775 3808 1836 εἰς
3829 1773 3922 1825 τὸν

686 1856 864 1901 ortum
898 1849 990 1913 sit,
1024 1857 1076 1902 et
1105 1851 1372 1917 quomodo
1404 1852 1665 1920 diluatur,
1697 1855 1898 1910 videbit
1932 1856 2023 1912 ille
2056 1859 2239 1929 Moysi:

2350 1861 2539 1915 αἰῶνα.
2584 1881 2602 1914 δ
2636 1865 2815 1917 Ταῦτα
2847 1865 2945 1934 μὲν
2970 1861 3060 1919 οὖν
3090 1866 3243 1933 ὀλίγα
3271 1864 3794 1934 ἀποτετολμημένως
3823 1864 3920 1915 καὶ

684 1944 741 1990 et
766 1939 1146 2006 prophetarum
1171 1942 1235 1996 de
1260 1943 1461 1997 Satana
1490 1954 1723 1998 mentem
1753 1960 1819 1999 ne
1847 1961 1942 2015 per
1975 1949 2244 2004 somnium

684 2028 903 2097 quidem
935 2045 963 2083 a
992 2032 1146 2088 Celso
1180 2034 1571 2104 deprehensam
1632 2036 1826 2103 fuisse,
1887 2052 1983 2092 nec
2032 2052 2061 2092 a
2110 2054 2248 2109 quo-

685 2119 815 2175 libet
850 2136 1032 2176 eorum
1076 2142 1307 2194 quorum
1360 2128 1599 2182 animam
1654 2127 1827 2182 malus
1856 2128 1943 2182 ille
1979 2128 2188 2186 daemon
2215 2146 2245 2186 a

690 2210 823 2275 Deo,
856 2227 885 2265 a
910 2223 1055 2267 recta
1082 2215 1146 2268 de
1170 2216 1260 2272 illo
1290 2219 1532 2286 notione,
1567 2226 1621 2274 et
1657 2218 1723 2273 ab
1753 2218 1870 2288 ejus
1917 2218 2097 2275 Verbo
2124 2222 2240 2278 dis-

686 2302 852 2355 traxit
869 2305 1185 2373 avulsitque.

2352 1954 2995 2025 παρακεκινδυνευμένως
3038 1956 3161 2027 τῇδε
3198 1959 3263 2027 τῇ
3309 1958 3491 2027 γραφῇ
3527 1955 3921 2013 πιστεύσαντες

2351 2043 2643 2113 ἐξεθέμεθα
2662 2046 2801 2114 τάχα
2825 2045 2975 2099 οὐδέν
2999 2064 3013 2077 ·
3039 2047 3085 2098 εί
3119 2046 3175 2099 δέ
3196 2064 3298 2109 τις,
3317 2047 3578 2115 σχολάσας
3599 2048 3661 2114 τῇ
3696 2044 3919 2113 βασάνῳ

2348 2131 2455 2183 τῶν
2513 2132 2672 2202 ἱερῶν
2724 2135 3092 2203 γραμμάτων,
3148 2136 3479 2204 πανταχόθεν
3531 2133 3914 2203 σωματοποιή-

2349 2239 2437 2275 σαι
2471 2222 2545 2292 (6)
2580 2223 2670 2276 τὸν
2697 2226 2824 2295 περὶ
2853 2225 2952 2294 τῆς
2981 2224 3176 2286 κακίας
3217 2225 3406 2291 λόγον,
3453 2226 3546 2277 καὶ
3589 2224 3661 2284 ὼς
3702 2224 3913 2290 ὑπέστη

2347 2313 2558 2381 πρῶτον
2579 2354 2592 2376 ,
2643 2316 2736 2366 καὶ
2783 2316 2901 2366 τίνα
2933 2316 3127 2385 τρόπον
3158 2315 3481 2369 ataui-1:3“
3510 2335 3520 2344 -
3572 2314 3666 2366 ἴδοι
3700 2314 3798 2374 ἂν,
3830 2315 3913 2365 ὅτι

679 2392 789 2445 οὐδ’
818 2394 948 2465 ὄναρ
980 2398 1287 2469 ἐφαντάσθη
1336 2401 1396 2453 τὸ
1422 2402 1696 2464 Μωῦσέως
1726 2404 1956 2456 καὶτῶν
2003 2404 2293 2475 προφητῶν
2344 2407 2470 2476 περὶ
2524 2409 2616 2461 τοῦ
2672 2408 2881 2461 Σατανᾶ
2942 2408 3185 2478 βούλημα
3243 2408 3364 2462 οὔτε
3418 2408 3625 2471 Κέλσος
3664 2407 3788 2460 οὔτε
3828 2424 3912 2468 τις

679 2480 788 2535 τῶν
823 2484 927 2537 ὑπὸ
957 2488 1143 2540 τούτου
1182 2490 1274 2541 τοῦ
1310 2491 1542 2561 πονηροῦ
1609 2492 1857 2562 δαίμονος
1903 2494 2314 2566 καθελκομένων
2356 2499 2451 2550 καὶ
2503 2499 2943 2568 κατασπωμένων
2982 2498 3087 2551 ἀπὸ
3114 2498 3246 2552 Θεοῦ
3300 2498 3393 2552 καὶ
3442 2500 3538 2566 τῆς
3570 2499 3697 2564 περὶ
3744 2498 3911 2551 αὐτοῦ

679 2576 844 2646 ὀρθῆς
880 2580 1117 2643 ἐννοίας,
1147 2582 1241 2633 καὶ
1273 2583 1379 2636 ἀπὸ
1408 2584 1501 2636 τοῦ
1533 2584 1705 2650 Λόγου
1738 2585 1919 2650 αὑτοῦ,
1952 2587 2050 2657 τὴν
2082 2588 2274 2658 ψυχήν.

751 2674 843 2728 45.
872 2672 1135 2739 Quoniam
1166 2688 1292 2728 vero
1323 2676 1470 2729 etde
1499 2691 1583 2737 eo,
1626 2675 1720 2745 qui
1752 2678 2125 2736 Antichristus
2145 2696 2240 2737 vo-

677 2773 854 2829 catur,
889 2766 1219 2819 mentionetn
1250 2765 1438 2822 Celsus
1460 2766 1619 2833 facit;
1651 2770 1864 2825 tametsi
1890 2784 1990 2825 nec
2035 2786 2094 2826 ea
2120 2787 2240 2842 qua?

677 2855 818 2926 apud
844 2855 1139 2924 Da'tielem,
1163 2872 1261 2912 nec
1279 2872 1397 2926 quae
1427 2861 1569 2927 apud
1624 2859 1847 2915 Paulum
1895 2863 2037 2917 dicta
2086 2873 2237 2930 sunt,

675 2965 777 3006 nec
808 2964 926 3019 quae
963 2951 1030 3006 de
1069 2950 1160 3004 illo
1197 2950 1445 3005 Salvator
1488 2950 1542 3004 in
1597 2951 1906 3022 Evangeliis
1948 2956 2234 3024 pradixit,

676 3041 904 3113 legerit;
987 3056 1157 3110 pauca
1224 3042 1385 3097 etiam
1451 3042 1517 3097 de
1567 3043 1658 3097 illo
1714 3045 1898 3099 dicere
1961 3047 2232 3102 convenit.

675 3132 1142 3199 Quemadmodum
1198 3134 1377 3188 vultus
1428 3149 1533 3188 non
1576 3143 1701 3188 sunt
1731 3135 1938 3191 similes
1976 3138 2232 3203 vultibus,

2343 3136 2430 3188 καὶ
2455 3153 2519 3187 πε
2531 3138 2582 3205 ρὶ
2610 3136 2794 3190 τούτου
2823 3136 3055 3189 λεκτέον·
3076 3138 3177 3197 ὅτι,
3204 3136 3389 3203 ὥσπερ
3418 3135 3513 3202 οὐχ
3543 3136 3705 3202 ὃμοια
3733 3134 3904 3203 πρόσ-

2430 2685 2580 2738 Ἐπεὶ
2638 2686 2810 2739 δὲκαὶ
2837 2686 2903 2739 τὰ
2960 2683 3214 2755 περὶτοῦ
3261 2684 3589 2754 καλουμένου
3644 2686 3911 2755 Ἀντιχρί-

2346 2790 2470 2827 στου
2501 2778 2866 2847 παραρριπτεῖ
2912 2779 2941 2829 ὁ
2971 2776 3175 2839 Κέλσος
3195 2816 3211 2839 ,
3246 2775 3369 2829 οὔτε
3396 2776 3462 2829 τὰ
3492 2777 3547 2828 ἐν
3584 2776 3659 2845 τῷ
3687 2776 3908 2844 Δανιὴλ,

2343 2864 2464 2919 οὔτε
2496 2868 2563 2920 τὰ
2594 2870 2743 2938 παρὰ
2782 2868 2858 2937 τῷ
2894 2868 3087 2936 Παύλῳ
3118 2868 3380 2935 ἀναγνοὺς
3406 2869 3532 2937 περὶ
3562 2868 3726 2920 αὑτοῦ
3758 2872 3909 2940 είρη-

2344 2956 2500 3025 μένα,
2529 2957 2651 3009 οὔτε
2681 2957 2748 3010 τὰ
2784 2959 2841 3010 ἐν
2870 2960 2984 3020 τοῖς
3021 2957 3367 3025 Εὐαγγελίοις
3397 2956 3500 3009 ὑπὸ
3530 2956 3621 3008 τοῦ
3658 2956 3909 3026 Σωτῆρος

2341 3046 2787 3115 προφητευθέντα
2828 3049 2953 3116 περὶ
2996 3046 3096 3113 τῆς
3149 3045 3447 3114 παρουσίας
3490 3044 3654 3096 αὑτοῦ
3681 3061 3697 3073 '
3751 3044 3907 3109 ὀλίγα

674 3224 754 3277 sic
778 3238 878 3277 nec
902 3224 1099 3278 similia
1127 3225 1561 3278 cordibuscorda
1586 3234 1714 3278 sunt
1746 3242 1761 3279 :
1787 3226 1930 3281 unde
1959 3237 2236 3295 patetcor—

673 3315 832 3369 dibus
858 3314 997 3369 inter
1019 3328 1078 3368 se
1106 3314 1323 3369 (liﬂerre
1349 3314 1618 3381 homines,
1664 3323 1768 3370 tam
1793 3330 1887 3371 eos
1912 3318 2005 3385 qui
2035 3318 2101 3372 ad
2136 3319 2234 3371 bo-

672 3420 802 3460 num
840 3406 1093 3475 prepensi
1120 3415 1268 3469 sunt,
1306 3405 1569 3473 siquidem
1598 3406 1803 3461 similes
1834 3407 1972 3462 inter
1996 3422 2054 3463 se
2081 3410 2147 3463 ad
2177 3409 2236 3463 il-

672 3498 891 3553 ludnon
925 3496 1317 3561 suutformati;
1357 3512 1518 3565 quam
1565 3498 1678 3561 eos,
1712 3499 1802 3567 qui
1826 3499 2036 3555 honesti
2067 3502 2236 3569 negli-

674 3597 858 3648 gentes
885 3588 936 3643 in
959 3588 1233 3643 contraria
1266 3589 1568 3657 praecipites
1594 3599 1781 3644 ruunt.
1818 3590 1955 3644 Sunt
1998 3592 2141 3646 enim
2166 3605 2233 3647 ex

671 3680 789 3734 tztis
808 3680 901 3749 qui
931 3682 1276 3734 vehementer
1311 3680 1516 3734 malitia
1548 3682 1941 3749 perfunduntur
1964 3722 1979 3748 ,
2025 3692 2152 3736 sunt
2179 3691 2235 3737 et

669 3770 763 3839 qui
790 3771 842 3824 in
874 3786 992 3824 eam
1019 3769 1260 3825 ferantur
1276 3772 1625 3826 moderatius.
1661 3774 1801 3839 Quid
1850 3772 2016 3843 igitur
2042 3773 2235 3827 absur-

670 3861 795 3913 dum
826 3861 959 3915 duas
988 3862 1039 3914 in
1063 3861 1368 3917 hominibus
1393 3873 1606 3926 essc,ut
1636 3864 1709 3917 ita
1738 3864 1954 3933 loquar,
1976 3864 2232 3918 extremis

670 3958 832 4017 tates,
858 3952 1080 4005 alteram
1100 3954 1245 4016 boni,
1267 3953 1389 4005 ntali
1408 3954 1656 4018 alteram,
1676 3953 1749 4007 ita
1778 3964 1833 4007 ut
1855 3954 2017 4009 altera
2040 3955 2090 4008 in
2108 3969 2229 4009 eum

670 4042 759 4111 qui
799 4042 1088 4095 secundum
1114 4040 1294 4095 Jesum
1335 4026 1677 4113 intelligitur,
1734 4044 2007 4097 hominem
2048 4044 2225 4107 cadat,

667 4148 695 4184 ιι
731 4147 838 4201 quo
886 4146 1052 4201 genus
1110 4133 1383 4185 hominum
1424 4146 1528 4185 tam
1565 4135 1825 4203 praeclare
1878 4148 2223 4199 conversum,

667 4232 915 4275 curatum
945 4229 998 4274 et
1031 4221 1085 4274 in
1123 4222 1314 4276 melius
1338 4232 1648 4289 provectum
1677 4234 1792 4287 est;
1836 4226 2005 4277 altera
2048 4233 2223 4279 autem

666 4314 793 4368 mali
836 4314 888 4367 in
940 4325 1062 4365 eum
1111 4297 1396 4367 conveniat
1447 4314 1499 4366 in
1555 4328 1663 4381 quo
1711 4314 2083 4368 Antichristus
2137 4314 2226 4369 ille

667 4403 1017 4474 agnoscitur?
1039 4400 1153 4455 Jam
1180 4416 1309 4457 vero
1340 4404 1497 4467 Deus,
1528 4401 1678 4469 cuius
1716 4404 2047 4470 praeseientia
2072 4418 2221 4458 com-

2335 3240 2459 3275 ωπα
2498 3224 2805 3293 προσώποις
2828 3263 2842 3287 ,
2890 3224 3063 3287 οὕτως
3096 3223 3203 3276 οὐδ’
3245 3229 3299 3276 at
3334 3223 3548 3292 καρδίαι
3576 3225 3759 3292 ὅμοιαι
3784 3226 3904 3287 ταῖς

2337 3315 2579 3384 καρδίαις
2621 3316 2726 3368 τῶν
2764 3315 3093 3387 ἀνθρώπων
3136 3315 3292 3384 δῆλον
3331 3311 3421 3367 οὖν
3456 3316 3563 3378 ὅτι,
3605 3311 3714 3367 εἷεν
3745 3314 3811 3367 ἂν
3844 3317 3904 3368 ἐν

2335 3409 2452 3468 ταῖς
2477 3406 2723 3477 καρδίαις
2751 3407 2857 3460 τῶν
2896 3406 3194 3477 ἀνθρώπων
3224 3406 3506 3477 διαφοραὶ,
3537 3405 3643 3458 τῶν
3674 3406 3812 3476 πρὸς
3842 3405 3903 3458 τὸ

2337 3495 2497 3547 καλὸν
2530 3496 2872 3567 νενευκότων,
2907 3498 3006 3551 οὐκ
3040 3497 3232 3567 ἐπίσης
3269 3499 3363 3550 καὶ
3389 3497 3782 3567 παραπλησίως
3814 3495 3901 3547 ἁλ-

2335 3584 2513 3654 λήλοις
2562 3566 2775 3639 πάντων
2810 3587 3163 3643 τυπωθέντων
3197 3589 3293 3642 καὶ
3336 3588 3729 3658 μορφωθέντων
3760 3586 3900 3655 πρὸς

2332 3672 2481 3738 αὐτὸ,
2516 3675 2610 3727 καὶ
2639 3675 2745 3727 τῶν
2769 3675 2833 3728 δι’
2858 3677 3117 3745 ἀμέλειαν
3144 3677 3233 3731 τοῦ
3265 3678 3428 3731 καλοῦ
3464 3679 3555 3730 ἐπὶ
3584 3676 3653 3729 τὰ
3679 3678 3897 3729 ἐναντία

2331 3762 2614 3815 ἀττόντων.
2648 3765 2757 3817 Καὶ
2790 3767 2849 3816 ὲν
2891 3767 3099 3827 τούτοις
3129 3759 3358 3837 γὰρ,’ἐν
3405 3762 3486 3828 οἷς
3527 3767 3625 3836 μέν
3664 3767 3743 3834 (7)
3776 3770 3897 3818 ἐστι

2334 3855 2535 3924 σφόδρα
2558 3857 2826 3927 κεχυμένη
2861 3859 2893 3927 ἡ
2933 3857 3120 3921 κακία,
3154 3860 3211 3911 ἐν
3236 3855 3316 3921 οἷς
3348 3860 3389 3908 δ’
3430 3859 3516 3909 ἐπ’
3553 3858 3790 3909 ἔλαττον.
3830 3857 3895 3909 Τί

2329 3941 2420 3998 οὖν
2444 3946 2639 3999 ἄτοπον
2658 3986 2673 4011 ,
2702 3946 2915 4023 δύοιῖνῖ
2933 3946 3101 4011 οὕτως
3132 3946 3411 4017 ὀνομάσω,
3436 3946 3766 4015 ἀκρότητας,
3796 3945 3897 4012 τὴν

2332 4037 2431 4107 μὲν
2468 4037 2559 4089 τοῦ
2592 4036 2756 4090 καλοῦ
2777 4078 2792 4101 ,
2825 4036 2921 4107 τὴν
2963 4038 3019 4090 δὲ
3054 4037 3146 4091 τοῦ
3183 4039 3422 4091 ἐναντίου
3450 4076 3464 4099 ,
3501 4040 3556 4089 ἐν
3586 4034 3894 4106 ἀνθρώποις

2328 4126 2637 4194 γίγνεσθαι,
2677 4125 2815 4180 ὥστε
2845 4127 2941 4197 τὴν
2988 4127 3087 4198 μὲν
3129 4127 3222 4181 τοῦ
3255 4128 3415 4181 καλοῦ
3449 4128 3722 4197 ἀκρότητα
3756 4122 3893 4181 εἶναι

2328 4218 2386 4269 ἐν
2411 4217 2489 4289 τῷ
2519 4219 2657 4271 κατὰ
2688 4219 2775 4272 τὸν
2804 4218 3006 4289 Ἰησοῦν
3036 4220 3308 4290 νοουμένῳ
3331 4216 3619 4288 ἀνθρώπῳ,
3650 4218 3743 4285 ἀφ’
3768 4210 3827 4270 οὗ
3856 4221 3889 4288 ἡ

2326 4310 2555 4380 τοσαύτη
2590 4312 2813 4382 ἔρρευσε
2836 4313 2912 4382 τῷ
2941 4313 3085 4381 γένει
3112 4312 3218 4366 τῶν
3236 4311 3534 4383 ἀνθρώπων
3562 4311 3884 4382 ἐπιστροφὴ.

2326 4399 2418 4451 καὶ
2441 4400 2723 4471 θεραπεία,
2751 4405 2843 4457 καὶ
2877 4405 3153 4472 βελτίωσις
3174 4420 3187 4434 ⁸
3222 4405 3320 4476 τὴν
3346 4403 3401 4455 δὲ
3430 4401 3521 4454 τοῦ
3553 4403 3799 4455 ἐναντίου
3833 4407 3914 4465 ἐνχ

665 4496 953 4563 prehendit
979 4494 1179 4556 miniia,
1211 4507 1334 4546 eum
1366 4493 1572 4547 videret
1594 4507 1658 4546 ea
1690 4506 1808 4560 quae
1840 4494 1906 4546 ad
1936 4503 2223 4560 utrumque

2343 4489 2403 4559 τῷ
2426 4493 2565 4545 κατὰ
2582 4494 2671 4546 τὸν
2696 4495 3087 4565 ὀνομαζόμενον
3113 4495 3471 4564 Ἀντίχριστον
3492 4494 3710 4557 ;Πάντα
3734 4494 3789 4547 δὲ
3821 4498 3887 4566 τῇ

665 4586 960 4655 pertinent,
990 4584 1158 4639 voluit
1187 4594 1473 4651 utrumque
1502 4582 1812 4636 hominibus
1867 4598 1965 4651 per
1995 4586 2223 4653 prophe-

665 4686 749 4731 tas
776 4685 959 4731 notum
989 4675 1124 4742 :ieri,
1168 4685 1224 4728 ut
1270 4674 1359 4743 qui
1408 4686 1594 4726 eorum
1639 4686 1919 4725 sermones
1956 4672 2221 4741 intellige-

664 4773 805 4828 rent,
837 4763 1365 4828 atlltaererentbono,
1418 4772 1473 4815 et
1528 4762 1631 4817 sibi
1685 4776 1713 4814 a
1769 4760 1913 4813 malo
1952 4771 2216 4815 caverent.

664 4855 908 4922 (lpcrtnit
934 4864 1108 4909 autem
1142 4863 1201 4908 nt
1228 4853 1367 4908 alter
1416 4853 1624 4908 illorum
1665 4860 2027 4905 extremorum
2074 4853 2222 4921 isque

666 4945 897 5005 ιιιηὶηιιις
926 4944 1287 5013 appellaretur
1339 4946 1428 4999 Dei
1481 4944 1649 4998 Filius
1676 4951 1896 5011 propter
1940 4956 2092 4996 suam
2129 4958 2222 4996 ex-

661 5028 1001 5113 cellentiam;
1033 5032 1167 5084 alter
1193 5048 1318 5087 vero
1371 5033 1471 5101 ipsi
1504 5046 1569 5085 cx
1615 5032 1880 5086 diametro
1922 5031 2219 5099 oppositus,

666 5119 790 5169 mali
822 5118 1102 5185 daemonis,
1140 5120 1377 5188 Satanae,
1412 5122 1720 5192 diabolique
1752 5121 1892 5176 lilius
1922 5122 2218 5176 diceretur.

769 5235 812 5266 79
847 5234 1043 5287 Ezech.
1069 5249 1259 5303 xxvnt,
1287 5237 1371 5292 15.
1448 5238 1493 5269 ⁸⁰
1526 5237 1658 5292 ibid.
1731 5238 1774 5268 ⁸¹
1816 5236 1945 5292 ibid.
1976 5235 2059 5291 l9.

734 5347 811 5413 (3)
853 5344 1326 5434 Ets‘tquvﬁo‘qq.
1358 5348 1489 5405 Vide
1526 5351 1895 5406 adnotationes
1927 5349 1992 5403 ad
2022 5348 2117 5403 lib.
2144 5363 2217 5413 tv,

660 5432 811 5560 “("5
841 5417 1065 5554 li\g’ulgati
1100 5484 1297 5539 Ezech.
1328 5485 1483 5555 libb.,
1509 5488 1705 5560 εὑρέθη
1731 5480 1800 5543 τὰ
1827 5488 2135 5559 ἀδικήματα
2163 5488 2245 5541 ὲν

661 5558 810 5747 ῐμῒὶἓί)
850 5601 1031 5685 {lodcx
1070 5625 1289 5696 BCSiItS,
1323 5626 1542 5680 εἰπόντα
1576 5628 1710 5699 πρὸς
1749 5628 1911 5685 αὑτὸν
1963 5628 2219 5709 μ’δσῗικδν

700 5713 836 5767 ἀγον.
1216 5734 1221 5737 ⁷

2331 4583 2520 4634 ἑαυτοῦ
2547 4585 2849 4654 προγνώσει
2900 4585 3271 4657 ἐκπεριλαϐὼν
3303 4588 3332 4639 ὁ
3367 4585 3517 4647 Θεὸς,
3550 4586 3644 4637 καὶ
3669 4584 3795 4637 ἰδὼν
3820 4587 3889 4639 τὰ

2329 4688 2393 4722 πε
2405 4673 2455 4741 pl.
2483 4673 2801 4743 ἀμφοτέρων
2819 4674 3040 4735 τούτων,
3073 4674 3333 4743 ἐϐουλήθη
3370 4672 3497 4741 περὶ
3521 4671 3725 4725 τούτων
3750 4690 3887 4741 γνω-

2333 4761 2477 4828 ρίσαι
2508 4761 2596 4813 διὰ
2627 4762 2733 4813 τῶν
2761 4762 3051 4832 προφητῶν
3081 4764 3194 4823 τοῖς
3218 4761 3541 4832 ἀνθρώποις,
3573 4761 3660 4813 ἵνα
3688 4762 3740 4813 οἱ
3759 4778 3887 4815 συν-

2332 4852 2495 4913 ιέντες
2537 4853 2643 4904 τῶν
2677 4853 2847 4919 λόγων
2888 4852 3066 4905 αὐτῶν
3105 4851 3421 4904 οἰκειωθῶσι
3470 4851 3566 4921 μὲν
3597 4849 3675 4920 τῷ
3703 4852 3885 4923 κρείτ·-

2327 4960 2456 5007 τονι,
2489 4943 2825 5011 φυλάξωνται
2852 4943 2907 4996 δὲ
2937 4943 3042 4996 ἀπὺ
3061 4942 3156 4995 τοῦ
3188 4943 3444 4997 ἐναντίου.
3485 4943 3681 5013 Ἐχρῆν
3707 4942 3765 4995 δὲ
3794 4944 3885 4997 τὸν

2332 5044 2428 5098 μεν
2456 5031 2640 5101 ἕτερον
2661 5030 2768 5082 τῶν
2796 5030 2979 5099 ἄκρων
3017 5030 3109 5083 καὶ
3138 5026 3406 5097 βέλτιστον
3434 5030 3558 5082 Υίὸν
3594 5028 3884 5101 ἀναγορεύ-

2330 5122 2482 5174 εσθαι
2513 5122 2604 5175 τοῦ
2626 5120 2755 5175 Θεοῦ
2778 5121 2865 5175 διὰ
2896 5122 2994 5192 τὴν
3022 5120 3311 5192 ὑπεροχὴν,
3336 5120 3428 5173 τὸν
3456 5119 3513 5175 δὲ
3537 5120 3711 5192 τούτῳ
3741 5123 3879 5178 κατὰ

2395 5349 2471 5419 (6)
2509 5317 2810 5423 Spencerus
2857 5348 2911 5403 in
2964 5356 3143 5414 textu,
3195 5349 3644 5423 σωματοποιήσῃ,
3687 5360 3873 5404 contra

2326 5420 2484 5475 fidem
2520 5419 3034 5487 manuscriptorutu.

2394 5491 2469 5561 (7)
2522 5492 2623 5561 Ἐν
2650 5485 2738 5554 οἷς
2767 5485 3290 5561 per._Scribendnm
3328 5486 3767 5561 νίᾲειιιι-,λένίοιί
3779 5490 3875 5557 μέν

2324 5557 2455 5616 ἐστι’
2481 5560 2684 5633 σφόδρα
2725 5558 2998 5631 κεχυμένη
3035 5559 3067 5629 ἡ
3100 5560 3293 5627 κακία,
3334 5559 3496 5623 ἐνίοις
3530 5557 3575 5614 δ’
3611 5557 3696 5613 ἐπ’
3725 5557 3877 5615 51:1-

2323 5650 2433 5687 τον.
