  <div class='ocr_page' id='page_1' title='image "/cluster/home/n/w/nwhite01/storage/ocr_20150623/11/pst.000005711918/706.png"; bbox 0 0 4094 6322; ppageno 0'>
   <div class='ocr_carea' id='block_1_1' title="bbox 213 431 346 488">
    <p class='ocr_par' dir='ltr' id='par_1_1' title="bbox 213 431 346 488">
     <span class='ocr_line' id='line_1_1' title="bbox 213 431 346 488; baseline 0.023 -3"><span class='ocrx_word' id='word_1_1' title='bbox 213 431 346 488; x_wconf 66' lang='lat'><strong>13335</strong></span> 
     </span>
    </p>
   </div>
   <div class='ocr_carea' id='block_1_2' title="bbox 1387 426 2256 486">
    <p class='ocr_par' dir='ltr' id='par_1_2' title="bbox 1387 426 2256 486">
     <span class='ocr_line' id='line_1_2' title="bbox 1387 426 2256 486; baseline -0.003 0"><span class='ocrx_word' id='word_1_2' title='bbox 1387 429 1665 486; x_wconf 81' lang='lat' dir='ltr'><strong>CONTRA</strong></span> <span class='ocrx_word' id='word_1_3' title='bbox 1699 429 1969 486; x_wconf 80' lang='lat' dir='ltr'><strong>CELSUM</strong></span> <span class='ocrx_word' id='word_1_4' title='bbox 2006 429 2134 485; x_wconf 84' lang='lat' dir='ltr'><strong>LIB.</strong></span> <span class='ocrx_word' id='word_1_5' title='bbox 2168 426 2256 483; x_wconf 81' lang='lat' dir='ltr'><strong>Vl.</strong></span> 
     </span>
    </p>
   </div>
   <div class='ocr_carea' id='block_1_3' title="bbox 3286 430 3420 483">
    <p class='ocr_par' dir='ltr' id='par_1_3' title="bbox 3286 430 3420 483">
     <span class='ocr_line' id='line_1_3' title="bbox 3286 430 3420 483; baseline 0 -1"><span class='ocrx_word' id='word_1_6' title='bbox 3286 430 3420 483; x_wconf 64' lang='lat'><strong>1373</strong></span> 
     </span>
    </p>
   </div>
   <div class='ocr_carea' id='block_1_4' title="bbox 204 522 1747 622">
    <p class='ocr_par' dir='ltr' id='par_1_4' title="bbox 204 543 1747 622">
     <span class='ocr_line' id='line_1_4' title="bbox 204 543 1747 622; baseline -0.002 -18"><span class='ocrx_word' id='word_1_7' title='bbox 204 550 493 622; x_wconf 66' lang='grc' dir='ltr'>διάμετρον</span> <span class='ocrx_word' id='word_1_8' title='bbox 541 549 776 604; x_wconf 84' lang='grc' dir='ltr'>ἐναντίον</span> <span class='ocrx_word' id='word_1_9' title='bbox 817 548 929 602; x_wconf 74' lang='grc' dir='ltr'>υἱὸν</span> <span class='ocrx_word' id='word_1_10' title='bbox 960 543 1054 601; x_wconf 75' lang='grc' dir='ltr'><strong>τού</strong></span> <span class='ocrx_word' id='word_1_11' title='bbox 1097 546 1330 618; x_wconf 86' lang='grc' dir='ltr'>πονηροῦ</span> <span class='ocrx_word' id='word_1_12' title='bbox 1369 547 1642 616; x_wconf 86' lang='grc' dir='ltr'>δαίμονος,</span> <span class='ocrx_word' id='word_1_13' title='bbox 1674 547 1747 601; x_wconf 79' lang='grc' dir='ltr'><strong>κα</strong></span> 
     </span>
    </p>
   </div>
   <div class='ocr_carea' id='block_1_5' title="bbox 1847 522 3422 622">
    <p class='ocr_par' dir='ltr' id='par_1_5' title="bbox 1877 522 3422 614">
     <span class='ocr_line' id='line_1_5' title="bbox 1877 522 3422 614; baseline -0.001 -13"><span class='ocrx_word' id='word_1_14' title='bbox 1877 547 2075 601; x_wconf 88' lang='lat' dir='ltr'><strong>Deinde</strong></span> <span class='ocrx_word' id='word_1_15' title='bbox 2105 542 2361 614; x_wconf 83' lang='lat' dir='ltr'><strong>quoniam</strong></span> <span class='ocrx_word' id='word_1_16' title='bbox 2392 549 2503 596; x_wconf 89' lang='lat' dir='ltr'><strong>tum</strong></span> <span class='ocrx_word' id='word_1_17' title='bbox 2535 522 2770 596; x_wconf 77' lang='lat' dir='ltr'><strong>maxime</strong></span> <span class='ocrx_word' id='word_1_18' title='bbox 2809 539 3008 595; x_wconf 83' lang='lat' dir='ltr'><strong>maium</strong></span> <span class='ocrx_word' id='word_1_19' title='bbox 3055 523 3317 599; x_wconf 83' lang='lat' dir='ltr'><strong>cumulari</strong></span> <span class='ocrx_word' id='word_1_20' title='bbox 3365 554 3422 600; x_wconf 89' lang='lat' dir='ltr'><strong>et</strong></span> 
     </span>
    </p>
   </div>
   <div class='ocr_carea' id='block_1_6' title="bbox 203 635 1768 708">
    <p class='ocr_par' dir='ltr' id='par_1_6' title="bbox 203 635 1768 708">
     <span class='ocr_line' id='line_1_6' title="bbox 203 635 1768 708; baseline -0.004 -11"><span class='ocrx_word' id='word_1_21' title='bbox 203 642 421 697; x_wconf 81' lang='grc' dir='ltr'>Σατανᾶ</span> <span class='ocrx_word' id='word_1_22' title='bbox 440 682 456 706; x_wconf 98' lang='grc'><strong>,</strong></span> <span class='ocrx_word' id='word_1_23' title='bbox 489 641 584 694; x_wconf 75' lang='grc' dir='ltr'><strong>καὶ</strong></span> <span class='ocrx_word' id='word_1_24' title='bbox 628 639 892 693; x_wconf 89' lang='grc' dir='ltr'>διαϐόλου.</span> <span class='ocrx_word' id='word_1_25' title='bbox 939 635 1052 692; x_wconf 79' lang='grc' dir='ltr'><strong>Εἶτ’</strong></span> <span class='ocrx_word' id='word_1_26' title='bbox 1101 639 1220 692; x_wconf 78' lang='grc' dir='ltr'>ἐπεὶ</span> <span class='ocrx_word' id='word_1_27' title='bbox 1259 638 1379 691; x_wconf 89' lang='grc' dir='ltr'>τότε</span> <span class='ocrx_word' id='word_1_28' title='bbox 1432 638 1666 708; x_wconf 84' lang='grc' dir='ltr'>μάλιστα</span> <span class='ocrx_word' id='word_1_29' title='bbox 1707 638 1768 690; x_wconf 81' lang='grc' dir='ltr'><strong>τὸ</strong></span> 
     </span>
    </p>
   </div>
   <div class='ocr_carea' id='block_1_7' title="bbox 178 727 1768 802">
    <p class='ocr_par' dir='ltr' id='par_1_7' title="bbox 178 727 1768 802">
     <span class='ocr_line' id='line_1_7' title="bbox 178 727 1768 802; baseline -0.003 -16"><span class='ocrx_word' id='word_1_30' title='bbox 178 732 408 802; x_wconf 75' lang='grc' dir='ltr'>’φαῦλον</span> <span class='ocrx_word' id='word_1_31' title='bbox 434 733 491 785; x_wconf 90' lang='grc' dir='ltr'><strong>ἐν</strong></span> <span class='ocrx_word' id='word_1_32' title='bbox 511 732 576 802; x_wconf 76' lang='grc' dir='ltr'>τῇ</span> <span class='ocrx_word' id='word_1_33' title='bbox 601 729 750 800; x_wconf 86' lang='grc' dir='ltr'>χύσει</span> <span class='ocrx_word' id='word_1_34' title='bbox 769 731 866 802; x_wconf 83' lang='grc' dir='ltr'><strong>τῆς</strong></span> <span class='ocrx_word' id='word_1_35' title='bbox 886 729 1085 793; x_wconf 84' lang='grc' dir='ltr'>κακίας</span> <span class='ocrx_word' id='word_1_36' title='bbox 1109 729 1200 783; x_wconf 76' lang='grc' dir='ltr'><strong>καὶ</strong></span> <span class='ocrx_word' id='word_1_37' title='bbox 1227 731 1293 800; x_wconf 72' lang='grc' dir='ltr'>τῇ</span> <span class='ocrx_word' id='word_1_38' title='bbox 1317 728 1573 799; x_wconf 86' lang='grc' dir='ltr'>ἀκρότητι</span> <span class='ocrx_word' id='word_1_39' title='bbox 1598 727 1768 798; x_wconf 80' lang='grc' dir='ltr'>αὐτῆς</span> 
     </span>
    </p>
   </div>
   <div class='ocr_carea' id='block_1_8' title="bbox 199 819 1760 893">
    <p class='ocr_par' dir='ltr' id='par_1_8' title="bbox 199 819 1760 893">
     <span class='ocr_line' id='line_1_8' title="bbox 199 819 1760 893; baseline -0.004 -17"><span class='ocrx_word' id='word_1_40' title='bbox 199 819 342 876; x_wconf 73' lang='grc' dir='ltr'>εἴναι</span> <span class='ocrx_word' id='word_1_41' title='bbox 377 820 859 893; x_wconf 73' lang='grc' dir='ltr'><strong>χαρακτηρίζεται,</strong></span> <span class='ocrx_word' id='word_1_42' title='bbox 889 821 977 873; x_wconf 83' lang='grc' dir='ltr'>ὅτε</span> <span class='ocrx_word' id='word_1_43' title='bbox 1022 819 1367 889; x_wconf 80' lang='grc' dir='ltr'><strong>ὑποκρίνεται</strong></span> <span class='ocrx_word' id='word_1_44' title='bbox 1398 819 1460 872; x_wconf 76' lang='grc' dir='ltr'>τὸ</span> <span class='ocrx_word' id='word_1_45' title='bbox 1497 821 1760 891; x_wconf 84' lang='grc' dir='ltr'>κρεῖττον,</span> 
     </span>
    </p>
   </div>
   <div class='ocr_carea' id='block_1_9' title="bbox 197 907 1764 983">
    <p class='ocr_par' dir='ltr' id='par_1_9' title="bbox 197 907 1764 983">
     <span class='ocr_line' id='line_1_9' title="bbox 197 907 1764 983; baseline -0.003 -17"><span class='ocrx_word' id='word_1_46' title='bbox 197 912 291 966; x_wconf 86' lang='grc' dir='ltr'>διὰ</span> <span class='ocrx_word' id='word_1_47' title='bbox 316 913 472 966; x_wconf 82' lang='grc' dir='ltr'>τοῦτο</span> <span class='ocrx_word' id='word_1_48' title='bbox 497 911 626 983; x_wconf 70' lang='grc' dir='ltr'>περὶ</span> <span class='ocrx_word' id='word_1_49' title='bbox 654 911 745 965; x_wconf 82' lang='grc' dir='ltr'><strong>τὸν</strong></span> <span class='ocrx_word' id='word_1_50' title='bbox 779 911 994 981; x_wconf 83' lang='grc' dir='ltr'>χείρονα</span> <span class='ocrx_word' id='word_1_51' title='bbox 1015 909 1226 977; x_wconf 86' lang='grc' dir='ltr'>γίνεται</span> <span class='ocrx_word' id='word_1_52' title='bbox 1257 910 1320 962; x_wconf 86' lang='grc' dir='ltr'><strong>ἐκ</strong></span> <span class='ocrx_word' id='word_1_53' title='bbox 1352 908 1635 978; x_wconf 85' lang='grc' dir='ltr'>συνεργίας</span> <span class='ocrx_word' id='word_1_54' title='bbox 1665 907 1764 976; x_wconf 85' lang='grc' dir='ltr'><strong>τῆς</strong></span> 
     </span>
    </p>
   </div>
   <div class='ocr_carea' id='block_1_10' title="bbox 196 996 1762 1072">
    <p class='ocr_par' dir='ltr' id='par_1_10' title="bbox 196 996 1762 1072">
     <span class='ocr_line' id='line_1_10' title="bbox 196 996 1762 1072; baseline -0.004 -18"><span class='ocrx_word' id='word_1_55' title='bbox 196 999 297 1054; x_wconf 79' lang='grc' dir='ltr'><strong>τοῦ</strong></span> <span class='ocrx_word' id='word_1_56' title='bbox 324 1000 527 1072; x_wconf 80' lang='grc' dir='ltr'>πατρὸς</span> <span class='ocrx_word' id='word_1_57' title='bbox 556 999 718 1054; x_wconf 79' lang='grc' dir='ltr'>αὐτοῦ</span> <span class='ocrx_word' id='word_1_58' title='bbox 743 999 983 1054; x_wconf 88' lang='grc' dir='ltr'>διαϐόλου</span> <span class='ocrx_word' id='word_1_59' title='bbox 1018 1003 1212 1071; x_wconf 80' lang='grc' dir='ltr'>σημεῖα</span> <span class='ocrx_word' id='word_1_60' title='bbox 1230 1039 1244 1063; x_wconf 95' lang='grc'><strong>,</strong></span> <span class='ocrx_word' id='word_1_61' title='bbox 1277 1000 1369 1052; x_wconf 79' lang='grc' dir='ltr'><strong>καὶ</strong></span> <span class='ocrx_word' id='word_1_62' title='bbox 1400 998 1601 1068; x_wconf 86' lang='grc' dir='ltr'>τέρατα</span> <span class='ocrx_word' id='word_1_63' title='bbox 1619 1036 1634 1060; x_wconf 88' lang='grc'><strong>,</strong></span> <span class='ocrx_word' id='word_1_64' title='bbox 1665 996 1762 1050; x_wconf 79' lang='grc' dir='ltr'><strong>καὶ</strong></span> 
     </span>
    </p>
   </div>
   <div class='ocr_carea' id='block_1_11' title="bbox 195 1087 1761 1162">
    <p class='ocr_par' dir='ltr' id='par_1_11' title="bbox 195 1087 1761 1162">
     <span class='ocr_line' id='line_1_11' title="bbox 195 1087 1761 1162; baseline -0.004 -18"><span class='ocrx_word' id='word_1_65' title='bbox 195 1089 456 1162; x_wconf 85' lang='grc' dir='ltr'>δυνάμεις</span> <span class='ocrx_word' id='word_1_66' title='bbox 486 1089 733 1160; x_wconf 82' lang='grc' dir='ltr'>ψεύδους.</span> <span class='ocrx_word' id='word_1_67' title='bbox 781 1089 949 1162; x_wconf 80' lang='grc' dir='ltr'>’Υπὲρ</span> <span class='ocrx_word' id='word_1_68' title='bbox 985 1091 1094 1161; x_wconf 90' lang='grc' dir='ltr'>γὰρ</span> <span class='ocrx_word' id='word_1_69' title='bbox 1129 1091 1228 1154; x_wconf 74' lang='grc' dir='ltr'>τὰς</span> <span class='ocrx_word' id='word_1_70' title='bbox 1266 1090 1345 1152; x_wconf 87' lang='grc' dir='ltr'><strong>είς</strong></span> <span class='ocrx_word' id='word_1_71' title='bbox 1393 1088 1518 1151; x_wconf 79' lang='grc' dir='ltr'>τοὺς</span> <span class='ocrx_word' id='word_1_72' title='bbox 1559 1087 1761 1158; x_wconf 81' lang='grc' dir='ltr'><strong>γόητας</strong></span> 
     </span>
    </p>
   </div>
   <div class='ocr_carea' id='block_1_12' title="bbox 195 1169 1764 1253">
    <p class='ocr_par' dir='ltr' id='par_1_12' title="bbox 195 1169 1764 1253">
     <span class='ocr_line' id='line_1_12' title="bbox 195 1169 1764 1253; baseline -0.003 -18"><span class='ocrx_word' id='word_1_73' title='bbox 195 1183 485 1253; x_wconf 82' lang='grc' dir='ltr'>γινομένας</span> <span class='ocrx_word' id='word_1_74' title='bbox 514 1169 630 1235; x_wconf 68' lang='grc' dir='ltr'><strong>ἀπο</strong></span> <span class='ocrx_word' id='word_1_75' title='bbox 661 1181 934 1252; x_wconf 84' lang='grc' dir='ltr'><strong>δαιμόνων</strong></span> <span class='ocrx_word' id='word_1_76' title='bbox 982 1181 1266 1253; x_wconf 82' lang='grc' dir='ltr'>συνεργίας</span> <span class='ocrx_word' id='word_1_77' title='bbox 1294 1181 1430 1252; x_wconf 77' lang='grc' dir='ltr'>πρὸς</span> <span class='ocrx_word' id='word_1_78' title='bbox 1475 1179 1544 1233; x_wconf 83' lang='grc' dir='ltr'>τὰ</span> <span class='ocrx_word' id='word_1_79' title='bbox 1570 1177 1764 1247; x_wconf 81' lang='grc' dir='ltr'>φαυλό-</span> 
     </span>
    </p>
   </div>
   <div class='ocr_carea' id='block_1_13' title="bbox 194 1267 1762 1340">
    <p class='ocr_par' dir='ltr' id='par_1_13' title="bbox 194 1267 1762 1340">
     <span class='ocr_line' id='line_1_13' title="bbox 194 1267 1762 1340; baseline -0.004 -14"><span class='ocrx_word' id='word_1_80' title='bbox 194 1289 336 1326; x_wconf 87' lang='grc' dir='ltr'>τατα</span> <span class='ocrx_word' id='word_1_81' title='bbox 373 1270 481 1324; x_wconf 83' lang='grc' dir='ltr'>τῶν</span> <span class='ocrx_word' id='word_1_82' title='bbox 516 1269 833 1340; x_wconf 74' lang='grc' dir='ltr'>ἀνθρώπους</span> <span class='ocrx_word' id='word_1_83' title='bbox 860 1269 1223 1332; x_wconf 85' lang='grc' dir='ltr'>ἀπατώντων,</span> <span class='ocrx_word' id='word_1_84' title='bbox 1257 1269 1466 1336; x_wconf 86' lang='grc' dir='ltr'>γίνεται</span> <span class='ocrx_word' id='word_1_85' title='bbox 1505 1267 1762 1339; x_wconf 83' lang='grc' dir='ltr'>συνεργία</span> 
     </span>
    </p>
   </div>
   <div class='ocr_carea' id='block_1_14' title="bbox 192 1356 1760 1432">
    <p class='ocr_par' dir='ltr' id='par_1_14' title="bbox 192 1356 1760 1432">
     <span class='ocr_line' id='line_1_14' title="bbox 192 1356 1760 1432; baseline -0.003 -18"><span class='ocrx_word' id='word_1_86' title='bbox 192 1363 294 1415; x_wconf 84' lang='grc' dir='ltr'>ἀπ’</span> <span class='ocrx_word' id='word_1_87' title='bbox 333 1361 498 1414; x_wconf 84' lang='grc' dir='ltr'>αὐτοῦ</span> <span class='ocrx_word' id='word_1_88' title='bbox 531 1359 622 1414; x_wconf 83' lang='grc' dir='ltr'><strong>τοῦ</strong></span> <span class='ocrx_word' id='word_1_89' title='bbox 668 1360 910 1414; x_wconf 88' lang='grc' dir='ltr'>διαϐόλου</span> <span class='ocrx_word' id='word_1_90' title='bbox 955 1361 1046 1412; x_wconf 78' lang='grc' dir='ltr'>ἐπὶ</span> <span class='ocrx_word' id='word_1_91' title='bbox 1088 1360 1270 1432; x_wconf 83' lang='grc' dir='ltr'><strong>ἀπάτῃ</strong></span> <span class='ocrx_word' id='word_1_92' title='bbox 1299 1358 1390 1412; x_wconf 76' lang='grc' dir='ltr'><strong>τοῦ</strong></span> <span class='ocrx_word' id='word_1_93' title='bbox 1436 1357 1626 1426; x_wconf 79' lang='grc' dir='ltr'>γένους</span> <span class='ocrx_word' id='word_1_94' title='bbox 1652 1356 1760 1410; x_wconf 87' lang='grc' dir='ltr'>τῶν</span> 
     </span>
    </p>
   </div>
   <div class='ocr_carea' id='block_1_15' title="bbox 191 1446 1757 1522">
    <p class='ocr_par' dir='ltr' id='par_1_15' title="bbox 191 1446 1757 1522">
     <span class='ocr_line' id='line_1_15' title="bbox 191 1446 1757 1522; baseline -0.003 -18"><span class='ocrx_word' id='word_1_95' title='bbox 191 1449 518 1522; x_wconf 83' lang='grc' dir='ltr'>ἀνθρώπων.</span> <span class='ocrx_word' id='word_1_96' title='bbox 550 1450 711 1518; x_wconf 81' lang='grc' dir='ltr'>Λέγει</span> <span class='ocrx_word' id='word_1_97' title='bbox 743 1450 799 1502; x_wconf 80' lang='grc' dir='ltr'>δὲ</span> <span class='ocrx_word' id='word_1_98' title='bbox 827 1453 856 1504; x_wconf 92' lang='grc' dir='ltr'>ό</span> <span class='ocrx_word' id='word_1_99' title='bbox 897 1449 1136 1513; x_wconf 82' lang='grc' dir='ltr'><strong>Παῦλος,</strong></span> <span class='ocrx_word' id='word_1_100' title='bbox 1172 1450 1299 1520; x_wconf 76' lang='grc' dir='ltr'>περὶ</span> <span class='ocrx_word' id='word_1_101' title='bbox 1327 1447 1514 1501; x_wconf 85' lang='grc' dir='ltr'>τούτου</span> <span class='ocrx_word' id='word_1_102' title='bbox 1540 1446 1632 1500; x_wconf 81' lang='grc' dir='ltr'><strong>τοῦ</strong></span> <span class='ocrx_word' id='word_1_103' title='bbox 1659 1463 1757 1499; x_wconf 89' lang='grc' dir='ltr'>κα-</span> 
     </span>
    </p>
   </div>
   <div class='ocr_carea' id='block_1_16' title="bbox 191 1537 1758 1612">
    <p class='ocr_par' dir='ltr' id='par_1_16' title="bbox 191 1537 1758 1612">
     <span class='ocr_line' id='line_1_16' title="bbox 191 1537 1758 1612; baseline -0.002 -19"><span class='ocrx_word' id='word_1_104' title='bbox 191 1539 453 1612; x_wconf 82' lang='grc' dir='ltr'><strong>λουμένου</strong></span> <span class='ocrx_word' id='word_1_105' title='bbox 495 1542 859 1612; x_wconf 81' lang='grc' dir='ltr'>Ἀντιχρὶστου</span> <span class='ocrx_word' id='word_1_106' title='bbox 885 1541 1166 1603; x_wconf 84' lang='grc' dir='ltr'><strong>διδάσκων,</strong></span> <span class='ocrx_word' id='word_1_107' title='bbox 1202 1540 1294 1594; x_wconf 76' lang='grc' dir='ltr'>καὶ</span> <span class='ocrx_word' id='word_1_108' title='bbox 1328 1539 1594 1610; x_wconf 80' lang='grc' dir='ltr'>παριστὰς</span> <span class='ocrx_word' id='word_1_109' title='bbox 1619 1537 1758 1608; x_wconf 83' lang='grc' dir='ltr'>μετά</span> 
     </span>
    </p>
   </div>
   <div class='ocr_carea' id='block_1_17' title="bbox 187 1627 1748 1702">
    <p class='ocr_par' dir='ltr' id='par_1_17' title="bbox 187 1627 1748 1702">
     <span class='ocr_line' id='line_1_17' title="bbox 187 1627 1748 1702; baseline -0.003 -20"><span class='ocrx_word' id='word_1_110' title='bbox 187 1646 340 1694; x_wconf 77' lang='grc' dir='ltr'>τινος</span> <span class='ocrx_word' id='word_1_111' title='bbox 371 1631 712 1700; x_wconf 78' lang='grc' dir='ltr'>ἐπικρύψεως</span> <span class='ocrx_word' id='word_1_112' title='bbox 734 1632 852 1684; x_wconf 90' lang='grc' dir='ltr'>τίνα</span> <span class='ocrx_word' id='word_1_113' title='bbox 879 1632 1074 1702; x_wconf 85' lang='grc' dir='ltr'>τρόπον</span> <span class='ocrx_word' id='word_1_114' title='bbox 1106 1630 1453 1700; x_wconf 82' lang='grc' dir='ltr'>ἐπιδημήσει,</span> <span class='ocrx_word' id='word_1_115' title='bbox 1472 1628 1564 1679; x_wconf 70' lang='grc' dir='ltr'><strong>καὶ</strong></span> <span class='ocrx_word' id='word_1_116' title='bbox 1597 1627 1748 1688; x_wconf 88' lang='grc' dir='ltr'>πότε,</span> 
     </span>
    </p>
   </div>
   <div class='ocr_carea' id='block_1_18' title="bbox 1870 629 3419 702">
    <p class='ocr_par' dir='ltr' id='par_1_18' title="bbox 1870 629 3419 702">
     <span class='ocr_line' id='line_1_18' title="bbox 1870 629 3419 702; baseline -0.001 -13"><span class='ocrx_word' id='word_1_117' title='bbox 1870 635 1937 690; x_wconf 89' lang='lat' dir='ltr'><strong>ad</strong></span> <span class='ocrx_word' id='word_1_118' title='bbox 1961 634 2229 700; x_wconf 72' lang='lat' dir='ltr'><strong>fastigium</strong></span> <span class='ocrx_word' id='word_1_119' title='bbox 2259 629 2570 701; x_wconf 79' lang='lat' dir='ltr'><strong>pervenisse</strong></span> <span class='ocrx_word' id='word_1_120' title='bbox 2605 630 2964 699; x_wconf 74' lang='lat' dir='ltr'><strong>cognoscitur,</strong></span> <span class='ocrx_word' id='word_1_121' title='bbox 2995 643 3120 685; x_wconf 91' lang='lat' dir='ltr'><strong>eum</strong></span> <span class='ocrx_word' id='word_1_122' title='bbox 3145 633 3268 686; x_wconf 88' lang='lat' dir='ltr'><strong>boni</strong></span> <span class='ocrx_word' id='word_1_123' title='bbox 3300 647 3419 702; x_wconf 83' lang='lat' dir='ltr'><strong>spe-</strong></span> 
     </span>
    </p>
   </div>
   <div class='ocr_carea' id='block_1_19' title="bbox 1868 718 3418 792">
    <p class='ocr_par' dir='ltr' id='par_1_19' title="bbox 1868 718 3418 792">
     <span class='ocr_line' id='line_1_19' title="bbox 1868 718 3418 792; baseline -0.004 -12"><span class='ocrx_word' id='word_1_124' title='bbox 1868 726 2006 780; x_wconf 88' lang='lat' dir='ltr'><strong>ciem</strong></span> <span class='ocrx_word' id='word_1_125' title='bbox 2041 721 2279 792; x_wconf 71' lang='lat' dir='ltr'><strong>praafert,</strong></span> <span class='ocrx_word' id='word_1_126' title='bbox 2312 720 2514 776; x_wconf 89' lang='lat' dir='ltr'><strong>ideirco</strong></span> <span class='ocrx_word' id='word_1_127' title='bbox 2531 718 2704 774; x_wconf 89' lang='lat' dir='ltr'><strong>malus</strong></span> <span class='ocrx_word' id='word_1_128' title='bbox 2730 718 2840 785; x_wconf 90' lang='lat' dir='ltr'><strong>ille,</strong></span> <span class='ocrx_word' id='word_1_129' title='bbox 2871 720 3238 788; x_wconf 78' lang='lat' dir='ltr'><strong>collaborante</strong></span> <span class='ocrx_word' id='word_1_130' title='bbox 3268 733 3418 790; x_wconf 82' lang='lat' dir='ltr'><strong>patre</strong></span> 
     </span>
    </p>
   </div>
   <div class='ocr_carea' id='block_1_20' title="bbox 1865 807 3416 883">
    <p class='ocr_par' dir='ltr' id='par_1_20' title="bbox 1865 807 3416 883">
     <span class='ocr_line' id='line_1_20' title="bbox 1865 807 3416 883; baseline -0.002 -15"><span class='ocrx_word' id='word_1_131' title='bbox 1865 817 1980 883; x_wconf 85' lang='lat' dir='ltr'><strong>ejus</strong></span> <span class='ocrx_word' id='word_1_132' title='bbox 2012 811 2252 876; x_wconf 83' lang='lat' dir='ltr'><strong>diabolo,</strong></span> <span class='ocrx_word' id='word_1_133' title='bbox 2284 809 2459 879; x_wconf 77' lang='lat' dir='ltr'><strong>signa,</strong></span> <span class='ocrx_word' id='word_1_134' title='bbox 2490 807 2729 878; x_wconf 84' lang='lat' dir='ltr'><strong>prodigia</strong></span> <span class='ocrx_word' id='word_1_135' title='bbox 2759 817 2815 863; x_wconf 91' lang='lat' dir='ltr'><strong>et</strong></span> <span class='ocrx_word' id='word_1_136' title='bbox 2848 810 3078 865; x_wconf 74' lang='lat' dir='ltr'><strong>virtutes</strong></span> <span class='ocrx_word' id='word_1_137' title='bbox 3129 811 3416 866; x_wconf 79' lang='lat' dir='ltr'><strong>mendaces</strong></span> 
     </span>
    </p>
   </div>
   <div class='ocr_carea' id='block_1_21' title="bbox 1863 899 3415 972">
    <p class='ocr_par' dir='ltr' id='par_1_21' title="bbox 1863 899 3415 972">
     <span class='ocr_line' id='line_1_21' title="bbox 1863 899 3415 972; baseline -0.001 -14"><span class='ocrx_word' id='word_1_138' title='bbox 1863 903 2055 958; x_wconf 82' lang='lat' dir='ltr'><strong>exerit.</strong></span> <span class='ocrx_word' id='word_1_139' title='bbox 2109 900 2244 956; x_wconf 82' lang='lat' dir='ltr'><strong>Nam</strong></span> <span class='ocrx_word' id='word_1_140' title='bbox 2281 915 2444 970; x_wconf 84' lang='lat' dir='ltr'><strong>supra</strong></span> <span class='ocrx_word' id='word_1_141' title='bbox 2458 899 2657 954; x_wconf 84' lang='lat' dir='ltr'><strong>auxilia</strong></span> <span class='ocrx_word' id='word_1_142' title='bbox 2683 914 2804 970; x_wconf 71' lang='lat' dir='ltr'><strong>quae</strong></span> <span class='ocrx_word' id='word_1_143' title='bbox 2838 899 3108 956; x_wconf 62' lang='lat' dir='ltr'><strong>daemones</strong></span> <span class='ocrx_word' id='word_1_144' title='bbox 3136 902 3302 972; x_wconf 78' lang='lat'><strong>668</strong></span> <span class='ocrx_word' id='word_1_145' title='bbox 3324 901 3415 957; x_wconf 86' lang='lat' dir='ltr'><strong>lio-</strong></span> 
     </span>
    </p>
   </div>
   <div class='ocr_carea' id='block_1_22' title="bbox 1865 990 3414 1062">
    <p class='ocr_par' dir='ltr' id='par_1_22' title="bbox 1865 990 3414 1062">
     <span class='ocr_line' id='line_1_22' title="bbox 1865 990 3414 1062; baseline -0.001 -15"><span class='ocrx_word' id='word_1_146' title='bbox 1865 994 2071 1047; x_wconf 85' lang='lat' dir='ltr'><strong>niinum</strong></span> <span class='ocrx_word' id='word_1_147' title='bbox 2106 993 2432 1060; x_wconf 82' lang='lat' dir='ltr'><strong>deceptores</strong></span> <span class='ocrx_word' id='word_1_148' title='bbox 2461 991 2939 1062; x_wconf 70' lang='lat' dir='ltr'><strong>prazstigiatorib-is</strong></span> <span class='ocrx_word' id='word_1_149' title='bbox 2977 991 3046 1046; x_wconf 88' lang='lat' dir='ltr'><strong>ad</strong></span> <span class='ocrx_word' id='word_1_150' title='bbox 3077 992 3304 1060; x_wconf 76' lang='lat' dir='ltr'><strong>peSsima</strong></span> <span class='ocrx_word' id='word_1_151' title='bbox 3335 990 3414 1045; x_wconf 82' lang='lat' dir='ltr'><strong>fa-</strong></span> 
     </span>
    </p>
   </div>
   <div class='ocr_carea' id='block_1_23' title="bbox 1862 1081 3413 1152">
    <p class='ocr_par' dir='ltr' id='par_1_23' title="bbox 1862 1081 3413 1152">
     <span class='ocr_line' id='line_1_23' title="bbox 1862 1081 3413 1152; baseline 0 -15"><span class='ocrx_word' id='word_1_152' title='bbox 1862 1085 2047 1137; x_wconf 91' lang='lat' dir='ltr'><strong>cinora</strong></span> <span class='ocrx_word' id='word_1_153' title='bbox 2097 1083 2426 1146; x_wconf 85' lang='lat' dir='ltr'><strong>ministrant,</strong></span> <span class='ocrx_word' id='word_1_154' title='bbox 2471 1081 2617 1137; x_wconf 87' lang='lat' dir='ltr'><strong>aliud</strong></span> <span class='ocrx_word' id='word_1_155' title='bbox 2659 1091 2947 1152; x_wconf 79' lang='lat' dir='ltr'><strong>przestatur</strong></span> <span class='ocrx_word' id='word_1_156' title='bbox 2978 1096 3010 1134; x_wconf 85' lang='lat' dir='ltr'><strong>a</strong></span> <span class='ocrx_word' id='word_1_157' title='bbox 3047 1081 3263 1149; x_wconf 85' lang='lat' dir='ltr'><strong>diabolo</strong></span> <span class='ocrx_word' id='word_1_158' title='bbox 3295 1083 3413 1151; x_wconf 85' lang='lat' dir='ltr'><strong>ipso</strong></span> 
     </span>
    </p>
   </div>
   <div class='ocr_carea' id='block_1_24' title="bbox 1791 1170 3442 1243">
    <p class='ocr_par' dir='ltr' id='par_1_24' title="bbox 1791 1170 3442 1243">
     <span class='ocr_line' id='line_1_24' title="bbox 1791 1170 3442 1243; baseline 0.001 -16"><span class='ocrx_word' id='word_1_159' title='bbox 1791 1181 1793 1183; x_wconf 80' lang='lat'>‘</span> <span class='ocrx_word' id='word_1_160' title='bbox 1864 1172 1929 1227; x_wconf 91' lang='lat' dir='ltr'><strong>ad</strong></span> <span class='ocrx_word' id='word_1_161' title='bbox 1958 1172 2250 1234; x_wconf 81' lang='lat' dir='ltr'><strong>fallendum</strong></span> <span class='ocrx_word' id='word_1_162' title='bbox 2276 1185 2448 1243; x_wconf 80' lang='lat' dir='ltr'><strong>genus</strong></span> <span class='ocrx_word' id='word_1_163' title='bbox 2481 1171 2783 1227; x_wconf 84' lang='lat' dir='ltr'><strong>hominum.</strong></span> <span class='ocrx_word' id='word_1_164' title='bbox 2826 1171 2944 1228; x_wconf 88' lang='lat' dir='ltr'><strong>.iam</strong></span> <span class='ocrx_word' id='word_1_165' title='bbox 2990 1170 3190 1226; x_wconf 82' lang='lat' dir='ltr'><strong>Paulus</strong></span> <span class='ocrx_word' id='word_1_166' title='bbox 3237 1173 3305 1228; x_wconf 89' lang='lat' dir='ltr'><strong>de</strong></span> <span class='ocrx_word' id='word_1_167' title='bbox 3347 1187 3442 1228; x_wconf 81' lang='grc' dir='ltr'><strong>εο-</strong></span> 
     </span>
    </p>
   </div>
   <div class='ocr_carea' id='block_1_25' title="bbox 1861 1262 3414 1335">
    <p class='ocr_par' dir='ltr' id='par_1_25' title="bbox 1861 1262 3414 1335">
     <span class='ocr_line' id='line_1_25' title="bbox 1861 1262 3414 1335; baseline 0 -16"><span class='ocrx_word' id='word_1_168' title='bbox 1861 1265 1953 1335; x_wconf 89' lang='lat' dir='ltr'><strong>qui</strong></span> <span class='ocrx_word' id='word_1_169' title='bbox 1987 1273 2208 1319; x_wconf 81' lang='lat' dir='ltr'><strong>vocatur</strong></span> <span class='ocrx_word' id='word_1_170' title='bbox 2256 1263 2620 1318; x_wconf 83' lang='lat' dir='ltr'><strong>Antichristus</strong></span> <span class='ocrx_word' id='word_1_171' title='bbox 2665 1262 2907 1332; x_wconf 86' lang='lat' dir='ltr'><strong>loqui.ur</strong></span> <span class='ocrx_word' id='word_1_172' title='bbox 2944 1263 3230 1334; x_wconf 87' lang='lat' dir='ltr'><strong>docetque,</strong></span> <span class='ocrx_word' id='word_1_173' title='bbox 3287 1265 3414 1319; x_wconf 88' lang='lat' dir='ltr'><strong>licet</strong></span> 
     </span>
    </p>
   </div>
   <div class='ocr_carea' id='block_1_26' title="bbox 1861 1353 3446 1424">
    <p class='ocr_par' dir='ltr' id='par_1_26' title="bbox 1861 1353 3446 1424">
     <span class='ocr_line' id='line_1_26' title="bbox 1861 1353 3446 1424; baseline 0.001 -15"><span class='ocrx_word' id='word_1_174' title='bbox 1861 1369 1982 1410; x_wconf 85' lang='lat' dir='ltr'><strong>cuin</strong></span> <span class='ocrx_word' id='word_1_175' title='bbox 2017 1355 2192 1422; x_wconf 84' lang='lat' dir='ltr'><strong>aliqua</strong></span> <span class='ocrx_word' id='word_1_176' title='bbox 2215 1353 2567 1420; x_wconf 84' lang='lat' dir='ltr'><strong>obscuritate,</strong></span> <span class='ocrx_word' id='word_1_177' title='bbox 2617 1353 2892 1422; x_wconf 89' lang='lat' dir='ltr'><strong>quomodo</strong></span> <span class='ocrx_word' id='word_1_178' title='bbox 2921 1355 2973 1409; x_wconf 91' lang='lat' dir='ltr'><strong>iu</strong></span> <span class='ocrx_word' id='word_1_179' title='bbox 3021 1371 3192 1424; x_wconf 78' lang='lat' dir='ltr'><strong>genus</strong></span> <span class='ocrx_word' id='word_1_180' title='bbox 3235 1357 3411 1410; x_wconf 79' lang='lat' dir='ltr'><strong>liomi-</strong></span> <span class='ocrx_word' id='word_1_181' title='bbox 3444 1380 3446 1382; x_wconf 61' lang='grc' dir='ltr'><strong>τ</strong></span> 
     </span>
    </p>
   </div>
   <div class='ocr_carea' id='block_1_27' title="bbox 1861 1431 3417 1515">
    <p class='ocr_par' dir='ltr' id='par_1_27' title="bbox 1861 1431 3417 1515">
     <span class='ocr_line' id='line_1_27' title="bbox 1861 1431 3417 1515; baseline -0.001 -13"><span class='ocrx_word' id='word_1_182' title='bbox 1861 1461 1986 1502; x_wconf 90' lang='lat' dir='ltr'><strong>num</strong></span> <span class='ocrx_word' id='word_1_183' title='bbox 2013 1446 2100 1499; x_wconf 90' lang='lat' dir='ltr'><strong>ille</strong></span> <span class='ocrx_word' id='word_1_184' title='bbox 2129 1454 2182 1500; x_wconf 91' lang='lat' dir='ltr'><strong>et</strong></span> <span class='ocrx_word' id='word_1_185' title='bbox 2204 1446 2424 1513; x_wconf 79' lang='lat' dir='ltr'><strong>quando</strong></span> <span class='ocrx_word' id='word_1_186' title='bbox 2452 1431 2711 1499; x_wconf 88' lang='lat' dir='ltr'><strong>venturus</strong></span> <span class='ocrx_word' id='word_1_187' title='bbox 2743 1445 2834 1511; x_wconf 85' lang='lat' dir='ltr'><strong>sit,</strong></span> <span class='ocrx_word' id='word_1_188' title='bbox 2885 1456 2942 1499; x_wconf 91' lang='lat' dir='ltr'><strong>et</strong></span> <span class='ocrx_word' id='word_1_189' title='bbox 2990 1461 3095 1515; x_wconf 86' lang='lat' dir='ltr'><strong>qua</strong></span> <span class='ocrx_word' id='word_1_190' title='bbox 3135 1446 3204 1503; x_wconf 85' lang='lat' dir='ltr'><strong>de</strong></span> <span class='ocrx_word' id='word_1_191' title='bbox 3227 1461 3417 1502; x_wconf 81' lang='lat' dir='ltr'><strong>causa.</strong></span> 
     </span>
    </p>
   </div>
   <div class='ocr_carea' id='block_1_28' title="bbox 1860 1534 3411 1604">
    <p class='ocr_par' dir='ltr' id='par_1_28' title="bbox 1860 1534 3411 1604">
     <span class='ocr_line' id='line_1_28' title="bbox 1860 1534 3411 1604; baseline 0.001 -17"><span class='ocrx_word' id='word_1_192' title='bbox 1860 1535 1927 1588; x_wconf 86' lang='lat' dir='ltr'><strong>At</strong></span> <span class='ocrx_word' id='word_1_193' title='bbox 1955 1535 2073 1587; x_wconf 88' lang='lat' dir='ltr'><strong>vide</strong></span> <span class='ocrx_word' id='word_1_194' title='bbox 2094 1548 2160 1586; x_wconf 90' lang='lat' dir='ltr'><strong>an</strong></span> <span class='ocrx_word' id='word_1_195' title='bbox 2193 1548 2313 1602; x_wconf 70' lang='lat' dir='ltr'><strong>qua:</strong></span> <span class='ocrx_word' id='word_1_196' title='bbox 2350 1534 2499 1588; x_wconf 87' lang='lat' dir='ltr'><strong>dicat</strong></span> <span class='ocrx_word' id='word_1_197' title='bbox 2544 1547 2649 1588; x_wconf 89' lang='lat' dir='ltr'><strong>non</strong></span> <span class='ocrx_word' id='word_1_198' title='bbox 2680 1534 2998 1604; x_wconf 76' lang='lat' dir='ltr'><strong>gravissima</strong></span> <span class='ocrx_word' id='word_1_199' title='bbox 3037 1538 3170 1604; x_wconf 88' lang='lat' dir='ltr'><strong>sint,</strong></span> <span class='ocrx_word' id='word_1_200' title='bbox 3209 1551 3308 1590; x_wconf 91' lang='lat' dir='ltr'><strong>nec</strong></span> <span class='ocrx_word' id='word_1_201' title='bbox 3327 1536 3411 1591; x_wconf 86' lang='lat' dir='ltr'><strong>vel</strong></span> 
     </span>
    </p>
   </div>
   <div class='ocr_carea' id='block_1_29' title="bbox 1859 1623 2550 1692">
    <p class='ocr_par' dir='ltr' id='par_1_29' title="bbox 1859 1623 2550 1692">
     <span class='ocr_line' id='line_1_29' title="bbox 1859 1623 2550 1692; baseline 0 -14"><span class='ocrx_word' id='word_1_202' title='bbox 1859 1623 2075 1678; x_wconf 89' lang='lat' dir='ltr'><strong>minima</strong></span> <span class='ocrx_word' id='word_1_203' title='bbox 2101 1623 2350 1678; x_wconf 85' lang='lat' dir='ltr'><strong>irrisione</strong></span> <span class='ocrx_word' id='word_1_204' title='bbox 2371 1623 2550 1692; x_wconf 67' lang='lat' dir='ltr'><strong>d‘gna.</strong></span> 
     </span>
    </p>
   </div>
   <div class='ocr_carea' id='block_1_30' title="bbox 186 1706 3421 1798">
    <p class='ocr_par' dir='ltr' id='par_1_30' title="bbox 186 1706 3421 1798">
     <span class='ocr_line' id='line_1_30' title="bbox 186 1706 3421 1798; baseline -0.002 -18"><span class='ocrx_word' id='word_1_205' title='bbox 186 1726 272 1795; x_wconf 83' lang='grc' dir='ltr'>τῷ</span> <span class='ocrx_word' id='word_1_206' title='bbox 294 1725 437 1794; x_wconf 83' lang='grc' dir='ltr'>γένει</span> <span class='ocrx_word' id='word_1_207' title='bbox 460 1726 568 1778; x_wconf 82' lang='grc' dir='ltr'>τῶν</span> <span class='ocrx_word' id='word_1_208' title='bbox 602 1724 900 1796; x_wconf 84' lang='grc' dir='ltr'>ἀνθρώπων</span> <span class='ocrx_word' id='word_1_209' title='bbox 925 1765 940 1788; x_wconf 91' lang='grc'><strong>,</strong></span> <span class='ocrx_word' id='word_1_210' title='bbox 966 1725 1058 1778; x_wconf 74' lang='grc' dir='ltr'><strong>καὶ</strong></span> <span class='ocrx_word' id='word_1_211' title='bbox 1085 1724 1171 1779; x_wconf 89' lang='grc' dir='ltr'><strong>διά</strong></span> <span class='ocrx_word' id='word_1_212' title='bbox 1209 1725 1278 1776; x_wconf 89' lang='grc' dir='ltr'><strong>τί.</strong></span> <span class='ocrx_word' id='word_1_213' title='bbox 1312 1723 1420 1777; x_wconf 77' lang='grc' dir='ltr'><strong>Καὶ</strong></span> <span class='ocrx_word' id='word_1_214' title='bbox 1449 1724 1568 1798; x_wconf 82' lang='grc' dir='ltr'>ὅρα,</span> <span class='ocrx_word' id='word_1_215' title='bbox 1613 1723 1661 1774; x_wconf 86' lang='grc' dir='ltr'><strong>εί</strong></span> <span class='ocrx_word' id='word_1_216' title='bbox 1712 1719 1786 1791; x_wconf 75' lang='grc' dir='ltr'>μὴ</span> <span class='ocrx_word' id='word_1_217' title='bbox 1821 1718 2119 1789; x_wconf 81' lang='grc' dir='ltr'>σεμνότατα</span> <span class='ocrx_word' id='word_1_218' title='bbox 2145 1719 2271 1789; x_wconf 69' lang='grc' dir='ltr'>περὶ</span> <span class='ocrx_word' id='word_1_219' title='bbox 2297 1717 2498 1772; x_wconf 88' lang='grc' dir='ltr'>τούτων</span> <span class='ocrx_word' id='word_1_220' title='bbox 2525 1721 2554 1773; x_wconf 92' lang='lat'><strong>6</strong></span> <span class='ocrx_word' id='word_1_221' title='bbox 2586 1719 2796 1785; x_wconf 73' lang='grc' dir='ltr'>Παῦλος</span> <span class='ocrx_word' id='word_1_222' title='bbox 2832 1721 3123 1788; x_wconf 81' lang='grc' dir='ltr'>ἐκτίθεται,</span> <span class='ocrx_word' id='word_1_223' title='bbox 3173 1721 3269 1774; x_wconf 78' lang='grc' dir='ltr'><strong>καὶ</strong></span> <span class='ocrx_word' id='word_1_224' title='bbox 3313 1706 3421 1775; x_wconf 72' lang='grc' dir='ltr'>οὐκ</span> 
     </span>
    </p>
   </div>
   <div class='ocr_carea' id='block_1_31' title="bbox 190 1813 1214 1886">
    <p class='ocr_par' dir='ltr' id='par_1_31' title="bbox 190 1813 1214 1886">
     <span class='ocr_line' id='line_1_31' title="bbox 190 1813 1214 1886; baseline 0.001 -17"><span class='ocrx_word' id='word_1_225' title='bbox 190 1813 359 1881; x_wconf 79' lang='grc' dir='ltr'>ἀξίως</span> <span class='ocrx_word' id='word_1_226' title='bbox 383 1815 580 1885; x_wconf 82' lang='grc' dir='ltr'><strong>χλεύης</strong></span> <span class='ocrx_word' id='word_1_227' title='bbox 607 1816 749 1878; x_wconf 87' lang='grc' dir='ltr'>τινὸς</span> <span class='ocrx_word' id='word_1_228' title='bbox 782 1815 882 1868; x_wconf 77' lang='grc' dir='ltr'><strong>κᾶν</strong></span> <span class='ocrx_word' id='word_1_229' title='bbox 909 1816 1214 1886; x_wconf 86' lang='grc' dir='ltr'>ἐλαχίστης.</span> 
     </span>
    </p>
   </div>
   <div class='ocr_carea' id='block_1_32' title="bbox 262 1872 1747 1984">
    <p class='ocr_par' dir='ltr' id='par_1_32' title="bbox 262 1872 1747 1977">
     <span class='ocr_line' id='line_1_32' title="bbox 262 1872 1747 1977; baseline 0 -21"><span class='ocrx_word' id='word_1_230' title='bbox 262 1872 425 1972; x_wconf 54' lang='lat' dir='ltr'><strong>At};</strong></span> <span class='ocrx_word' id='word_1_231' title='bbox 477 1872 1210 1977; x_wconf 52' lang='lat' dir='ltr'><strong>ai&quot;.ow;..«np.;;aa;1.</strong></span> <span class='ocrx_word' id='word_1_232' title='bbox 1265 1907 1321 1959; x_wconf 82' lang='grc' dir='ltr'>δὲ</span> <span class='ocrx_word' id='word_1_233' title='bbox 1375 1907 1557 1976; x_wconf 75' lang='grc' dir='ltr'>ὑμᾶς,</span> <span class='ocrx_word' id='word_1_234' title='bbox 1609 1903 1747 1958; x_wconf 88' lang='grc' dir='ltr'>ἀδελ-</span> 
     </span>
    </p>
   </div>
   <div class='ocr_carea' id='block_1_33' title="bbox 1847 1872 3412 1984">
    <p class='ocr_par' dir='ltr' id='par_1_33' title="bbox 1921 1872 3412 1984">
     <span class='ocr_line' id='line_1_33' title="bbox 1921 1872 3412 1984; baseline 0.003 -28"><span class='ocrx_word' id='word_1_235' title='bbox 1921 1901 2017 1970; x_wconf 32' lang='grc' dir='ltr'><strong>κ46.</strong></span> <span class='ocrx_word' id='word_1_236' title='bbox 2049 1901 2171 1955; x_wconf 74' lang='lat' dir='ltr'><strong>llmc</strong></span> <span class='ocrx_word' id='word_1_237' title='bbox 2191 1872 2369 1955; x_wconf 86' lang='lat' dir='ltr'><strong>autem</strong></span> <span class='ocrx_word' id='word_1_238' title='bbox 2401 1903 2570 1977; x_wconf 75' lang='lat' dir='ltr'><strong>dicit:</strong></span> <span class='ocrx_word' id='word_1_239' title='bbox 2593 1920 2614 1955; x_wconf 73' lang='grc' dir='ltr'><strong>ι</strong></span> <span class='ocrx_word' id='word_1_240' title='bbox 2635 1902 2911 1984; x_wconf 69' lang='lat' dir='ltr'><strong>Rogamus</strong></span> <span class='ocrx_word' id='word_1_241' title='bbox 2936 1915 3115 1960; x_wconf 90' lang='lat' dir='ltr'><strong>autem</strong></span> <span class='ocrx_word' id='word_1_242' title='bbox 3146 1921 3264 1972; x_wconf 89' lang='lat' dir='ltr'><strong>vos,</strong></span> <span class='ocrx_word' id='word_1_243' title='bbox 3303 1907 3412 1961; x_wconf 62' lang='lat' dir='ltr'><strong>ira.</strong></span> 
     </span>
    </p>
   </div>
   <div class='ocr_carea' id='block_1_34' title="bbox 187 1994 1753 2068">
    <p class='ocr_par' dir='ltr' id='par_1_34' title="bbox 187 1994 1753 2068">
     <span class='ocr_line' id='line_1_34' title="bbox 187 1994 1753 2068; baseline -0.001 -21"><span class='ocrx_word' id='word_1_244' title='bbox 187 1994 313 2063; x_wconf 74' lang='grc' dir='ltr'>φοὶ,</span> <span class='ocrx_word' id='word_1_245' title='bbox 360 1996 504 2066; x_wconf 77' lang='grc' dir='ltr'>ὑπὲρ</span> <span class='ocrx_word' id='word_1_246' title='bbox 544 1997 643 2065; x_wconf 80' lang='grc' dir='ltr'>τῆς</span> <span class='ocrx_word' id='word_1_247' title='bbox 680 1997 977 2064; x_wconf 80' lang='grc' dir='ltr'>παρουσίας</span> <span class='ocrx_word' id='word_1_248' title='bbox 1020 1997 1110 2049; x_wconf 84' lang='grc' dir='ltr'><strong>τοῦ</strong></span> <span class='ocrx_word' id='word_1_249' title='bbox 1146 1998 1344 2068; x_wconf 84' lang='grc' dir='ltr'>Κυρίου</span> <span class='ocrx_word' id='word_1_250' title='bbox 1385 1998 1540 2068; x_wconf 78' lang='grc' dir='ltr'>ἡμῶν</span> <span class='ocrx_word' id='word_1_251' title='bbox 1582 1994 1753 2066; x_wconf 83' lang='grc' dir='ltr'>Ἰησοῦ</span> 
     </span>
    </p>
   </div>
   <div class='ocr_carea' id='block_1_35' title="bbox 184 2085 1754 2157">
    <p class='ocr_par' dir='ltr' id='par_1_35' title="bbox 184 2085 1754 2157">
     <span class='ocr_line' id='line_1_35' title="bbox 184 2085 1754 2157; baseline 0 -19"><span class='ocrx_word' id='word_1_252' title='bbox 184 2085 428 2156; x_wconf 74' lang='grc' dir='ltr'>Χριστοῦ</span> <span class='ocrx_word' id='word_1_253' title='bbox 468 2089 562 2140; x_wconf 67' lang='grc' dir='ltr'><strong>καὶ¹</strong></span> <span class='ocrx_word' id='word_1_254' title='bbox 593 2087 747 2157; x_wconf 82' lang='grc' dir='ltr'>ἡμῶν</span> <span class='ocrx_word' id='word_1_255' title='bbox 781 2088 1194 2157; x_wconf 79' lang='grc' dir='ltr'>ἐπισυναγωγῆς</span> <span class='ocrx_word' id='word_1_256' title='bbox 1226 2089 1312 2138; x_wconf 74' lang='grc' dir='ltr'>ἐπ’</span> <span class='ocrx_word' id='word_1_257' title='bbox 1348 2087 1506 2139; x_wconf 76' lang='grc' dir='ltr'>αὑτὸν</span> <span class='ocrx_word' id='word_1_258' title='bbox 1528 2127 1542 2150; x_wconf 90' lang='grc'><strong>,</strong></span> <span class='ocrx_word' id='word_1_259' title='bbox 1574 2089 1652 2149; x_wconf 84' lang='grc' dir='ltr'>εἰς</span> <span class='ocrx_word' id='word_1_260' title='bbox 1693 2087 1754 2138; x_wconf 85' lang='grc' dir='ltr'>τὸ</span> 
     </span>
    </p>
   </div>
   <div class='ocr_carea' id='block_1_36' title="bbox 187 2173 1748 2246">
    <p class='ocr_par' dir='ltr' id='par_1_36' title="bbox 187 2173 1748 2246">
     <span class='ocr_line' id='line_1_36' title="bbox 187 2173 1748 2246; baseline -0.001 -18"><span class='ocrx_word' id='word_1_261' title='bbox 187 2173 268 2244; x_wconf 80' lang='grc' dir='ltr'>μὴ</span> <span class='ocrx_word' id='word_1_262' title='bbox 289 2173 364 2243; x_wconf 86' lang='grc'><strong>(8)</strong></span> <span class='ocrx_word' id='word_1_263' title='bbox 392 2173 707 2244; x_wconf 80' lang='grc' dir='ltr'>σαλευθῆναι</span> <span class='ocrx_word' id='word_1_264' title='bbox 733 2176 873 2245; x_wconf 75' lang='grc' dir='ltr'>ὑμᾶς</span> <span class='ocrx_word' id='word_1_265' title='bbox 893 2175 1000 2228; x_wconf 77' lang='grc' dir='ltr'><strong>ἀπὸ</strong></span> <span class='ocrx_word' id='word_1_266' title='bbox 1017 2176 1110 2228; x_wconf 78' lang='grc' dir='ltr'><strong>τοῦ</strong></span> <span class='ocrx_word' id='word_1_267' title='bbox 1131 2176 1264 2240; x_wconf 73' lang='grc' dir='ltr'>νοὸς,</span> <span class='ocrx_word' id='word_1_268' title='bbox 1295 2176 1426 2246; x_wconf 84' lang='grc' dir='ltr'><strong>μηδέ</strong></span> <span class='ocrx_word' id='word_1_269' title='bbox 1457 2174 1748 2246; x_wconf 83' lang='grc' dir='ltr'>θροεῖσθαι,</span> 
     </span>
    </p>
   </div>
   <div class='ocr_carea' id='block_1_37' title="bbox 185 2258 1750 2334">
    <p class='ocr_par' dir='ltr' id='par_1_37' title="bbox 185 2258 1750 2334">
     <span class='ocr_line' id='line_1_37' title="bbox 185 2258 1750 2334; baseline 0.003 -24"><span class='ocrx_word' id='word_1_270' title='bbox 185 2260 332 2330; x_wconf 82' lang='grc' dir='ltr'>μήτε</span> <span class='ocrx_word' id='word_1_271' title='bbox 355 2258 443 2312; x_wconf 83' lang='grc' dir='ltr'>διὰ</span> <span class='ocrx_word' id='word_1_272' title='bbox 467 2259 626 2327; x_wconf 88' lang='grc' dir='ltr'>λόγου</span> <span class='ocrx_word' id='word_1_273' title='bbox 645 2300 659 2323; x_wconf 91' lang='grc'><strong>,</strong></span> <span class='ocrx_word' id='word_1_274' title='bbox 690 2265 823 2332; x_wconf 78' lang='grc' dir='ltr'>μήτε</span> <span class='ocrx_word' id='word_1_275' title='bbox 857 2261 944 2315; x_wconf 81' lang='grc' dir='ltr'>διὰ</span> <span class='ocrx_word' id='word_1_276' title='bbox 971 2261 1305 2332; x_wconf 84' lang='grc' dir='ltr'>πνεύματος,</span> <span class='ocrx_word' id='word_1_277' title='bbox 1352 2267 1486 2334; x_wconf 78' lang='grc' dir='ltr'>μήτε</span> <span class='ocrx_word' id='word_1_278' title='bbox 1516 2263 1602 2316; x_wconf 76' lang='grc' dir='ltr'><strong>διὰ</strong></span> <span class='ocrx_word' id='word_1_279' title='bbox 1633 2264 1750 2317; x_wconf 83' lang='grc' dir='ltr'>ἐπι-</span> 
     </span>
    </p>
   </div>
   <div class='ocr_carea' id='block_1_38' title="bbox 185 2345 1747 2420">
    <p class='ocr_par' dir='ltr' id='par_1_38' title="bbox 185 2345 1747 2420">
     <span class='ocr_line' id='line_1_38' title="bbox 185 2345 1747 2420; baseline 0.003 -23"><span class='ocrx_word' id='word_1_280' title='bbox 185 2345 383 2417; x_wconf 82' lang='grc' dir='ltr'>στολῆς</span> <span class='ocrx_word' id='word_1_281' title='bbox 413 2347 488 2410; x_wconf 85' lang='grc' dir='ltr'>ὡς</span> <span class='ocrx_word' id='word_1_282' title='bbox 524 2346 591 2399; x_wconf 89' lang='grc' dir='ltr'>δι’</span> <span class='ocrx_word' id='word_1_283' title='bbox 627 2347 819 2417; x_wconf 77' lang='grc' dir='ltr'>ἡμῶν,</span> <span class='ocrx_word' id='word_1_284' title='bbox 839 2348 915 2412; x_wconf 84' lang='grc' dir='ltr'><strong>ὡς</strong></span> <span class='ocrx_word' id='word_1_285' title='bbox 958 2350 1040 2401; x_wconf 86' lang='grc' dir='ltr'>ὃτι</span> <span class='ocrx_word' id='word_1_286' title='bbox 1069 2349 1352 2420; x_wconf 79' lang='grc' dir='ltr'>ἐνέστηκεν</span> <span class='ocrx_word' id='word_1_287' title='bbox 1377 2352 1409 2419; x_wconf 79' lang='grc' dir='ltr'><strong>ἡ</strong></span> <span class='ocrx_word' id='word_1_288' title='bbox 1452 2350 1634 2420; x_wconf 80' lang='grc' dir='ltr'>ἡμέρα</span> <span class='ocrx_word' id='word_1_289' title='bbox 1659 2350 1747 2402; x_wconf 74' lang='grc' dir='ltr'><strong>τοῦ</strong></span> 
     </span>
    </p>
   </div>
   <div class='ocr_carea' id='block_1_39' title="bbox 182 2436 1751 2512">
    <p class='ocr_par' dir='ltr' id='par_1_39' title="bbox 182 2436 1751 2512">
     <span class='ocr_line' id='line_1_39' title="bbox 182 2436 1751 2512; baseline 0.003 -23"><span class='ocrx_word' id='word_1_290' title='bbox 182 2436 414 2508; x_wconf 77' lang='grc' dir='ltr'>Κυρίου.</span> <span class='ocrx_word' id='word_1_291' title='bbox 448 2439 539 2509; x_wconf 75' lang='grc' dir='ltr'><strong>Μή</strong></span> <span class='ocrx_word' id='word_1_292' title='bbox 574 2455 655 2502; x_wconf 90' lang='grc' dir='ltr'><strong>τις</strong></span> <span class='ocrx_word' id='word_1_293' title='bbox 679 2441 819 2510; x_wconf 83' lang='grc' dir='ltr'>ὑμᾶς</span> <span class='ocrx_word' id='word_1_294' title='bbox 849 2437 1160 2512; x_wconf 75' lang='grc' dir='ltr'>ἐξαπατήσῃ</span> <span class='ocrx_word' id='word_1_295' title='bbox 1201 2441 1340 2494; x_wconf 86' lang='grc' dir='ltr'><strong>κατά</strong></span> <span class='ocrx_word' id='word_1_296' title='bbox 1383 2442 1586 2511; x_wconf 86' lang='grc' dir='ltr'><strong>μηδένα</strong></span> <span class='ocrx_word' id='word_1_297' title='bbox 1628 2441 1751 2512; x_wconf 87' lang='grc' dir='ltr'>τρό-</span> 
     </span>
    </p>
   </div>
   <div class='ocr_carea' id='block_1_40' title="bbox 179 2527 1796 2615">
    <p class='ocr_par' dir='ltr' id='par_1_40' title="bbox 179 2527 1796 2615">
     <span class='ocr_line' id='line_1_40' title="bbox 179 2527 1796 2615; baseline 0.002 -35"><span class='ocrx_word' id='word_1_298' title='bbox 179 2542 325 2580; x_wconf 71' lang='grc' dir='ltr'>πον*</span> <span class='ocrx_word' id='word_1_299' title='bbox 369 2529 492 2593; x_wconf 82' lang='grc' dir='ltr'>ὅτι,</span> <span class='ocrx_word' id='word_1_300' title='bbox 535 2527 633 2582; x_wconf 79' lang='grc' dir='ltr'>ἐὰν</span> <span class='ocrx_word' id='word_1_301' title='bbox 683 2531 758 2601; x_wconf 82' lang='grc' dir='ltr'>μὴ</span> <span class='ocrx_word' id='word_1_302' title='bbox 809 2529 934 2603; x_wconf 75' lang='grc' dir='ltr'><strong>ἔλθῃ</strong></span> <span class='ocrx_word' id='word_1_303' title='bbox 985 2533 1019 2602; x_wconf 79' lang='grc' dir='ltr'><strong>ἡ</strong></span> <span class='ocrx_word' id='word_1_304' title='bbox 1057 2531 1360 2584; x_wconf 80' lang='grc' dir='ltr'>ἀποστασία</span> <span class='ocrx_word' id='word_1_305' title='bbox 1389 2531 1622 2601; x_wconf 83' lang='grc' dir='ltr'>πρῶτον,</span> <span class='ocrx_word' id='word_1_306' title='bbox 1653 2533 1748 2586; x_wconf 79' lang='grc' dir='ltr'>καὶ</span> <span class='ocrx_word' id='word_1_307' title='bbox 1792 2609 1796 2615; x_wconf 64' lang='lat'><em>_</em></span> 
     </span>
    </p>
   </div>
   <div class='ocr_carea' id='block_1_41' title="bbox 175 2615 1749 2690">
    <p class='ocr_par' dir='ltr' id='par_1_41' title="bbox 175 2615 1749 2690">
     <span class='ocr_line' id='line_1_41' title="bbox 175 2615 1749 2690; baseline 0.002 -21"><span class='ocrx_word' id='word_1_308' title='bbox 175 2615 540 2688; x_wconf 77' lang='grc' dir='ltr'>ἀποκαλυφθῇ</span> <span class='ocrx_word' id='word_1_309' title='bbox 576 2619 605 2670; x_wconf 88' lang='lat'><strong>6</strong></span> <span class='ocrx_word' id='word_1_310' title='bbox 635 2619 915 2690; x_wconf 82' lang='grc' dir='ltr'>ἄνθρωπος</span> <span class='ocrx_word' id='word_1_311' title='bbox 943 2620 1044 2690; x_wconf 78' lang='grc' dir='ltr'><strong>τῆς</strong></span> <span class='ocrx_word' id='word_1_312' title='bbox 1094 2620 1394 2690; x_wconf 83' lang='grc' dir='ltr'>ἁμαρτίας,</span> <span class='ocrx_word' id='word_1_313' title='bbox 1432 2623 1461 2672; x_wconf 88' lang='grc' dir='ltr'>ό</span> <span class='ocrx_word' id='word_1_314' title='bbox 1500 2621 1613 2684; x_wconf 67' lang='grc' dir='ltr'>υἱός</span> <span class='ocrx_word' id='word_1_315' title='bbox 1648 2620 1749 2689; x_wconf 80' lang='grc' dir='ltr'><strong>τῆς</strong></span> 
     </span>
    </p>
   </div>
   <div class='ocr_carea' id='block_1_42' title="bbox 175 2707 1746 2782">
    <p class='ocr_par' dir='ltr' id='par_1_42' title="bbox 175 2707 1746 2782">
     <span class='ocr_line' id='line_1_42' title="bbox 175 2707 1746 2782; baseline 0.002 -20"><span class='ocrx_word' id='word_1_316' title='bbox 175 2707 494 2773; x_wconf 81' lang='grc' dir='ltr'>ἀπωλείας,</span> <span class='ocrx_word' id='word_1_317' title='bbox 533 2710 562 2762; x_wconf 89' lang='lat'><strong>6</strong></span> <span class='ocrx_word' id='word_1_318' title='bbox 596 2710 966 2780; x_wconf 78' lang='grc' dir='ltr'>ἀντικείμενος</span> <span class='ocrx_word' id='word_1_319' title='bbox 990 2750 1004 2775; x_wconf 90' lang='grc'><strong>,</strong></span> <span class='ocrx_word' id='word_1_320' title='bbox 1053 2713 1145 2764; x_wconf 62' lang='grc' dir='ltr'><strong>καὶ⁸</strong></span> <span class='ocrx_word' id='word_1_321' title='bbox 1189 2713 1611 2782; x_wconf 83' lang='grc' dir='ltr'>ὑπεραιρόμενος</span> <span class='ocrx_word' id='word_1_322' title='bbox 1655 2715 1746 2766; x_wconf 78' lang='grc' dir='ltr'><strong>ἐπὶ</strong></span> 
     </span>
    </p>
   </div>
   <div class='ocr_carea' id='block_1_43' title="bbox 176 2799 1746 2874">
    <p class='ocr_par' dir='ltr' id='par_1_43' title="bbox 176 2799 1746 2874">
     <span class='ocr_line' id='line_1_43' title="bbox 176 2799 1746 2874; baseline 0.002 -22"><span class='ocrx_word' id='word_1_323' title='bbox 176 2799 366 2854; x_wconf 79' lang='grc' dir='ltr'>πάντα</span> <span class='ocrx_word' id='word_1_324' title='bbox 402 2800 691 2871; x_wconf 83' lang='grc' dir='ltr'>λεγόμενον</span> <span class='ocrx_word' id='word_1_325' title='bbox 727 2802 858 2856; x_wconf 84' lang='grc' dir='ltr'>Θεὸν</span> <span class='ocrx_word' id='word_1_326' title='bbox 892 2803 926 2873; x_wconf 85' lang='grc' dir='ltr'>ἢ</span> <span class='ocrx_word' id='word_1_327' title='bbox 968 2802 1215 2874; x_wconf 80' lang='grc' dir='ltr'>σέϐασμα</span> <span class='ocrx_word' id='word_1_328' title='bbox 1240 2819 1254 2834; x_wconf 85' lang='grc'><strong>·</strong></span> <span class='ocrx_word' id='word_1_329' title='bbox 1293 2802 1433 2857; x_wconf 85' lang='grc' dir='ltr'>ὥστε</span> <span class='ocrx_word' id='word_1_330' title='bbox 1471 2804 1631 2856; x_wconf 81' lang='grc' dir='ltr'>αὑτὸν</span> <span class='ocrx_word' id='word_1_331' title='bbox 1667 2805 1746 2868; x_wconf 75' lang='grc' dir='ltr'><strong>εἰς</strong></span> 
     </span>
    </p>
   </div>
   <div class='ocr_carea' id='block_1_44' title="bbox 174 2887 1745 2957">
    <p class='ocr_par' dir='ltr' id='par_1_44' title="bbox 174 2887 1745 2957">
     <span class='ocr_line' id='line_1_44' title="bbox 174 2887 1745 2957; baseline 0.003 -17"><span class='ocrx_word' id='word_1_332' title='bbox 174 2887 275 2941; x_wconf 76' lang='grc' dir='ltr'><strong>τὸν</strong></span> <span class='ocrx_word' id='word_1_333' title='bbox 298 2888 423 2940; x_wconf 75' lang='grc' dir='ltr'>ναὸν</span> <span class='ocrx_word' id='word_1_334' title='bbox 453 2889 671 2955; x_wconf 69' lang='grc' dir='ltr'>καθίσαι</span> <span class='ocrx_word' id='word_1_335' title='bbox 694 2890 788 2944; x_wconf 77' lang='grc' dir='ltr'><strong>τοῦ</strong></span> <span class='ocrx_word' id='word_1_336' title='bbox 819 2889 952 2944; x_wconf 78' lang='grc' dir='ltr'>Θεοῦ</span> <span class='ocrx_word' id='word_1_337' title='bbox 976 2932 991 2956; x_wconf 94' lang='grc'><strong>,</strong></span> <span class='ocrx_word' id='word_1_338' title='bbox 1020 2892 1406 2946; x_wconf 79' lang='grc' dir='ltr'>ἀποδεικνύντα</span> <span class='ocrx_word' id='word_1_339' title='bbox 1433 2893 1640 2957; x_wconf 78' lang='grc' dir='ltr'>ἐαυτὸν,</span> <span class='ocrx_word' id='word_1_340' title='bbox 1664 2895 1745 2946; x_wconf 83' lang='grc' dir='ltr'><strong>ὅτι</strong></span> 
     </span>
    </p>
   </div>
   <div class='ocr_carea' id='block_1_45' title="bbox 173 2979 1746 3055">
    <p class='ocr_par' dir='ltr' id='par_1_45' title="bbox 173 2979 1746 3055">
     <span class='ocr_line' id='line_1_45' title="bbox 173 2979 1746 3055; baseline 0.002 -22"><span class='ocrx_word' id='word_1_341' title='bbox 173 2979 302 3033; x_wconf 72' lang='grc' dir='ltr'>ἐστὶ</span> <span class='ocrx_word' id='word_1_342' title='bbox 349 2979 498 3043; x_wconf 86' lang='grc' dir='ltr'>Θεός.</span> <span class='ocrx_word' id='word_1_343' title='bbox 544 2981 616 3033; x_wconf 84' lang='grc' dir='ltr'><strong>Οὐ</strong></span> <span class='ocrx_word' id='word_1_344' title='bbox 668 2982 1030 3052; x_wconf 87' lang='grc' dir='ltr'>μνημονεύετε</span> <span class='ocrx_word' id='word_1_345' title='bbox 1066 2985 1183 3053; x_wconf 86' lang='lat'><strong>(9),</strong></span> <span class='ocrx_word' id='word_1_346' title='bbox 1224 2985 1338 3047; x_wconf 82' lang='grc' dir='ltr'>ὅτι,</span> <span class='ocrx_word' id='word_1_347' title='bbox 1382 2984 1461 3036; x_wconf 81' lang='grc' dir='ltr'><strong>ἔτι</strong></span> <span class='ocrx_word' id='word_1_348' title='bbox 1507 2983 1581 3037; x_wconf 82' lang='grc' dir='ltr'>ὢν</span> <span class='ocrx_word' id='word_1_349' title='bbox 1610 2984 1746 3055; x_wconf 77' lang='grc' dir='ltr'>πρὸς</span> 
     </span>
    </p>
   </div>
   <div class='ocr_carea' id='block_1_46' title="bbox 175 3071 1742 3144">
    <p class='ocr_par' dir='ltr' id='par_1_46' title="bbox 175 3071 1742 3144">
     <span class='ocr_line' id='line_1_46' title="bbox 175 3071 1742 3144; baseline 0.001 -20"><span class='ocrx_word' id='word_1_350' title='bbox 175 3071 348 3141; x_wconf 75' lang='grc' dir='ltr'>ὑμᾶς,</span> <span class='ocrx_word' id='word_1_351' title='bbox 378 3071 528 3124; x_wconf 85' lang='grc' dir='ltr'>ταῦτ’</span> <span class='ocrx_word' id='word_1_352' title='bbox 561 3071 744 3140; x_wconf 79' lang='grc' dir='ltr'>ἔλεγον</span> <span class='ocrx_word' id='word_1_353' title='bbox 773 3074 900 3143; x_wconf 83' lang='grc' dir='ltr'>ὑμῖν</span> <span class='ocrx_word' id='word_1_354' title='bbox 926 3090 940 3138; x_wconf 92' lang='grc'><strong>;</strong></span> <span class='ocrx_word' id='word_1_355' title='bbox 966 3075 1057 3126; x_wconf 76' lang='grc' dir='ltr'>καὶ</span> <span class='ocrx_word' id='word_1_356' title='bbox 1084 3072 1180 3126; x_wconf 82' lang='grc' dir='ltr'>νῦν</span> <span class='ocrx_word' id='word_1_357' title='bbox 1212 3074 1272 3126; x_wconf 86' lang='grc' dir='ltr'><strong>τὸ</strong></span> <span class='ocrx_word' id='word_1_358' title='bbox 1297 3075 1520 3144; x_wconf 86' lang='grc' dir='ltr'>κατέχον</span> <span class='ocrx_word' id='word_1_359' title='bbox 1547 3075 1742 3140; x_wconf 81' lang='grc' dir='ltr'>οἴδατε,</span> 
     </span>
    </p>
   </div>
   <div class='ocr_carea' id='block_1_47' title="bbox 173 3162 1747 3244">
    <p class='ocr_par' dir='ltr' id='par_1_47' title="bbox 173 3162 1744 3236">
     <span class='ocr_line' id='line_1_47' title="bbox 173 3162 1744 3236; baseline 0.002 -21"><span class='ocrx_word' id='word_1_360' title='bbox 173 3163 263 3224; x_wconf 84' lang='grc' dir='ltr'><strong>είς</strong></span> <span class='ocrx_word' id='word_1_361' title='bbox 297 3162 360 3214; x_wconf 75' lang='grc' dir='ltr'>τὸ</span> <span class='ocrx_word' id='word_1_362' title='bbox 384 3162 821 3234; x_wconf 75' lang='grc' dir='ltr'>ἀποκαλυφθῆναι</span> <span class='ocrx_word' id='word_1_363' title='bbox 851 3162 1016 3217; x_wconf 78' lang='grc' dir='ltr'>αὑτὸν</span> <span class='ocrx_word' id='word_1_364' title='bbox 1046 3164 1102 3216; x_wconf 83' lang='grc' dir='ltr'><strong>ἐν</strong></span> <span class='ocrx_word' id='word_1_365' title='bbox 1129 3163 1207 3234; x_wconf 82' lang='grc' dir='ltr'>τῷ</span> <span class='ocrx_word' id='word_1_366' title='bbox 1241 3164 1403 3218; x_wconf 76' lang='grc' dir='ltr'>αὑτοῦ</span> <span class='ocrx_word' id='word_1_367' title='bbox 1445 3164 1638 3236; x_wconf 81' lang='grc' dir='ltr'>καιρῷ.</span> <span class='ocrx_word' id='word_1_368' title='bbox 1671 3166 1744 3218; x_wconf 78' lang='grc' dir='ltr'><strong>Τὸ</strong></span> 
     </span>
    </p>
   </div>
   <div class='ocr_carea' id='block_1_48' title="bbox 1847 3162 3564 3244">
    <p class='ocr_par' dir='ltr' id='par_1_48' title="bbox 1847 3165 3564 3244">
     <span class='ocr_line' id='line_1_48' title="bbox 1847 3165 3564 3244; baseline 0.006 -31"><span class='ocrx_word' id='word_1_369' title='bbox 1847 3165 1948 3233; x_wconf 73' lang='grc' dir='ltr'>Ῑςιιιι</span> <span class='ocrx_word' id='word_1_370' title='bbox 1975 3167 2560 3236; x_wconf 89' lang='lat' dir='ltr'><strong>operaturiuiquitatis.</strong></span> <span class='ocrx_word' id='word_1_371' title='bbox 2588 3175 2799 3222; x_wconf 87' lang='lat' dir='ltr'><strong>tantum</strong></span> <span class='ocrx_word' id='word_1_372' title='bbox 2837 3175 2894 3222; x_wconf 89' lang='lat' dir='ltr'><strong>ut</strong></span> <span class='ocrx_word' id='word_1_373' title='bbox 2924 3168 3017 3238; x_wconf 86' lang='lat' dir='ltr'><strong>qui</strong></span> <span class='ocrx_word' id='word_1_374' title='bbox 3053 3178 3199 3224; x_wconf 87' lang='lat' dir='ltr'><strong>tenet</strong></span> <span class='ocrx_word' id='word_1_375' title='bbox 3236 3186 3401 3238; x_wconf 87' lang='lat' dir='ltr'><strong>nunc,</strong></span> <span class='ocrx_word' id='word_1_376' title='bbox 3455 3231 3457 3235; x_wconf 25' lang='grc' dir='ltr'><strong><em>ι</em></strong></span> <span class='ocrx_word' id='word_1_377' title='bbox 3561 3241 3564 3244; x_wconf 7' lang='grc' dir='ltr'><strong><em>ἢ</em></strong></span> 
     </span>
    </p>
   </div>
   <div class='ocr_carea' id='block_1_49' title="bbox 1859 1991 3414 2073">
    <p class='ocr_par' dir='ltr' id='par_1_49' title="bbox 1859 1991 3414 2073">
     <span class='ocr_line' id='line_1_49' title="bbox 1859 1991 3414 2073; baseline 0.005 -30"><span class='ocrx_word' id='word_1_378' title='bbox 1859 1998 1986 2054; x_wconf 88' lang='lat' dir='ltr'><strong>tres,</strong></span> <span class='ocrx_word' id='word_1_379' title='bbox 2024 2006 2120 2060; x_wconf 87' lang='lat' dir='ltr'><strong>per</strong></span> <span class='ocrx_word' id='word_1_380' title='bbox 2147 1991 2434 2046; x_wconf 82' lang='lat' dir='ltr'><strong>adventum</strong></span> <span class='ocrx_word' id='word_1_381' title='bbox 2487 1993 2701 2049; x_wconf 89' lang='lat' dir='ltr'><strong>Domini</strong></span> <span class='ocrx_word' id='word_1_382' title='bbox 2745 1997 2917 2050; x_wconf 80' lang='lat' dir='ltr'><strong>nostri</strong></span> <span class='ocrx_word' id='word_1_383' title='bbox 2956 1994 3083 2052; x_wconf 84' lang='lat' dir='ltr'><strong>Jesu</strong></span> <span class='ocrx_word' id='word_1_384' title='bbox 3132 1996 3330 2052; x_wconf 87' lang='lat' dir='ltr'><strong>Christi</strong></span> <span class='ocrx_word' id='word_1_385' title='bbox 3358 2009 3414 2073; x_wconf 80' lang='lat' dir='ltr'><strong>et</strong></span> 
     </span>
    </p>
   </div>
   <div class='ocr_carea' id='block_1_50' title="bbox 1856 2083 3495 2166">
    <p class='ocr_par' dir='ltr' id='par_1_50' title="bbox 1856 2083 3495 2166">
     <span class='ocr_line' id='line_1_50' title="bbox 1856 2083 3495 2166; baseline 0.004 -31"><span class='ocrx_word' id='word_1_386' title='bbox 1856 2092 2050 2136; x_wconf 65' lang='lat' dir='ltr'><strong>nostra:</strong></span> <span class='ocrx_word' id='word_1_387' title='bbox 2079 2083 2508 2152; x_wconf 75' lang='lat' dir='ltr'><strong>congregationis</strong></span> <span class='ocrx_word' id='word_1_388' title='bbox 2538 2085 2589 2138; x_wconf 92' lang='lat' dir='ltr'><strong>iu</strong></span> <span class='ocrx_word' id='word_1_389' title='bbox 2624 2083 2824 2154; x_wconf 90' lang='lat' dir='ltr'><strong>ipsum,</strong></span> <span class='ocrx_word' id='word_1_390' title='bbox 2866 2101 2937 2142; x_wconf 84' lang='lat' dir='ltr'><strong>ne</strong></span> <span class='ocrx_word' id='word_1_391' title='bbox 2977 2090 3088 2143; x_wconf 92' lang='lat' dir='ltr'><strong>cito</strong></span> <span class='ocrx_word' id='word_1_392' title='bbox 3130 2089 3410 2145; x_wconf 60' lang='lat' dir='ltr'><strong>dimoveao</strong></span> <span class='ocrx_word' id='word_1_393' title='bbox 3492 2161 3495 2166; x_wconf 83' lang='lat'><strong><em>_</em></strong></span> 
     </span>
    </p>
   </div>
   <div class='ocr_carea' id='block_1_51' title="bbox 1854 2173 3404 2247">
    <p class='ocr_par' dir='ltr' id='par_1_51' title="bbox 1854 2173 3404 2247">
     <span class='ocr_line' id='line_1_51' title="bbox 1854 2173 3404 2247; baseline 0.006 -22"><span class='ocrx_word' id='word_1_394' title='bbox 1854 2173 1982 2227; x_wconf 86' lang='lat' dir='ltr'><strong>iniui</strong></span> <span class='ocrx_word' id='word_1_395' title='bbox 2008 2187 2035 2225; x_wconf 92' lang='lat' dir='ltr'><strong>a</strong></span> <span class='ocrx_word' id='word_1_396' title='bbox 2067 2182 2261 2238; x_wconf 86' lang='lat' dir='ltr'><strong>mente,</strong></span> <span class='ocrx_word' id='word_1_397' title='bbox 2294 2186 2470 2242; x_wconf 91' lang='lat' dir='ltr'><strong>neque</strong></span> <span class='ocrx_word' id='word_1_398' title='bbox 2506 2173 2818 2239; x_wconf 84' lang='lat' dir='ltr'><strong>turbemini,</strong></span> <span class='ocrx_word' id='word_1_399' title='bbox 2851 2190 3034 2246; x_wconf 88' lang='lat' dir='ltr'><strong>neque</strong></span> <span class='ocrx_word' id='word_1_400' title='bbox 3072 2193 3168 2247; x_wconf 89' lang='lat' dir='ltr'><strong>per</strong></span> <span class='ocrx_word' id='word_1_401' title='bbox 3192 2193 3404 2235; x_wconf 57' lang='lat' dir='ltr'><strong>sermo-</strong></span> 
     </span>
    </p>
   </div>
   <div class='ocr_carea' id='block_1_52' title="bbox 1853 2263 3412 2335">
    <p class='ocr_par' dir='ltr' id='par_1_52' title="bbox 1853 2263 3412 2335">
     <span class='ocr_line' id='line_1_52' title="bbox 1853 2263 3412 2335; baseline 0.004 -19"><span class='ocrx_word' id='word_1_402' title='bbox 1853 2279 1995 2328; x_wconf 88' lang='lat' dir='ltr'><strong>nem,</strong></span> <span class='ocrx_word' id='word_1_403' title='bbox 2016 2277 2189 2332; x_wconf 88' lang='lat' dir='ltr'><strong>neque</strong></span> <span class='ocrx_word' id='word_1_404' title='bbox 2220 2277 2316 2332; x_wconf 88' lang='lat' dir='ltr'><strong>per</strong></span> <span class='ocrx_word' id='word_1_405' title='bbox 2344 2263 2618 2332; x_wconf 85' lang='lat' dir='ltr'><strong>spiritum,</strong></span> <span class='ocrx_word' id='word_1_406' title='bbox 2647 2277 2822 2332; x_wconf 90' lang='lat' dir='ltr'><strong>neque</strong></span> <span class='ocrx_word' id='word_1_407' title='bbox 2860 2280 2956 2335; x_wconf 89' lang='lat' dir='ltr'><strong>per</strong></span> <span class='ocrx_word' id='word_1_408' title='bbox 2981 2267 3266 2335; x_wconf 82' lang='lat' dir='ltr'><strong>epistolam</strong></span> <span class='ocrx_word' id='word_1_409' title='bbox 3297 2278 3412 2322; x_wconf 88' lang='lat' dir='ltr'><strong>tan-</strong></span> 
     </span>
    </p>
   </div>
   <div class='ocr_carea' id='block_1_53' title="bbox 1851 2353 3406 2424">
    <p class='ocr_par' dir='ltr' id='par_1_53' title="bbox 1851 2353 3406 2424">
     <span class='ocr_line' id='line_1_53' title="bbox 1851 2353 3406 2424; baseline 0.007 -21"><span class='ocrx_word' id='word_1_410' title='bbox 1851 2368 2010 2421; x_wconf 81' lang='lat' dir='ltr'><strong>quam</strong></span> <span class='ocrx_word' id='word_1_411' title='bbox 2042 2369 2140 2421; x_wconf 90' lang='lat' dir='ltr'><strong>per</strong></span> <span class='ocrx_word' id='word_1_412' title='bbox 2166 2368 2263 2408; x_wconf 92' lang='lat' dir='ltr'><strong>nos</strong></span> <span class='ocrx_word' id='word_1_413' title='bbox 2309 2353 2546 2418; x_wconf 86' lang='lat' dir='ltr'><strong>missam,</strong></span> <span class='ocrx_word' id='word_1_414' title='bbox 2595 2357 2751 2424; x_wconf 88' lang='lat' dir='ltr'><strong>quasi</strong></span> <span class='ocrx_word' id='word_1_415' title='bbox 2797 2357 2962 2411; x_wconf 82' lang='lat' dir='ltr'><strong>instet</strong></span> <span class='ocrx_word' id='word_1_416' title='bbox 3004 2358 3119 2413; x_wconf 90' lang='lat' dir='ltr'><strong>dies</strong></span> <span class='ocrx_word' id='word_1_417' title='bbox 3175 2359 3406 2414; x_wconf 89' lang='lat' dir='ltr'><strong>Domini.</strong></span> 
     </span>
    </p>
   </div>
   <div class='ocr_carea' id='block_1_54' title="bbox 1851 2442 3405 2512">
    <p class='ocr_par' dir='ltr' id='par_1_54' title="bbox 1851 2442 3405 2512">
     <span class='ocr_line' id='line_1_54' title="bbox 1851 2442 3405 2512; baseline 0.005 -17"><span class='ocrx_word' id='word_1_418' title='bbox 1851 2442 1928 2497; x_wconf 72' lang='lat' dir='ltr'><strong>Ne</strong></span> <span class='ocrx_word' id='word_1_419' title='bbox 1950 2443 2069 2512; x_wconf 86' lang='lat' dir='ltr'><strong>quis</strong></span> <span class='ocrx_word' id='word_1_420' title='bbox 2117 2457 2212 2497; x_wconf 88' lang='lat' dir='ltr'><strong>vos</strong></span> <span class='ocrx_word' id='word_1_421' title='bbox 2246 2443 2471 2498; x_wconf 86' lang='lat' dir='ltr'><strong>seducat</strong></span> <span class='ocrx_word' id='word_1_422' title='bbox 2494 2443 2601 2498; x_wconf 91' lang='lat' dir='ltr'><strong>ullo</strong></span> <span class='ocrx_word' id='word_1_423' title='bbox 2632 2444 2812 2511; x_wconf 88' lang='lat' dir='ltr'><strong>modo.</strong></span> <span class='ocrx_word' id='word_1_424' title='bbox 2855 2443 3129 2510; x_wconf 87' lang='lat' dir='ltr'><strong>Quoniam</strong></span> <span class='ocrx_word' id='word_1_425' title='bbox 3177 2445 3278 2502; x_wconf 90' lang='lat' dir='ltr'><strong>nisi</strong></span> <span class='ocrx_word' id='word_1_426' title='bbox 3311 2462 3405 2502; x_wconf 88' lang='lat' dir='ltr'><strong>ve-</strong></span> 
     </span>
    </p>
   </div>
   <div class='ocr_carea' id='block_1_55' title="bbox 1852 2533 3410 2603">
    <p class='ocr_par' dir='ltr' id='par_1_55' title="bbox 1852 2533 3410 2603">
     <span class='ocr_line' id='line_1_55' title="bbox 1852 2533 3410 2603; baseline 0.006 -19"><span class='ocrx_word' id='word_1_427' title='bbox 1852 2534 1991 2587; x_wconf 76' lang='lat' dir='ltr'><strong>nerit</strong></span> <span class='ocrx_word' id='word_1_428' title='bbox 2039 2533 2306 2602; x_wconf 89' lang='lat' dir='ltr'><strong>apostasia</strong></span> <span class='ocrx_word' id='word_1_429' title='bbox 2353 2534 2612 2603; x_wconf 83' lang='lat' dir='ltr'><strong>primunt,</strong></span> <span class='ocrx_word' id='word_1_430' title='bbox 2650 2541 2708 2586; x_wconf 90' lang='lat' dir='ltr'><strong>et</strong></span> <span class='ocrx_word' id='word_1_431' title='bbox 2754 2535 3024 2590; x_wconf 78' lang='lat' dir='ltr'><strong>revelatus</strong></span> <span class='ocrx_word' id='word_1_432' title='bbox 3057 2535 3218 2592; x_wconf 79' lang='lat' dir='ltr'><strong>fuerit</strong></span> <span class='ocrx_word' id='word_1_433' title='bbox 3247 2538 3410 2594; x_wconf 87' lang='lat' dir='ltr'><strong>homo</strong></span> 
     </span>
    </p>
   </div>
   <div class='ocr_carea' id='block_1_56' title="bbox 1850 2617 3408 2694">
    <p class='ocr_par' dir='ltr' id='par_1_56' title="bbox 1850 2617 3408 2694">
     <span class='ocr_line' id='line_1_56' title="bbox 1850 2617 3408 2694; baseline 0.003 -15"><span class='ocrx_word' id='word_1_434' title='bbox 1850 2617 2077 2692; x_wconf 84' lang='lat' dir='ltr'><strong>peccati,</strong></span> <span class='ocrx_word' id='word_1_435' title='bbox 2106 2625 2245 2678; x_wconf 85' lang='lat' dir='ltr'><strong>ﬁlius</strong></span> <span class='ocrx_word' id='word_1_436' title='bbox 2265 2626 2610 2692; x_wconf 85' lang='lat' dir='ltr'><strong>perditionis,</strong></span> <span class='ocrx_word' id='word_1_437' title='bbox 2642 2624 2734 2694; x_wconf 89' lang='lat' dir='ltr'><strong>qui</strong></span> <span class='ocrx_word' id='word_1_438' title='bbox 2759 2625 3087 2682; x_wconf 82' lang='lat' dir='ltr'><strong>adversatur</strong></span> <span class='ocrx_word' id='word_1_439' title='bbox 3105 2636 3160 2682; x_wconf 91' lang='lat' dir='ltr'><strong>et</strong></span> <span class='ocrx_word' id='word_1_440' title='bbox 3193 2629 3408 2684; x_wconf 80' lang='lat' dir='ltr'><strong>extolli-</strong></span> 
     </span>
    </p>
   </div>
   <div class='ocr_carea' id='block_1_57' title="bbox 1849 2712 3404 2788">
    <p class='ocr_par' dir='ltr' id='par_1_57' title="bbox 1849 2712 3404 2788">
     <span class='ocr_line' id='line_1_57' title="bbox 1849 2712 3404 2788; baseline 0.005 -21"><span class='ocrx_word' id='word_1_441' title='bbox 1849 2725 1935 2767; x_wconf 86' lang='lat' dir='ltr'><strong>tur</strong></span> <span class='ocrx_word' id='word_1_442' title='bbox 1956 2729 2116 2782; x_wconf 82' lang='lat' dir='ltr'><strong>supra</strong></span> <span class='ocrx_word' id='word_1_443' title='bbox 2148 2731 2309 2770; x_wconf 88' lang='lat' dir='ltr'><strong>oinuc</strong></span> <span class='ocrx_word' id='word_1_444' title='bbox 2335 2716 2478 2784; x_wconf 90' lang='lat' dir='ltr'><strong>quod</strong></span> <span class='ocrx_word' id='word_1_445' title='bbox 2517 2716 2714 2770; x_wconf 90' lang='lat' dir='ltr'><strong>dicitur</strong></span> <span class='ocrx_word' id='word_1_446' title='bbox 2739 2716 2878 2772; x_wconf 84' lang='lat' dir='ltr'><strong>Deus</strong></span> <span class='ocrx_word' id='word_1_447' title='bbox 2898 2712 2991 2772; x_wconf 90' lang='lat' dir='ltr'><strong>aut</strong></span> <span class='ocrx_word' id='word_1_448' title='bbox 3017 2719 3161 2788; x_wconf 90' lang='lat' dir='ltr'><strong>quod</strong></span> <span class='ocrx_word' id='word_1_449' title='bbox 3184 2719 3404 2784; x_wconf 90' lang='lat' dir='ltr'><strong>colitur,</strong></span> 
     </span>
    </p>
   </div>
   <div class='ocr_carea' id='block_1_58' title="bbox 1848 2804 3409 2880">
    <p class='ocr_par' dir='ltr' id='par_1_58' title="bbox 1848 2804 3409 2880">
     <span class='ocr_line' id='line_1_58' title="bbox 1848 2804 3409 2880; baseline 0.007 -24"><span class='ocrx_word' id='word_1_450' title='bbox 1848 2804 1918 2857; x_wconf 83' lang='lat' dir='ltr'><strong>ita</strong></span> <span class='ocrx_word' id='word_1_451' title='bbox 1951 2815 2006 2858; x_wconf 91' lang='lat' dir='ltr'><strong>ut</strong></span> <span class='ocrx_word' id='word_1_452' title='bbox 2036 2808 2086 2859; x_wconf 91' lang='lat' dir='ltr'><strong>in</strong></span> <span class='ocrx_word' id='word_1_453' title='bbox 2123 2806 2318 2873; x_wconf 87' lang='lat' dir='ltr'><strong>templo</strong></span> <span class='ocrx_word' id='word_1_454' title='bbox 2347 2805 2438 2859; x_wconf 89' lang='lat' dir='ltr'><strong>Dei</strong></span> <span class='ocrx_word' id='word_1_455' title='bbox 2461 2806 2664 2872; x_wconf 84' lang='lat' dir='ltr'><strong>sedeat,</strong></span> <span class='ocrx_word' id='word_1_456' title='bbox 2699 2807 2994 2864; x_wconf 85' lang='lat' dir='ltr'><strong>ostendens</strong></span> <span class='ocrx_word' id='word_1_457' title='bbox 3037 2822 3096 2864; x_wconf 87' lang='lat' dir='ltr'><strong>se</strong></span> <span class='ocrx_word' id='word_1_458' title='bbox 3141 2811 3295 2880; x_wconf 89' lang='lat' dir='ltr'><strong>quasi</strong></span> <span class='ocrx_word' id='word_1_459' title='bbox 3337 2814 3409 2867; x_wconf 76' lang='lat' dir='ltr'><strong>sit</strong></span> 
     </span>
    </p>
   </div>
   <div class='ocr_carea' id='block_1_59' title="bbox 1850 2895 3403 2971">
    <p class='ocr_par' dir='ltr' id='par_1_59' title="bbox 1850 2895 3403 2971">
     <span class='ocr_line' id='line_1_59' title="bbox 1850 2895 3403 2971; baseline 0.006 -24"><span class='ocrx_word' id='word_1_460' title='bbox 1850 2895 2006 2950; x_wconf 87' lang='lat' dir='ltr'><strong>Deus.</strong></span> <span class='ocrx_word' id='word_1_461' title='bbox 2029 2895 2142 2949; x_wconf 86' lang='lat' dir='ltr'><strong>Non</strong></span> <span class='ocrx_word' id='word_1_462' title='bbox 2169 2895 2415 2951; x_wconf 89' lang='lat' dir='ltr'><strong>retinetis</strong></span> <span class='ocrx_word' id='word_1_463' title='bbox 2463 2897 2607 2966; x_wconf 88' lang='lat' dir='ltr'><strong>quod</strong></span> <span class='ocrx_word' id='word_1_464' title='bbox 2660 2913 2788 2951; x_wconf 89' lang='lat' dir='ltr'><strong>cum</strong></span> <span class='ocrx_word' id='word_1_465' title='bbox 2823 2897 3000 2954; x_wconf 83' lang='lat' dir='ltr'><strong>adhuc</strong></span> <span class='ocrx_word' id='word_1_466' title='bbox 3037 2912 3212 2954; x_wconf 88' lang='lat' dir='ltr'><strong>essem</strong></span> <span class='ocrx_word' id='word_1_467' title='bbox 3261 2903 3403 2971; x_wconf 88' lang='lat' dir='ltr'><strong>apml</strong></span> 
     </span>
    </p>
   </div>
   <div class='ocr_carea' id='block_1_60' title="bbox 1847 2984 3406 3058">
    <p class='ocr_par' dir='ltr' id='par_1_60' title="bbox 1847 2984 3406 3058">
     <span class='ocr_line' id='line_1_60' title="bbox 1847 2984 3406 3058; baseline 0.006 -23"><span class='ocrx_word' id='word_1_468' title='bbox 1847 2999 1959 3047; x_wconf 77' lang='lat' dir='ltr'><strong>vos,</strong></span> <span class='ocrx_word' id='word_1_469' title='bbox 1992 2984 2104 3039; x_wconf 74' lang='lat' dir='ltr'><strong>lucc</strong></span> <span class='ocrx_word' id='word_1_470' title='bbox 2149 2985 2388 3039; x_wconf 87' lang='lat' dir='ltr'><strong>dicebam</strong></span> <span class='ocrx_word' id='word_1_471' title='bbox 2442 2987 2633 3042; x_wconf 83' lang='lat' dir='ltr'><strong>vobis?</strong></span> <span class='ocrx_word' id='word_1_472' title='bbox 2688 2987 2754 3042; x_wconf 84' lang='lat' dir='ltr'><strong>Et</strong></span> <span class='ocrx_word' id='word_1_473' title='bbox 2791 3004 2934 3044; x_wconf 88' lang='lat' dir='ltr'><strong>nunc</strong></span> <span class='ocrx_word' id='word_1_474' title='bbox 2981 2989 3114 3058; x_wconf 88' lang='lat' dir='ltr'><strong>quid</strong></span> <span class='ocrx_word' id='word_1_475' title='bbox 3166 2990 3406 3046; x_wconf 80' lang='lat' dir='ltr'><strong>detineat</strong></span> 
     </span>
    </p>
   </div>
   <div class='ocr_carea' id='block_1_61' title="bbox 1845 3076 3404 3150">
    <p class='ocr_par' dir='ltr' id='par_1_61' title="bbox 1845 3076 3404 3150">
     <span class='ocr_line' id='line_1_61' title="bbox 1845 3076 3404 3150; baseline 0.005 -22"><span class='ocrx_word' id='word_1_476' title='bbox 1845 3076 2014 3140; x_wconf 83' lang='lat' dir='ltr'><strong>scitis,</strong></span> <span class='ocrx_word' id='word_1_477' title='bbox 2045 3086 2098 3128; x_wconf 89' lang='lat' dir='ltr'><strong>ut</strong></span> <span class='ocrx_word' id='word_1_478' title='bbox 2127 3077 2392 3130; x_wconf 77' lang='lat' dir='ltr'><strong>reveletur</strong></span> <span class='ocrx_word' id='word_1_479' title='bbox 2418 3078 2470 3130; x_wconf 91' lang='lat' dir='ltr'><strong>in</strong></span> <span class='ocrx_word' id='word_1_480' title='bbox 2505 3092 2602 3131; x_wconf 90' lang='lat' dir='ltr'><strong>suo</strong></span> <span class='ocrx_word' id='word_1_481' title='bbox 2635 3087 2894 3145; x_wconf 82' lang='lat' dir='ltr'><strong>tempore.</strong></span> <span class='ocrx_word' id='word_1_482' title='bbox 2914 3077 3050 3133; x_wconf 83' lang='lat' dir='ltr'><strong>Nam</strong></span> <span class='ocrx_word' id='word_1_483' title='bbox 3089 3082 3404 3150; x_wconf 82' lang='lat' dir='ltr'><strong>mysterium</strong></span> 
     </span>
    </p>
   </div>
   <div class='ocr_carea' id='block_1_62' title="bbox 173 3229 1747 3324">
    <p class='ocr_par' dir='ltr' id='par_1_62' title="bbox 173 3229 1743 3324">
     <span class='ocr_line' id='line_1_62' title="bbox 173 3229 1743 3324; baseline 0.001 -20"><span class='ocrx_word' id='word_1_484' title='bbox 173 3251 290 3323; x_wconf 73' lang='grc' dir='ltr'>γὰρ</span> <span class='ocrx_word' id='word_1_485' title='bbox 327 3254 620 3323; x_wconf 85' lang='grc' dir='ltr'>μυστήριον</span> <span class='ocrx_word' id='word_1_486' title='bbox 640 3229 752 3324; x_wconf 44' lang='lat' dir='ltr'><strong>iis};</strong></span> <span class='ocrx_word' id='word_1_487' title='bbox 779 3255 1079 3324; x_wconf 76' lang='grc' dir='ltr'>ἐνεργεῖται</span> <span class='ocrx_word' id='word_1_488' title='bbox 1242 3253 1466 3322; x_wconf 79' lang='grc' dir='ltr'>ἀνομίας</span> <span class='ocrx_word' id='word_1_489' title='bbox 1489 3271 1502 3282; x_wconf 92' lang='grc'><strong>·</strong></span> <span class='ocrx_word' id='word_1_490' title='bbox 1533 3229 1688 3323; x_wconf 82' lang='grc' dir='ltr'>μόνον</span> <span class='ocrx_word' id='word_1_491' title='bbox 1716 3257 1743 3306; x_wconf 90' lang='lat'><strong>6</strong></span> 
     </span>
    </p>
   </div>
   <div class='ocr_carea' id='block_1_63' title="bbox 1847 3229 3406 3324">
    <p class='ocr_par' dir='ltr' id='par_1_63' title="bbox 1849 3255 3406 3323">
     <span class='ocr_line' id='line_1_63' title="bbox 1849 3255 3406 3323; baseline 0.003 -13"><span class='ocrx_word' id='word_1_492' title='bbox 1849 3267 2041 3323; x_wconf 88' lang='lat' dir='ltr'><strong>teneat,</strong></span> <span class='ocrx_word' id='word_1_493' title='bbox 2079 3255 2251 3311; x_wconf 86' lang='lat' dir='ltr'><strong>donec</strong></span> <span class='ocrx_word' id='word_1_494' title='bbox 2299 3259 2364 3312; x_wconf 88' lang='lat' dir='ltr'><strong>de</strong></span> <span class='ocrx_word' id='word_1_495' title='bbox 2406 3258 2584 3313; x_wconf 85' lang='lat' dir='ltr'><strong>medio</strong></span> <span class='ocrx_word' id='word_1_496' title='bbox 2637 3258 2753 3311; x_wconf 80' lang='lat' dir='ltr'><strong>ﬁat.</strong></span> <span class='ocrx_word' id='word_1_497' title='bbox 2797 3257 2860 3312; x_wconf 84' lang='lat' dir='ltr'><strong>Et</strong></span> <span class='ocrx_word' id='word_1_498' title='bbox 2893 3266 3022 3314; x_wconf 90' lang='lat' dir='ltr'><strong>tunc</strong></span> <span class='ocrx_word' id='word_1_499' title='bbox 3075 3259 3406 3315; x_wconf 86' lang='lat' dir='ltr'><strong>revelabitur</strong></span> 
     </span>
    </p>
   </div>
   <div class='ocr_carea' id='block_1_64' title="bbox 176 3339 1743 3411">
    <p class='ocr_par' dir='ltr' id='par_1_64' title="bbox 176 3339 1743 3411">
     <span class='ocr_line' id='line_1_64' title="bbox 176 3339 1743 3411; baseline -0.001 -18"><span class='ocrx_word' id='word_1_500' title='bbox 176 3339 428 3410; x_wconf 82' lang='grc' dir='ltr'>κατέχων</span> <span class='ocrx_word' id='word_1_501' title='bbox 451 3339 573 3410; x_wconf 78' lang='grc' dir='ltr'>ἄρτι</span> <span class='ocrx_word' id='word_1_502' title='bbox 605 3341 711 3404; x_wconf 80' lang='grc' dir='ltr'>ἓως</span> <span class='ocrx_word' id='word_1_503' title='bbox 738 3343 800 3393; x_wconf 86' lang='grc' dir='ltr'><strong>ἐκ</strong></span> <span class='ocrx_word' id='word_1_504' title='bbox 840 3341 1005 3411; x_wconf 81' lang='grc' dir='ltr'>μέσου</span> <span class='ocrx_word' id='word_1_505' title='bbox 1038 3341 1259 3410; x_wconf 87' lang='grc' dir='ltr'>γένηται</span> <span class='ocrx_word' id='word_1_506' title='bbox 1285 3357 1298 3370; x_wconf 92' lang='grc'><strong>·</strong></span> <span class='ocrx_word' id='word_1_507' title='bbox 1335 3342 1428 3393; x_wconf 77' lang='grc' dir='ltr'><strong>καὶ</strong></span> <span class='ocrx_word' id='word_1_508' title='bbox 1453 3340 1570 3393; x_wconf 83' lang='grc' dir='ltr'>τότε</span> <span class='ocrx_word' id='word_1_509' title='bbox 1610 3342 1743 3393; x_wconf 79' lang='grc' dir='ltr'>ὰποο</span> 
     </span>
    </p>
   </div>
   <div class='ocr_carea' id='block_1_65' title="bbox 174 3417 1742 3502">
    <p class='ocr_par' dir='ltr' id='par_1_65' title="bbox 174 3417 1742 3502">
     <span class='ocr_line' id='line_1_65' title="bbox 174 3417 1742 3502; baseline 0.003 -20"><span class='ocrx_word' id='word_1_510' title='bbox 174 3430 584 3500; x_wconf 80' lang='grc' dir='ltr'>καλυφθήσεται</span> <span class='ocrx_word' id='word_1_511' title='bbox 621 3433 649 3484; x_wconf 92' lang='lat'><strong>6</strong></span> <span class='ocrx_word' id='word_1_512' title='bbox 682 3417 879 3502; x_wconf 85' lang='grc' dir='ltr'>ἄνομος</span> <span class='ocrx_word' id='word_1_513' title='bbox 899 3471 913 3496; x_wconf 98' lang='grc'><strong>,</strong></span> <span class='ocrx_word' id='word_1_514' title='bbox 947 3433 1006 3485; x_wconf 86' lang='grc' dir='ltr'>ὃν</span> <span class='ocrx_word' id='word_1_515' title='bbox 1049 3435 1076 3485; x_wconf 92' lang='lat'><strong>6</strong></span> <span class='ocrx_word' id='word_1_516' title='bbox 1105 3432 1306 3502; x_wconf 84' lang='grc' dir='ltr'>Κύριος</span> <span class='ocrx_word' id='word_1_517' title='bbox 1340 3431 1602 3484; x_wconf 80' lang='grc' dir='ltr'>ἀναλώσει</span> <span class='ocrx_word' id='word_1_518' title='bbox 1632 3432 1742 3499; x_wconf 82' lang='grc'><strong>(10)</strong></span> 
     </span>
    </p>
   </div>
   <div class='ocr_carea' id='block_1_66' title="bbox 170 3518 1740 3592">
    <p class='ocr_par' dir='ltr' id='par_1_66' title="bbox 170 3518 1740 3592">
     <span class='ocr_line' id='line_1_66' title="bbox 170 3518 1740 3592; baseline -0.001 -19"><span class='ocrx_word' id='word_1_519' title='bbox 170 3518 258 3589; x_wconf 78' lang='grc' dir='ltr'>τῷ</span> <span class='ocrx_word' id='word_1_520' title='bbox 286 3519 553 3589; x_wconf 88' lang='grc' dir='ltr'>πνεύματι</span> <span class='ocrx_word' id='word_1_521' title='bbox 581 3520 675 3572; x_wconf 80' lang='grc' dir='ltr'><strong>τοῦ</strong></span> <span class='ocrx_word' id='word_1_522' title='bbox 701 3523 961 3591; x_wconf 87' lang='grc' dir='ltr'>στόματος</span> <span class='ocrx_word' id='word_1_523' title='bbox 983 3521 1167 3587; x_wconf 79' lang='grc' dir='ltr'>αὐτοῦ,</span> <span class='ocrx_word' id='word_1_524' title='bbox 1197 3523 1288 3574; x_wconf 77' lang='grc' dir='ltr'>καὶ</span> <span class='ocrx_word' id='word_1_525' title='bbox 1317 3523 1648 3592; x_wconf 84' lang='grc' dir='ltr'>καταργήσει</span> <span class='ocrx_word' id='word_1_526' title='bbox 1674 3523 1740 3591; x_wconf 81' lang='grc' dir='ltr'>τῇ</span> 
     </span>
    </p>
   </div>
   <div class='ocr_carea' id='block_1_67' title="bbox 133 3597 1745 3686">
    <p class='ocr_par' dir='ltr' id='par_1_67' title="bbox 133 3597 1745 3686">
     <span class='ocr_line' id='line_1_67' title="bbox 133 3597 1745 3686; baseline -0.001 -19"><span class='ocrx_word' id='word_1_527' title='bbox 133 3597 136 3599; x_wconf 15' lang='grc' dir='ltr'><strong>Δ</strong></span> <span class='ocrx_word' id='word_1_528' title='bbox 173 3613 469 3684; x_wconf 73' lang='grc' dir='ltr'>ἐπιφανείᾳ</span> <span class='ocrx_word' id='word_1_529' title='bbox 497 3613 596 3682; x_wconf 86' lang='grc' dir='ltr'>τῆς</span> <span class='ocrx_word' id='word_1_530' title='bbox 627 3616 928 3686; x_wconf 82' lang='grc' dir='ltr'>παρουσίας</span> <span class='ocrx_word' id='word_1_531' title='bbox 957 3614 1150 3667; x_wconf 83' lang='grc' dir='ltr'>αὑτοῦ·</span> <span class='ocrx_word' id='word_1_532' title='bbox 1199 3610 1259 3668; x_wconf 75' lang='grc' dir='ltr'>οὗ</span> <span class='ocrx_word' id='word_1_533' title='bbox 1291 3618 1435 3668; x_wconf 78' lang='grc' dir='ltr'>ἐστιν</span> <span class='ocrx_word' id='word_1_534' title='bbox 1478 3616 1510 3685; x_wconf 80' lang='grc' dir='ltr'>ἡ</span> <span class='ocrx_word' id='word_1_535' title='bbox 1546 3633 1745 3685; x_wconf 83' lang='grc' dir='ltr'>παρου-</span> 
     </span>
    </p>
   </div>
   <div class='ocr_carea' id='block_1_68' title="bbox 175 3703 1743 3779">
    <p class='ocr_par' dir='ltr' id='par_1_68' title="bbox 175 3703 1743 3779">
     <span class='ocr_line' id='line_1_68' title="bbox 175 3703 1743 3779; baseline 0.001 -23"><span class='ocrx_word' id='word_1_536' title='bbox 175 3703 273 3756; x_wconf 83' lang='grc' dir='ltr'><strong>σία</strong></span> <span class='ocrx_word' id='word_1_537' title='bbox 305 3705 424 3756; x_wconf 83' lang='grc' dir='ltr'>κατ’</span> <span class='ocrx_word' id='word_1_538' title='bbox 447 3704 726 3779; x_wconf 79' lang='grc' dir='ltr'>ἐνέργειαν</span> <span class='ocrx_word' id='word_1_539' title='bbox 752 3704 845 3757; x_wconf 81' lang='grc' dir='ltr'><strong>τοῦ</strong></span> <span class='ocrx_word' id='word_1_540' title='bbox 882 3706 1093 3759; x_wconf 78' lang='grc' dir='ltr'>Σατανᾶ</span> <span class='ocrx_word' id='word_1_541' title='bbox 1117 3707 1174 3758; x_wconf 86' lang='grc' dir='ltr'><strong>ἐν</strong></span> <span class='ocrx_word' id='word_1_542' title='bbox 1201 3706 1349 3777; x_wconf 83' lang='grc' dir='ltr'>πάσῃ</span> <span class='ocrx_word' id='word_1_543' title='bbox 1377 3706 1621 3776; x_wconf 82' lang='grc' dir='ltr'>δυνάμει,</span> <span class='ocrx_word' id='word_1_544' title='bbox 1649 3708 1743 3759; x_wconf 76' lang='grc' dir='ltr'><strong>καὶ</strong></span> 
     </span>
    </p>
   </div>
   <div class='ocr_carea' id='block_1_69' title="bbox 173 3795 1740 3870">
    <p class='ocr_par' dir='ltr' id='par_1_69' title="bbox 173 3795 1740 3870">
     <span class='ocr_line' id='line_1_69' title="bbox 173 3795 1740 3870; baseline 0.003 -22"><span class='ocrx_word' id='word_1_545' title='bbox 173 3795 459 3866; x_wconf 86' lang='grc' dir='ltr'>σημείοις,</span> <span class='ocrx_word' id='word_1_546' title='bbox 495 3797 590 3850; x_wconf 83' lang='grc' dir='ltr'><strong>καὶ</strong></span> <span class='ocrx_word' id='word_1_547' title='bbox 627 3796 818 3868; x_wconf 81' lang='grc' dir='ltr'>τέρασι</span> <span class='ocrx_word' id='word_1_548' title='bbox 846 3796 1105 3867; x_wconf 70' lang='grc' dir='ltr'>ψεύδους,</span> <span class='ocrx_word' id='word_1_549' title='bbox 1153 3800 1248 3852; x_wconf 75' lang='grc' dir='ltr'><strong>καὶ</strong></span> <span class='ocrx_word' id='word_1_550' title='bbox 1289 3801 1348 3854; x_wconf 86' lang='grc' dir='ltr'>ὲν</span> <span class='ocrx_word' id='word_1_551' title='bbox 1381 3799 1528 3870; x_wconf 83' lang='grc' dir='ltr'>πάσῃ</span> <span class='ocrx_word' id='word_1_552' title='bbox 1559 3799 1740 3869; x_wconf 83' lang='grc' dir='ltr'>ἀπάτῃ</span> 
     </span>
    </p>
   </div>
   <div class='ocr_carea' id='block_1_70' title="bbox 173 3883 1742 3961">
    <p class='ocr_par' dir='ltr' id='par_1_70' title="bbox 173 3883 1742 3961">
     <span class='ocr_line' id='line_1_70' title="bbox 173 3883 1742 3961; baseline 0.003 -23"><span class='ocrx_word' id='word_1_553' title='bbox 173 3886 393 3950; x_wconf 86' lang='grc' dir='ltr'>ἀδικίας</span> <span class='ocrx_word' id='word_1_554' title='bbox 423 3890 535 3951; x_wconf 81' lang='grc' dir='ltr'>τοῖς</span> <span class='ocrx_word' id='word_1_555' title='bbox 564 3887 970 3958; x_wconf 82' lang='grc' dir='ltr'>ἀπολλυμένοις,</span> <span class='ocrx_word' id='word_1_556' title='bbox 1005 3890 1121 3942; x_wconf 80' lang='grc' dir='ltr'>ἀνθ’</span> <span class='ocrx_word' id='word_1_557' title='bbox 1160 3883 1235 3944; x_wconf 82' lang='grc' dir='ltr'>ὧν</span> <span class='ocrx_word' id='word_1_558' title='bbox 1265 3889 1363 3961; x_wconf 81' lang='grc' dir='ltr'><strong>τὴν</strong></span> <span class='ocrx_word' id='word_1_559' title='bbox 1399 3891 1616 3960; x_wconf 80' lang='grc' dir='ltr'>ἀγάπην</span> <span class='ocrx_word' id='word_1_560' title='bbox 1645 3890 1742 3960; x_wconf 79' lang='grc' dir='ltr'>τῆς</span> 
     </span>
    </p>
   </div>
   <div class='ocr_carea' id='block_1_71' title="bbox 172 3977 1741 4053">
    <p class='ocr_par' dir='ltr' id='par_1_71' title="bbox 172 3977 1741 4053">
     <span class='ocr_line' id='line_1_71' title="bbox 172 3977 1741 4053; baseline 0.002 -22"><span class='ocrx_word' id='word_1_561' title='bbox 172 3977 437 4047; x_wconf 80' lang='grc' dir='ltr'>ἀληθείας</span> <span class='ocrx_word' id='word_1_562' title='bbox 480 3981 580 4032; x_wconf 77' lang='grc' dir='ltr'>οὐκ</span> <span class='ocrx_word' id='word_1_563' title='bbox 607 3979 852 4044; x_wconf 82' lang='grc' dir='ltr'>ἐδέξαντο</span> <span class='ocrx_word' id='word_1_564' title='bbox 891 3984 970 4044; x_wconf 84' lang='grc' dir='ltr'><strong>είς</strong></span> <span class='ocrx_word' id='word_1_565' title='bbox 1006 3981 1068 4034; x_wconf 80' lang='grc' dir='ltr'><strong>τὸ</strong></span> <span class='ocrx_word' id='word_1_566' title='bbox 1107 3982 1341 4053; x_wconf 85' lang='grc' dir='ltr'>σωθῆναι</span> <span class='ocrx_word' id='word_1_567' title='bbox 1385 3983 1599 4045; x_wconf 83' lang='grc' dir='ltr'>αὐτούς.</span> <span class='ocrx_word' id='word_1_568' title='bbox 1636 3983 1741 4034; x_wconf 79' lang='grc' dir='ltr'>Καὶ</span> 
     </span>
    </p>
   </div>
   <div class='ocr_carea' id='block_1_72' title="bbox 74 4067 1740 4145">
    <p class='ocr_par' dir='ltr' id='par_1_72' title="bbox 74 4067 1740 4145">
     <span class='ocr_line' id='line_1_72' title="bbox 74 4067 1740 4145; baseline 0.002 -24"><span class='ocrx_word' id='word_1_569' title='bbox 74 4091 76 4094; x_wconf 51' lang='grc' dir='ltr'><strong>ν</strong></span> <span class='ocrx_word' id='word_1_570' title='bbox 169 4067 268 4121; x_wconf 79' lang='grc' dir='ltr'>διὰ</span> <span class='ocrx_word' id='word_1_571' title='bbox 286 4067 442 4123; x_wconf 84' lang='grc' dir='ltr'>τοῦτο</span> <span class='ocrx_word' id='word_1_572' title='bbox 465 4070 668 4141; x_wconf 77' lang='grc' dir='ltr'>πέμψει</span> <span class='ocrx_word' id='word_1_573' title='bbox 685 4073 732 4141; x_wconf 75' lang='grc'><strong>(1</strong></span> <span class='ocrx_word' id='word_1_574' title='bbox 747 4073 794 4140; x_wconf 60' lang='grc'><strong>⁴1)</strong></span> <span class='ocrx_word' id='word_1_575' title='bbox 820 4074 998 4135; x_wconf 81' lang='grc' dir='ltr'>αὐτοῖς</span> <span class='ocrx_word' id='word_1_576' title='bbox 1021 4074 1049 4126; x_wconf 90' lang='lat'><strong>6</strong></span> <span class='ocrx_word' id='word_1_577' title='bbox 1077 4073 1208 4137; x_wconf 74' lang='grc' dir='ltr'>θεὸς</span> <span class='ocrx_word' id='word_1_578' title='bbox 1232 4074 1508 4145; x_wconf 80' lang='grc' dir='ltr'>ἐνέργειαν</span> <span class='ocrx_word' id='word_1_579' title='bbox 1538 4073 1740 4141; x_wconf 79' lang='grc' dir='ltr'>πλάνης</span> 
     </span>
    </p>
   </div>
   <div class='ocr_carea' id='block_1_73' title="bbox 173 4158 1739 4234">
    <p class='ocr_par' dir='ltr' id='par_1_73' title="bbox 173 4158 1739 4234">
     <span class='ocr_line' id='line_1_73' title="bbox 173 4158 1739 4234; baseline 0.003 -23"><span class='ocrx_word' id='word_1_580' title='bbox 173 4162 261 4222; x_wconf 81' lang='grc' dir='ltr'><strong>είς</strong></span> <span class='ocrx_word' id='word_1_581' title='bbox 310 4158 373 4212; x_wconf 81' lang='grc' dir='ltr'><strong>τὸ</strong></span> <span class='ocrx_word' id='word_1_582' title='bbox 406 4161 690 4215; x_wconf 85' lang='grc' dir='ltr'>πιστεῦσαι</span> <span class='ocrx_word' id='word_1_583' title='bbox 743 4165 936 4226; x_wconf 79' lang='grc' dir='ltr'>αὐτοὺς</span> <span class='ocrx_word' id='word_1_584' title='bbox 975 4163 1052 4233; x_wconf 78' lang='grc' dir='ltr'>τῷ</span> <span class='ocrx_word' id='word_1_585' title='bbox 1100 4165 1312 4233; x_wconf 74' lang='grc' dir='ltr'>ψεύδει,</span> <span class='ocrx_word' id='word_1_586' title='bbox 1359 4167 1442 4216; x_wconf 81' lang='grc' dir='ltr'><strong>ἵνα</strong></span> <span class='ocrx_word' id='word_1_587' title='bbox 1485 4164 1739 4234; x_wconf 77' lang='grc' dir='ltr'>κριθῶσιν</span> 
     </span>
    </p>
   </div>
   <div class='ocr_carea' id='block_1_74' title="bbox 173 4250 1741 4325">
    <p class='ocr_par' dir='ltr' id='par_1_74' title="bbox 173 4250 1741 4325">
     <span class='ocr_line' id='line_1_74' title="bbox 173 4250 1741 4325; baseline 0.002 -22"><span class='ocrx_word' id='word_1_588' title='bbox 173 4250 416 4312; x_wconf 74' lang='grc' dir='ltr'>ἅπαντες</span> <span class='ocrx_word' id='word_1_589' title='bbox 444 4252 494 4303; x_wconf 81' lang='grc' dir='ltr'>οἱ</span> <span class='ocrx_word' id='word_1_590' title='bbox 517 4251 592 4322; x_wconf 87' lang='grc' dir='ltr'>μὴ</span> <span class='ocrx_word' id='word_1_591' title='bbox 621 4253 1006 4316; x_wconf 84' lang='grc' dir='ltr'>πιστεύσαντες</span> <span class='ocrx_word' id='word_1_592' title='bbox 1030 4257 1092 4322; x_wconf 85' lang='grc' dir='ltr'><strong>τῇ</strong></span> <span class='ocrx_word' id='word_1_593' title='bbox 1124 4255 1366 4324; x_wconf 80' lang='grc' dir='ltr'>ἀληθεία.</span> <span class='ocrx_word' id='word_1_594' title='bbox 1391 4256 1503 4308; x_wconf 79' lang='grc' dir='ltr'>ἀλλ’</span> <span class='ocrx_word' id='word_1_595' title='bbox 1524 4255 1741 4325; x_wconf 75' lang='grc' dir='ltr'>εὐδοκή-</span> 
     </span>
    </p>
   </div>
   <div class='ocr_carea' id='block_1_75' title="bbox 176 4341 1736 4417">
    <p class='ocr_par' dir='ltr' id='par_1_75' title="bbox 176 4341 1736 4417">
     <span class='ocr_line' id='line_1_75' title="bbox 176 4341 1736 4417; baseline 0.003 -23"><span class='ocrx_word' id='word_1_596' title='bbox 176 4358 371 4404; x_wconf 84' lang='grc' dir='ltr'>σαντες</span> <span class='ocrx_word' id='word_1_597' title='bbox 397 4343 453 4394; x_wconf 87' lang='grc' dir='ltr'><strong>ἐν</strong></span> <span class='ocrx_word' id='word_1_598' title='bbox 475 4345 538 4410; x_wconf 82' lang='grc' dir='ltr'>τῇ</span> <span class='ocrx_word' id='word_1_599' title='bbox 561 4341 758 4412; x_wconf 76' lang='grc' dir='ltr'>ἀδικίᾳ.</span> <span class='ocrx_word' id='word_1_600' title='bbox 783 4363 800 4392; x_wconf 74' lang='grc' dir='ltr'><strong>ι</strong></span> <span class='ocrx_word' id='word_1_601' title='bbox 831 4345 1094 4398; x_wconf 75' lang='grc' dir='ltr'>’Έκαστον</span> <span class='ocrx_word' id='word_1_602' title='bbox 1121 4345 1175 4397; x_wconf 78' lang='grc' dir='ltr'><strong>δὲ</strong></span> <span class='ocrx_word' id='word_1_603' title='bbox 1198 4345 1399 4401; x_wconf 87' lang='grc' dir='ltr'>τούτων</span> <span class='ocrx_word' id='word_1_604' title='bbox 1427 4347 1736 4417; x_wconf 73' lang='grc' dir='ltr'>σαφηνίσαι,</span> 
     </span>
    </p>
   </div>
   <div class='ocr_carea' id='block_1_76' title="bbox 171 4433 1738 4507">
    <p class='ocr_par' dir='ltr' id='par_1_76' title="bbox 171 4433 1738 4507">
     <span class='ocr_line' id='line_1_76' title="bbox 171 4433 1738 4507; baseline 0.004 -23"><span class='ocrx_word' id='word_1_605' title='bbox 171 4434 239 4484; x_wconf 85' lang='grc' dir='ltr'>οὐ</span> <span class='ocrx_word' id='word_1_606' title='bbox 269 4434 336 4503; x_wconf 79' lang='grc' dir='ltr'>τῇ</span> <span class='ocrx_word' id='word_1_607' title='bbox 371 4433 616 4504; x_wconf 83' lang='grc' dir='ltr'>παρούσῃ</span> <span class='ocrx_word' id='word_1_608' title='bbox 651 4433 873 4502; x_wconf 75' lang='grc' dir='ltr'>ἁρμόζει</span> <span class='ocrx_word' id='word_1_609' title='bbox 905 4436 1270 4506; x_wconf 76' lang='grc' dir='ltr'>πραγματείᾳ.</span> <span class='ocrx_word' id='word_1_610' title='bbox 1311 4436 1373 4488; x_wconf 84' lang='grc' dir='ltr'><strong><em>Ἥ</em></strong></span> <span class='ocrx_word' id='word_1_611' title='bbox 1416 4438 1542 4507; x_wconf 77' lang='grc' dir='ltr'>περὶ</span> <span class='ocrx_word' id='word_1_612' title='bbox 1577 4439 1738 4491; x_wconf 78' lang='grc' dir='ltr'>αὐτοῦ</span> 
     </span>
    </p>
   </div>
   <div class='ocr_carea' id='block_1_77' title="bbox 1848 3347 3403 3425">
    <p class='ocr_par' dir='ltr' id='par_1_77' title="bbox 1848 3347 3403 3425">
     <span class='ocr_line' id='line_1_77' title="bbox 1848 3347 3403 3425; baseline 0.005 -25"><span class='ocrx_word' id='word_1_613' title='bbox 1848 3347 1934 3400; x_wconf 86' lang='lat' dir='ltr'><strong>ille</strong></span> <span class='ocrx_word' id='word_1_614' title='bbox 1970 3347 2208 3415; x_wconf 86' lang='lat' dir='ltr'><strong>iniquus,</strong></span> <span class='ocrx_word' id='word_1_615' title='bbox 2232 3363 2393 3418; x_wconf 89' lang='lat' dir='ltr'><strong>quem</strong></span> <span class='ocrx_word' id='word_1_616' title='bbox 2424 3347 2679 3402; x_wconf 88' lang='lat' dir='ltr'><strong>Dominus</strong></span> <span class='ocrx_word' id='word_1_617' title='bbox 2715 3348 3005 3425; x_wconf 79' lang='lat' dir='ltr'><strong>interﬁciet</strong></span> <span class='ocrx_word' id='word_1_618' title='bbox 3048 3351 3248 3420; x_wconf 88' lang='lat' dir='ltr'><strong>spiritu</strong></span> <span class='ocrx_word' id='word_1_619' title='bbox 3291 3353 3403 3407; x_wconf 87' lang='lat' dir='ltr'><strong>oris</strong></span> 
     </span>
    </p>
   </div>
   <div class='ocr_carea' id='block_1_78' title="bbox 1827 3421 3402 3510">
    <p class='ocr_par' dir='ltr' id='par_1_78' title="bbox 1827 3421 3402 3510">
     <span class='ocr_line' id='line_1_78' title="bbox 1827 3421 3402 3510; baseline 0.004 -20"><span class='ocrx_word' id='word_1_620' title='bbox 1827 3421 1946 3501; x_wconf 19' lang='lat' dir='ltr'><strong>xsui,</strong></span> <span class='ocrx_word' id='word_1_621' title='bbox 1981 3446 2035 3490; x_wconf 91' lang='lat' dir='ltr'><strong>et</strong></span> <span class='ocrx_word' id='word_1_622' title='bbox 2084 3440 2322 3490; x_wconf 80' lang='lat' dir='ltr'><strong>destruet</strong></span> <span class='ocrx_word' id='word_1_623' title='bbox 2372 3421 2745 3493; x_wconf 77' lang='lat' dir='ltr'><strong>illustrati‘one</strong></span> <span class='ocrx_word' id='word_1_624' title='bbox 2765 3439 3036 3495; x_wconf 88' lang='lat' dir='ltr'><strong>adventus</strong></span> <span class='ocrx_word' id='word_1_625' title='bbox 3068 3441 3150 3495; x_wconf 90' lang='lat' dir='ltr'><strong>sui</strong></span> <span class='ocrx_word' id='word_1_626' title='bbox 3189 3456 3205 3495; x_wconf 92' lang='lat'><strong>:</strong></span> <span class='ocrx_word' id='word_1_627' title='bbox 3245 3441 3402 3510; x_wconf 87' lang='lat' dir='ltr'><strong>cujus</strong></span> 
     </span>
    </p>
   </div>
   <div class='ocr_carea' id='block_1_79' title="bbox 1843 3529 3402 3599">
    <p class='ocr_par' dir='ltr' id='par_1_79' title="bbox 1843 3529 3402 3599">
     <span class='ocr_line' id='line_1_79' title="bbox 1843 3529 3402 3599; baseline 0.004 -18"><span class='ocrx_word' id='word_1_628' title='bbox 1843 3536 1927 3581; x_wconf 90' lang='lat' dir='ltr'><strong>est</strong></span> <span class='ocrx_word' id='word_1_629' title='bbox 1974 3529 2233 3581; x_wconf 84' lang='lat' dir='ltr'><strong>adventus</strong></span> <span class='ocrx_word' id='word_1_630' title='bbox 2283 3530 2576 3583; x_wconf 88' lang='lat' dir='ltr'><strong>secundum</strong></span> <span class='ocrx_word' id='word_1_631' title='bbox 2628 3531 3000 3599; x_wconf 89' lang='lat' dir='ltr'><strong>operationem</strong></span> <span class='ocrx_word' id='word_1_632' title='bbox 3069 3531 3284 3588; x_wconf 78' lang='lat' dir='ltr'><strong>Satana:</strong></span> <span class='ocrx_word' id='word_1_633' title='bbox 3349 3535 3402 3589; x_wconf 89' lang='lat' dir='ltr'><strong>in</strong></span> 
     </span>
    </p>
   </div>
   <div class='ocr_carea' id='block_1_80' title="bbox 1841 3615 3400 3689">
    <p class='ocr_par' dir='ltr' id='par_1_80' title="bbox 1841 3615 3400 3689">
     <span class='ocr_line' id='line_1_80' title="bbox 1841 3615 3400 3689; baseline 0.004 -20"><span class='ocrx_word' id='word_1_634' title='bbox 1841 3615 1985 3669; x_wconf 89' lang='lat' dir='ltr'><strong>omni</strong></span> <span class='ocrx_word' id='word_1_635' title='bbox 2022 3617 2237 3681; x_wconf 82' lang='lat' dir='ltr'><strong>virtute,</strong></span> <span class='ocrx_word' id='word_1_636' title='bbox 2292 3628 2346 3670; x_wconf 91' lang='lat' dir='ltr'><strong>et</strong></span> <span class='ocrx_word' id='word_1_637' title='bbox 2375 3618 2565 3688; x_wconf 75' lang='lat' dir='ltr'><strong>signis,</strong></span> <span class='ocrx_word' id='word_1_638' title='bbox 2628 3621 2681 3672; x_wconf 82' lang='lat' dir='ltr'><strong>et</strong></span> <span class='ocrx_word' id='word_1_639' title='bbox 2719 3619 2976 3689; x_wconf 83' lang='lat' dir='ltr'><strong>prodigiis</strong></span> <span class='ocrx_word' id='word_1_640' title='bbox 3027 3623 3400 3689; x_wconf 87' lang='lat' dir='ltr'><strong>mendacibus,</strong></span> 
     </span>
    </p>
   </div>
   <div class='ocr_carea' id='block_1_81' title="bbox 1841 3707 3398 3780">
    <p class='ocr_par' dir='ltr' id='par_1_81' title="bbox 1841 3707 3398 3780">
     <span class='ocr_line' id='line_1_81' title="bbox 1841 3707 3398 3780; baseline 0.003 -19"><span class='ocrx_word' id='word_1_641' title='bbox 1841 3717 1895 3761; x_wconf 90' lang='lat' dir='ltr'><strong>et</strong></span> <span class='ocrx_word' id='word_1_642' title='bbox 1921 3707 1972 3761; x_wconf 92' lang='lat' dir='ltr'><strong>in</strong></span> <span class='ocrx_word' id='word_1_643' title='bbox 1996 3708 2140 3762; x_wconf 91' lang='lat' dir='ltr'><strong>omni</strong></span> <span class='ocrx_word' id='word_1_644' title='bbox 2171 3708 2487 3764; x_wconf 89' lang='lat' dir='ltr'><strong>seduetione</strong></span> <span class='ocrx_word' id='word_1_645' title='bbox 2539 3709 2842 3778; x_wconf 88' lang='lat' dir='ltr'><strong>iniquitatis</strong></span> <span class='ocrx_word' id='word_1_646' title='bbox 2885 3710 2952 3765; x_wconf 88' lang='lat' dir='ltr'><strong>iis</strong></span> <span class='ocrx_word' id='word_1_647' title='bbox 2999 3711 3092 3780; x_wconf 91' lang='lat' dir='ltr'><strong>qui</strong></span> <span class='ocrx_word' id='word_1_648' title='bbox 3131 3721 3398 3780; x_wconf 88' lang='lat' dir='ltr'><strong>pereunt:</strong></span> 
     </span>
    </p>
   </div>
   <div class='ocr_carea' id='block_1_82' title="bbox 1843 3798 3399 3870">
    <p class='ocr_par' dir='ltr' id='par_1_82' title="bbox 1843 3798 3399 3870">
     <span class='ocr_line' id='line_1_82' title="bbox 1843 3798 3399 3870; baseline 0.003 -18"><span class='ocrx_word' id='word_1_649' title='bbox 1843 3813 1907 3853; x_wconf 91' lang='lat' dir='ltr'><strong>eo</strong></span> <span class='ocrx_word' id='word_1_650' title='bbox 1943 3798 2082 3867; x_wconf 88' lang='lat' dir='ltr'><strong>quod</strong></span> <span class='ocrx_word' id='word_1_651' title='bbox 2132 3799 2451 3853; x_wconf 85' lang='lat' dir='ltr'><strong>charitatent</strong></span> <span class='ocrx_word' id='word_1_652' title='bbox 2513 3799 2760 3854; x_wconf 87' lang='lat' dir='ltr'><strong>veritatis</strong></span> <span class='ocrx_word' id='word_1_653' title='bbox 2805 3815 2912 3853; x_wconf 91' lang='lat' dir='ltr'><strong>non</strong></span> <span class='ocrx_word' id='word_1_654' title='bbox 2964 3812 3307 3870; x_wconf 88' lang='lat' dir='ltr'><strong>receperunt,</strong></span> <span class='ocrx_word' id='word_1_655' title='bbox 3338 3810 3399 3857; x_wconf 85' lang='lat' dir='ltr'><strong>ut</strong></span> 
     </span>
    </p>
   </div>
   <div class='ocr_carea' id='block_1_83' title="bbox 1842 3888 3392 3960">
    <p class='ocr_par' dir='ltr' id='par_1_83' title="bbox 1842 3888 3392 3960">
     <span class='ocr_line' id='line_1_83' title="bbox 1842 3888 3392 3960; baseline 0 -16"><span class='ocrx_word' id='word_1_656' title='bbox 1842 3890 1970 3944; x_wconf 88' lang='lat' dir='ltr'><strong>salvi</strong></span> <span class='ocrx_word' id='word_1_657' title='bbox 2026 3890 2236 3943; x_wconf 77' lang='lat' dir='ltr'><strong>tierent.</strong></span> <span class='ocrx_word' id='word_1_658' title='bbox 2291 3888 2413 3942; x_wconf 85' lang='lat' dir='ltr'><strong>Ideo</strong></span> <span class='ocrx_word' id='word_1_659' title='bbox 2466 3890 2637 3944; x_wconf 90' lang='lat' dir='ltr'><strong>mittet</strong></span> <span class='ocrx_word' id='word_1_660' title='bbox 2695 3888 2803 3944; x_wconf 88' lang='lat' dir='ltr'><strong>illis</strong></span> <span class='ocrx_word' id='word_1_661' title='bbox 2849 3888 2988 3944; x_wconf 87' lang='lat' dir='ltr'><strong>Deus</strong></span> <span class='ocrx_word' id='word_1_662' title='bbox 3020 3891 3392 3960; x_wconf 82' lang='lat' dir='ltr'><strong>operationem</strong></span> 
     </span>
    </p>
   </div>
   <div class='ocr_carea' id='block_1_84' title="bbox 1842 3967 3400 4048">
    <p class='ocr_par' dir='ltr' id='par_1_84' title="bbox 1842 3967 3400 4048">
     <span class='ocr_line' id='line_1_84' title="bbox 1842 3967 3400 4048; baseline 0.001 -17"><span class='ocrx_word' id='word_1_663' title='bbox 1842 3978 2077 4039; x_wconf 85' lang='lat' dir='ltr'><strong>erroris,</strong></span> <span class='ocrx_word' id='word_1_664' title='bbox 2140 3986 2196 4029; x_wconf 92' lang='lat' dir='ltr'><strong>ut</strong></span> <span class='ocrx_word' id='word_1_665' title='bbox 2235 3967 2464 4032; x_wconf 80' lang='lat' dir='ltr'><strong>credant</strong></span> <span class='ocrx_word' id='word_1_666' title='bbox 2500 3977 2800 4043; x_wconf 91' lang='lat' dir='ltr'><strong>mendacio,</strong></span> <span class='ocrx_word' id='word_1_667' title='bbox 2851 3979 3242 4048; x_wconf 89' lang='lat' dir='ltr'><strong>utjudiceutur</strong></span> <span class='ocrx_word' id='word_1_668' title='bbox 3282 3994 3400 4033; x_wconf 83' lang='lat' dir='ltr'><strong>om-</strong></span> 
     </span>
    </p>
   </div>
   <div class='ocr_carea' id='block_1_85' title="bbox 1841 4067 3396 4136">
    <p class='ocr_par' dir='ltr' id='par_1_85' title="bbox 1841 4067 3396 4136">
     <span class='ocr_line' id='line_1_85' title="bbox 1841 4067 3396 4136; baseline 0.003 -16"><span class='ocrx_word' id='word_1_669' title='bbox 1841 4083 1934 4121; x_wconf 88' lang='lat' dir='ltr'><strong>nes</strong></span> <span class='ocrx_word' id='word_1_670' title='bbox 1959 4067 2049 4136; x_wconf 77' lang='lat' dir='ltr'><strong>qui</strong></span> <span class='ocrx_word' id='word_1_671' title='bbox 2081 4084 2188 4120; x_wconf 86' lang='lat' dir='ltr'><strong>non</strong></span> <span class='ocrx_word' id='word_1_672' title='bbox 2216 4069 2560 4123; x_wconf 84' lang='lat' dir='ltr'><strong>crediderunt</strong></span> <span class='ocrx_word' id='word_1_673' title='bbox 2591 4069 2826 4134; x_wconf 81' lang='lat' dir='ltr'><strong>veritati,</strong></span> <span class='ocrx_word' id='word_1_674' title='bbox 2883 4072 2976 4126; x_wconf 89' lang='lat' dir='ltr'><strong>sed</strong></span> <span class='ocrx_word' id='word_1_675' title='bbox 3004 4080 3396 4126; x_wconf 86' lang='lat' dir='ltr'><strong>consenserunt</strong></span> 
     </span>
    </p>
   </div>
   <div class='ocr_carea' id='block_1_86' title="bbox 1843 4159 3395 4228">
    <p class='ocr_par' dir='ltr' id='par_1_86' title="bbox 1843 4159 3395 4228">
     <span class='ocr_line' id='line_1_86' title="bbox 1843 4159 3395 4228; baseline 0.003 -18"><span class='ocrx_word' id='word_1_676' title='bbox 1843 4159 2111 4227; x_wconf 90' lang='lat' dir='ltr'><strong>iniquitati</strong></span> <span class='ocrx_word' id='word_1_677' title='bbox 2135 4160 2201 4211; x_wconf 79' lang='grc'><strong>⁸³.</strong></span> <span class='ocrx_word' id='word_1_678' title='bbox 2235 4179 2253 4212; x_wconf 70' lang='grc' dir='ltr'><strong>ι</strong></span> <span class='ocrx_word' id='word_1_679' title='bbox 2282 4161 2504 4226; x_wconf 77' lang='lat' dir='ltr'><strong>Singula</strong></span> <span class='ocrx_word' id='word_1_680' title='bbox 2535 4161 2646 4215; x_wconf 72' lang='lat' dir='ltr'><strong>lucc</strong></span> <span class='ocrx_word' id='word_1_681' title='bbox 2676 4175 2938 4216; x_wconf 85' lang='lat' dir='ltr'><strong>enarrare</strong></span> <span class='ocrx_word' id='word_1_682' title='bbox 2976 4160 3258 4228; x_wconf 80' lang='lat' dir='ltr'><strong>praesentis</strong></span> <span class='ocrx_word' id='word_1_683' title='bbox 3288 4175 3395 4215; x_wconf 89' lang='lat' dir='ltr'><strong>non</strong></span> 
     </span>
    </p>
   </div>
   <div class='ocr_carea' id='block_1_87' title="bbox 1840 4249 3394 4320">
    <p class='ocr_par' dir='ltr' id='par_1_87' title="bbox 1840 4249 3394 4320">
     <span class='ocr_line' id='line_1_87' title="bbox 1840 4249 3394 4320; baseline 0 -18"><span class='ocrx_word' id='word_1_684' title='bbox 1840 4258 1921 4302; x_wconf 85' lang='lat' dir='ltr'><strong>est</strong></span> <span class='ocrx_word' id='word_1_685' title='bbox 1949 4250 2198 4302; x_wconf 86' lang='lat' dir='ltr'><strong>instituti.</strong></span> <span class='ocrx_word' id='word_1_686' title='bbox 2238 4249 2332 4303; x_wconf 85' lang='lat' dir='ltr'><strong>Est</strong></span> <span class='ocrx_word' id='word_1_687' title='bbox 2361 4261 2416 4304; x_wconf 82' lang='lat' dir='ltr'><strong>ot</strong></span> <span class='ocrx_word' id='word_1_688' title='bbox 2447 4252 2511 4305; x_wconf 90' lang='lat' dir='ltr'><strong>de</strong></span> <span class='ocrx_word' id='word_1_689' title='bbox 2560 4251 2749 4306; x_wconf 87' lang='lat' dir='ltr'><strong>eodem</strong></span> <span class='ocrx_word' id='word_1_690' title='bbox 2809 4251 3048 4306; x_wconf 86' lang='lat' dir='ltr'><strong>Daniclis</strong></span> <span class='ocrx_word' id='word_1_691' title='bbox 3093 4249 3394 4320; x_wconf 84' lang='lat' dir='ltr'><strong>prephetia,</strong></span> 
     </span>
    </p>
   </div>
   <div class='ocr_carea' id='block_1_88' title="bbox 1841 4341 3394 4412">
    <p class='ocr_par' dir='ltr' id='par_1_88' title="bbox 1841 4341 3394 4412">
     <span class='ocr_line' id='line_1_88' title="bbox 1841 4341 3394 4412; baseline 0.006 -24"><span class='ocrx_word' id='word_1_692' title='bbox 1841 4353 1956 4408; x_wconf 64' lang='lat' dir='ltr'><strong>qua:</strong></span> <span class='ocrx_word' id='word_1_693' title='bbox 1985 4341 2242 4410; x_wconf 85' lang='lat' dir='ltr'><strong>ejusmodi</strong></span> <span class='ocrx_word' id='word_1_694' title='bbox 2273 4351 2376 4404; x_wconf 87' lang='lat' dir='ltr'><strong>est,</strong></span> <span class='ocrx_word' id='word_1_695' title='bbox 2409 4351 2466 4395; x_wconf 94' lang='lat' dir='ltr'><strong>ut</strong></span> <span class='ocrx_word' id='word_1_696' title='bbox 2497 4343 2815 4410; x_wconf 89' lang='lat' dir='ltr'><strong>prudentem</strong></span> <span class='ocrx_word' id='word_1_697' title='bbox 2857 4342 3255 4412; x_wconf 88' lang='lat' dir='ltr'><strong>candidumque</strong></span> <span class='ocrx_word' id='word_1_698' title='bbox 3315 4343 3394 4398; x_wconf 83' lang='lat' dir='ltr'><strong>le-</strong></span> 
     </span>
    </p>
   </div>
   <div class='ocr_carea' id='block_1_89' title="bbox 1843 4434 3394 4501">
    <p class='ocr_par' dir='ltr' id='par_1_89' title="bbox 1843 4434 3394 4501">
     <span class='ocr_line' id='line_1_89' title="bbox 1843 4434 3394 4501; baseline 0 -13"><span class='ocrx_word' id='word_1_699' title='bbox 1843 4442 2046 4488; x_wconf 77' lang='lat' dir='ltr'><strong>ctorem</strong></span> <span class='ocrx_word' id='word_1_700' title='bbox 2076 4435 2314 4488; x_wconf 86' lang='lat' dir='ltr'><strong>traducat</strong></span> <span class='ocrx_word' id='word_1_701' title='bbox 2353 4434 2420 4489; x_wconf 90' lang='lat' dir='ltr'><strong>ad</strong></span> <span class='ocrx_word' id='word_1_702' title='bbox 2450 4434 2884 4501; x_wconf 85' lang='lat' dir='ltr'><strong>admirationem;</strong></span> <span class='ocrx_word' id='word_1_703' title='bbox 2911 4434 3047 4489; x_wconf 85' lang='lat' dir='ltr'><strong>adeo</strong></span> <span class='ocrx_word' id='word_1_704' title='bbox 3079 4435 3315 4490; x_wconf 85' lang='lat' dir='ltr'><strong>divinam</strong></span> <span class='ocrx_word' id='word_1_705' title='bbox 3338 4446 3394 4489; x_wconf 90' lang='lat' dir='ltr'><strong>ct</strong></span> 
     </span>
    </p>
   </div>
   <div class='ocr_carea' id='block_1_90' title="bbox 170 4521 1747 4600">
    <p class='ocr_par' dir='ltr' id='par_1_90' title="bbox 170 4521 1738 4599">
     <span class='ocr_line' id='line_1_90' title="bbox 170 4521 1738 4599; baseline 0.004 -24"><span class='ocrx_word' id='word_1_706' title='bbox 170 4521 235 4575; x_wconf 83' lang='grc' dir='ltr'>δὲ</span> <span class='ocrx_word' id='word_1_707' title='bbox 263 4521 566 4594; x_wconf 84' lang='grc' dir='ltr'>προφητεία</span> <span class='ocrx_word' id='word_1_708' title='bbox 594 4524 652 4576; x_wconf 81' lang='grc' dir='ltr'><strong>ἐν</strong></span> <span class='ocrx_word' id='word_1_709' title='bbox 679 4524 753 4594; x_wconf 81' lang='grc' dir='ltr'><strong>τῷ</strong></span> <span class='ocrx_word' id='word_1_710' title='bbox 790 4523 986 4594; x_wconf 84' lang='grc' dir='ltr'>Δανιὴλ</span> <span class='ocrx_word' id='word_1_711' title='bbox 1023 4525 1302 4591; x_wconf 78' lang='grc' dir='ltr'>λέλεκται,</span> <span class='ocrx_word' id='word_1_712' title='bbox 1340 4527 1608 4599; x_wconf 83' lang='grc' dir='ltr'>δυναμένη</span> <span class='ocrx_word' id='word_1_713' title='bbox 1648 4529 1738 4582; x_wconf 81' lang='grc' dir='ltr'><strong>τὸν</strong></span> 
     </span>
    </p>
   </div>
   <div class='ocr_carea' id='block_1_91' title="bbox 1847 4521 3394 4600">
    <p class='ocr_par' dir='ltr' id='par_1_91' title="bbox 1847 4523 3394 4593">
     <span class='ocr_line' id='line_1_91' title="bbox 1847 4523 3394 4593; baseline 0.003 -18"><span class='ocrx_word' id='word_1_714' title='bbox 1847 4525 2204 4593; x_wconf 83' lang='lat' dir='ltr'><strong>pmplieticam</strong></span> <span class='ocrx_word' id='word_1_715' title='bbox 2238 4523 2648 4592; x_wconf 87' lang='lat' dir='ltr'><strong>inspiratiouem</strong></span> <span class='ocrx_word' id='word_1_716' title='bbox 2688 4525 2851 4593; x_wconf 87' lang='lat' dir='ltr'><strong>sapit.</strong></span> <span class='ocrx_word' id='word_1_717' title='bbox 2900 4524 2975 4579; x_wconf 76' lang='lat' dir='ltr'><strong>Ilii</strong></span> <span class='ocrx_word' id='word_1_718' title='bbox 3006 4526 3147 4580; x_wconf 89' lang='lat' dir='ltr'><strong>dicta</strong></span> <span class='ocrx_word' id='word_1_719' title='bbox 3172 4536 3298 4580; x_wconf 88' lang='lat' dir='ltr'><strong>sunt</strong></span> <span class='ocrx_word' id='word_1_720' title='bbox 3328 4541 3394 4580; x_wconf 86' lang='lat' dir='ltr'><strong>ea</strong></span> 
     </span>
    </p>
   </div>
   <div class='ocr_carea' id='block_1_92' title="bbox 171 4613 1735 4690">
    <p class='ocr_par' dir='ltr' id='par_1_92' title="bbox 171 4613 1735 4690">
     <span class='ocr_line' id='line_1_92' title="bbox 171 4613 1735 4690; baseline 0.005 -26"><span class='ocrx_word' id='word_1_721' title='bbox 171 4614 455 4684; x_wconf 79' lang='grc' dir='ltr'>φρονίμως</span> <span class='ocrx_word' id='word_1_722' title='bbox 480 4614 570 4668; x_wconf 79' lang='grc' dir='ltr'><strong>καὶ</strong></span> <span class='ocrx_word' id='word_1_723' title='bbox 591 4613 942 4685; x_wconf 82' lang='grc' dir='ltr'>εὐγνωμόνως</span> <span class='ocrx_word' id='word_1_724' title='bbox 963 4615 1396 4684; x_wconf 84' lang='grc' dir='ltr'>ἀναγινώσκοντα</span> <span class='ocrx_word' id='word_1_725' title='bbox 1415 4619 1735 4690; x_wconf 68' lang='grc' dir='ltr'>ἐπιστρέψαι</span> 
     </span>
    </p>
   </div>
   <div class='ocr_carea' id='block_1_93' title="bbox 172 4702 1735 4776">
    <p class='ocr_par' dir='ltr' id='par_1_93' title="bbox 172 4702 1735 4776">
     <span class='ocr_line' id='line_1_93' title="bbox 172 4702 1735 4776; baseline 0.004 -20"><span class='ocrx_word' id='word_1_726' title='bbox 172 4702 269 4756; x_wconf 79' lang='grc' dir='ltr'>ἐπὶ</span> <span class='ocrx_word' id='word_1_727' title='bbox 294 4703 355 4756; x_wconf 82' lang='grc' dir='ltr'><strong>τὸ</strong></span> <span class='ocrx_word' id='word_1_728' title='bbox 379 4703 651 4774; x_wconf 85' lang='grc' dir='ltr'>θαυμάσαι</span> <span class='ocrx_word' id='word_1_729' title='bbox 681 4704 1022 4773; x_wconf 67' lang='grc' dir='ltr'>τοὺξλόγους</span> <span class='ocrx_word' id='word_1_730' title='bbox 1053 4705 1127 4770; x_wconf 83' lang='grc' dir='ltr'><strong>ὡς</strong></span> <span class='ocrx_word' id='word_1_731' title='bbox 1160 4707 1372 4776; x_wconf 79' lang='grc' dir='ltr'>ἀληθῶς</span> <span class='ocrx_word' id='word_1_732' title='bbox 1397 4708 1610 4772; x_wconf 81' lang='grc' dir='ltr'>ἐνθέους</span> <span class='ocrx_word' id='word_1_733' title='bbox 1643 4711 1735 4762; x_wconf 65' lang='grc' dir='ltr'><strong>καὶ</strong></span> 
     </span>
    </p>
   </div>
   <div class='ocr_carea' id='block_1_94' title="bbox 170 4791 1736 4874">
    <p class='ocr_par' dir='ltr' id='par_1_94' title="bbox 170 4791 1736 4874">
     <span class='ocr_line' id='line_1_94' title="bbox 170 4791 1736 4874; baseline 0.005 -29"><span class='ocrx_word' id='word_1_734' title='bbox 170 4797 562 4864; x_wconf 82' lang='grc' dir='ltr'>προφητικοὺς.</span> <span class='ocrx_word' id='word_1_735' title='bbox 581 4798 639 4849; x_wconf 83' lang='grc' dir='ltr'><strong>ἐν</strong></span> <span class='ocrx_word' id='word_1_736' title='bbox 673 4791 752 4860; x_wconf 70' lang='grc' dir='ltr'>οἷς</span> <span class='ocrx_word' id='word_1_737' title='bbox 776 4795 1019 4850; x_wconf 89' lang='grc' dir='ltr'>λέλεκται</span> <span class='ocrx_word' id='word_1_738' title='bbox 1053 4798 1120 4852; x_wconf 75' lang='grc' dir='ltr'>τὰ</span> <span class='ocrx_word' id='word_1_739' title='bbox 1149 4800 1276 4871; x_wconf 74' lang='grc' dir='ltr'>περὶ</span> <span class='ocrx_word' id='word_1_740' title='bbox 1301 4801 1406 4853; x_wconf 81' lang='grc' dir='ltr'><strong>τῶν</strong></span> <span class='ocrx_word' id='word_1_741' title='bbox 1430 4800 1736 4874; x_wconf 84' lang='grc' dir='ltr'>μελλουσῶν</span> 
     </span>
    </p>
   </div>
   <div class='ocr_carea' id='block_1_95' title="bbox 170 4881 1741 4962">
    <p class='ocr_par' dir='ltr' id='par_1_95' title="bbox 170 4881 1741 4962">
     <span class='ocr_line' id='line_1_95' title="bbox 170 4881 1741 4962; baseline 0.004 -24"><span class='ocrx_word' id='word_1_742' title='bbox 170 4883 462 4951; x_wconf 82' lang='grc' dir='ltr'>βασιλειῶν</span> <span class='ocrx_word' id='word_1_743' title='bbox 491 4925 508 4951; x_wconf 94' lang='grc'><strong>,</strong></span> <span class='ocrx_word' id='word_1_744' title='bbox 575 4887 857 4958; x_wconf 81' lang='grc' dir='ltr'>ἀρξάμενα</span> <span class='ocrx_word' id='word_1_745' title='bbox 926 4889 1035 4942; x_wconf 83' lang='grc' dir='ltr'><strong>ἀπὸ</strong></span> <span class='ocrx_word' id='word_1_746' title='bbox 1095 4889 1203 4944; x_wconf 89' lang='grc' dir='ltr'>τῶν</span> <span class='ocrx_word' id='word_1_747' title='bbox 1265 4881 1471 4961; x_wconf 71' lang='grc' dir='ltr'>χρόνων</span> <span class='ocrx_word' id='word_1_748' title='bbox 1545 4892 1741 4962; x_wconf 78' lang='grc' dir='ltr'>Δανιὴλ</span> 
     </span>
    </p>
   </div>
   <div class='ocr_carea' id='block_1_96' title="bbox 147 4974 1740 5053">
    <p class='ocr_par' dir='ltr' id='par_1_96' title="bbox 147 4974 1740 5053">
     <span class='ocr_line' id='line_1_96' title="bbox 147 4974 1740 5053; baseline 0 -20"><span class='ocrx_word' id='word_1_749' title='bbox 147 4974 340 5046; x_wconf 61' lang='grc' dir='ltr'>,μέχρι</span> <span class='ocrx_word' id='word_1_750' title='bbox 405 4975 508 5046; x_wconf 82' lang='grc' dir='ltr'>τῆς</span> <span class='ocrx_word' id='word_1_751' title='bbox 566 4977 770 5050; x_wconf 77' lang='grc' dir='ltr'>φθορᾶς</span> <span class='ocrx_word' id='word_1_752' title='bbox 818 4979 910 5032; x_wconf 80' lang='grc' dir='ltr'><strong>τοῦ</strong></span> <span class='ocrx_word' id='word_1_753' title='bbox 966 4980 1190 5051; x_wconf 89' lang='grc' dir='ltr'>κόσμου.</span> <span class='ocrx_word' id='word_1_754' title='bbox 1254 4982 1492 5036; x_wconf 87' lang='grc' dir='ltr'>Ἐνέσται</span> <span class='ocrx_word' id='word_1_755' title='bbox 1545 4984 1601 5036; x_wconf 85' lang='grc' dir='ltr'>δὲ</span> <span class='ocrx_word' id='word_1_756' title='bbox 1663 4983 1740 5053; x_wconf 82' lang='grc' dir='ltr'>τῷ</span> 
     </span>
    </p>
   </div>
   <div class='ocr_carea' id='block_1_97' title="bbox 175 5062 1738 5146">
    <p class='ocr_par' dir='ltr' id='par_1_97' title="bbox 175 5062 1738 5146">
     <span class='ocr_line' id='line_1_97' title="bbox 175 5062 1738 5146; baseline 0.004 -30"><span class='ocrx_word' id='word_1_757' title='bbox 175 5062 482 5137; x_wconf 82' lang='grc' dir='ltr'>βουλομένῳ</span> <span class='ocrx_word' id='word_1_758' title='bbox 529 5069 772 5140; x_wconf 86' lang='grc' dir='ltr'>ἐντυχεῖν</span> <span class='ocrx_word' id='word_1_759' title='bbox 803 5072 960 5142; x_wconf 79' lang='grc' dir='ltr'>αὐτῇ.</span> <span class='ocrx_word' id='word_1_760' title='bbox 996 5072 1140 5143; x_wconf 83' lang='grc' dir='ltr'><strong>Πλὴν</strong></span> <span class='ocrx_word' id='word_1_761' title='bbox 1187 5073 1256 5127; x_wconf 70' lang='grc' dir='ltr'>τὰ</span> <span class='ocrx_word' id='word_1_762' title='bbox 1311 5077 1439 5146; x_wconf 71' lang='grc' dir='ltr'>περὶ</span> <span class='ocrx_word' id='word_1_763' title='bbox 1474 5072 1567 5125; x_wconf 82' lang='grc' dir='ltr'><strong>τοῦ</strong></span> <span class='ocrx_word' id='word_1_764' title='bbox 1622 5073 1738 5124; x_wconf 79' lang='grc' dir='ltr'><strong>Ἀν-</strong></span> 
     </span>
    </p>
   </div>
   <div class='ocr_carea' id='block_1_98' title="bbox 167 5154 1738 5231">
    <p class='ocr_par' dir='ltr' id='par_1_98' title="bbox 167 5154 1738 5231">
     <span class='ocr_line' id='line_1_98' title="bbox 167 5154 1738 5231; baseline 0.004 -24"><span class='ocrx_word' id='word_1_765' title='bbox 167 5154 472 5224; x_wconf 75' lang='grc' dir='ltr'>τιχρίστου,</span> <span class='ocrx_word' id='word_1_766' title='bbox 512 5158 614 5227; x_wconf 84' lang='grc' dir='ltr'><strong>δρα</strong></span> <span class='ocrx_word' id='word_1_767' title='bbox 638 5161 688 5212; x_wconf 85' lang='grc' dir='ltr'><strong>εί</strong></span> <span class='ocrx_word' id='word_1_768' title='bbox 725 5160 800 5231; x_wconf 82' lang='grc' dir='ltr'>μὴ</span> <span class='ocrx_word' id='word_1_769' title='bbox 823 5160 1046 5217; x_wconf 79' lang='grc' dir='ltr'>τοιαῦτά</span> <span class='ocrx_word' id='word_1_770' title='bbox 1080 5164 1231 5216; x_wconf 85' lang='grc' dir='ltr'>ἐστι·</span> <span class='ocrx_word' id='word_1_771' title='bbox 1267 5181 1285 5214; x_wconf 82' lang='grc' dir='ltr'><strong>ι</strong></span> <span class='ocrx_word' id='word_1_772' title='bbox 1323 5163 1430 5216; x_wconf 79' lang='grc' dir='ltr'>Καὶ</span> <span class='ocrx_word' id='word_1_773' title='bbox 1468 5163 1554 5214; x_wconf 81' lang='grc' dir='ltr'>ἐπ’</span> <span class='ocrx_word' id='word_1_774' title='bbox 1585 5162 1738 5230; x_wconf 83' lang='grc' dir='ltr'>ἐσχά-</span> 
     </span>
    </p>
   </div>
   <div class='ocr_carea' id='block_1_99' title="bbox 230 5273 826 5383">
    <p class='ocr_par' dir='ltr' id='par_1_99' title="bbox 230 5273 826 5383">
     <span class='ocr_line' id='line_1_99' title="bbox 230 5273 826 5383; baseline 0.012 -16"><span class='ocrx_word' id='word_1_775' title='bbox 230 5273 294 5345; x_wconf 58' lang='grc' dir='ltr'><strong>ὐο</strong></span> <span class='ocrx_word' id='word_1_776' title='bbox 326 5313 367 5368; x_wconf 84' lang='grc' dir='ltr'><strong>ιι</strong></span> <span class='ocrx_word' id='word_1_777' title='bbox 395 5314 584 5370; x_wconf 80' lang='lat' dir='ltr'><strong>Thess.</strong></span> <span class='ocrx_word' id='word_1_778' title='bbox 623 5333 684 5383; x_wconf 85' lang='grc' dir='ltr'><strong>ιι,</strong></span> <span class='ocrx_word' id='word_1_779' title='bbox 717 5320 826 5374; x_wconf 80' lang='lat' dir='ltr'><strong>t-e.</strong></span> 
     </span>
    </p>
   </div>
   <div class='ocr_carea' id='block_1_100' title="bbox 1841 4611 3397 4682">
    <p class='ocr_par' dir='ltr' id='par_1_100' title="bbox 1841 4611 3397 4682">
     <span class='ocr_line' id='line_1_100' title="bbox 1841 4611 3397 4682; baseline 0.004 -20"><span class='ocrx_word' id='word_1_780' title='bbox 1841 4627 1960 4681; x_wconf 79' lang='lat' dir='ltr'><strong>qua:</strong></span> <span class='ocrx_word' id='word_1_781' title='bbox 2003 4612 2068 4665; x_wconf 89' lang='lat' dir='ltr'><strong>ad</strong></span> <span class='ocrx_word' id='word_1_782' title='bbox 2103 4628 2260 4679; x_wconf 70' lang='lat' dir='ltr'><strong>regna</strong></span> <span class='ocrx_word' id='word_1_783' title='bbox 2292 4611 2475 4664; x_wconf 81' lang='lat' dir='ltr'><strong>futura</strong></span> <span class='ocrx_word' id='word_1_784' title='bbox 2509 4621 2778 4680; x_wconf 79' lang='lat' dir='ltr'><strong>spectant,</strong></span> <span class='ocrx_word' id='word_1_785' title='bbox 2812 4628 2842 4666; x_wconf 89' lang='lat' dir='ltr'><strong>a</strong></span> <span class='ocrx_word' id='word_1_786' title='bbox 2873 4613 3098 4669; x_wconf 87' lang='lat' dir='ltr'><strong>Daniele</strong></span> <span class='ocrx_word' id='word_1_787' title='bbox 3125 4615 3194 4669; x_wconf 89' lang='lat' dir='ltr'><strong>ad</strong></span> <span class='ocrx_word' id='word_1_788' title='bbox 3226 4628 3397 4682; x_wconf 81' lang='lat' dir='ltr'><strong>usque</strong></span> 
     </span>
    </p>
   </div>
   <div class='ocr_carea' id='block_1_101' title="bbox 1843 4703 3390 4772">
    <p class='ocr_par' dir='ltr' id='par_1_101' title="bbox 1843 4703 3390 4772">
     <span class='ocr_line' id='line_1_101' title="bbox 1843 4703 3390 4772; baseline 0.002 -17"><span class='ocrx_word' id='word_1_789' title='bbox 1843 4703 2035 4757; x_wconf 84' lang='lat' dir='ltr'><strong>mundi</strong></span> <span class='ocrx_word' id='word_1_790' title='bbox 2061 4703 2356 4758; x_wconf 86' lang='lat' dir='ltr'><strong>interitum.</strong></span> <span class='ocrx_word' id='word_1_791' title='bbox 2385 4704 2615 4758; x_wconf 80' lang='lat' dir='ltr'><strong>Cuililiet</strong></span> <span class='ocrx_word' id='word_1_792' title='bbox 2643 4703 2840 4758; x_wconf 84' lang='lat' dir='ltr'><strong>volenti</strong></span> <span class='ocrx_word' id='word_1_793' title='bbox 2863 4704 2992 4759; x_wconf 86' lang='lat' dir='ltr'><strong>licet</strong></span> <span class='ocrx_word' id='word_1_794' title='bbox 3038 4719 3158 4758; x_wconf 85' lang='lat' dir='ltr'><strong>eam</strong></span> <span class='ocrx_word' id='word_1_795' title='bbox 3189 4703 3390 4772; x_wconf 74' lang='lat' dir='ltr'><strong>legere.</strong></span> 
     </span>
    </p>
   </div>
   <div class='ocr_carea' id='block_1_102' title="bbox 1845 4793 3392 4867">
    <p class='ocr_par' dir='ltr' id='par_1_102' title="bbox 1845 4793 3392 4867">
     <span class='ocr_line' id='line_1_102' title="bbox 1845 4793 3392 4867; baseline 0.001 -19"><span class='ocrx_word' id='word_1_796' title='bbox 1845 4793 1951 4848; x_wconf 89' lang='lat' dir='ltr'><strong>Sed</strong></span> <span class='ocrx_word' id='word_1_797' title='bbox 1981 4810 2102 4863; x_wconf 67' lang='lat' dir='ltr'><strong>quae</strong></span> <span class='ocrx_word' id='word_1_798' title='bbox 2150 4795 2216 4848; x_wconf 91' lang='lat' dir='ltr'><strong>ad</strong></span> <span class='ocrx_word' id='word_1_799' title='bbox 2254 4795 2651 4850; x_wconf 76' lang='lat' dir='ltr'><strong>Antii-liristum</strong></span> <span class='ocrx_word' id='word_1_800' title='bbox 2703 4799 2994 4867; x_wconf 88' lang='lat' dir='ltr'><strong>pertinent,</strong></span> <span class='ocrx_word' id='word_1_801' title='bbox 3047 4795 3173 4851; x_wconf 79' lang='lat' dir='ltr'><strong>vide</strong></span> <span class='ocrx_word' id='word_1_802' title='bbox 3209 4809 3392 4850; x_wconf 87' lang='lat' dir='ltr'><strong>annon</strong></span> 
     </span>
    </p>
   </div>
   <div class='ocr_carea' id='block_1_103' title="bbox 1841 4885 3389 4955">
    <p class='ocr_par' dir='ltr' id='par_1_103' title="bbox 1841 4885 3389 4955">
     <span class='ocr_line' id='line_1_103' title="bbox 1841 4885 3389 4955; baseline -0.002 -13"><span class='ocrx_word' id='word_1_803' title='bbox 1841 4888 1950 4942; x_wconf 89' lang='lat' dir='ltr'><strong>sint</strong></span> <span class='ocrx_word' id='word_1_804' title='bbox 1977 4885 2236 4954; x_wconf 84' lang='lat' dir='ltr'><strong>ejusmodi</strong></span> <span class='ocrx_word' id='word_1_805' title='bbox 2271 4905 2284 4940; x_wconf 93' lang='lat'><strong>:</strong></span> <span class='ocrx_word' id='word_1_806' title='bbox 2316 4906 2334 4938; x_wconf 77' lang='grc' dir='ltr'><strong>ι</strong></span> <span class='ocrx_word' id='word_1_807' title='bbox 2375 4887 2439 4942; x_wconf 85' lang='lat' dir='ltr'><strong>Et</strong></span> <span class='ocrx_word' id='word_1_808' title='bbox 2468 4888 2566 4942; x_wconf 89' lang='lat' dir='ltr'><strong>sub</strong></span> <span class='ocrx_word' id='word_1_809' title='bbox 2617 4889 2776 4942; x_wconf 83' lang='lat' dir='ltr'><strong>tinem</strong></span> <span class='ocrx_word' id='word_1_810' title='bbox 2808 4887 2960 4955; x_wconf 74' lang='lat' dir='ltr'><strong>regni</strong></span> <span class='ocrx_word' id='word_1_811' title='bbox 3007 4900 3222 4950; x_wconf 90' lang='lat' dir='ltr'><strong>eorum,</strong></span> <span class='ocrx_word' id='word_1_812' title='bbox 3265 4900 3389 4940; x_wconf 90' lang='lat' dir='ltr'><strong>cum</strong></span> 
     </span>
    </p>
   </div>
   <div class='ocr_carea' id='block_1_104' title="bbox 1839 4977 3389 5050">
    <p class='ocr_par' dir='ltr' id='par_1_104' title="bbox 1839 4977 3389 5050">
     <span class='ocr_line' id='line_1_104' title="bbox 1839 4977 3389 5050; baseline -0.002 -16"><span class='ocrx_word' id='word_1_813' title='bbox 1839 4980 2107 5035; x_wconf 87' lang='lat' dir='ltr'><strong>creverint</strong></span> <span class='ocrx_word' id='word_1_814' title='bbox 2137 4980 2477 5050; x_wconf 84' lang='lat' dir='ltr'><strong>iniquitates,</strong></span> <span class='ocrx_word' id='word_1_815' title='bbox 2516 4989 2807 5049; x_wconf 82' lang='lat' dir='ltr'><strong>consurget</strong></span> <span class='ocrx_word' id='word_1_816' title='bbox 2833 4994 2924 5033; x_wconf 77' lang='lat' dir='ltr'><strong>rex</strong></span> <span class='ocrx_word' id='word_1_817' title='bbox 2953 4978 3234 5046; x_wconf 74' lang='lat' dir='ltr'><strong>impudens</strong></span> <span class='ocrx_word' id='word_1_818' title='bbox 3251 4977 3389 5031; x_wconf 82' lang='lat' dir='ltr'><strong>faeie</strong></span> 
     </span>
    </p>
   </div>
   <div class='ocr_carea' id='block_1_105' title="bbox 1838 5068 3391 5143">
    <p class='ocr_par' dir='ltr' id='par_1_105' title="bbox 1838 5068 3391 5143">
     <span class='ocr_line' id='line_1_105' title="bbox 1838 5068 3391 5143; baseline -0.001 -19"><span class='ocrx_word' id='word_1_819' title='bbox 1838 5080 1892 5124; x_wconf 90' lang='lat' dir='ltr'><strong>et</strong></span> <span class='ocrx_word' id='word_1_820' title='bbox 1916 5069 2217 5142; x_wconf 80' lang='lat' dir='ltr'><strong>intelligens</strong></span> <span class='ocrx_word' id='word_1_821' title='bbox 2242 5072 2649 5143; x_wconf 83' lang='lat' dir='ltr'><strong>propositiones,</strong></span> <span class='ocrx_word' id='word_1_822' title='bbox 2671 5082 2736 5140; x_wconf 37' lang='lat' dir='ltr'><strong>et.</strong></span> <span class='ocrx_word' id='word_1_823' title='bbox 2762 5069 3106 5126; x_wconf 87' lang='lat' dir='ltr'><strong>roborabitur</strong></span> <span class='ocrx_word' id='word_1_824' title='bbox 3133 5068 3391 5123; x_wconf 74' lang='lat' dir='ltr'><strong>fortitudo</strong></span> 
     </span>
    </p>
   </div>
   <div class='ocr_carea' id='block_1_106' title="bbox 1838 5155 3387 5227">
    <p class='ocr_par' dir='ltr' id='par_1_106' title="bbox 1838 5155 3387 5227">
     <span class='ocr_line' id='line_1_106' title="bbox 1838 5155 3387 5227; baseline -0.003 -14"><span class='ocrx_word' id='word_1_825' title='bbox 1838 5159 1984 5226; x_wconf 84' lang='lat' dir='ltr'><strong>ejus,</strong></span> <span class='ocrx_word' id='word_1_826' title='bbox 2043 5170 2098 5214; x_wconf 92' lang='lat' dir='ltr'><strong>et</strong></span> <span class='ocrx_word' id='word_1_827' title='bbox 2144 5161 2480 5216; x_wconf 72' lang='lat' dir='ltr'><strong>admirabilia</strong></span> <span class='ocrx_word' id='word_1_828' title='bbox 2533 5159 2806 5223; x_wconf 84' lang='lat' dir='ltr'><strong>destruet,</strong></span> <span class='ocrx_word' id='word_1_829' title='bbox 2859 5165 2915 5213; x_wconf 89' lang='lat' dir='ltr'><strong>et</strong></span> <span class='ocrx_word' id='word_1_830' title='bbox 2958 5155 3387 5227; x_wconf 79' lang='lat' dir='ltr'><strong>prosperabitur,</strong></span> 
     </span>
    </p>
   </div>
   <div class='ocr_carea' id='block_1_107' title="bbox 248 5429 1747 5536">
    <p class='ocr_par' dir='ltr' id='par_1_107' title="bbox 248 5429 1732 5536">
     <span class='ocr_line' id='line_1_107' title="bbox 248 5429 1732 5536; baseline 0.015 -39"><span class='ocrx_word' id='word_1_831' title='bbox 248 5443 612 5536; x_wconf 41' lang='grc' dir='ltr'>ςὲλξορι-εῐς</span> <span class='ocrx_word' id='word_1_832' title='bbox 649 5450 712 5502; x_wconf 81' lang='grc' dir='ltr'><strong>τὸ</strong></span> <span class='ocrx_word' id='word_1_833' title='bbox 744 5453 818 5536; x_wconf 84' lang='grc' dir='ltr'>μή</span> <span class='ocrx_word' id='word_1_834' title='bbox 838 5492 873 5536; x_wconf 50' lang='grc'>,.</span> <span class='ocrx_word' id='word_1_835' title='bbox 898 5453 1050 5536; x_wconf 61' lang='lat' dir='ltr'><strong>libb.</strong></span> <span class='ocrx_word' id='word_1_836' title='bbox 1080 5458 1206 5536; x_wconf 80' lang='lat' dir='ltr'><strong>editi</strong></span> <span class='ocrx_word' id='word_1_837' title='bbox 1243 5459 1462 5536; x_wconf 78' lang='lat' dir='ltr'><strong>addunt,</strong></span> <span class='ocrx_word' id='word_1_838' title='bbox 1494 5468 1549 5514; x_wconf 90' lang='lat' dir='ltr'><strong>et</strong></span> <span class='ocrx_word' id='word_1_839' title='bbox 1579 5462 1732 5520; x_wconf 85' lang='lat' dir='ltr'><strong>uncis</strong></span> 
     </span>
    </p>
   </div>
   <div class='ocr_carea' id='block_1_108' title="bbox 1847 5429 2140 5536">
    <p class='ocr_par' dir='ltr' id='par_1_108' title="bbox 1847 5463 2140 5536">
     <span class='ocr_line' id='line_1_108' title="bbox 1847 5463 2140 5536; baseline 0.014 -18"><span class='ocrx_word' id='word_1_840' title='bbox 1847 5466 1981 5536; x_wconf 75' lang='grc' dir='ltr'>τέχον</span> <span class='ocrx_word' id='word_1_841' title='bbox 2007 5463 2140 5522; x_wconf 80' lang='grc' dir='ltr'>οἴδα.</span> 
     </span>
    </p>
   </div>
   <div class='ocr_carea' id='block_1_109' title="bbox 175 5515 1729 5591">
    <p class='ocr_par' dir='ltr' id='par_1_109' title="bbox 175 5515 1729 5591">
     <span class='ocr_line' id='line_1_109' title="bbox 175 5515 1729 5591; baseline -0.005 8"><span class='ocrx_word' id='word_1_842' title='bbox 175 5515 456 5591; x_wconf 50' lang='grc' dir='ltr'><strong>ίηῗΨάΨὶι</strong></span> <span class='ocrx_word' id='word_1_843' title='bbox 483 5518 711 5588; x_wconf 82' lang='grc' dir='ltr'>ταχέως,</span> <span class='ocrx_word' id='word_1_844' title='bbox 732 5515 873 5591; x_wconf 51' lang='lat' dir='ltr'><strong>quod</strong></span> <span class='ocrx_word' id='word_1_845' title='bbox 907 5525 1060 5578; x_wconf 90' lang='lat' dir='ltr'><strong>abest</strong></span> <span class='ocrx_word' id='word_1_846' title='bbox 1090 5529 1158 5581; x_wconf 86' lang='lat' dir='ltr'><strong>ab</strong></span> <span class='ocrx_word' id='word_1_847' title='bbox 1194 5515 1729 5591; x_wconf 23' lang='lat' dir='ltr'><strong>omnibus&#39;mssaﬂi</strong></span> 
     </span>
    </p>
   </div>
   <div class='ocr_carea' id='block_1_110' title="bbox 244 5583 1730 5669">
    <p class='ocr_par' dir='ltr' id='par_1_110' title="bbox 244 5583 1730 5669">
     <span class='ocr_line' id='line_1_110' title="bbox 244 5583 1730 5669; baseline 0.012 -30"><span class='ocrx_word' id='word_1_848' title='bbox 244 5583 325 5669; x_wconf 18' lang='lat' dir='ltr'><strong>(A9)</strong></span> <span class='ocrx_word' id='word_1_849' title='bbox 366 5583 894 5669; x_wconf 64' lang='lat' dir='ltr'><strong>Oit_y1_~nyqreii_ete.</strong></span> <span class='ocrx_word' id='word_1_850' title='bbox 918 5591 1033 5669; x_wconf 75' lang='lat' dir='ltr'><strong>_Sic_</strong></span> <span class='ocrx_word' id='word_1_851' title='bbox 1052 5607 1199 5669; x_wconf 82' lang='lat' dir='ltr'><strong>recte</strong></span> <span class='ocrx_word' id='word_1_852' title='bbox 1235 5597 1391 5650; x_wconf 85' lang='lat' dir='ltr'><strong>codd.</strong></span> <span class='ocrx_word' id='word_1_853' title='bbox 1436 5583 1599 5669; x_wconf 30' lang='lat' dir='ltr'><strong>Regi,</strong></span> <span class='ocrx_word' id='word_1_854' title='bbox 1629 5583 1730 5656; x_wconf 48' lang='lat' dir='ltr'><strong>Va;</strong></span> 
     </span>
    </p>
   </div>
   <div class='ocr_carea' id='block_1_111' title="bbox 181 5655 1730 5738">
    <p class='ocr_par' dir='ltr' id='par_1_111' title="bbox 181 5655 1730 5738">
     <span class='ocr_line' id='line_1_111' title="bbox 181 5655 1730 5738; baseline 0.012 -31"><span class='ocrx_word' id='word_1_855' title='bbox 181 5655 481 5738; x_wconf 56' lang='lat' dir='ltr'><strong>ticauuset</strong></span> <span class='ocrx_word' id='word_1_856' title='bbox 519 5659 624 5710; x_wconf 88' lang='lat' dir='ltr'><strong>duo</strong></span> <span class='ocrx_word' id='word_1_857' title='bbox 654 5657 1208 5738; x_wconf 69' lang='lat' dir='ltr'><strong>Anglicani._lla_zsch.</strong></span> <span class='ocrx_word' id='word_1_858' title='bbox 1251 5675 1430 5738; x_wconf 82' lang='lat' dir='ltr'><strong>autem</strong></span> <span class='ocrx_word' id='word_1_859' title='bbox 1462 5655 1547 5721; x_wconf 48' lang='lat' dir='ltr'><strong>et”</strong></span> <span class='ocrx_word' id='word_1_860' title='bbox 1563 5655 1730 5738; x_wconf 78' lang='lat' dir='ltr'><strong>Spen-</strong></span> 
     </span>
    </p>
   </div>
   <div class='ocr_carea' id='block_1_112' title="bbox 175 5724 1726 5805">
    <p class='ocr_par' dir='ltr' id='par_1_112' title="bbox 175 5724 1726 5805">
     <span class='ocr_line' id='line_1_112' title="bbox 175 5724 1726 5805; baseline 0.014 -30"><span class='ocrx_word' id='word_1_861' title='bbox 175 5737 322 5805; x_wconf 43' lang='lat' dir='ltr'><strong>cer...</strong></span> <span class='ocrx_word' id='word_1_862' title='bbox 371 5724 434 5779; x_wconf 75' lang='grc' dir='ltr'>οὐ</span> <span class='ocrx_word' id='word_1_863' title='bbox 461 5727 890 5805; x_wconf 51' lang='grc' dir='ltr'>μνημρνεύετῳ.</span> <span class='ocrx_word' id='word_1_864' title='bbox 954 5730 1120 5805; x_wconf 65' lang='lat' dir='ltr'><strong>Paulo</strong></span> <span class='ocrx_word' id='word_1_865' title='bbox 1170 5745 1319 5803; x_wconf 89' lang='lat' dir='ltr'><strong>post,</strong></span> <span class='ocrx_word' id='word_1_866' title='bbox 1371 5737 1504 5792; x_wconf 87' lang='lat' dir='ltr'><strong>bene</strong></span> <span class='ocrx_word' id='word_1_867' title='bbox 1559 5724 1726 5796; x_wconf 71' lang='lat' dir='ltr'><strong>codex</strong></span> 
     </span>
    </p>
   </div>
   <div class='ocr_carea' id='block_1_113' title="bbox 183 5792 1728 5880">
    <p class='ocr_par' dir='ltr' id='par_1_113' title="bbox 183 5792 1728 5880">
     <span class='ocr_line' id='line_1_113' title="bbox 183 5792 1728 5880; baseline 0.027 -53"><span class='ocrx_word' id='word_1_868' title='bbox 183 5792 402 5864; x_wconf 65' lang='grc' dir='ltr'>ιινεῑιιε,</span> <span class='ocrx_word' id='word_1_869' title='bbox 427 5792 496 5850; x_wconf 59' lang='grc' dir='ltr'>τό</span> <span class='ocrx_word' id='word_1_870' title='bbox 514 5792 737 5869; x_wconf 58' lang='grc' dir='ltr'>κᾴ-ὲέχον</span> <span class='ocrx_word' id='word_1_871' title='bbox 769 5799 963 5855; x_wconf 57' lang='grc' dir='ltr'>οἴδατε.</span> <span class='ocrx_word' id='word_1_872' title='bbox 993 5792 1205 5861; x_wconf 73' lang='lat' dir='ltr'><strong>llmscli.</strong></span> <span class='ocrx_word' id='word_1_873' title='bbox 1234 5814 1288 5861; x_wconf 89' lang='lat' dir='ltr'><strong>ct</strong></span> <span class='ocrx_word' id='word_1_874' title='bbox 1307 5792 1613 5880; x_wconf 35' lang='lat' dir='ltr'><strong>&#39;Spcnccr;</strong></span> <span class='ocrx_word' id='word_1_875' title='bbox 1632 5792 1728 5868; x_wconf 57' lang='grc' dir='ltr'>καξ</span> 
     </span>
    </p>
   </div>
   <div class='ocr_carea' id='block_1_114' title="bbox 1899 5517 3384 5606">
    <p class='ocr_par' dir='ltr' id='par_1_114' title="bbox 1899 5517 3384 5606">
     <span class='ocr_line' id='line_1_114' title="bbox 1899 5517 3384 5606; baseline 0.001 -18"><span class='ocrx_word' id='word_1_876' title='bbox 1899 5517 2029 5606; x_wconf 38' lang='lat'><strong>(&#39;10)—</strong></span> <span class='ocrx_word' id='word_1_877' title='bbox 2046 5517 2224 5590; x_wconf 59' lang='lat' dir='ltr'><strong>codex</strong></span> <span class='ocrx_word' id='word_1_878' title='bbox 2274 5534 2492 5604; x_wconf 79' lang='lat' dir='ltr'><strong>Regius,</strong></span> <span class='ocrx_word' id='word_1_879' title='bbox 2522 5535 2588 5606; x_wconf 13' lang='grc' dir='ltr'>κόν</span> <span class='ocrx_word' id='word_1_880' title='bbox 2626 5535 2654 5587; x_wconf 87' lang='lat'><strong>6</strong></span> <span class='ocrx_word' id='word_1_881' title='bbox 2685 5534 2888 5606; x_wconf 86' lang='grc' dir='ltr'>Κύριος</span> <span class='ocrx_word' id='word_1_882' title='bbox 2938 5517 3216 5606; x_wconf 70' lang='grc' dir='ltr'>ἀναλώσει.</span> 
     </span>
    </p>
   </div>
   <div class='ocr_carea' id='block_1_115' title="bbox 1829 5603 3382 5677">
    <p class='ocr_par' dir='ltr' id='par_1_115' title="bbox 1829 5603 3382 5677">
     <span class='ocr_line' id='line_1_115' title="bbox 1829 5603 3382 5677; baseline -0.001 -18"><span class='ocrx_word' id='word_1_883' title='bbox 1829 5603 2059 5677; x_wconf 59' lang='lat' dir='ltr'><strong>schelius</strong></span> <span class='ocrx_word' id='word_1_884' title='bbox 2093 5616 2148 5660; x_wconf 87' lang='lat' dir='ltr'><strong>et</strong></span> <span class='ocrx_word' id='word_1_885' title='bbox 2190 5603 2474 5674; x_wconf 60' lang='grc' dir='ltr'>δρομάδα,</span> <span class='ocrx_word' id='word_1_886' title='bbox 2517 5605 2578 5659; x_wconf 90' lang='grc' dir='ltr'>ὂν</span> <span class='ocrx_word' id='word_1_887' title='bbox 2623 5608 2650 5658; x_wconf 92' lang='grc' dir='ltr'>ό</span> <span class='ocrx_word' id='word_1_888' title='bbox 2692 5603 2893 5677; x_wconf 79' lang='grc' dir='ltr'>Κύριος</span> <span class='ocrx_word' id='word_1_889' title='bbox 2936 5604 3212 5676; x_wconf 81' lang='grc' dir='ltr'><strong>[Ἰησοῦς]</strong></span> <span class='ocrx_word' id='word_1_890' title='bbox 3252 5603 3382 5658; x_wconf 72' lang='grc' dir='ltr'>ἀνσ-</span> 
     </span>
    </p>
   </div>
   <div class='ocr_carea' id='block_1_116' title="bbox 1825 5673 1926 5730">
    <p class='ocr_par' dir='ltr' id='par_1_116' title="bbox 1825 5673 1926 5730">
     <span class='ocr_line' id='line_1_116' title="bbox 1825 5673 1926 5730; baseline 0 -5"><span class='ocrx_word' id='word_1_891' title='bbox 1825 5673 1926 5730; x_wconf 83' lang='grc' dir='ltr'>λεῖ,</span> 
     </span>
    </p>
   </div>
   <div class='ocr_carea' id='block_1_117' title="bbox 1870 5742 3372 5844">
    <p class='ocr_par' dir='ltr' id='par_1_117' title="bbox 1870 5742 3372 5844">
     <span class='ocr_line' id='line_1_117' title="bbox 1870 5742 3372 5844; baseline -0.001 -48"><span class='ocrx_word' id='word_1_892' title='bbox 1870 5744 2004 5844; x_wconf 42' lang='grc' dir='ltr'><strong>λ(Η)</strong></span> <span class='ocrx_word' id='word_1_893' title='bbox 2046 5744 2219 5800; x_wconf 76' lang='lat' dir='ltr'><strong>Codex</strong></span> <span class='ocrx_word' id='word_1_894' title='bbox 2268 5743 2486 5814; x_wconf 78' lang='lat' dir='ltr'><strong>Regius.</strong></span> <span class='ocrx_word' id='word_1_895' title='bbox 2515 5744 2738 5816; x_wconf 67' lang='grc' dir='ltr'>πέμψει.</span> <span class='ocrx_word' id='word_1_896' title='bbox 2771 5742 2984 5800; x_wconf 60' lang='grc' dir='ltr'>Παιδί-ξι.</span> <span class='ocrx_word' id='word_1_897' title='bbox 3013 5753 3066 5801; x_wconf 89' lang='lat' dir='ltr'><strong>ct</strong></span> <span class='ocrx_word' id='word_1_898' title='bbox 3096 5743 3372 5812; x_wconf 87' lang='lat' dir='ltr'><strong>Spenccr.,</strong></span> 
     </span>
    </p>
   </div>
   <div class='ocr_carea' id='block_1_118' title="bbox 1826 5831 2048 5884">
    <p class='ocr_par' dir='ltr' id='par_1_118' title="bbox 1826 5831 2048 5884">
     <span class='ocr_line' id='line_1_118' title="bbox 1826 5831 2048 5884; baseline 0.009 -19"><span class='ocrx_word' id='word_1_899' title='bbox 1826 5831 2048 5884; x_wconf 77' lang='grc' dir='ltr'>πεμπει.</span> 
     </span>
    </p>
   </div>
  </div>
