4094 6322
740 458 871 516 i371

2185 479 2505 539 ORIGEMS

3804 484 3831 538 Ι
3841 483 3945 538 3ῒῖ

737 580 904 652 669
930 591 983 637 et
1006 583 1185 649 faciet,
1210 595 1265 642 et
1301 588 1584 647 interﬁciet
1627 595 1872 653 robustos
1926 607 1978 653 et
2034 601 2277 669 populum

2384 620 2461 671 τῳ
2506 600 2605 671 τῆς
2657 600 2928 670 βασιλείοις
2976 598 3151 653 αὐτῶν
3200 598 3349 670 (l2),
3399 596 3785 669 πληρουμένων
3831 599 3946 653 τῶν

740 682 1003 739 sanctum,
1036 686 1088 730 et
1109 677 1294 745 jugum
1326 681 1663 738 vinculorum
1696 686 1813 753 ejus
1856 692 2279 757 prosperabitur.

740 759 901 823 Dolus
928 764 979 817 in
1008 781 1164 823 manu
1197 769 1311 839 ejus
1346 781 1397 827 et
1423 773 1474 827 in
1516 777 1679 830 corde
1704 776 1817 844 ejus
1839 780 2281 847 magniﬁcabitur.

738 848 869 905 Dolo
891 859 1250 923 pessumdabit
1270 861 1464 917 multos
1489 873 1543 917 et
1568 866 1730 921 stabit
1765 868 1817 920 in
1854 869 2141 924 multorum
2165 884 2287 937 per-

740 939 952 1027 niciem,
977 955 1032 998 et
1062 956 1119 1001 ut
1141 964 1238 1003 ova
1296 968 1451 1008 manu
1496 960 1823 1013 conteret“.
1864 977 1883 1010 ι
1918 959 2067 1027 Quod
2099 975 2223 1015 vero
2258 977 2287 1015 a

702 1060 705 1063 ν
736 1026 902 1084 Paulo
925 1033 1121 1089 dictum
1151 1050 1230 1092 est
1256 1040 1337 1094 his
1361 1042 1478 1111 ejus
1500 1059 1619 1112 quae
1641 1047 1922 1102 citavimus
1948 1026 2156 1111 verbis,
2182 1067 2201 1099 ι
2228 1058 2287 1103 ιιι

737 1118 921 1175 sedeat
948 1121 1000 1176 in
1023 1127 1215 1193 templo
1235 1128 1324 1183 Dei
1344 1132 1634 1187 ostendens
1653 1149 1712 1189 se
1727 1137 1875 1203 quasi
1904 1136 1976 1191 sit
2002 1137 2142 1193 Deus
2158 1137 2224 1202 ⁸⁸,
2260 1155 2281 1199 ι

738 1209 966 1279 idipsum
1001 1228 1029 1287 ο
1067 1215 1279 1271 Dauiele
1313 1235 1627 1289 expressum
1666 1234 1747 1279 est
1780 1227 1830 1278 in
1863 1226 2002 1282 hunc
2027 1228 2239 1281 modum
2269 1247 2281 1283 :

744 1317 765 1351 ι
795 1300 859 1356 Et
892 1303 944 1356 in
980 1307 1175 1375 templo
1196 1310 1523 1365 abominatio
1552 1314 1922 1385 tlesolationis,
1955 1330 2007 1374 et
2030 1337 2200 1390 usque
2219 1325 2284 1377 ad

736 1397 1261 1450 consummationem
1288 1402 1541 1469 temporis
1567 1408 1961 1463 consummatio
1980 1410 2197 1466 dabitur
2218 1414 2284 1467 ad

735 1478 1114 1537 desolationem
1149 1486 1213 1540 ⁸⁸.
1257 1504 1275 1536 ι
1311 1490 1482 1557 Atque
1522 1493 1635 1547 lucc
1671 1510 1738 1549 ex
1786 1498 1966 1551 multis
2034 1499 2287 1569 colligere

731 1570 963 1638 judicavi
993 1589 1165 1642 opene
1188 1580 1440 1647 pretium,
1470 1592 1548 1647 ut,
1574 1598 1690 1651 qua:
1719 1586 2021 1642 divinarum
2045 1589 2286 1660 Scriptu-

737 1672 916 1713 rarum
943 1662 1008 1714 de
1039 1664 1251 1719 diabolo
1307 1676 1362 1719 et
1393 1668 1722 1726 Antichristo
1769 1674 1839 1727 sit
1886 1690 2059 1741 mens,
2116 1677 2284 1734 lector

734 1747 1070 1818 aliquatenus
1116 1752 1460 1824 intelligeret.
1515 1758 1608 1814 His
1662 1762 1821 1831 igitur
1866 1765 1918 1819 in
1965 1766 2107 1821 hanc
2158 1783 2274 1823 rem

731 1842 999 1904 contenti,
1028 1843 1135 1910 jam
1160 1846 1321 1899 alium
1342 1846 1481 1902 Celsi
1507 1848 1681 1904 locum
1710 1853 1984 1909 videamus
2008 1866 2061 1911 et
2094 1868 2279 1912 contra

733 1943 831 1995 pro
855 1931 1055 1986 viribus
1072 1935 1432 1991 decertemus.

2385 686 2666 757 ἁμαρτιῶν
2681 686 2874 751 αὐτῶν,
2893 687 3249 756 ἀναστήσεται
3272 685 3517 755 βασιλεὺς
3540 686 3762 757 ἀναιδὴς
3776 702 3946 757 προσο

2383 778 2537 849 ὡπῳ,
2561 780 2652 831 καὶ
2692 778 2882 831 συνιὼν
2915 777 3285 849 προϐλήματα,
3315 780 3405 830 καὶ
3442 778 3675 849 κραταιὰ
3709 780 3745 847 ἠ
3784 779 3944 849 ἰσχὺς

2383 868 2580 933 αὐτοῦ,
2638 870 2731 922 καὶ
2780 868 3063 939 θαυμαστά
3115 867 3411 938 διαφθερεῖ,
3452 869 3545 920 καὶ
3599 866 3940 931 κατευθυνεῖ,

2386 961 2479 1012 καὶ
2500 961 2729 1031 ποιήσει,
2754 960 2845 1013 καὶ
2864 959 3138 1029 διαφθερεῖ
3155 960 3404 1029 ἰσχυροὺς
3424 997 3438 1020 ,
3469 958 3563 1011 καὶ
3595 958 3721 1011 λαὸν
3749 958 3907 1025 ἅγιον
3923 975 3938 987 ·

2387 1050 2479 1101 καὶ
2503 1048 2532 1101 ὁ
2556 1048 2717 1117 ζυγὸς
2742 1049 2834 1101 τοῦ
2860 1048 3035 1107 κλοιοῦ
3063 1047 3225 1100 αὐτοῦ
3250 1046 3580 1100 κατευθυνεῖ.
3608 1046 3767 1109 Δόλος
3791 1048 3852 1098 ὲν
3873 1049 3941 1116 τῇ

2386 1140 2523 1210 χειρὶ
2548 1139 2732 1200 αὑτοῦ,
2777 1139 2871 1192 καὶ
2916 1140 2971 1190 ἐν
2998 1139 3189 1209 καρδίᾳ
3239 1136 3400 1191 αὑτοῦ
3455 1136 3938 1207 μεγαλυνθήσεται.

2383 1228 2493 1281 Καὶ
2511 1227 2644 1296 δόλῳ
2665 1227 2776 1299 (15)
2822 1226 3096 1298 διαφθερεῖ
3144 1228 3368 1290 πολλοὺς
3386 1270 3402 1293 ,
3431 1224 3524 1279 καὶ
3548 1226 3642 1278 ἐπὶ
3666 1227 3943 1289 ἀπωλείας

2385 1317 2590 1369 πολλῶν
2620 1319 2886 1388 στήσεται,
2914 1317 3007 1370 καὶ⁵
3031 1317 3106 1379 ὡς
3132 1316 3213 1369 ὠά
3239 1319 3375 1387 χειρὶ
3394 1315 3689 1388 συντρίψει.
3719 1335 3738 1366 ι
3767 1317 3942 1385 Ὅπερ

2381 1405 2437 1457 δὲ
2487 1405 2635 1476 παρὰ
2688 1406 2763 1476 τῷ
2794 1406 2985 1476 Παύλῳ
3016 1406 3260 1458 λέλεκται
3308 1408 3365 1457 ἐν
3478 1406 3743 1477 ἐξεθέμην
3772 1404 3941 1458 αὐτοῦ

2382 1495 2522 1561 λέξει
2558 1492 2835 1569 φασκούσῃ
2853 1537 2867 1559 ,
2909 1516 2925 1546 ι
2954 1495 3092 1549 ὥστε
3134 1494 3262 1550 αὐτὸ
3300 1496 3377 1558 εἰς
3408 1494 3498 1546 τὸν
3525 1495 3649 1547 ναὸν
3677 1493 3775 1548 τοῦ
3802 1494 3941 1548 Θεοῦ

2384 1586 2599 1640 καθίσαι
2628 1587 3010 1640 ἀποδεικνύντα
3042 1587 3228 1638 ἑαυτὸν
3256 1586 3337 1639 ὅτι
3364 1585 3481 1637 ἐστὶ
3518 1585 3683 1646 Θεός·
3717 1604 3736 1635 ι
3780 1585 3941 1639 τοῦτο

2382 1679 2475 1731 καὶ
2502 1680 2559 1731 ὲν
2593 1678 2671 1747 τῷ
2706 1675 2900 1747 Δανιὴλ
2927 1676 3111 1728 τοῦτον
3148 1676 3359 1746 εἴρηται
3390 1676 3481 1727 τὸν
3524 1675 3753 1744 τρόπον·
3787 1694 3805 1725 ι
3830 1676 3941 1728 Καὶ

2381 1767 2472 1820 ἐπὶ
2517 1767 2578 1819 τὸ
2620 1766 2760 1837 ἱερὸν
2811 1766 3078 1835 βδέλυγμα
3122 1765 3228 1817 τῶν
3281 1762 3630 1835 ὲρημώσεων,
3684 1762 3780 1815 καὶ
3835 1763 3940 1825 ἕως

2384 1856 2684 1921 συντελείας
2709 1854 2895 1924 καιροῦ
2943 1853 3213 1906 συντέλεια
3250 1853 3526 1923 δοθήσεται
3558 1852 3651 1903 ἐπὶ
3685 1852 3786 1921 τὴν
3812 1853 3941 1922 ἐρή-

2308 1945 2350 1998 Β
2382 1964 2570 2017 μωσιν.
2604 1964 2621 1996 ι
2672 1945 2917 1997 Τοσαῦτα
2964 1943 3029 2014 δὴ
3075 1944 3181 1997 ἀπὸ
3218 1943 3471 1996 πλειόνων
3514 1942 3689 2007 ἔδοξεν
3720 1943 3941 2010 εὔλογον

730 2018 867 2073 εἷναί
898 2042 985 2095 μοι
1013 2029 1380 2098 παραθέσθαι,
1414 2035 1494 2097 εἰς
1520 2035 1581 2087 τὸ
1603 2035 1703 2088 κᾶν
1734 2038 1818 2088 ἐπ’
1845 2039 2021 2107 ὀλίγον
2050 2043 2285 2096 συνιέναι
2318 2044 2409 2095 τὸν
2434 2041 2705 2111 ἀκροατὴν
2742 2041 2869 2111 περὶ
2895 2040 2985 2093 τοῦ
3038 2040 3369 2110 βουλήματος
3417 2039 3525 2091 τῶν
3547 2038 3705 2091 θείων
3745 2039 3938 2105 λόγων,

727 2111 1077 2168 διδασκόντων
1109 2118 1175 2171 τὰ
1223 2122 1471 2190 περὶτοῦ
1502 2123 1743 2177 διαϐόλου
1786 2130 1996 2182 καὶτοῦ
2049 2132 2435 2202 Ὰντιχρίστουσ
2486 2127 2566 2193 οἷς
2604 2132 2682 2193 είς
2726 2130 2895 2183 ταῦτα
2934 2128 3317 2200 ἀρκεσθέντες,
3372 2128 3566 2198 ἴδωμεν
3620 2130 3715 2183 καὶ
3774 2131 3939 2200 ἀλλην

726 2207 819 2260 τοῦ
851 2211 1057 2263 Κέλσου
1086 2212 1254 2278 λέξιν,
1283 2215 1375 2267 καὶ
1408 2218 1543 2287 πρὸς
1583 2219 1749 2289 αὐτὴν
1788 2222 1928 2275 κατά
1958 2224 2017 2275 τὸ
2059 2225 2278 2278 δυνατὸν
2305 2223 2716 2293 ἀγωνισώμεθα.

796 2301 883 2353 47.
924 2301 1013 2356 Sic
1053 2304 1139 2357 ille
1189 2307 1405 2373 pergit:
1442 2325 1459 2357 ι
1505 2307 1653 2362 Unde
1701 2311 1801 2365 hoc
1850 2312 2021 2381 ipsum
2073 2315 2176 2369 illis
2221 2316 2273 2368 in

728 2398 960 2443 mentem
995 2394 1215 2457 venerit,
1253 2394 1341 2449 Dei
1371 2396 1562 2448 Filium
1591 2409 1811 2462 vocare,
1839 2400 1949 2468 jam
1984 2412 2170 2455 notum
2195 2404 2274 2456 fa-

729 2480 835 2533 cio.
870 2479 1087 2534 Scilicet
1123 2492 1331 2536 veteres
1364 2485 1504 2540 hunc
1551 2491 1828 2556 mundum,
1884 2494 2033 2559 quasi
2064 2508 2129 2546 ex
2170 2493 2280 2549 Deo

729 2571 938 2639 genitus
962 2582 1119 2633 esset,
1163 2572 1250 2625 Dei
1305 2574 1467 2627 lilium
1518 2587 1572 2630 et
1609 2579 1998 2635 adolescentem
2044 2584 2279 2651 appella-

728 2672 875 2715 runt.
902 2659 1151 2728 Magnam
1184 2672 1333 2715 certe
1366 2662 1506 2717 hunc
1539 2666 1677 2719 inter
1699 2676 1752 2719 et
1791 2668 1934 2720 illum
1965 2668 2054 2721 Dei
2084 2668 2274 2723 Filium

726 2750 1165 2803 similitudinem!
1208 2770 1226 2802 ι
1260 2752 1409 2818 Quod
1439 2770 1565 2824 ergo
1593 2754 1681 2807 Dei
1709 2756 1900 2810 Filium
1946 2758 2191 2825 dicimus,
2224 2760 2275 2814 id

726 2857 823 2896 nos
845 2856 1125 2910 perperam
1160 2853 1428 2899 mutuatos
1460 2860 1579 2899 esse
1603 2847 1811 2915 putavit
1849 2863 1921 2901 ex.
1950 2849 2016 2903 iis
2064 2865 2185 2919 quae
2211 2851 2277 2905 de

725 2933 920 2986 mundo
944 2932 1137 2986 tradita
1169 2943 1313 2999 sunt,
1334 2936 1482 2988 illum
1510 2939 1758 2993 videlicet
1793 2955 1858 2993 ex
1883 2941 1988 2993 Deo
2013 2942 2271 3009 genitum,

723 3022 818 3076 Dei
849 3023 1011 3076 lilium
1052 3032 1105 3077 et
1130 3023 1294 3077 Deum
1319 3039 1455 3078 esse.
1509 3026 1689 3094 Neque
1737 3032 1879 3085 enim
1922 3032 2119 3101 Moysis
2151 3048 2274 3101 pro-

725 3114 1113 3182 phetat-umque
1141 3125 1349 3169 :ctalcm
1382 3118 1729 3173 considerare
1784 3124 1973 3189 potuit,
2028 3132 2087 3176 ut
2118 3124 2275 3177 intel-

725 3201 1233 3270 ligeretludmorum
1270 3210 1557 3275 prophetas
1609 3211 1673 3263 de
1724 3213 1953 3277 qundam
2002 3212 2094 3265 Dei
2141 3213 2275 3268 Filio

2454 2314 2644 2380 Ἔλεγε
2683 2312 2745 2383 δὴ
2784 2311 2919 2381 μετά
2951 2312 3018 2364 τὰ
3057 2312 3345 2381 ἐκκείμενα
3378 2311 3632 2364 τοιαῦτα·
3658 2332 3677 2363 ι
3717 2312 3936 2364 Ὀπόθει

2380 2404 2436 2455 δὲ
2470 2405 2561 2455 καὶ
2594 2404 2725 2455 αὐτὸ
2749 2403 2903 2454 τοῦτο
2935 2392 3166 2472 ἐπῆλθεν
3196 2404 3395 2466 αὐτοῖς,
3425 2403 3558 2455 Θεοῦ
3584 2402 3715 2454 Υἱδν
3732 2404 3932 2464 καλεῖν,

2384 2496 2646 2565 σημαίνω.
2667 2494 2886 2563 ’Ἄνδρες
2898 2493 3111 2545 παλαιοὶ
3127 2494 3271 2545 τόνδε
3286 2494 3375 2545 τὸν
3391 2494 3612 2562 κόσμον,
3630 2495 3703 2557 di;
3724 2497 3785 2547 ὲκ
3803 2495 3933 2546 Θεοῦ

2383 2586 2683 2653 γενόμενον,
2726 2584 2892 2636 παῖδά
2924 2599 2983 2634 τε
3028 2581 3189 2634 αὐτοῦ
3216 2582 3307 2633 καὶ
3343 2585 3518 2651 ﬁber:
3554 2584 3667 2651 (14)
3726 2587 3933 2654 προσεί-

2380 2690 2497 2724 πον.
2532 2674 2673 2724 Πάνυ
2696 2672 2824 2740 γοῦν
2847 2673 3027 2742 ὅμοιος
3052 2666 3199 2733 οὗτός
3218 2689 3275 2723 τε
3297 2673 3543 2735 κάκεῖνος
3566 2674 3701 2736 Παῖς
3725 2674 3886 2726 Θεοῦῐ
3912 2693 3930 2725 ›

2393 2762 2553 2833 ᾨήθη
2588 2763 2711 2815 Υίὸν
2739 2762 2871 2815 Θεοῦ
2906 2763 3049 2834 ἡμᾶς
3100 2762 3297 2830 λέγειν,
3333 2764 3814 2833 παραποιήσαντας
3868 2762 3934 2815 si

2379 2855 2505 2925 περὶ
2537 2854 2629 2907 τοῦ
2665 2856 2888 2924 κόσμου,
2927 2855 3002 2919 ὡς
3037 2855 3102 2907 ἐκ
3137 2853 3270 2908 Θεοῦ
3316 2855 3629 2933 γενομένου,
3677 2855 3775 2907 καὶ
3818 2853 3932 2907 υίοῦ

2379 2944 2528 3007 ὄντος
2572 2944 2760 3011 αὐτοῦ,
2812 2946 2903 2998 καὶ
2935 2945 3073 2999 θεοῦ.
3117 2945 3193 2998 Οὐ
3237 2943 3341 3015 γὰρ
3368 2944 3595 3014 ἐδυνήθη
3640 2943 3935 3012 ἐπιστήσας

2378 3038 2488 3097 τοῖς
2519 3034 2726 3103 χρόνοις
2770 3036 3043 3099 Μωῦσέως
3084 3035 3177 3088 καὶ
3217 3034 3325 3086 τῶν
3354 3031 3643 3104 προφητῶν
3680 3033 3828 3095 ἰδεῖν,
3855 3030 3937 3085 ὅτι

2380 3124 2604 3176 καθόλου
2644 3124 2703 3175 τὸ
2728 3119 2863 3175 εἶναί
2889 3141 3009 3176 τινα
3051 3124 3164 3175 υἱὸν
3204 3121 3337 3174 Θεοῦ
3366 3120 3469 3191 πρὸ
3509 3118 3794 3189 Ἑλλήνων,
3843 3118 3935 3170 καὶ

2382 3207 2454 3265 ὧν
2487 3229 2647 3281 φησιν
2692 3213 2720 3264 ὁ
2752 3213 2954 3274 Κέλσος
2994 3210 3234 3264 παλαιῶν
3268 3210 3495 3276 ἀνδρῶν,
3534 3212 3581 3261 oi
3630 3208 3759 3279 παρ’
3801 3208 3934 3262 Ἰου-

724 3290 880 3359 longe
904 3303 1029 3345 ante
1053 3293 1257 3348 locutos
1290 3310 1431 3360 esse,
1455 3311 1611 3362 quam
1645 3298 1818 3351 Grzeci
1847 3309 1901 3352 et
1943 3300 1999 3363 ii,
2025 3316 2157 3367 quos
2188 3316 2277 3352 ve-

2379 3302 2546 3364 δαίοις
2585 3302 2852 3371 προφῆται
2881 3294 3300 3370 προεφήτευσαν.
3360 3298 3498 3350 Ἀλλ’
3528 3297 3638 3349 οὐδ’
3669 3296 3931 3368 ἐϐουλήθη

728 3389 873 3435 teres
899 3393 1073 3445 vocat,
1120 3385 1409 3452 prodirent.
1459 3385 1567 3440 Nec
1610 3388 1769 3441 etiam
1818 3390 2060 3455 proferre
2115 3391 2277 3445 voluit

728 3470 1088 3525 testiinonium
1124 3475 1263 3540 quod
1304 3490 1465 3544 supra
1504 3493 1571 3531 ex
1616 3476 1855 3531 Platonis
1898 3480 2136 3547 epistolis
2178 3481 2275 3533 ad-

727 3561 993 3627 duximus,
1028 3564 1113 3617 ubi
1146 3566 1231 3619 hic
1266 3568 1332 3621 de
1362 3568 1517 3635 hujus
1553 3568 1922 3623 universitatis
1956 3570 2147 3638 opiﬁce
2191 3570 2272 3624 lo-

725 3654 907 3721 quitur
939 3666 1187 3723 tanquam
1234 3659 1295 3711 de
1329 3658 1421 3712 Dei
1456 3658 1589 3713 FliiO
1624 3660 1865 3713 :veritus
1892 3672 1958 3712 ne
1989 3675 2016 3712 a
2048 3660 2272 3714 Platone

728 3743 836 3807 illo,
875 3760 1030 3811 quem
1054 3761 1197 3814 sepe
1224 3748 1469 3802 laudibus
1497 3750 1712 3813 extulit,
1755 3759 2042 3817 cogeretur
2086 3765 2275 3803 assen-

730 3836 838 3897 tiri,
877 3835 1031 3901 hujus
1057 3838 1421 3891 universitatis
1453 3848 1731 3893 auctorem
1773 3853 1890 3892 esse
1921 3838 2012 3892 Dei
2051 3838 2270 3906 Filium,

730 3924 957 3992 printqu
994 3937 1171 3979 autem
1202 3936 1254 3979 et
1279 3943 1584 3997 supremum
1630 3929 1797 3983 Deum
1846 3928 1962 3996 ejus
1998 3944 2117 3984 esse
2168 3930 2272 3984 Pa-

731 4025 882 4067 trem.
948 4015 1097 4080 Quod
1156 4026 1331 4070 autem
1388 4019 1618 4072 dicimus
1675 4018 1905 4070 animam
1946 4017 2088 4073 illius
2143 4017 2270 4074 Jesu

729 4116 873 4157 tanto
907 4105 997 4157 Dei
1040 4106 1150 4157 lilio
1198 4106 1382 4161 intima
1440 4108 1851 4175 participatione
1899 4110 2119 4175 unitum,
2175 4127 2272 4166 nec

728 4212 959 4264 unquam
990 4197 1055 4249 ab
1082 4196 1169 4249 illo
1216 4197 1589 4265 separaudam,
1617 4200 1666 4251 id
1702 4199 1918 4252 minime
1946 4200 2136 4253 mirum
2167 4213 2267 4255 est.

728 4288 859 4339 Nam
886 4290 936 4340 in
964 4288 1134 4340 sacris
1158 4287 1447 4355 Scripturis
1478 4289 1714 4355 reperire
1745 4289 1869 4341 licet
1896 4296 1949 4341 et
1980 4291 2103 4355 alia,
2129 4307 2271 4359 quae,

725 4376 971 4443 quamvis
1010 4375 1113 4429 duo
1145 4385 1331 4428 natura
1374 4390 1467 4429 sua
1497 4377 1627 4440 sint,
1664 4389 1978 4446 reputantur
2010 4390 2186 4434 tamen
2218 4391 2274 4435 et

729 4482 912 4521 revera
946 4475 1068 4520 sunt
1096 4481 1257 4519 unum
1298 4485 1309 4518 :
1357 4465 1653 4531 cujusmodi
1682 4477 1763 4521 est
1799 4469 1938 4522 istud
1985 4470 2050 4523 de
2083 4473 2273 4526 marito

724 4567 780 4610 ct
830 4570 997 4609 uxore
1052 4573 1068 4608 :
1123 4573 1141 4605 ι
1200 4554 1312 4609 Non
1358 4555 1592 4623 amplius
1657 4558 1761 4613 duo
1807 4570 1956 4627 sunt,
2013 4565 2107 4615 sed
2164 4573 2271 4617 una

2379 3392 2440 3442 τὸ
2469 3392 2617 3461 παρά
2646 3392 2890 3445 Πλάτωνι
2918 3392 2975 3443 ὲν
3015 3389 3466 3453 ταῖςνὲπιστολαῖς
3494 3387 3834 3459 λελεγμένον,
3872 3382 3931 3442 οὗ

2380 3481 2437 3532 ὲν
2464 3484 2574 3542 τοῖς
2606 3480 2858 3551 ἀνωτέρω
2909 3481 3018 3551 (15)
3049 3480 3409 3552 ἐμνήσθημεν,
3438 3477 3564 3549 περὶ
3612 3478 3705 3531 τοῦ
3750 3480 3930 3536 διακο-

2382 3570 2686 3649 σμήσαντος
2712 3570 2827 3622 τόδε
2857 3571 3076 3648 τὸκπᾶν,
3118 3571 3191 3633 ὡς
3235 3571 3383 3633 ὄντος
3416 3570 3541 3622 Υίοῦ
3568 3569 3727 3635 Θεοῦ,
3760 3588 3929 3641 παρα-

2381 3642 2603 3711 θέσθαι’
2642 3639 2728 3713 ῗνα
2761 3661 2833 3730 μὴ
2880 3660 2971 3712 καὶ
3003 3647 3163 3722 αὐτὸς
3209 3660 3314 3711 ὑπὸ
3356 3658 3449 3712 τοῦ
3499 3660 3783 3722 Πλάτωνος
3807 3698 3822 3719 .
3871 3662 3929 3711 ὃν

2380 3749 2635 3813 πολλάκις
2662 3751 2966 3820 ἐσέμνυνεν,
2995 3750 3306 3820 ἀναγκασθῇ
3336 3749 3755 3821 παραδέξασθαι,
3779 3749 3860 3800 ὅτι
3901 3751 3929 3801 ὁ

2382 3840 2479 3911 μὲν
2502 3840 2824 3911 δημιουργὸς
2855 3840 3008 3893 τοῦδε
3032 3840 3124 3893 τοῦ
3151 3840 3345 3902 παντὸς
3366 3840 3491 3899 Υίός
3510 3839 3624 3890 ἐστι
3653 3838 3747 3889 τοῦ
3772 3836 3927 3897 Θεοῦ,

2376 3934 2405 3984 ὁ
2436 3932 2491 3983 δὲ
2526 3932 2735 4002 πρῶτος
2763 3932 2857 3984 καὶ
2898 3932 2989 3983 ἐπὶ
3017 3933 3147 3983 πᾶσι
3178 3930 3306 3991 Θεὸς
3337 3930 3529 3997 Πατήρ
3564 3928 3711 3979 ἐστιν
3741 3926 3922 3979 αὑτοῦ.

2378 4021 2440 4072 Εἰ
2461 4019 2515 4072 δὲ
2542 4020 2619 4090 τῷ
2648 4020 2943 4089 τηλικούτῳ
2976 4019 3087 4088 Υἱῷ
3114 4020 3206 4071 τοῦ
3239 4017 3371 4071 Θεοῦ
3413 4016 3674 4085 ἡνῶσθαι
3700 4018 3929 4087 φάσκον-

2375 4130 2465 4176 τες
2501 4114 2608 4184 (16)
2661 4116 2728 4184 τῇ
2773 4114 2916 4184 ἄκρᾳ
2962 4113 3157 4181 μετοχῇ
3206 4111 3410 4163 ἐκείνου
3454 4108 3550 4181 τὴν
3593 4108 3685 4162 τοῦ
3757 4108 3926 4178 Ἰησοῦ

2376 4203 2569 4273 ψυχὴν,
2601 4202 2795 4255 οὐκέτι
2826 4199 3194 4272 χωριζομένην
3227 4198 3320 4251 ἀπ’
3342 4188 3544 4251 ἐκείνου
3569 4199 3755 4270 αὐτὴν,
3777 4199 3925 4251 οὐδὲν

2378 4292 2701 4361 θαυμαστόν.
2726 4289 3028 4360 Οἵδασιγὰρ
3052 4290 3102 4340 οἱ
3120 4288 3252 4359 ἱεροὶ
3278 4288 3382 4341 τῶν
3410 4288 3562 4341 θείων
3589 4290 3925 4360 γραμμάτων
3964 4318 3969 4323 -

2376 4381 2522 4449 λόγοι
2548 4383 2639 4435 καὶ
2660 4383 2811 4444 ἄλλα,
2834 4383 2925 4434 δύο
2949 4384 3015 4453 τῇ
3047 4380 3254 4436 ἑαυτῶν
3282 4381 3439 4449 φύσει
3463 4373 3815 4450 τυγχάνοντα,
3850 4383 3923 4453 είς

2377 4473 2716 4544 ἓνάλλήλοις
2749 4470 2886 4525 εἶναι
2919 4448 3268 4541 λελογισμένα
3298 4448 3389 4523 καὶ
3436 4448 3601 4525 ὅντα.ἶ
3648 4465 3760 4523 οἷον

2382 4564 2478 4632 μὲν
2523 4564 2713 4633 ἀνδρὸς
2743 4564 2836 4616 καὶ
2871 4563 3123 4630 γυναικὸς
3156 4562 3430 4615 λέλεκται’
3492 4581 3511 4611 ι
3536 4562 3648 4614 Οὐκ
3691 4560 3772 4614 ἔτι
3824 4561 3924 4613 εἰσὶ

725 4664 855 4700 caro
885 4646 964 4712 '6;
1003 4664 1023 4697 ι
1050 4654 1103 4701 et
1142 4647 1205 4700 de
1225 4648 1340 4700 viro
1368 4646 1606 4715 perfecto
1634 4657 1688 4702 et
1717 4649 2118 4706 adhaerescente
2148 4666 2274 4705 vero

2379 4653 2489 4714 δύο,
2526 4654 2659 4706 ἀλλὰ
2684 4653 2817 4723 σὰρξ
2854 4653 2950 4723 μία
2970 4671 2983 4684 ·
3015 4673 3033 4704 ι
3061 4655 3187 4723 περὶ
3215 4652 3273 4705 δὲ
3292 4651 3384 4705 τοῦ
3413 4652 3612 4703 τελείου
3633 4690 3649 4715 ,
3681 4652 3775 4704 καὶ
3804 4651 3923 4704 κολ-

725 4736 947 4790 Domino
972 4735 1063 4803 qui
1106 4735 1326 4790 verbum
1371 4745 1453 4790 est
1493 4745 1549 4789 et
1600 4739 1863 4807 sapientia
1910 4750 1965 4795 et
2016 4742 2219 4795 veritas
2258 4759 2269 4793 :

730 4847 750 4878 ι
791 4826 889 4893 Qui
920 4826 1158 4880 adha‘ret
1187 4826 1431 4892 Domino,
1466 4844 1605 4883 unus
1628 4830 1847 4899 Spiritus
1890 4841 1974 4886 est
2008 4832 2074 4887 ⁸⁷.
2105 4852 2122 4885 ι
2154 4830 2273 4886 Jam

725 4934 853 4971 vero
874 4917 915 4970 si
942 4917 1028 4983 qui
1055 4916 1294 4971 adhaeret
1331 4917 1579 4983 Domino,
1616 4937 1765 4988 luuus
1794 4923 2013 4990 spiritus
2048 4931 2148 4990 est,
2184 4936 2273 4977 ec-

721 5008 842 5073 quis
880 5006 1069 5083 magis,
1100 4994 1205 5060 i‘mo
1227 5007 1412 5076 ecquis
1437 5023 1586 5077 aeque
1613 5026 1676 5065 ac
1694 5014 1873 5067 anima
1912 5014 2061 5079 Iesu,
2096 5018 2273 5071 adhes—

728 5108 805 5146 I'ct
832 5086 1078 5180 Demino,
1103 5099 1192 5167 qui
1225 5109 1309 5153 est
1342 5102 1564 5155 verbum
1603 5105 1795 5172 ipsum,
1836 5110 2094 5177 sapientia
2131 5110 2274 5180 ipsa,

725 5158 930 5237 veritis
961 5186 1093 5252 ipsa,
1131 5188 1356 5255 ipsamet
1378 5188 1623 5257 iustitia?
1650 5195 1704 5247 Si
1734 5158 1923 5248 autemr
1940 5212 2024 5251 res
2070 5158 2271 5252 itarha:

803 5326 847 5357 ⁸³
885 5327 1013 5381 Dan.
1043 5345 1167 5396 vnt,
1196 5331 1285 5397 9-5,
1307 5333 1494 5398 24,23.
1566 5335 1613 5367 “
1644 5336 1683 5391 ll
1710 5337 1899 5395 Thess.
1926 5356 1984 5407 ll,
2011 5342 2063 5395 4.
2137 5344 2181 5375 ⁸⁵
2212 5343 2344 5397 Dan.

780 5465 915 5551 .(lg)
960 5467 1209 5538 Vulgatus
1242 5439 1371 5527 Dan.
1397 5483 1590 5539 textus,
1619 5475 1979 5549 ὲσχάτωντῆς
2012 5478 2279 5550 βασιλείας

732 5552 1079 5728 ζῖἕὲξωήῐεε.
1108 5618 1161 5660 et
1186 5580 1359 5679 ναις,
1386 5614 1479 5665 καὶ
1502 5614 1655 5685 δόλῳ.
1687 5616 1900 5673 [Ιωεοιι.
1921 5628 1975 5673 ct
2002 5618 2277 5688 Spencer.,

807 5748 935 5813 ιΗ)

734 5806 762 5871 θ
807 5738 937 5813 (ιιι
990 5747 1229 5801 Ἡίϐεον.
1282 5747 1382 5801 Alii
1433 5754 1646 5809 mallent
1704 5738 1967 5821 ἀντίθεον,
2010 5760 2094 5812 alii
2149 5756 2273 5829 ἡμί-

767 5834 869 5870 εῡν.
1274 5850 1275 5853 η

767 5834 869 5870 ων.
1274 5850 1275 5853 η

2379 4740 2619 4808 λωμένου
2653 4740 2729 4809 τῷ
2755 4740 2991 4809 ἀληθινῷ
3024 4740 3237 4809 Κυρίῳ,
3278 4739 3447 4807 λόγῳ,
3475 4738 3568 4792 καὶ
3609 4739 3791 4809 σοφία,
3839 4741 3925 4791 καὶ

2381 4830 2623 4899 ἀληθείᾳ,
2665 4830 2747 4881 ὅτι
2778 4848 2795 4880 ι
2832 4827 2886 4882 Ὁ
2912 4827 3244 4898 κολλώμενος
3271 4829 3347 4898 τῷ
3392 4828 3579 4897 Κυρίῳ
3610 4828 3675 4903 Ῠέν
3716 4829 3925 4897 πνεῦμά

2379 4922 2539 4973 ἐστιν.
2568 4938 2586 4970 ι
2642 4919 2706 4972 Εἰ
2732 4918 2776 4970 δ’
2803 4921 2831 4971 ὁ
2862 4917 3192 4987 κολλώμενος
3246 4917 3325 4987 τῷ
3371 4917 3556 4987 Κυρίῳ
3607 4916 3665 4967 ἓν
3716 4917 3924 4985 πνεῦμά

2378 5017 2491 5068 ἐστι
2512 5055 2525 5078 ,
2560 5017 2644 5078 τίς
2680 5014 2877 5085 μᾶλλον
2906 5014 3005 5083 τῆς
3043 5012 3211 5085 Ἰησοῦ
3235 5015 3409 5085 ψυχῆς
3437 5015 3470 5084 ἢ
3501 5015 3603 5068 κᾶν
3645 5014 3923 5085 παραπλη-

2381 5108 2508 5170 σίως
2536 5104 2851 5175 κεκόλληται
2875 5104 2952 5174 τῷ
3003 5103 3206 5173 Κυρίῳ,
3240 5102 3316 5172 τῷ
3339 5103 3627 5173 αὐτολόγῳ,
3663 5106 3757 5156 καὶ
3774 5103 3922 5156 αὑτο-

2382 5197 2571 5269 σοφίᾳ,
2599 5196 2692 5249 καὶ
2715 5193 3103 5265 αὐτοαληθείᾳ,
3140 5196 3232 5247 καὶ
3278 5193 3757 5268 αὐτοδικαιοσύνῃς
3794 5195 3920 5262 ὅπερ

2376 5357 2451 5407 Ix,
2480 5343 2570 5396 27.
2622 5306 2688 5373 ίέθ
2719 5339 2851 5395 Gen.
2877 5354 2945 5405 ιι,
2972 5337 3060 5393 24.
3136 5336 3177 5365 ⁸⁷
3214 5334 3228 5387 l
3261 5334 3382 5390 Cor.
3418 5350 3491 5398 vt,
3527 5334 3613 5389 l7.

2453 5478 2563 5549 (15)
2603 5474 2682 5535 Οὗ
2712 5480 2779 5533 ἐν
2820 5478 2940 5544 tng
2973 5474 3252 5543 ἀνωτέρω.
3295 5471 3425 5529 Vide
3462 5488 3624 5543 supra
3673 5482 3919 5527 numera
3942 5448 3959 5457 θ

2522 5551 2539 5582 (

2522 5551 2539 5582 (

2383 5550 2413 5602 8
2604 5618 2964 5685 Φάσκοντες.
3033 5614 3341 5687 Boherellus
3406 5612 3683 5687 legendum
3729 5616 3917 5687 putat:

2386 5679 2677 5753 φάσκόμεν.
2720 5679 3165 5741 ιὶιίιιειιίιιιττςςῆ.
3198 5685 3245 5736 in
3291 5694 3434 5737 textu
3461 5679 3661 5743 ‘haltet,
3690 5679 3789 5748 τὴν
3823 5679 3914 5733 τοῦ

2387 5756 2513 5808 Υἱοῦ
2540 5754 2728 5827 ψυχήν,
2758 5760 2939 5827 sicque
2971 5759 3072 5814 duo
3105 5754 3252 5811 codd.
3280 5753 3578 5824 Anglicani.
