4094 6322
305 504 440 568 I313

1439 506 1711 563 CONTRA
1744 504 2017 561 CELSUM
2056 502 2181 559 LIB.
2219 501 2304 556 Vl.

3339 493 3475 552 ιδιι

303 628 353 688 si
381 628 553 692 οὕτως
590 627 733 699 ἔχει,
759 629 860 682 οὐκ
892 630 994 683 εἰσὶ
1027 628 1116 682 δύο
1153 627 1351 699 ἡψυχὴ
1384 629 1475 682 τοῦ
1518 627 1687 699 Ἰησοῦ
1712 627 1814 698 πρὸ

1912 626 2056 690 ,ιιει,
2109 624 2285 677 anima
2333 620 2477 673 Jesu'
2512 628 2566 673 et
2624 618 2858 673 Verbum
2903 632 2921 667 ι
2978 613 3483 684 Primogenitusquo

307 736 329 773 ι
354 720 445 775 τδν
474 721 649 789 πάσης
691 719 917 784 κτίσεως
944 719 1281 791 πρωτότοκον
1307 738 1326 769 ι
1357 718 1486 771 Θεὸν
1518 718 1704 786 Λόγον.

372 807 500 865 Εἶτα
546 811 638 863 ὲάν
680 812 777 880 μὲν
820 811 918 881 τὴν
970 811 1139 881 αὐτὴν
1192 811 1391 881 ἀρετὴν
1453 810 1699 876 λέγοντες
1756 809 1847 860 ἀν-

299 899 513 972 θρώπου
541 902 632 954 καὶ
657 901 791 953 Θεοῦ
812 905 860 955 οἰ
887 901 992 954 ἀπὸ
1012 901 1109 969 τῆς
1132 901 1295 963 Στοᾶς
1315 900 1425 971 (l7)
1449 899 1739 969 φιλόσοφοι,
1770 898 1844 968 μὴ

296 990 765 1062 εὐδαιμονέστερον
785 990 1010 1059 λέγωσιν
1034 986 1172 1042 εἶναι
1193 990 1282 1042 τὸν
1311 990 1401 1042 ἐπὶ
1426 992 1554 1042 πᾶσι
1585 988 1713 1043 Θεὸν
1748 987 1841 1040 τοῦ

295 1079 355 1134 ἰν
384 1079 685 1151 ἀνθρώποις
703 1120 709 1127 .
728 1084 846 1135 κατ’
867 1081 1059 1145 αὐτοὺς
1085 1081 1244 1150 σοφοῦ
1265 1122 1278 1145 ,
1307 1082 1417 1135 ἀλλ’
1442 1082 1559 1150 ἴσην
1588 1077 1723 1133 εἶναι
1747 1081 1842 1151 τὴν

291 1170 610 1242 ἀμφοτέρων
639 1171 977 1243 εὐδαιμονίαν
996 1189 1010 1204 ο
1043 1172 1246 1235 Κέλσος
1271 1174 1330 1225 οὐ
1376 1172 1646 1242 καταγελᾷ
1671 1211 1685 1235 ,
1720 1172 1840 1224 οὐδὲ

290 1261 533 1332 χλευάζει
565 1263 625 1315 τὸ
663 1264 835 1333 δόγμα
856 1280 870 1294 ο
900 1263 993 1316 ὲάν
1021 1263 1065 1316 δ’
1090 1265 1117 1315 ὁ
1145 1263 1284 1326 θεῖος
1310 1264 1463 1331 λόγος
1490 1265 1670 1337 φάσκῃ
1718 1263 1840 1317 κολ-

288 1350 480 1405 λᾶσθαι
508 1353 609 1407 ὑπὸ
633 1354 730 1424 τῆς
751 1354 950 1426 ἀρετῆς
968 1394 983 1418 ,
1013 1355 1105 1409 καὶ
1134 1355 1413 1408 ἐνοῦσθαι
1442 1353 1518 1424 τῷ
1556 1354 1838 1425 Αὑτολόγῳ

287 1444 378 1496 τὸν
404 1434 639 1508 τέλειον,
668 1445 742 1508 ὡς
788 1446 927 1499 κατά
955 1446 1141 1501 τοῦτον
1172 1445 1569 1515 ἀναϐεϐηκότας
1596 1446 1727 1517 (18),
1763 1444 1836 1517 μὴ

286 1533 536 1604 χωρίζειν
586 1536 730 1605 ἡμᾶς
780 1534 876 1605 τὴν
925 1536 1096 1606 Ἰησοῦ
1129 1536 1303 1607 ψυχὴν
1350 1535 1444 1589 τοῦ
1497 1536 1834 1607 πρωτοτόκου

286 1624 465 1695 πάσης
490 1624 747 1690 κτίσεως,
779 1628 909 1700 γελᾷ
936 1628 994 1682 τὺ
1025 1622 1273 1698 λέγεσθαι
1300 1629 1424 1681 Υίὸν
1445 1629 1575 1682 Θεοῦ
1608 1628 1831 1699 Ἰησοῦν,

270 1719 380 1790 οὐχ
411 1720 569 1791 ὀρῶν,
598 1723 716 1775 τίνα
749 1723 864 1777 ἐστὶ
895 1722 962 1777 τά
989 1724 1113 1794 περὶ
1132 1721 1293 1775 αὐτοῦ
1325 1724 1379 1774 ὲν
1406 1722 1696 1792 ἁπορῤήτῳ
1729 1738 1831 1791 μυ-

280 1810 478 1874 στικῶς
524 1814 582 1865 ὲν
630 1817 746 1877 ταῖς
780 1814 948 1878 θείαις
984 1815 1223 1889 Γραφαῖς
1266 1813 1548 1883 λεγόμενα.
1610 1812 1721 1864 Ἶνα
1774 1811 1831 1863 δὲ

276 1902 709 1974 προσαγάγωμεν
740 1907 803 1974 τῇ
837 1906 1112 1976 παραδοχῇ
1142 1904 1233 1957 τοῦ
1278 1903 1564 1975 λεγομένου
1592 1903 1679 1956 τὸν
1705 1902 1830 1972 βου-

274 1987 497 2059 λόμενον
531 1993 869 2056 ἀκολουθίαις
901 1995 1183 2064 δογμάτων
1233 1993 1492 2057 ἕπεσθαι,
1549 1994 1641 2046 καὶ
1684 1993 1829 2062 ὠφε-

271 2078 510 2134 λεῖσθαι·
545 2079 792 2151 λέγομεν,
826 2082 906 2133 ὅτι
951 2081 1105 2150 σῶμα
1139 2080 1370 2152 Χριστοῦ
1402 2097 1562 2148 φασιν
1603 2076 1738 2132 εἷναι
1780 2081 1828 2132 oi

272 2168 406 2223 θεῖοι
433 2168 599 2238 λόγοι,
638 2169 741 2222 ὑπὸ
768 2169 861 2223 τοῦ
914 2169 1041 2222 Υίοῦ
1073 2169 1165 2222 τοῦ
1193 2170 1325 2223 Θεοῦ
1358 2170 1711 2240 ψυχούμενον,
1731 2170 1828 2239 τὴν

252 2260 451 2315 πᾶσαν
494 2259 586 2312 τοῦ
618 2259 751 2313 Θεοῦ
807 2261 1155 2331 Ἐκκλησίαν·
1210 2260 1342 2331 μέλη
1395 2262 1451 2313 δὲ
1499 2259 1683 2312 τούτου
1733 2261 1826 2313 τοῦ

268 2349 521 2420 σώματος
552 2347 689 2404 εἶναι
731 2352 806 2415 ὡς
844 2352 963 2404 ὅλου
994 2352 1180 2405 τούσδε
1208 2352 1357 2415 τινὰς
1383 2353 1508 2415 τοὺς
1549 2351 1827 2404 πιστεύον-

265 2456 365 2504 τας
390 2455 406 2471 ⁸
444 2442 692 2511 ἐπείπερ,
740 2440 926 2512 ῶσπερ
977 2441 1117 2513 ψυχὴ
1176 2441 1425 2505 ζωοποιεῖ
1452 2442 1545 2493 καὶ
1586 2443 1723 2493 κινεῖ
1766 2441 1825 2494 τὸ

270 2530 451 2599 σῶμα,
504 2532 564 2583 οὐ
618 2531 855 2598 πεφυκὸς
888 2531 976 2598 ἀφ’
1010 2529 1199 2583 ἑαυτοῦ
1236 2528 1494 2581 κινεῖσθαι
1551 2529 1820 2592 ζωτικῶς,

263 2618 437 2682 οὕτως
467 2621 495 2671 ό
544 2620 746 2687 Λόγος,
794 2619 955 2673 κινῶν
988 2621 1077 2673 ἐπὶ
1109 2619 1177 2672 τὰ
1220 2619 1424 2678 δέοντα,
1459 2618 1551 2671 καὶ
1588 2617 1822 2689 ἐνεργῶν

261 2709 326 2762 τὸ
357 2709 474 2762 ὅλον
504 2709 657 2779 σῶμα
684 2711 782 2781 τὴν
820 2710 1159 2781 Ἐκκλησίαν,
1190 2714 1325 2762 κινεῖ
1351 2710 1442 2762 καὶ
1469 2710 1695 2761 ἕκαστον
1728 2710 1822 2778 μέ-

262 2798 354 2862 λος
388 2800 492 2851 τῶν
541 2800 647 2852 ἀπὸ
680 2801 773 2870 τῆς
835 2800 1190 2870 Ἐκκλησίας,
1243 2800 1391 2851 οὐδὲν
1444 2798 1610 2868 χωρὶς
1649 2798 1819 2865 Λόγου

239 2888 584 2961 πράττοντα.
620 2890 791 2961 Εἴπερ
819 2886 909 2943 οὖν
940 2890 1096 2943 τοῦτο
1116 2890 1214 2943 οὐκ
1238 2890 1719 2959 εὐκαταφρόνητον,
1744 2891 1818 2952 ὡς

259 2976 443 3053 οἶμαι,
497 2981 607 3052 ἔχει
648 2983 983 3045 ἀκολουθίαν,
1037 2983 1091 3035 τί
1122 2982 1374 3052 χαλεπὸν,
1418 2984 1483 3051 τῇ
1532 2982 1674 3051 ἄκρᾳ
1727 2982 1818 3032 καὶ

261 3074 649 3144 ἀνυπερϐλήτῳ
681 3074 930 3143 κοινωνίᾳ
957 3072 1090 3144 πρὸς
1117 3072 1206 3125 τὸν
1243 3071 1541 3139 Δύτολόγον
1574 3072 1671 3141 τὴν
1712 3072 1816 3139 Ἰη-

260 3162 357 3215 σοῦ
409 3163 604 3232 ψυχὴν,
658 3164 750 3217 καὶ
800 3161 1128 3227 ἁπαξαπλῶς
1158 3162 1248 3215 τὸν
1304 3162 1506 3233 Ἰησοῦν
1543 3162 1614 3230 μὴ
1644 3177 1815 3229 κεχω-

262 3253 441 3325 ρίσθαι
476 3255 570 3307 τοῦ
612 3255 945 3323 Μονογενοῦς
982 3256 1075 3307 καὶ
1118 3254 1463 3323 Πρωτοτόκου
1496 3254 1673 3323 πάσης
1702 3254 1815 3306 κτί-
1840 3282 1883 3339 C

258 3362 395 3411 σεως
416 3385 430 3408 ,
457 3347 576 3416 μηδ’
600 3347 785 3419 ἕτερον
808 3348 885 3402 ἔτι
913 3348 1193 3419 τυγχάνειν
1224 3347 1386 3403 αὑτοῦ
1408 3364 1422 3412 ;
1464 3347 1619 3400 Ἀλλὰ
1644 3346 1812 3399 ταῦτα

258 3436 358 3507 μὲν
392 3437 584 3508 ταύτῃ.

331 3528 554 3598 Ἵδωμεν
600 3528 656 3581 δὲ
698 3529 792 3581 καὶ
841 3529 907 3582 τὰ
940 3530 1097 3600 ἑξῆς,
1150 3530 1207 3582 ὲν
1240 3524 1320 3591 οἷς
1374 3531 1471 3598 μιᾷ
1501 3528 1641 3593 λέξει
1678 3529 1815 3581 ἀπο-

256 3618 595 3688 φηνάμενος,
643 3619 736 3671 καὶ
788 3619 919 3689 μηδὲ
968 3620 1103 3672 κατὰ
1165 3619 1227 3670 τὸ
1265 3619 1487 3671 πιθανόν
1533 3636 1583 3670 τι
1616 3619 1809 3685 λέγων,

257 3712 553 3780 κατηγορεῖ
598 3710 695 3781 τῆς
727 3711 865 3764 κατὰ
920 3711 1153 3765 Μωῡσὲα
1183 3709 1559 3783 κοσμοποιίας,
1605 3708 1770 3761 εἰπών
1792 3726 1804 3738 ·

259 3818 281 3852 ι
304 3800 428 3864 ἔΕξτι
461 3817 521 3868 γε
555 3801 661 3871 μὴν
688 3803 780 3854 καὶ
804 3803 837 3871 ἡ
864 3801 1212 3871 κοσμογένεια
1238 3800 1381 3870 μάλα
1426 3799 1668 3871 εὐηθική.
1695 3818 1712 3850 ι
1747 3800 1809 3852 El

256 3891 358 3960 μὲν
403 3887 493 3944 οὖν
522 3891 612 3945 τὸν
655 3893 972 3964 φαινόμενον
1005 3890 1150 3961 αὐτῷ
1194 3892 1389 3963 τρόπον
1419 3890 1508 3943 τοῦ
1552 3889 1820 3961 εὐηθικὴν·

251 3978 389 4041 εἶναι
428 3982 628 4053 αὐτὴν,
684 3982 777 4035 καί
823 4000 973 4045 τινας
1024 3981 1383 4053 πιθανότητας
1416 3981 1806 4051 προηνέγκατο,

250 4070 354 4126 κᾶν
385 4072 764 4143 ἠγωνισάμεθα
806 4074 941 4143 πρὸς
983 4073 1182 4135 αὐτάς·
1234 4073 1333 4125 οὐκ
1376 4070 1591 4140 εὔλογον
1622 4070 1678 4123 δέ
1714 4089 1804 4141 μοι

249 4165 495 4233 φαίνεται
525 4165 659 4235 πρὸς
705 4165 803 4235 τὴν
852 4152 1122 4233 ἀπόφασιν
1169 4164 1330 4216 αὑτοῦ
1362 4162 1801 4226 κατασκευάσαι,

316 4318 363 4350 ⁸⁸
394 4318 601 4373 Coloss.
631 4334 671 4384 ι,
699 4319 783 4375 15.

318 4458 428 4531 (ιι)
470 4460 562 4531 οι⁸
590 4458 708 4531 aut)
760 4442 867 4525 τῆς
926 4455 1425 4531 ξτοάςηδεηθεει,
1454 4457 1630 4531 epist.
1672 4455 1739 4531 τι
1777 4473 1791 4509 ε

248 4548 270 4583 ι
329 4524 338 4531 ’
370 4524 562 4595 Quanti
597 4524 923 4581 aestimamus
954 4525 1054 4595 hoc
1094 4525 1285 4589 otium,
1319 4526 1467 4595 _quod
1500 4524 1639 4579 inter
1668 4526 1796 4595 deos

242 4593 441 4669 agitur,
473 4596 611 4665 quod
646 4596 774 4669 deos
817 4594 979 4669 facit?
1024 4594 1125 4669 ita_
1141 4595 1284 4669 dico,
1318 4593 1526 4669 L_ncili_:
1558 4603 1697 4669 et__te
1742 4594 1793 4646 in

242 4653 440 4725 ὤιιωὶ
473 4653 870 4737 compendiario
907 4679 1059 4719 voco.
1093 4653 1314 4737 Solebat
1350 4663 1568 4737 Sestius
1594 4664 1793 4737 dicere,
1824 4653 1875 4713 D

242 4738 430 4796 Jovem
476 4730 724 4806 plns'non
763 4748 916 4803 posse
960 4748 1121 4806 quam
1160 4733 1371 4806 bonum
1406 4733 1601 4806 virum.
1634 4730 1793 4806 Plura

241 4808 452 4878 Jupiter
465 4800 646 4869 liabet,
660 4800 778 4875 quae
793 4800 1368 4878 prestetbominibus:
1388 4801 1481 4854 sed
1508 4802 1647 4854 inter
1661 4800 1793 4878 duos

243 4869 412 4932 bonos
441 4893 546 4931 non
589 4869 909 4934 e'st'melior,
938 4872 1027 4942 qui
1061 4870 1408 4942 locupletior;
1460 4886 1564 4923 non
1615 4869 1795 4942 magis

241 4962 406 5018 quam
451 4947 588 5018 inter
631 4947 784 5009 duos,
816 4937 1009 5018 quibus
1038 4956 1136 5018 par
1166 4937 1649 5018 scientiaregendi
1694 4952 1794 5006 gu-

242 5009 594 5071 bernaculum
625 5024 729 5079 est,
770 5009 1047 5079 meliorem
1080 5010 1299 5071 dixeris,
1333 5009 1419 5061 cui
1468 5009 1645 5079 majus
1670 5022 1793 5079 spe-

241 5085 552 5155 ciosiusque
588 5075 855 5155 navigium
890 5091 992 5155 est.
1025 5078 1373 5155 Jupiter_quo
1411 5077 1677 5155 antecedit
1716 5075 1794 5129 vi-

242 5168 364 5208 runt
400 5146 632 5207 bonum?
674 5146 873 5207 di'utius
909 5152 1078 5204 bonus
1096 5146 1204 5202 est.
1247 5147 1477 5216 Sapiens
1523 5146 1689 5201 nihilo
1734 5160 1794 5199 se

242 5223 470 5289 minoris
495 5223 743 5286 aestimat,
771 5221 911 5289 quod
943 5221 1171 5274 virtutes
1198 5216 1312 5286 ejus
1330 5218 1514 5289 ispatio
1544 5217 1790 5289 breviore

240 5288 602 5365 cla_ttduntnr._
633 5286 1189 5365 Quemadmodumex
1222 5288 1426 5365 duobus
1458 5286 1793 5365 sapientibus

241 5359 337 5431 qui
365 5358 545 5431 senior
573 5359 823 5421 decessit,
851 5374 953 5431 non
984 5369 1066 5413 est
1104 5357 1314 5431 beatior
1339 5372 1425 5416 eo.
1442 5356 1607 5431 _cu_jus
1652 5356 1791 5407 intra

242 5426 523 5498 pauciores
550 5442 720 5498 annos
755 5428 1042 5498 terminata
1073 5428 1243 5482 virtus
1264 5436 1374 5498 est;
1409 5426 1490 5498 sic
1520 5427 1657 5498 Deus
1687 5439 1793 5477 non

248 5495 415 5552 iincit
463 5496 754 5562 sapientem
804 5495 1091 5562 felicitate,
1140 5497 1351 5550 etiamsi
1403 5496 1567 5548 vincit
1613 5503 1789 5546 aetate.

243 5566 361 5622 Non
390 5574 467 5619 est
494 5567 665 5617 virtus
696 5562 881 5634 major,
925 5581 1044 5633 quae
1079 5566 1309 5634 longior.
1357 5563 1581 5634 Jupiter,
1610 5564 1791 5634 omnia

247 5639 410 5693 habet
434 5652 451 5692 :
478 5634 571 5688 sed
600 5646 789 5700 nempe
816 5633 937 5686 aliis
963 5633 1185 5688 tradidit
1216 5634 1474 5687 habenda.
1506 5633 1585 5686 Ad
1617 5633 1789 5699 ipsum

246 5708 338 5764 hic
365 5720 499 5759 unus
525 5718 656 5772 usus
688 5702 938 5769 pertinet,
965 5704 1109 5772 quod
1140 5705 1320 5757 utendi
1350 5704 1508 5757 etiam
1541 5701 1789 5772 omnibus

244 5789 411 5830 causa
449 5784 552 5827 est.
596 5771 821 5838 Sapiens
850 5771 1169 5839 tantaque
1211 5772 1389 5825 animo
1434 5772 1614 5824 omnia
1654 5771 1788 5836 apud

251 5847 387 5899 alios
420 5842 565 5898 videt
595 5838 1010 5909 contemnitque,
1054 5838 1212 5909 quam
1250 5839 1484 5908 Jupiter;
1514 5850 1569 5894 et
1607 5840 1705 5893 hoc
1735 5853 1791 5891 se

251 5913 422 5983 magis
465 5911 717 5984 suspicit,
758 5908 897 5996 quod
930 5907 1132 5981 Jupiter
1175 5910 1249 5965 uti
1298 5907 1400 5964 illis
1432 5925 1537 5966 non
1581 5917 1789 5979 potest,

1945 714 2121 769 omnis
2149 720 2407 767 crcalurm
2423 710 2491 775 ³³,
2527 728 2546 763 ι
2580 709 2685 763 duo
2714 721 2820 773 non
2843 717 2990 760 sunt.
3448 774 3451 777 η

2010 803 2172 875 670
2198 804 2288 858 48.
2322 801 2524 857 Deinde
2555 814 2676 855 cum
2707 798 2857 852 aiunt
2889 795 3057 850 Stoici
3086 792 3324 848 eamdem
3362 805 3485 847 esse

1943 891 2181 945 hominis
2205 900 2257 945 et
2290 889 2381 942 Dei
2412 890 2684 948 virtutem,
2709 884 3013 955 negantque
3030 897 3301 946 summum
3317 880 3482 934 Deum

1943 1000 2040 1041 suo
2072 995 2189 1038 esse
2221 982 2460 1049 sapiente
2489 977 2802 1037 beatiorem,
2832 976 2925 1029 sed
2944 988 3121 1043 parem
3149 987 3268 1026 esse
3284 971 3486 1025 utrius-

1941 1086 2045 1139 que
2074 1071 2430 1133 felicitatem;
2462 1082 2564 1121 non
2600 1065 2786 1135 irridet
2814 1063 3021 1127 Celsus,
3048 1076 3150 1115 non
3189 1061 3497 1137 subsannat
3524 1058 3545 1073 "

1941 1162 2078 1216 hanc
2103 1160 2447 1215 sententiam.
2470 1157 2563 1211 Sin
2593 1156 2741 1209 audit
2766 1168 2830 1208 ex
2863 1152 3044 1208 divino
3097 1166 3342 1205 sermone
3392 1149 3475 1203 vi-

1938 1262 2057 1301 rum
2089 1247 2384 1317 perfectum
2438 1241 2756 1312 agglutinari
2798 1241 2994 1293 virtute
3026 1247 3082 1293 et
3113 1240 3250 1293 uniri
3300 1235 3478 1292 Verbo

1938 1336 2053 1405 ipsi,
2090 1349 2345 1403 nosquea
2375 1332 2569 1387 minori
2623 1331 2688 1384 ad
2734 1328 3214 1397 majusinl‘erentes
3260 1328 3475 1387 docere,

1933 1424 2057 1480 Jesn
2097 1426 2328 1479 animam
2372 1437 2477 1477 non
2523 1420 2760 1487 separari
2800 1434 2830 1472 a
2896 1417 3250 1487 primogenito
3299 1418 3477 1472 omnis

1933 1525 2210 1578 creaturae,
2240 1514 2378 1568 ridet
2406 1512 2613 1568 scilicet
2644 1508 2826 1563 Jesum
2854 1507 2947 1561 Dei
2982 1507 3173 1561 Filium
3202 1504 3473 1573 appellari,

1932 1622 2039 1661 non
2102 1607 2290 1660 videns
2329 1620 2577 1674 quamam
2630 1603 2741 1659 sint
2769 1616 2886 1671 qua:
2942 1601 3007 1654 de
3053 1600 3142 1654 illo
3187 1600 3238 1651 in
3288 1596 3480 1651 divinis

1933 1698 2225 1767 Scripturis
2275 1711 2472 1750 arcane
2516 1694 2659 1749 dicta
2693 1703 2837 1749 sunt.
2892 1689 3001 1745 Nos
3042 1699 3241 1751 autem,
3285 1698 3340 1740 ut
3389 1688 3475 1755 qui

1931 1784 2177 1850 dogmata
2213 1781 2313 1836 sibi
2354 1782 2597 1849 apprime
2622 1790 2983 1837 consentanea
3011 1782 3161 1847 sequi
3195 1791 3247 1831 et
3279 1793 3340 1831 ex
3373 1778 3478 1830 illis

1929 1870 2190 1939 proﬁcere
2229 1870 2474 1937 voluerit,
2506 1870 2650 1924 illum
2700 1868 2767 1923 ad
2794 1868 3154 1936 recipiendum
3205 1867 3346 1935 quod
3397 1866 3477 1919 di-

1860 1959 1902 2012 B
1931 1970 2077 2013 ctum
2112 1969 2193 2014 est
2225 1961 2583 2025 adducamus;
2620 1960 2849 2014 dicimus
2875 1974 2940 2014 ex
2965 1958 3162 2012 divinis
3185 1956 3475 2024 Scripturis

1932 2061 2092 2107 IOtam
2119 2052 2207 2106 Dei
2241 2052 2535 2106 Ecclesiam
2566 2066 2687 2107 esse
2712 2051 2906 2105 Christi
2924 2065 3116 2119 corpus
3152 2064 3182 2103 a
3219 2049 3307 2103 Dei
3335 2046 3474 2101 Filio

1927 2144 2243 2210 animalum,
2276 2144 2517 2197 membra
2541 2153 2717 2196 autem
2750 2142 2890 2196 illius
2919 2143 3181 2209 corporis,
3208 2150 3263 2194 ut
3284 2141 3470 2205 totius,

1924 2247 2019 2288 eos
2046 2247 2165 2286 esse
2189 2247 2374 2286 euntes
2401 2233 2490 2301 qui
2530 2234 2785 2296 credunt;
2817 2232 3090 2300 quoniam,
3124 2233 3261 2286 sicut
3290 2231 3470 2283 anima

1926 2324 2088 2377 vitam
2119 2330 2172 2375 et
2207 2333 2407 2376 motum
2474 2324 2711 2390 impertit
2767 2325 3003 2392 corpori,
3059 2323 3200 2391 quod
3229 2335 3257 2373 a
3293 2320 3471 2389 seipso

1926 2424 2115 2465 natura
2148 2413 2349 2467 moveri
2384 2412 2617 2467 vitaliter
2644 2428 2748 2467 non
2777 2423 2988 2483 potest;
3020 2412 3089 2466 ita
3120 2411 3357 2466 Verbum
3389 2419 3472 2463 to-

1926 2514 2033 2556 tum
2065 2520 2257 2573 corpus
2308 2519 2400 2558 seu
2441 2504 2748 2575 Ecclesiam
2792 2508 2858 2560 ad
2893 2520 2953 2559 ea
2992 2519 3111 2575 quae
3158 2518 3292 2573 opus
3321 2512 3466 2565 sunt,

1923 2609 2140 2648 movens
2176 2604 2229 2646 et
2255 2609 2441 2664 agens,
2464 2596 2628 2648 etiam
2658 2593 2866 2664 singula
2893 2597 3130 2649 membra
3164 2608 3347 2647 eorum
3375 2593 3467 2661 qui

1922 2689 1987 2741 ad
2032 2686 2324 2741 Ecclesiam
2377 2687 2664 2754 pertinent,
2704 2682 2916 2761 meret,
2945 2686 3015 2737 ita
3065 2694 3119 2737 ιιι
3167 2682 3299 2737 nihil
3350 2682 3468 2736 sine

1925 2778 2098 2831 Verbo
2133 2778 2353 2831 faciant.
2393 2775 2502 2831 lloc
2553 2778 2714 2844 igitur
2768 2779 2835 2841 si,
2888 2787 2947 2830 ut
2994 2776 3205 2845 opinor,
3249 2774 3467 2829 minime

1918 2869 2275 2938 spernendum
2300 2878 2457 2921 estet
2488 2872 2686 2935 optime
2712 2869 2985 2926 cohmret;
3017 2867 3145 2934 quid
3169 2874 3312 2921 vetat
3332 2880 3466 2934 quo-

1921 2960 2098 3013 minus
2124 2974 2329 3012 summa
2370 2968 2423 3012 et
2452 2959 2739 3012 excellenti
2766 2958 3141 3011 communione
3181 2972 3303 3009 cum
3338 2953 3465 3009 Ver—

1918 3049 1988 3102 bo
2014 3049 2296 3117 conjuncta
2332 3048 2509 3101 anima
2546 3046 2696 3107 Jesu,
2731 3048 2838 3101 into
2867 3056 3008 3099 totus
3042 3044 3198 3098 Jesus
3236 3057 3342 3097 non
3374 3056 3461 3096 se-

1917 3150 2138 3206 paretur
2173 3141 2239 3193 ab
2277 3139 2569 3207 Unigcnito
2592 3149 2640 3191 et
2665 3137 3028 3204 Primogenito
3054 3134 3337 3197 creatura),
3364 3147 3463 3186 nec

1917 3230 2057 3283 aliud
2083 3229 2153 3282 sit
2185 3228 2402 3282 abillo?
2441 3238 2602 3296 atque
2628 3230 2737 3280 haec
2765 3228 3037 3279 hactenus.

1980 3521 2068 3575 49.
2096 3520 2248 3576 Nunc
2288 3522 2355 3575 ad
2412 3522 2689 3591 sequentia
2730 3523 3135 3585 transeundum,
3185 3523 3235 3575 in
3265 3523 3460 3590 quibus

1912 3626 2017 3664 uno
2039 3613 2220 3673 verbo,
2251 3612 2502 3679 nn!lnque
2530 3612 2690 3667 allato
2722 3621 3055 3680 argumento,
3099 3611 3280 3665 mundi
3304 3624 3457 3667 crea-

1914 3702 2107 3755 tionem
2132 3716 2162 3754 a
2197 3701 2377 3771 Moyse
2415 3702 2734 3771 descriptam
2766 3701 3168 3769 reprehendens
3200 3718 3215 3755 :
3252 3720 3270 3753 ι
3314 3701 3454 3767 Quin

1907 3800 1963 3847 et
1992 3792 2079 3846 illa
2118 3793 2297 3846 mundi
2328 3792 2502 3861 origo,
2554 3791 2748 3861 inquit,
2790 3791 2982 3845 stolida
3038 3806 3257 3860 prorsus
3289 3802 3390 3846 est.
3430 3811 3451 3844 ι

1909 3883 2007 3951 Qui
2034 3884 2078 3939 si
2107 3884 2405 3953 aperuisset
2442 3884 2715 3952 quomodo
2765 3883 2838 3936 illi
2887 3885 3050 3937 stulta
3105 3884 3370 3947 videatur,
3402 3894 3458 3937 et

1911 3986 2229 4047 argumenta
2257 3974 2499 4045 quaedam
2525 3975 2810 4037 attulisset,
2853 3986 3041 4029 contra
3098 3976 3183 4030 illa
3222 3991 3457 4047 pugnas-

1906 4083 2124 4133 semus;
2182 4077 2238 4121 at
2292 4067 2420 4121 mihi
2472 4082 2577 4121 non
2627 4068 2837 4123 videtur
2884 4069 3211 4130 convenire,
3264 4077 3321 4120 ιιι
3362 4067 3454 4121 illo

1904 4160 2220 4230 simpliciter
2281 4158 2624 4225 afﬁrmante,
2701 4160 2921 4228 probem
2996 4175 3098 4228 ego
3185 4160 3453 4227 quomodo

1899 4452 2114 4522 sapiens
2159 4466 2265 4505 non
2313 4451 2447 4505 vult.
2494 4450 2789 4508 Credamus
2838 4450 3018 4522 itaque
3061 4451 3250 4510 Sextio
3294 4471 3445 4511 me..-

1901 4522 2099 4577 stranti
2138 4523 2557 4589 pulcherrimum
2589 4523 2711 4585 iter,
2738 4533 2793 4578 et
2824 4523 3077 4577 clamanti
3106 4541 3120 4577 :

2256 4590 2375 4646 Hac
2418 4591 2527 4643 itur
2562 4593 2631 4643 ad
2676 4602 2841 4645 astra.
2873 4610 2893 4644 ι

2536 4661 2733 4736 (yirg.,
2756 4660 3080 4736 (Eruitur,
3110 4676 3161 4715 ιν.
3180 4663 3341 4736 μϐίθ.)

1897 4728 2041 4782 Idem
2087 4727 2311 4796 epistola
2353 4729 2423 4784 54
2452 4748 2466 4784 :
2503 4748 2523 4781 ι
2550 4727 2749 4784 Omnes
2796 4730 3050 4784 mortales
3085 4732 3250 4784 multo
3285 4727 3440 4790 ante-

1896 4798 2076 4863 cedes,
2108 4815 2213 4854 oon
2249 4800 2416 4853 multo
2453 4808 2507 4852 te
2547 4800 2619 4852 dii
2659 4801 2997 4851 antecedent.
3028 4797 3165 4862 Ouid
3212 4802 3351 4855 inter
3396 4814 3447 4858 te

1892 4877 1950 4921 et
1979 4867 2099 4923 illos
2139 4870 2350 4922 interim
2379 4868 2612 4921 futurum
2650 4869 2737 4929 sit,
2764 4866 2998 4934 quzeris?
3030 4867 3235 4921 Diutius
3262 4881 3443 4925 erunt.

1893 4938 1963 4990 At
1999 4938 2306 4991 mehercule
2356 4937 2528 5004 magni
2576 4934 2801 4988 artiﬁcis
2849 4943 2931 4988 est
2968 4934 3229 4989 clausisse
3274 4947 3440 4993 totum

1896 5006 1948 5059 in
1972 5008 2192 5076 exiguo.
2214 5005 2442 5076 Tantum
2464 5005 2686 5076 sapienti
2712 5018 2830 5076 sua,
2848 5014 3105 5072 quantum
3132 5005 3239 5059 Deo
3258 5011 3442 5062 omnis

1893 5087 2025 5130 aetas
2044 5086 2214 5144 patet.
2238 5075 2329 5129 Est
2351 5075 2573 5143 aliquid,
2594 5089 2701 5143 quo
2722 5075 2935 5141 sapiens
2951 5075 3227 5144 antecedat
3249 5076 3437 5142 Deum;

1894 5145 1983 5199 ille
2018 5142 2226 5199 natum
2260 5142 2518 5213 beneficio
2546 5142 2651 5197 non
2686 5145 3000 5213 timet;.suo
3036 5142 3271 5213 sapiens.
3304 5146 3441 5200 Ecce

1894 5229 1981 5267 res
2015 5229 2227 5281 magna,
2262 5212 2460 5267 habere
2488 5211 2910 5267 imbecillitatem
2951 5211 3203 5277 hominis,
3240 5217 3443 5269 securi—

1897 5293 2059 5337 tatem
2089 5283 2203 5335 Dei.
2226 5300 2246 5334 ι
2286 5282 2545 5336 Srsncen.
2938 5347 2959 5349 _
3146 5335 3152 5341 .
3372 5343 3379 5349 _

1963 5352 2072 5422 (l8)
2111 5352 2580 5417 Ἀναϐεϐηκότας.
2618 5351 2707 5405 Sic
2730 5349 2901 5407 codex
2931 5347 3176 5422 Jolianus
3208 5347 3439 5407 secunda

1893 5420 2071 5482 manu,
2100 5433 2156 5474 ut
2196 5422 2459 5475 referatur
2493 5424 2557 5474 ad
2607 5436 2855 5487 sequens,
2896 5422 3061 5490 ἡμᾶς.
3108 5420 3440 5475 litesclielins

1891 5491 2333 5559 etSpencerus,
2393 5491 2803 5559 ἀναϐεϐηκότος.
2857 5491 3048 5544 Guieto
3097 5491 3437 5559 scribendum

1890 5558 2125 5628 videtur,
2153 5560 2291 5611 κατὰ
2317 5558 2471 5611 τοῦτο
2490 5557 2905 5628 ἀναϐεϐηκότος,
2934 5560 2983 5612 id
3006 5568 3107 5619 est,
3137 5573 3202 5613 eo
3223 5557 3432 5612 sublati.

1892 5626 2059 5681 Totus
2091 5640 2269 5681 autem
2308 5630 2452 5682 locus
2481 5630 2530 5682 ei
2580 5633 2661 5683 sie
2693 5626 2989 5683 reddendus
3039 5631 3286 5682 videtur:
3327 5644 3347 5677 ι
3377 5628 3433 5682 Si

1890 5711 2018 5751 vero
2070 5696 2313 5752 doctrina
2366 5698 2545 5751 divina
2599 5700 2776 5752 tradat
2834 5700 3125 5765 perlectum
3166 5712 3194 5749 a
3228 5698 3434 5765 Avirtuto

1892 5765 2209 5835 agglutinari
2235 5779 2286 5821 et
2317 5768 2453 5820 nniri
2486 5768 2581 5834 ipsi
2615 5769 2798 5833 verbo,
2832 5762 2903 5819 ita
2935 5776 2990 5819 ut
3012 5768 3187 5819 anima
3218 5762 3343 5820 Iesu
3367 5780 3433 5821 eo

1889 5836 2084 5888 sublati
2120 5851 2147 5887 a
2184 5836 2335 5901 nobis
2365 5853 2467 5892 non
2495 5849 2769 5909 separetur
2798 5853 2824 5891 a
2863 5837 3219 5905 l’rimogcntto
3259 5838 3429 5892 Omnis

1892 5916 2072 5960 creatu
2084 5921 2172 5976 rw,
2199 5924 2215 5957 ι
2252 5916 2352 5961 ειν.
