4094 6322
202 4396 240 4403 ω

287 417 424 472 1377

1446 411 1718 467 CONTRA
1747 412 2019 471 CELSUM
2053 414 2178 469 LIB.
2221 415 2309 472 Vl.

3356 424 3487 480 1378

285 529 594 602 ἐπιγράψας
624 526 816 597 ἀληθῆ
859 529 1063 598 λόγον.
1134 528 1282 580 ’1-2πεῖ⁵
1332 528 1389 580 δέ
1446 529 1522 592 ὡς
1570 530 1713 599 σαφῆ
1754 531 1831 582 κα¹

1946 531 2142 586 dentur
2182 547 2302 602 quae
2355 533 2541 602 objicit
2588 537 2653 591 de
2700 535 2992 592 creationis
3040 537 3222 593 mundi
3279 538 3488 605 diebus,

283 621 526 694 ἀκριϐῶς
570 620 719 692 αὐτῷ
750 621 1039 691 νενοημένα
1083 619 1345 690 προφέρει
1382 620 1458 682 είς
1508 620 1833 689 κατηγορίαν

280 713 352 766 τὰ
386 714 512 785 περὶ
539 712 646 767 τῶν
668 711 766 782 τῆς
792 715 1142 782 κοσμοποιίας
1173 710 1412 780 ἡμερῶν,
1454 702 1526 764 ὧν
1551 727 1696 772 τινες
1738 710 1833 779 μὲν

283 803 412 873 πρὶν
441 801 555 871 φῶς
586 805 680 858 καὶ
708 803 932 872 οὐρανὸν
961 801 1240 869 γενέσθαι,
1278 800 1523 870 ἤλιόνυε,
1553 801 1647 853 καὶ
1682 801 1834 870 σελή-

281 911 401 965 νην,
434 895 526 949 καὶ
556 894 787 965 ἀστέρας
805 931 820 956 ,
856 891 1282 966 παρεληλύθασι,
1312 893 1454 955 τινὲς
1481 892 1536 943 δὲ
1574 891 1711 962 μετὰ
1738 891 1833 963 τὴν

279 985 483 1039 τούτων
508 986 722 1054 γένεσιν
747 1001 761 1016 ’
793 967 947 1036 τοῦτο
976 983 1132 1051 μόνον
1161 982 1667 1054 ἐπισημειωσόμεθα
1699 984 1835 1054 πρὸς

278 1077 462 1142 αὑτὸν,
496 1078 580 1130 ὅτι
607 1078 694 1149 ἀρ’
720 1075 875 1129 ἔλαθε
904 1075 1137 1128 Μωῡσέα
1163 1075 1222 1128 τὸ
1259 1074 1676 1146 προειρηκέναι,
1707 1093 1724 1125 ι
1747 1075 1832 1127 Ἐν

276 1167 340 1233 ἐξ
364 1169 599 1239 ἡμέραις
632 1166 1030 1221 συντετελέσθαι
1063 1167 1152 1220 τὸν
1174 1167 1378 1238 κόσμον
1404 1165 1833 1238 δημιουργούμε-

277 1276 369 1313 νον
391 1275 404 1290 ·
435 1277 454 1312 ι
487 1260 579 1312 καὶ
607 1259 797 1313 ἑαυτοῦ
832 1257 1210 1328 ἐπιλαθόμενος
1234 1258 1440 1324 τούτοις
1476 1258 1723 1329 ἐπιφέρει
1750 1258 1830 1319 τὸ,

283 1368 302 1402 ι
331 1348 478 1419 Δῦτη
511 1351 545 1420 ὴ
575 1349 752 1419 βίϐλος
782 1350 1041 1419 γενέσεως
1071 1348 1369 1420 ἀνθρώπων
1393 1350 1502 1420 (25)
1523 1389 1538 1410 ,
1648 1347 1832 1420 ἡμέρᾳ

277 1440 532 1511 ἐποίησεν
565 1442 594 1494 6
620 1440 750 1502 Θεὸς
795 1440 886 1494 τὸν
928 1439 1148 1510 οὐρανὸν
1178 1439 1270 1491 καὶ
1317 1440 1416 1510 τὴν
1465 1440 1626 1510 γῆν·›
1696 1438 1831 1491 Ἀλλ’

275 1532 501 1602 οὐδεμία
544 1531 833 1603 πιθανότης
879 1532 1019 1596 ἐστὶ,
1073 1530 1235 1602 μηδὲν
1279 1531 1567 1601 νενοηκότα
1597 1528 1832 1583 Μωῦσέα

274 1621 550 1694 εἰρηκέναι
578 1622 714 1694 μετά
742 1623 809 1677 τὰ
836 1623 960 1694 περλ⁵
986 1621 1093 1676 τῶν
1115 1621 1169 1687 ἒξ
1201 1622 1420 1692 ἡμερῶν
1447 1621 1528 1684 τὸ,
1561 1639 1579 1672 ι
1652 1620 1833 1691 ἡμέρᾳ

262 1716 529 1787 ’ἐποίησεν
559 1718 588 1769 6
613 1714 744 1779 Θεὸς
773 1714 867 1767 τὸν
904 1712 1129 1785 οὐρανὸν
1157 1714 1250 1765 καὶ
1283 1713 1381 1783 τὴν
1408 1714 1526 1782 γῆν.
1557 1729 1575 1764 ι
1623 1712 1746 1765 Ἐὰν
1773 1711 1828 1764 δέ

271 1823 358 1870 τις
389 1805 586 1879 νομίζῃ
616 1804 870 1860 δύνασθαι
899 1803 1048 1857 ταῦτ’
1075 1802 1436 1873 ἀναφέρεσθαι
1464 1801 1554 1855 ἐπὶ
1580 1801 1640 1855 τὸ
1658 1840 1673 1866 ,
1704 1821 1723 1854 ‹
1745 1801 1831 1854 Ἐν

271 1900 413 1969 ἀρχῇ
440 1897 689 1968 ἐποίησεν
730 1897 750 1948 ἰ
781 1897 911 1959 Θεὸς
936 1895 1025 1947 τὸν
1056 1893 1280 1966 οὐρανὸν
1321 1896 1416 1947 καὶ
1451 1893 1549 1964 ’τὴν
1576 1892 1833 1962 γῆν,ἐπι-

1937 637 2171 693 quorum
2197 625 2285 679 alii
2305 626 2448 690 cwli,
2475 627 2626 692 solis,
2660 628 2823 692 lunae,
2859 627 3129 682 stellarum
3157 628 3486 682 creationem

1941 723 2357 781 praecesserunt,
2389 715 2479 769 alii
2505 715 2777 772 subsecuti
2806 726 2958 780 sunt;
2989 716 3089 771 hoc
3114 732 3278 771 unum
3309 732 3373 771 ex
3400 719 3487 772 illo

1940 805 2263 873 qumsicrim,
2298 805 2460 874 672
2497 822 2620 862 num
2645 811 2840 878 :ugerit
2867 808 3096 879 Moysem
3127 829 3132 854 ς
3163 818 3249 862 nte
3277 808 3344 862 ab
3376 809 3488 879 ipso

1940 893 2139 947 dictum
2172 892 2382 948 fuisse:
2411 913 2429 946 ι
2467 894 2524 949 in
2548 911 2641 952 sex
2671 898 3151 967 diebusperi‘cctns
3205 907 3286 953 est
3342 916 3486 953 mun-

1940 983 2039 1036 dus
2065 983 2143 1048 ⁹¹;
2188 1000 2207 1035 ι
2236 998 2363 1036 num
2413 985 2498 1039 sui
2539 987 2740 1042 oblitus
2777 989 3038 1044 addiderit
3075 1011 3086 1044 :
3119 1008 3138 1040 ι
3185 989 3281 1043 l‘lic
3313 1000 3394 1044 est
3420 990 3488 1042 li-

1938 1073 2035 1128 ber
2054 1075 2416 1144 generationis
2438 1076 2749 1145 hominum,
2783 1082 2835 1134 in
2880 1080 3096 1149 dieque
3137 1080 3263 1135 fecit
3305 1079 3486 1133 Domi-

1939 1178 2038 1218 nus
2063 1165 2259 1221 coelum
2289 1175 2346 1221 et
2379 1177 2581 1222 terram
2604 1168 2678 1224 ⁸³.
2711 1188 2730 1221 ι
2766 1169 2836 1224 Αι
2873 1170 3180 1225 nullomodo
3217 1169 3489 1240 probabile

1938 1263 2019 1308 cst
2047 1255 2303 1326 Moysem,
2331 1267 2455 1327 post
2485 1258 2677 1313 factam
2705 1260 2769 1315 de
2797 1275 2893 1315 se:
2914 1261 3101 1315 diebus
3138 1257 3485 1322 mentionem.

1939 1346 2089 1402 nullo
2116 1349 2344 1404 consilio
2379 1350 2581 1404 dixisse
2612 1369 2625 1406 :
2669 1369 2687 1402 ι
2726 1352 2841 1417 Qua
2867 1352 2952 1406 die
2975 1354 3179 1406 creavit
3216 1352 3351 1407 Deus
3374 1367 3486 1407 εω-

1938 1436 2045 1489 lum
2068 1446 2374 1506 et‘terram.
2426 1458 2445 1491 ι
2497 1442 2648 1506 Quod
2675 1441 2720 1494 si
2775 1443 2900 1512 quis
2939 1444 3051 1497 inec
3105 1443 3371 1498 existimet
3406 1459 3488 1495 rc—

1936 1525 2064 1582 ferri
2093 1544 2252 1598 posse
2287 1531 2352 1584 ad
2392 1530 2580 1586 istud:
2620 1549 2639 1583 ι
2688 1532 2746 1585 lu
2797 1533 3061 1602 principio
3106 1535 3312 1589 crearit
3348 1535 3486 1588 Deus

1937 1619 2131 1672 caelum
2155 1629 2210 1674 et
2231 1628 2427 1674 terram
2455 1622 2521 1686 9³,
2549 1641 2569 1674 ›
2599 1623 2733 1677 sciat
2775 1623 2820 1676 is
2852 1633 2974 1677 ante
3005 1623 3145 1676 hoc:
3174 1641 3192 1674 ι
3227 1622 3347 1677 Fiat
3371 1623 3482 1686 lux,

1937 1716 1990 1762 et
2020 1706 2157 1762 facta
2182 1718 2265 1763 est
2295 1709 2384 1763 lux
2414 1709 2499 1776 9";
2540 1729 2559 1762 ι
2597 1722 2653 1766 ει
2676 1721 2799 1767 ante
2823 1712 2963 1766 istud
2989 1731 3002 1767 :
3033 1731 3052 1766 ι
3093 1711 3317 1768 Vocavit
3349 1715 3505 1769 Deus

1912 1799 2111 1859 .lucem
2143 1802 2283 1857 diem
2322 1803 2388 1868 9',
2431 1821 2449 1854 ι
2483 1804 2684 1857 dictum
2702 1818 2823 1859 esse
2857 1821 2872 1858 :
2909 1821 2927 1856 ι
2964 1805 3020 1860 ln
3047 1807 3310 1874 principio
3339 1821 3487 1861 crea-

1937 1891 2010 1945 vit
2032 1893 2171 1947 Deus
2193 1893 2384 1948 caelum
2407 1904 2460 1946 et
2480 1902 2676 1947 terram
2706 1895 2772 1948 ⁸⁸.
2832 1912 2852 1924 ·’

273 1992 544 2063 στησάτω,
573 1992 654 2044 ὅτι
685 1989 790 2061 πρὸ
813 1989 925 2052 τοῦ,
955 2007 973 2039 ι
997 1987 1279 2057 Γενηθήτω
1307 1987 1453 2054 φῶς,
1486 1988 1577 2038 καὶ
1614 1985 1827 2054 ἐγένετο
1873 1985 1987 2053 φῶς
2009 2023 2024 2046 ,
2076 2003 2093 2037 ι
2128 1987 2222 2038 κα)⁹
2264 1986 2377 2051 τοῦ,
2431 2004 2449 2038 ι
2488 1987 2771 2041 Ἐκάλεσεν
2802 1990 2829 2040 6
2871 1993 3000 2054 Θεος
3029 1991 3140 2061 φῶς
3186 1993 3413 2063 ἡμέραν,
3463 2011 3479 2044 ι

272 2087 516 2140 λέλεκται
541 2085 620 2150 τὸ,
661 2104 679 2137 ι
703 2086 788 2139 Ἐν
816 2085 954 2155 ἀρχῇ
986 2083 1234 2153 ἐποίησεν
1264 2083 1293 2135 6
1324 2080 1454 2144 Θεὸς
1482 2079 1572 2134 τὸν
1597 2080 1818 2152 οὐρανὸν
1840 2080 1933 2131 καὶ
1960 2079 2054 2149 τὴν
2078 2079 2200 2149 γῆν.
2228 2098 2247 2131 ι

343 2177 455 2230 Νῦν
505 2177 563 2231 δὲ
620 2176 980 2248 διηγήσασθαι
1028 2176 1119 2228 τὸν
1180 2175 1308 2245 περὶ
1373 2173 1576 2245 νοητῶν
1614 2174 1708 2226 καὶ⁵
1754 2175 1831 2228 αὶ-

2010 2173 2099 2226 51.
2127 2171 2243 2225 Jam
2292 2185 2421 2226 vero
2465 2173 2532 2229 de
2571 2174 2996 2243 inlelligentibus
3045 2177 3487 2246 sensibilihusque

272 2264 484 2337 σθητῶν
533 2265 719 2334 λόγον,
763 2265 858 2317 καὶ
903 2264 1021 2318 τίνα
1070 2264 1265 2335 τρόπον
1316 2263 1725 2333 διανενέμηνται
1777 2264 1832 2316 αἱ

270 2357 463 2427 φύσεις
486 2357 594 2410 τῶν
629 2356 849 2430 ἡμερῶν
875 2359 951 2420 είς
976 2356 1257 2426 ἀμφότερα
1284 2356 1352 2409 τὰ
1393 2356 1506 2424 εἴδη
1526 2393 1540 2417 ,
1590 2355 1651 2408 οὐ
1699 2354 1831 2426 πρό-

271 2464 484 2512 κειται,
525 2447 648 2499 οὐδέ
694 2447 763 2499 τὰ
807 2445 946 2498 κατὰ
976 2447 1100 2508 τοὺς
1141 2444 1336 2508 τόπους
1374 2443 1653 2510 ἐξετάσαι*
1696 2431 1833 2497 ὅλων

271 2537 384 2610 γὰρ
413 2538 542 2607 ἡμῖν
566 2535 866 2602 συντάξεων
893 2535 1049 2606 χρεία
1073 2536 1152 2599 είς
1172 2536 1269 2606 τὴν
1297 2536 1546 2606 διήγησιν
1567 2534 1668 2605 τῆς
1695 2535 1832 2589 κατά

273 2627 514 2698 Μωῦσέα
559 2627 913 2698 κοσμοποιίας
963 2627 1096 2697 ὅπερ
1137 2628 1274 2680 κατὰ
1317 2627 1378 2680 τὸ
1435 2626 1652 2680 δυνατὸν
1703 2628 1832 2696 ἡμῖν

276 2627 514 2790 Mpr
559 2627 913 2698 κοσμοποιίας
963 2627 1096 2697 ὅπερ
1137 2628 1274 2680 κατὰ
1317 2627 1378 2680 τὸ
1435 2627 1652 2680 δυνατὸν
1703 2628 1832 2696 ἡμῖν

276 2735 318 2770 π
437 2751 452 2768 .
485 2717 653 2782 είονος
687 2718 878 2789 χρόνου
904 2717 999 2786 τῆς
1033 2715 1379 2787 ἐνεστηκυίας
1417 2715 1548 2786 πρὸς
1573 2715 1664 2768 τὸν
1695 2716 1834 2768 Κέλ-

276 2826 371 2862 σον
397 2808 698 2875 συντάξεως
731 2809 1100 2878 πεποιήκαμεν
1120 2846 1133 2870 ,
1177 2805 1285 2860 ἀπὸ
1321 2808 1421 2877 τῆς
1445 2807 1550 2877 πρὸ
1577 2805 1832 2859 πλειόνων

274 2899 413 2953 ἐτῶν
429 2900 620 2967 ἕξεως,
643 2896 710 2971 ἦς
731 2899 1039 2972 ἐχωροῦμεν
1058 2899 1203 2961 τότε,
1219 2897 1557 2961 διαλαϐόντες
1579 2898 1704 2967 περὶ
1724 2896 1831 2950 τῶν

273 2992 419 3046 κατά
457 2991 692 3045 Μωῦσέα
718 2990 823 3043 τῶν
861 2990 970 3060 (24)
993 2989 1049 3055 ἐξ
1088 2988 1187 3058 τῆς
1215 2991 1563 3058 κοσμοποιίας
1589 2987 1827 3057 ἡμερῶν.

273 3082 489 3136 Εἰδέναι
545 3081 727 3151 μέντοι
773 3097 836 3149 γε
882 3080 1027 3151 χρὴ,
1081 3080 1160 3132 ὅτι
1190 3081 1301 3141 τοῖς
1327 3079 1552 3140 δικαίοις
1599 3079 1686 3131 διὰ
1735 3078 1828 3130 τοῦ

284 3173 508 3225 Ἡσαΐου
534 3173 564 3224 6
591 3171 746 3240 λόγος
791 3170 1206 3239 ἐπαγγέλλεται,
1253 3171 1310 3220 ἐν
1355 3169 1679 3222 καταστάσει
1715 3169 1832 3223 ἔσε-

275 3262 401 3316 σθαι
434 3260 677 3334 ἡμέρας,
710 3263 766 3314 ἐν
876 3280 894 3311 r
924 3261 1201 3332 pqﬁhog,
1241 3260 1354 3312 ἀλλ’
1390 3260 1487 3312 αύτ
1509 3277 1548 3322 ις
1572 3261 1599 3312 6
1631 3259 1828 3330 Κύριος

271 3355 392 3423 φῶς
425 3355 575 3407 ἔσται
621 3354 802 3416 αὐτοῖς
826 3352 1055 3415 αἰώνιον,
1088 3352 1180 3403 καὶ
1207 3353 1233 3403 6
1261 3351 1392 3412 Θεὸς
1427 3351 1551 3413 δόδα
1595 3350 1826 3403 αὐτῶν.»

272 3443 633 3515 Παρακούσας
652 3445 716 3507 δ’,
743 3438 914 3512 οἶμαι,
947 3441 1219 3511 μοχθηρᾶς
1247 3439 1506 3509 αἱρέσεώς
1531 3457 1702 3502 τινος,
1737 3439 1830 3492 καὶ

271 3534 479 3606 κακῶςχ
512 3531 914 3603 διηγησαμένης
986 3531 1045 3582 τὸ
1110 3530 1431 3598 «γενηθήτω
1513 3528 1658 3597 φῶς,
1687 3549 1704 3579 ι
1757 3530 1830 3593 ὡς

269 3607 540 3686 εὐκτιιξῶς
567 3622 675 3692 (25)
703 3621 805 3673 ὑπὸ
833 3617 925 3672 τοῦ
949 3617 1280 3688 Δημιουργοῦ
1311 3618 1492 3687 είρημτ
1514 3633 1614 3679 νον,
1646 3611 1793 3668 εἴπεν
1811 3633 1826 3647 ·

277 3735 298 3766 ι
323 3716 396 3769 Οὐ
443 3715 550 3784 γάρ
595 3713 682 3783 δὴ,
728 3710 972 3780 καθάπερ
1004 3711 1050 3761 oi
1076 3710 1198 3770 τοὺς
1241 3706 1460 3776 λύχνους
1487 3723 1548 3758 έκ
1577 3705 1830 3774 γειτόνων

271 3807 588 3876 ἐναυὸμενοι
607 3843 622 3868 ,
650 3802 762 3872 φῶς
786 3800 1118 3872 Δημιουργὸς
1142 3797 1342 3852 ἄνωθεν
1368 3800 1482 3868 ἐχρτ
1512 3813 1652 3850 meo.
1669 3815 1686 3848 ›
1724 3797 1832 3850 Καὶ

271 3895 440 3965 ἄλλης
468 3895 511 3948 δ’
539 3891 766 3954 ἀσεϐοῦς
793 3891 1052 3962 αἱρέσεως
1074 3887 1424 3960 παρακούσας
1446 3927 1459 3951 ,
1489 3883 1602 3942 εἷπε
1632 3889 1723 3941 καὶ
1748 3889 1827 3940 τόο

277 4005 297 4038 ι
325 3987 387 4038 Ei
430 3987 527 4055 μὲν
554 3985 791 4046 ἐναντίος
826 3999 908 4045 τις
949 3978 1015 4053 ἦν
1042 3981 1148 4051 (26)
1188 3979 1265 4051 τῷ
1307 3981 1525 4051 μεγάλῳ
1561 3979 1678 4050 Θεῷ
1715 3980 1832 4042 θεὸς

271 4076 688 4147 κατηραμένος,
739 4078 768 4129 6
819 4074 988 4127 ταῦτα
1038 4072 1203 4125 ποιῶν
1253 4073 1420 4143 παρὰ,
1456 4072 1677 4142 γνώμην
1734 4072 1833 4141 τὴν

272 4166 517 4228 ἐκείνου,
555 4167 608 4217 τί
644 4164 792 4235 αὐτῷ
806 4165 866 4216 τὸ
883 4162 993 4232 φῶς
1025 4163 1250 4232 ἐκίχρα;
1284 4181 1302 4213 ι
1329 4163 1471 4232 Πρὸς
1515 4163 1551 4215 ἃ
1584 4162 1832 4214 τοσοῦτον

273 4255 576 4323 ἁποδέομεν
598 4253 993 4322 ἀπολογεῖσθαι,
1025 4252 1163 4304 ὥστε
1193 4253 1512 4320 τρανότερον
1539 4252 1684 4320 ἡμᾶς
1715 4250 1832 4303 sos-

273 4347 391 4398 λειν
427 4345 527 4413 τῆς
560 4345 778 4398 ἐκείνων
809 4342 964 4410 δόξης
995 4343 1069 4404 ὼς
1110 4342 1458 4410 ἐσφαλμένων
1488 4343 1828 4411 κατηγορεῖν,

274 4432 371 4486 καὶ
419 4431 666 4484 ἵστασθαι
718 4432 777 4483 ού
828 4430 962 4500 πρὸς
1009 4427 1044 4482 ἃ
1085 4428 1159 4498 μὴ
1197 4427 1414 4497 οἴδαμεν
1452 4429 1648 4492 αὐτῶν,
1689 4431 1762 4491 ὡς
1802 4428 1831 4479 ὁ

274 4522 522 4586 Κέλσος,
557 4521 691 4575 ἀλλὰ
725 4520 859 4591 πρὸς
895 4521 930 4572 ἃ
956 4519 1195 4590 ἀκριϐῶς
1225 4518 1579 4589 γινώσκομεν,
1617 4520 1692 4588 πὴ
1735 4519 1830 4588 μὲν

276 4612 375 4666 ἀπ’
439 4613 616 4668 αὐτῶν
667 4612 1120 4682 ἀκολουθήσαντες
1150 4611 1291 4682 (27),
1337 4611 1410 4680 πὴ
1457 4612 1513 4664 δὲ
1557 4613 1668 4673 τοῖς
1703 4627 1830 4677 συγ-

275 4705 598 4776 γράμμασιν
623 4703 799 4757 αὐτῶν
831 4701 1100 4772 ἐπιμελῶς
1135 4703 1462 4770 ἐντυχόντες.

349 4794 502 4848 Μετὰ
545 4794 602 4848 δὲ
641 4793 809 4847 ταῦτα
861 4791 1064 4853 Κέλσος
1102 4792 1288 4860 φησίνο
1346 4811 1365 4843 ‹
1430 4790 1569 4859 Ἐγὼ
1601 4785 1658 4844 δέ
1706 4793 1830 4861 περὶ

282 4883 382 4954 μὲν
414 4883 682 4952 γενέσεως
731 4884 933 4953 κόσμου
979 4884 1072 4936 καὶ
1121 4883 1350 4952 φθορᾶς,
1385 4883 1418 4952 ἦ
1454 4886 1527 4945 ως
1576 4882 1835 4952 ἀγένητος

279 4976 375 5028 καὶ
402 4976 692 5045 ἄφθαρτος,
727 4975 759 5045 ἢ
793 4976 868 5038 ὡς
895 4975 1113 5045 γενητὸς
1139 4975 1258 5044 μὲν,
1289 4975 1559 5044 ἄφθαρτος
1582 4974 1658 5038 δὲ,
1697 4975 1729 5044 ἦ
1757 4973 1831 5036 ὡς

277 5067 340 5118 τὸ
371 5066 626 5135 ἔμπαλιν,
666 5067 816 5120 οὐδὲν
859 5065 986 5136 περὶ
1007 5064 1195 5116 τούτου
1235 5066 1351 5116 νυνὶ
1385 5064 1468 5131 λέγ
1482 5083 1544 5115 ω.
1571 5082 1587 5114 ι
1635 5058 1830 5133 Δίόπερ

275 5157 386 5211 οὐδ’
415 5159 575 5229 ἡμεῖς
611 5161 739 5230 περὶ
771 5158 935 5212 τῶνδε
966 5158 1081 5210 νυνὶ
1113 5157 1339 5225 λέγομεν
1363 5172 1377 5185 ο
1426 5157 1486 5208 ού
1512 5155 1618 5224 γὰρ
1642 5157 1674 5224 ή
1700 5173 1829 5214 προ-

351 5313 393 5346 ⁹¹
421 5310 557 5366 Gen.
589 5329 629 5377 ι,
660 5310 748 5365 51.
825 5313 872 5344 θ’
903 5311 1036 5366 Cen.
1070 5326 1129 5374 ιι,
1151 5309 1204 5362 4.
1279 5309 1324 5342 ⁸³
1355 5309 1491 5363 Gen.
1517 5324 1553 5373 ι,
1584 5310 1632 5362 l.

355 5454 470 5522 (.23)
515 5452 873 5522 Ἀνθρώπων.
914 5451 1083 5520 Vulgo
1127 5465 1267 5522 nunc
1330 5449 1540 5522 legitur,
1601 5447 1827 5522 ούρανοῦ

279 5519 378 5579 καὶ
408 5519 530 5592 γῆς,
565 5523 650 5575 ὅτε
684 5521 918 5592 ἐγένετο,
954 5530 1006 5573 ει
1054 5522 1132 5574 sic
1193 5521 1306 5589 ipse
1357 5521 1612 5587 Origenes
1675 5519 1830 5583 infra,

284 5590 437 5651 num.
469 5590 536 5645 60
567 5592 721 5659 hujus
761 5590 908 5643 libri.

358 5664 471 5731 (24)
507 5656 795 5731 Delendum
829 5659 1036 5731 videtur
1071 5656 1209 5731 istud
1247 5659 1532 5731 posterius,
1565 5657 1687 5731 τῷν.

358 5726 473 5802 (25)
503 5729 837 5802 Ιίωεειιιςιὶηε
870 5728 918 5778 in
949 5733 1116 5802 tergit,
1142 5727 1455 5802 εὐεκτικῶς,
1508 5729 1664 5802 quite,
1723 5726 1834 5802 (ἵξῃ-

291 5794 467 5856 terum
509 5801 573 5854 de
607 5801 703 5852 hac
741 5799 854 5867 ipsa
902 5811 958 5849 re
1004 5794 1247 5849 Clemens
1303 5797 1699 5850 Alexandrinus
1761 5799 1830 5850 |o«

1709 5308 1755 5338 ⁹δ
1789 5309 1914 5363 ibid.
1939 5311 1996 5365 5.

1933 2263 2142 2319 naturis
2168 2263 2455 2326 disserere,
2485 2267 2774 2321 ostendere
2815 2268 3086 2335 quomodo
3116 2271 3334 2338 utrique
3369 2270 3485 2323 illa-

1934 2366 2052 2407 rum
2082 2354 2280 2423 speciei
2327 2353 2581 2408 destinati
2609 2356 2738 2410 sint
2767 2359 2904 2425 dies,
2936 2359 3048 2412 haec
3096 2359 3369 2428 sigillatim
3406 2360 3486 2413 in-

1914 2445 2147 2513 quirere
2170 2445 2338 2501 nostri
2371 2447 2635 2514 propositi
2663 2463 2766 2502 non
2790 2458 2895 2503 est.
2923 2448 3052 2502 Nam
3095 2452 3159 2504 ad
3188 2451 3486 2505 edisseren-

1930 2536 2055 2590 dam
2083 2545 2359 2590 narratam
2389 2550 2420 2590 a
2446 2534 2629 2608 Moyse
2653 2541 2836 2593 mundi
2865 2542 3191 2596 creationem
3222 2557 3354 2612 Opus
3401 2559 3486 2599 es-

1933 2634 2015 2679 set
2061 2625 2281 2694 integris
2329 2627 2756 2688 commentariis.
2791 2628 2847 2683 Id
2879 2639 3056 2683 autem
3111 2645 3143 2683 a
3203 2630 3358 2686 nobis
3404 2643 3486 2685 est

1931 2715 2228 2786 praeSLitum
2255 2731 2354 2784 pro
2370 2716 2574 2771 viribus
2596 2717 2750 2787 longe
2771 2728 2926 2783 ante,
2947 2721 3272 2788 quamhunc
3291 2721 3484 2776 librum

1933 2815 2127 2861 contra
2180 2804 2393 2860 Celsum
2450 2807 2848 2872 sqniberemus;
2905 2817 3014 2863 tum
3045 2811 3314 2876 videicct,
3362 2827 3482 2866 cum

1932 2905 2092 2965 prout
2129 2904 2314 2950 nostra
2366 2905 2490 2951 ante
2531 2897 2727 2976 multos
2764 2913 2934 2955 annos
2983 2899 3206 2956 facultas
3247 2901 3480 2968 ferebat,

1934 2985 2285 3040 disseruimus
2307 2985 2374 3041 de
2402 3001 2496 3040 sex
2530 2982 2753 3053 diebus,
2799 2989 2991 3058 quibus
3033 2989 3244 3059 Moyses
3300 2995 3481 3046 mundi

1934 3075 2263 3129 creationem
2311 3074 2605 3144 perfectam
2659 3076 2827 3132 fuisse
2881 3087 3086 3136 narrat.
3121 3078 3313 3134 Verum
3344 3082 3485 3137 seire

1932 3161 2402 3233 oportet-Verbum
2437 3178 2532 3231 per
2557 3162 2749 3218 Isaiam
2778 3164 2939 3234 justis
2980 3165 3169 3234 pollice
3208 3167 3221 3220 i
3275 3166 3484 3222 futuros

1932 3268 2054 3308 esse
2079 3253 2216 3319 dies,
2252 3269 2374 3307 cum
2431 3271 2450 3304 ι
2499 3253 2602 3308 illis
2651 3272 2754 3311 non
2809 3256 2913 3321 sol,
2945 3258 3034 3311 sed
3067 3258 3174 3326 ipse
3226 3257 3484 3314 Dominus

1934 3345 2267 3414 sempiterna
2295 3346 2385 3400 lux
2417 3345 2546 3410 erit,
2566 3355 2619 3399 et
2643 3363 2828 3401 eorum
2862 3349 3053 3416 gloria,
3089 3349 3227 3403 Deus
3257 3351 3323 3405 ".
3351 3369 3371 3401 ι
3403 3350 3480 3405 Ex

1934 3435 2136 3506 aliqua,
2177 3438 2396 3506 ppinor,
2430 3439 2669 3508 improba
2723 3439 2914 3494 haeresi
2947 3450 3000 3493 et
3036 3440 3174 3494 male
3221 3441 3484 3508 interpre-

1889 3527 1898 3577 ‘.
1935 3537 2080 3583 tante
2103 3528 2217 3582 hcce
2245 3528 2430 3592 verba,
2473 3545 2493 3579 σ
2546 3529 2638 3581 ﬁat
2681 3529 2793 3593 lux,
2845 3547 2864 3578 ι
2908 3529 3062 3598 quasi
3119 3543 3148 3582 a
3201 3530 3480 3583 Jonditore

1934 3616 2072 3681 hanc
2124 3617 2238 3670 licri
2287 3625 2506 3683 optante
2558 3618 2703 3671 dicta
2753 3618 2998 3682 fuissent,
3042 3621 3246 3674 accc-nit
3297 3620 3410 3674 hmc
3460 3636 3475 3672 :

1938 3721 1957 3754 ι
1996 3702 2107 3757 Non
2138 3703 2379 3771 proiecto
2401 3704 2660 3758 Conditor
2699 3704 2876 3758 lume..
2928 3721 2956 3758 a
2999 3709 3202 3772 superis
3247 3720 3484 3759 commo-

1932 3792 2056 3846 dato
2080 3795 2303 3862 accepit,
2337 3804 2395 3847 ut
2423 3809 2521 3850 nos
2549 3809 2615 3848 ex
2659 3795 2821 3848 Vicini
2868 3795 3086 3847 lucerna
3123 3811 3168 3847 nc
3207 3803 3363 3848 .tram
3393 3811 3485 3848 ac-

1934 3881 2230 3939 cendimus.
2256 3901 2274 3934 ι
2309 3883 2385 3937 Ex
2414 3884 2515 3938 alia
2541 3885 2700 3954 impia
2728 3885 2917 3938 hmresi
2970 3885 3157 3939 leviter
3203 3896 3480 3954 perspecta

1934 3973 2081 4026 addit
2115 3991 2128 4026 :
2173 3990 2191 4024 ι
2230 3974 2286 4028 Si
2314 3975 2435 4043 quis
2461 3975 2778 4030 maledictus
2808 3975 2939 4029 deus
2978 3991 3168 4046 magno
3227 3975 3334 4030 Deo
3356 3991 3484 4030 con-

1861 4062 1873 4074 '
1936 4063 2129 4117 trarius
2153 4073 2287 4128 erat,
2317 4076 2369 4119 et
2397 4077 2583 4120 contra
2630 4069 2773 4122 illitis
2809 4068 3137 4121 voluntatem
3175 4067 3290 4122 haec
3329 4067 3479 4131 fecit,

1934 4166 2028 4206 cur
2050 4153 2138 4206 hic
2161 4154 2235 4207 illi
2264 4154 2443 4209 lumen
2470 4158 2886 4210 commodabat?
2919 4175 2936 4206 ι
2955 4156 3082 4221 Qua:
3107 4165 3309 4209 tantum
3329 4156 3483 4210 abest

1935 4250 1994 4294 ut
2027 4243 2393 4306 defendamus,
2425 4255 2483 4298 ut
2512 4245 2648 4298 hanc
2673 4248 2978 4314 opinionem
3026 4255 3278 4314 tanquam
3301 4260 3366 4299 ex
3391 4259 3481 4298 er-

1937 4330 2184 4385 rantibus
2212 4331 2510 4400 profectam
2541 4334 2798 4388 damnare
2822 4334 2995 4402 parati
3019 4335 3208 4399 simus,
3237 4343 3290 4389 et
3323 4333 3485 4389 refel-

1933 4418 2044 4474 lere
2066 4436 2125 4473 ea
2161 4436 2279 4489 qua:
2305 4437 2406 4474 non
2454 4423 2632 4485 ignota
2677 4427 2854 4488 nobis,
2906 4436 2965 4477 ut
2992 4425 3167 4490 Celso,
3202 4426 3294 4480 sed
3328 4441 3486 4482 accu-

1898 4516 1900 4518 '
1936 4515 2050 4560 rate
2085 4518 2366 4576 perspecta
2401 4518 2544 4572 sunt,
2580 4525 2805 4576 quaeque
2836 4521 2946 4564 tum
2991 4527 3056 4564 ex
3107 4512 3232 4579 illis,
3270 4520 3379 4566 tum
3416 4528 3482 4567 ex

1931 4610 2115 4650 eorum
2140 4598 2290 4654 libris
2315 4598 2596 4667 diligenter
2625 4601 2797 4664 lectis,
2833 4601 3134 4655 didicimus.

2002 4798 2088 4851 52.
2132 4797 2221 4852 Sic
2252 4808 2435 4866 postea
2462 4797 2691 4854 Celsus:
2737 4818 2755 4852 ι
2809 4799 2883 4855 De
2910 4799 3119 4869 origine
3173 4809 3227 4855 et
3263 4800 3481 4855 interitu

1885 4923 1910 4975 )
1944 4889 2147 4954 mundi,
2175 4891 2514 4943 increatusne
2547 4891 2692 4944 sitet
2723 4891 3160 4960 incorruptibilis,
3200 4903 3483 4945 creatusne

1937 4981 2178 5048 quidem,
2208 4983 2299 5034 sed
2327 4981 2770 5048 incorruptibilis,
2809 4998 2874 5034 an
2901 4991 3106 5042 contra,
3134 4980 3265 5034 nihil
3293 4981 3393 5034 hac
3418 4983 3483 5036 de

1939 5086 1996 5122 re
2027 5087 2164 5125 nunc
2205 5073 2343 5126 dico.
2382 5091 2399 5122 ι
2443 5071 2551 5126 Nec
2585 5087 2681 5126 nos
2709 5073 2995 5140 quidquam
3023 5071 3087 5124 de
3113 5070 3178 5123 iis
3223 5071 3480 5126 dicemus.

1936 5155 2120 5225 Neque
2145 5161 2286 5213 enim
2319 5159 2367 5212 id
2396 5159 2630 5228 postulat
2658 5160 2881 5215 instituti
2919 5159 3074 5212 ratio.
3097 5158 3204 5214 Nec
3232 5160 3396 5215 etiam
3435 5162 3484 5212 in

2093 5311 2140 5342 ⁸⁸
2176 5311 2310 5366 ibid.
2359 5313 2412 5366 5.
2511 5313 2557 5344 "
2592 5315 2722 5368 ibid.
2768 5316 2816 5368 i.
2909 5315 2953 5344 "'
2994 5313 3094 5369 lsa-
3138 5329 3228 5380 ιι,
3258 5314 3343 5370 19.

1929 5449 2184 5521 qniturAin
2224 5449 2430 5517 Eclogis
2474 5435 2862 5503 Theodotianis.
2900 5450 3032 5505 Vide
3056 5465 3216 5521 snpra
3240 5458 3394 5516 notas
3424 5450 3486 5499 ad

1930 5519 2051 5570 libr.
2098 5519 2172 5568 Dc
2200 5521 2460 5583 oratione,
2502 5536 2620 5588 pag.
2653 5521 2778 5573 257.

2001 5588 2276 5659 (ἳϐμιιειη
2308 5589 2357 5639 in
2385 5582 2891 5659 textilﬁvavﬁwazq
2913 5582 2998 5659 ἦν.

1998 5657 2142 5725 ’(27)
2206 5658 2764 5723 Ἀκολουθήσαντες.
2829 5655 3112 5714 ΒυΙιθῐὈΙΙο
3180 5669 3235 5712 ει
3289 5655 3479 5710 Guieto

1933 5729 2095 5782 scrib.
2131 5727 2362 5791 videtur,
2389 5728 2732 5792 ἀκούσαντες.
