4094 6322
693 349 828 406 ΙδῚθ

2131 342 2449 402 ORIGENIS

3746 348 3880 408 is}

688 470 804 526 haec
844 464 1057 521 verba:
1111 483 1130 518 ι
1182 464 1414 536 Spiritus
1465 464 1674 519 Domini
1736 463 2010 521 ferebatur
2068 479 2227 534 super

2331 463 2550 535 κειμένη
2574 464 2821 532 σύνταξις
2841 463 2980 516 τοῦτ’
2997 465 3230 518 ἀπαιτεῖ.
3262 463 3527 518 mmet
3550 463 3776 534 πνεῦμα
3797 463 3884 521 τοῦ

689 570 857 626 aquas
886 554 952 620 ’⁸,
986 572 1006 608 ι
1042 555 1268 609 dicimus
1295 555 1539 623 spiritum
1570 555 1761 608 summi
1792 555 1879 609 Dei
1907 553 2070 609 fuisse
2093 554 2223 624 illic,

691 653 938 712 tanquam
967 643 1020 697 in
1061 643 1217 697 rebus
1248 645 1312 697 ad
1336 659 1395 698 se
1437 644 1596 714 673
1642 660 1746 697 non
1781 645 2176 713 pertinentibus
2211 659 2227 706 ;

691 745 794 784 nec
819 730 887 784 ab
914 728 1018 783 alio
1042 737 1233 798 prater
1259 744 1508 799 magnum
1554 731 1718 784 Deum
1756 734 2034 785 conditore
2085 747 2231 800 qua:-

691 823 812 874 dam
853 822 1084 876 dicimus
1107 831 1290 876 contra
1314 823 1462 876 illum
1483 824 1753 890 spiritum,
1773 818 1928 894 idque
1951 827 2228 892 superiore

620 956 622 958 ,
688 909 797 965 Deo
826 911 1078 979 patiente,
1123 911 1358 980 improbe
1386 911 1554 965 fuisse
1601 925 1843 981 suscepta
1895 929 2012 983 qua:
2057 916 2226 969 everti

687 1001 1006 1068 oportuerit.
1040 1000 1264 1055 Valeant
1287 1001 1449 1070 igitur
1488 1012 1540 1055 et
1569 1006 1655 1070 qui
1686 1004 1799 1057 haec
1827 1005 2036 1070 dicunt,
2063 1014 2115 1060 et
2135 1007 2227 1074 qui

692 1089 1030 1158 indiligenter
1058 1105 1148 1144 eos
1174 1090 1372 1144 refutat
1405 1091 1593 1145 Celsus
1617 1109 1632 1153 ;
1661 1094 1842 1147 debuit
1867 1096 2006 1147 enim
2037 1105 2127 1148 aut
2166 1096 2229 1148 il-

663 1178 861 1251 lorum
891 1194 1132 1233 errorum
1163 1195 1265 1232 non
1292 1178 1617 1244 meminisse,
1669 1194 1761 1234 aut
1800 1199 1898 1250 pro
1946 1185 2030 1237 illa
2068 1201 2226 1252 quam

686 1283 798 1336 pra:
825 1285 883 1324 se
939 1271 1038 1324 {ert
1075 1271 1406 1325 humanitate
1456 1274 1571 1326 illos
1611 1275 1894 1344 diligenter
1938 1290 2228 1344 exponere,

688 1366 742 1411 et
763 1358 1073 1428 impugnare
1104 1374 1220 1427 qua:
1251 1363 1317 1412 ab
1338 1361 1548 1414 illorum
1572 1363 1879 1416 auctoribus
1908 1365 2066 1432 impie
2087 1367 2227 1421 dicta

690 1459 833 1501 sunt.
867 1448 1052 1501 Datum
1078 1460 1254 1502 autem
1311 1450 1477 1504 fuisse
1522 1453 1782 1505 conditori
1811 1469 1836 1506 a
1882 1470 2073 1524 magno
2123 1455 2230 1509 Deo

689 1538 953 1605 spiritum,
978 1553 1131 1605 quem
1179 1550 1361 1608 postea
1389 1542 1596 1609 repetit,
1650 1541 1701 1594 id
1739 1544 2042 1598 audivimus
2090 1560 2228 1598 nun-

688 1642 870 1697 quam.
901 1629 954 1682 ln
990 1631 1084 1682 hos
1114 1635 1289 1682 tamen
1323 1632 1511 1699 impios
1539 1646 1816 1687 sermones
1854 1635 2016 1688 stulte
2051 1637 2228 1689 insur-

686 1734 860 1789 gens:
897 1737 915 1769 ι
969 1719 1163 1786 Ecquis
1195 1720 1352 1784 Deus,
1401 1721 1596 1788 inquit,
1643 1724 1921 1792 quidpiam
1970 1725 2063 1778 dat
2091 1726 2229 1793 quod

686 1819 868 1878 postea
895 1810 1215 1875 repetiturus
1247 1810 1362 1862 est?
1385 1808 1673 1878 lmligentis
1695 1812 1836 1864 enim
1861 1822 1940 1865 est
1972 1824 2229 1882 repetere,
2262 1793 2304 1849 Β

690 1899 888 1951 nullius
915 1907 1092 1950 autem
1123 1899 1196 1951 rei
1222 1899 1359 1952 Dens
1386 1899 1604 1968 indiget.
1638 1918 1656 1951 ι
1686 1902 1890 1964 Quibus
1915 1904 2230 1973 additquasi

692 1987 818 2056 quid
871 1989 1149 2042 admodum
1206 1988 1418 2055 sapiens
1469 2000 1654 2042 contra
1709 1993 1969 2057 quosdam
2007 2010 2018 2044 :
2062 2009 2082 2042 ι
2126 1993 2234 2048 Cur

693 2078 942 2138 nescivit,
967 2093 1085 2130 cum
1126 2078 1512 2150 connnodaret,
1545 2093 1602 2132 se
1629 2083 1768 2132 malo
1791 2081 2168 2134 commodare?
2208 2101 2224 2133 ι

690 2167 757 2221 Ει
792 2169 928 2220 istud
963 2185 975 2219 :
1013 2185 1031 2216 r
1065 2167 1172 2220 Cur
1203 2181 1388 2234 parum
1435 2179 1586 2220 curat
1620 2168 1816 2221 malum
1869 2171 2228 2236 conditorem,

689 2258 778 2325 qni
804 2259 901 2310 sibi
927 2257 1277 2310 adversatur?
1315 2274 1332 2306 ι

760 2346 846 2401 53.
869 2346 1064 2400 Deinde
1085 2348 1461 2410 iuisceus,rneo
1480 2347 2231 2417 quidemjudicio,li:eresibus

691 2434 938 2496 haereses,
965 2450 1061 2489 nec
1082 2435 1322 2488 iudicans
1345 2436 1445 2488 alia
1463 2452 1584 2490 esse
1599 2437 1840 2502 alterius,
1859 2437 2080 2492 alterius
2101 2441 2229 2503 alia,

690 2509 1026 2592 profer-tquzc
1050 2539 1145 2577 nos
1159 2525 1439 2592 objicimus
1460 2524 1734 2577 Marciani.
1757 2525 1918 2580 Forte
1943 2527 2102 2580 etiam
2122 2530 2233 2580 haec

689 2615 813 2682 quia
834 2615 969 2667 male
985 2629 1049 2666 ex
1073 2615 1263 2667 vilibus
1277 2614 1592 2682 quibusdam
1613 2625 1665 2668 et
1685 2616 1946 2684 imperitis
1964 2617 2231 2681 audierat,

690 2714 969 2772 propterea
997 2705 1335 2771 reprehendit
1367 2704 1838 2771 reprehensionem
1877 2708 2078 2774 ipsam,
2127 2722 2230 2776 qua

691 2796 742 2846 in
770 2810 828 2847 re
869 2811 973 2847 non
1011 2811 1263 2862 magnum
1289 2808 1398 2860 prie
1423 2808 1482 2845 se
1520 2794 1624 2846 l'ert
1646 2794 1923 2862 judicium.
1951 2797 2234 2866 Exponens

688 2886 851 2953 igitur
887 2899 1005 2952 qua:
1031 2895 1217 2936 contra
1248 2885 1571 2937 lllarcionem
1611 2887 1884 2951 dicuntur,
1926 2889 2018 2939 sed
2067 2891 2228 2942 tacito

691 2976 854 3039 illius,
874 2991 1030 3042 quem
1061 2985 1234 3028 tamen
1257 2979 1578 3044 aggreditur,
1603 2980 1815 3032 nomine
1846 2997 1858 3031 :
1887 2997 1904 3030 ι
1937 2979 2045 3034 Cur
2065 2981 2225 3045 clam,

2327 555 2418 608 ἐπὶ
2456 557 2585 608 πᾶσι
2610 555 2743 607 Θεοῦ
2771 571 2948 624 φαμεν
2971 553 3045 617 ὡς
3081 557 3137 607 ἐν
3165 555 3464 624 ἀλλοτρίοις
3501 557 3616 619 τοῖς
3639 555 3772 626 τῇδε
3797 572 3886 623 για

2325 647 2555 713 γονέναι,
2578 646 2717 699 κατά
2741 649 2820 709 τὸ,
2845 667 2862 697 ι
2883 646 3103 716 Πνεῦμα
3118 645 3249 699 Θεοῦ
3267 646 3560 717 ἐπεφέρετο
3575 648 3770 701 ἐπάνω
3795 648 3884 701 τοῦ

2327 734 2528 797 ὓδατος·
2571 755 2588 787 ι
2626 736 2744 789 ούδέ
2777 734 2956 798 κακῶς
2991 735 3350 806 μηχανώμενά
3370 753 3507 801 τινα,
3525 738 3601 800 ὡς
3631 739 3740 792 ὑπὸ
3772 739 3884 792 ἐτέ-

2329 839 2420 893 ρου
2451 823 2543 875 τοῦ
2573 823 2898 894 δημιουργοῦ
2937 825 3083 893 παρὰ
3107 824 3196 876 τὸν
3234 825 3402 894 μέγαν
3427 825 3580 888 Θεὸν,
3617 827 3768 880 κατὰ
3790 825 3880 880 τοῦ

2327 915 2628 982 πνεύματος
2682 916 2843 968 αὑτοῦ
2903 933 3100 986 φαμεν,
3163 915 3486 985 ἀνεχομένου
3537 916 3633 969 τοῦ
3685 917 3883 970 ἀνωτέ-

2333 1022 2407 1076 ρω
2429 1006 2536 1074 (28)
2559 1005 2711 1069 Θεοῦ,
2734 1007 3004 1076 δεδεῆσθαι
3030 1007 3407 1077 καθαιρέσεως.
3431 1008 3633 1076 Διόπερ
3669 1007 3883 1079 μακρὰν

2329 1096 2658 1166 χαιρέτωσαν
2689 1101 2737 1150 oi
2766 1100 2934 1151 ταῦτα
2965 1098 3227 1166 λέγοντες,
3277 1098 3369 1150 καὶ
3403 1099 3430 1150 ὁ
3462 1098 3536 1168 μὴ
3563 1114 3877 1169 πραγματι-

2330 1183 2438 1246 κῶς
2484 1185 2659 1247 αὐτῶν
2689 1187 3000 1256 κατηγορῶν
3029 1187 3252 1250 Κέλσος·
3300 1187 3464 1258 ἐχρῆν
3490 1189 3600 1258 γὰρ
3641 1188 3802 1240 αὑτὸν
3844 1187 3875 1257 ἢ

2333 1275 2406 1345 μὴ
2443 1277 2806 1346 μνημονεῦσαι
2850 1277 2958 1329 τῶν
3009 1278 3278 1342 τοιούτων,
3311 1279 3367 1348 ἢ,
3400 1277 3539 1331 κατά
3584 1277 3647 1330 τὸ
3692 1277 3878 1330 δοκοῦν

2329 1364 2476 1434 αὐτῷ
2522 1366 2912 1436 φιλάνθρωπον,
2965 1367 3215 1420 ἐκθέσθαι
3268 1367 3404 1419 αὐτά
3446 1367 3734 1436 ἐπιμελῶς.
3787 1365 3878 1418 καὶ

2329 1456 2696 1522 ἀγωνίσασθαι
2737 1457 2869 1528 πρὸς
2916 1458 2983 1510 τὰ
3010 1456 3218 1519 ἀσεϐῶς
3256 1458 3347 1508 ὑπ’
3382 1456 3556 1509 αὐτῶν
3588 1457 3872 1526 λεγόμενα.

2331 1545 2469 1609 Οὐδ’,
2503 1548 2582 1600 ὅτι
2631 1547 2876 1610 δεδωκὼς
2918 1548 2947 1598 ό
3000 1549 3169 1617 μέγας
3203 1547 3332 1608 Θεὸς
3377 1547 3454 1616 τῷ
3479 1545 3792 1616 δημιουργῷ
3820 1546 3879 1596 τὸ

2331 1639 2543 1708 πνεῦμα
2594 1639 2810 1691 ἀπαιτεῖ
2876 1637 3042 1700 αὐτὸ,
3102 1637 3413 1706 ἀκηκόαμεν
3482 1635 3719 1688 πώποτε.
3769 1632 3877 1687 Εἶθ’

2333 1729 2457 1797 ἐξῆς
2504 1729 2721 1780 ἀσεϐέσι
2777 1728 2950 1795 λόγοις
3002 1727 3193 1798 μωρῶς
3245 1727 3353 1796 (29}
3419 1726 3662 1792 ἐγκαλῶν
3715 1741 3874 1794 φησιο

2340 1836 2357 1867 ι
2399 1818 2492 1879 Τίς
2525 1817 2654 1878 Θεὸς
2684 1817 2863 1869 δίδωσί
2895 1834 2965 1880 τι,
2999 1817 3072 1878 ὡς
3101 1818 3439 1886 ἀπαιτήσων;
3473 1815 3735 1884 Δεομένου
3774 1814 3878 1884 γάρ

2331 1908 2390 1959 τὸ
2423 1909 2685 1972 ἀπαιτεῖν,
2718 1907 2884 1960 δεῖται
2926 1906 2982 1959 δὲ
3009 1906 3216 1969 οὐδενὸς
3237 1909 3265 1958 ὁ
3298 1906 3445 1969 Θεός.
3491 1924 3508 1956 ι
3546 1905 3653 1957 Καὶ
3679 1904 3882 1964 τούτοις

2332 1999 2698 2069 προστίθησιν,
2731 1997 2806 2059 ὡς
2838 1995 2995 2064 σοφὸν
3016 1995 3078 2066 δή
3104 2013 3155 2048 τι
3182 1997 3322 2048 κατὰ
3344 2013 3504 2048 τινων
3536 1994 3723 2062 λέγων·
3750 2012 3766 2042 ι
3788 1993 3883 2045 Διά

2331 2090 2402 2152 τί,
2434 2089 2666 2158 ὁπηνίκα
2693 2087 2904 2157 ἐκίχρα,
2927 2087 3082 2156 κακῷ
3118 2086 3316 2156 κιχρῶν
3343 2087 3555 2154 ὴγνόει;
3600 2105 3618 2135 ι
3653 2084 3807 2152 Λέγει
3829 2084 3881 2136 δὲ

2332 2178 2425 2228 καὶ
2446 2177 2526 2238 τὸ,
2556 2195 2573 2226 ι
2615 2177 2678 2227 Τί
2710 2177 2936 2246 περιορᾷ
2963 2175 3191 2245 πονηρὸν
3219 2173 3541 2243 δημιουργὸν
3599 2172 3884 2242 ἀντιπράτ-

2331 2285 2488 2320 τοντα
2516 2267 2688 2335 ἐαυτῴ
2705 2284 2718 2331 ;
2764 2285 2781 2316 ι

2403 2354 2536 2420 Εἶτ’,
2595 2355 2768 2426 οἶμαι,
2827 2356 3011 2428 φύρων
3063 2356 3296 2427 αἱρέσεις
3357 2356 3618 2425 αἱρέσεσι,
3674 2352 3768 2406 καὶ
3812 2351 3882 2421 μὴ

2335 2449 2836 2518 ἐπισημειούμενος,
2864 2450 2942 2500 ὃτι
2981 2447 3104 2499 τάδε
3141 2447 3236 2515 μὲν
3261 2445 3422 2514 ἄλλης
3452 2443 3713 2514 αἱρέσεώς
3751 2444 3880 2504 ἐστι,

2313 2538 2454 2613 λτάδε
2494 2538 2549 2590 δὲ
2590 2539 2770 2608 ἄλλης,
2804 2536 2871 2590 τά
2906 2537 3040 2608 πρὸς
3098 2535 3392 2608 Μαρκίωνα
3445 2534 3552 2605 (50)
3608 2535 3694 2597 ὑφ’
3733 2530 3882 2601 ἡμῶν

2308 2621 2676 2698 θ’ἀπορούμενα
2709 2627 2988 2698 προφέρει.
3014 2628 3165 2696 Τάχαι
3193 2627 3248 2678 δὲ
3280 2626 3370 2677 καὶ
3393 2623 3592 2676 τούτων
3621 2619 3884 2690 παρακούει

2336 2736 2432 2780 σας
2465 2719 2571 2771 ἀπό
2602 2734 2760 2771 τινων
2811 2717 3039 2782 εὐτελῶς
3083 2717 3174 2770 xui.
3223 2714 3501 2776 ἰδιωτικῶς
3534 2713 3750 2781 ἐγκαλεί
3781 2709 3883 2762 τῶν

2335 2809 2700 2876 ἐγκαλούντων
2729 2808 2918 2875 λόγων,
2950 2808 3011 2859 οὐ
3044 2807 3150 2877 μὴν
3193 2807 3331 2860 πάνυ
3368 2804 3617 2866 συνετῶς.
3654 2801 3886 2855 Ἐκτιθέ-

2335 2916 2490 2968 μενος
2524 2899 2620 2967 μὲν
2652 2893 2741 2951 οὖν
2771 2897 2838 2950 τὰ
2866 2897 3005 2950 κατὰ
3035 2896 3350 2966 Μαρκίωνος
3380 2895 3664 2963 λεγόμενα,
3694 2893 3786 2944 καὶ
3810 2891 3882 2958 μὴ

2332 2988 2884 3057 ἐπισημειωσὰμενος,
2916 2989 2996 3039 ὅτι
3033 2986 3164 3058 πρὸς
3193 2986 3350 3038 αὐτὸν
3377 2985 3542 3050 λέγει,
3577 2984 3724 3052 φησί·
3765 3002 3780 3031 ι
3821 2980 3884 3031 Τί

692 3060 1080 3135 ἱιιῳιίι,ἰηὶιιίι
1101 3075 1153 3120 et
1177 3065 1400 3119 destruit
1427 3069 1583 3135 hujus
1614 3069 1950 3136 Opera?‘Cur
1989 3071 2129 3124 clam
2160 3071 2230 3123 ir-

2332 3080 2387 3131 δὲ
2413 3079 2582 3147 λάθρα
2628 3079 2853 3146 πέμπει,
2877 3080 2970 3130 καὶ
2997 3077 3295 3146 διαφθείρει
3326 3077 3392 3127 τὰ
3420 3076 3608 3128 τούτου
3636 3077 3882 3146 δημιουρ

694 3157 911 3225 rumpit,
943 3157 1219 3216 subornat.
1254 3155 1425 3208 fallit?
1465 3157 1657 3209 Curiis
1683 3173 1814 3224 quos
1861 3160 1944 3211 liic
1981 3174 2043 3211 ex
2081 3159 2232 3212 vobis

693 3247 958 3300 damnavit
992 3255 1046 3298 et
1079 3256 1398 3298 exsecratus
1433 3234 1864 3312 cstiblanditur?
1892 3247 1999 3301 Cur
2035 3250 2234 3318 plagia-

695 3336 758 3389 rii
790 3351 934 3388 more
963 3333 1219 3403 surripit?
1245 3331 1352 3385 Cur
1384 3334 1502 3387 illos
1533 3335 1685 3388 docet
1723 3350 1752 3399 a
1783 3337 2005 3389 Domino
2061 3339 2234 3392 disce-

691 3426 850 3478 dere?
876 3423 1087 3477 l’atrem
1127 3424 1340 3493 iugere?
1372 3422 1479 3477 Cur
1531 3423 1644 3491 ipse
1697 3440 1789 3478 eos
1848 3427 2069 3494 adoptat
2117 3432 2231 3482 sine

691 3531 950 3569 consensu
976 3515 1188 3567 Patris?
1217 3515 1350 3579 Quid
1380 3527 1436 3566 se
1459 3514 1587 3566 dicit
1614 3524 1816 3581 patrem
1858 3517 2093 3579 illorum,
2139 3520 2230 3586 qui

660 3638 662 3640 τ
693 3616 819 3658 sunt
844 3603 1100 3657 alterius?
1133 3621 1152 3654 ι
1185 3603 1258 3656 Ac
1291 3617 1410 3656 mox
1441 3602 1755 3656 admirantis
1783 3607 1975 3658 modo:
2010 3624 2028 3655 ι
2063 3606 2231 3674 Egre-

694 3700 837 3767 gium
872 3710 1001 3748 sane
1033 3695 1198 3747 Deum
1226 3696 1315 3762 qui
1340 3705 1680 3762 peccatorum
1721 3694 1788 3746 ab
1814 3694 1919 3746 alio
1955 3694 2233 3748 damnato-

695 3802 834 3850 rum,
881 3786 1219 3847 miserorum,
1263 3785 1592 3847 stercorum',
1644 3791 1703 3835 ut
1750 3783 1849 3849 ipsi
1917 3783 2231 3848 loquuntur,

691 3888 843 3946 pater
873 3890 994 3929 esse
1025 3874 1323 3928 desiderat!
1359 3873 1447 3942 qui
1475 3887 1632 3940 quem
1677 3872 1857 3936 misit,
1888 3868 2230 3926 rebellantem

690 3981 882 4035 capere
907 3976 1069 4034 atque
1093 3967 1280 4035 punire
1309 3979 1410 4017 non
1438 3951 1644 4030 potest!
1673 3981 1688 4011 ι
1714 3960 1901 4015 Postea
1926 3964 2076 4031 quasi
2105 3978 2230 4017 con-

694 4068 775 4110 tra
804 4071 900 4110 nos
927 4066 1131 4123 ageret,
1157 4055 1247 4122 qui
1286 4040 1539 4105 mundum
1577 4053 1718 4104 hunc
1745 4052 1902 4105 alieni
1948 4053 2230 4121 cujusdam

693 4159 746 4200 et
768 4145 1032 4214 peregrini
1061 4145 1150 4196 Dei
1175 4157 1278 4195 non
1297 4157 1414 4195 esse
1430 4143 1749 4196 confitemur
1783 4162 1794 4196 :
1827 4161 1844 4193 ι
1877 4143 2017 4207 llaec,
2038 4145 2230 4211 inquit,

693 4235 739 4288 si
777 4243 901 4286 sunt
932 4231 1048 4299 ejus
1075 4246 1256 4298 opera,
1288 4231 1552 4298 quomodo
1591 4233 1728 4284 Deus
1774 4232 1911 4286 mala
1965 4231 2231 4284 faciebat?

2332 3170 2587 3238 γήματα;
2619 3169 2682 3219 Τί
2727 3168 2782 3220 δέ
2825 3167 3152 3231 εἰσϐιάζεται
3185 3166 3384 3236 κρύφα,
3421 3167 3511 3218 καὶ
3541 3167 3884 3235 παραπείθει,

2333 3256 2426 3307 καὶ
2453 3256 2662 3320 πλανᾶ;
2697 3255 2760 3307 Τί
2811 3255 2865 3307 δὲ
2911 3256 3035 3317 τοὺς
3065 3255 3165 3306 ὑπὸ
3194 3255 3380 3310 τούτου
3417 3255 3885 3324 κατεγνωσμένους

2333 3346 2366 3415 ἢ
2400 3345 2826 3416 κατηραμένους,
2862 3343 2935 3406 ῶς
2969 3361 3123 3411 φατε,
3148 3343 3479 3413 ψυχαγωγεῖ,
3510 3344 3600 3396 καὶ
3626 3343 3775 3411 δίκην
3795 3344 3886 3396 ἀνι

2330 3436 2674 3507 δραποδιστοῦ
2697 3453 2839 3496 τινος
2857 3434 3112 3502 ὑπεξάγει
3133 3454 3148 3500 ,
3179 3435 3243 3486 Τί
3265 3435 3321 3486 δέ
3353 3434 3758 3505 ἀποδιδράσκειν
3775 3433 3884 3486 ἀπὸ

2330 3526 2422 3578 τοῦ
2455 3528 2657 3597 Κυρίου
2690 3527 2957 3591 διδάσκει;
2993 3526 3057 3578 Τί
3086 3527 3142 3579 δέ
3179 3525 3394 3594 φεύγειν
3428 3526 3518 3576 τὸν
3552 3525 3794 3595 Πατέρα;
3818 3526 3885 3576 Τί

2330 3615 2375 3668 δ’
2423 3617 2579 3679 αὐτὸς
2626 3618 2942 3668 εἰσποιεῖται
2978 3615 3052 3685 μὴ
3088 3614 3487 3687 συγχωροῦντος
3516 3613 3608 3666 τοῦ
3640 3613 3883 3682 Πατρόςς

2331 3706 2395 3758 Τί
2426 3706 2468 3757 δ’
2521 3705 2906 3773 ἐπαγγέλλεται
2948 3704 3054 3755 τῶν
3087 3704 3374 3771 ἀλλοτρίων
3413 3698 3550 3754 εἶναι
3596 3702 3820 3772 Πατήρς
3863 3719 3881 3750 ι

2329 3795 2438 3847 Καὶ
2463 3794 2708 3864 ἐπιφέρει
2745 3809 2807 3860 γε
2839 3788 3018 3855 αὐτοῖς
3066 3791 3225 3844 οἱονεὶ
3250 3791 3624 3860 θαυμαστικῶς
3647 3791 3726 3852 τὸ,
3758 3809 3774 3839 ι
3799 3791 3886 3842 Σε·

2333 3885 2461 3952 μνός
2475 3900 2535 3950 γε
2559 3885 2586 3934 ὁ
2614 3882 2743 3945 Θεὸς
2767 3882 2870 3935 τῶν
2902 3883 3028 3952 παρ’
3063 3883 3201 3951 ἄλλῳ
3230 3881 3530 3934 καταδίκων
3554 3878 3886 3950 ἁμαρτωλῶι

2310 3975 2421 4026 ,καὶ
2437 3975 2570 4044 ἀκλὴ
2579 3989 2683 4045 ρων
2699 3974 2809 4036 καὶ,
2824 3973 2897 4035 ὡς
2912 3972 3061 4024 αὐτοὶ
3079 3972 3310 4039 λέγουσι,
3327 3970 3597 4024 σκυδάλων
3612 3970 3888 4038 ἐπιθυμῶν

2330 4056 2467 4112 εἶναι
2504 4060 2712 4128 πατήρι
2748 4060 2841 4111 καὶ
2891 4060 2949 4112 ὃν
3000 4075 3062 4126 γε
3107 4058 3432 4128 ἐξέπεμψεν,
3479 4059 3638 4112 αὑτοῦ
3683 4057 3888 4121 ὑπεξά-

2328 4166 2491 4217 γοντα
2519 4149 2650 4219 (51),
2682 4146 2867 4202 τοῦτον
2898 4148 3087 4200 ἁλόντα
3112 4149 3385 4218 ἐκδικῆσαι
3420 4149 3494 4219 μὴ
3514 4149 3828 4218 δυνὰξτνοςί
3863 4165 3882 4198 ι

2339 4238 2495 4307 Ἑξῆς
2527 4239 2584 4292 δὲ
2610 4239 2816 4301 τούτοις
2836 4237 3072 4308 ὡσπερεὶ
3090 4239 3224 4308 πρὸς
3253 4239 3394 4308 ἡμᾶς
3423 4239 3544 4300 τοὺς
3569 4237 3888 4307 ὁμολογοῦν-

695 4323 976 4392 Quomodo
1017 4322 1341 4390 persuadere
1379 4329 1432 4373 ct
1485 4323 1683 4375 hortari
1731 4337 1832 4375 non
1873 4323 2085 4392 potest?
2125 4323 2232 4376 Cur

2331 4344 2423 4391 τας
2462 4329 2560 4381 οὐκ
2604 4329 2879 4398 ἀλλοτρίου
2905 4329 3047 4392 τινὸς
3086 4323 3223 4383 εἶναι
3263 4329 3357 4380 καὶ
3387 4327 3536 4391 ξένου
3567 4326 3702 4380 Θεοῦ
3735 4326 3886 4379 τόνδε

692 4432 813 4470 eum
843 4412 1090 4483 paenituit
1109 4411 1344 4478 ingratos
1383 4426 1597 4465 creasse
1622 4422 1676 4466 et
1705 4412 2129 4478 improbos?Cur
2161 4414 2227 4468 de

2331 4418 2419 4476 τὸν
2444 4420 2667 4489 κόσμον,
2692 4419 2912 4472 τοιαῦτά
2945 4435 3122 4487 φησιν·
3153 4437 3173 4468 ι
3196 4418 3259 4470 Εἰ
3288 4416 3344 4468 δὲ
3375 4415 3533 4469 αὑτοῦ
3564 4415 3711 4470 ταῦτ’
3740 4417 3916 4468 ἐστὶνκ

697 4522 789 4559 sua
817 4504 980 4572 ipsius
1000 4513 1115 4556 arte
1145 4503 1441 4571 quiritatur
1471 4516 1696 4570 eamque
1736 4504 1860 4557 ‘odio
1887 4504 2080 4557 habet?
2125 4503 2236 4558 Cur

697 4599 869 4650 minas
893 4595 1122 4647 intendit
1172 4593 1524 4662 propriosque
1562 4593 1699 4646 lilios
1745 4593 2088 4660 pessmndat?
2131 4596 2235 4647 Aut

695 4700 803 4754 quo
832 4684 1043 4737 tandem
1075 4683 1279 4750 ablegat
1303 4696 1369 4734 ex
1409 4682 1510 4735 hoc
1549 4683 1768 4748 mundo,
1796 4697 1953 4750 quem
1991 4683 2102 4749 ipsi:
2153 4683 2232 4737 fe-

698 4777 809 4831 cit?
845 4792 864 4825 ι
900 4772 1079 4836 Neque
1110 4774 1194 4826 hic
1229 4774 1357 4826 inibi
1407 4774 1618 4826 videtur
1673 4766 1949 4826 declarare
1987 4789 2229 4841 quzenam

696 4867 806 4918 sint
839 4863 999 4927 mala,
1026 4876 1326 4931 quanquam
1359 4863 1495 4928 apud
1540 4861 1755 4914 Graecos
1802 4863 1966 4914 varia:
2016 4861 2233 4915 fuerunt

697 4955 763 5008 de
785 4953 940 5006 bonis
957 4964 1011 5005 et
1033 4952 1184 5007 malis
1211 4951 1510 5020 opiniones.
1533 5021 1538 5026 Δ
1563 4949 1796 5004 Tantum
1827 4951 2018 5018 arripit
2078 4954 2227 5020 quasi.

770 5104 813 5136 ⁸⁸
844 5102 980 5157 Gen.
1007 5118 1049 5168 t,
1075 5061 1131 5157 2’.

770 5254 882 5326 (28)
908 5253 1239 5326 Hmsqhelius
1266 5255 1318 5308 in
1347 5263 1516 5320 textu,
1547 5256 1834 5325 ἀνωτὲρου.

716 5326 722 5330 ’
771 5323 1134 5390 (29’)Μωρῶς.
1163 5324 1428 5381 Omissum
1458 5326 1510 5377 in
1551 5323 1910 5378 antea'editis
1947 5325 2233 5379 restituunt

701 5406 887 5446 omnes
914 5395 1066 5445 codd.
1104 5408 1230 5446 mss.

773 5459 880 5527 (50)
907 5461 1055 5527 Πρὸς
1079 5460 1405 5526 Μαρκίων-α.
1425 5459 1555 5514 Vide
1586 5461 1956 5514 adnotationes
1991 5463 2055 5514 ad
2084 5462 2232 5526 Iib.v,

704 5526 851 5581 num.
880 5527 965 5579 54.
1000 5526 1159 5595 Paulo
1192 5542 1308 5595 post
1355 5530 1544 5582 Guicto
1579 5529 1790 5582 videtur
1829 5528 1966 5582 forte
1998 5533 2236 5584 scriben-

704 5599 828 5665 dum
862 5613 874 5646 :
919 5594 1047 5665 ’Δπό
1082 5594 1245 5665 ,τινῶν
1276 5597 1518 5665 εὐτελῶν
1572 5599 1662 5648 καὶ
1703 5597 1977 5651 ἰδιωτικῶν
2021 5599 2237 5665 ἐγκαλεῖ

705 5662 811 5716 τῶν
872 5662 1232 5730 ἐγκαλούντων
1274 5664 1430 5732 λόγῳ,
1485 5667 1543 5718 οὑ
1603 5667 1704 5733 μὴν
1756 5666 1890 5719 πάνυ
1925 5662 2122 5736 συνετῷ
2155 5670 2233 5722 γει

2341 4507 2493 4578 ἔργα,
2528 4509 2641 4571 πῶς
2681 4508 2778 4578 μὲν
2830 4509 2974 4562 κακὰ
3003 4511 3031 4562 ὁ
3061 4507 3188 4569 Θεὸς
3221 4508 3420 4569 ἐποίει;
3448 4506 3570 4568 Πῶς
3600 4505 3656 4556 δὲ
3686 4504 3884 4556 πείθειν

2340 4598 2432 4648 καὶ
2460 4597 2722 4650 νουθετεῖν
2747 4598 2991 4651 ἀδυνατεῖ
3007 4616 3022 4663 ;
3039 4597 3171 4658 -Πῶς
3191 4596 3246 4648 δέ
3275 4596 3358 4647 ἐπ’
3383 4595 3559 4666 αύτοῖς
3580 4592 3886 4662 ἀχαρίστοις

2339 4688 2431 4738 καὶ
2480 4689 2728 4756 πονηροῖς
2759 4688 3062 4756 γενομένοις
3095 4683 3415 4753 μεταμέλει;
3439 4684 3532 4735 καὶ
3561 4683 3657 4752 τὴν
3697 4680 3883 4735 ἑαυτοῦ

2337 4776 2528 4844 τέχνην
2556 4774 2842 4845 μέμφεται,
2876 4776 2971 4827 καὶ
3001 4776 3164 4843 μισεῖ,
3198 4772 3290 4824 καὶ
3309 4771 3535 4835 ἀπειλεῖ,
3557 4771 3650 4824 καὶ
3681 4770 3881 4842 φθείρει

2339 4865 2406 4917 τὰ
2450 4864 2554 4917 ἴδια
2601 4864 2831 4930 ἕκγονα;
2865 4865 2936 4916 ’Ἡ
2968 4867 3058 4916 ποῖ
3089 4880 3215 4917 ποτε
3254 4861 3509 4929 ὑπεξάγει
3537 4859 3630 4913 τοῦ
3681 4860 3880 4927 κόσμου

2340 4953 2508 5016 τοῦδε,
2538 4951 2595 5006 ὃν
2623 4953 2869 5024 ἐποίησεν
2890 4954 3047 5014 αὐτός
3067 4971 3082 5012 ς
3102 4955 3255 5008 Δοκεῖ
3275 4951 3332 5005 δέ
3364 4968 3452 5022 μοι
3481 4950 3575 5004 καὶ
3599 4949 3656 5003 ἐν
3681 4949 3880 5009 τούτοις

2335 5259 2553 5324 ἐγκαλεῖ
2574 5258 2696 5318 τοὺς
2722 5254 3076 5328 ἐγκαλοῦντας
3095 5253 3255 5328 λόγῳ,
3283 5253 3470 5328 οὐ-μὴν
3486 5250 3867 5328 πάνυλσυνετῷ.

2339 5320 2446 5392 Ego
2474 5330 2558 5403 sic
2589 5328 2704 5403 lego
2727 5320 2772 5403 _£
2817 5324 2945 5403 ’τὸπρ
2984 5320 3403 5403 τινωνξεῦτελῶν
3427 5320 3545 5403 ⁷καί.
3601 5320 3872 5403 {simul}:

2339 5389 2558 5474 ἐγκαλεῖ
2588 5389 2694 5444 τῶν
2723 5391 3089 5458 ἐγκαλούντων
3117 5392 3304 5461 λόγων,
3330 5394 3390 5444 οὑ
3423 5390 3527 5459 μὴν
3559 5389 3699 5442 πάνυ
3727 5402 3874 5437 συνε-

2339 5481 2519 5598 mal)
2564 5529 2964 5599 Ὑπεξάγοντα.
2996 5530 3218 5599 Guietus
3247 5529 3500 5599 dubitat,_
3530 5520 3876 5599 manuscri-

2342 5594 2569 5652 beudum
2601 5594 2918 5669 ὑπεξαρχον,
2946 5601 3024 5655 vel
3054 5598 3438 5667 ὑπεξάρχοντα.
3465 5597 3574 5664 Ego
3601 5594 3734 5648 nihil
3764 5605 3877 5644 mtt-

2343 5669 2439 5721 tat‘i
2476 5669 2652 5721 t'cliin.
