4094 6322
190 419 357 483 158Γ

1332 426 1606 485 CONTRA
1640 427 1914 487 CELSUM
1969 430 2098 488 LlB.
2134 431 2224 486 Vl.

3257 432 3396 491 ιδεε

192 540 272 612 μὴ
321 541 629 613 σαφηνίζων
656 542 775 597 τίνα
821 542 936 597 ἐστὶ
963 540 1030 598 τὰ
1074 540 1236 598 κακά’
1271 544 1513 614 καίτοιγε
1551 548 1643 599 καὶ
1694 548 1728 599 ὲ*

1857 549 2156 613 sententiae,
2192 562 2295 617 qua
2321 546 2575 600 mundum
2601 545 2742 602 hunc
2773 545 2935 619 674
2982 547 3073 603 Dei
3113 561 3245 617 opus
3276 560 3400 606 esse

191 629 417 702 Ἕλλησι
454 631 659 686 πολλῶν
712 634 972 705 αἱρέσεων
1016 633 1318 704 γενομένων
1362 635 1487 706 περὶ
1529 636 1742 704 ἀγαθῶν

182 723 285 777 καὶ
342 722 545 785 κακῶν,
592 724 944 794 συναρπάζων
992 723 1068 787 ὡς
1111 723 1396 777 ἀκόλουθον
1440 727 1590 795 ἡμῖν,
1632 728 1744 789 τοῖς

190 813 487 879 φάσκουσιν
533 813 669 884 ἔργα
697 812 789 867 τοῦ
825 815 916 867 ἐπὶ
963 814 1257 867 πᾶσιΘεοῦ
1292 810 1547 869 εἶναικαὶ
1594 816 1742 869 τόνδε

188 900 280 953 τὸν
313 902 533 971 κόσμον,
582 904 641 956 τὸ
671 904 793 955 καθ’
823 905 966 974 ἡμᾶς
999 903 1180 957 κακῶν
1221 900 1358 959 εἶναι
1399 905 1625 977 ποιητὴν
1655 906 1744 959 τὸν

188 988 342 1043 Θεόν.
386 991 582 1061 Ἐχέτω
616 994 713 1062 μὲν
743 987 833 1045 οὖν
864 994 1009 1055 ὅπως
1055 993 1184 1046 ποτὲ
1235 994 1343 1063 ἔχει
1383 995 1450 1047 τὰ
1482 996 1607 1065 περὶ
1637 994 1744 1050 τῶν

189 1079 397 1145 κακῶν,
431 1082 655 1151 πότερον
698 1082 727 1133 ὁ
751 1082 880 1145 Θεὸς
912 1083 1051 1136 αὐτὰ
1098 1084 1391 1154 πεποίηκεν
1422 1083 1454 1154 ἢ
1499 1083 1591 1153 μὴ,
1630 1083 1743 1137 ἀλλ’

188 1170 253 1221 ὲκ
305 1171 822 1242 παρακολουθήσεως
882 1173 991 1243 (59)
1028 1174 1313 1245 γεγένηται
1364 1174 1461 1245 τῆς
1503 1174 1637 1245 πρὸς
1675 1173 1744 1227 τά

188 1261 585 1331 προηγούμενα·
634 1262 894 1334 θαυμάζω
938 1265 995 1317 δὲ
1046 1266 1095 1317 εί
1145 1264 1219 1335 μὴ
1269 1265 1403 1334 ὅπερ
1454 1265 1599 1334 ἡμῖν,
1633 1267 1744 1329 τοῖς

185 1349 484 1416 φάσκουσιν
523 1352 656 1424 ἔργα
688 1351 825 1407 εἶναι
868 1354 964 1407 τοῦ
999 1355 1089 1407 ἐπὶ
1136 1359 1267 1408 πᾶσι
1300 1355 1431 1408 Θεοῦ
1465 1356 1555 1408 καὶ
1596 1356 1743 1408 τόνδε

184 1439 277 1492 τὸν
330 1441 548 1511 κόσμον,
579 1444 747 1496 οἴεται
774 1444 1082 1497 ἀκολουθεῖν
1112 1446 1236 1515 περὶ
1273 1443 1366 1497 τοῦ
1408 1445 1497 1497 τὸν
1516 1444 1646 1497 Θεὸν
1677 1445 1745 1498 τὰ

184 1529 335 1582 κακά
384 1532 756 1601 πεποιηκέναι,
808 1533 1086 1586 ἀκολουθεῖ
1114 1516 1234 1585 ὅσον
1265 1534 1349 1602 ἐφ’
1374 1527 1452 1596 οἷς
1476 1533 1622 1601 λέγει
1652 1532 1745 1585 καὶ

181 1618 363 1682 αὐτός.
393 1620 547 1673 Εἴποι
571 1620 677 1691 γὰρ
705 1623 768 1676 ἄν
798 1640 880 1686 τις
899 1610 1033 1697 πρὸς
1059 1624 1148 1676 τὸν
1170 1623 1390 1676 Κέλσονο
1429 1642 1448 1674 ι
1488 1625 1550 1675 Εί
1581 1622 1743 1676 αὑτοῦ

180 1708 335 1761 ταῦτ’
361 1710 505 1763 ἐστὶν
534 1710 687 1781 ἔργα,
715 1712 829 1776 πῶς
857 1713 952 1783 μὲν
985 1712 1127 1766 κακά
1159 1716 1187 1767 6
1218 1702 1347 1775 Θεὸς
1387 1714 1591 1777 simiai;
1630 1712 1745 1774 πῶς

180 1799 240 1853 δὲ
270 1800 473 1855 πείθειν
502 1802 595 1855 καὶ
625 1803 891 1856 νουθετεῖν
927 1804 1208 1873 ᾁδυνατεί;
1242 1824 1259 1855 ι
1297 1804 1477 1858 Κακία
1505 1804 1563 1855 δὲ
1587 1806 1619 1872 ἡ
1650 1819 1746 1871 με·-

1842 639 2149 703 statuimus,
2220 645 2669 704 consentaneum,
2728 638 2896 692 Deum
2957 652 3076 692 esse
3132 638 3399 695 malorum

1842 729 2001 785 etiam
2051 736 2349 783 auctorem.
2407 724 2601 782 Verum
2660 726 3145 797 quomodocunque
3193 742 3251 783 se
3304 730 3398 785 ha:

1859 818 2021 874 beant
2046 817 2203 881 mala,
2237 831 2424 871 eorum
2454 826 2643 872 auctor
2677 819 2747 873 sit
2791 818 2950 883 Deus,
2979 818 3060 871 vel
3113 834 3242 883 non,
3300 817 3400 874 sed

1841 920 1908 959 ex
1942 904 2230 975 majoribus
2257 906 2651 975 prmcipuisque
2702 909 2864 960 rebus
2908 916 3199 960 consecuta
3246 907 3395 973 sint,

1847 993 2071 1048 multum
2101 992 2274 1058 fallor,
2301 994 2347 1046 si
2372 996 2513 1060 quod
2528 1010 2590 1048 ex
2619 995 2684 1048 iis
2714 1009 2831 1063 qua:
2852 993 3100 1057 dicimus,
3141 996 3396 1047 mundum

1844 1085 2005 1137 istum
2038 1098 2066 1134 a
2116 1084 2220 1138 Deo
2264 1082 2462 1137 factum
2497 1098 2637 1149 esse,
2676 1074 3163 1153 consequens'esse
3219 1092 3396 1151 putat,

1844 1172 2007 1226 Deum
2041 1184 2156 1223 esse
2184 1170 2441 1223 malorum
2476 1169 2638 1233 etiam
2670 1178 2983 1234 auctorem;
3014 1170 3152 1222 idem
3180 1180 3397 1235 quoque
3438 1169 3443 1173 ’

1842 1277 1946 1315 non
1983 1270 2238 1329 sequatur
2272 1275 2337 1315 ex
2366 1260 2431 1313 iis
2454 1274 2574 1327 quae
2606 1260 2755 1314 dicit.
2785 1260 2996 1331 Quaeret
3028 1261 3169 1313 enim
3200 1259 3397 1327 ali'quis

1843 1367 1871 1404 a
1896 1351 2049 1407 Celso
2087 1369 2101 1405 :
2135 1370 2153 1402 ι
2189 1350 2243 1405 Si
2274 1350 2385 1404 hch
2417 1350 2533 1420 ejus
2573 1364 2735 1419 opera
2768 1358 2917 1414 sunt,
2958 1350 3224 1417 quomodo
3257 1347 3396 1400 maia

1844 1440 2109 1495 faciebat?
2140 1440 2415 1507 Quomodo
2446 1441 2765 1508 persuadere
2806 1454 2861 1494 et
2899 1440 3104 1493 hortari
3152 1452 3254 1491 non
3301 1452 3398 1506 po-

1842 1531 1987 1586 test?
2017 1550 2035 1583 ι
2064 1531 2157 1585 Est
2183 1538 2363 1584 autem
2404 1530 2589 1583 vitium
2642 1529 3017 1598 disputationis
3078 1529 3393 1592 maximum,

1842 1636 1965 1676 cum
2019 1621 2110 1690 qui
2178 1618 2610 1673 adversariorum
2676 1616 2925 1685 dogmata
2988 1618 3232 1685 quaedam
3313 1630 3397 1668 re-

1844 1711 2127 1779 prehendit
2164 1720 2217 1761 ut
2261 1724 2365 1762 non
2405 1722 2556 1771 sana,
2595 1709 2708 1775 ipse
2755 1710 3001 1776 dogmata
3056 1717 3219 1770 tenet,
3278 1720 3399 1774 quae

1845 1800 2009 1851 multo
2039 1798 2207 1866 magis
2237 1800 2466 1851 obnoxia
2489 1797 2887 1863 reprehensioni
2910 1803 3057 1848 sunt.

180 1891 345 1962 γίστη
379 1896 435 1945 ὲν
465 1893 640 1962 λόγοις
682 1896 848 1959 ἐστὶν,
889 1896 975 1950 ὅτε
1004 1896 1222 1964 ὲγκαλεῖ
1236 1914 1315 1959 τις
1345 1900 1454 1960 τοῖς
1499 1894 1817 1967 ἑτεροδόξοις
1850 1893 1976 1963 περί
2000 1909 2156 1946 τινων
2186 1890 2466 1961 δογμάτων
2489 1890 2564 1954 ὡς
2591 1892 2688 1961 οὑχ
2711 1888 2896 1959 ὑγιῶν,
2927 1882 3101 1959 πολλῷ
3140 1888 3396 1961 πρότερον

174 1952 345 2050 ἀὐτὸς
373 1986 510 2057 ἔχων
537 1952 955 2060 ἰιτεῖι-ὲγκλείηιιατα
995 1952 1056 2042 ἐν
1098 1993 1207 2053 τοῖς
1239 1952 1386 2053 ἰδίοις
1433 1952 1712 2059 δόγμασιν.

258 2075 485 2145 Ἶδωμεν
523 2072 616 2130 οὖν
661 2078 821 2148 ἡμεῖς
859 2077 945 2131 διὰ
1002 2078 1243 2148 βραχέων
1293 2080 1361 2133 τὰ
1420 2080 1545 2150 περὶ
1610 2080 1728 2146 ἀγα-

1918 2077 2009 2133 54.
2030 2075 2315 2131 Videamus
2346 2074 2509 2145 igitur
2538 2089 2634 2129 nos
2682 2074 2919 2127 breviter
2944 2073 3070 2141 quid
3100 2072 3394 2140 Scriptura:

179 2164 291 2218 θῶν
319 2167 411 2219 καὶ
429 2168 630 2232 κακῶν,
664 2169 768 2222 τῶν
790 2167 930 2255 κατέ
947 2169 1046 2231 τὰς
1069 2169 1218 2232 θείας
1249 2171 1488 2239 Γραφάςο
1518 2170 1609 2223 καί
1628 2170 1750 2223 τίνα

178 2254 314 2325 ἡμῖν
345 2255 558 2310 λεκτέον
586 2259 721 2329 πρὸς
735 2259 817 2321 τὸ,
850 2278 868 2309 ι
904 2254 1026 2324 Πῶς
1049 2260 1145 2329 μὲν
1172 2259 1317 2313 κακὰ
1343 2263 1370 2313 ό
1394 2261 1523 2324 Θεὸς
1545 2261 1746 2324 ὲποίει;

179 2344 301 2409 πῶς
329 2346 385 2399 δὲ
417 2348 621 2403 πείθειν
651 2350 742 2401 καὶ
764 2349 1027 2403 νουθετεῖν
1060 2350 1335 2415 ἀδυνατεῖς
1368 2369 1385 2401 ι
1420 2352 1637 2423 Κυρίως
1658 2350 1742 2419 δὴ,

181 2434 324 2486 κατά
366 2436 462 2498 τὰς
492 2436 637 2500 θείας
669 2428 909 2508 Γραιρἀς,
942 2436 1120 2506 ἀγαθᾶ
1152 2441 1288 2493 εἰσιν
1323 2443 1377 2493 αἱ
1413 2442 1602 2512 ἀρεταὶ
1652 2442 1745 2493 καὶ

179 2524 239 2576 αἱ
297 2525 437 2600 κατὰ
483 2527 682 2590 ταύτας
737 2529 976 2600 πράξεις·
1038 2528 1223 2600 ῶσπερ
1271 2530 1473 2599 κυρίως
1507 2530 1649 2582 κακά
1676 2530 1743 2583 τά

180 2542 239 2576 αι
371 2542 437 2579 τα
483 2544 682 2590 ταυτας
737 2542 976 2599 πράζεις·
1038 2542 1223 2600 ωσπερ
1271 2542 1473 2599 κυρίως
1507 2542 1649 2582 κακα
1676 2542 1739 2583 τα

180 2542 668 2679 emi-$20510“.
716 2598 1185 2689 ’Ᾰρκεσθησόμεθα
1211 2620 1265 2672 δὲ
1296 2621 1387 2672 ἐπὶ
1412 2618 1502 2671 τοῦ
1539 2606 1739 2690 παρόν-

178 2718 274 2763 τος
310 2701 485 2766 λέξεσι
516 2705 632 2767 ταῖς
660 2704 765 2758 ἀπὸ
806 2704 898 2757 τοῦ
931 2707 1249 2776 τριακοστοῦ
1282 2706 1457 2775 τρίτου
1504 2706 1735 2775 ψαλμοῦ,

178 2793 342 2848 τοῦτο
394 2797 751 2867 παριστάσαις
781 2797 967 2861 οὕτως·
1010 2818 1028 2849 ι
1067 2800 1127 2851 Οἱ
1172 2798 1227 2850 δὲ
1267 2799 1613 2867 ἐκζητοῦντες
1649 2799 1737 2852 τὸν

180 2882 386 2952 Κύριον
412 2885 512 2936 οὐκ
556 2884 1005 2955 ὲλαττωθήσονται
1038 2886 1235 2949 παντὸς
1290 2885 1510 2953 ἀγαθοῦ.
1550 2887 1732 2953 Δεῦτε,

178 2962 368 3036 τέκνα,
405 2972 670 3027 ἀκούσατέ
710 2992 830 3045 μου·
880 2975 1041 3043 φόϐον
1082 2976 1282 3048 Κυρίου
1324 2978 1515 3043 διδάξω
1569 2980 1729 3048 ὑμᾶς.

179 3062 280 3125 Τίς
326 3064 471 3120 ἐστιν
503 3064 781 3135 ἅνθρωπος
823 3069 851 3120 6
878 3066 1040 3120 θέλων
1068 3067 1227 3137 ζωὴν,
1261 3069 1487 3136 ἀγαπῶν
1524 3070 1733 3141 ἡμέρας

182 3151 311 3203 ἰδεῖν
351 3153 585 3220 ἀγαθάς;
634 3156 844 3209 Παῦσον
875 3156 970 3225 τὴν
995 3158 1240 3224 γλῶσσάν
1273 3176 1365 3211 σου
1409 3158 1512 3211 ἀπὸ
1542 3160 1729 3222 κακοῦ,

177 3242 276 3293 καὶ
316 3243 465 3314 χείλη
498 3261 589 3295 σου
622 3244 713 3297 τοῦ
750 3248 821 3316 μὴ
848 3247 1071 3316 λαλῆσαι
1103 3248 1269 3300 δόλον.
1314 3250 1591 3301 Ἔκκλινον
1623 3248 1729 3302 ἀπὸ

177 3329 370 3393 κακοῦ,
398 3332 490 3383 καὶ
543 3333 762 3403 ποίησον
789 3334 1004 3402 ἀγαθόν.
1050 3354 1067 3385 ι
1118 3336 1189 3387 Τὸ
1219 3338 1345 3405 γὰρ,
1393 3354 1412 3387 ι
1450 3336 1727 3388 Ἔκκλινον

1849 2168 2041 2222 divinae
2073 2169 2137 2221 de
2172 2166 2328 2220 bouis
2374 2162 2429 2219 et
2468 2166 2624 2219 malis
2672 2167 2919 2227 doceant,
2960 2174 3013 2216 et
3060 2166 3187 2234 quid
3240 2167 3393 2220 nobis

1850 2255 2275 2325 respondendum
2306 2254 2372 2306 sit
2404 2254 2467 2304 ad
2502 2254 2641 2305 istud
2680 2269 2694 2305 :
2731 2271 2747 2302 ι
2773 2253 3049 2317 Quomodo
3076 2252 3215 2307 Deus
3248 2252 3388 2311 mala

1848 2344 2107 2399 faciebat?
2160 2342 2428 2411 quomodo
2458 2342 2783 2411 persuadere
2830 2350 2884 2394 et
2931 2345 3130 2397 hortari
3162 2359 3267 2397 non
3297 2359 3395 2412 po-

1845 2436 1989 2488 test?
2025 2452 2043 2485 ι
2081 2434 2158 2486 Ac.
2211 2434 2427 2501 proprie
2489 2432 2704 2501 quidem
2755 2433 2808 2485 in
2850 2432 3145 2501 Scripturis
3195 2435 3394 2490 divinis

1810 2530 1980 2583 bona
2008 2537 2131 2581 sunt
2190 2526 2416 2579 virtutes
2462 2534 2516 2578 et
2562 2526 2800 2579 actiones
2833 2540 2897 2579 ex
2937 2527 3041 2582 illis
3098 2530 3388 2597 profectae;

1842 2621 1979 2673 mala
2025 2631 2226 2685 autem,
2261 2618 2520 2687 quidquid
2557 2618 2662 2672 illis
2711 2619 2871 2673 rebus
2919 2623 3252 2675 contrarium
3287 2633 3389 2675 est.

1840 2713 1982 2768 Satis
2014 2713 2116 2767 hoc
2159 2713 2277 2765 loco
2326 2710 2487 2765 fuerit
2538 2710 2805 2765 addecere
2838 2710 3198 2766 testimonium
3248 2712 3391 2781 psal-

1837 2803 1907 2855 mi
1945 2817 2151 2863 xxxm,
2210 2801 2351 2868 quod
2383 2792 2526 2853 irem
2579 2800 2659 2852 sic
2712 2801 2905 2867 probat
2940 2818 2953 2852 :
2993 2817 3013 2851 ‹
3055 2799 3390 2868 Inquirentes

1836 2892 2119 2945 Dominum
2149 2904 2255 2943 non
2291 2880 2601 2957 minitentur
2628 2891 2772 2943 omni
2811 2888 2972 2944 bono.
3009 2888 3220 2954 Venite,
3269 2891 3386 2955 lilii,

1833 2981 2014 3035 audite
2038 2995 2121 3033 mc
2156 2998 2169 3033 :
2204 2960 2455 3041 timoreml
2476 2979 2686 3032 Domini
2752 2980 3116 3033 docebo-vos.
3150 2978 3279 3044 Quis
3307 2989 3389 3033 est

1832 3070 1994 3124 homo
2043 3069 2133 3137 qui
2184 3067 2295 3121 vult
2342 3069 2525 3133 vitam,
2579 3068 2755 3137 diligit
2811 3068 2925 3122 dies
2976 3070 3159 3123 videre
3194 3070 3383 3127 bonos.

1830 3160 2059 3214 Prohibe
2094 3160 2325 3229 linguam
2362 3170 2505 3212 tuam
2537 3174 2566 3212 a
2596 3158 2760 3224 malo,
2796 3169 2850 3213 et
2884 3160 3029 3213 labia
3062 3170 3150 3213 tua
3191 3174 3257 3213 ne
3307 3160 3383 3213 lo-

1829 3252 2277 3318 quanturdolum.
2315 3253 2529 3305 Declina
2570 3265 2599 3303 a
2639 3250 2777 3303 malo
2809 3262 2860 3305 et
2901 3250 2984 3305 fac
3024 3251 3221 3304 bonum
3246 3251 3313 3306 ”.
3359 3271 3377 3303 ι

1828 3340 1973 3394 Istud
1997 3343 2158 3404 enim,
2201 3360 2217 3392 ι
2270 3343 2476 3396 declina
2531 3357 2560 3394 a
2603 3341 2744 3394 malo
2772 3352 2826 3395 et
2858 3340 2940 3394 fac
2976 3339 3198 3405 bonum,
3236 3360 3253 3392 ι
3284 3357 3382 3397 nec

175 3420 284 3471 ἀπὸ
306 3421 493 3484 κακοῦ,
529 3425 618 3475 καὶ
646 3424 865 3493 ποίησον
893 3426 1107 3491 ἀγαθὸν,
1143 3445 1160 3476 ι
1190 3426 1311 3479 οὔτε
1339 3429 1463 3497 περὶ
1493 3429 1598 3481 τῶν
1628 3447 1728 3481 σω-

1833 3432 1896 3484 de
1919 3431 2074 3485 bonis
2103 3433 2325 3486 malisve
2348 3431 2644 3499 corporeis,
2678 3440 2734 3483 ut
2756 3432 2971 3497 quidam
3002 3440 3215 3497 vocant,
3249 3430 3381 3485 dici-

177 3509 424 3580 ματικῶν
452 3512 664 3581 λέγεται
708 3516 922 3583 ἀγαθῶν
954 3515 985 3585 ἢ
1038 3517 1241 3580 κακῶν,
1274 3517 1443 3580 οὕτως
1475 3520 1727 3588 ὀνομαζο-

179 3601 357 3670 μένων
402 3604 552 3673 παρά
581 3622 739 3668 τισιν,
768 3604 890 3658 οὔτε
919 3606 1045 3676 περὶ
1080 3606 1185 3660 τῶν
1214 3608 1384 3671 ἐκτός
1439 3609 1571 3663 ἀλλὰ
1600 3612 1727 3681 περὶ

174 3691 285 3745 τῶν
318 3695 458 3747 κατὰ
492 3694 665 3764 ψυχὴν
690 3696 904 3762 ἀγαθῶν
936 3698 968 3766 ἥ
1004 3697 1207 3760 κακῶν,
1242 3698 1466 3771 ἐπείπερ
1495 3702 1522 3751 6
1549 3701 1729 3754 ἐκκλί-

174 3798 273 3843 νας
314 3783 410 3851 μὲν
443 3784 548 3835 ἀπὸ
588 3785 695 3836 τῶν
742 3783 882 3836 οὕτω
925 3785 1103 3837 κακῶν
1137 3785 1270 3855 (55),
1311 3789 1536 3856 ποιήσας
1563 3788 1617 3841 δὲ
1660 3790 1728 3842 τὰ

171 3874 353 3928 τοιάδε
388 3876 585 3943 ἀγαθὰ,
616 3876 689 3939 ὡς
718 3874 884 3927 θέλων
918 3875 1015 3945 τὴν
1062 3874 1316 3947 ἀληθινὴν
1348 3876 1508 3948 ζωὴν,
1534 3877 1726 3945 γένοιτ’

173 3966 243 4019 ἂν
273 3968 329 4019 ὲν
363 3968 497 4037 αὐτῇ
544 3986 560 4017 ι
602 3966 827 4035 ἀγαπῶν
859 3966 1069 4037 ἡμέρας
1104 3967 1227 4019 ἰδεῖν
1253 3966 1478 4034 ἀγαθὰς,
1527 3986 1545 4016 ι
1582 3961 1656 4020 ὧν
1697 3969 1726 4019 ό

171 4056 346 4124 Λόγος
384 4058 480 4125 τῆς
522 4056 861 4125 δικαιοσύνης
904 4057 1048 4109 ἐστὶν
1080 4056 1247 4126 ἣλιος,
1279 4056 1477 4124 φθάσαι
1510 4056 1573 4109 ἂν
1615 4057 1722 4125 (54)

171 4148 260 4198 ἐπ’
293 4146 523 4206 ὲκείνας,
555 4144 931 4214 ὲξαιρουμένου
960 4144 1119 4198 αὐτὸν
1171 4144 1261 4196 τοῦ
1302 4143 1434 4195 Θεοῦ
1476 4144 1581 4195 ἀπὸ
1630 4144 1721 4194 τοῦ

172 4232 462 4294 ἐνεστῶτος
494 4231 682 4291 αἰῶνος
726 4230 980 4300 πονηροῦ,
1020 4233 1112 4283 καὶ
1160 4231 1266 4283 ἀπὸ
1310 4232 1415 4283 τῶν
1475 4230 1723 4299 πονηρῶν

1836 3530 1940 3585 tur,
1975 3536 2144 3589 neque
2168 3523 2235 3575 de
2268 3523 2335 3575 iis
2374 3538 2493 3590 qua:
2516 3522 2850 3575 extrinsecus
2872 3522 3151 3584 accidunt;
3195 3521 3287 3575 sed
3316 3524 3380 3576 dc

1832 3610 1987 3664 bouis
2012 3622 2065 3664 et
2089 3611 2239 3665 malis
2270 3612 2458 3665 animae
2494 3610 2974 3679 :quandoquidem
3019 3611 3062 3662 is
3091 3610 3179 3677 qui
3215 3610 3377 3671 decli-

1836 3700 2133 3754 naveritab
2169 3702 2282 3755 istis
2316 3701 2472 3753 malis
2520 3699 2816 3767 feceritque
2867 3700 2964 3751 ista
3012 3700 3176 3758 bona,
3219 3698 3377 3768 idque

1834 3803 1974 3843 verte
2013 3790 2132 3843 vita:
2163 3790 2449 3851 desiderio,
2475 3806 2494 3839 ι
2533 3788 2826 3841 dilecturus
2858 3790 2927 3839 sit
2954 3789 3005 3840 in
3037 3787 3124 3840 illa
3159 3790 3271 3841 dies
3296 3789 3377 3841 νι-

1836 3880 1961 3939 dere
1985 3879 2173 3939 bonos.
2217 3898 2236 3929 ι
2271 3879 2368 3933 ubi
2389 3877 2620 3932 Verbum
2647 3877 2869 3945 iustitia:
2898 3878 3038 3943 solis
3088 3877 3205 3931 loco
3248 3880 3374 3934 erit.

1830 3966 1907 4018 Ad
1934 3967 2051 4020 illos
2077 3968 2367 4035 perveniet,
2402 3967 2513 4021 Deo
2552 3967 2699 4019 illum
2758 3966 3019 4021 liberante
3061 3982 3090 4019 a
3126 3969 3371 4033 pnesenti

1830 4055 2023 4109 saeculo
2078 4069 2302 4123 nequam
2341 4055 2380 4119 ί,
2430 4065 2486 4109 et
2531 4071 2559 4107 ιι
2614 4055 2803 4108 diebus
2857 4057 3036 4119 malis,
3082 4057 3147 4109 de
3180 4058 3373 4124 quibus

1828 4142 2025 4199 Paulus
2055 4143 2310 4211 loquitur,
2348 4160 2468 4196 cum
2502 4146 2579 4197 ait
2626 4157 2641 4196 :
2680 4162 2697 4194 ι
2745 4143 3089 4198 Redimentes
3142 4155 3370 4215 tempus,

1827 4232 2081 4297 quoniam
2107 4231 2220 4285 dies
2251 4233 2370 4283 tnali
2398 4240 2522 4285 sunt
2547 4234 2588 4285 ².
2624 4250 2643 4283 ι

167 4321 413 4393 ἡμερῶν,
448 4322 572 4391 περὶ
602 4314 675 4374 ὧν
707 4316 853 4373 εἶπεν
873 4322 901 4371 6
934 4321 1140 4385 Παῦλος
1172 4322 1249 4384 τὸ,
1282 4340 1301 4372 ε
1355 4320 1827 4393 Ἐξαγοραζόμενοι
1863 4322 1951 4374 τὸν
1987 4322 2197 4395 καιρὸν,
2242 4324 2323 4374 ὅτι
2367 4324 2420 4374 αἱ
2451 4324 2651 4393 ἡμέραι
2681 4325 2909 4395 πονηραί
2940 4327 3092 4379 εἰσιν.
3143 4344 3161 4376 ι

242 4438 331 4491 55.
367 4438 623 4507 Εὑρεθείη
646 4438 690 4490 δ’
719 4438 785 4492 ἂν
817 4438 1383 4509 καταχρηστικώτερον
1412 4440 1503 4493 καὶ
1533 4440 1599 4492 τὰ
1626 4457 1723 4493 σω-

171 4527 380 4597 ματικὰ
406 4529 498 4581 καὶ
526 4528 593 4581 τὰ
620 4528 793 4593 ἐκτὸς,
821 4529 890 4582 τὰ
927 4530 1023 4598 μὲν
1057 4529 1464 4600 συμϐαλλόμενα
1513 4532 1592 4593 εἰς
1630 4530 1721 4583 τὸν

244 4686 289 4717 θ’
322 4687 462 4741 Psal.
490 4703 682 4752 xxxiii,
717 4688 781 4740 l0
822 4698 871 4743 et
912 4704 1065 4758 seqq.

2018 4441 2209 4496 Videre
2237 4453 2320 4496 est
2352 4454 2526 4496 tamen
2556 4458 2618 4495 ex
2655 4443 2813 4496 rebus
2850 4448 3123 4512 corporeis
3160 4455 3211 4498 et
3254 4459 3372 4510 qum

1826 4534 2163 4611 extrinsecus
2190 4534 2461 4595 accidunt,
2508 4534 2638 4607 alias
2678 4550 2795 4603 qua:
2844 4536 2909 4588 ad
2965 4534 3223 4590 naturalis
3250 4537 3370 4590 vitae

1178 4690 1191 4719 ¹
1234 4688 1350 4744 Gal.
1380 4704 1427 4755 ι,
1453 4690 1510 4745 4.
1578 4691 1599 4721 ¹
1632 4688 1831 4758 Ephes.
1857 4705 1908 4742 ν.
1942 4689 2023 4742 l6.

240 4820 354 4890 (52)
396 4823 547 4875 Ἀλλ’
573 4824 641 4875 ἐκ
670 4823 1257 4891 παρακολουθήσεως.
1287 4824 1377 4877 Sic
1409 4832 1552 4877 recte
1585 4840 1713 4878 mss.

1833 4825 1968 4878 Lilior
1990 4835 2047 4879 et
2077 4826 2280 4880 utilitas
2309 4824 2423 4891 ipsa
2449 4823 2625 4889 operis
2655 4823 2966 4890 postulavit,
2998 4832 3060 4875 ut
3112 4823 3365 4875 tenuissi-

171 4890 312 4943 Male
341 4901 515 4963 autem
565 4891 699 4963 libb.
727 4890 880 4963 editi,
910 4894 1020 4947 ἀλλ’
1069 4894 1167 4945 οὐκ
1212 4896 1293 4963 ἐκ
1320 4892 1717 4963 παρακολουθή-

170 4976 329 5019 σεως.
362 4959 568 5014 Abesse
592 4961 734 5015 enim
766 4962 922 5016 debet
967 4963 1086 5015 οὐκ.
1124 4963 1253 5015 Vide
1284 4959 1417 5014 infra
1450 4978 1595 5017 num.
1643 4959 1712 5016 55

168 5028 335 5099 huius
358 5026 479 5099 libri
506 5037 730 5099 stilum.
763 5030 829 5084 68
858 5030 951 5083 lib.
994 5046 1088 5083 vit.
1115 5048 1132 5079 ι
1166 5029 1494 5099 Chrysippus
1540 5033 1718 5098 (apud

168 5099 239 5168 ᾼ.
276 5093 524 5168 Gellium,
551 5097 642 5168 lib.
674 5112 745 5160 vr,
772 5114 889 5167 cap.
917 5099 942 5151 1
976 5099 995 5168 )
1052 5093 1327 5168 existimat
1362 5093 1484 5150 'non
1542 5093 1712 5168 fuisse

166 5165 279 5219 hoc
306 5164 605 5231 principale
641 5164 853 5221 natura!
880 5164 1185 5229 consilium,
1217 5177 1274 5218 nt
1308 5166 1509 5220 faceret
1540 5167 1710 5223 homi-

169 5247 271 5305 nes
310 5233 510 5286 morbis
547 5233 838 5298 obnoxios;
886 5252 1161 5305 nunquam
1201 5236 1343 5288 enim
1378 5237 1480 5288 hoc
1510 5251 1707 5291 conve-

166 5304 321 5355 nisse
376 5312 585 5373 natura}
621 5305 850 5367 auctori,
886 5308 1197 5373 parentique
1254 5320 1428 5357 rerum
1470 5306 1707 5359 omnium

168 5373 455 5441 bonarum;
483 5370 586 5421 Sed
644 5386 765 5424 cum
814 5370 997 5435 multa,
1050 5370 1246 5441 inquit,
1302 5384 1461 5441 atque
1518 5390 1707 5441 magna

166 5440 439 5505 gigneret,
482 5450 802 5509 pareretque
849 5440 1133 5509 aptissima
1160 5452 1213 5495 ct
1260 5440 1556 5503 utilissima,
1608 5446 1707 5496 alia

165 5523 387 5579 quoque
414 5507 569 5579 simul
599 5521 789 5579 agnata
818 5507 942 5563 sunt
962 5511 1292 5564 incommoda
1317 5512 1382 5563 iis
1414 5511 1566 5577 ipsis,
1594 5527 1709 5579 qua:

166 5576 424 5632 faciebat.
457 5576 807 5635 cohaerentia;
844 5594 1014 5645 eaque
1045 5596 1147 5632 non
1190 5594 1283 5645 per
1313 5576 1579 5643 naturam,
1612 5576 1707 5634 sed

163 5660 266 5713 per
298 5645 542 5715 sequelas
564 5648 818 5715 quasdam
846 5650 1175 5699 necessarias
1201 5648 1337 5702 facta
1370 5650 1519 5707 dicit,
1566 5650 1704 5715 quod

164 5710 283 5777 ipse
309 5710 534 5779 appellat
575 5710 711 5764 κατά
754 5716 1232 5784 παρακολούθησιν.
1292 5716 1459 5777 Sicut,
1510 5710 1699 5782 inquit,

161 5798 287 5835 cum
314 5797 537 5851 corpora
570 5784 839 5837 hominum
873 5794 1061 5838 natura
1095 5788 1346 5853 lingeret.
1406 5786 1541 5838 ratio
1575 5791 1698 5838 suti-

1819 4896 1919 4947 tnis
1952 4896 2277 4961 minutisque
2306 4894 2554 4947 ossiculis
2602 4902 2760 4961 caput
2810 4893 3202 4961 compingeret;
3269 4894 3365 4945 sed

1816 4962 1953 5016 hanc
1994 4960 2273 5016 utilitatem
2306 4964 2380 5016 rei
2409 4961 2631 5026 majoris
2659 4960 2759 5012 alia
2800 4962 3040 5027 quaedam
3071 4960 3366 5014 ineommo-

1815 5032 1955 5083 ditas
1979 5032 2320 5085 extrinsecus
2357 5038 2643 5084 consecuta
2676 5038 2758 5081 est
2823 5046 2836 5081 :
2878 5037 2937 5095 ut
2998 5027 3151 5081 tieret
3200 5039 3365 5095 caput

1816 5102 2044 5152 tenuiter
2109 5101 2371 5151 munitum
2415 5136 2428 5158 ,
2488 5106 2543 5150 et
2608 5096 2802 5148 ictibus
2862 5094 3364 5163 oﬂ'ensionibmque

1812 5170 1989 5234 parvis
2022 5167 2242 5234 fragile;
2276 5167 2499 5233 proinde
2528 5167 2697 5218 morbi
2739 5180 2949 5234 quoque
2973 5176 3027 5218 et
3082 5168 3359 5233 mgritudi-

1814 5233 1908 5288 nes
1948 5246 2112 5303 partae
2142 5244 2290 5294 sunt,
2320 5235 2445 5287 dum
2471 5234 2615 5303 salus
2646 5233 2876 5298 paritur.
2914 5233 3002 5286 Sic
3030 5234 3250 5295 Hercle,
3282 5235 3363 5285 in-

1815 5302 1957 5371 quit,
1991 5306 2115 5356 dum
2152 5304 2323 5354 virtus
2354 5302 2662 5357 hominibus
2700 5316 2795 5371 per
2822 5304 3107 5355 consilium
3159 5314 3362 5354 natura:

1812 5374 2064 5440 gignitur,
2093 5372 2218 5421 vitia
2268 5371 2461 5423 ibidem
2515 5385 2611 5438 per
2665 5370 2980 5424 allinitateiu
3031 5372 3359 5425 contrariam

1813 5455 1935 5493 nata
1974 5454 2115 5491 sunt.
2155 5458 2171 5489 ι
2219 5440 2475 5492 SPENCEB.

1881 5508 1987 5576 (33)
2031 5508 2295 5577 Ἐςτείπερ
2337 5512 2367 5559 o'
2414 5510 2697 5574 ἐκκλίνας
2738 5508 2853 5577 μὲν
2880 5508 2996 5561 ἀπὸ
3046 5508 3161 5561 τῶν
3209 5507 3356 5559 οὕτω

1810 5577 2024 5629 κακῶν.
2054 5575 2180 5631 Haec
2204 5592 2323 5644 quae
2356 5578 2406 5630 in
2433 5591 2585 5630 antea
2617 5575 2776 5633 editis
2814 5580 3011 5630 omissa
3064 5590 3236 5638 erant,
3284 5592 3357 5626 ie-

1810 5649 2035 5698 stitnnnl
2069 5661 2254 5701 omnes
2280 5647 2431 5699 codd.
2462 5662 2594 5699 mss.

1879 5716 1988 5783 (54)
2028 5715 2253 5767 Φθὰσαι
2284 5716 2377 5767 ἄν.
2416 5715 2770 5769 Srriheudum
2813 5716 3051 5775 videtur,
3094 5713 3185 5764 καὶ
3230 5710 3357 5777 φθά-

1811 5802 1897 5838 σαι
1919 5785 2014 5851 κᾶν,
2044 5794 2098 5839 et
2127 5786 2199 5839 ita
2234 5786 2458 5841 reddidit
2496 5785 2749 5839 Gelenius
2776 5784 3055 5848 interpres.
