4094 6322
177 437 318 494 £585

1412 435 1694 493 CONTRA
1733 422 2014 491 CELSUM
2049 435 2178 494 LIB.
2223 435 2310 492 Vl.

3288 443 3423 501 l586

159 558 211 607 οἱ
227 557 532 623 τέμνοντες·
555 553 819 622 οὓτωςεὶό
847 555 977 620 Θεὸς
998 555 1213 624 λέγεται
1229 555 1295 608 τὰ
1317 556 1488 609 τοιαδὶ
1519 556 1737 624 ἐπάγειν

1851 556 2251 611 verberantvel
2275 564 2466 612 secant
2501 558 2618 613 :sic
2667 559 2798 614 nihil
2842 560 3059 616 ahsurdi
3120 569 3200 616 est
3244 563 3429 624 dicere

169 649 503 719 ἐπιστροφῆς
527 650 618 700 καὶ
637 645 925 716 οεραπεὶας
944 645 1125 698 ἕνεκεν
1149 645 1254 696 τῶν
1278 644 1545 713 δεομένων
1573 645 1743 697 τοιού-

167 757 280 794 των
313 740 507 803 πόνων,
559 739 705 790 οὐδὲν
734 737 800 791 ἂν
830 737 1026 790 ἄτοπον
1068 738 1098 790 ὁ
1137 736 1292 803 λόγος
1335 735 1466 805 ἕχον
1514 733 1626 788 οὔτ’
1674 735 1740 788 ἂν

173 849 195 881 ι
230 831 532 902 καταϐαίνῃ
559 828 705 882 κακά
723 829 886 900 ,παρά
907 828 1110 899 Κυρίου
1140 828 1230 880 ἐπὶ
1256 827 1429 890 πύλας
1470 828 1738 898 Ἰερουσα-

166 920 303 992 λὴμ,
344 940 362 973 ι
393 921 490 992 τὴν
520 921 815 974 ὑπόστασιν
849 919 1038 990 ἔχοντα
1071 919 1130 972 ὲν
1169 922 1282 982 τοῖς
1309 917 1415 972 ἀπὸ
1442 918 1551 971 τῶν
1584 918 1740 971 πολε-

170 1012 316 1081 μίων
347 1012 547 1075 πόνοις,
589 1011 1021 1085 προσαγομένοις
1048 1011 1231 1073 αὐτοῖς
1254 1011 1333 1072 είς
1379 1009 1736 1080 ἐπιστροφήν·

165 1103 283 1156 οὔτ’
305 1104 373 1159 ἂν
405 1122 425 1156 t
469 1093 867 1174 ὲπισκέπτηται
897 1103 953 1156 ἐν
983 1101 1160 1173 ῥάϐδῳ
1196 1102 1293 1164 τὰς
1325 1101 1553 1171 ἀνομίας
1587 1118 1606 1151 ι
1635 1099 1741 1152 τῶν

166 1195 638 1263 ἐγκαταλιπόντων
663 1195 752 1249 τὸν
784 1193 946 1264 νόμον
966 1193 1056 1246 τοῦ
1083 1186 1238 1256 Θεοῦ,
1273 1212 1290 1243 ι
1316 1192 1409 1245 καὶ
1437 1193 1494 1244 ὲν
1523 1190 1740 1262 μάστιξι

165 1287 269 1350 τὰς
301 1287 573 1359 ἁμαρτίας
594 1285 790 1340 αὐτῶν·
831 1301 850 1337 ι
886 1283 995 1338 οὒτ’
1025 1285 1090 1338 ἂν
1116 1284 1247 1354 λέγῃ
1278 1285 1358 1348 τὸ,
1390 1302 1408 1334 ‹
1441 1285 1628 1353 Ἔχεις
1651 1284 1742 1337 ἀνι

164 1377 381 1448 θρακας
418 1377 609 1449 πυρὸς,
646 1377 864 1431 κάθισαι
897 1376 983 1428 ἐπ’
1012 1372 1224 1436 αὐτούς·
1255 1369 1397 1427 οὗτοι
1419 1372 1629 1426 ἔσονταί
1661 1391 1742 1426 σοι

165 1467 409 1540 βοήθεια.
459 1488 477 1521 ι
512 1469 710 1522 Τοῦτον
737 1468 793 1522 δὲ
824 1467 915 1520 τὸν
941 1467 1139 1538 τρόπον
1176 1468 1265 1519 καὶ
1293 1471 1376 1529 τὸ,
1400 1485 1426 1516 -‹
1473 1465 1531 1519 Ὀ
1562 1467 1741 1518 ’ποιῶν

164 1563 413 1633 εἰρήνην,
450 1562 542 1615 καὶ
566 1561 762 1623 κτίζων
789 1559 953 1623 κακὰ,
989 1557 1339 1629 διηγούμεθα·
1378 1578 1396 1610 ι
1435 1556 1610 1621 κτίζει
1633 1557 1740 1628 γὰρ

162 1656 236 1709 τὰ
271 1651 556 1723 σωματικὰ
583 1651 616 1721 ἦ
648 1649 716 1703 τὰ
761 1642 919 1712 ἐκτὸς
949 1648 1113 1714 κακὰ,
1167 1647 1442 1719 καθαίρων
1480 1650 1574 1701 καὶ
1619 1666 1742 1701 παι-

159 1744 336 1798 δεύων
366 1743 490 1806 τοὺς
516 1743 590 1813 μὴ
625 1739 980 1812 βουληθέντας
999 1739 1349 1810 παιδευθῆναι
1371 1740 1514 1810 λόγῳ
1542 1743 1636 1794 καὶ
1661 1742 1740 1795 δι-

161 1835 433 1906 δασκαλίᾳ
475 1834 634 1901 ὑγιεῖ.
670 1832 780 1884 Καὶ
814 1831 984 1886 ταῦτα
1018 1831 1116 1900 μὲν
1139 1832 1219 1894 είς
1241 1836 1327 1892 τὸ,
1365 1849 1382 1880 ι
1415 1830 1541 1895 Πῶς
1568 1833 1665 1902 μὲν
1712 1835 1741 1883 ό

160 1927 298 1990 Θεὸς
320 1926 463 1979 κακά
495 1924 698 1990 Euolat;
750 1943 769 1974 ι

237 2020 333 2081 Εἰς
385 2018 440 2072 δὲ
496 2020 578 2082 τὸ,
608 2035 626 2068 ι
663 2015 786 2078 Πῶς
825 2013 1030 2068 πείθειν
1083 2014 1177 2068 καὶ
1224 2014 1490 2068 νουθετεῖν
1553 2015 1744 2068 ἀδυνα-

157 2113 276 2174 τεῖ;
315 2127 335 2160 ι
364 2107 679 2180 προείρηται
713 2106 832 2175 μὲν,
863 2108 944 2159 ὅτι
976 2107 1138 2159 πᾶσιν
1167 2102 1253 2169 ἂν,
1287 2106 1442 2177 εἴπερ
1492 2105 1745 2178 ἔγκλημά

155 2203 279 2252 ἐστι
306 2199 365 2252 τδ
391 2198 649 2262 τοιοῦτον,
680 2199 1007 2268 προσάγοιτο
1038 2200 1071 2269 ἡ
1098 2198 1190 2251 τοῦ
1225 2198 1431 2251 Κέλσου
1466 2199 1610 2264 λέξις
1631 2203 1743 2264 τοῖς

154 2291 577 2360 ἀποδεχομένοις
608 2290 894 2359 Πρόνοιαν⁵
933 2277 1330 2359 ἀπολογήσαιτο
1358 2288 1401 2340 δ’
1432 2290 1497 2342 ἄν
1534 2307 1636 2355 τις,
1661 2291 1742 2345 ὃτι

153 2379 461 2434 νουθετεῖν
485 2379 583 2450 μὲν
608 2379 706 2432 οὑκ
733 2380 982 2434 ἀδυνατεῖ
1006 2380 1035 2432 ό
1056 2379 1206 2441 Θεός·
1237 2379 1478 2432 νουθετεῖ
1501 2379 1612 2452 γὰρ
1655 2379 1744 2433 διὰ

158 2475 352 2544 πάσης
379 2471 618 2544 γραφῆς,
649 2471 745 2527 καὶ
772 2473 860 2526 διὰ
883 2473 990 2546 τῶν
1018 2462 1199 2543 χάριτι
1225 2459 1580 2527 διδασκόντων
1608 2474 1742 2527 Θεοῦ

152 2566 283 2628 τοὺς
306 2564 619 2627 ἀκούοντας.
642 2565 704 2618 El
733 2565 806 2636 μὴ
838 2566 946 2637 ἄρα
967 2566 1097 2626 ἴδιόν
1117 2584 1166 2618 τι
1192 2564 1591 2635 σημαινόμενον
1629 2549 1746 2629 ἑξα-

153 2656 372 2710 κούοιτο
421 2659 501 2720 είς
528 2657 587 2709 τὸ
614 2658 918 2712 νουθετεῖν
957 2658 1090 2729 (58),
1124 2658 1185 2709 τὸ
1236 2658 1328 2710 καὶ
1361 2659 1743 2727 ἐπιτυγχάνειν

155 2747 326 2818 ὲντῷ
349 2746 767 2818 νουθετουμένῳ,
801 2748 896 2802 καὶ
918 2746 1134 2802 ἀκούειν
1163 2749 1255 2802 τὸν
1277 2747 1368 2801 τοῦ
1401 2748 1743 2813 διδάσκοντος

158 2837 338 2906 λόγον’
367 2839 502 2909 ὅπερ
547 2839 662 2905 ἐστὶ
700 2838 850 2910 παρὰ
880 2839 978 2909 τὴν
1014 2839 1220 2893 ἔννοιαν
1245 2839 1339 2893 τοῦ
1377 2840 1739 2911 τετριμμένου

158 2932 222 2984 ὲν
248 2931 314 3000 τῇ
349 2928 600 3001 συνηθείᾳ
632 2931 1050 3001 σημαινομένου.
1086 2931 1181 2993 Είς
1205 2930 1262 2982 δὲ
1289 2934 1346 2988 τὸ
1366 2972 1378 2995 ,
1416 2949 1434 2980 ‹
1471 2929 1598 2992 Πῶς
1624 2928 1742 2980 πεί-

157 3020 280 3075 θειν
311 3020 593 3086 ἀδυνατεῖ;
637 3041 655 3074 ι
703 3022 797 3075 κα).
842 3022 971 3074 αὐτὸ
1027 3020 1298 3092 προαχθὲν
1330 3020 1394 3073 ἂν
1441 3021 1578 3073 πᾶσι
1630 3023 1741 3082 τοῖς

163 3111 429 3183 Πρόνοιαν
455 3110 932 3185 παραδεχομένοις,
966 3109 1136 3165 ταῦτα
1156 3109 1392 3162 λεκτέον.
1415 3108 1648 3177 ’Ἐπειδὴ
1683 3107 1741 3159 τὺ

161 3202 475 3256 πείθεσθαι
509 3202 618 3273 (59)
651 3201 887 3271 ὡσπερεὶ
906 3199 1015 3253 τῶν
1047 3197 1391 3268 καλουμένων
1420 3197 1740 3249 ἀντιπεπον-

161 3295 334 3348 θότων
364 3295 532 3359 ἐστὶν,
563 3291 911 3362 ἀνάλογοντῷ
928 3291 1224 3359 κεῲεσθαι
1251 3287 1556 3355 ἄνθρωπον,
1588 3287 1738 3382 ὲνερῗ
1767 3325 1808 3382 C

160 3383 361 3450 γοῦντα
396 3383 457 3436 τὺ
487 3383 743 3453 παρέχειν
769 3382 956 3443 ἑαυτὸν
985 3380 1063 3450 τῷ
1095 3380 1348 3450 κείροντι’
1383 3377 1469 3430 διὰ
1498 3376 1653 3428 τοῦτο
1677 3375 1735 3426 ού

165 3471 336 3542 μόνης
365 3471 533 3524 δεῖται
570 3473 666 3540 τῆς
695 3469 789 3522 τοῦ
822 3468 1098 3531 πείθοντος
1131 3465 1430 3535 ἐνεργείας,
1459 3465 1596 3517 ἀλλὰ
1648 3463 1739 3517 καὶ

161 3562 286 3630 τῆς,
332 3561 396 3613 ίν¹
427 3560 599 3623 οὕτως
639 3561 911 3630 ὀνομάσω,
945 3556 1310 3620 ὑποπτώσεως
1339 3555 1475 3625 πρὸς
1502 3556 1593 3608 τὸν
1623 3555 1740 3606 πεί-

160 3650 416 3736 θονταγῆ
451 3650 762 3722 παραδοχῆς
800 3648 910 3702 τῶν
957 3648 1264 3718 λεγομένων
1320 3647 1424 3700 ὑπὸ
1480 3646 1575 3698 τοῦ
1622 3647 1741 3698 πεί-

159 3743 366 3807 θοντος.
404 3743 502 3796 Διὰ
549 3742 708 3796 τοῦτο
772 3743 832 3795 οὐ
896 3741 1049 3811 παρά
1096 3740 1159 3792 τὸ
1212 3739 1287 3810 μὴ
1339 3737 1598 3792 δύνασθαι
1645 3739 1737 3790 τὸν

157 3835 295 3887 Θεὸν
344 3834 547 3888 πείθειν
586 3834 803 3887 λεκτέον
831 3835 958 3897 τοὺς
999 3832 1073 3903 μὴ
1109 3830 1462 3901 πειθομένους
1499 3830 1574 3900 μὴ
1611 3828 1733 3880 πεί-

144 3922 369 3987 θέσθαι,
419 3922 555 3977 ἀλλά
608 3923 756 3994 παρὰ
795 3921 855 3976 τὸ
907 3921 1144 3983 ἐκείνους
1194 3921 1268 3991 μὴ
1322 3917 1572 3988 δέχεσθαι
1610 3917 1736 3979 τοὺς

160 4014 446 4077 πιστικοῦς
497 4013 608 4084 (40)
654 4013 842 4082 λόγους
877 4012 969 4064 τοῦ
1015 4010 1168 4064 Θεοῦ.
1222 4011 1390 4062 Τοῦτο
1437 4009 1493 4062 δὲ
1531 4007 1622 4061 καὶ
1651 4010 1736 4061 ἐπ’

156 4103 462 4174 ἀνθρώπων
477 4104 648 4172 λέγων
673 4122 776 4167 τις,
793 4102 1204 4174 ὀνομαζομένων
1231 4102 1448 4164 πειθοῦς
1478 4100 1738 4170 δημιουρ-

157 4198 293 4264 γῶν,
335 4197 433 4248 οὐκ
480 4196 545 4249 ἂν
591 4197 824 4266 ἁμάρτοι
884 4195 1016 4266 (41)·
1068 4192 1290 4247 δυνατὸν
1344 4193 1451 4265 γάρ
1504 4193 1597 4245 καὶ
1645 4191 1736 4244 τὸν

156 4288 345 4356 ἄκρως
380 4287 740 4356 κατειληφότα
775 4287 844 4340 τὰ
889 4287 989 4355 τῆς
1036 4285 1332 4358 ῥητορικῆς
1380 4285 1733 4356 θεωρήματα,

155 4377 258 4429 καὶ
289 4375 512 4436 δεόντως
535 4376 715 4437 αὐτοῖς
742 4375 1038 4446 χρώμενον,
1073 4378 1251 4431 πάντα
1277 4378 1373 4447 μὲν
1399 4380 1570 4431 ποιεῖν
1601 4377 1736 4448 πρὸς

153 4465 222 4518 τὸ
256 4463 480 4529 πείθειν,
531 4467 604 4536 μὴ
638 4467 970 4534 τυγχάνοντα
1003 4469 1058 4519 δὲ
1097 4468 1194 4537 τῆς
1215 4470 1586 4539 προαιρέσεως
1640 4468 1734 4520 τοῦ

155 4557 465 4626 ὀφείλοντος
494 4557 772 4609 πείθεσθαι
795 4557 967 4610 δοκεῖν
997 4559 1071 4629 μὴ
1106 4560 1329 4621 πείθειν.
1371 4563 1489 4613 Ὅτι
1522 4561 1598 4624 δὲ,
1635 4561 1735 4612 κᾶν

1853 647 1993 700 mala
2025 649 2270 716 quaedam
2299 663 2326 700 a
2372 648 2481 703 Deo
2523 649 2704 703 induci
2745 653 2811 703 ad
2837 656 3233 708 convertendos
3263 662 3317 708 et
3342 669 3432 708 sae

1853 739 2058 793 nandos
2086 740 2177 807 qui
2209 738 2519 806 httjusmodi
2576 741 2839 796 molestiis
2881 758 3015 810 opus
3051 745 3275 800 habent.
3306 744 3429 799 Non

1851 829 2146 882 absurdum
2188 831 2355 884 etiam
2411 847 2432 881 ι
2491 830 2629 885 mala
2661 847 2689 885 a
2723 831 2948 889 Domino
3005 836 3336 892 descendere
3366 839 3425 892 in

1850 928 2035 987 portas
2068 918 2370 976 Jerusalem
2401 922 2450 987 ⁸,
2493 940 2512 974 ι
2543 937 2663 992 qua:
2687 926 2824 979 mala
2854 927 3026 996 posita
3049 937 3208 982 erant
3235 929 3288 984 in
3312 940 3429 983 mo.

1851 1009 2181 1079 lestiisquas
2206 1010 2394 1067 hostes
2424 1015 2734 1084 pariebant,
2767 1026 2821 1071 et
2883 1033 3002 1086 quae
3051 1021 3428 1075 conversionis

1851 1116 2012 1155 causa
2038 1102 2456 1172 inﬁigebantur;
2486 1121 2506 1155 ι
2538 1106 2753 1180 visitari
2785 1107 2836 1160 in
2877 1110 3026 1177 virga
3057 1110 3372 1179 iniquitates
3401 1133 3423 1166 ι

1851 1194 2020 1262 legem
2052 1195 2146 1248 Dei
2180 1195 2624 1264 relinquentium,
2666 1218 2682 1249 ι
2729 1211 2782 1253 et
2807 1201 2856 1253 in
2889 1203 3205 1258 verberibus
3227 1219 3425 1272 pecca-

1851 1291 1903 1337 ta
1925 1283 2188 1348 eorum';
2229 1303 2247 1334 ι
2279 1293 2331 1339 et
2358 1286 2498 1339 istud
2536 1287 2679 1342 dici:
2715 1306 2733 1337 ι
2769 1287 2945 1343 llabes
2962 1293 3226 1346 carbones
3257 1294 3424 1364 ignis.
3460 1294 3462 1296 ’

1852 1374 1980 1429 sede
2004 1388 2166 1442 super
2195 1376 2456 1444 eos,-ipsi
2500 1378 2596 1431 tibi
2625 1389 2787 1434 erunt
2826 1381 3030 1435 auxilio
3057 1382 3098 1437 ⁸.
3136 1403 3152 1434 ι
3188 1384 3244 1438 In
3268 1387 3425 1442 e'am-

1851 1465 1973 1518 dem
2018 1467 2345 1520 sententiam
2399 1467 2542 1522 istud
2591 1470 2912 1537 exponimus
2963 1491 3026 1526 ε(
3074 1474 3184 1542 Ego
3221 1475 3428 1534 faciens

1853 1570 2041 1625 pacem
2082 1566 2135 1610 et
2165 1571 2360 1611 crcans
2391 1559 2532 1612 mala
2558 1560 2618 1625 9;
2655 1579 2672 1611 ι
2715 1572 2867 1616 creat
2900 1563 3044 1617 enim
3085 1580 3342 1633 corporea
3372 1577 3427 1623 et

1851 1648 2124 1702 exteriora
2149 1649 2308 1714 mala,
2330 1650 2507 1720 iisque
2535 1661 2726 1721 purgat
2757 1664 2812 1708 et
2839 1658 3146 1725 erudit,qui
3181 1661 3345 1712 verbo
3369 1669 3427 1716 et

1848 1738 2097 1792 doctrina
2148 1754 2284 1793 sana
2328 1741 2547 1795 erudiri
2585 1744 2790 1798 nolunt.
2823 1747 3000 1816 Atque
3027 1749 3140 1804 haec
3164 1750 3216 1803 in
3249 1751 3423 1806 istud'

1856 1845 1875 1878 ε
1907 1827 2196 1894 Quomodo
2235 1829 2376 1884 Deus
2409 1831 2547 1885 mala
2582 1832 2858 1890 faciebat?
2910 1857 2928 1888 ι

1779 1987 1820 2040 Β
1919 2011 2008 2065 57.
2047 2009 2213 2090 Nunc.
2250 2013 2318 2065 ad
2367 2011 2494 2067 illud
2537 2028 2552 2066 :
2599 2033 2616 2066 ι
2673 2017 2956 2082 Quomodo
2997 2023 3327 2088 persuadere
3369 2036 3426 2083 et

1848 2101 2053 2155 hortari
2093 2118 2198 2156 non
2237 2105 2456 2170 potest?
2490 2123 2507 2156 ι
2545 2104 2663 2159 Jam
2690 2107 2819 2171 diti,
2854 2109 2904 2162 id
2939 2112 3079 2178 quod
3107 2113 3294 2170 Celsus
3333 2117 3424 2172 hic

1846 2193 2056 2260 objicit,
2087 2194 2133 2247 si
2160 2203 2449 2264 prepterea
2484 2195 2535 2250 in
2565 2197 2651 2264 jus
2703 2200 2884 2252 vocari
2934 2217 3248 2269 possumus,
3279 2205 3423 2274 obji-

1847 2285 2100 2338 ciendum
2141 2300 2263 2340 esse
2321 2288 2577 2342 omnibus
2623 2290 3025 2348 Providentiam
3085 2296 3421 2351 admittenti-

1846 2375 1967 2430 bus.
2000 2376 2359 2445 Respondet-it
2387 2382 2553 2433 etiam
2581 2381 2779 2450 aliquis
2814 2383 2977 2437 Deum
3005 2385 3211 2440 hortari
3240 2403 3419 2455 posse.

1844 2455 2279 2537 quandoquidem
2329 2485 2426 2538 per
2470 2480 2636 2525 totam
2674 2473 3008 2541 Scripturam
3050 2477 3320 2542 hortatur,
3362 2489 3421 2536 et

1845 2573 1943 2628 per
1970 2573 2064 2613 eos
2096 2561 2186 2628 qui
2218 2559 2311 2614 Dei
2345 2564 2521 2629 gratia
2553 2563 2751 2617 docent
2786 2566 3096 2622 audientes.
3141 2566 3251 2622 Nisi
3281 2567 3422 2626 forte

1845 2653 2061 2720 propria
2099 2653 2344 2721 quantam
2386 2653 2476 2708 isti
2513 2655 2675 2709 verbo
2705 2655 2906 2709 hortari
2947 2658 3266 2727 signiﬁcatio
3317 2663 3417 2717 tria

1847 2741 2060 2804 buatur,
2115 2740 2268 2809 quasi
2327 2741 2466 2810 idem
2521 2743 2850 2810 exprimeret
2922 2761 2986 2801 ac
3035 2758 3318 2816 penetrare
3362 2751 3418 2807 in

1845 2831 2087 2884 atiimum
2143 2831 2261 2898 ejus
2296 2832 2364 2885 ad
2395 2847 2554 2902 quem
2606 2833 2840 2888 hortatio
2885 2835 2972 2900 ﬁt,
3009 2846 3064 2892 et
3111 2838 3326 2895 eﬁicere
3359 2852 3420 2897 ut

1845 2935 2154 2976 sermonem
2198 2922 2447 2997 docentis
2479 2923 2786 2990 intelligat;
2827 2927 2877 2978 id
2923 2931 3066 2996 quod
3101 2932 3168 2984 ah
3217 2933 3413 2986 usitata

1843 3013 2248 3082 signiﬁcatione
2273 3013 2497 3100 recedit.
2548 3013 2600 3065 lu
2645 3013 2788 3066 istud
2835 3030 2963 3072 vero
3003 3035 3015 3070 :
3063 3037 3080 3069 ε
3134 3019 3418 3085 Quomodo

1846 3104 2180 3172 persuadere
2216 3119 2319 3157 non
2347 3101 2566 3172 potest?
2608 3125 2626 3157 ι
2659 3107 2801 3175 quod
2833 3118 2886 3163 ct
2916 3110 3086 3177 ipsum
3125 3110 3418 3168 Providen-

1848 3195 1976 3247 tiam
2035 3186 2461 3249 admittentibus
2493 3197 2656 3266 ohjici
2700 3206 2893 3265 potest,
2942 3199 3248 3265 dicendum,
3286 3201 3412 3271 quia

1844 3285 1946 3339 hoc
1971 3287 2196 3359 verbum
2240 3287 2548 3353 persuaderi
2600 3303 2666 3342 ex
2713 3288 2998 3341 verborum
3056 3305 3282 3345 numero
3330 3301 3418 3348 est

1845 3390 1965 3445 qua:
2015 3375 2282 3446 duplicem
2320 3378 2587 3431 actionem
2634 3377 2912 3440 iudicant;
2981 3378 3280 3449 enjusmodi
3331 3390 3418 3438 est

1851 3467 2084 3534 tonderi,
2115 3468 2258 3537 quod
2284 3469 2556 3540 signiﬁcat
2592 3478 2644 3524 et
2690 3470 2961 3524 actionem
3019 3473 3316 3538 tondentis,
3358 3483 3417 3530 et

1843 3559 2111 3627 actionem
2144 3557 2263 3626 ejus
2297 3561 2388 3628 qui
2423 3573 2483 3615 se
2517 3560 2716 3628 praebet
2754 3562 3080 3617 tondendum
3118 3579 3132 3616 :
3167 3573 3418 3633 propter-

1839 3662 1903 3702 ea
1957 3663 2064 3702 non
2110 3649 2285 3704 solum
2309 3665 2449 3718 opus
2485 3665 2606 3705 esse
2636 3653 3014 3718 persuadentis
3060 3655 3292 3720 actione,
3319 3655 3413 3710 scil

1842 3740 2005 3805 etiam
2030 3749 2085 3793 ut
2115 3744 2206 3807 qui
2242 3737 2627 3807 persuadetur,
2649 3755 2730 3803 se,
2767 3751 2824 3794 ut
2854 3743 2923 3794 ita
2945 3741 3154 3810 loquar,
3186 3758 3414 3812 persua-

1842 3830 1988 3884 denti
2011 3831 2315 3894 submittat,
2344 3839 2436 3882 aut
2461 3830 2689 3897 recipiat
2721 3845 2839 3898 quae
2883 3846 2913 3884 a
2944 3834 3304 3899 persuadente
3325 3816 3415 3888 ldi-

1839 3929 2058 3972 cuntur.
2097 3919 2460 3984 Quamcbrem
2493 3921 2536 3972 si
2576 3924 2666 3988 qui
2693 3936 2800 3975 non
2843 3923 3254 3990 persuadentur,
3306 3939 3410 3979 nou

1843 4012 2045 4065 idcirco
2076 4010 2361 4065 dicendum
2387 4011 2439 4063 id
2470 4011 2597 4063 inde
2635 4011 2790 4072 oriri,
2823 4013 2966 4080 quod
3004 4013 3143 4067 Deus
3189 4029 3413 4082 persua-

1841 4102 1968 4155 dere
1989 4115 2094 4153 non
2117 4085 2321 4168 possit,
2349 4101 2443 4154 sed
2504 4101 2646 4168 quod
2684 4100 2756 4152 illi
2795 4101 2892 4154 Dei.
2931 4117 3212 4158 sermones
3235 4105 3301 4158 ad
3329 4105 3381 4160 fa

1841 4193 2086 4246 ciendam
2124 4191 2288 4244 ﬁdem
2319 4199 2475 4259 aptos
2519 4204 2623 4243 non
2673 4191 2988 4247 admittant.
3021 4192 3164 4246 Idem
3204 4196 3293 4262 qui
3329 4197 3412 4251 di-

1839 4290 1992 4337 ceret
2023 4287 2088 4337 de
2116 4281 2226 4336 illis
2248 4281 2566 4335 hominibus
2616 4297 2754 4350 quos
2781 4286 3142 4350 persuadendi
3171 4287 3413 4344 artiﬁces

1840 4390 2121 4441 vocamus,
2151 4388 2256 4427 non
2289 4373 2590 4427 falleretur.
2627 4372 2769 4426 Fieri
2801 4375 2946 4428 enim
2993 4384 3171 4443 potest
3217 4385 3275 4430 ut
3311 4377 3412 4432 ali-

1840 4467 1961 4537 quis
1996 4467 2241 4536 apprime
2267 4466 2548 4520 rhetorica:
2577 4477 2845 4534 pra-cepta
2879 4467 3086 4522 callens
3143 4468 3317 4536 iisque
3352 4478 3414 4524 ut

1839 4573 1940 4625 par
1968 4569 2049 4612 est
2073 4567 2230 4610 utens
2247 4557 2433 4609 omnia
2455 4557 2520 4608 ad
2543 4556 2976 4622 persuadendqu
3004 4558 3184 4626 faciat,
3214 4573 3310 4614 nec
3331 4568 3413 4613 ta-

153 4651 222 4704 τὸ
247 4651 522 4712 πιστικοὺς
555 4649 663 4720 (42)
711 4649 961 4716 λέγεσθαι
1013 4644 1202 4717 λόγους
1245 4648 1354 4702 ἀπὸ
1402 4651 1538 4703 Θεοῦ
1571 4651 1736 4720 ἔρχη-

1843 4666 1960 4705 meu
1995 4651 2250 4702 videatur
2297 4650 2655 4715 persuadere,
2688 4658 2971 4716 propterea
3011 4649 3150 4717 quod
3195 4649 3412 4704 vincere

154 4760 278 4805 ταις
301 4742 361 4795 τό
389 4760 450 4811 γε
486 4740 763 4794 πείθεσθαι
797 4741 897 4793 οὐκ
938 4740 1084 4793 ἐστιν
1133 4738 1240 4793 ἀπὸ
1279 4740 1432 4792 Θεοῦ’
1468 4741 1652 4808 σαφῶς
1699 4742 1727 4792 ὁ

155 4833 371 4897 Παῦλος
399 4833 656 4901 διδάσκει,
689 4832 879 4899 λέγων·
914 4851 933 4881 ι
979 4830 1042 4885 Ἦ
1073 4831 1337 4901 πεισμονὴ
1371 4831 1470 4883 οὐκ
1523 4831 1588 4883 ὲκ
1631 4831 1724 4881 τοῦ

154 4925 449 4988 καλοῦντος
480 4923 622 4995 ὑμᾶς
657 4921 788 4992 (45).
826 4942 844 4974 ι
882 4921 1131 4976 Τοιοῦτόν
1160 4923 1273 4974 ἐστι
1297 4923 1386 4974 καὶ
1408 4925 1505 4990 τὸ,
1540 4941 1557 4972 ι
1602 4921 1726 4974 Ἐὰν

155 5016 374 5102 θέλητε,
407 5018 500 5070 καὶ
524 5011 876 5085 είσακούσητέ
901 5031 1023 5085 μου,
1052 5014 1119 5068 τὰ
1145 5013 1325 5082 ἀγαθὰ
1353 5013 1452 5082 τῆς
1485 5012 1592 5083 γῆς
1621 5013 1724 5080 φά-

1839 4757 1944 4797 non
1979 4749 2156 4808 potest
2175 4739 2291 4807 ejus
2317 4739 2654 4793 voluntatem
2678 4740 2767 4807 qui
2804 4739 3115 4807 persuaderi
3148 4738 3323 4793 debet.
3343 4739 3411 4793 Et

1837 4848 1968 4887 sane
2004 4833 2149 4900 quod
2182 4845 2268 4884 res
2307 4829 2563 4884 dicantur
2599 4830 2662 4883 ad
2704 4830 3136 4897 persuadendum
3180 4829 3406 4896 idoneae,

1840 4925 1890 4976 id
1945 4939 1973 4976 a
2023 4923 2132 4976 Deo
2183 4921 2580 4989 proﬁciscitur,
2636 4920 3009 4987 persuasionis
3063 4929 3244 4973 autem
3296 4935 3405 4975 non

1840 5015 1981 5067 Deus
2040 5019 2126 5064 est
2179 5021 2369 5065 auctor
2423 5028 2435 5063 :
2497 5013 2659 5079 idque
2719 5013 2998 5079 perspicue
3052 5009 3210 5064 docet
3267 5009 3404 5064 Pan.

232 5169 258 5201 ⁸
481 5185 520 5236 t,
547 5170 636 5223 12.
713 5170 733 5199 ⁷
761 5167 901 5224 Psal.
927 5183 1192 5234 Lxxxvm,
1219 5166 1309 5222 52.
1350 5166 1408 5232 (⁸
1440 5166 1540 5220 lsa.
1569 5181 1737 5228 xcvu,

1844 5205 1856 5228 ,
1891 5164 1977 5220 l5.
2056 5166 2076 5196 ³
2111 5165 2212 5220 lsa.
2241 5181 2364 5230 va,
2395 5167 2447 5218 7.

243 5320 357 5393 (38)
389 5320 546 5393 ιλιι).
591 5331 744 5393 antea
790 5322 918 5393 editi
965 5323 1016 5393 in
1056 5320 1301 5390 margine
1343 5319 1565 5382 habent,
1603 5318 1730 5370 ἰδιόν

152 5389 261 5456 τις
279 5391 670 5462 σημαινόμενον
691 5389 942 5462 ἐξακούει
970 5389 1030 5443 τὸ
1059 5393 1350 5462 νουθετεῖν.

231 5459 364 5528 (59)
385 5459 613 5526 Ἐπειδὴ
642 5461 707 5512 τὸ
733 5461 1059 5520 πείθεσθαι,
1084 5471 1191 5515 etc.
1244 5461 1419 5515 Locus
1463 5460 1550 5512 hic
1586 5459 1725 5512 intc-

154 5547 261 5601 ger
287 5545 406 5584 esse
433 5546 542 5601 non
575 5530 1003 5601 videturGuieto
1038 5532 1128 5600 qui
1161 5531 1388 5601 dubitat
1427 5545 1494 5582 an
1543 5530 1613 5601 ita
1656 5530 1727 5601 sit

155 5597 561 5669 corrigendus:
611 5599 823 5670 Ἐπειδὴ
846 5601 914 5670 τὸ
961 5597 1270 5663 πείθεσθαι,
1334 5598 1574 5670 ὡσπερεὶ
1614 5597 1722 5670 τῶν

155 5670 505 5740 καλουμένων
543 5669 1004 5740 ἀντιπεπονθότων
1055 5669 1133 5731 ὃν,
1173 5671 1429 5740 ἀνάλογον
1479 5669 1556 5738 τῷ
1613 5669 1722 5720 κεί-

159 5738 383 5814 ρεσθαι,
416 5740 596 5814 ’ἦγουν
651 5738 727 5807 τῷ
787 5739 1044 5807 παρέχειν
1095 5740 1285 5814 ἑαυτὸν
1335 5739 1413 5809 τῷ
1461 5739 1714 5814 κείροντι.

156 5809 346 5881 itaque
373 5810 462 5872 τὰ,
495 5809 796 5884 άνθρωπον,
849 5817 904 5884 et
949 5809 1308 5884 ἐνεργοῦντα,
1357 5825 1503 5884 mera
1544 5809 1720 5884 suspi-

159 5876 317 5939 catur
336 5894 458 5936 esse
480 5876 823 5946 gloséemata.
854 5876 969 5943 Qua
996 5876 1126 5932 riu-0
1152 5879 1218 5933 dc
1240 5893 1400 5934 causa
1434 5879 1513 5934 sic
1533 5876 1718 5947 Opi'ue-

481 5971 750 6033 Pnnoc.
792 5967 908 6029 Gn.
957 5969 1061 6028 Xl.

1838 5328 1947 5382 tur,
1991 5320 2249 5387 ignorare
2285 5336 2370 5374 me
2411 5321 2603 5384 fateor,
2655 5333 2750 5373 nec
2784 5320 2968 5374 videre
3005 5336 3102 5374 cur
3140 5316 3402 5388 ejusmodi

1834 5391 2175 5460 correctione
2225 5391 2464 5460 indigeat
2495 5405 2737 5460 prteseus
2791 5390 2967 5454 locus,
3012 5392 3064 5446 in
3107 5408 3212 5460 quo
3269 5391 3400 5446 nihil

1830 5460 1994 5510 etiam
2024 5459 2137 5510 vitii
2164 5462 2384 5526 agnovit
2415 5458 2750 5510 Boherellus.

1899 5527 2008 5598 (40)
2035 5510 2379 5598 {Ima-rmore.
2403 5527 2628 5598 Guietus
2654 5528 2863 5598 scribit,
2901 5510 3236 5592 πειστικούς.

1898 5595 2010 5670 (41)
2035 5596 2188 5660 Mss.,
2223 5599 2478 5667 ἁμάρτοι.
2512 5595 2731 5651 Ηωεειι.
2765 5609 2816 5651 et
2841 5599 3148 5666 Spencerus
3180 5638 3194 5664 ,
3224 5599 3394 5670 ἁμαρ·

1824 5682 1921 5719 τει.

1922 5737 2009 5804 42)
2040 5738 2382 5805 Πίστικους.
2419 5738 2571 5805 Legit
2596 5738 2842 5802 Guietus,
2874 5738 3202 5798 πειστικούς.

1922 5740 2009 5804 42)
2040 5740 2382 5800 Πιστικους.
2419 5740 2571 5805 Legit
2596 5740 2842 5802 Guietus,
2874 5740 3202 5798 πειστικούς.

1898 5740 2014 5876 (45)
2049 5801 2196 5871 llfss.,
2225 5808 2389 5876 ὑμᾶς.
2425 5808 2765 5864 Ηωδειιειίιιε
2798 5820 2852 5861 et
2876 5809 3199 5876 Spencerus.
3225 5797 3393 5874 ἠμῖς.

3011 5959 3081 6012 οἱ
