  <div class='ocr_page' id='page_1' title='image "/cluster/home/n/w/nwhite01/storage/ocr_20150623/11/pst.000005711918/715.png"; bbox 0 0 4094 6322; ppageno 0'>
   <div class='ocr_carea' id='block_1_1' title="bbox 801 367 937 424">
    <p class='ocr_par' dir='ltr' id='par_1_1' title="bbox 801 367 937 424">
     <span class='ocr_line' id='line_1_1' title="bbox 801 367 937 424; baseline -0.022 0"><span class='ocrx_word' id='word_1_1' title='bbox 801 367 937 424; x_wconf 63' lang='grc' dir='ltr'>σεεν</span> 
     </span>
    </p>
   </div>
   <div class='ocr_carea' id='block_1_2' title="bbox 798 481 1282 546">
    <p class='ocr_par' dir='ltr' id='par_1_2' title="bbox 798 481 1282 546">
     <span class='ocr_line' id='line_1_2' title="bbox 798 481 1282 546; baseline -0.008 -7"><span class='ocrx_word' id='word_1_2' title='bbox 798 485 917 546; x_wconf 86' lang='lat' dir='ltr'><strong>lus.</strong></span> <span class='ocrx_word' id='word_1_3' title='bbox 977 497 1095 536; x_wconf 78' lang='lat' dir='ltr'><strong>(mn</strong></span> <span class='ocrx_word' id='word_1_4' title='bbox 1155 481 1282 535; x_wconf 86' lang='lat' dir='ltr'><strong>ait:</strong></span> 
     </span>
    </p>
   </div>
   <div class='ocr_carea' id='block_1_3' title="bbox 796 558 2353 644">
    <p class='ocr_par' dir='ltr' id='par_1_3' title="bbox 796 558 2353 644">
     <span class='ocr_line' id='line_1_3' title="bbox 796 558 2353 644; baseline -0.005 -20"><span class='ocrx_word' id='word_1_5' title='bbox 796 573 957 644; x_wconf 70' lang='lat'><strong>617</strong></span> <span class='ocrx_word' id='word_1_6' title='bbox 1003 581 1156 626; x_wconf 85' lang='lat' dir='ltr'><strong>vocat</strong></span> <span class='ocrx_word' id='word_1_7' title='bbox 1213 585 1329 623; x_wconf 72' lang='lat' dir='ltr'><strong>vos.</strong></span> <span class='ocrx_word' id='word_1_8' title='bbox 1361 569 1404 602; x_wconf 84' lang='grc'><strong>¹⁶</strong></span> <span class='ocrx_word' id='word_1_9' title='bbox 1438 587 1456 620; x_wconf 76' lang='grc' dir='ltr'><strong>ι</strong></span> <span class='ocrx_word' id='word_1_10' title='bbox 1493 558 1762 637; x_wconf 81' lang='lat' dir='ltr'><strong>Ejusmodi</strong></span> <span class='ocrx_word' id='word_1_11' title='bbox 1825 577 1907 621; x_wconf 88' lang='lat' dir='ltr'><strong>est</strong></span> <span class='ocrx_word' id='word_1_12' title='bbox 1959 566 2121 620; x_wconf 88' lang='lat' dir='ltr'><strong>etiam</strong></span> <span class='ocrx_word' id='word_1_13' title='bbox 2154 565 2292 618; x_wconf 99' lang='lat' dir='ltr'><strong>istud</strong></span> <span class='ocrx_word' id='word_1_14' title='bbox 2340 581 2353 616; x_wconf 92' lang='lat'><strong>:</strong></span> 
     </span>
    </p>
   </div>
   <div class='ocr_carea' id='block_1_4' title="bbox 806 656 2358 724">
    <p class='ocr_par' dir='ltr' id='par_1_4' title="bbox 806 656 2358 724">
     <span class='ocr_line' id='line_1_4' title="bbox 806 656 2358 724; baseline -0.005 -8"><span class='ocrx_word' id='word_1_15' title='bbox 806 689 825 716; x_wconf 75' lang='grc' dir='ltr'><strong>ι</strong></span> <span class='ocrx_word' id='word_1_16' title='bbox 864 665 921 719; x_wconf 88' lang='lat' dir='ltr'><strong>Si</strong></span> <span class='ocrx_word' id='word_1_17' title='bbox 955 662 1232 718; x_wconf 78' lang='lat' dir='ltr'><strong>volueritis</strong></span> <span class='ocrx_word' id='word_1_18' title='bbox 1253 668 1308 714; x_wconf 88' lang='lat' dir='ltr'><strong>et</strong></span> <span class='ocrx_word' id='word_1_19' title='bbox 1339 660 1619 714; x_wconf 88' lang='lat' dir='ltr'><strong>audieritis</strong></span> <span class='ocrx_word' id='word_1_20' title='bbox 1641 674 1746 724; x_wconf 92' lang='lat' dir='ltr'><strong>me,</strong></span> <span class='ocrx_word' id='word_1_21' title='bbox 1769 659 1909 712; x_wconf 87' lang='lat' dir='ltr'><strong>bona</strong></span> <span class='ocrx_word' id='word_1_22' title='bbox 1939 665 2095 710; x_wconf 73' lang='lat' dir='ltr'><strong>terra:</strong></span> <span class='ocrx_word' id='word_1_23' title='bbox 2117 656 2358 708; x_wconf 81' lang='lat' dir='ltr'><strong>comede-</strong></span> 
     </span>
    </p>
   </div>
   <div class='ocr_carea' id='block_1_5' title="bbox 801 745 2359 824">
    <p class='ocr_par' dir='ltr' id='par_1_5' title="bbox 801 745 2359 824">
     <span class='ocr_line' id='line_1_5' title="bbox 801 745 2359 824; baseline -0.008 -14"><span class='ocrx_word' id='word_1_24' title='bbox 801 757 902 820; x_wconf 88' lang='lat' dir='ltr'><strong>tis;</strong></span> <span class='ocrx_word' id='word_1_25' title='bbox 932 755 1074 824; x_wconf 85' lang='lat' dir='ltr'><strong>quod</strong></span> <span class='ocrx_word' id='word_1_26' title='bbox 1105 755 1147 807; x_wconf 91' lang='lat' dir='ltr'><strong>si</strong></span> <span class='ocrx_word' id='word_1_27' title='bbox 1178 753 1478 815; x_wconf 74' lang='lat' dir='ltr'><strong>nolueritis,</strong></span> <span class='ocrx_word' id='word_1_28' title='bbox 1512 765 1685 818; x_wconf 86' lang='lat' dir='ltr'><strong>neque</strong></span> <span class='ocrx_word' id='word_1_29' title='bbox 1708 747 1988 802; x_wconf 88' lang='lat' dir='ltr'><strong>audieritis</strong></span> <span class='ocrx_word' id='word_1_30' title='bbox 2009 760 2114 808; x_wconf 85' lang='lat' dir='ltr'><strong>me,</strong></span> <span class='ocrx_word' id='word_1_31' title='bbox 2152 745 2359 814; x_wconf 77' lang='lat' dir='ltr'><strong>gladius</strong></span> 
     </span>
    </p>
   </div>
   <div class='ocr_carea' id='block_1_6' title="bbox 802 835 2357 905">
    <p class='ocr_par' dir='ltr' id='par_1_6' title="bbox 802 835 2357 905">
     <span class='ocr_line' id='line_1_6' title="bbox 802 835 2357 905; baseline -0.006 -7"><span class='ocrx_word' id='word_1_32' title='bbox 802 847 1084 900; x_wconf 82' lang='lat' dir='ltr'><strong>devorahit</strong></span> <span class='ocrx_word' id='word_1_33' title='bbox 1116 859 1213 897; x_wconf 90' lang='lat' dir='ltr'><strong>vos</strong></span> <span class='ocrx_word' id='word_1_34' title='bbox 1261 844 1300 895; x_wconf 71' lang='grc' dir='ltr'>ι.</span> <span class='ocrx_word' id='word_1_35' title='bbox 1331 861 1350 894; x_wconf 71' lang='grc' dir='ltr'><strong>ι</strong></span> <span class='ocrx_word' id='word_1_36' title='bbox 1393 842 1463 898; x_wconf 91' lang='lat' dir='ltr'><strong>Ut</strong></span> <span class='ocrx_word' id='word_1_37' title='bbox 1492 841 1635 896; x_wconf 89' lang='lat' dir='ltr'><strong>enim</strong></span> <span class='ocrx_word' id='word_1_38' title='bbox 1679 839 1874 904; x_wconf 81' lang='lat' dir='ltr'><strong>aliquis</strong></span> <span class='ocrx_word' id='word_1_39' title='bbox 1904 837 2034 890; x_wconf 89' lang='lat' dir='ltr'><strong>velit</strong></span> <span class='ocrx_word' id='word_1_40' title='bbox 2063 850 2182 905; x_wconf 77' lang='lat' dir='ltr'><strong>quae</strong></span> <span class='ocrx_word' id='word_1_41' title='bbox 2224 835 2357 888; x_wconf 91' lang='lat' dir='ltr'><strong>dicit</strong></span> 
     </span>
    </p>
   </div>
   <div class='ocr_carea' id='block_1_7' title="bbox 802 925 2353 999">
    <p class='ocr_par' dir='ltr' id='par_1_7' title="bbox 802 925 2353 999">
     <span class='ocr_line' id='line_1_7' title="bbox 802 925 2353 999; baseline -0.009 -9"><span class='ocrx_word' id='word_1_42' title='bbox 802 937 1064 998; x_wconf 87' lang='lat' dir='ltr'><strong>hortator,</strong></span> <span class='ocrx_word' id='word_1_43' title='bbox 1099 947 1152 988; x_wconf 91' lang='lat' dir='ltr'><strong>et</strong></span> <span class='ocrx_word' id='word_1_44' title='bbox 1197 933 1296 987; x_wconf 72' lang='lat' dir='ltr'><strong>illis</strong></span> <span class='ocrx_word' id='word_1_45' title='bbox 1331 933 1621 988; x_wconf 74' lang='lat' dir='ltr'><strong>obsecutus</strong></span> <span class='ocrx_word' id='word_1_46' title='bbox 1654 929 1872 999; x_wconf 84' lang='lat' dir='ltr'><strong>dignum</strong></span> <span class='ocrx_word' id='word_1_47' title='bbox 1910 941 1968 982; x_wconf 90' lang='lat' dir='ltr'><strong>se</strong></span> <span class='ocrx_word' id='word_1_48' title='bbox 2005 927 2238 996; x_wconf 78' lang='lat' dir='ltr'><strong>pra-heat</strong></span> <span class='ocrx_word' id='word_1_49' title='bbox 2265 925 2353 993; x_wconf 85' lang='lat' dir='ltr'><strong>qui</strong></span> 
     </span>
    </p>
   </div>
   <div class='ocr_carea' id='block_1_8' title="bbox 770 1015 2357 1094">
    <p class='ocr_par' dir='ltr' id='par_1_8' title="bbox 770 1015 2357 1094">
     <span class='ocr_line' id='line_1_8' title="bbox 770 1015 2357 1094; baseline -0.008 -13"><span class='ocrx_word' id='word_1_50' title='bbox 770 1027 894 1080; x_wconf 78' lang='lat' dir='ltr'><strong>~Dei</strong></span> <span class='ocrx_word' id='word_1_51' title='bbox 944 1026 1206 1094; x_wconf 87' lang='lat' dir='ltr'><strong>promissa</strong></span> <span class='ocrx_word' id='word_1_52' title='bbox 1267 1029 1646 1091; x_wconf 71' lang='lat' dir='ltr'><strong>consequatur,</strong></span> <span class='ocrx_word' id='word_1_53' title='bbox 1682 1034 1817 1086; x_wconf 88' lang='lat' dir='ltr'><strong>opus</strong></span> <span class='ocrx_word' id='word_1_54' title='bbox 1858 1026 1941 1071; x_wconf 87' lang='lat' dir='ltr'><strong>est</strong></span> <span class='ocrx_word' id='word_1_55' title='bbox 1991 1025 2050 1070; x_wconf 89' lang='lat' dir='ltr'><strong>ut</strong></span> <span class='ocrx_word' id='word_1_56' title='bbox 2106 1015 2357 1070; x_wconf 75' lang='lat' dir='ltr'><strong>voluntas</strong></span> 
     </span>
    </p>
   </div>
   <div class='ocr_carea' id='block_1_9' title="bbox 803 1105 2356 1179">
    <p class='ocr_par' dir='ltr' id='par_1_9' title="bbox 803 1105 2356 1179">
     <span class='ocr_line' id='line_1_9' title="bbox 803 1105 2356 1179; baseline -0.007 -13"><span class='ocrx_word' id='word_1_57' title='bbox 803 1113 1066 1166; x_wconf 86' lang='lat' dir='ltr'><strong>audientis</strong></span> <span class='ocrx_word' id='word_1_58' title='bbox 1122 1111 1437 1179; x_wconf 85' lang='lat' dir='ltr'><strong>aequiescat</strong></span> <span class='ocrx_word' id='word_1_59' title='bbox 1497 1118 1552 1162; x_wconf 79' lang='lat' dir='ltr'><strong>et</strong></span> <span class='ocrx_word' id='word_1_60' title='bbox 1607 1108 1768 1161; x_wconf 90' lang='lat' dir='ltr'><strong>dictis</strong></span> <span class='ocrx_word' id='word_1_61' title='bbox 1817 1107 2171 1160; x_wconf 89' lang='lat' dir='ltr'><strong>assentiatur.</strong></span> <span class='ocrx_word' id='word_1_62' title='bbox 2213 1105 2356 1170; x_wconf 87' lang='lat' dir='ltr'><strong>Qua-</strong></span> 
     </span>
    </p>
   </div>
   <div class='ocr_carea' id='block_1_10' title="bbox 798 1193 2356 1272">
    <p class='ocr_par' dir='ltr' id='par_1_10' title="bbox 798 1193 2356 1272">
     <span class='ocr_line' id='line_1_10' title="bbox 798 1193 2356 1272; baseline -0.006 -15"><span class='ocrx_word' id='word_1_63' title='bbox 798 1212 1019 1272; x_wconf 88' lang='lat' dir='ltr'><strong>propter</strong></span> <span class='ocrx_word' id='word_1_64' title='bbox 1046 1200 1098 1253; x_wconf 90' lang='lat' dir='ltr'><strong>in</strong></span> <span class='ocrx_word' id='word_1_65' title='bbox 1132 1197 1549 1252; x_wconf 89' lang='lat' dir='ltr'><strong>Denteronomio</strong></span> <span class='ocrx_word' id='word_1_66' title='bbox 1569 1196 1834 1248; x_wconf 75' lang='lat' dir='ltr'><strong>luculente</strong></span> <span class='ocrx_word' id='word_1_67' title='bbox 1863 1193 1992 1248; x_wconf 93' lang='lat' dir='ltr'><strong>mihi</strong></span> <span class='ocrx_word' id='word_1_68' title='bbox 2016 1195 2214 1247; x_wconf 91' lang='lat' dir='ltr'><strong>dictum</strong></span> <span class='ocrx_word' id='word_1_69' title='bbox 2236 1207 2356 1248; x_wconf 89' lang='lat' dir='ltr'><strong>csse</strong></span> 
     </span>
    </p>
   </div>
   <div class='ocr_carea' id='block_1_11' title="bbox 799 1283 2354 1354">
    <p class='ocr_par' dir='ltr' id='par_1_11' title="bbox 799 1283 2354 1354">
     <span class='ocr_line' id='line_1_11' title="bbox 799 1283 2354 1354; baseline -0.005 -7"><span class='ocrx_word' id='word_1_70' title='bbox 799 1293 1048 1347; x_wconf 88' lang='lat' dir='ltr'><strong>videtur:</strong></span> <span class='ocrx_word' id='word_1_71' title='bbox 1084 1307 1104 1342; x_wconf 75' lang='grc' dir='ltr'><strong>ι</strong></span> <span class='ocrx_word' id='word_1_72' title='bbox 1128 1289 1194 1345; x_wconf 89' lang='grc' dir='ltr'>Ει</span> <span class='ocrx_word' id='word_1_73' title='bbox 1227 1302 1388 1352; x_wconf 91' lang='lat' dir='ltr'><strong>nunc,</strong></span> <span class='ocrx_word' id='word_1_74' title='bbox 1414 1287 1598 1352; x_wconf 90' lang='lat' dir='ltr'><strong>Israel,</strong></span> <span class='ocrx_word' id='word_1_75' title='bbox 1630 1286 1754 1354; x_wconf 90' lang='lat' dir='ltr'><strong>quid</strong></span> <span class='ocrx_word' id='word_1_76' title='bbox 1784 1285 2038 1342; x_wconf 81' lang='lat' dir='ltr'><strong>Dominus</strong></span> <span class='ocrx_word' id='word_1_77' title='bbox 2067 1283 2206 1338; x_wconf 90' lang='lat' dir='ltr'><strong>Deus</strong></span> <span class='ocrx_word' id='word_1_78' title='bbox 2231 1291 2354 1339; x_wconf 86' lang='lat' dir='ltr'><strong>tuus</strong></span> 
     </span>
    </p>
   </div>
   <div class='ocr_carea' id='block_1_12' title="bbox 799 1373 2353 1452">
    <p class='ocr_par' dir='ltr' id='par_1_12' title="bbox 799 1373 2353 1452">
     <span class='ocr_line' id='line_1_12' title="bbox 799 1373 2353 1452; baseline -0.008 -16"><span class='ocrx_word' id='word_1_79' title='bbox 799 1383 935 1452; x_wconf 87' lang='lat' dir='ltr'><strong>petit</strong></span> <span class='ocrx_word' id='word_1_80' title='bbox 981 1397 1010 1434; x_wconf 85' lang='lat' dir='ltr'><strong>a</strong></span> <span class='ocrx_word' id='word_1_81' title='bbox 1063 1388 1148 1443; x_wconf 83' lang='lat' dir='ltr'><strong>te,</strong></span> <span class='ocrx_word' id='word_1_82' title='bbox 1185 1379 1288 1432; x_wconf 88' lang='lat' dir='ltr'><strong>nisi</strong></span> <span class='ocrx_word' id='word_1_83' title='bbox 1337 1387 1395 1430; x_wconf 91' lang='lat' dir='ltr'><strong>ut</strong></span> <span class='ocrx_word' id='word_1_84' title='bbox 1424 1376 1626 1443; x_wconf 77' lang='lat' dir='ltr'><strong>timeas</strong></span> <span class='ocrx_word' id='word_1_85' title='bbox 1670 1374 1950 1430; x_wconf 84' lang='lat' dir='ltr'><strong>Dominum</strong></span> <span class='ocrx_word' id='word_1_86' title='bbox 1985 1373 2146 1426; x_wconf 77' lang='lat' dir='ltr'><strong>Deum</strong></span> <span class='ocrx_word' id='word_1_87' title='bbox 2181 1381 2353 1434; x_wconf 88' lang='lat' dir='ltr'><strong>tuum,</strong></span> 
     </span>
    </p>
   </div>
   <div class='ocr_carea' id='block_1_13' title="bbox 799 1464 2356 1532">
    <p class='ocr_par' dir='ltr' id='par_1_13' title="bbox 799 1464 2356 1532">
     <span class='ocr_line' id='line_1_13' title="bbox 799 1464 2356 1532; baseline -0.008 -4"><span class='ocrx_word' id='word_1_88' title='bbox 799 1483 852 1528; x_wconf 89' lang='lat' dir='ltr'><strong>et</strong></span> <span class='ocrx_word' id='word_1_89' title='bbox 885 1473 1123 1525; x_wconf 77' lang='lat' dir='ltr'><strong>ambules</strong></span> <span class='ocrx_word' id='word_1_90' title='bbox 1155 1471 1207 1524; x_wconf 91' lang='lat' dir='ltr'><strong>in</strong></span> <span class='ocrx_word' id='word_1_91' title='bbox 1238 1467 1484 1523; x_wconf 91' lang='lat' dir='ltr'><strong>omnibus</strong></span> <span class='ocrx_word' id='word_1_92' title='bbox 1514 1467 1618 1520; x_wconf 85' lang='lat' dir='ltr'><strong>viis</strong></span> <span class='ocrx_word' id='word_1_93' title='bbox 1648 1466 1784 1532; x_wconf 83' lang='lat' dir='ltr'><strong>ejus,</strong></span> <span class='ocrx_word' id='word_1_94' title='bbox 1816 1475 1870 1519; x_wconf 90' lang='lat' dir='ltr'><strong>et</strong></span> <span class='ocrx_word' id='word_1_95' title='bbox 1899 1464 2089 1532; x_wconf 76' lang='lat' dir='ltr'><strong>diligas</strong></span> <span class='ocrx_word' id='word_1_96' title='bbox 2125 1479 2267 1525; x_wconf 89' lang='lat' dir='ltr'><strong>cum,</strong></span> <span class='ocrx_word' id='word_1_97' title='bbox 2301 1472 2356 1515; x_wconf 88' lang='lat' dir='ltr'><strong>et</strong></span> 
     </span>
    </p>
   </div>
   <div class='ocr_carea' id='block_1_14' title="bbox 801 1557 1940 1625">
    <p class='ocr_par' dir='ltr' id='par_1_14' title="bbox 801 1557 1940 1625">
     <span class='ocr_line' id='line_1_14' title="bbox 801 1557 1940 1625; baseline -0.013 -7"><span class='ocrx_word' id='word_1_98' title='bbox 801 1562 1074 1622; x_wconf 80' lang='lat' dir='ltr'><strong>custodias</strong></span> <span class='ocrx_word' id='word_1_99' title='bbox 1099 1559 1343 1613; x_wconf 86' lang='lat' dir='ltr'><strong>mandata</strong></span> <span class='ocrx_word' id='word_1_100' title='bbox 1373 1557 1590 1625; x_wconf 81' lang='lat' dir='ltr'><strong>ejus&quot;?</strong></span> <span class='ocrx_word' id='word_1_101' title='bbox 1631 1575 1650 1606; x_wconf 83' lang='grc'><strong>›</strong></span> <span class='ocrx_word' id='word_1_102' title='bbox 1933 1557 1940 1583; x_wconf 66' lang='grc' dir='ltr'><strong>τ</strong></span> 
     </span>
    </p>
   </div>
   <div class='ocr_carea' id='block_1_15' title="bbox 874 1642 2350 1709">
    <p class='ocr_par' dir='ltr' id='par_1_15' title="bbox 874 1642 2350 1709">
     <span class='ocr_line' id='line_1_15' title="bbox 874 1642 2350 1709; baseline -0.005 -8"><span class='ocrx_word' id='word_1_103' title='bbox 874 1647 962 1701; x_wconf 81' lang='lat'><strong>58.</strong></span> <span class='ocrx_word' id='word_1_104' title='bbox 995 1646 1195 1700; x_wconf 88' lang='lat' dir='ltr'><strong>Deinde</strong></span> <span class='ocrx_word' id='word_1_105' title='bbox 1233 1643 1580 1709; x_wconf 82' lang='lat' dir='ltr'><strong>refellendum</strong></span> <span class='ocrx_word' id='word_1_106' title='bbox 1615 1643 1760 1696; x_wconf 84' lang='lat' dir='ltr'><strong>venit</strong></span> <span class='ocrx_word' id='word_1_107' title='bbox 1793 1643 1935 1695; x_wconf 92' lang='lat' dir='ltr'><strong>istud</strong></span> <span class='ocrx_word' id='word_1_108' title='bbox 1973 1659 1986 1696; x_wconf 92' lang='lat'>:</span> <span class='ocrx_word' id='word_1_109' title='bbox 2021 1661 2038 1694; x_wconf 82' lang='grc' dir='ltr'><strong>ι</strong></span> <span class='ocrx_word' id='word_1_110' title='bbox 2079 1642 2189 1697; x_wconf 89' lang='lat' dir='ltr'><strong>Cur</strong></span> <span class='ocrx_word' id='word_1_111' title='bbox 2230 1657 2350 1696; x_wconf 86' lang='lat' dir='ltr'><strong>eum</strong></span> 
     </span>
    </p>
   </div>
   <div class='ocr_carea' id='block_1_16' title="bbox 804 1733 2355 1805">
    <p class='ocr_par' dir='ltr' id='par_1_16' title="bbox 804 1733 2355 1805">
     <span class='ocr_line' id='line_1_16' title="bbox 804 1733 2355 1805; baseline -0.001 -17"><span class='ocrx_word' id='word_1_112' title='bbox 804 1739 1025 1805; x_wconf 59' lang='lat' dir='ltr'><strong>panitet</strong></span> <span class='ocrx_word' id='word_1_113' title='bbox 1078 1737 1318 1804; x_wconf 78' lang='lat' dir='ltr'><strong>ingratos</strong></span> <span class='ocrx_word' id='word_1_114' title='bbox 1362 1748 1575 1787; x_wconf 87' lang='lat' dir='ltr'><strong>creasse</strong></span> <span class='ocrx_word' id='word_1_115' title='bbox 1621 1742 1674 1787; x_wconf 92' lang='lat' dir='ltr'><strong>et</strong></span> <span class='ocrx_word' id='word_1_116' title='bbox 1703 1733 1996 1800; x_wconf 85' lang='lat' dir='ltr'><strong>improbos,</strong></span> <span class='ocrx_word' id='word_1_117' title='bbox 2017 1733 2084 1787; x_wconf 89' lang='lat' dir='ltr'><strong>de</strong></span> <span class='ocrx_word' id='word_1_118' title='bbox 2107 1749 2202 1787; x_wconf 86' lang='lat' dir='ltr'><strong>sua</strong></span> <span class='ocrx_word' id='word_1_119' title='bbox 2238 1742 2355 1787; x_wconf 89' lang='lat' dir='ltr'><strong>arte</strong></span> 
     </span>
    </p>
   </div>
   <div class='ocr_carea' id='block_1_17' title="bbox 2281 356 2596 418">
    <p class='ocr_par' dir='ltr' id='par_1_17' title="bbox 2281 356 2596 418">
     <span class='ocr_line' id='line_1_17' title="bbox 2281 356 2596 418; baseline -0.025 0"><span class='ocrx_word' id='word_1_120' title='bbox 2281 356 2596 418; x_wconf 77' lang='lat' dir='ltr'><strong>ORIGENIS</strong></span> 
     </span>
    </p>
   </div>
   <div class='ocr_carea' id='block_1_18' title="bbox 1333 456 2370 543">
    <p class='ocr_par' dir='ltr' id='par_1_18' title="bbox 1333 475 2350 543">
     <span class='ocr_line' id='line_1_18' title="bbox 1333 475 2350 543; baseline -0.008 -11"><span class='ocrx_word' id='word_1_121' title='bbox 1333 498 1352 532; x_wconf 80' lang='grc' dir='ltr'><strong>ι</strong></span> <span class='ocrx_word' id='word_1_122' title='bbox 1407 478 1694 535; x_wconf 77' lang='lat' dir='ltr'><strong>Persuasio</strong></span> <span class='ocrx_word' id='word_1_123' title='bbox 1745 493 1850 532; x_wconf 90' lang='lat' dir='ltr'><strong>non</strong></span> <span class='ocrx_word' id='word_1_124' title='bbox 1900 485 1980 531; x_wconf 87' lang='lat' dir='ltr'><strong>est</strong></span> <span class='ocrx_word' id='word_1_125' title='bbox 2029 490 2093 532; x_wconf 78' lang='lat' dir='ltr'><strong>ex</strong></span> <span class='ocrx_word' id='word_1_126' title='bbox 2138 489 2204 530; x_wconf 89' lang='lat' dir='ltr'><strong>eo</strong></span> <span class='ocrx_word' id='word_1_127' title='bbox 2259 475 2350 543; x_wconf 90' lang='lat' dir='ltr'><strong>qui</strong></span> 
     </span>
    </p>
   </div>
   <div class='ocr_carea' id='block_1_19' title="bbox 2472 456 4016 543">
    <p class='ocr_par' dir='ltr' id='par_1_19' title="bbox 2472 456 4016 539">
     <span class='ocr_line' id='line_1_19' title="bbox 2472 456 4016 539; baseline -0.009 -17"><span class='ocrx_word' id='word_1_128' title='bbox 2472 470 2644 539; x_wconf 59' lang='grc' dir='ltr'>πιεσθε·</span> <span class='ocrx_word' id='word_1_129' title='bbox 2693 466 2783 520; x_wconf 77' lang='grc' dir='ltr'><strong>ἐὰν</strong></span> <span class='ocrx_word' id='word_1_130' title='bbox 2827 465 2884 519; x_wconf 80' lang='grc' dir='ltr'>δὲ</span> <span class='ocrx_word' id='word_1_131' title='bbox 2935 463 3007 532; x_wconf 80' lang='grc' dir='ltr'><strong>μὴ</strong></span> <span class='ocrx_word' id='word_1_132' title='bbox 3051 462 3258 532; x_wconf 69' lang='grc' dir='ltr'>θέλητε,</span> <span class='ocrx_word' id='word_1_133' title='bbox 3308 460 3438 530; x_wconf 62' lang='grc' dir='ltr'>μηδὲ</span> <span class='ocrx_word' id='word_1_134' title='bbox 3486 456 3843 528; x_wconf 68' lang='grc' dir='ltr'>είσακούσητέ</span> <span class='ocrx_word' id='word_1_135' title='bbox 3893 474 4016 519; x_wconf 77' lang='grc' dir='ltr'>μου,</span> 
     </span>
    </p>
   </div>
   <div class='ocr_carea' id='block_1_20' title="bbox 3879 344 4006 400">
    <p class='ocr_par' dir='ltr' id='par_1_20' title="bbox 3879 344 4006 400">
     <span class='ocr_line' id='line_1_20' title="bbox 3879 344 4006 400; baseline -0.008 0"><span class='ocrx_word' id='word_1_136' title='bbox 3879 344 4006 400; x_wconf 69' lang='grc'><strong>1588</strong></span> 
     </span>
    </p>
   </div>
   <div class='ocr_carea' id='block_1_21' title="bbox 2460 547 4012 627">
    <p class='ocr_par' dir='ltr' id='par_1_21' title="bbox 2460 547 4012 627">
     <span class='ocr_line' id='line_1_21' title="bbox 2460 547 4012 627; baseline -0.008 -17"><span class='ocrx_word' id='word_1_137' title='bbox 2460 558 2702 627; x_wconf 85' lang='grc' dir='ltr'>μάχαιρα</span> <span class='ocrx_word' id='word_1_138' title='bbox 2734 555 2875 624; x_wconf 82' lang='grc' dir='ltr'>ὑμᾶς</span> <span class='ocrx_word' id='word_1_139' title='bbox 2909 553 3207 605; x_wconf 77' lang='grc' dir='ltr'><strong>κατέδεται.</strong></span> <span class='ocrx_word' id='word_1_140' title='bbox 3249 570 3267 602; x_wconf 83' lang='grc' dir='ltr'><strong>ι</strong></span> <span class='ocrx_word' id='word_1_141' title='bbox 3309 548 3422 602; x_wconf 87' lang='grc' dir='ltr'>Ἰνα</span> <span class='ocrx_word' id='word_1_142' title='bbox 3450 550 3557 620; x_wconf 87' lang='grc' dir='ltr'><strong>γάρ</strong></span> <span class='ocrx_word' id='word_1_143' title='bbox 3589 566 3670 610; x_wconf 88' lang='grc' dir='ltr'><strong>τις</strong></span> <span class='ocrx_word' id='word_1_144' title='bbox 3703 547 3842 620; x_wconf 82' lang='grc' dir='ltr'>θέλῃ</span> <span class='ocrx_word' id='word_1_145' title='bbox 3877 550 4012 617; x_wconf 71' lang='grc' dir='ltr'>ᾇπερ</span> 
     </span>
    </p>
   </div>
   <div class='ocr_carea' id='block_1_22' title="bbox 2455 629 4081 717">
    <p class='ocr_par' dir='ltr' id='par_1_22' title="bbox 2455 641 4081 717">
     <span class='ocr_line' id='line_1_22' title="bbox 2455 641 4081 717; baseline -0.007 -16"><span class='ocrx_word' id='word_1_146' title='bbox 2455 650 2602 717; x_wconf 80' lang='grc' dir='ltr'>λέγει</span> <span class='ocrx_word' id='word_1_147' title='bbox 2626 651 2655 701; x_wconf 89' lang='grc' dir='ltr'><strong>ὀ</strong></span> <span class='ocrx_word' id='word_1_148' title='bbox 2681 645 2960 707; x_wconf 80' lang='grc' dir='ltr'><strong>νουθετῶν,</strong></span> <span class='ocrx_word' id='word_1_149' title='bbox 2994 645 3087 698; x_wconf 76' lang='grc' dir='ltr'><strong>καὶ</strong></span> <span class='ocrx_word' id='word_1_150' title='bbox 3113 642 3432 704; x_wconf 77' lang='grc' dir='ltr'><strong>εἰσακούσας</strong></span> <span class='ocrx_word' id='word_1_151' title='bbox 3459 641 3634 694; x_wconf 81' lang='grc' dir='ltr'>αὐτῶν</span> <span class='ocrx_word' id='word_1_152' title='bbox 3664 641 3816 703; x_wconf 78' lang='grc' dir='ltr'>ἄξιος</span> <span class='ocrx_word' id='word_1_153' title='bbox 3854 641 4008 706; x_wconf 78' lang='grc' dir='ltr'>γένη·</span> <span class='ocrx_word' id='word_1_154' title='bbox 4080 641 4081 650; x_wconf 75' lang='lat'>‘</span> 
     </span>
    </p>
   </div>
   <div class='ocr_carea' id='block_1_23' title="bbox 2454 730 4011 802">
    <p class='ocr_par' dir='ltr' id='par_1_23' title="bbox 2454 730 4011 802">
     <span class='ocr_line' id='line_1_23' title="bbox 2454 730 4011 802; baseline -0.009 -8"><span class='ocrx_word' id='word_1_155' title='bbox 2454 758 2544 794; x_wconf 86' lang='grc' dir='ltr'><strong>ται</strong></span> <span class='ocrx_word' id='word_1_156' title='bbox 2587 739 2693 792; x_wconf 83' lang='grc' dir='ltr'><strong>τῶν</strong></span> <span class='ocrx_word' id='word_1_157' title='bbox 2740 737 2832 790; x_wconf 81' lang='grc' dir='ltr'>τοῦ</span> <span class='ocrx_word' id='word_1_158' title='bbox 2878 737 3010 788; x_wconf 74' lang='grc' dir='ltr'>Θεοῦ</span> <span class='ocrx_word' id='word_1_159' title='bbox 3072 733 3430 802; x_wconf 72' lang='grc' dir='ltr'><strong>ἐπαγγελιῶν,</strong></span> <span class='ocrx_word' id='word_1_160' title='bbox 3495 733 3592 802; x_wconf 81' lang='grc' dir='ltr'><strong>τῆς</strong></span> <span class='ocrx_word' id='word_1_161' title='bbox 3643 730 4011 802; x_wconf 75' lang='grc' dir='ltr'>προαιρέσεως</span> 
     </span>
    </p>
   </div>
   <div class='ocr_carea' id='block_1_24' title="bbox 2455 822 4009 895">
    <p class='ocr_par' dir='ltr' id='par_1_24' title="bbox 2455 822 4009 895">
     <span class='ocr_line' id='line_1_24' title="bbox 2455 822 4009 895; baseline -0.009 -11"><span class='ocrx_word' id='word_1_162' title='bbox 2455 831 2546 884; x_wconf 78' lang='grc' dir='ltr'>τοῦ</span> <span class='ocrx_word' id='word_1_163' title='bbox 2593 829 2878 895; x_wconf 81' lang='grc' dir='ltr'>ἀκούοντος</span> <span class='ocrx_word' id='word_1_164' title='bbox 2909 827 3008 892; x_wconf 85' lang='grc' dir='ltr'><strong>δεῖ,</strong></span> <span class='ocrx_word' id='word_1_165' title='bbox 3048 826 3141 879; x_wconf 76' lang='grc' dir='ltr'><strong>καὶ</strong></span> <span class='ocrx_word' id='word_1_166' title='bbox 3184 825 3282 895; x_wconf 80' lang='grc' dir='ltr'><strong>τῆς</strong></span> <span class='ocrx_word' id='word_1_167' title='bbox 3314 824 3449 893; x_wconf 82' lang='grc' dir='ltr'>πρὸς</span> <span class='ocrx_word' id='word_1_168' title='bbox 3480 822 3546 874; x_wconf 72' lang='grc' dir='ltr'>τὰ</span> <span class='ocrx_word' id='word_1_169' title='bbox 3577 822 3858 891; x_wconf 81' lang='grc' dir='ltr'>λεγόμενα</span> <span class='ocrx_word' id='word_1_170' title='bbox 3901 823 4009 872; x_wconf 78' lang='grc' dir='ltr'>ἐπι-</span> 
     </span>
    </p>
   </div>
   <div class='ocr_carea' id='block_1_25' title="bbox 2456 916 4008 992">
    <p class='ocr_par' dir='ltr' id='par_1_25' title="bbox 2456 916 4008 992">
     <span class='ocr_line' id='line_1_25' title="bbox 2456 916 4008 992; baseline -0.007 -15"><span class='ocrx_word' id='word_1_171' title='bbox 2456 924 2705 987; x_wconf 85' lang='grc' dir='ltr'>νεύσεως.</span> <span class='ocrx_word' id='word_1_172' title='bbox 2740 923 2933 992; x_wconf 79' lang='grc' dir='ltr'><strong>Διόπερ</strong></span> <span class='ocrx_word' id='word_1_173' title='bbox 2966 923 3024 974; x_wconf 91' lang='grc' dir='ltr'><strong>ἐν</strong></span> <span class='ocrx_word' id='word_1_174' title='bbox 3057 919 3454 990; x_wconf 82' lang='grc' dir='ltr'>Δευτερονομίῳ</span> <span class='ocrx_word' id='word_1_175' title='bbox 3487 916 3839 987; x_wconf 78' lang='grc' dir='ltr'>ἐμφαντικῶς</span> <span class='ocrx_word' id='word_1_176' title='bbox 3873 917 4008 983; x_wconf 71' lang='grc' dir='ltr'>εἰρῆ-</span> 
     </span>
    </p>
   </div>
   <div class='ocr_carea' id='block_1_26' title="bbox 2458 1007 4010 1083">
    <p class='ocr_par' dir='ltr' id='par_1_26' title="bbox 2458 1007 4010 1083">
     <span class='ocr_line' id='line_1_26' title="bbox 2458 1007 4010 1083; baseline -0.005 -17"><span class='ocrx_word' id='word_1_177' title='bbox 2458 1014 2578 1067; x_wconf 87' lang='grc' dir='ltr'>σθαί</span> <span class='ocrx_word' id='word_1_178' title='bbox 2615 1031 2703 1083; x_wconf 87' lang='grc' dir='ltr'><strong>μοι</strong></span> <span class='ocrx_word' id='word_1_179' title='bbox 2736 1013 2880 1064; x_wconf 88' lang='grc' dir='ltr'>δοκεῖ</span> <span class='ocrx_word' id='word_1_180' title='bbox 2923 1019 3020 1075; x_wconf 80' lang='grc' dir='ltr'><strong>τὸ,</strong></span> <span class='ocrx_word' id='word_1_181' title='bbox 3053 1030 3070 1061; x_wconf 81' lang='grc' dir='ltr'><strong>ι</strong></span> <span class='ocrx_word' id='word_1_182' title='bbox 3111 1009 3222 1062; x_wconf 73' lang='grc' dir='ltr'>Καὶ</span> <span class='ocrx_word' id='word_1_183' title='bbox 3252 1008 3365 1072; x_wconf 73' lang='grc' dir='ltr'>νῦν,</span> <span class='ocrx_word' id='word_1_184' title='bbox 3411 1008 3646 1078; x_wconf 83' lang='grc' dir='ltr'>Ἰσραὴλ,</span> <span class='ocrx_word' id='word_1_185' title='bbox 3675 1007 3729 1058; x_wconf 86' lang='grc' dir='ltr'><strong>τί</strong></span> <span class='ocrx_word' id='word_1_186' title='bbox 3763 1007 3961 1077; x_wconf 83' lang='grc' dir='ltr'>Κύριος</span> <span class='ocrx_word' id='word_1_187' title='bbox 3986 1011 4010 1059; x_wconf 78' lang='grc' dir='ltr'><em>ὁ</em></span> 
     </span>
    </p>
   </div>
   <div class='ocr_carea' id='block_1_27' title="bbox 2455 1097 4009 1172">
    <p class='ocr_par' dir='ltr' id='par_1_27' title="bbox 2455 1097 4009 1172">
     <span class='ocr_line' id='line_1_27' title="bbox 2455 1097 4009 1172; baseline -0.006 -15"><span class='ocrx_word' id='word_1_188' title='bbox 2455 1106 2584 1167; x_wconf 76' lang='grc' dir='ltr'>Θεός</span> <span class='ocrx_word' id='word_1_189' title='bbox 2617 1122 2707 1157; x_wconf 85' lang='grc' dir='ltr'><strong>σου</strong></span> <span class='ocrx_word' id='word_1_190' title='bbox 2742 1105 2880 1156; x_wconf 81' lang='grc' dir='ltr'>αἰτεῖ</span> <span class='ocrx_word' id='word_1_191' title='bbox 2911 1103 3020 1172; x_wconf 72' lang='lat' dir='ltr'><strong>(M)</strong></span> <span class='ocrx_word' id='word_1_192' title='bbox 3055 1102 3202 1170; x_wconf 84' lang='grc' dir='ltr'><strong>παρά</strong></span> <span class='ocrx_word' id='word_1_193' title='bbox 3229 1098 3343 1160; x_wconf 77' lang='grc' dir='ltr'>σοῦ,</span> <span class='ocrx_word' id='word_1_194' title='bbox 3376 1099 3488 1152; x_wconf 79' lang='grc' dir='ltr'>ἀλλ’</span> <span class='ocrx_word' id='word_1_195' title='bbox 3521 1100 3552 1169; x_wconf 84' lang='grc' dir='ltr'>ἢ</span> <span class='ocrx_word' id='word_1_196' title='bbox 3587 1097 3875 1165; x_wconf 75' lang='grc' dir='ltr'>φοϐεῖσθαι</span> <span class='ocrx_word' id='word_1_197' title='bbox 3909 1098 4009 1149; x_wconf 70' lang='grc' dir='ltr'><strong>Κύ-</strong></span> 
     </span>
    </p>
   </div>
   <div class='ocr_carea' id='block_1_28' title="bbox 2459 1189 4009 1264">
    <p class='ocr_par' dir='ltr' id='par_1_28' title="bbox 2459 1189 4009 1264">
     <span class='ocr_line' id='line_1_28' title="bbox 2459 1189 4009 1264; baseline -0.005 -18"><span class='ocrx_word' id='word_1_198' title='bbox 2459 1212 2570 1264; x_wconf 90' lang='grc' dir='ltr'>ριον</span> <span class='ocrx_word' id='word_1_199' title='bbox 2602 1195 2692 1246; x_wconf 68' lang='grc' dir='ltr'>τὸν</span> <span class='ocrx_word' id='word_1_200' title='bbox 2737 1194 2867 1246; x_wconf 84' lang='grc' dir='ltr'>Θεόν</span> <span class='ocrx_word' id='word_1_201' title='bbox 2902 1209 3016 1255; x_wconf 85' lang='grc' dir='ltr'>σου,</span> <span class='ocrx_word' id='word_1_202' title='bbox 3053 1193 3144 1244; x_wconf 70' lang='grc' dir='ltr'><strong>καὶ</strong></span> <span class='ocrx_word' id='word_1_203' title='bbox 3185 1189 3508 1259; x_wconf 82' lang='grc' dir='ltr'>πορεύεσθαι</span> <span class='ocrx_word' id='word_1_204' title='bbox 3553 1191 3612 1241; x_wconf 80' lang='grc' dir='ltr'><strong>ἐν</strong></span> <span class='ocrx_word' id='word_1_205' title='bbox 3657 1189 3865 1250; x_wconf 80' lang='grc' dir='ltr'>πάσαις</span> <span class='ocrx_word' id='word_1_206' title='bbox 3905 1190 4009 1249; x_wconf 78' lang='grc' dir='ltr'>ταῖς</span> 
     </span>
    </p>
   </div>
   <div class='ocr_carea' id='block_1_29' title="bbox 2453 1276 4009 1352">
    <p class='ocr_par' dir='ltr' id='par_1_29' title="bbox 2453 1276 4009 1352">
     <span class='ocr_line' id='line_1_29' title="bbox 2453 1276 4009 1352; baseline -0.005 -15"><span class='ocrx_word' id='word_1_207' title='bbox 2453 1285 2589 1347; x_wconf 75' lang='grc' dir='ltr'>ὁδοῖς</span> <span class='ocrx_word' id='word_1_208' title='bbox 2620 1283 2804 1344; x_wconf 78' lang='grc' dir='ltr'>αὐτοῦ,</span> <span class='ocrx_word' id='word_1_209' title='bbox 2852 1283 2947 1335; x_wconf 76' lang='grc' dir='ltr'><strong>καὶ</strong></span> <span class='ocrx_word' id='word_1_210' title='bbox 2977 1283 3196 1352; x_wconf 75' lang='grc' dir='ltr'>ἀγαπᾷν</span> <span class='ocrx_word' id='word_1_211' title='bbox 3228 1280 3409 1343; x_wconf 76' lang='grc' dir='ltr'>αὑτὸν,</span> <span class='ocrx_word' id='word_1_212' title='bbox 3455 1278 3548 1333; x_wconf 81' lang='grc' dir='ltr'><strong>καὶ</strong></span> <span class='ocrx_word' id='word_1_213' title='bbox 3580 1277 3884 1346; x_wconf 76' lang='grc' dir='ltr'><strong>φυλάσσειν</strong></span> <span class='ocrx_word' id='word_1_214' title='bbox 3924 1276 4009 1336; x_wconf 67' lang='grc' dir='ltr'><strong>τὰς</strong></span> 
     </span>
    </p>
   </div>
   <div class='ocr_carea' id='block_1_30' title="bbox 2454 1373 2971 1439">
    <p class='ocr_par' dir='ltr' id='par_1_30' title="bbox 2454 1373 2971 1439">
     <span class='ocr_line' id='line_1_30' title="bbox 2454 1373 2971 1439; baseline -0.004 -13"><span class='ocrx_word' id='word_1_215' title='bbox 2454 1374 2670 1439; x_wconf 76' lang='grc' dir='ltr'>ἐντολὰς</span> <span class='ocrx_word' id='word_1_216' title='bbox 2706 1373 2866 1427; x_wconf 78' lang='grc' dir='ltr'>αὑτοῦ</span> <span class='ocrx_word' id='word_1_217' title='bbox 2895 1389 2909 1438; x_wconf 91' lang='grc'><strong>;</strong></span> <span class='ocrx_word' id='word_1_218' title='bbox 2953 1390 2971 1424; x_wconf 79' lang='grc' dir='ltr'><strong>ι</strong></span> 
     </span>
    </p>
   </div>
   <div class='ocr_carea' id='block_1_31' title="bbox 2521 1623 4012 1716">
    <p class='ocr_par' dir='ltr' id='par_1_31' title="bbox 2521 1623 4012 1716">
     <span class='ocr_line' id='line_1_31' title="bbox 2521 1623 4012 1716; baseline -0.007 -16"><span class='ocrx_word' id='word_1_219' title='bbox 2521 1641 2631 1700; x_wconf 82' lang='grc' dir='ltr'><strong>Εἶθ’</strong></span> <span class='ocrx_word' id='word_1_220' title='bbox 2660 1647 2787 1716; x_wconf 82' lang='grc' dir='ltr'>ἐξῆς</span> <span class='ocrx_word' id='word_1_221' title='bbox 2820 1649 2966 1699; x_wconf 85' lang='grc' dir='ltr'>ἐστιν</span> <span class='ocrx_word' id='word_1_222' title='bbox 2999 1645 3306 1715; x_wconf 81' lang='grc' dir='ltr'>ἀπαντῆσαι</span> <span class='ocrx_word' id='word_1_223' title='bbox 3341 1645 3475 1714; x_wconf 79' lang='grc' dir='ltr'>πρὸς</span> <span class='ocrx_word' id='word_1_224' title='bbox 3512 1645 3596 1706; x_wconf 72' lang='grc' dir='ltr'>τὸ,</span> <span class='ocrx_word' id='word_1_225' title='bbox 3635 1659 3655 1692; x_wconf 74' lang='grc' dir='ltr'><strong>ι</strong></span> <span class='ocrx_word' id='word_1_226' title='bbox 3706 1640 3834 1702; x_wconf 82' lang='grc' dir='ltr'>Πῶς</span> <span class='ocrx_word' id='word_1_227' title='bbox 3860 1637 3903 1691; x_wconf 74' lang='grc' dir='ltr'>δ⁴</span> <span class='ocrx_word' id='word_1_228' title='bbox 3938 1623 4012 1690; x_wconf 73' lang='grc' dir='ltr'>ἐπ’</span> 
     </span>
    </p>
   </div>
   <div class='ocr_carea' id='block_1_32' title="bbox 2455 1730 4016 1809">
    <p class='ocr_par' dir='ltr' id='par_1_32' title="bbox 2455 1730 4016 1809">
     <span class='ocr_line' id='line_1_32' title="bbox 2455 1730 4016 1809; baseline -0.006 -18"><span class='ocrx_word' id='word_1_229' title='bbox 2455 1739 2633 1802; x_wconf 77' lang='grc' dir='ltr'>αὐτοῖς</span> <span class='ocrx_word' id='word_1_230' title='bbox 2667 1738 2976 1809; x_wconf 75' lang='grc' dir='ltr'>ἀχαρίστοις</span> <span class='ocrx_word' id='word_1_231' title='bbox 3011 1737 3105 1790; x_wconf 75' lang='grc' dir='ltr'><strong>καὶ</strong></span> <span class='ocrx_word' id='word_1_232' title='bbox 3139 1738 3391 1807; x_wconf 78' lang='grc' dir='ltr'>πονηροῖς</span> <span class='ocrx_word' id='word_1_233' title='bbox 3433 1734 3748 1803; x_wconf 81' lang='grc' dir='ltr'>γενομένοις</span> <span class='ocrx_word' id='word_1_234' title='bbox 3782 1730 4016 1801; x_wconf 83' lang='grc' dir='ltr'>μεταμέ-</span> 
     </span>
    </p>
   </div>
   <div class='ocr_carea' id='block_1_33' title="bbox 803 1807 2370 1899">
    <p class='ocr_par' dir='ltr' id='par_1_33' title="bbox 803 1823 2356 1899">
     <span class='ocr_line' id='line_1_33' title="bbox 803 1823 2356 1899; baseline -0.005 -14"><span class='ocrx_word' id='word_1_235' title='bbox 803 1831 1176 1899; x_wconf 85' lang='lat' dir='ltr'><strong>conqueritur,</strong></span> <span class='ocrx_word' id='word_1_236' title='bbox 1203 1838 1256 1882; x_wconf 89' lang='lat' dir='ltr'><strong>et</strong></span> <span class='ocrx_word' id='word_1_237' title='bbox 1277 1828 1398 1882; x_wconf 90' lang='lat' dir='ltr'><strong>odio</strong></span> <span class='ocrx_word' id='word_1_238' title='bbox 1433 1827 1614 1887; x_wconf 84' lang='lat' dir='ltr'><strong>habet,</strong></span> <span class='ocrx_word' id='word_1_239' title='bbox 1646 1824 1876 1877; x_wconf 77' lang='lat' dir='ltr'><strong>intendit</strong></span> <span class='ocrx_word' id='word_1_240' title='bbox 1906 1823 2099 1888; x_wconf 87' lang='lat' dir='ltr'><strong>minas,</strong></span> <span class='ocrx_word' id='word_1_241' title='bbox 2143 1835 2198 1878; x_wconf 89' lang='lat' dir='ltr'><strong>et</strong></span> <span class='ocrx_word' id='word_1_242' title='bbox 2233 1840 2356 1892; x_wconf 64' lang='lat' dir='ltr'><strong>pro-</strong></span> 
     </span>
    </p>
   </div>
   <div class='ocr_carea' id='block_1_34' title="bbox 2472 1807 4021 1899">
    <p class='ocr_par' dir='ltr' id='par_1_34' title="bbox 2472 1820 4021 1897">
     <span class='ocr_line' id='line_1_34' title="bbox 2472 1820 4021 1897; baseline -0.005 -17"><span class='ocrx_word' id='word_1_243' title='bbox 2472 1832 2562 1892; x_wconf 65' lang='grc' dir='ltr'>λει,</span> <span class='ocrx_word' id='word_1_244' title='bbox 2594 1828 2685 1881; x_wconf 76' lang='grc' dir='ltr'><strong>καὶ</strong></span> <span class='ocrx_word' id='word_1_245' title='bbox 2711 1829 2806 1897; x_wconf 79' lang='grc' dir='ltr'><strong>τὴν</strong></span> <span class='ocrx_word' id='word_1_246' title='bbox 2834 1826 3028 1880; x_wconf 78' lang='grc' dir='ltr'>ἑαυτοῦ</span> <span class='ocrx_word' id='word_1_247' title='bbox 3052 1826 3245 1896; x_wconf 79' lang='grc' dir='ltr'>τέχνην</span> <span class='ocrx_word' id='word_1_248' title='bbox 3283 1824 3570 1895; x_wconf 82' lang='grc' dir='ltr'>μέμφεται,</span> <span class='ocrx_word' id='word_1_249' title='bbox 3604 1823 3700 1875; x_wconf 80' lang='grc' dir='ltr'><strong>καὶ</strong></span> <span class='ocrx_word' id='word_1_250' title='bbox 3737 1824 3907 1892; x_wconf 83' lang='grc' dir='ltr'>μισεῖ,</span> <span class='ocrx_word' id='word_1_251' title='bbox 3934 1820 4021 1871; x_wconf 70' lang='grc' dir='ltr'><strong>καὶ</strong></span> 
     </span>
    </p>
   </div>
   <div class='ocr_carea' id='block_1_35' title="bbox 803 1915 2360 1991">
    <p class='ocr_par' dir='ltr' id='par_1_35' title="bbox 803 1915 2360 1991">
     <span class='ocr_line' id='line_1_35' title="bbox 803 1915 2360 1991; baseline -0.002 -17"><span class='ocrx_word' id='word_1_252' title='bbox 803 1922 952 1991; x_wconf 87' lang='lat' dir='ltr'><strong>prios</strong></span> <span class='ocrx_word' id='word_1_253' title='bbox 989 1919 1125 1973; x_wconf 83' lang='lat' dir='ltr'><strong>ﬁlios</strong></span> <span class='ocrx_word' id='word_1_254' title='bbox 1177 1917 1522 1988; x_wconf 81' lang='lat' dir='ltr'><strong>pessumdat?</strong></span> <span class='ocrx_word' id='word_1_255' title='bbox 1561 1935 1579 1966; x_wconf 72' lang='grc' dir='ltr'><strong>ι</strong></span> <span class='ocrx_word' id='word_1_256' title='bbox 1618 1916 1709 1969; x_wconf 88' lang='lat' dir='ltr'><strong>Sic</strong></span> <span class='ocrx_word' id='word_1_257' title='bbox 1756 1916 1971 1969; x_wconf 84' lang='lat' dir='ltr'><strong>lacessit</strong></span> <span class='ocrx_word' id='word_1_258' title='bbox 1999 1915 2280 1970; x_wconf 79' lang='lat' dir='ltr'><strong>calumniis</strong></span> <span class='ocrx_word' id='word_1_259' title='bbox 2304 1925 2360 1971; x_wconf 91' lang='lat' dir='ltr'><strong>et</strong></span> 
     </span>
    </p>
   </div>
   <div class='ocr_carea' id='block_1_36' title="bbox 723 2004 2361 2078">
    <p class='ocr_par' dir='ltr' id='par_1_36' title="bbox 723 2004 2361 2078">
     <span class='ocr_line' id='line_1_36' title="bbox 723 2004 2361 2078; baseline -0.003 -14"><span class='ocrx_word' id='word_1_260' title='bbox 723 2027 727 2030; x_wconf 67' lang='grc'><strong>’</strong></span> <span class='ocrx_word' id='word_1_261' title='bbox 803 2025 966 2078; x_wconf 83' lang='lat' dir='ltr'><strong>prave</strong></span> <span class='ocrx_word' id='word_1_262' title='bbox 1009 2011 1291 2078; x_wconf 89' lang='lat' dir='ltr'><strong>detorquet</strong></span> <span class='ocrx_word' id='word_1_263' title='bbox 1328 2022 1447 2076; x_wconf 73' lang='lat' dir='ltr'><strong>qua:</strong></span> <span class='ocrx_word' id='word_1_264' title='bbox 1487 2007 1538 2058; x_wconf 91' lang='lat' dir='ltr'><strong>in</strong></span> <span class='ocrx_word' id='word_1_265' title='bbox 1570 2004 1765 2060; x_wconf 87' lang='lat' dir='ltr'><strong>Genesi</strong></span> <span class='ocrx_word' id='word_1_266' title='bbox 1801 2015 2087 2057; x_wconf 83' lang='lat' dir='ltr'><strong>narrantur</strong></span> <span class='ocrx_word' id='word_1_267' title='bbox 2117 2005 2170 2057; x_wconf 92' lang='lat' dir='ltr'><strong>in</strong></span> <span class='ocrx_word' id='word_1_268' title='bbox 2217 2005 2361 2060; x_wconf 89' lang='lat' dir='ltr'><strong>hunc</strong></span> 
     </span>
    </p>
   </div>
   <div class='ocr_carea' id='block_1_37' title="bbox 805 2097 2362 2164">
    <p class='ocr_par' dir='ltr' id='par_1_37' title="bbox 805 2097 2362 2164">
     <span class='ocr_line' id='line_1_37' title="bbox 805 2097 2362 2164; baseline -0.004 -10"><span class='ocrx_word' id='word_1_269' title='bbox 805 2103 1020 2156; x_wconf 90' lang='lat' dir='ltr'><strong>modum</strong></span> <span class='ocrx_word' id='word_1_270' title='bbox 1058 2117 1072 2154; x_wconf 86' lang='lat'><strong>:</strong></span> <span class='ocrx_word' id='word_1_271' title='bbox 1112 2118 1129 2150; x_wconf 84' lang='grc' dir='ltr'><strong>ι</strong></span> <span class='ocrx_word' id='word_1_272' title='bbox 1165 2100 1359 2152; x_wconf 77' lang='lat' dir='ltr'><strong>Videas</strong></span> <span class='ocrx_word' id='word_1_273' title='bbox 1398 2106 1576 2150; x_wconf 89' lang='lat' dir='ltr'><strong>autem</strong></span> <span class='ocrx_word' id='word_1_274' title='bbox 1605 2097 1747 2149; x_wconf 87' lang='lat' dir='ltr'><strong>Deus</strong></span> <span class='ocrx_word' id='word_1_275' title='bbox 1787 2097 2085 2164; x_wconf 87' lang='lat' dir='ltr'><strong>completas</strong></span> <span class='ocrx_word' id='word_1_276' title='bbox 2108 2110 2228 2150; x_wconf 89' lang='lat' dir='ltr'><strong>esse</strong></span> <span class='ocrx_word' id='word_1_277' title='bbox 2262 2097 2362 2149; x_wconf 89' lang='lat' dir='ltr'><strong>ini-</strong></span> 
     </span>
    </p>
   </div>
   <div class='ocr_carea' id='block_1_38' title="bbox 807 2186 2363 2257">
    <p class='ocr_par' dir='ltr' id='par_1_38' title="bbox 807 2186 2363 2257">
     <span class='ocr_line' id='line_1_38' title="bbox 807 2186 2363 2257; baseline -0.001 -15"><span class='ocrx_word' id='word_1_278' title='bbox 807 2190 1044 2257; x_wconf 89' lang='lat' dir='ltr'><strong>quitates</strong></span> <span class='ocrx_word' id='word_1_279' title='bbox 1091 2188 1369 2242; x_wconf 85' lang='lat' dir='ltr'><strong>hominum</strong></span> <span class='ocrx_word' id='word_1_280' title='bbox 1428 2187 1481 2239; x_wconf 92' lang='lat' dir='ltr'><strong>in</strong></span> <span class='ocrx_word' id='word_1_281' title='bbox 1549 2197 1715 2249; x_wconf 88' lang='lat' dir='ltr'><strong>terra,</strong></span> <span class='ocrx_word' id='word_1_282' title='bbox 1768 2193 1824 2238; x_wconf 89' lang='lat' dir='ltr'><strong>et</strong></span> <span class='ocrx_word' id='word_1_283' title='bbox 1882 2199 2070 2238; x_wconf 88' lang='lat' dir='ltr'><strong>omnes</strong></span> <span class='ocrx_word' id='word_1_284' title='bbox 2095 2186 2159 2241; x_wconf 74' lang='lat' dir='ltr'><strong>,in</strong></span> <span class='ocrx_word' id='word_1_285' title='bbox 2201 2186 2363 2240; x_wconf 89' lang='lat' dir='ltr'><strong>corde</strong></span> 
     </span>
    </p>
   </div>
   <div class='ocr_carea' id='block_1_39' title="bbox 805 2273 2361 2346">
    <p class='ocr_par' dir='ltr' id='par_1_39' title="bbox 805 2273 2361 2346">
     <span class='ocr_line' id='line_1_39' title="bbox 805 2273 2361 2346; baseline -0.004 -14"><span class='ocrx_word' id='word_1_286' title='bbox 805 2280 1046 2346; x_wconf 72' lang='lat' dir='ltr'><strong>cngitare</strong></span> <span class='ocrx_word' id='word_1_287' title='bbox 1078 2280 1142 2330; x_wconf 78' lang='lat' dir='ltr'><strong>de</strong></span> <span class='ocrx_word' id='word_1_288' title='bbox 1176 2278 1332 2330; x_wconf 86' lang='lat' dir='ltr'><strong>malis</strong></span> <span class='ocrx_word' id='word_1_289' title='bbox 1373 2285 1515 2330; x_wconf 86' lang='lat' dir='ltr'><strong>totos</strong></span> <span class='ocrx_word' id='word_1_290' title='bbox 1556 2276 1691 2338; x_wconf 87' lang='lat' dir='ltr'><strong>dies,</strong></span> <span class='ocrx_word' id='word_1_291' title='bbox 1719 2274 2038 2341; x_wconf 81' lang='lat' dir='ltr'><strong>reengitavit</strong></span> <span class='ocrx_word' id='word_1_292' title='bbox 2070 2273 2211 2327; x_wconf 89' lang='lat' dir='ltr'><strong>Deus</strong></span> <span class='ocrx_word' id='word_1_293' title='bbox 2234 2274 2361 2341; x_wconf 88' lang='lat' dir='ltr'><strong>quid</strong></span> 
     </span>
    </p>
   </div>
   <div class='ocr_carea' id='block_1_40' title="bbox 808 2352 2366 2430">
    <p class='ocr_par' dir='ltr' id='par_1_40' title="bbox 808 2352 2366 2430">
     <span class='ocr_line' id='line_1_40' title="bbox 808 2352 2366 2430; baseline -0.005 -4"><span class='ocrx_word' id='word_1_294' title='bbox 808 2370 1079 2426; x_wconf 79' lang='lat' dir='ltr'><strong>hominem</strong></span> <span class='ocrx_word' id='word_1_295' title='bbox 1129 2371 1343 2424; x_wconf 78' lang='lat' dir='ltr'><strong>iecisset</strong></span> <span class='ocrx_word' id='word_1_296' title='bbox 1383 2370 1437 2422; x_wconf 87' lang='lat' dir='ltr'><strong>in</strong></span> <span class='ocrx_word' id='word_1_297' title='bbox 1469 2352 1636 2430; x_wconf 73' lang='lat' dir='ltr'><strong>terra,</strong></span> <span class='ocrx_word' id='word_1_298' title='bbox 1667 2377 1721 2419; x_wconf 87' lang='lat' dir='ltr'><strong>et</strong></span> <span class='ocrx_word' id='word_1_299' title='bbox 1746 2367 1976 2419; x_wconf 74' lang='lat' dir='ltr'><strong>versavit</strong></span> <span class='ocrx_word' id='word_1_300' title='bbox 2002 2366 2050 2418; x_wconf 92' lang='lat' dir='ltr'><strong>in</strong></span> <span class='ocrx_word' id='word_1_301' title='bbox 2076 2366 2238 2418; x_wconf 89' lang='lat' dir='ltr'><strong>corde</strong></span> <span class='ocrx_word' id='word_1_302' title='bbox 2267 2379 2366 2418; x_wconf 88' lang='lat' dir='ltr'><strong>suo</strong></span> 
     </span>
    </p>
   </div>
   <div class='ocr_carea' id='block_1_41' title="bbox 809 2455 2366 2525">
    <p class='ocr_par' dir='ltr' id='par_1_41' title="bbox 809 2455 2366 2525">
     <span class='ocr_line' id='line_1_41' title="bbox 809 2455 2366 2525; baseline -0.008 -5"><span class='ocrx_word' id='word_1_303' title='bbox 809 2477 864 2520; x_wconf 89' lang='lat' dir='ltr'><strong>et</strong></span> <span class='ocrx_word' id='word_1_304' title='bbox 904 2466 1045 2520; x_wconf 80' lang='lat' dir='ltr'><strong>dixit</strong></span> <span class='ocrx_word' id='word_1_305' title='bbox 1067 2465 1206 2518; x_wconf 87' lang='lat' dir='ltr'><strong>Deus</strong></span> <span class='ocrx_word' id='word_1_306' title='bbox 1247 2479 1261 2516; x_wconf 90' lang='lat'><strong>:</strong></span> <span class='ocrx_word' id='word_1_307' title='bbox 1295 2459 1491 2514; x_wconf 88' lang='lat' dir='ltr'><strong>Deleho</strong></span> <span class='ocrx_word' id='word_1_308' title='bbox 1535 2459 1808 2512; x_wconf 87' lang='lat' dir='ltr'><strong>hominem</strong></span> <span class='ocrx_word' id='word_1_309' title='bbox 1839 2471 1997 2525; x_wconf 90' lang='lat' dir='ltr'><strong>quem</strong></span> <span class='ocrx_word' id='word_1_310' title='bbox 2035 2455 2136 2510; x_wconf 75' lang='lat' dir='ltr'><strong>feci</strong></span> <span class='ocrx_word' id='word_1_311' title='bbox 2166 2471 2194 2509; x_wconf 90' lang='lat' dir='ltr'><strong>a</strong></span> <span class='ocrx_word' id='word_1_312' title='bbox 2231 2455 2366 2508; x_wconf 77' lang='lat' dir='ltr'><strong>facie</strong></span> 
     </span>
    </p>
   </div>
   <div class='ocr_carea' id='block_1_42' title="bbox 811 2544 2366 2621">
    <p class='ocr_par' dir='ltr' id='par_1_42' title="bbox 811 2544 2366 2621">
     <span class='ocr_line' id='line_1_42' title="bbox 811 2544 2366 2621; baseline -0.009 -10"><span class='ocrx_word' id='word_1_313' title='bbox 811 2569 990 2621; x_wconf 73' lang='lat' dir='ltr'><strong>teme,</strong></span> <span class='ocrx_word' id='word_1_314' title='bbox 1018 2557 1086 2608; x_wconf 87' lang='lat' dir='ltr'><strong>ab</strong></span> <span class='ocrx_word' id='word_1_315' title='bbox 1118 2553 1335 2607; x_wconf 88' lang='lat' dir='ltr'><strong>homine</strong></span> <span class='ocrx_word' id='word_1_316' title='bbox 1363 2551 1428 2603; x_wconf 90' lang='lat' dir='ltr'><strong>ad</strong></span> <span class='ocrx_word' id='word_1_317' title='bbox 1454 2549 1770 2612; x_wconf 85' lang='lat' dir='ltr'><strong>animantia,</strong></span> <span class='ocrx_word' id='word_1_318' title='bbox 1795 2561 1825 2600; x_wconf 85' lang='lat' dir='ltr'><strong>a</strong></span> <span class='ocrx_word' id='word_1_319' title='bbox 1870 2547 2044 2615; x_wconf 90' lang='lat' dir='ltr'><strong>reptili</strong></span> <span class='ocrx_word' id='word_1_320' title='bbox 2086 2560 2267 2613; x_wconf 84' lang='lat' dir='ltr'><strong>usque</strong></span> <span class='ocrx_word' id='word_1_321' title='bbox 2299 2544 2366 2598; x_wconf 89' lang='lat' dir='ltr'><strong>ad</strong></span> 
     </span>
    </p>
   </div>
   <div class='ocr_carea' id='block_1_43' title="bbox 809 2634 2362 2716">
    <p class='ocr_par' dir='ltr' id='par_1_43' title="bbox 809 2634 2362 2716">
     <span class='ocr_line' id='line_1_43' title="bbox 809 2634 2362 2716; baseline -0.008 -20"><span class='ocrx_word' id='word_1_322' title='bbox 809 2647 1056 2701; x_wconf 85' lang='lat' dir='ltr'><strong>volucres</strong></span> <span class='ocrx_word' id='word_1_323' title='bbox 1081 2644 1228 2707; x_wconf 69' lang='lat' dir='ltr'><strong>coeli,</strong></span> <span class='ocrx_word' id='word_1_324' title='bbox 1249 2637 1541 2708; x_wconf 82' lang='lat' dir='ltr'><strong>recogitavi</strong></span> <span class='ocrx_word' id='word_1_325' title='bbox 1569 2638 1711 2691; x_wconf 90' lang='lat' dir='ltr'><strong>enim</strong></span> <span class='ocrx_word' id='word_1_326' title='bbox 1738 2638 1990 2716; x_wconf 51' lang='lat' dir='ltr'><strong>quod\eos</strong></span> <span class='ocrx_word' id='word_1_327' title='bbox 2014 2634 2231 2688; x_wconf 79' lang='lat' dir='ltr'><strong>fecerim</strong></span> <span class='ocrx_word' id='word_1_328' title='bbox 2255 2636 2316 2686; x_wconf 78' lang='lat'><strong>&quot;.</strong></span> <span class='ocrx_word' id='word_1_329' title='bbox 2343 2653 2362 2684; x_wconf 68' lang='grc' dir='ltr'><strong>ι</strong></span> 
     </span>
    </p>
   </div>
   <div class='ocr_carea' id='block_1_44' title="bbox 813 2723 2367 2802">
    <p class='ocr_par' dir='ltr' id='par_1_44' title="bbox 813 2723 2367 2802">
     <span class='ocr_line' id='line_1_44' title="bbox 813 2723 2367 2802; baseline -0.012 -12"><span class='ocrx_word' id='word_1_330' title='bbox 813 2739 942 2802; x_wconf 64' lang='lat' dir='ltr'><strong>Quae</strong></span> <span class='ocrx_word' id='word_1_331' title='bbox 971 2735 1169 2802; x_wconf 87' lang='lat' dir='ltr'><strong>scripta</strong></span> <span class='ocrx_word' id='word_1_332' title='bbox 1202 2745 1306 2783; x_wconf 89' lang='lat' dir='ltr'><strong>non</strong></span> <span class='ocrx_word' id='word_1_333' title='bbox 1329 2739 1453 2784; x_wconf 90' lang='lat' dir='ltr'><strong>sunt</strong></span> <span class='ocrx_word' id='word_1_334' title='bbox 1489 2727 1718 2796; x_wconf 73' lang='lat' dir='ltr'><strong>profert,</strong></span> <span class='ocrx_word' id='word_1_335' title='bbox 1747 2725 1901 2792; x_wconf 79' lang='lat' dir='ltr'><strong>quasi</strong></span> <span class='ocrx_word' id='word_1_336' title='bbox 1933 2725 1996 2777; x_wconf 92' lang='lat' dir='ltr'><strong>iis</strong></span> <span class='ocrx_word' id='word_1_337' title='bbox 2021 2738 2142 2790; x_wconf 75' lang='lat' dir='ltr'><strong>qum</strong></span> <span class='ocrx_word' id='word_1_338' title='bbox 2169 2723 2367 2789; x_wconf 89' lang='lat' dir='ltr'><strong>scripta</strong></span> 
     </span>
    </p>
   </div>
   <div class='ocr_carea' id='block_1_45' title="bbox 811 2813 2367 2885">
    <p class='ocr_par' dir='ltr' id='par_1_45' title="bbox 811 2813 2367 2885">
     <span class='ocr_line' id='line_1_45' title="bbox 811 2813 2367 2885; baseline -0.012 -4"><span class='ocrx_word' id='word_1_339' title='bbox 811 2837 938 2881; x_wconf 84' lang='lat' dir='ltr'><strong>Stlttl.</strong></span> <span class='ocrx_word' id='word_1_340' title='bbox 982 2825 1321 2885; x_wconf 89' lang='lat' dir='ltr'><strong>iudicentur;</strong></span> <span class='ocrx_word' id='word_1_341' title='bbox 1367 2819 1683 2879; x_wconf 86' lang='lat' dir='ltr'><strong>nullaenim</strong></span> <span class='ocrx_word' id='word_1_342' title='bbox 1714 2818 1764 2868; x_wconf 93' lang='lat' dir='ltr'><strong>in</strong></span> <span class='ocrx_word' id='word_1_343' title='bbox 1794 2816 1914 2868; x_wconf 88' lang='lat' dir='ltr'><strong>istis</strong></span> <span class='ocrx_word' id='word_1_344' title='bbox 1947 2814 2012 2867; x_wconf 92' lang='lat' dir='ltr'><strong>de</strong></span> <span class='ocrx_word' id='word_1_345' title='bbox 2053 2813 2367 2880; x_wconf 73' lang='lat' dir='ltr'><strong>pmnitentia</strong></span> 
     </span>
    </p>
   </div>
   <div class='ocr_carea' id='block_1_46' title="bbox 812 2903 2371 2973">
    <p class='ocr_par' dir='ltr' id='par_1_46' title="bbox 812 2903 2371 2973">
     <span class='ocr_line' id='line_1_46' title="bbox 812 2903 2371 2973; baseline -0.01 -4"><span class='ocrx_word' id='word_1_346' title='bbox 812 2916 907 2970; x_wconf 85' lang='lat' dir='ltr'><strong>Dei</strong></span> <span class='ocrx_word' id='word_1_347' title='bbox 936 2915 1135 2969; x_wconf 89' lang='lat' dir='ltr'><strong>mentio</strong></span> <span class='ocrx_word' id='word_1_348' title='bbox 1159 2921 1262 2972; x_wconf 88' lang='lat' dir='ltr'><strong>est,</strong></span> <span class='ocrx_word' id='word_1_349' title='bbox 1289 2924 1389 2964; x_wconf 88' lang='lat' dir='ltr'><strong>nec</strong></span> <span class='ocrx_word' id='word_1_350' title='bbox 1403 2911 1468 2961; x_wconf 91' lang='lat' dir='ltr'><strong>de</strong></span> <span class='ocrx_word' id='word_1_351' title='bbox 1483 2923 1577 2961; x_wconf 89' lang='lat' dir='ltr'><strong>sua</strong></span> <span class='ocrx_word' id='word_1_352' title='bbox 1609 2916 1725 2958; x_wconf 85' lang='lat' dir='ltr'><strong>arte</strong></span> <span class='ocrx_word' id='word_1_353' title='bbox 1744 2907 1931 2973; x_wconf 65' lang='lat' dir='ltr'><strong>iqueri,</strong></span> <span class='ocrx_word' id='word_1_354' title='bbox 1973 2918 2074 2957; x_wconf 88' lang='lat' dir='ltr'><strong>nec</strong></span> <span class='ocrx_word' id='word_1_355' title='bbox 2105 2919 2224 2957; x_wconf 88' lang='lat' dir='ltr'><strong>eam</strong></span> <span class='ocrx_word' id='word_1_356' title='bbox 2248 2903 2371 2955; x_wconf 91' lang='lat' dir='ltr'><strong>odio</strong></span> 
     </span>
    </p>
   </div>
   <div class='ocr_carea' id='block_1_47' title="bbox 819 2993 2370 3071">
    <p class='ocr_par' dir='ltr' id='par_1_47' title="bbox 819 2993 2370 3071">
     <span class='ocr_line' id='line_1_47' title="bbox 819 2993 2370 3071; baseline -0.009 -11"><span class='ocrx_word' id='word_1_357' title='bbox 819 3007 1018 3060; x_wconf 82' lang='lat' dir='ltr'><strong>habere</strong></span> <span class='ocrx_word' id='word_1_358' title='bbox 1050 3001 1436 3071; x_wconf 83' lang='lat' dir='ltr'><strong>legitur.Quod</strong></span> <span class='ocrx_word' id='word_1_359' title='bbox 1469 3008 1649 3051; x_wconf 89' lang='lat' dir='ltr'><strong>autem</strong></span> <span class='ocrx_word' id='word_1_360' title='bbox 1679 2996 1817 3048; x_wconf 76' lang='lat' dir='ltr'><strong>Deus</strong></span> <span class='ocrx_word' id='word_1_361' title='bbox 1848 2993 2088 3048; x_wconf 85' lang='lat' dir='ltr'><strong>minitari</strong></span> <span class='ocrx_word' id='word_1_362' title='bbox 2114 2993 2370 3047; x_wconf 86' lang='lat' dir='ltr'><strong>diluvium</strong></span> 
     </span>
    </p>
   </div>
   <div class='ocr_carea' id='block_1_48' title="bbox 815 3084 2441 3182">
    <p class='ocr_par' dir='ltr' id='par_1_48' title="bbox 815 3084 2441 3182">
     <span class='ocr_line' id='line_1_48' title="bbox 815 3084 2441 3182; baseline -0.009 -34"><span class='ocrx_word' id='word_1_363' title='bbox 815 3105 869 3148; x_wconf 89' lang='lat' dir='ltr'><strong>et</strong></span> <span class='ocrx_word' id='word_1_364' title='bbox 915 3094 1004 3149; x_wconf 91' lang='lat' dir='ltr'><strong>illo</strong></span> <span class='ocrx_word' id='word_1_365' title='bbox 1057 3093 1305 3160; x_wconf 89' lang='lat' dir='ltr'><strong>proprios</strong></span> <span class='ocrx_word' id='word_1_366' title='bbox 1348 3089 1486 3142; x_wconf 84' lang='lat' dir='ltr'><strong>ﬁlios</strong></span> <span class='ocrx_word' id='word_1_367' title='bbox 1529 3087 1743 3140; x_wconf 90' lang='lat' dir='ltr'><strong>videtur</strong></span> <span class='ocrx_word' id='word_1_368' title='bbox 1782 3085 2153 3152; x_wconf 82' lang='lat' dir='ltr'><strong>exstinguere,</strong></span> <span class='ocrx_word' id='word_1_369' title='bbox 2188 3084 2371 3137; x_wconf 84' lang='lat' dir='ltr'><strong>dicen-</strong></span> <span class='ocrx_word' id='word_1_370' title='bbox 2397 3125 2441 3182; x_wconf 62' lang='grc' dir='ltr'>ο</span> 
     </span>
    </p>
   </div>
   <div class='ocr_carea' id='block_1_49' title="bbox 815 3172 2372 3250">
    <p class='ocr_par' dir='ltr' id='par_1_49' title="bbox 815 3172 2372 3250">
     <span class='ocr_line' id='line_1_49' title="bbox 815 3172 2372 3250; baseline -0.008 -11"><span class='ocrx_word' id='word_1_371' title='bbox 815 3187 968 3250; x_wconf 88' lang='lat' dir='ltr'><strong>dum,</strong></span> <span class='ocrx_word' id='word_1_372' title='bbox 1007 3200 1127 3237; x_wconf 91' lang='lat' dir='ltr'><strong>cum</strong></span> <span class='ocrx_word' id='word_1_373' title='bbox 1172 3180 1492 3234; x_wconf 85' lang='lat' dir='ltr'><strong>immortalis</strong></span> <span class='ocrx_word' id='word_1_374' title='bbox 1541 3177 1818 3230; x_wconf 87' lang='lat' dir='ltr'><strong>hominum</strong></span> <span class='ocrx_word' id='word_1_375' title='bbox 1855 3175 2036 3226; x_wconf 87' lang='lat' dir='ltr'><strong>anima</strong></span> <span class='ocrx_word' id='word_1_376' title='bbox 2071 3174 2165 3236; x_wconf 84' lang='lat' dir='ltr'><strong>sit,</strong></span> <span class='ocrx_word' id='word_1_377' title='bbox 2199 3172 2372 3226; x_wconf 84' lang='lat' dir='ltr'><strong>minas</strong></span> 
     </span>
    </p>
   </div>
   <div class='ocr_carea' id='block_1_50' title="bbox 817 3264 2370 3333">
    <p class='ocr_par' dir='ltr' id='par_1_50' title="bbox 817 3264 2370 3333">
     <span class='ocr_line' id='line_1_50' title="bbox 817 3264 2370 3333; baseline -0.009 -3"><span class='ocrx_word' id='word_1_378' title='bbox 817 3275 940 3330; x_wconf 80' lang='lat' dir='ltr'><strong>illas</strong></span> <span class='ocrx_word' id='word_1_379' title='bbox 967 3289 1030 3327; x_wconf 90' lang='lat' dir='ltr'><strong>eo</strong></span> <span class='ocrx_word' id='word_1_380' title='bbox 1062 3272 1284 3328; x_wconf 90' lang='lat' dir='ltr'><strong>consilio</strong></span> <span class='ocrx_word' id='word_1_381' title='bbox 1331 3267 1558 3329; x_wconf 88' lang='lat' dir='ltr'><strong>intendi,</strong></span> <span class='ocrx_word' id='word_1_382' title='bbox 1582 3275 1639 3318; x_wconf 94' lang='lat' dir='ltr'><strong>ut</strong></span> <span class='ocrx_word' id='word_1_383' title='bbox 1661 3264 1754 3333; x_wconf 91' lang='lat' dir='ltr'><strong>qui</strong></span> <span class='ocrx_word' id='word_1_384' title='bbox 1786 3264 2010 3317; x_wconf 89' lang='lat' dir='ltr'><strong>audiunt</strong></span> <span class='ocrx_word' id='word_1_385' title='bbox 2051 3272 2370 3316; x_wconf 89' lang='lat' dir='ltr'><strong>convertan-</strong></span> 
     </span>
    </p>
   </div>
   <div class='ocr_carea' id='block_1_51' title="bbox 819 3353 2370 3430">
    <p class='ocr_par' dir='ltr' id='par_1_51' title="bbox 819 3353 2370 3430">
     <span class='ocr_line' id='line_1_51' title="bbox 819 3353 2370 3430; baseline -0.009 -12"><span class='ocrx_word' id='word_1_386' title='bbox 819 3374 941 3430; x_wconf 86' lang='lat' dir='ltr'><strong>tur;</strong></span> <span class='ocrx_word' id='word_1_387' title='bbox 973 3362 1394 3417; x_wconf 86' lang='lat' dir='ltr'><strong>internecionem</strong></span> <span class='ocrx_word' id='word_1_388' title='bbox 1437 3365 1615 3411; x_wconf 89' lang='lat' dir='ltr'><strong>antcm</strong></span> <span class='ocrx_word' id='word_1_389' title='bbox 1652 3354 1932 3407; x_wconf 90' lang='lat' dir='ltr'><strong>hominum</strong></span> <span class='ocrx_word' id='word_1_390' title='bbox 1985 3368 2079 3420; x_wconf 88' lang='lat' dir='ltr'><strong>per</strong></span> <span class='ocrx_word' id='word_1_391' title='bbox 2115 3353 2370 3406; x_wconf 91' lang='lat' dir='ltr'><strong>diluvium</strong></span> 
     </span>
    </p>
   </div>
   <div class='ocr_carea' id='block_1_52' title="bbox 818 3443 2374 3520">
    <p class='ocr_par' dir='ltr' id='par_1_52' title="bbox 818 3443 2374 3520">
     <span class='ocr_line' id='line_1_52' title="bbox 818 3443 2374 3520; baseline -0.008 -12"><span class='ocrx_word' id='word_1_392' title='bbox 818 3469 940 3508; x_wconf 85' lang='lat' dir='ltr'><strong>esse</strong></span> <span class='ocrx_word' id='word_1_393' title='bbox 962 3463 1119 3508; x_wconf 73' lang='lat' dir='ltr'><strong>terra:</strong></span> <span class='ocrx_word' id='word_1_394' title='bbox 1143 3450 1553 3520; x_wconf 79' lang='lat' dir='ltr'><strong>purgationem;</strong></span> <span class='ocrx_word' id='word_1_395' title='bbox 1581 3447 1631 3500; x_wconf 90' lang='lat' dir='ltr'><strong>id</strong></span> <span class='ocrx_word' id='word_1_396' title='bbox 1655 3449 1798 3516; x_wconf 87' lang='lat' dir='ltr'><strong>quod</strong></span> <span class='ocrx_word' id='word_1_397' title='bbox 1826 3443 2126 3498; x_wconf 84' lang='lat' dir='ltr'><strong>doctissimi</strong></span> <span class='ocrx_word' id='word_1_398' title='bbox 2158 3443 2374 3498; x_wconf 74' lang='lat' dir='ltr'><strong>Graeco-</strong></span> 
     </span>
    </p>
   </div>
   <div class='ocr_carea' id='block_1_53' title="bbox 743 3532 2372 3612">
    <p class='ocr_par' dir='ltr' id='par_1_53' title="bbox 743 3532 2372 3612">
     <span class='ocr_line' id='line_1_53' title="bbox 743 3532 2372 3612; baseline -0.01 -10"><span class='ocrx_word' id='word_1_399' title='bbox 743 3596 750 3603; x_wconf 91' lang='lat'><strong>.</strong></span> <span class='ocrx_word' id='word_1_400' title='bbox 819 3560 942 3598; x_wconf 81' lang='lat' dir='ltr'><strong>rum</strong></span> <span class='ocrx_word' id='word_1_401' title='bbox 995 3541 1294 3612; x_wconf 85' lang='lat' dir='ltr'><strong>philosophi</strong></span> <span class='ocrx_word' id='word_1_402' title='bbox 1340 3540 1533 3593; x_wconf 88' lang='lat' dir='ltr'><strong>docent</strong></span> <span class='ocrx_word' id='word_1_403' title='bbox 1565 3537 1649 3589; x_wconf 91' lang='lat' dir='ltr'><strong>his</strong></span> <span class='ocrx_word' id='word_1_404' title='bbox 1690 3537 1867 3589; x_wconf 83' lang='lat' dir='ltr'><strong>verbis</strong></span> <span class='ocrx_word' id='word_1_405' title='bbox 1912 3554 1924 3588; x_wconf 95' lang='lat'>:</span> <span class='ocrx_word' id='word_1_406' title='bbox 1975 3553 1992 3584; x_wconf 76' lang='grc' dir='ltr'><strong>ι</strong></span> <span class='ocrx_word' id='word_1_407' title='bbox 2031 3534 2255 3599; x_wconf 77' lang='lat' dir='ltr'><strong>Quando</strong></span> <span class='ocrx_word' id='word_1_408' title='bbox 2299 3532 2372 3587; x_wconf 90' lang='lat' dir='ltr'><strong>dii</strong></span> 
     </span>
    </p>
   </div>
   <div class='ocr_carea' id='block_1_54' title="bbox 821 3624 2372 3701">
    <p class='ocr_par' dir='ltr' id='par_1_54' title="bbox 821 3624 2372 3701">
     <span class='ocr_line' id='line_1_54' title="bbox 821 3624 2372 3701; baseline -0.009 -11"><span class='ocrx_word' id='word_1_409' title='bbox 821 3645 1026 3690; x_wconf 82' lang='lat' dir='ltr'><strong>terram</strong></span> <span class='ocrx_word' id='word_1_410' title='bbox 1059 3632 1428 3701; x_wconf 81' lang='lat' dir='ltr'><strong>purgaverint.</strong></span> <span class='ocrx_word' id='word_1_411' title='bbox 1479 3647 1498 3679; x_wconf 78' lang='grc' dir='ltr'><strong>ι</strong></span> <span class='ocrx_word' id='word_1_412' title='bbox 1539 3627 1804 3682; x_wconf 74' lang='lat' dir='ltr'><strong>Cancrum</strong></span> <span class='ocrx_word' id='word_1_413' title='bbox 1832 3627 1899 3678; x_wconf 89' lang='lat' dir='ltr'><strong>de</strong></span> <span class='ocrx_word' id='word_1_414' title='bbox 1934 3624 2102 3688; x_wconf 89' lang='lat' dir='ltr'><strong>locis,</strong></span> <span class='ocrx_word' id='word_1_415' title='bbox 2141 3625 2230 3676; x_wconf 90' lang='lat' dir='ltr'><strong>ubi</strong></span> <span class='ocrx_word' id='word_1_416' title='bbox 2263 3624 2372 3676; x_wconf 90' lang='lat' dir='ltr'><strong>Deo</strong></span> 
     </span>
    </p>
   </div>
   <div class='ocr_carea' id='block_1_55' title="bbox 820 3711 2372 3782">
    <p class='ocr_par' dir='ltr' id='par_1_55' title="bbox 820 3711 2372 3782">
     <span class='ocr_line' id='line_1_55' title="bbox 820 3711 2372 3782; baseline -0.008 -4"><span class='ocrx_word' id='word_1_417' title='bbox 820 3723 1134 3778; x_wconf 82' lang='lat' dir='ltr'><strong>tribuuntur</strong></span> <span class='ocrx_word' id='word_1_418' title='bbox 1173 3719 1392 3772; x_wconf 88' lang='lat' dir='ltr'><strong>humani</strong></span> <span class='ocrx_word' id='word_1_419' title='bbox 1427 3715 1690 3780; x_wconf 67' lang='lat' dir='ltr'><strong>affectus,</strong></span> <span class='ocrx_word' id='word_1_420' title='bbox 1729 3730 1834 3768; x_wconf 92' lang='lat' dir='ltr'><strong>non</strong></span> <span class='ocrx_word' id='word_1_421' title='bbox 1880 3728 2050 3782; x_wconf 87' lang='lat' dir='ltr'><strong>pauca</strong></span> <span class='ocrx_word' id='word_1_422' title='bbox 2085 3711 2240 3766; x_wconf 89' lang='lat' dir='ltr'><strong>nobis</strong></span> <span class='ocrx_word' id='word_1_423' title='bbox 2260 3712 2372 3780; x_wconf 88' lang='lat' dir='ltr'><strong>jam</strong></span> 
     </span>
    </p>
   </div>
   <div class='ocr_carea' id='block_1_56' title="bbox 823 3807 1626 3876">
    <p class='ocr_par' dir='ltr' id='par_1_56' title="bbox 823 3807 1626 3876">
     <span class='ocr_line' id='line_1_56' title="bbox 823 3807 1626 3876; baseline -0.007 -10"><span class='ocrx_word' id='word_1_424' title='bbox 823 3812 965 3866; x_wconf 86' lang='lat' dir='ltr'><strong>dicta</strong></span> <span class='ocrx_word' id='word_1_425' title='bbox 999 3817 1122 3862; x_wconf 89' lang='lat' dir='ltr'><strong>sunt</strong></span> <span class='ocrx_word' id='word_1_426' title='bbox 1151 3807 1202 3861; x_wconf 88' lang='lat' dir='ltr'><strong>in</strong></span> <span class='ocrx_word' id='word_1_427' title='bbox 1229 3807 1626 3876; x_wconf 88' lang='lat' dir='ltr'><strong>superioribus.</strong></span> 
     </span>
    </p>
   </div>
   <div class='ocr_carea' id='block_1_57' title="bbox 2463 1913 4022 1987">
    <p class='ocr_par' dir='ltr' id='par_1_57' title="bbox 2463 1913 4022 1987">
     <span class='ocr_line' id='line_1_57' title="bbox 2463 1913 4022 1987; baseline -0.008 -15"><span class='ocrx_word' id='word_1_428' title='bbox 2463 1919 2691 1982; x_wconf 78' lang='grc' dir='ltr'>ἀπειλεῖ,</span> <span class='ocrx_word' id='word_1_429' title='bbox 2722 1919 2816 1970; x_wconf 80' lang='grc' dir='ltr'><strong>καὶ</strong></span> <span class='ocrx_word' id='word_1_430' title='bbox 2858 1917 3068 1987; x_wconf 79' lang='grc' dir='ltr'>φθείρει</span> <span class='ocrx_word' id='word_1_431' title='bbox 3100 1917 3166 1970; x_wconf 78' lang='grc' dir='ltr'>τὰ</span> <span class='ocrx_word' id='word_1_432' title='bbox 3213 1917 3316 1968; x_wconf 72' lang='grc' dir='ltr'>ἴδια</span> <span class='ocrx_word' id='word_1_433' title='bbox 3349 1917 3577 1984; x_wconf 80' lang='grc' dir='ltr'>ἕκγονα;</span> <span class='ocrx_word' id='word_1_434' title='bbox 3629 1932 3652 1965; x_wconf 68' lang='grc' dir='ltr'>δ</span> <span class='ocrx_word' id='word_1_435' title='bbox 3698 1913 4022 1980; x_wconf 65' lang='grc' dir='ltr'>Συκοφαντεί</span> 
     </span>
    </p>
   </div>
   <div class='ocr_carea' id='block_1_58' title="bbox 2461 2005 4022 2076">
    <p class='ocr_par' dir='ltr' id='par_1_58' title="bbox 2461 2005 4022 2076">
     <span class='ocr_line' id='line_1_58' title="bbox 2461 2005 4022 2076; baseline -0.005 -17"><span class='ocrx_word' id='word_1_436' title='bbox 2461 2008 2504 2059; x_wconf 84' lang='grc' dir='ltr'>δ’</span> <span class='ocrx_word' id='word_1_437' title='bbox 2541 2010 2597 2059; x_wconf 81' lang='grc' dir='ltr'><strong>ὲν</strong></span> <span class='ocrx_word' id='word_1_438' title='bbox 2641 2007 2847 2069; x_wconf 80' lang='grc' dir='ltr'>τούτοις</span> <span class='ocrx_word' id='word_1_439' title='bbox 2892 2009 2986 2059; x_wconf 78' lang='grc' dir='ltr'><strong>καὶ</strong></span> <span class='ocrx_word' id='word_1_440' title='bbox 3030 2006 3422 2076; x_wconf 73' lang='grc' dir='ltr'>καταψεύδεται</span> <span class='ocrx_word' id='word_1_441' title='bbox 3459 2005 3565 2058; x_wconf 88' lang='grc' dir='ltr'><strong>τῶν</strong></span> <span class='ocrx_word' id='word_1_442' title='bbox 3603 2008 3660 2058; x_wconf 86' lang='grc' dir='ltr'><strong>ἐν</strong></span> <span class='ocrx_word' id='word_1_443' title='bbox 3702 2009 3770 2074; x_wconf 82' lang='grc' dir='ltr'>τῇ</span> <span class='ocrx_word' id='word_1_444' title='bbox 3813 2005 4022 2056; x_wconf 76' lang='grc' dir='ltr'>Γενέσει</span> 
     </span>
    </p>
   </div>
   <div class='ocr_carea' id='block_1_59' title="bbox 2463 2095 4023 2169">
    <p class='ocr_par' dir='ltr' id='par_1_59' title="bbox 2463 2095 4023 2169">
     <span class='ocr_line' id='line_1_59' title="bbox 2463 2095 4023 2169; baseline -0.015 -2"><span class='ocrx_word' id='word_1_445' title='bbox 2463 2099 2856 2169; x_wconf 76' lang='grc' dir='ltr'>γεγραμμένων</span> <span class='ocrx_word' id='word_1_446' title='bbox 2905 2100 2998 2152; x_wconf 74' lang='grc' dir='ltr'><strong>τὸν</strong></span> <span class='ocrx_word' id='word_1_447' title='bbox 3045 2099 3242 2168; x_wconf 65' lang='grc' dir='ltr'>τρόπον</span> <span class='ocrx_word' id='word_1_448' title='bbox 3277 2098 3482 2152; x_wconf 77' lang='grc' dir='ltr'>τοῦτον·</span> <span class='ocrx_word' id='word_1_449' title='bbox 3530 2099 3671 2152; x_wconf 78' lang='grc' dir='ltr'>Ἰδὼν</span> <span class='ocrx_word' id='word_1_450' title='bbox 3719 2097 3777 2149; x_wconf 84' lang='grc' dir='ltr'>δὲ</span> <span class='ocrx_word' id='word_1_451' title='bbox 3826 2095 4023 2164; x_wconf 74' lang='grc' dir='ltr'>Κύριος</span> 
     </span>
    </p>
   </div>
   <div class='ocr_carea' id='block_1_60' title="bbox 2464 2185 4023 2262">
    <p class='ocr_par' dir='ltr' id='par_1_60' title="bbox 2464 2185 4023 2262">
     <span class='ocr_line' id='line_1_60' title="bbox 2464 2185 4023 2262; baseline -0.002 -23"><span class='ocrx_word' id='word_1_452' title='bbox 2464 2190 2493 2240; x_wconf 80' lang='grc' dir='ltr'>ὁ</span> <span class='ocrx_word' id='word_1_453' title='bbox 2515 2189 2664 2249; x_wconf 81' lang='grc' dir='ltr'>Θεὸς,</span> <span class='ocrx_word' id='word_1_454' title='bbox 2699 2188 2780 2239; x_wconf 82' lang='grc' dir='ltr'><strong>ὄτι</strong></span> <span class='ocrx_word' id='word_1_455' title='bbox 2813 2186 3217 2262; x_wconf 76' lang='grc' dir='ltr'>ἐπληθύνθησαν</span> <span class='ocrx_word' id='word_1_456' title='bbox 3243 2189 3294 2239; x_wconf 79' lang='grc' dir='ltr'>αἱ</span> <span class='ocrx_word' id='word_1_457' title='bbox 3323 2187 3506 2239; x_wconf 78' lang='grc' dir='ltr'>κακίαι</span> <span class='ocrx_word' id='word_1_458' title='bbox 3538 2189 3644 2239; x_wconf 84' lang='grc' dir='ltr'><strong>τῶν</strong></span> <span class='ocrx_word' id='word_1_459' title='bbox 3669 2187 3767 2239; x_wconf 74' lang='grc' dir='ltr'><strong>ἐπὶ</strong></span> <span class='ocrx_word' id='word_1_460' title='bbox 3789 2186 3890 2256; x_wconf 73' lang='grc' dir='ltr'><strong>τῆς</strong></span> <span class='ocrx_word' id='word_1_461' title='bbox 3919 2185 4023 2252; x_wconf 68' lang='grc'><strong>(45)</strong></span> 
     </span>
    </p>
   </div>
   <div class='ocr_carea' id='block_1_61' title="bbox 2467 2272 4024 2346">
    <p class='ocr_par' dir='ltr' id='par_1_61' title="bbox 2467 2272 4024 2346">
     <span class='ocr_line' id='line_1_61' title="bbox 2467 2272 4024 2346; baseline -0.003 -19"><span class='ocrx_word' id='word_1_462' title='bbox 2467 2278 2586 2346; x_wconf 80' lang='grc' dir='ltr'>γῆς,</span> <span class='ocrx_word' id='word_1_463' title='bbox 2628 2276 2721 2326; x_wconf 76' lang='grc' dir='ltr'>καὶ</span> <span class='ocrx_word' id='word_1_464' title='bbox 2768 2277 2874 2336; x_wconf 80' lang='grc' dir='ltr'>πᾶς</span> <span class='ocrx_word' id='word_1_465' title='bbox 2903 2293 2987 2337; x_wconf 87' lang='grc' dir='ltr'><strong>τις</strong></span> <span class='ocrx_word' id='word_1_466' title='bbox 3019 2275 3305 2327; x_wconf 86' lang='grc' dir='ltr'>διανοεῖται</span> <span class='ocrx_word' id='word_1_467' title='bbox 3338 2277 3395 2327; x_wconf 80' lang='grc' dir='ltr'><strong>ἐν</strong></span> <span class='ocrx_word' id='word_1_468' title='bbox 3423 2277 3486 2344; x_wconf 78' lang='grc' dir='ltr'>τῇ</span> <span class='ocrx_word' id='word_1_469' title='bbox 3522 2274 3720 2344; x_wconf 77' lang='grc' dir='ltr'>καρδίᾳ</span> <span class='ocrx_word' id='word_1_470' title='bbox 3755 2272 4024 2340; x_wconf 79' lang='grc' dir='ltr'>ἐπιμελῶς</span> 
     </span>
    </p>
   </div>
   <div class='ocr_carea' id='block_1_62' title="bbox 2469 2361 4020 2435">
    <p class='ocr_par' dir='ltr' id='par_1_62' title="bbox 2469 2361 4020 2435">
     <span class='ocr_line' id='line_1_62' title="bbox 2469 2361 4020 2435; baseline -0.005 -17"><span class='ocrx_word' id='word_1_471' title='bbox 2469 2367 2559 2418; x_wconf 72' lang='grc' dir='ltr'><strong>ἐπὶ</strong></span> <span class='ocrx_word' id='word_1_472' title='bbox 2585 2366 2651 2418; x_wconf 64' lang='grc' dir='ltr'>τὰ</span> <span class='ocrx_word' id='word_1_473' title='bbox 2676 2364 2883 2435; x_wconf 79' lang='grc' dir='ltr'>πονηρᾶ</span> <span class='ocrx_word' id='word_1_474' title='bbox 2906 2365 3081 2427; x_wconf 85' lang='grc' dir='ltr'>πάσας</span> <span class='ocrx_word' id='word_1_475' title='bbox 3099 2366 3197 2427; x_wconf 72' lang='grc' dir='ltr'><strong>τὰς</strong></span> <span class='ocrx_word' id='word_1_476' title='bbox 3223 2365 3328 2434; x_wconf 80' lang='grc' dir='ltr'><strong>ήμὲ</strong></span> <span class='ocrx_word' id='word_1_477' title='bbox 3340 2371 3454 2434; x_wconf 72' lang='grc' dir='ltr'>ρἀς,</span> <span class='ocrx_word' id='word_1_478' title='bbox 3478 2363 3788 2433; x_wconf 73' lang='grc' dir='ltr'>ἐνεθυμήθη</span> <span class='ocrx_word' id='word_1_479' title='bbox 3815 2365 3844 2414; x_wconf 80' lang='grc' dir='ltr'><strong>ὁ</strong></span> <span class='ocrx_word' id='word_1_480' title='bbox 3872 2361 4020 2422; x_wconf 53' lang='lat' dir='ltr'><strong>est;</strong></span> 
     </span>
    </p>
   </div>
   <div class='ocr_carea' id='block_1_63' title="bbox 2467 2450 4022 2524">
    <p class='ocr_par' dir='ltr' id='par_1_63' title="bbox 2467 2450 4022 2524">
     <span class='ocr_line' id='line_1_63' title="bbox 2467 2450 4022 2524; baseline -0.005 -17"><span class='ocrx_word' id='word_1_481' title='bbox 2467 2456 2548 2507; x_wconf 83' lang='grc' dir='ltr'>ὅτι</span> <span class='ocrx_word' id='word_1_482' title='bbox 2583 2456 2798 2523; x_wconf 82' lang='grc' dir='ltr'>ἐποίησε</span> <span class='ocrx_word' id='word_1_483' title='bbox 2827 2456 2914 2506; x_wconf 85' lang='grc' dir='ltr'><strong>τὸν</strong></span> <span class='ocrx_word' id='word_1_484' title='bbox 2940 2455 3222 2524; x_wconf 82' lang='grc' dir='ltr'>ἄνθρωπον</span> <span class='ocrx_word' id='word_1_485' title='bbox 3254 2457 3343 2506; x_wconf 76' lang='grc' dir='ltr'><strong>ἐπὶ</strong></span> <span class='ocrx_word' id='word_1_486' title='bbox 3366 2455 3463 2523; x_wconf 78' lang='grc' dir='ltr'><strong>τῆς</strong></span> <span class='ocrx_word' id='word_1_487' title='bbox 3486 2453 3589 2523; x_wconf 76' lang='grc' dir='ltr'><strong>γῆς</strong></span> <span class='ocrx_word' id='word_1_488' title='bbox 3609 2470 3623 2482; x_wconf 76' lang='grc' dir='ltr'><strong><em>ο</em></strong></span> <span class='ocrx_word' id='word_1_489' title='bbox 3659 2454 3758 2504; x_wconf 74' lang='grc' dir='ltr'><strong>καὶ</strong></span> <span class='ocrx_word' id='word_1_490' title='bbox 3785 2450 4022 2520; x_wconf 65' lang='grc' dir='ltr'>διενοήθη</span> 
     </span>
    </p>
   </div>
   <div class='ocr_carea' id='block_1_64' title="bbox 2468 2541 4025 2616">
    <p class='ocr_par' dir='ltr' id='par_1_64' title="bbox 2468 2541 4025 2616">
     <span class='ocr_line' id='line_1_64' title="bbox 2468 2541 4025 2616; baseline -0.001 -20"><span class='ocrx_word' id='word_1_491' title='bbox 2468 2548 2523 2597; x_wconf 84' lang='grc' dir='ltr'><strong>ἐν</strong></span> <span class='ocrx_word' id='word_1_492' title='bbox 2556 2549 2620 2614; x_wconf 78' lang='grc' dir='ltr'>τῇ</span> <span class='ocrx_word' id='word_1_493' title='bbox 2655 2546 2847 2616; x_wconf 69' lang='grc' dir='ltr'>καρδίᾳ.</span> <span class='ocrx_word' id='word_1_494' title='bbox 2880 2545 3063 2606; x_wconf 79' lang='grc' dir='ltr'>αὐτοῦ,</span> <span class='ocrx_word' id='word_1_495' title='bbox 3113 2545 3209 2598; x_wconf 70' lang='grc' dir='ltr'><strong>καὶ</strong></span> <span class='ocrx_word' id='word_1_496' title='bbox 3257 2541 3406 2597; x_wconf 81' lang='grc' dir='ltr'>εἶπεν</span> <span class='ocrx_word' id='word_1_497' title='bbox 3450 2545 3479 2595; x_wconf 79' lang='grc' dir='ltr'>ὁ</span> <span class='ocrx_word' id='word_1_498' title='bbox 3515 2544 3662 2606; x_wconf 76' lang='grc' dir='ltr'>Θεόςο</span> <span class='ocrx_word' id='word_1_499' title='bbox 3724 2543 4025 2610; x_wconf 55' lang='grc' dir='ltr'>Ἀπαλείᾲω</span> 
     </span>
    </p>
   </div>
   <div class='ocr_carea' id='block_1_65' title="bbox 2467 2630 4023 2704">
    <p class='ocr_par' dir='ltr' id='par_1_65' title="bbox 2467 2630 4023 2704">
     <span class='ocr_line' id='line_1_65' title="bbox 2467 2630 4023 2704; baseline 0.001 -18"><span class='ocrx_word' id='word_1_500' title='bbox 2467 2636 2557 2687; x_wconf 74' lang='grc' dir='ltr'><strong>τὸν</strong></span> <span class='ocrx_word' id='word_1_501' title='bbox 2590 2635 2891 2703; x_wconf 76' lang='grc' dir='ltr'>ἄνθρωπον,</span> <span class='ocrx_word' id='word_1_502' title='bbox 2926 2635 2984 2687; x_wconf 87' lang='grc' dir='ltr'>ὃν</span> <span class='ocrx_word' id='word_1_503' title='bbox 3024 2630 3272 2702; x_wconf 77' lang='grc' dir='ltr'>ἐποίησα,</span> <span class='ocrx_word' id='word_1_504' title='bbox 3316 2635 3422 2688; x_wconf 82' lang='grc' dir='ltr'><strong>ἀπὸ</strong></span> <span class='ocrx_word' id='word_1_505' title='bbox 3456 2635 3751 2704; x_wconf 82' lang='grc' dir='ltr'>προσώπου</span> <span class='ocrx_word' id='word_1_506' title='bbox 3779 2636 3882 2702; x_wconf 73' lang='grc' dir='ltr'>τῆς</span> <span class='ocrx_word' id='word_1_507' title='bbox 3913 2635 4023 2701; x_wconf 71' lang='grc' dir='ltr'>γῆς,</span> 
     </span>
    </p>
   </div>
   <div class='ocr_carea' id='block_1_66' title="bbox 2471 2725 4026 2797">
    <p class='ocr_par' dir='ltr' id='par_1_66' title="bbox 2471 2725 4026 2797">
     <span class='ocr_line' id='line_1_66' title="bbox 2471 2725 4026 2797; baseline -0.002 -19"><span class='ocrx_word' id='word_1_508' title='bbox 2471 2728 2579 2778; x_wconf 86' lang='grc' dir='ltr'><strong>ἀπὸ</strong></span> <span class='ocrx_word' id='word_1_509' title='bbox 2613 2726 2893 2796; x_wconf 87' lang='grc' dir='ltr'>ἀνθρώπου</span> <span class='ocrx_word' id='word_1_510' title='bbox 2926 2727 3030 2790; x_wconf 76' lang='grc' dir='ltr'><strong>ἕως</strong></span> <span class='ocrx_word' id='word_1_511' title='bbox 3073 2728 3319 2796; x_wconf 80' lang='grc' dir='ltr'>κτήνους,</span> <span class='ocrx_word' id='word_1_512' title='bbox 3359 2727 3452 2778; x_wconf 74' lang='grc' dir='ltr'>καὶ</span> <span class='ocrx_word' id='word_1_513' title='bbox 3486 2727 3592 2778; x_wconf 76' lang='grc' dir='ltr'><strong>ἀπὺ</strong></span> <span class='ocrx_word' id='word_1_514' title='bbox 3639 2725 3895 2797; x_wconf 77' lang='grc' dir='ltr'>ἑρπετῶν</span> <span class='ocrx_word' id='word_1_515' title='bbox 3935 2727 4026 2783; x_wconf 65' lang='grc' dir='ltr'><strong>ἕως</strong></span> 
     </span>
    </p>
   </div>
   <div class='ocr_carea' id='block_1_67' title="bbox 2469 2816 4026 2887">
    <p class='ocr_par' dir='ltr' id='par_1_67' title="bbox 2469 2816 4026 2887">
     <span class='ocr_line' id='line_1_67' title="bbox 2469 2816 4026 2887; baseline -0.003 -19"><span class='ocrx_word' id='word_1_516' title='bbox 2469 2816 2575 2868; x_wconf 84' lang='grc' dir='ltr'><strong>τῶν</strong></span> <span class='ocrx_word' id='word_1_517' title='bbox 2601 2816 2856 2868; x_wconf 82' lang='grc' dir='ltr'>πετεινῶν</span> <span class='ocrx_word' id='word_1_518' title='bbox 2887 2817 2979 2869; x_wconf 81' lang='grc' dir='ltr'>τοῦ</span> <span class='ocrx_word' id='word_1_519' title='bbox 3013 2817 3262 2887; x_wconf 75' lang='grc' dir='ltr'>οὐρανοῦ·</span> <span class='ocrx_word' id='word_1_520' title='bbox 3303 2818 3384 2869; x_wconf 83' lang='grc' dir='ltr'><strong>δτι</strong></span> <span class='ocrx_word' id='word_1_521' title='bbox 3415 2816 3757 2886; x_wconf 77' lang='grc' dir='ltr'>ἐνεθυμήθην</span> <span class='ocrx_word' id='word_1_522' title='bbox 3786 2816 3924 2885; x_wconf 64' lang='grc'><strong>(46),</strong></span> <span class='ocrx_word' id='word_1_523' title='bbox 3956 2816 4026 2866; x_wconf 69' lang='grc' dir='ltr'>ὅτι</span> 
     </span>
    </p>
   </div>
   <div class='ocr_carea' id='block_1_68' title="bbox 2471 2906 4026 2976">
    <p class='ocr_par' dir='ltr' id='par_1_68' title="bbox 2471 2906 4026 2976">
     <span class='ocr_line' id='line_1_68' title="bbox 2471 2906 4026 2976; baseline 0.003 -19"><span class='ocrx_word' id='word_1_524' title='bbox 2471 2906 2698 2975; x_wconf 77' lang='grc' dir='ltr'>ἐποίησα</span> <span class='ocrx_word' id='word_1_525' title='bbox 2731 2906 2943 2968; x_wconf 82' lang='grc' dir='ltr'>αύτούς·</span> <span class='ocrx_word' id='word_1_526' title='bbox 2985 2925 3003 2956; x_wconf 74' lang='grc' dir='ltr'><strong>ι</strong></span> <span class='ocrx_word' id='word_1_527' title='bbox 3040 2907 3107 2958; x_wconf 78' lang='grc' dir='ltr'>τὰ</span> <span class='ocrx_word' id='word_1_528' title='bbox 3143 2907 3218 2976; x_wconf 79' lang='grc' dir='ltr'><strong>μὴ</strong></span> <span class='ocrx_word' id='word_1_529' title='bbox 3263 2907 3620 2976; x_wconf 79' lang='grc' dir='ltr'>γεγραμμένα</span> <span class='ocrx_word' id='word_1_530' title='bbox 3663 2906 4026 2975; x_wconf 72' lang='grc' dir='ltr'>ἐκτιθέμενος.</span> 
     </span>
    </p>
   </div>
   <div class='ocr_carea' id='block_1_69' title="bbox 2470 2996 4030 3067">
    <p class='ocr_par' dir='ltr' id='par_1_69' title="bbox 2470 2996 4030 3067">
     <span class='ocr_line' id='line_1_69' title="bbox 2470 2996 4030 3067; baseline 0.001 -20"><span class='ocrx_word' id='word_1_531' title='bbox 2470 2996 2544 3058; x_wconf 83' lang='grc' dir='ltr'>ὼς</span> <span class='ocrx_word' id='word_1_532' title='bbox 2593 2997 2889 3066; x_wconf 83' lang='grc' dir='ltr'>δηλούμενα</span> <span class='ocrx_word' id='word_1_533' title='bbox 2937 2997 3044 3050; x_wconf 78' lang='grc' dir='ltr'><strong>ἀπὸ</strong></span> <span class='ocrx_word' id='word_1_534' title='bbox 3090 2997 3195 3048; x_wconf 86' lang='grc' dir='ltr'><strong>τῶν</strong></span> <span class='ocrx_word' id='word_1_535' title='bbox 3237 2998 3650 3067; x_wconf 80' lang='grc' dir='ltr'>γεγραμμένων.</span> <span class='ocrx_word' id='word_1_536' title='bbox 3691 2999 4030 3067; x_wconf 67' lang='grc' dir='ltr'>Μεταμὲλειε</span> 
     </span>
    </p>
   </div>
   <div class='ocr_carea' id='block_1_70' title="bbox 2473 3085 4030 3156">
    <p class='ocr_par' dir='ltr' id='par_1_70' title="bbox 2473 3085 4030 3156">
     <span class='ocr_line' id='line_1_70' title="bbox 2473 3085 4030 3156; baseline -0.001 -18"><span class='ocrx_word' id='word_1_537' title='bbox 2473 3087 2580 3156; x_wconf 77' lang='grc' dir='ltr'><strong>γὰρ</strong></span> <span class='ocrx_word' id='word_1_538' title='bbox 2627 3089 2683 3137; x_wconf 87' lang='grc' dir='ltr'><strong>ἐν</strong></span> <span class='ocrx_word' id='word_1_539' title='bbox 2729 3085 2936 3148; x_wconf 85' lang='grc' dir='ltr'>τούτοις</span> <span class='ocrx_word' id='word_1_540' title='bbox 2985 3087 3084 3138; x_wconf 82' lang='grc' dir='ltr'><strong>οὐκ</strong></span> <span class='ocrx_word' id='word_1_541' title='bbox 3133 3086 3420 3155; x_wconf 76' lang='grc' dir='ltr'>ὠνομάσθη</span> <span class='ocrx_word' id='word_1_542' title='bbox 3453 3086 3609 3150; x_wconf 77' lang='grc' dir='ltr'>Θεοῦ,</span> <span class='ocrx_word' id='word_1_543' title='bbox 3655 3087 3766 3138; x_wconf 74' lang='grc' dir='ltr'>οὐδ’</span> <span class='ocrx_word' id='word_1_544' title='bbox 3812 3087 3900 3138; x_wconf 81' lang='grc' dir='ltr'>ὅτι</span> 
     </span>
    </p>
   </div>
   <div class='ocr_carea' id='block_1_71' title="bbox 2474 3176 4032 3247">
    <p class='ocr_par' dir='ltr' id='par_1_71' title="bbox 2474 3176 4032 3247">
     <span class='ocr_line' id='line_1_71' title="bbox 2474 3176 4032 3247; baseline 0 -19"><span class='ocrx_word' id='word_1_545' title='bbox 2474 3176 2664 3229; x_wconf 81' lang='grc' dir='ltr'>ἐαυτοῦ</span> <span class='ocrx_word' id='word_1_546' title='bbox 2706 3177 2896 3247; x_wconf 82' lang='grc' dir='ltr'>τέχνην</span> <span class='ocrx_word' id='word_1_547' title='bbox 2945 3178 3214 3246; x_wconf 68' lang='grc' dir='ltr'>μέμφεται</span> <span class='ocrx_word' id='word_1_548' title='bbox 3255 3178 3348 3229; x_wconf 79' lang='grc' dir='ltr'><strong>καὶ</strong></span> <span class='ocrx_word' id='word_1_549' title='bbox 3395 3180 3555 3246; x_wconf 84' lang='grc' dir='ltr'>μισεῖ.</span> <span class='ocrx_word' id='word_1_550' title='bbox 3617 3178 3684 3228; x_wconf 85' lang='grc' dir='ltr'><strong>Εἰ</strong></span> <span class='ocrx_word' id='word_1_551' title='bbox 3723 3177 3781 3228; x_wconf 79' lang='grc' dir='ltr'>δὲ</span> <span class='ocrx_word' id='word_1_552' title='bbox 3818 3177 3964 3229; x_wconf 80' lang='grc' dir='ltr'>δοκεῖ</span> <span class='ocrx_word' id='word_1_553' title='bbox 4009 3180 4032 3229; x_wconf 77' lang='grc' dir='ltr'>ὁ</span> 
     </span>
    </p>
   </div>
   <div class='ocr_carea' id='block_1_72' title="bbox 2475 3265 4035 3336">
    <p class='ocr_par' dir='ltr' id='par_1_72' title="bbox 2475 3265 4035 3336">
     <span class='ocr_line' id='line_1_72' title="bbox 2475 3265 4035 3336; baseline -0.003 -18"><span class='ocrx_word' id='word_1_554' title='bbox 2475 3267 2606 3328; x_wconf 71' lang='grc' dir='ltr'>Θεὸς</span> <span class='ocrx_word' id='word_1_555' title='bbox 2638 3267 2880 3319; x_wconf 83' lang='grc' dir='ltr'>ἀπειλεῖν</span> <span class='ocrx_word' id='word_1_556' title='bbox 2911 3266 2978 3319; x_wconf 86' lang='grc' dir='ltr'><strong>τά</strong></span> <span class='ocrx_word' id='word_1_557' title='bbox 3002 3267 3096 3319; x_wconf 82' lang='grc' dir='ltr'>τοῦ</span> <span class='ocrx_word' id='word_1_558' title='bbox 3144 3265 3542 3335; x_wconf 82' lang='grc' dir='ltr'>κατακλυσμοῦ,</span> <span class='ocrx_word' id='word_1_559' title='bbox 3576 3267 3671 3318; x_wconf 78' lang='grc' dir='ltr'><strong>καὶ</strong></span> <span class='ocrx_word' id='word_1_560' title='bbox 3707 3265 3954 3336; x_wconf 65' lang='grc' dir='ltr'>φθείρειν</span> <span class='ocrx_word' id='word_1_561' title='bbox 3988 3269 4035 3317; x_wconf 70' lang='grc' dir='ltr'><strong>ἐν</strong></span> 
     </span>
    </p>
   </div>
   <div class='ocr_carea' id='block_1_73' title="bbox 2476 3355 4036 3425">
    <p class='ocr_par' dir='ltr' id='par_1_73' title="bbox 2476 3355 4036 3425">
     <span class='ocr_line' id='line_1_73' title="bbox 2476 3355 4036 3425; baseline -0.001 -15"><span class='ocrx_word' id='word_1_562' title='bbox 2476 3355 2628 3424; x_wconf 77' lang='grc' dir='ltr'>αὐτῷ</span> <span class='ocrx_word' id='word_1_563' title='bbox 2665 3356 2735 3409; x_wconf 82' lang='grc' dir='ltr'><strong>τά</strong></span> <span class='ocrx_word' id='word_1_564' title='bbox 2773 3357 2886 3409; x_wconf 76' lang='grc' dir='ltr'>ἴδια</span> <span class='ocrx_word' id='word_1_565' title='bbox 2934 3355 3149 3424; x_wconf 77' lang='grc' dir='ltr'>ἔκγονα·</span> <span class='ocrx_word' id='word_1_566' title='bbox 3197 3356 3431 3420; x_wconf 78' lang='grc' dir='ltr'>λεκτέον,</span> <span class='ocrx_word' id='word_1_567' title='bbox 3475 3357 3575 3419; x_wconf 77' lang='grc' dir='ltr'>ὅτι,</span> <span class='ocrx_word' id='word_1_568' title='bbox 3621 3356 3901 3410; x_wconf 78' lang='grc' dir='ltr'>ἀθανάτου</span> <span class='ocrx_word' id='word_1_569' title='bbox 3947 3359 4036 3425; x_wconf 63' lang='grc' dir='ltr'>τῆς</span> 
     </span>
    </p>
   </div>
   <div class='ocr_carea' id='block_1_74' title="bbox 2475 3445 4040 3517">
    <p class='ocr_par' dir='ltr' id='par_1_74' title="bbox 2475 3445 4040 3517">
     <span class='ocr_line' id='line_1_74' title="bbox 2475 3445 4040 3517; baseline -0.001 -19"><span class='ocrx_word' id='word_1_570' title='bbox 2475 3446 2651 3517; x_wconf 72' lang='grc' dir='ltr'>ψυχῆς</span> <span class='ocrx_word' id='word_1_571' title='bbox 2683 3447 2791 3499; x_wconf 90' lang='grc' dir='ltr'><strong>τῶν</strong></span> <span class='ocrx_word' id='word_1_572' title='bbox 2824 3446 3124 3515; x_wconf 80' lang='grc' dir='ltr'>ἀνθρώπων</span> <span class='ocrx_word' id='word_1_573' title='bbox 3179 3445 3565 3515; x_wconf 78' lang='grc' dir='ltr'>τυγχανούσης,</span> <span class='ocrx_word' id='word_1_574' title='bbox 3609 3447 3641 3514; x_wconf 75' lang='grc' dir='ltr'>ἡ</span> <span class='ocrx_word' id='word_1_575' title='bbox 3682 3447 3784 3514; x_wconf 82' lang='grc' dir='ltr'>μὲν</span> <span class='ocrx_word' id='word_1_576' title='bbox 3827 3447 4040 3515; x_wconf 75' lang='grc' dir='ltr'>νομιζο-</span> 
     </span>
    </p>
   </div>
   <div class='ocr_carea' id='block_1_75' title="bbox 2478 3536 4039 3608">
    <p class='ocr_par' dir='ltr' id='par_1_75' title="bbox 2478 3536 4039 3608">
     <span class='ocr_line' id='line_1_75' title="bbox 2478 3536 4039 3608; baseline -0.001 -20"><span class='ocrx_word' id='word_1_577' title='bbox 2478 3537 2614 3606; x_wconf 80' lang='grc' dir='ltr'>μένη</span> <span class='ocrx_word' id='word_1_578' title='bbox 2647 3536 2840 3606; x_wconf 76' lang='grc' dir='ltr'>ἀπειλὴ</span> <span class='ocrx_word' id='word_1_579' title='bbox 2883 3536 3229 3608; x_wconf 77' lang='grc' dir='ltr'>ἐπιστρέφειν</span> <span class='ocrx_word' id='word_1_580' title='bbox 3266 3536 3506 3604; x_wconf 84' lang='grc' dir='ltr'>βούλεται</span> <span class='ocrx_word' id='word_1_581' title='bbox 3546 3536 3672 3597; x_wconf 77' lang='grc' dir='ltr'>τοὺς</span> <span class='ocrx_word' id='word_1_582' title='bbox 3719 3536 4039 3594; x_wconf 74' lang='grc' dir='ltr'>ἀκούοντας·</span> 
     </span>
    </p>
   </div>
   <div class='ocr_carea' id='block_1_76' title="bbox 2480 3624 4049 3696">
    <p class='ocr_par' dir='ltr' id='par_1_76' title="bbox 2480 3624 4049 3696">
     <span class='ocr_line' id='line_1_76' title="bbox 2480 3624 4049 3696; baseline -0.001 -17"><span class='ocrx_word' id='word_1_583' title='bbox 2480 3628 2512 3696; x_wconf 82' lang='grc' dir='ltr'>ἡ</span> <span class='ocrx_word' id='word_1_584' title='bbox 2545 3627 2587 3679; x_wconf 83' lang='grc' dir='ltr'>δ’</span> <span class='ocrx_word' id='word_1_585' title='bbox 2618 3629 2673 3679; x_wconf 86' lang='grc' dir='ltr'><strong>ἐν</strong></span> <span class='ocrx_word' id='word_1_586' title='bbox 2705 3627 2783 3696; x_wconf 78' lang='grc' dir='ltr'><strong>τῷ</strong></span> <span class='ocrx_word' id='word_1_587' title='bbox 2805 3625 3170 3695; x_wconf 83' lang='grc' dir='ltr'>κατακλυσμῷ</span> <span class='ocrx_word' id='word_1_588' title='bbox 3197 3624 3457 3695; x_wconf 81' lang='grc' dir='ltr'>διαφθορά</span> <span class='ocrx_word' id='word_1_589' title='bbox 3486 3624 3593 3676; x_wconf 89' lang='grc' dir='ltr'><strong>τῶν</strong></span> <span class='ocrx_word' id='word_1_590' title='bbox 3623 3624 3934 3695; x_wconf 74' lang='grc' dir='ltr'>ἀνθρώπων</span> <span class='ocrx_word' id='word_1_591' title='bbox 3963 3644 4049 3677; x_wconf 76' lang='grc' dir='ltr'>κα·</span> 
     </span>
    </p>
   </div>
   <div class='ocr_carea' id='block_1_77' title="bbox 2480 3716 4049 3790">
    <p class='ocr_par' dir='ltr' id='par_1_77' title="bbox 2480 3716 4049 3790">
     <span class='ocr_line' id='line_1_77' title="bbox 2480 3716 4049 3790; baseline -0.002 -20"><span class='ocrx_word' id='word_1_592' title='bbox 2480 3718 2698 3790; x_wconf 88' lang='grc' dir='ltr'>θάρσιόν</span> <span class='ocrx_word' id='word_1_593' title='bbox 2727 3721 2844 3771; x_wconf 77' lang='grc' dir='ltr'>ἐστι</span> <span class='ocrx_word' id='word_1_594' title='bbox 2875 3719 2972 3788; x_wconf 79' lang='grc' dir='ltr'>τῆς</span> <span class='ocrx_word' id='word_1_595' title='bbox 3005 3719 3125 3787; x_wconf 67' lang='grc' dir='ltr'>γῆς,</span> <span class='ocrx_word' id='word_1_596' title='bbox 3163 3717 3237 3780; x_wconf 82' lang='grc' dir='ltr'>ὡς</span> <span class='ocrx_word' id='word_1_597' title='bbox 3269 3718 3361 3769; x_wconf 78' lang='grc' dir='ltr'>καὶ</span> <span class='ocrx_word' id='word_1_598' title='bbox 3403 3718 3667 3786; x_wconf 80' lang='grc' dir='ltr'>Ἐλλήνων</span> <span class='ocrx_word' id='word_1_599' title='bbox 3695 3719 3743 3768; x_wconf 82' lang='grc' dir='ltr'>οἱ</span> <span class='ocrx_word' id='word_1_600' title='bbox 3781 3716 3864 3785; x_wconf 79' lang='grc' dir='ltr'><strong>μὴ</strong></span> <span class='ocrx_word' id='word_1_601' title='bbox 3890 3717 4049 3768; x_wconf 65' lang='lat' dir='ltr'><strong>einu-</strong></span> 
     </span>
    </p>
   </div>
   <div class='ocr_carea' id='block_1_78' title="bbox 2478 3803 4046 3876">
    <p class='ocr_par' dir='ltr' id='par_1_78' title="bbox 2478 3803 4046 3876">
     <span class='ocr_line' id='line_1_78' title="bbox 2478 3803 4046 3876; baseline -0.003 -18"><span class='ocrx_word' id='word_1_602' title='bbox 2478 3807 2822 3876; x_wconf 71' lang='grc' dir='ltr'>ταφρονήτως</span> <span class='ocrx_word' id='word_1_603' title='bbox 2858 3807 3307 3874; x_wconf 74' lang='grc' dir='ltr'>φιλοσοφήσαντες</span> <span class='ocrx_word' id='word_1_604' title='bbox 3336 3806 3614 3873; x_wconf 70' lang='grc' dir='ltr'>εἰρήκασιν</span> <span class='ocrx_word' id='word_1_605' title='bbox 3645 3805 3702 3853; x_wconf 87' lang='grc' dir='ltr'><strong>ἐν</strong></span> <span class='ocrx_word' id='word_1_606' title='bbox 3730 3803 3844 3871; x_wconf 63' lang='lat' dir='ltr'><strong>tu)‘</strong></span> <span class='ocrx_word' id='word_1_607' title='bbox 3882 3805 4046 3855; x_wconf 51' lang='grc' dir='ltr'>Ὅταν</span> 
     </span>
    </p>
   </div>
   <div class='ocr_carea' id='block_1_79' title="bbox 822 3893 4048 3968">
    <p class='ocr_par' dir='ltr' id='par_1_79' title="bbox 822 3893 4048 3968">
     <span class='ocr_line' id='line_1_79' title="bbox 822 3893 4048 3968; baseline -0.002 -18"><span class='ocrx_word' id='word_1_608' title='bbox 822 3901 868 3956; x_wconf 86' lang='grc' dir='ltr'>δ’</span> <span class='ocrx_word' id='word_1_609' title='bbox 899 3901 948 3968; x_wconf 74' lang='grc' dir='ltr'>οἱ</span> <span class='ocrx_word' id='word_1_610' title='bbox 992 3899 1100 3950; x_wconf 68' lang='grc' dir='ltr'>θεοὶ</span> <span class='ocrx_word' id='word_1_611' title='bbox 1145 3897 1242 3966; x_wconf 79' lang='grc' dir='ltr'><strong>τὴν</strong></span> <span class='ocrx_word' id='word_1_612' title='bbox 1272 3898 1374 3964; x_wconf 85' lang='grc' dir='ltr'><strong>γῆν</strong></span> <span class='ocrx_word' id='word_1_613' title='bbox 1416 3893 1731 3964; x_wconf 80' lang='grc' dir='ltr'>καθαίρωσι”</span> <span class='ocrx_word' id='word_1_614' title='bbox 1766 3895 1897 3964; x_wconf 76' lang='grc'><strong>(47).</strong></span> <span class='ocrx_word' id='word_1_615' title='bbox 1952 3912 1970 3944; x_wconf 78' lang='grc' dir='ltr'><strong>ι</strong></span> <span class='ocrx_word' id='word_1_616' title='bbox 2017 3894 2151 3963; x_wconf 78' lang='grc' dir='ltr'>Περὶ</span> <span class='ocrx_word' id='word_1_617' title='bbox 2193 3894 2249 3945; x_wconf 83' lang='grc' dir='ltr'>δὲ</span> <span class='ocrx_word' id='word_1_618' title='bbox 2294 3893 2400 3946; x_wconf 90' lang='grc' dir='ltr'><strong>τῶν</strong></span> <span class='ocrx_word' id='word_1_619' title='bbox 2449 3895 2686 3968; x_wconf 73' lang='grc' dir='ltr'>ὡσπερεὶ</span> <span class='ocrx_word' id='word_1_620' title='bbox 2719 3894 3158 3966; x_wconf 85' lang='grc' dir='ltr'>ἀνθρωποπαθῶν</span> <span class='ocrx_word' id='word_1_621' title='bbox 3208 3894 3427 3959; x_wconf 77' lang='grc' dir='ltr'>λέξεων,</span> <span class='ocrx_word' id='word_1_622' title='bbox 3481 3893 3909 3961; x_wconf 69' lang='grc' dir='ltr'>ἀναφερομένων</span> <span class='ocrx_word' id='word_1_623' title='bbox 3963 3896 4048 3944; x_wconf 62' lang='grc' dir='ltr'>ἐπὶ</span> 
     </span>
    </p>
   </div>
   <div class='ocr_carea' id='block_1_80' title="bbox 824 3990 2549 4063">
    <p class='ocr_par' dir='ltr' id='par_1_80' title="bbox 824 3990 2549 4063">
     <span class='ocr_line' id='line_1_80' title="bbox 824 3990 2549 4063; baseline -0.002 -15"><span class='ocrx_word' id='word_1_624' title='bbox 824 3995 915 4048; x_wconf 79' lang='grc' dir='ltr'><strong>τὸν</strong></span> <span class='ocrx_word' id='word_1_625' title='bbox 943 3993 1095 4055; x_wconf 79' lang='grc' dir='ltr'>Θεὸν,</span> <span class='ocrx_word' id='word_1_626' title='bbox 1135 3991 1234 4043; x_wconf 77' lang='grc' dir='ltr'>οὐκ</span> <span class='ocrx_word' id='word_1_627' title='bbox 1264 3990 1416 4057; x_wconf 80' lang='grc' dir='ltr'>ὀλίγα</span> <span class='ocrx_word' id='word_1_628' title='bbox 1449 3991 1576 4060; x_wconf 77' lang='grc' dir='ltr'>ἡμῖν</span> <span class='ocrx_word' id='word_1_629' title='bbox 1613 3991 1704 4042; x_wconf 76' lang='grc' dir='ltr'><strong>καὶ</strong></span> <span class='ocrx_word' id='word_1_630' title='bbox 1748 3992 1805 4063; x_wconf 86' lang='grc' dir='ltr'><strong>ἐν</strong></span> <span class='ocrx_word' id='word_1_631' title='bbox 1847 3993 1956 4053; x_wconf 85' lang='grc' dir='ltr'>τοῖς</span> <span class='ocrx_word' id='word_1_632' title='bbox 2002 3990 2253 4060; x_wconf 81' lang='grc' dir='ltr'>ἀνωτέρω</span> <span class='ocrx_word' id='word_1_633' title='bbox 2286 3990 2549 4063; x_wconf 59' lang='grc' dir='ltr'><strong>λέλεκταιἸ</strong></span> 
     </span>
    </p>
   </div>
   <div class='ocr_carea' id='block_1_81' title="bbox 897 4078 2380 4148">
    <p class='ocr_par' dir='ltr' id='par_1_81' title="bbox 897 4078 2380 4148">
     <span class='ocr_line' id='line_1_81' title="bbox 897 4078 2380 4148; baseline -0.003 -14"><span class='ocrx_word' id='word_1_634' title='bbox 897 4083 986 4136; x_wconf 75' lang='grc'>59.</span> <span class='ocrx_word' id='word_1_635' title='bbox 1019 4081 1210 4135; x_wconf 86' lang='lat' dir='ltr'><strong>Postea</strong></span> <span class='ocrx_word' id='word_1_636' title='bbox 1233 4078 1424 4134; x_wconf 87' lang='lat' dir='ltr'><strong>Celsus</strong></span> <span class='ocrx_word' id='word_1_637' title='bbox 1462 4091 1558 4131; x_wconf 84' lang='lat' dir='ltr'><strong>aut</strong></span> <span class='ocrx_word' id='word_1_638' title='bbox 1616 4081 1900 4148; x_wconf 88' lang='lat' dir='ltr'><strong>suspicans</strong></span> <span class='ocrx_word' id='word_1_639' title='bbox 1940 4090 2031 4132; x_wconf 80' lang='lat' dir='ltr'><strong>aut</strong></span> <span class='ocrx_word' id='word_1_640' title='bbox 2076 4079 2380 4147; x_wconf 82' lang='lat' dir='ltr'><strong>intelligens</strong></span> 
     </span>
    </p>
   </div>
   <div class='ocr_carea' id='block_1_82' title="bbox 829 4149 2380 4236">
    <p class='ocr_par' dir='ltr' id='par_1_82' title="bbox 829 4149 2380 4236">
     <span class='ocr_line' id='line_1_82' title="bbox 829 4149 2380 4236; baseline 0 -18"><span class='ocrx_word' id='word_1_641' title='bbox 829 4149 1063 4236; x_wconf 46' lang='lat' dir='ltr'><strong>quid&#39;illi</strong></span> <span class='ocrx_word' id='word_1_642' title='bbox 1097 4165 1406 4235; x_wconf 89' lang='lat' dir='ltr'><strong>responderi</strong></span> <span class='ocrx_word' id='word_1_643' title='bbox 1434 4166 1605 4233; x_wconf 80' lang='lat' dir='ltr'><strong>possit</strong></span> <span class='ocrx_word' id='word_1_644' title='bbox 1631 4168 1695 4219; x_wconf 91' lang='lat' dir='ltr'><strong>de</strong></span> <span class='ocrx_word' id='word_1_645' title='bbox 1728 4167 1796 4219; x_wconf 90' lang='lat' dir='ltr'><strong>iis</strong></span> <span class='ocrx_word' id='word_1_646' title='bbox 1819 4166 1912 4233; x_wconf 91' lang='lat' dir='ltr'><strong>qui</strong></span> <span class='ocrx_word' id='word_1_647' title='bbox 1936 4167 2143 4221; x_wconf 87' lang='lat' dir='ltr'><strong>diluvio</strong></span> <span class='ocrx_word' id='word_1_648' title='bbox 2173 4166 2380 4220; x_wconf 80' lang='lat' dir='ltr'><strong>exstin-</strong></span> 
     </span>
    </p>
   </div>
   <div class='ocr_carea' id='block_1_83' title="bbox 829 4255 2383 4324">
    <p class='ocr_par' dir='ltr' id='par_1_83' title="bbox 829 4255 2383 4324">
     <span class='ocr_line' id='line_1_83' title="bbox 829 4255 2383 4324; baseline -0.003 -13"><span class='ocrx_word' id='word_1_649' title='bbox 829 4258 908 4311; x_wconf 85' lang='lat' dir='ltr'><strong>cti</strong></span> <span class='ocrx_word' id='word_1_650' title='bbox 935 4269 1081 4321; x_wconf 87' lang='lat' dir='ltr'><strong>sunt,</strong></span> <span class='ocrx_word' id='word_1_651' title='bbox 1104 4257 1182 4310; x_wconf 89' lang='lat' dir='ltr'><strong>ait</strong></span> <span class='ocrx_word' id='word_1_652' title='bbox 1212 4273 1225 4308; x_wconf 93' lang='lat'>:</span> <span class='ocrx_word' id='word_1_653' title='bbox 1265 4273 1285 4305; x_wconf 74' lang='grc' dir='ltr'><strong>ι</strong></span> <span class='ocrx_word' id='word_1_654' title='bbox 1325 4257 1434 4309; x_wconf 84' lang='lat' dir='ltr'><strong>Aut</strong></span> <span class='ocrx_word' id='word_1_655' title='bbox 1467 4257 1510 4306; x_wconf 86' lang='lat' dir='ltr'><strong>si</strong></span> <span class='ocrx_word' id='word_1_656' title='bbox 1551 4270 1656 4307; x_wconf 87' lang='lat' dir='ltr'><strong>non</strong></span> <span class='ocrx_word' id='word_1_657' title='bbox 1684 4257 1934 4324; x_wconf 86' lang='lat' dir='ltr'><strong>proprios</strong></span> <span class='ocrx_word' id='word_1_658' title='bbox 1976 4255 2115 4309; x_wconf 81' lang='lat' dir='ltr'><strong>ﬁlios</strong></span> <span class='ocrx_word' id='word_1_659' title='bbox 2145 4256 2383 4323; x_wconf 67' lang='lat' dir='ltr'><strong>pesSum-</strong></span> 
     </span>
    </p>
   </div>
   <div class='ocr_carea' id='block_1_84' title="bbox 832 4333 2382 4415">
    <p class='ocr_par' dir='ltr' id='par_1_84' title="bbox 832 4333 2382 4415">
     <span class='ocr_line' id='line_1_84' title="bbox 832 4333 2382 4415; baseline -0.002 -14"><span class='ocrx_word' id='word_1_660' title='bbox 832 4349 946 4411; x_wconf 87' lang='lat' dir='ltr'><strong>dat,</strong></span> <span class='ocrx_word' id='word_1_661' title='bbox 974 4361 1085 4415; x_wconf 92' lang='lat' dir='ltr'><strong>quo</strong></span> <span class='ocrx_word' id='word_1_662' title='bbox 1114 4333 1328 4400; x_wconf 85' lang='lat' dir='ltr'><strong>tandem</strong></span> <span class='ocrx_word' id='word_1_663' title='bbox 1359 4344 1572 4413; x_wconf 77' lang='lat' dir='ltr'><strong>ablegat</strong></span> <span class='ocrx_word' id='word_1_664' title='bbox 1598 4358 1663 4398; x_wconf 82' lang='lat' dir='ltr'><strong>ex</strong></span> <span class='ocrx_word' id='word_1_665' title='bbox 1699 4345 1801 4397; x_wconf 88' lang='lat' dir='ltr'><strong>hoc</strong></span> <span class='ocrx_word' id='word_1_666' title='bbox 1835 4345 2033 4402; x_wconf 90' lang='lat' dir='ltr'><strong>mundo</strong></span> <span class='ocrx_word' id='word_1_667' title='bbox 2075 4358 2232 4412; x_wconf 89' lang='lat' dir='ltr'><strong>quem</strong></span> <span class='ocrx_word' id='word_1_668' title='bbox 2270 4345 2382 4411; x_wconf 86' lang='lat' dir='ltr'><strong>ipse</strong></span> 
     </span>
    </p>
   </div>
   <div class='ocr_carea' id='block_1_85' title="bbox 2519 4037 4081 4150">
    <p class='ocr_par' dir='ltr' id='par_1_85' title="bbox 2519 4037 4081 4150">
     <span class='ocr_line' id='line_1_85' title="bbox 2519 4037 4081 4150; baseline -0.003 -18"><span class='ocrx_word' id='word_1_669' title='bbox 2519 4037 2937 4150; x_wconf 57' lang='lat' dir='ltr'><strong>&quot;Trtewdpevo;</strong></span> <span class='ocrx_word' id='word_1_670' title='bbox 2968 4079 3012 4132; x_wconf 89' lang='grc' dir='ltr'>δ’</span> <span class='ocrx_word' id='word_1_671' title='bbox 3046 4080 3169 4150; x_wconf 80' lang='grc' dir='ltr'>ἑξῆς</span> <span class='ocrx_word' id='word_1_672' title='bbox 3193 4081 3221 4132; x_wconf 85' lang='grc' dir='ltr'>ὁ</span> <span class='ocrx_word' id='word_1_673' title='bbox 3259 4079 3640 4148; x_wconf 76' lang='grc' dir='ltr'>Κέλσος-,τάχα</span> <span class='ocrx_word' id='word_1_674' title='bbox 3671 4077 3730 4130; x_wconf 84' lang='grc' dir='ltr'>δὲ</span> <span class='ocrx_word' id='word_1_675' title='bbox 3757 4079 3861 4130; x_wconf 74' lang='grc' dir='ltr'><strong>καὶ</strong></span> <span class='ocrx_word' id='word_1_676' title='bbox 3893 4079 4045 4140; x_wconf 59' lang='lat'><strong>9.132%,-</strong></span> <span class='ocrx_word' id='word_1_677' title='bbox 4080 4139 4081 4142; x_wconf 21' lang='grc' dir='ltr'><strong>η</strong></span> 
     </span>
    </p>
   </div>
   <div class='ocr_carea' id='block_1_86' title="bbox 2487 4169 4081 4242">
    <p class='ocr_par' dir='ltr' id='par_1_86' title="bbox 2487 4169 4081 4242">
     <span class='ocr_line' id='line_1_86' title="bbox 2487 4169 4081 4242; baseline 0 -20"><span class='ocrx_word' id='word_1_678' title='bbox 2487 4169 2727 4234; x_wconf 86' lang='grc' dir='ltr'>συνιδὼν,</span> <span class='ocrx_word' id='word_1_679' title='bbox 2763 4171 2842 4223; x_wconf 83' lang='grc' dir='ltr'><strong>ὅτι</strong></span> <span class='ocrx_word' id='word_1_680' title='bbox 2877 4171 3093 4224; x_wconf 83' lang='grc' dir='ltr'>δύναται</span> <span class='ocrx_word' id='word_1_681' title='bbox 3120 4172 3372 4242; x_wconf 82' lang='grc' dir='ltr'>λεχθῆναι</span> <span class='ocrx_word' id='word_1_682' title='bbox 3405 4171 3508 4223; x_wconf 82' lang='grc' dir='ltr'><strong>ὑπὸ</strong></span> <span class='ocrx_word' id='word_1_683' title='bbox 3536 4169 3642 4221; x_wconf 86' lang='grc' dir='ltr'><strong>τῶν</strong></span> <span class='ocrx_word' id='word_1_684' title='bbox 3674 4171 4048 4239; x_wconf 67' lang='grc' dir='ltr'>ἀπολογουμέ-</span> <span class='ocrx_word' id='word_1_685' title='bbox 4080 4179 4081 4182; x_wconf 74' lang='lat'>‘</span> 
     </span>
    </p>
   </div>
   <div class='ocr_carea' id='block_1_87' title="bbox 2422 4260 4045 4332">
    <p class='ocr_par' dir='ltr' id='par_1_87' title="bbox 2422 4260 4045 4332">
     <span class='ocr_line' id='line_1_87' title="bbox 2422 4260 4045 4332; baseline -0.002 -20"><span class='ocrx_word' id='word_1_686' title='bbox 2422 4313 2426 4316; x_wconf 52' lang='lat'><strong>.</strong></span> <span class='ocrx_word' id='word_1_687' title='bbox 2485 4277 2592 4312; x_wconf 90' lang='grc' dir='ltr'><strong>νων</strong></span> <span class='ocrx_word' id='word_1_688' title='bbox 2635 4263 2760 4330; x_wconf 75' lang='grc' dir='ltr'>περὶ</span> <span class='ocrx_word' id='word_1_689' title='bbox 2808 4261 2917 4313; x_wconf 89' lang='grc' dir='ltr'><strong>τῶν</strong></span> <span class='ocrx_word' id='word_1_690' title='bbox 2977 4265 3034 4314; x_wconf 86' lang='grc' dir='ltr'>ὲν</span> <span class='ocrx_word' id='word_1_691' title='bbox 3078 4262 3155 4332; x_wconf 79' lang='grc' dir='ltr'><strong>τῷ</strong></span> <span class='ocrx_word' id='word_1_692' title='bbox 3203 4260 3565 4330; x_wconf 81' lang='grc' dir='ltr'>κατακλυσμῷ</span> <span class='ocrx_word' id='word_1_693' title='bbox 3615 4260 4045 4332; x_wconf 60' lang='grc' dir='ltr'>διαφθαρέντων,</span> 
     </span>
    </p>
   </div>
   <div class='ocr_carea' id='block_1_88' title="bbox 2486 4350 4047 4424">
    <p class='ocr_par' dir='ltr' id='par_1_88' title="bbox 2486 4350 4047 4424">
     <span class='ocr_line' id='line_1_88' title="bbox 2486 4350 4047 4424; baseline 0.003 -24"><span class='ocrx_word' id='word_1_694' title='bbox 2486 4350 2668 4420; x_wconf 80' lang='grc' dir='ltr'>φησίν·</span> <span class='ocrx_word' id='word_1_695' title='bbox 2719 4369 2738 4401; x_wconf 73' lang='grc' dir='ltr'><strong>ι</strong></span> <span class='ocrx_word' id='word_1_696' title='bbox 2782 4351 2842 4403; x_wconf 83' lang='lat' dir='ltr'><strong>El</strong></span> <span class='ocrx_word' id='word_1_697' title='bbox 2887 4351 2946 4403; x_wconf 81' lang='grc' dir='ltr'>δὲ</span> <span class='ocrx_word' id='word_1_698' title='bbox 2985 4351 3059 4422; x_wconf 79' lang='grc' dir='ltr'><strong>μὴ</strong></span> <span class='ocrx_word' id='word_1_699' title='bbox 3102 4352 3399 4424; x_wconf 80' lang='grc' dir='ltr'>διαφθείρει</span> <span class='ocrx_word' id='word_1_700' title='bbox 3430 4352 3498 4404; x_wconf 84' lang='grc' dir='ltr'><strong>τά</strong></span> <span class='ocrx_word' id='word_1_701' title='bbox 3545 4351 3649 4404; x_wconf 82' lang='grc' dir='ltr'>ἴδια</span> <span class='ocrx_word' id='word_1_702' title='bbox 3686 4352 3912 4419; x_wconf 78' lang='grc' dir='ltr'>ἔκγονα,</span> 
     </span>
    </p>
   </div>
   <div class='ocr_carea' id='block_1_89' title="bbox 831 4409 2370 4511">
    <p class='ocr_par' dir='ltr' id='par_1_89' title="bbox 831 4409 2370 4503">
     <span class='ocr_line' id='line_1_89' title="bbox 831 4409 2370 4503; baseline -0.003 -14"><span class='ocrx_word' id='word_1_703' title='bbox 831 4409 1008 4489; x_wconf 68' lang='grc' dir='ltr'>ΐοοίιί</span> <span class='ocrx_word' id='word_1_704' title='bbox 1029 4452 1048 4485; x_wconf 76' lang='grc' dir='ltr'><strong>ι</strong></span> <span class='ocrx_word' id='word_1_705' title='bbox 1079 4433 1159 4486; x_wconf 82' lang='lat' dir='ltr'><strong>Ad</strong></span> <span class='ocrx_word' id='word_1_706' title='bbox 1191 4435 1334 4502; x_wconf 90' lang='lat' dir='ltr'><strong>quod</strong></span> <span class='ocrx_word' id='word_1_707' title='bbox 1359 4448 1456 4488; x_wconf 90' lang='lat' dir='ltr'><strong>nos</strong></span> <span class='ocrx_word' id='word_1_708' title='bbox 1484 4409 1715 4488; x_wconf 78' lang='lat' dir='ltr'><strong>dicimus</strong></span> <span class='ocrx_word' id='word_1_709' title='bbox 1737 4447 1831 4488; x_wconf 88' lang='lat' dir='ltr'><strong>eos</strong></span> <span class='ocrx_word' id='word_1_710' title='bbox 1867 4435 1957 4503; x_wconf 89' lang='lat' dir='ltr'><strong>qui</strong></span> <span class='ocrx_word' id='word_1_711' title='bbox 1982 4409 2184 4489; x_wconf 59' lang='lat' dir='ltr'><strong>diluvio</strong></span> <span class='ocrx_word' id='word_1_712' title='bbox 2207 4409 2370 4500; x_wconf 76' lang='lat' dir='ltr'><strong>perie-</strong></span> 
     </span>
    </p>
   </div>
   <div class='ocr_carea' id='block_1_90' title="bbox 2472 4409 4046 4511">
    <p class='ocr_par' dir='ltr' id='par_1_90' title="bbox 2483 4439 4046 4511">
     <span class='ocr_line' id='line_1_90' title="bbox 2483 4439 4046 4511; baseline 0.003 -22"><span class='ocrx_word' id='word_1_713' title='bbox 2483 4455 2610 4490; x_wconf 86' lang='grc' dir='ltr'>ποτε</span> <span class='ocrx_word' id='word_1_714' title='bbox 2645 4440 2781 4492; x_wconf 83' lang='grc' dir='ltr'><strong>αύτά</strong></span> <span class='ocrx_word' id='word_1_715' title='bbox 2810 4439 3078 4508; x_wconf 78' lang='grc' dir='ltr'>ὑπεξάγει,</span> <span class='ocrx_word' id='word_1_716' title='bbox 3100 4441 3196 4493; x_wconf 79' lang='grc' dir='ltr'>τοῦ</span> <span class='ocrx_word' id='word_1_717' title='bbox 3237 4442 3439 4511; x_wconf 86' lang='grc' dir='ltr'>κόσμου</span> <span class='ocrx_word' id='word_1_718' title='bbox 3483 4441 3654 4504; x_wconf 83' lang='grc' dir='ltr'>τοῦδε,</span> <span class='ocrx_word' id='word_1_719' title='bbox 3691 4441 3749 4493; x_wconf 82' lang='grc' dir='ltr'>ὃν</span> <span class='ocrx_word' id='word_1_720' title='bbox 3794 4443 4046 4510; x_wconf 70' lang='grc' dir='ltr'>ἐποίησε-.-</span> 
     </span>
    </p>
   </div>
   <div class='ocr_carea' id='block_1_91' title="bbox 833 4524 2380 4592">
    <p class='ocr_par' dir='ltr' id='par_1_91' title="bbox 833 4524 2380 4592">
     <span class='ocr_line' id='line_1_91' title="bbox 833 4524 2380 4592; baseline -0.001 -14"><span class='ocrx_word' id='word_1_721' title='bbox 833 4533 982 4586; x_wconf 85' lang='lat' dir='ltr'><strong>runt,</strong></span> <span class='ocrx_word' id='word_1_722' title='bbox 1012 4538 1115 4577; x_wconf 90' lang='lat' dir='ltr'><strong>non</strong></span> <span class='ocrx_word' id='word_1_723' title='bbox 1156 4527 1421 4580; x_wconf 86' lang='lat' dir='ltr'><strong>removeri</strong></span> <span class='ocrx_word' id='word_1_724' title='bbox 1455 4525 1677 4578; x_wconf 91' lang='lat' dir='ltr'><strong>omnino</strong></span> <span class='ocrx_word' id='word_1_725' title='bbox 1720 4540 1748 4578; x_wconf 89' lang='lat' dir='ltr'><strong>a</strong></span> <span class='ocrx_word' id='word_1_726' title='bbox 1786 4533 1900 4579; x_wconf 92' lang='lat' dir='ltr'><strong>toto</strong></span> <span class='ocrx_word' id='word_1_727' title='bbox 1932 4526 2033 4580; x_wconf 91' lang='lat' dir='ltr'><strong>hoc</strong></span> <span class='ocrx_word' id='word_1_728' title='bbox 2069 4524 2266 4578; x_wconf 90' lang='lat' dir='ltr'><strong>mundo</strong></span> <span class='ocrx_word' id='word_1_729' title='bbox 2292 4525 2380 4592; x_wconf 90' lang='lat' dir='ltr'><strong>qui</strong></span> 
     </span>
    </p>
   </div>
   <div class='ocr_carea' id='block_1_92' title="bbox 834 4613 2382 4681">
    <p class='ocr_par' dir='ltr' id='par_1_92' title="bbox 834 4613 2382 4681">
     <span class='ocr_line' id='line_1_92' title="bbox 834 4613 2382 4681; baseline -0.001 -13"><span class='ocrx_word' id='word_1_730' title='bbox 834 4629 868 4668; x_wconf 85' lang='lat' dir='ltr'><strong>e</strong></span> <span class='ocrx_word' id='word_1_731' title='bbox 897 4613 1033 4667; x_wconf 73' lang='lat' dir='ltr'><strong>cmlo</strong></span> <span class='ocrx_word' id='word_1_732' title='bbox 1053 4621 1105 4666; x_wconf 89' lang='lat' dir='ltr'><strong>et</strong></span> <span class='ocrx_word' id='word_1_733' title='bbox 1135 4621 1278 4668; x_wconf 84' lang='lat' dir='ltr'><strong>terra</strong></span> <span class='ocrx_word' id='word_1_734' title='bbox 1305 4623 1562 4675; x_wconf 84' lang='lat' dir='ltr'><strong>constat,</strong></span> <span class='ocrx_word' id='word_1_735' title='bbox 1609 4614 1707 4667; x_wconf 90' lang='lat' dir='ltr'><strong>sed</strong></span> <span class='ocrx_word' id='word_1_736' title='bbox 1755 4614 1822 4667; x_wconf 85' lang='lat' dir='ltr'><strong>ab</strong></span> <span class='ocrx_word' id='word_1_737' title='bbox 1863 4614 1952 4666; x_wconf 87' lang='lat' dir='ltr'><strong>illa</strong></span> <span class='ocrx_word' id='word_1_738' title='bbox 1996 4616 2104 4666; x_wconf 85' lang='lat' dir='ltr'><strong>vita</strong></span> <span class='ocrx_word' id='word_1_739' title='bbox 2157 4628 2280 4681; x_wconf 71' lang='lat' dir='ltr'><strong>qua:</strong></span> <span class='ocrx_word' id='word_1_740' title='bbox 2331 4615 2382 4666; x_wconf 90' lang='lat' dir='ltr'><strong>in</strong></span> 
     </span>
    </p>
   </div>
   <div class='ocr_carea' id='block_1_93' title="bbox 835 4701 2385 4771">
    <p class='ocr_par' dir='ltr' id='par_1_93' title="bbox 835 4701 2385 4771">
     <span class='ocr_line' id='line_1_93' title="bbox 835 4701 2385 4771; baseline 0 -15"><span class='ocrx_word' id='word_1_741' title='bbox 835 4717 1001 4756; x_wconf 87' lang='lat' dir='ltr'><strong>carne</strong></span> <span class='ocrx_word' id='word_1_742' title='bbox 1037 4701 1254 4766; x_wconf 88' lang='lat' dir='ltr'><strong>vivitur;</strong></span> <span class='ocrx_word' id='word_1_743' title='bbox 1285 4710 1340 4756; x_wconf 90' lang='lat' dir='ltr'><strong>et</strong></span> <span class='ocrx_word' id='word_1_744' title='bbox 1359 4701 1552 4755; x_wconf 85' lang='lat' dir='ltr'><strong>solutis</strong></span> <span class='ocrx_word' id='word_1_745' title='bbox 1577 4703 1895 4771; x_wconf 86' lang='lat' dir='ltr'><strong>corporibus</strong></span> <span class='ocrx_word' id='word_1_746' title='bbox 1911 4718 2004 4758; x_wconf 88' lang='lat' dir='ltr'><strong>eos</strong></span> <span class='ocrx_word' id='word_1_747' title='bbox 2035 4705 2146 4758; x_wconf 90' lang='lat' dir='ltr'><strong>tolli</strong></span> <span class='ocrx_word' id='word_1_748' title='bbox 2171 4716 2385 4769; x_wconf 81' lang='lat' dir='ltr'><strong>eterra,</strong></span> 
     </span>
    </p>
   </div>
   <div class='ocr_carea' id='block_1_94' title="bbox 837 4791 2422 4865">
    <p class='ocr_par' dir='ltr' id='par_1_94' title="bbox 837 4791 2422 4865">
     <span class='ocr_line' id='line_1_94' title="bbox 837 4791 2422 4865; baseline 0.003 -19"><span class='ocrx_word' id='word_1_749' title='bbox 837 4805 998 4858; x_wconf 78' lang='lat' dir='ltr'><strong>quam</strong></span> <span class='ocrx_word' id='word_1_750' title='bbox 1021 4793 1300 4862; x_wconf 81' lang='lat' dir='ltr'><strong>Scriptura</strong></span> <span class='ocrx_word' id='word_1_751' title='bbox 1337 4791 1520 4845; x_wconf 89' lang='lat' dir='ltr'><strong>multis</strong></span> <span class='ocrx_word' id='word_1_752' title='bbox 1561 4794 1614 4844; x_wconf 92' lang='lat' dir='ltr'><strong>in</strong></span> <span class='ocrx_word' id='word_1_753' title='bbox 1649 4792 1781 4847; x_wconf 84' lang='lat' dir='ltr'><strong>locis</strong></span> <span class='ocrx_word' id='word_1_754' title='bbox 1812 4793 2067 4848; x_wconf 87' lang='lat' dir='ltr'><strong>mundum</strong></span> <span class='ocrx_word' id='word_1_755' title='bbox 2099 4795 2268 4865; x_wconf 77' lang='lat'><strong>678</strong></span> <span class='ocrx_word' id='word_1_756' title='bbox 2289 4811 2382 4850; x_wconf 85' lang='lat' dir='ltr'><strong>vo-</strong></span> <span class='ocrx_word' id='word_1_757' title='bbox 2420 4828 2422 4830; x_wconf 61' lang='grc' dir='ltr'><strong>τ</strong></span> 
     </span>
    </p>
   </div>
   <div class='ocr_carea' id='block_1_95' title="bbox 836 4882 2382 4957">
    <p class='ocr_par' dir='ltr' id='par_1_95' title="bbox 836 4882 2382 4957">
     <span class='ocr_line' id='line_1_95' title="bbox 836 4882 2382 4957; baseline 0.001 -20"><span class='ocrx_word' id='word_1_758' title='bbox 836 4898 964 4937; x_wconf 86' lang='lat' dir='ltr'><strong>care</strong></span> <span class='ocrx_word' id='word_1_759' title='bbox 1012 4883 1170 4939; x_wconf 83' lang='lat' dir='ltr'><strong>solet.</strong></span> <span class='ocrx_word' id='word_1_760' title='bbox 1215 4882 1324 4936; x_wconf 88' lang='lat' dir='ltr'><strong>Sed</strong></span> <span class='ocrx_word' id='word_1_761' title='bbox 1371 4882 1605 4936; x_wconf 85' lang='lat' dir='ltr'><strong>maxime</strong></span> <span class='ocrx_word' id='word_1_762' title='bbox 1642 4883 1697 4957; x_wconf 82' lang='lat' dir='ltr'><strong>in</strong></span> <span class='ocrx_word' id='word_1_763' title='bbox 1742 4884 2032 4954; x_wconf 76' lang='lat' dir='ltr'><strong>Evangelia</strong></span> <span class='ocrx_word' id='word_1_764' title='bbox 2087 4888 2382 4939; x_wconf 82' lang='lat' dir='ltr'><strong>secundum</strong></span> 
     </span>
    </p>
   </div>
   <div class='ocr_carea' id='block_1_96' title="bbox 834 4971 2386 5030">
    <p class='ocr_par' dir='ltr' id='par_1_96' title="bbox 834 4971 2386 5030">
     <span class='ocr_line' id='line_1_96' title="bbox 834 4971 2386 5030; baseline 0.002 -4"><span class='ocrx_word' id='word_1_765' title='bbox 834 4971 1094 5026; x_wconf 84' lang='lat' dir='ltr'><strong>Joannem</strong></span> <span class='ocrx_word' id='word_1_766' title='bbox 1132 4973 1378 5028; x_wconf 85' lang='lat' dir='ltr'><strong>invenire</strong></span> <span class='ocrx_word' id='word_1_767' title='bbox 1403 4983 1488 5028; x_wconf 91' lang='lat' dir='ltr'><strong>est</strong></span> <span class='ocrx_word' id='word_1_768' title='bbox 1519 4973 1692 5028; x_wconf 90' lang='lat' dir='ltr'><strong>locum</strong></span> <span class='ocrx_word' id='word_1_769' title='bbox 1737 4974 1882 5028; x_wconf 91' lang='lat' dir='ltr'><strong>hunc</strong></span> <span class='ocrx_word' id='word_1_770' title='bbox 1925 4983 2198 5028; x_wconf 85' lang='lat' dir='ltr'><strong>terrenum</strong></span> <span class='ocrx_word' id='word_1_771' title='bbox 2233 4992 2386 5030; x_wconf 60' lang='grc' dir='ltr'>ιιιιιιιον</span> 
     </span>
    </p>
   </div>
   <div class='ocr_carea' id='block_1_97' title="bbox 774 5049 2383 5130">
    <p class='ocr_par' dir='ltr' id='par_1_97' title="bbox 774 5049 2383 5130">
     <span class='ocr_line' id='line_1_97' title="bbox 774 5049 2383 5130; baseline 0.001 -12"><span class='ocrx_word' id='word_1_772' title='bbox 774 5116 776 5118; x_wconf 74' lang='grc'><strong>,</strong></span> <span class='ocrx_word' id='word_1_773' title='bbox 840 5062 965 5115; x_wconf 87' lang='lat' dir='ltr'><strong>dum</strong></span> <span class='ocrx_word' id='word_1_774' title='bbox 991 5061 1278 5130; x_wconf 86' lang='lat' dir='ltr'><strong>appellari;</strong></span> <span class='ocrx_word' id='word_1_775' title='bbox 1311 5063 1452 5118; x_wconf 90' lang='lat' dir='ltr'><strong>sicut</strong></span> <span class='ocrx_word' id='word_1_776' title='bbox 1487 5079 1609 5118; x_wconf 91' lang='lat' dir='ltr'><strong>cum</strong></span> <span class='ocrx_word' id='word_1_777' title='bbox 1638 5062 1836 5117; x_wconf 88' lang='lat' dir='ltr'><strong>dicitur</strong></span> <span class='ocrx_word' id='word_1_778' title='bbox 1864 5080 1877 5116; x_wconf 89' lang='lat'>:</span> <span class='ocrx_word' id='word_1_779' title='bbox 1909 5080 1928 5113; x_wconf 78' lang='grc' dir='ltr'><strong>ι</strong></span> <span class='ocrx_word' id='word_1_780' title='bbox 1976 5064 2105 5116; x_wconf 79' lang='lat' dir='ltr'><strong>Erat</strong></span> <span class='ocrx_word' id='word_1_781' title='bbox 2134 5049 2224 5117; x_wconf 67' lang='lat' dir='ltr'><strong>lux</strong></span> <span class='ocrx_word' id='word_1_782' title='bbox 2257 5079 2383 5119; x_wconf 76' lang='lat' dir='ltr'><strong>vera</strong></span> 
     </span>
    </p>
   </div>
   <div class='ocr_carea' id='block_1_98' title="bbox 840 5149 2387 5219">
    <p class='ocr_par' dir='ltr' id='par_1_98' title="bbox 840 5149 2387 5219">
     <span class='ocr_line' id='line_1_98' title="bbox 840 5149 2387 5219; baseline 0.003 -15"><span class='ocrx_word' id='word_1_783' title='bbox 840 5163 959 5219; x_wconf 66' lang='lat' dir='ltr'><strong>quae</strong></span> <span class='ocrx_word' id='word_1_784' title='bbox 990 5149 1253 5206; x_wconf 87' lang='lat' dir='ltr'><strong>illuminat</strong></span> <span class='ocrx_word' id='word_1_785' title='bbox 1281 5166 1498 5208; x_wconf 87' lang='lat' dir='ltr'><strong>omnem</strong></span> <span class='ocrx_word' id='word_1_786' title='bbox 1529 5154 1802 5208; x_wconf 89' lang='lat' dir='ltr'><strong>hominem</strong></span> <span class='ocrx_word' id='word_1_787' title='bbox 1823 5155 2128 5210; x_wconf 86' lang='lat' dir='ltr'><strong>venientem</strong></span> <span class='ocrx_word' id='word_1_788' title='bbox 2160 5155 2229 5207; x_wconf 49' lang='lat' dir='ltr'><strong>iu:</strong></span> <span class='ocrx_word' id='word_1_789' title='bbox 2247 5156 2387 5210; x_wconf 90' lang='lat' dir='ltr'><strong>hunc</strong></span> 
     </span>
    </p>
   </div>
   <div class='ocr_carea' id='block_1_99' title="bbox 913 5279 1820 5348">
    <p class='ocr_par' dir='ltr' id='par_1_99' title="bbox 913 5279 1820 5348">
     <span class='ocr_line' id='line_1_99' title="bbox 913 5279 1820 5348; baseline 0.001 -12"><span class='ocrx_word' id='word_1_790' title='bbox 913 5280 959 5313; x_wconf 80' lang='lat'>“</span> <span class='ocrx_word' id='word_1_791' title='bbox 990 5279 1108 5338; x_wconf 86' lang='lat' dir='ltr'><strong>Gal.</strong></span> <span class='ocrx_word' id='word_1_792' title='bbox 1132 5297 1182 5347; x_wconf 92' lang='lat' dir='ltr'><strong>v,</strong></span> <span class='ocrx_word' id='word_1_793' title='bbox 1211 5280 1262 5337; x_wconf 90' lang='lat'><strong>8.</strong></span> <span class='ocrx_word' id='word_1_794' title='bbox 1342 5284 1381 5314; x_wconf 82' lang='lat'>“</span> <span class='ocrx_word' id='word_1_795' title='bbox 1415 5284 1514 5339; x_wconf 88' lang='lat' dir='ltr'><strong>lsa.</strong></span> <span class='ocrx_word' id='word_1_796' title='bbox 1549 5299 1584 5348; x_wconf 86' lang='grc' dir='ltr'><strong>ι,</strong></span> <span class='ocrx_word' id='word_1_797' title='bbox 1620 5284 1700 5346; x_wconf 86' lang='lat' dir='ltr'><strong>l9,</strong></span> <span class='ocrx_word' id='word_1_798' title='bbox 1729 5285 1820 5337; x_wconf 69' lang='lat'><strong>20.</strong></span> 
     </span>
    </p>
   </div>
   <div class='ocr_carea' id='block_1_100' title="bbox 911 5391 2042 5462">
    <p class='ocr_par' dir='ltr' id='par_1_100' title="bbox 911 5391 2042 5462">
     <span class='ocr_line' id='line_1_100' title="bbox 911 5391 2042 5462; baseline 0.006 -19"><span class='ocrx_word' id='word_1_799' title='bbox 911 5391 1023 5462; x_wconf 71' lang='grc' dir='ltr'>(ιιι)</span> <span class='ocrx_word' id='word_1_800' title='bbox 1055 5391 1259 5459; x_wconf 59' lang='grc' dir='ltr'>Χίυιεςιιιί</span> <span class='ocrx_word' id='word_1_801' title='bbox 1294 5395 1578 5448; x_wconf 88' lang='lat' dir='ltr'><strong>Deuteron.</strong></span> <span class='ocrx_word' id='word_1_802' title='bbox 1618 5395 1768 5462; x_wconf 87' lang='lat' dir='ltr'><strong>lihb.,</strong></span> <span class='ocrx_word' id='word_1_803' title='bbox 1792 5399 2042 5450; x_wconf 84' lang='grc' dir='ltr'>αἰτεῖται.</span> 
     </span>
    </p>
   </div>
   <div class='ocr_carea' id='block_1_101' title="bbox 875 5462 2389 5544">
    <p class='ocr_par' dir='ltr' id='par_1_101' title="bbox 875 5462 2389 5544">
     <span class='ocr_line' id='line_1_101' title="bbox 875 5462 2389 5544; baseline 0.006 -32"><span class='ocrx_word' id='word_1_804' title='bbox 875 5462 1031 5544; x_wconf 41' lang='lat' dir='ltr'><strong>J45).</strong></span> <span class='ocrx_word' id='word_1_805' title='bbox 1059 5463 1328 5544; x_wconf 82' lang='lat' dir='ltr'><strong>Articulus</strong></span> <span class='ocrx_word' id='word_1_806' title='bbox 1352 5464 1451 5532; x_wconf 83' lang='grc' dir='ltr'>τῆς</span> <span class='ocrx_word' id='word_1_807' title='bbox 1474 5465 1622 5518; x_wconf 87' lang='lat' dir='ltr'><strong>deest</strong></span> <span class='ocrx_word' id='word_1_808' title='bbox 1651 5465 1702 5518; x_wconf 91' lang='lat' dir='ltr'><strong>in</strong></span> <span class='ocrx_word' id='word_1_809' title='bbox 1727 5476 1880 5520; x_wconf 88' lang='lat' dir='ltr'><strong>antea</strong></span> <span class='ocrx_word' id='word_1_810' title='bbox 1901 5469 2086 5529; x_wconf 89' lang='lat' dir='ltr'><strong>editis,</strong></span> <span class='ocrx_word' id='word_1_811' title='bbox 2108 5466 2200 5519; x_wconf 87' lang='lat' dir='ltr'><strong>sed</strong></span> <span class='ocrx_word' id='word_1_812' title='bbox 2233 5471 2389 5536; x_wconf 80' lang='lat' dir='ltr'><strong>repe-</strong></span> 
     </span>
    </p>
   </div>
   <div class='ocr_carea' id='block_1_102' title="bbox 845 5541 1229 5583">
    <p class='ocr_par' dir='ltr' id='par_1_102' title="bbox 845 5541 1229 5583">
     <span class='ocr_line' id='line_1_102' title="bbox 845 5541 1229 5583; baseline 0 0"><span class='ocrx_word' id='word_1_813' title='bbox 845 5541 982 5583; x_wconf 67' lang='grc' dir='ltr'>νιιιιι</span> <span class='ocrx_word' id='word_1_814' title='bbox 1021 5544 1071 5581; x_wconf 85' lang='lat' dir='ltr'><strong>Ill</strong></span> <span class='ocrx_word' id='word_1_815' title='bbox 1100 5543 1229 5583; x_wconf 70' lang='lat' dir='ltr'><strong>MSS.</strong></span> 
     </span>
    </p>
   </div>
   <div class='ocr_carea' id='block_1_103' title="bbox 911 5594 2385 5681">
    <p class='ocr_par' dir='ltr' id='par_1_103' title="bbox 911 5594 2385 5681">
     <span class='ocr_line' id='line_1_103' title="bbox 911 5594 2385 5681; baseline 0.005 -30"><span class='ocrx_word' id='word_1_816' title='bbox 911 5594 1482 5681; x_wconf 47' lang='grc' dir='ltr'><strong>(ηίθλιἰἳν-ιξιῖυμήθηνἶ</strong></span> <span class='ocrx_word' id='word_1_817' title='bbox 1520 5600 1856 5681; x_wconf 40' lang='grc' dir='ltr'>Ιιρεεείιλοιὶιιε</span> <span class='ocrx_word' id='word_1_818' title='bbox 1911 5603 1962 5670; x_wconf 85' lang='lat' dir='ltr'><strong>in</strong></span> <span class='ocrx_word' id='word_1_819' title='bbox 2012 5613 2158 5681; x_wconf 52' lang='lat' dir='ltr'><strong>testu</strong></span> <span class='ocrx_word' id='word_1_820' title='bbox 2204 5605 2385 5665; x_wconf 86' lang='lat' dir='ltr'><strong>habet,</strong></span> 
     </span>
    </p>
   </div>
   <div class='ocr_carea' id='block_1_104' title="bbox 847 5663 2386 5747">
    <p class='ocr_par' dir='ltr' id='par_1_104' title="bbox 847 5663 2386 5747">
     <span class='ocr_line' id='line_1_104' title="bbox 847 5663 2386 5747; baseline 0.005 -28"><span class='ocrx_word' id='word_1_821' title='bbox 847 5663 1146 5739; x_wconf 67' lang='lat' dir='ltr'><strong>thptbﬂqv.</strong></span> <span class='ocrx_word' id='word_1_822' title='bbox 1175 5663 1438 5724; x_wconf 70' lang='lat' dir='ltr'><strong>Caeterum</strong></span> <span class='ocrx_word' id='word_1_823' title='bbox 1468 5669 1823 5746; x_wconf 76' lang='grc' dir='ltr'>ἐνεθυμήθην,</span> <span class='ocrx_word' id='word_1_824' title='bbox 1859 5667 2045 5747; x_wconf 76' lang='lat' dir='ltr'><strong>contra</strong></span> <span class='ocrx_word' id='word_1_825' title='bbox 2070 5663 2386 5743; x_wconf 80' lang='lat' dir='ltr'><strong>Origenem,</strong></span> 
     </span>
    </p>
   </div>
   <div class='ocr_carea' id='block_1_105' title="bbox 1899 5285 2435 5351">
    <p class='ocr_par' dir='ltr' id='par_1_105' title="bbox 1899 5285 2435 5351">
     <span class='ocr_line' id='line_1_105' title="bbox 1899 5285 2435 5351; baseline -0.006 -12"><span class='ocrx_word' id='word_1_826' title='bbox 1899 5287 1940 5316; x_wconf 81' lang='lat'>&quot;</span> <span class='ocrx_word' id='word_1_827' title='bbox 1971 5285 2124 5339; x_wconf 85' lang='lat' dir='ltr'><strong>Deut.</strong></span> <span class='ocrx_word' id='word_1_828' title='bbox 2151 5300 2204 5350; x_wconf 69' lang='grc' dir='ltr'><strong>κ,</strong></span> <span class='ocrx_word' id='word_1_829' title='bbox 2235 5285 2435 5351; x_wconf 70' lang='lat'><strong>12,13.</strong></span> 
     </span>
    </p>
   </div>
   <div class='ocr_carea' id='block_1_106' title="bbox 2485 4529 4044 4601">
    <p class='ocr_par' dir='ltr' id='par_1_106' title="bbox 2485 4529 4044 4601">
     <span class='ocr_line' id='line_1_106' title="bbox 2485 4529 4044 4601; baseline -0.001 -20"><span class='ocrx_word' id='word_1_830' title='bbox 2485 4529 2675 4594; x_wconf 84' lang='grc' dir='ltr'>αύτός;</span> <span class='ocrx_word' id='word_1_831' title='bbox 2710 4549 2728 4581; x_wconf 80' lang='grc' dir='ltr'><strong>ι</strong></span> <span class='ocrx_word' id='word_1_832' title='bbox 2769 4531 2878 4582; x_wconf 73' lang='grc' dir='ltr'>Καὶ</span> <span class='ocrx_word' id='word_1_833' title='bbox 2912 4531 3046 4601; x_wconf 85' lang='grc' dir='ltr'>πρὸς</span> <span class='ocrx_word' id='word_1_834' title='bbox 3085 4531 3242 4586; x_wconf 76' lang='grc' dir='ltr'>τοῦτο</span> <span class='ocrx_word' id='word_1_835' title='bbox 3277 4532 3334 4584; x_wconf 83' lang='grc' dir='ltr'>δὲ</span> <span class='ocrx_word' id='word_1_836' title='bbox 3367 4532 3627 4601; x_wconf 75' lang='grc' dir='ltr'>λέγομεν,</span> <span class='ocrx_word' id='word_1_837' title='bbox 3677 4533 3759 4584; x_wconf 85' lang='grc' dir='ltr'>ὅτι</span> <span class='ocrx_word' id='word_1_838' title='bbox 3811 4533 3904 4585; x_wconf 76' lang='grc' dir='ltr'>τοῦ</span> <span class='ocrx_word' id='word_1_839' title='bbox 3957 4534 4044 4601; x_wconf 66' lang='grc' dir='ltr'>μὲν</span> 
     </span>
    </p>
   </div>
   <div class='ocr_carea' id='block_1_107' title="bbox 2487 4621 4042 4694">
    <p class='ocr_par' dir='ltr' id='par_1_107' title="bbox 2487 4621 4042 4694">
     <span class='ocr_line' id='line_1_107' title="bbox 2487 4621 4042 4694; baseline 0.001 -22"><span class='ocrx_word' id='word_1_840' title='bbox 2487 4621 2686 4684; x_wconf 87' lang='grc' dir='ltr'>παντὸς</span> <span class='ocrx_word' id='word_1_841' title='bbox 2714 4621 2938 4690; x_wconf 87' lang='grc' dir='ltr'>κόσμου,</span> <span class='ocrx_word' id='word_1_842' title='bbox 2975 4622 3305 4687; x_wconf 83' lang='grc' dir='ltr'>συνεστῶτος</span> <span class='ocrx_word' id='word_1_843' title='bbox 3343 4623 3401 4689; x_wconf 80' lang='grc' dir='ltr'>ἐξ</span> <span class='ocrx_word' id='word_1_844' title='bbox 3429 4623 3662 4694; x_wconf 83' lang='grc' dir='ltr'>οὐρανοῦ</span> <span class='ocrx_word' id='word_1_845' title='bbox 3696 4625 3796 4675; x_wconf 75' lang='grc' dir='ltr'><strong>καὶ</strong></span> <span class='ocrx_word' id='word_1_846' title='bbox 3835 4624 3962 4692; x_wconf 72' lang='grc' dir='ltr'>γῆς,</span> <span class='ocrx_word' id='word_1_847' title='bbox 3993 4624 4042 4673; x_wconf 64' lang='lat'><strong>0;</strong></span> 
     </span>
    </p>
   </div>
   <div class='ocr_carea' id='block_1_108' title="bbox 2488 4711 4042 4781">
    <p class='ocr_par' dir='ltr' id='par_1_108' title="bbox 2488 4711 4042 4781">
     <span class='ocr_line' id='line_1_108' title="bbox 2488 4711 4042 4781; baseline 0.003 -20"><span class='ocrx_word' id='word_1_848' title='bbox 2488 4711 2698 4773; x_wconf 81' lang='grc' dir='ltr'>πάντως</span> <span class='ocrx_word' id='word_1_849' title='bbox 2729 4711 2984 4779; x_wconf 80' lang='grc' dir='ltr'>ὑπεξάγει</span> <span class='ocrx_word' id='word_1_850' title='bbox 3006 4714 3129 4774; x_wconf 78' lang='grc' dir='ltr'>τοὺς</span> <span class='ocrx_word' id='word_1_851' title='bbox 3159 4713 3250 4766; x_wconf 82' lang='grc' dir='ltr'>τὸν</span> <span class='ocrx_word' id='word_1_852' title='bbox 3275 4714 3647 4781; x_wconf 84' lang='grc' dir='ltr'>κατακλυσμὸν</span> <span class='ocrx_word' id='word_1_853' title='bbox 3669 4715 4042 4773; x_wconf 69' lang='grc' dir='ltr'>πεπονθότας·</span> 
     </span>
    </p>
   </div>
   <div class='ocr_carea' id='block_1_109' title="bbox 2487 4797 4046 4868">
    <p class='ocr_par' dir='ltr' id='par_1_109' title="bbox 2487 4797 4046 4868">
     <span class='ocr_line' id='line_1_109' title="bbox 2487 4797 4046 4868; baseline -0.001 -18"><span class='ocrx_word' id='word_1_854' title='bbox 2487 4798 2812 4852; x_wconf 81' lang='grc' dir='ltr'>ἀπαλλάττει</span> <span class='ocrx_word' id='word_1_855' title='bbox 2843 4799 2888 4851; x_wconf 88' lang='grc' dir='ltr'>δ’</span> <span class='ocrx_word' id='word_1_856' title='bbox 2917 4799 3110 4862; x_wconf 79' lang='grc' dir='ltr'>αὐτοὺς</span> <span class='ocrx_word' id='word_1_857' title='bbox 3134 4800 3230 4868; x_wconf 80' lang='grc' dir='ltr'>τῆς</span> <span class='ocrx_word' id='word_1_858' title='bbox 3259 4801 3316 4853; x_wconf 91' lang='grc' dir='ltr'><strong>ἐν</strong></span> <span class='ocrx_word' id='word_1_859' title='bbox 3343 4799 3504 4868; x_wconf 70' lang='grc' dir='ltr'>σαρκὶ</span> <span class='ocrx_word' id='word_1_860' title='bbox 3532 4797 3697 4866; x_wconf 76' lang='grc' dir='ltr'>ζωῆς,</span> <span class='ocrx_word' id='word_1_861' title='bbox 3721 4800 3825 4851; x_wconf 79' lang='grc' dir='ltr'><strong>καὶ</strong></span> <span class='ocrx_word' id='word_1_862' title='bbox 3854 4800 4046 4852; x_wconf 63' lang='lat' dir='ltr'><strong>ticali-</strong></span> 
     </span>
    </p>
   </div>
   <div class='ocr_carea' id='block_1_110' title="bbox 2492 4885 4046 4957">
    <p class='ocr_par' dir='ltr' id='par_1_110' title="bbox 2492 4885 4046 4957">
     <span class='ocr_line' id='line_1_110' title="bbox 2492 4885 4046 4957; baseline 0.001 -19"><span class='ocrx_word' id='word_1_863' title='bbox 2492 4905 2588 4949; x_wconf 87' lang='grc' dir='ltr'><strong>σας</strong></span> <span class='ocrx_word' id='word_1_864' title='bbox 2618 4887 2725 4940; x_wconf 87' lang='grc' dir='ltr'><strong>τῶν</strong></span> <span class='ocrx_word' id='word_1_865' title='bbox 2752 4887 3015 4957; x_wconf 82' lang='grc' dir='ltr'>σωμάτων</span> <span class='ocrx_word' id='word_1_866' title='bbox 3037 4887 3260 4940; x_wconf 85' lang='grc' dir='ltr'>ἀπολύει</span> <span class='ocrx_word' id='word_1_867' title='bbox 3286 4887 3402 4957; x_wconf 77' lang='grc' dir='ltr'>ἅμα</span> <span class='ocrx_word' id='word_1_868' title='bbox 3426 4887 3520 4939; x_wconf 81' lang='grc' dir='ltr'>καὶ</span> <span class='ocrx_word' id='word_1_869' title='bbox 3542 4885 3634 4938; x_wconf 80' lang='grc' dir='ltr'>τοῦ</span> <span class='ocrx_word' id='word_1_870' title='bbox 3668 4887 3765 4939; x_wconf 68' lang='grc' dir='ltr'><strong>ἐπὶ</strong></span> <span class='ocrx_word' id='word_1_871' title='bbox 3793 4888 3901 4956; x_wconf 75' lang='grc' dir='ltr'>γῆς</span> <span class='ocrx_word' id='word_1_872' title='bbox 3930 4906 4046 4953; x_wconf 61' lang='grc' dir='ltr'>τογ-</span> 
     </span>
    </p>
   </div>
   <div class='ocr_carea' id='block_1_111' title="bbox 2491 4975 4044 5047">
    <p class='ocr_par' dir='ltr' id='par_1_111' title="bbox 2491 4975 4044 5047">
     <span class='ocr_line' id='line_1_111' title="bbox 2491 4975 4044 5047; baseline -0.001 -18"><span class='ocrx_word' id='word_1_873' title='bbox 2491 4979 2689 5046; x_wconf 82' lang='grc' dir='ltr'>χάνειν,</span> <span class='ocrx_word' id='word_1_874' title='bbox 2723 4979 2786 5047; x_wconf 84' lang='grc' dir='ltr'>ἣν</span> <span class='ocrx_word' id='word_1_875' title='bbox 2820 4976 3082 5046; x_wconf 88' lang='grc' dir='ltr'>πολλαχοῦ</span> <span class='ocrx_word' id='word_1_876' title='bbox 3115 4976 3221 5029; x_wconf 90' lang='grc' dir='ltr'><strong>τῶν</strong></span> <span class='ocrx_word' id='word_1_877' title='bbox 3265 4976 3492 5047; x_wconf 85' lang='grc' dir='ltr'>Γραφῶν</span> <span class='ocrx_word' id='word_1_878' title='bbox 3533 4975 3652 5039; x_wconf 73' lang='grc' dir='ltr'>ἔθος</span> <span class='ocrx_word' id='word_1_879' title='bbox 3685 4979 4044 5047; x_wconf 52' lang='grc' dir='ltr'>ὀνομάξεώπ.</span> 
     </span>
    </p>
   </div>
   <div class='ocr_carea' id='block_1_112' title="bbox 2491 5065 4038 5136">
    <p class='ocr_par' dir='ltr' id='par_1_112' title="bbox 2491 5065 4038 5136">
     <span class='ocr_line' id='line_1_112' title="bbox 2491 5065 4038 5136; baseline 0.002 -19"><span class='ocrx_word' id='word_1_880' title='bbox 2491 5068 2708 5135; x_wconf 83' lang='grc' dir='ltr'>κόσμον.</span> <span class='ocrx_word' id='word_1_881' title='bbox 2743 5067 2987 5130; x_wconf 87' lang='grc' dir='ltr'>Μάλιστα</span> <span class='ocrx_word' id='word_1_882' title='bbox 3012 5067 3055 5117; x_wconf 84' lang='grc' dir='ltr'>δ’</span> <span class='ocrx_word' id='word_1_883' title='bbox 3086 5069 3144 5118; x_wconf 88' lang='grc' dir='ltr'><strong>ἐν</strong></span> <span class='ocrx_word' id='word_1_884' title='bbox 3162 5065 3238 5134; x_wconf 83' lang='grc' dir='ltr'>τῷ</span> <span class='ocrx_word' id='word_1_885' title='bbox 3264 5066 3400 5120; x_wconf 82' lang='grc' dir='ltr'>κατὰ</span> <span class='ocrx_word' id='word_1_886' title='bbox 3443 5066 3693 5136; x_wconf 59' lang='grc' dir='ltr'>Ἰωάννην</span> <span class='ocrx_word' id='word_1_887' title='bbox 3719 5067 3839 5136; x_wconf 61' lang='grc'><strong>(48)</strong></span> <span class='ocrx_word' id='word_1_888' title='bbox 3875 5070 4038 5134; x_wconf 59' lang='grc' dir='ltr'>Εὐαγ-</span> 
     </span>
    </p>
   </div>
   <div class='ocr_carea' id='block_1_113' title="bbox 2493 5153 4041 5227">
    <p class='ocr_par' dir='ltr' id='par_1_113' title="bbox 2493 5153 4041 5227">
     <span class='ocr_line' id='line_1_113' title="bbox 2493 5153 4041 5227; baseline 0 -23"><span class='ocrx_word' id='word_1_889' title='bbox 2493 5153 2653 5222; x_wconf 85' lang='grc' dir='ltr'>γελίῳ</span> <span class='ocrx_word' id='word_1_890' title='bbox 2697 5155 2948 5219; x_wconf 83' lang='grc' dir='ltr'>πολλάκις</span> <span class='ocrx_word' id='word_1_891' title='bbox 3002 5155 3146 5206; x_wconf 74' lang='grc' dir='ltr'>ἐστὶν</span> <span class='ocrx_word' id='word_1_892' title='bbox 3191 5155 3364 5224; x_wconf 73' lang='grc' dir='ltr'>εὑρεῖν</span> <span class='ocrx_word' id='word_1_893' title='bbox 3404 5155 3601 5224; x_wconf 83' lang='grc' dir='ltr'>κόσμον</span> <span class='ocrx_word' id='word_1_894' title='bbox 3635 5156 3725 5207; x_wconf 77' lang='grc' dir='ltr'><strong>τὸν</strong></span> <span class='ocrx_word' id='word_1_895' title='bbox 3777 5159 4041 5227; x_wconf 56' lang='grc' dir='ltr'>περίγεμευ</span> 
     </span>
    </p>
   </div>
   <div class='ocr_carea' id='block_1_114' title="bbox 2513 5290 3062 5360">
    <p class='ocr_par' dir='ltr' id='par_1_114' title="bbox 2513 5290 3062 5360">
     <span class='ocr_line' id='line_1_114' title="bbox 2513 5290 3062 5360; baseline 0.004 -16"><span class='ocrx_word' id='word_1_896' title='bbox 2513 5290 2554 5321; x_wconf 80' lang='grc'><strong>⁸³</strong></span> <span class='ocrx_word' id='word_1_897' title='bbox 2579 5290 2715 5346; x_wconf 82' lang='lat' dir='ltr'><strong>Gen.</strong></span> <span class='ocrx_word' id='word_1_898' title='bbox 2747 5309 2822 5358; x_wconf 84' lang='lat' dir='ltr'><strong>v1,</strong></span> <span class='ocrx_word' id='word_1_899' title='bbox 2848 5294 2900 5360; x_wconf 84' lang='lat'><strong>5,</strong></span> <span class='ocrx_word' id='word_1_900' title='bbox 2931 5295 2984 5360; x_wconf 91' lang='lat'><strong>6,</strong></span> <span class='ocrx_word' id='word_1_901' title='bbox 3011 5296 3062 5347; x_wconf 93' lang='lat'><strong>7.</strong></span> 
     </span>
    </p>
   </div>
   <div class='ocr_carea' id='block_1_115' title="bbox 2505 5403 3586 5475">
    <p class='ocr_par' dir='ltr' id='par_1_115' title="bbox 2505 5403 3586 5475">
     <span class='ocr_line' id='line_1_115' title="bbox 2505 5403 3586 5475; baseline 0.003 -23"><span class='ocrx_word' id='word_1_902' title='bbox 2505 5403 2876 5475; x_wconf 70' lang='grc' dir='ltr'>μετεμελήθην</span> <span class='ocrx_word' id='word_1_903' title='bbox 2909 5405 3124 5475; x_wconf 55' lang='lat' dir='ltr'><strong>exponit</strong></span> <span class='ocrx_word' id='word_1_904' title='bbox 3150 5404 3228 5458; x_wconf 83' lang='lat' dir='ltr'><strong>Ch</strong></span> <span class='ocrx_word' id='word_1_905' title='bbox 3240 5414 3586 5475; x_wconf 72' lang='lat' dir='ltr'><strong>ijsostornus.</strong></span> 
     </span>
    </p>
   </div>
   <div class='ocr_carea' id='block_1_116' title="bbox 2499 5471 4081 5555">
    <p class='ocr_par' dir='ltr' id='par_1_116' title="bbox 2499 5471 4081 5555">
     <span class='ocr_line' id='line_1_116' title="bbox 2499 5471 4081 5555; baseline 0.001 -30"><span class='ocrx_word' id='word_1_906' title='bbox 2499 5539 2510 5550; x_wconf 43' lang='grc' dir='ltr'><strong>ο</strong></span> <span class='ocrx_word' id='word_1_907' title='bbox 2539 5554 2542 5555; x_wconf 12' lang='grc' dir='ltr'><em>ν</em></span> <span class='ocrx_word' id='word_1_908' title='bbox 2707 5471 2880 5526; x_wconf 77' lang='grc' dir='ltr'>Ὅταν</span> <span class='ocrx_word' id='word_1_909' title='bbox 2905 5473 2957 5524; x_wconf 84' lang='grc' dir='ltr'>δ’</span> <span class='ocrx_word' id='word_1_910' title='bbox 3063 5475 3180 5525; x_wconf 80' lang='grc' dir='ltr'>θεοὶ</span> <span class='ocrx_word' id='word_1_911' title='bbox 3206 5471 3319 5542; x_wconf 68' lang='grc' dir='ltr'><strong>τῆν</strong></span> <span class='ocrx_word' id='word_1_912' title='bbox 3350 5473 3465 5544; x_wconf 80' lang='grc' dir='ltr'><strong>γῆν</strong></span> <span class='ocrx_word' id='word_1_913' title='bbox 3496 5474 3855 5540; x_wconf 79' lang='grc' dir='ltr'>καθαίρωσι.</span> <span class='ocrx_word' id='word_1_914' title='bbox 3901 5471 4040 5527; x_wconf 67' lang='grc' dir='ltr'>Ρὺιε</span> <span class='ocrx_word' id='word_1_915' title='bbox 4080 5489 4081 5504; x_wconf 71' lang='lat'>‘</span> 
     </span>
    </p>
   </div>
   <div class='ocr_carea' id='block_1_117' title="bbox 2497 5539 3071 5605">
    <p class='ocr_par' dir='ltr' id='par_1_117' title="bbox 2497 5539 3071 5605">
     <span class='ocr_line' id='line_1_117' title="bbox 2497 5539 3071 5605; baseline 0.007 -14"><span class='ocrx_word' id='word_1_916' title='bbox 2497 5539 2551 5592; x_wconf 91' lang='lat' dir='ltr'><strong>in</strong></span> <span class='ocrx_word' id='word_1_917' title='bbox 2580 5539 2792 5605; x_wconf 71' lang='lat' dir='ltr'><strong>Timwo,</strong></span> <span class='ocrx_word' id='word_1_918' title='bbox 2829 5557 2948 5605; x_wconf 80' lang='lat' dir='ltr'><strong>pag.</strong></span> <span class='ocrx_word' id='word_1_919' title='bbox 2982 5541 3071 5595; x_wconf 75' lang='grc'><strong>22.</strong></span> 
     </span>
    </p>
   </div>
   <div class='ocr_carea' id='block_1_118' title="bbox 2565 5557 4038 5687">
    <p class='ocr_par' dir='ltr' id='par_1_118' title="bbox 2565 5557 4038 5687">
     <span class='ocr_line' id='line_1_118' title="bbox 2583 5557 3071 5605; baseline 0.01 -15"><span class='ocrx_word' id='word_1_920' title='bbox 2583 5557 2792 5605; x_wconf 65' lang='lat' dir='ltr'><strong>“malo,</strong></span> <span class='ocrx_word' id='word_1_921' title='bbox 2865 5557 2893 5594; x_wconf 87' lang='lat' dir='ltr'><strong>a</strong></span> <span class='ocrx_word' id='word_1_922' title='bbox 2934 5579 2948 5594; x_wconf 97' lang='lat'><strong>.</strong></span> <span class='ocrx_word' id='word_1_923' title='bbox 2982 5557 3071 5595; x_wconf 80' lang='lat' dir='ltr'><strong>zz.</strong></span> 
     </span>
     <span class='ocr_line' id='line_1_119' title="bbox 2565 5557 4038 5687; baseline 0.003 -28"><span class='ocrx_word' id='word_1_924' title='bbox 2565 5608 2673 5687; x_wconf 71' lang='grc'><strong>(48)</strong></span> <span class='ocrx_word' id='word_1_925' title='bbox 2702 5558 2866 5687; x_wconf 62' lang='grc' dir='ltr'>(ξυιιᾶ</span> <span class='ocrx_word' id='word_1_926' title='bbox 2897 5557 3101 5687; x_wconf 52' lang='grc' dir='ltr'>ῗξρεὶιιε</span> <span class='ocrx_word' id='word_1_927' title='bbox 3129 5619 3183 5666; x_wconf 89' lang='lat' dir='ltr'><strong>et</strong></span> <span class='ocrx_word' id='word_1_928' title='bbox 3207 5610 3731 5687; x_wconf 66' lang='lat' dir='ltr'><strong>Basileensisxa-ci</strong></span> <span class='ocrx_word' id='word_1_929' title='bbox 3777 5611 4038 5687; x_wconf 58' lang='grc' dir='ltr'>Ἰωάννῃ</span> 
     </span>
    </p>
   </div>
   <div class='ocr_carea' id='block_1_119' title="bbox 2496 5677 3928 5748">
    <p class='ocr_par' dir='ltr' id='par_1_119' title="bbox 2496 5677 3928 5748">
     <span class='ocr_line' id='line_1_120' title="bbox 2496 5677 3928 5748; baseline 0.001 -16"><span class='ocrx_word' id='word_1_930' title='bbox 2496 5677 2828 5736; x_wconf 72' lang='grc' dir='ltr'>Ιιωεοὶιθίιιιε</span> <span class='ocrx_word' id='word_1_931' title='bbox 2850 5688 2902 5734; x_wconf 90' lang='lat' dir='ltr'><strong>et</strong></span> <span class='ocrx_word' id='word_1_932' title='bbox 2925 5678 3246 5748; x_wconf 81' lang='lat' dir='ltr'><strong>Spencerus,</strong></span> <span class='ocrx_word' id='word_1_933' title='bbox 3271 5681 3410 5735; x_wconf 81' lang='grc' dir='ltr'>κατὰ</span> <span class='ocrx_word' id='word_1_934' title='bbox 3455 5683 3724 5747; x_wconf 82' lang='grc' dir='ltr'>Ἰωάννου,</span> <span class='ocrx_word' id='word_1_935' title='bbox 3754 5681 3928 5733; x_wconf 67' lang='lat' dir='ltr'><strong>male.</strong></span> 
     </span>
    </p>
   </div>
  </div>
