4094 6322
817 365 950 424 1501
1613 426 1619 431 .

887 476 1205 534 6l.Deinde
1254 490 1378 532 cum
1433 476 1546 532 haec
1601 490 1721 531 non
1756 476 2109 533 intellexisset
2166 495 2178 529 :

817 568 1099 638 centplevit
1145 566 1288 620 Deus
1317 566 1371 620 in
1408 564 1494 620 die
1531 577 1688 620 sexto
1730 566 1894 636 opera
1940 582 2034 621 sua
2062 582 2181 636 qua:
2215 567 2362 633 fecit,

815 669 874 716 et
921 657 1154 714 cessavit
1209 657 1262 710 in
1311 655 1397 711 die
1441 655 1670 724 septimo
1714 658 1781 711 ab
1827 658 2078 713 omnibus
2115 661 2367 728 operibus

816 751 932 807 suis
965 764 1082 818 quae
1113 747 1256 811 fecit,
1293 754 1347 801 et
1385 744 1663 800 benedixit
1703 747 1844 802 Deus
1875 749 1979 804 diei
2019 751 2247 819 septimo
2269 789 2284 815 ,
2310 759 2366 805 et

765 855 767 857 '
816 840 1175 897 sanctificavit
1199 839 1366 902 illum,
1388 839 1514 907 quia
1542 838 1593 891 in
1623 840 1740 907 ipso
1764 838 2074 896 cessaverat
2101 845 2170 897 ab
2193 843 2368 896 omn‘i-

777 918 782 923 ’
818 930 921 986 bus
952 930 1205 999 operibus
1237 927 1382 994 suis,
1415 941 1536 995 quae
1565 939 1806 996 cceperat
1839 930 1979 984 Deus
2017 929 2256 1001 facere”
2287 949 2301 996 ;
2341 950 2360 986 ι

815 1034 1046 1089 cumque
1104 1019 1241 1074 idem
1269 1030 1389 1073 esse
1426 1017 1794 1083 existimaret,
1830 1038 1848 1071 ι
1884 1022 2116 1076 cessavit
2155 1024 2241 1076 die
2283 1037 2366 1077 se-

813 1112 1004 1182 ptimo,
1029 1130 1048 1164 ι
1073 1120 1145 1174 et,
1170 1126 1190 1160 ι
1210 1107 1575 1176 requievitdie
1592 1109 1840 1177 septimo,
1868 1130 1886 1163 ι
1908 1112 1986 1164 ait
2011 1129 2023 1164 :
2051 1130 2070 1163 ι
2099 1112 2192 1166 llis
2212 1111 2366 1167 laetis

817 1203 998 1257 factus
1035 1211 1112 1257 est
1143 1201 1336 1255 similis
1366 1199 1906 1268 inerti-improboque
1950 1203 2127 1272 opilici
2166 1212 2220 1257 et
2268 1205 2364 1258 de-

815 1295 960 1349 fesso
983 1303 1142 1361 atque
1177 1292 1330 1345 feriis
1355 1306 1488 1360 opus
1512 1293 1732 1347 habenti
1776 1301 1834 1346 ut
1867 1295 2129 1360 quiescat.
2163 1313 2181 1346 ι
2210 1279 2364 1364 ligno-

813 1387 955 1439 ravit
988 1385 1130 1440 enim
1154 1382 1276 1451 quis
1307 1383 1565 1437 creationi
1598 1386 2170 1454 operaturzequandiu
2203 1402 2360 1439 mun-

811 1476 915 1530 dus
947 1474 1273 1536 constiterit,
1314 1488 1672 1529 successurus
1725 1477 1795 1529 sit
1845 1476 2061 1531 Sabbati
2092 1485 2144 1531 et
2172 1492 2361 1531 cessa-

812 1565 974 1620 tionis
999 1563 1092 1617 Dei
1122 1563 1257 1627 dies,
1289 1576 1446 1630 quem
1471 1578 1591 1616 eum
1624 1563 1732 1618 Deo
1778 1565 1975 1620 festum
2023 1575 2184 1634 agent
2237 1567 2360 1634 qni-

809 1670 1045 1724 cunque,
1073 1663 1358 1723 postquam
1395 1671 1488 1709 sua
1536 1671 1700 1724 Opera
1743 1671 1838 1710 sex
1883 1657 2072 1711 diebus
2120 1656 2362 1726 perfece-

813 1747 921 1800 rint
942 1746 1183 1814 nihilque
1203 1759 1484 1798 munerum
1501 1760 1716 1799 suorum
1741 1747 2208 1814 praetermiserim,
2229 1748 2360 1802 Sub-

2282 362 2599 421 ORICENIS

2224 494 2241 527 ι
2305 477 2368 532 Et
2395 483 2440 540 Α
2539 470 2670 528 Εἶτα
2696 475 2850 529 πάλιν
2888 475 2961 546 μὴ
2989 475 3330 541 κατακούσας
3357 477 3466 530 τοῦ·
3501 495 3518 528 ι
3553 480 3665 532 Καὶ
3697 479 4012 530 συνετέλεσεν
4066 465 4067 474 “

3905 367 4014 423 iss-2
4065 367 4067 436 ι

2467 568 2493 618 ὁ
2515 566 2644 630 Θεὸς
2669 567 2726 619 ὲν
2749 569 2812 637 τῇ
2835 567 3016 639 ἡμέρᾳ
3033 571 3098 638 τῇ
3115 568 3250 640 ἕκτῃ
3269 568 3338 621 τὰ
3361 569 3493 641 ἔργα
3519 571 3710 635 αὑτοῦ,
3733 570 3773 624 ἃ.
3797 572 4008 639 ἐποιεῖτε,

2466 658 2560 710 καὶ
2585 658 2927 710 κατέπαυσεν
2952 660 3008 711 ὲν
3032 662 3096 730 τῇ
3123 660 3307 731 ἡμέρᾳ
3337 665 3402 732 τῇ
3437 661 3639 734 ἐϐδόμῃ
3674 661 3792 716 ἀπὸ
3823 664 4011 717 πάντων

2465 748 2571 802 τῶν
2595 749 2768 819 ἔργων
2798 748 2981 815 αὐτοῦ,
3011 746 3084 803 ὧν
3110 751 3352 822 ἐποίησε,
3382 755 3474 806 καὶ
3502 753 3806 826 εὐλόγησεν
3838 755 3866 807 ὁ
3909 755 4009 816 Θεὸς

2465 835 2561 904 τὴν
2595 835 2802 905 ἡμέραν
2834 834 2930 906 τὴν
2971 835 3224 909 ἑϐδόμην,
3255 841 3348 893 καὶ
3384 841 3608 915 ἡγίασεν
3640 843 3842 913 αὐτὴν,
3873 846 3944 898 ὅτι
3969 848 4012 896 ἐν

2465 924 2598 994 αὐτῇ
2631 923 2970 980 κατέπαυσεν
3003 927 3109 981 ἀπὸ
3136 930 3350 984 πάντων
3379 931 3484 985 τῶν
3516 931 3700 1004 ἔργων
3745 935 3925 996 αὑτοῦ,
3954 929 4010 987 ὧν

2466 1013 2664 1085 ἤρξατο
2699 1015 2728 1066 ὀ
2773 1015 2909 1080 Θεὸς
2949 1018 3191 1089 ποιῆσαιο
3230 1039 3249 1073 ›
3284 1022 3378 1075 καὶ
3407 1023 3609 1093 οἰηθεὶς
3653 1025 3860 1078 ταύτὸν
3901 1024 4009 1079 εἶναι

2463 1104 2540 1167 τὸ,
2575 1105 2913 1160 κατέπαυσε
2944 1106 3019 1176 τῇ
3040 1110 3229 1178 ἡμέρᾳ
3266 1102 3342 1179 τῇ
3383 1113 3622 1182 ἐϐδόμῃ,
3656 1117 3757 1167 καὶ
3789 1115 3870 1177 τὸ,
3901 1116 4008 1168 ἀνε-

2465 1197 2737 1251 παύσατο
2766 1195 2838 1264 τῇ
2865 1198 3054 1267 ἡμέρᾳ
3089 1200 3163 1269 τῇ
3185 1200 3426 1271 ἐϐδὸμῃ,
3453 1205 3608 1275 φησί·
3645 1223 3665 1257 ι
3700 1206 3856 1260 Μετά
3885 1206 4007 1258 τοῦτα

2467 1289 2570 1360 μὴν
2594 1290 2780 1362 ὥσπερ
2811 1309 2893 1355 τις
2926 1293 3424 1367 ἀτεχνῶίπονηρὸς
3469 1299 3831 1369 χειροτέχνης
3870 1300 4005 1350 ἑκκα-

2466 1382 2602 1452 μὼν,
2628 1383 2873 1454 καὶπρὸς
2897 1384 3198 1438 ἀνάπαυσιν
3222 1387 3416 1456 ἀργίας
3443 1389 3553 1458 (57)
3578 1389 3820 1459 δεηθείς,
3858 1409 3874 1439 ι
3903 1389 4007 1442 υὲἒὲ

2461 1472 2571 1544 γὰρ
2619 1469 2747 1536 οἶδε,
2777 1474 2862 1536 τίς
2888 1469 2946 1544 ᾗ,
2995 1474 3130 1543 μετά
3164 1477 3262 1547 τὴν
3295 1478 3415 1530 ὅσον
3447 1481 3476 1531 ὁ
3520 1480 3735 1549 κόσμος
3782 1480 4011 1545 συνέστη-

2462 1580 2555 1615 κεν
2589 1563 2700 1634 (58)
2732 1565 3123 1636 ἐνεργουμένην
3150 1567 3524 1636 κοσμοποιίαν,
3555 1571 3587 1638 ἡ
3621 1569 3724 1621 τοῦ
3757 1569 4010 1622 Σαϐϐαῖον

2462 1654 2554 1706 καὶ
2585 1655 2682 1724 τῆς
2715 1654 3111 1717 καταπαύσεως
3145 1654 3236 1707 τοῦ
3268 1656 3404 1709 Θεοῦ
3439 1659 3644 1727 ἡμέρα,
3681 1660 3742 1710 ἐν
3853 1658 4014 1727 ἑορτα-

2464 1759 2647 1794 σουσιν
2686 1743 2803 1813 ἅμα
2837 1743 2914 1813 τῷ
2950 1742 3068 1812 Θεῷ
3109 1745 3156 1794 οἱ
3191 1743 3364 1796 πάντα
3400 1744 3468 1797 τὰ
3502 1745 3639 1816 ἔργα
3679 1747 3887 1800 ἑαυτῶν
3918 1750 4017 1807 ταῖς

807 1837 898 1891 lati
969 1848 1130 1890 erunt
1174 1837 1239 1892 ad
1285 1836 1795 1904 contemplationem
1849 1848 2151 1905 etetumque
2186 1837 2353 1905 j'usto-

2464 1833 2522 1899 ἒξ
2547 1809 2779 1906 ἡμέραις
2805 1809 3186 1902 πεποιηκύτες,
3206 1835 3301 1885 καὶ
3328 1834 3415 1887 διὰ
3437 1835 3494 1888 τὸ
3522 1809 3696 1906 μηδὲν
3719 1838 4016 1905 παραλελοί-

807 1943 928 1983 rum
959 1943 1023 1983 ac
1048 1929 1352 1984 beatorum.
1381 1927 1575 1982 Postea
1600 1929 1754 1997 quasi
1780 1928 2076 1999 Scriptura
2117 1931 2362 1986 dicerent

806 2029 900 2074 aut
952 2034 1050 2075 nos
1097 2019 1196 2088 ipsi
1255 2020 1560 2074 diceremus
1600 2020 1764 2073 Deum
1821 2021 2092 2075 defessum
2146 2021 2360 2090 requie-

805 2113 949 2167 visse
981 2130 996 2168 :
1033 2131 1052 2163 ι
1081 2111 1187 2167 Fas
1219 2128 1323 2167 non
1372 2121 1476 2178 est,
1512 2112 1709 2181 inquit,
1761 2111 1993 2180 primum
2046 2111 2212 2166 Deum
2240 2113 2358 2166 fali-

807 2203 946 2270 gari,
978 2205 1227 2259 manibus
1260 2206 1502 2260 laborem
1539 2218 1830 2265 exercere,
1869 2213 1964 2256 aut
2008 2203 2296 2269 imperare.
2333 2221 2351 2254 ι

803 2291 893 2344 Ait
928 2304 1053 2360 ergo
1079 2292 1264 2346 Celsus
1297 2294 1378 2346 fas
1411 2308 1516 2347 non
1566 2307 1688 2347 esse
1741 2293 1974 2359 primum
2009 2292 2173 2346 Deum
2225 2292 2354 2347 fati-

805 2383 919 2452 gari
947 2399 962 2449 ;
997 2397 1092 2437 nos
1114 2393 1291 2438 autem
1316 2384 1544 2438 dicimus
1576 2397 1640 2436 ne
1677 2382 1843 2437 Deum
1867 2383 2082 2451 quidem
2122 2385 2353 2440 Verbum

801 2473 1040 2542 fatigari,
1066 2489 1238 2544 neque
1267 2476 1431 2529 ullum
1453 2489 1661 2538 eorum,
1688 2475 1779 2541 qui
1809 2475 1874 2528 ad
1908 2475 2185 2528 meliorem
2215 2491 2355 2531 nunc

800 2575 856 2620 et
885 2565 1202 2619 diviniorem
1231 2566 1480 2619 ordinem
1515 2567 1811 2632 pertinent.
1845 2563 1978 2618 Nam
2011 2565 2258 2633 fatigatio
2300 2567 2353 2619 in

803 2671 899 2711 eos
927 2656 1077 2710 cadit
1107 2656 1198 2723 qui
1236 2656 1288 2709 in
1322 2670 1550 2723 corpore
1575 2665 1724 2710 sunt.
1751 2656 1872 2724 Ipse
1910 2669 2039 2709 vero
2072 2656 2354 2725 quaesieris

803 2762 869 2800 an
899 2747 952 2800 in
979 2760 1072 2802 eos
1101 2748 1191 2816 qui
1220 2750 1593 2816 qualecunque
1613 2761 1806 2816 corpus
1829 2748 2047 2810 habent,
2079 2763 2145 2800 an
2185 2747 2236 2800 in
2262 2761 2355 2801 eos

797 2839 890 2908 qui
920 2848 1194 2892 terrenum
1224 2838 1365 2905 quod
1385 2839 1542 2906 paulo
1561 2837 1752 2891 sitisto
1780 2841 2139 2905 praestantius.
2167 2836 2353 2905 Neque

801 2932 882 2985 fas
909 2930 1071 2983 etiam
1096 2929 1331 3007 primum
1354 2929 1520 2984 Deum
1543 2928 1792 2982 manibus
1813 2927 2050 2999 laborem
2072 2941 2362 2992 exercere.

799 3020 912 3074 lmo
937 3019 981 3073 si
1000 3021 1098 3074 has
1119 3034 1276 3075 voces
1298 3017 1520 3090 proprie
1547 3020 1844 3087 acceperis,
1863 3033 2033 3087 neque
2055 3018 2350 3073 secundum

2461 1925 2619 1976 πέναι
2650 1924 2756 1976 τῶν
2788 1922 3198 1987 ἐπιϐαλλόντων,
3230 1925 3609 1988 ἀναϐαίνοντες
3639 1927 3741 1979 ἐπὶ
3769 1928 3870 1998 τὴν
3898 1929 4013 1980 θεω-

2463 2014 2581 2085 ρίαν
2630 2015 2723 2067 καὶ
2747 2013 2843 2085 τὴν
2895 2015 2953 2066 ὲν
3004 2013 3138 2084 αὐτῇ
3184 2013 3290 2067 τῶν
3334 2016 3554 2068 δικαίων
3597 2019 3695 2069 καὶ
3747 2019 4014 2089 μακαρίων

2459 2105 2782 2175 πανήγυριν.
2816 2098 2970 2167 Εἶτα,
3010 2103 3084 2164 ὡς
3117 2104 3232 2172 ἦτοι
3268 2104 3376 2160 τῶν
3405 2108 3638 2178 Γραφῶν
3676 2110 3821 2163 οὕτω
3850 2112 4016 2178 λεγον-

2457 2196 2586 2259 σῶν,
2610 2197 2642 2266 ἢ
2672 2195 2766 2248 καὶ
2790 2195 2946 2266 ήμῶν
2963 2196 3139 2248 αὐτῶν
3161 2197 3303 2249 οὕτω
3319 2197 3694 2269 διηγουμένων
3721 2220 3786 2253 πε
3797 2203 3847 2273 pi
3877 2201 4015 2258 Θεοῦ,

2456 2288 2536 2339 ὅτι
2570 2286 2761 2357 καμὼν
2801 2285 3160 2352 ἀνεπαύσατο,
3197 2289 3382 2358 φησιν,
3423 2290 3524 2353 ὅτι,
3578 2310 3595 2340 ι
3638 2292 3718 2342 Οὐ
3760 2292 3917 2359 Θέμις
3943 2292 4016 2341 τὸν

2456 2378 2667 2446 πρῶτον
2709 2379 2839 2432 Θεὸν
2887 2380 3136 2449 κάμνειν,
3191 2379 3313 2431 οὔτε
3356 2385 3721 2451 χειρουργεῑν,
3769 2383 3892 2434 οὔτε
3936 2399 4009 2432 κε-

2459 2468 2659 2520 λεύειν.
2698 2487 2716 2518 ι
2761 2468 2818 2521 '0
2852 2470 2947 2539 μὲν
2974 2466 3066 2522 οὖν
3097 2470 3300 2532 Κέλσος
3327 2471 3508 2539 φησιν,
3541 2472 3624 2524 ὅτι
3647 2474 3712 2525 ού
3745 2474 3904 2542 Θέμις
3921 2476 4011 2542 ιᾷεὴι

2453 2558 2542 2609 τὸν
2575 2557 2786 2629 πρῶτον
2815 2559 2946 2612 Θεὸν
2980 2561 3235 2629 κὰμνεινέ
3266 2565 3426 2632 ἡμεῖς
3452 2561 3508 2614 δὲ
3540 2562 3797 2631 εἴποιμεν
3833 2566 3916 2628 ἂν,
3945 2566 4009 2617 ὅτι

2455 2647 2564 2699 οὐδ’
2598 2649 2626 2700 ὁ
2659 2647 2790 2712 Θεὸς
2833 2648 3003 2717 Λόγος
3038 2650 3255 2720 κάμνει,
3301 2652 3406 2704 οὐδ’
3448 2644 3562 2705 ὅσοι
3594 2654 3698 2722 τῆς
3731 2656 4010 2724 κρείττονος

2454 2738 2552 2808 ἤδη
2586 2739 2679 2791 καὶ
2708 2739 2983 2811 θειοτέρας
3024 2741 3229 2805 τάξεως
3261 2742 3506 2812 ἔχονται·
3553 2742 3613 2794 τὸ
3649 2744 3762 2815 γάρ
3805 2747 4012 2816 κάμνειν

2452 2829 2568 2880 ἐστὶ
2609 2829 2716 2882 τῶν
2749 2833 2805 2883 ἐν
2858 2831 3087 2901 σώματι.
3127 2835 3389 2902 Ζητήσεις
3437 2834 3514 2896 δὲ,
3573 2835 3812 2906 πότερον
3846 2838 3879 2907 ἢ
3919 2836 4006 2886 τιξν

2451 2919 2510 2970 ὲν
2547 2920 2837 2984 οίῳποτοῦν
2872 2919 3104 2990 σώματι,
3152 2923 3186 2992 ἢ
3217 2923 3325 2975 τῶν
3359 2926 3417 2976 ὲν
3443 2923 3518 2993 τῷ
3545 2926 3745 2995 γηΐνῳ,
3782 2929 3879 2979 καὶ
3917 2929 4006 2978 ιλι-

2450 3026 2544 3077 γον
2577 3010 2762 3063 τούτου
2816 3011 3062 3081 βελτίονι.
3113 3013 3248 3066 Ἀλλ’
3291 3014 3410 3067 οὐδὲ
3445 3015 3604 3083 θέμις
3649 3017 3746 3068 τὸν
3802 3019 4005 3087 πρῶτον

798 3114 988 3176 Deum,
1016 3126 1192 3182 neque
1220 3112 1362 3164 aliud
1389 3111 1662 3179 quidpiam
1690 3126 1756 3164 ex
1776 3109 2128 3164 divinioribus
2159 3110 2240 3165 fas
2265 3118 2350 3165 est

2454 3099 2583 3152 Θεὸν
2626 3107 2981 3172 χειρουργεῖν·
3022 3103 3119 3156 ἐὰν
3159 3105 3214 3157 δὲ
3249 3105 3451 3174 κυρίως
3499 3106 3745 3178 ἀκούσῃς
3777 3109 3878 3160 τοῦ
3919 3127 4011 3176 χει-

800 3205 1049 3257 manibus
1070 3203 1307 3272 operari.
1341 3201 1447 3256 Sed
1475 3201 1560 3256 fac
1597 3215 1690 3255 eas
1724 3215 1888 3254 voces
1917 3215 2012 3268 per
2033 3200 2348 3256 abusionem

798 3305 891 3348 aut
922 3295 1150 3364 figurate
1181 3295 1451 3362 usurpari,
1473 3302 1530 3346 ut
1555 3293 1886 3360 explicemus
1914 3294 2053 3347 istud
2081 3311 2094 3347 :
2126 3313 2144 3345 ι
2177 3294 2349 3362 Opera

800 3401 1053 3443 manuum
1083 3389 1198 3457 ejus
1221 3396 1502 3442 annuntiat
1533 3389 1984 3441 ﬁrmamentum“
2014 3404 2026 3453 ;
2067 3407 2084 3439 ι
2113 3397 2167 3443 et
2203 3390 2304 3443 hoc
2332 3406 2345 3441 :

801 3497 820 3530 ι
855 3478 1038 3533 Manus
1077 3478 1193 3546 ejus
1245 3479 1648 3533 constituerunt
1691 3477 1982 3546 malum“;
2014 3497 2032 3531 ι
2076 3489 2132 3533 et
2169 3480 2345 3548 siquid

798 3569 885 3625 his
935 3571 1139 3624 dictum
1185 3578 1267 3639 est
1311 3569 1506 3636 simile,
1555 3570 1645 3624 ubi
1696 3569 1990 3637 allegorice
2051 3585 2241 3624 manus
2293 3583 2349 3627 et

795 3658 1039 3712 membra
1098 3658 1191 3713 Dei
1232 3661 1695 3726 interpretamur,
1745 3658 1890 3726 quid,
1931 3659 2222 3721 absurdum
2265 3671 2347 3715 est

797 3746 962 3800 Deum
989 3747 1090 3800 hoc
1122 3759 1282 3801 sensu
1313 3746 1559 3800 manibus
1583 3747 1838 3816 operari?
1885 3746 2003 3803 Jam
2045 3763 2173 3802 vero
2202 3750 2347 3803 sicut

796 3849 901 3888 non
928 3837 1216 3888 absurdum
1238 3844 1320 3890 est
1346 3836 1512 3889 Deum
1533 3837 1748 3904 operari
1776 3837 2041 3904 manibus,
2071 3838 2148 3892 ita
2174 3855 2346 3907 neque

790 3931 1002 3999 jubere.
1035 3929 1148 3984 lloe
1179 3931 1295 3998 ipso
1325 3931 1470 3985 enim
1494 3930 1751 3999 prazclara
1778 3941 1834 3988 et
1857 3933 2011 3988 laude
2037 3936 2196 4005 digna
2223 3947 2349 3991 sunt

793 4036 914 4091 quae
942 4021 1069 4076 facit
1097 4021 1141 4076 is
1167 4023 1261 4092 qui
1288 4021 1667 4092 facerejussus
1692 4031 1798 4092 est,
1822 4027 1949 4096 quia
1979 4027 2118 4083 Deus
2140 4039 2224 4084 est
2252 4030 2345 4100 qui

797 4112 909 4165 fieri
937 4111 1121 4179 jussit.

864 4245 950 4300 62.
988 4246 1220 4301 Rursum
1248 4248 1437 4303 Celsus
1493 4248 1723 4305 fortasse
1763 4251 1905 4305 male
1946 4253 2085 4307 istud
2123 4266 2346 4322 accepe-

798 4346 879 4389 rat
920 4353 935 4390 :
967 4354 985 4386 ‹
1021 4335 1323 4391 OsDomiui
1357 4338 1598 4392 locutum
1624 4350 1706 4393 est
1730 4341 1937 4406 hac";
1966 4361 1983 4393 ι
2024 4342 2160 4396 forte
2183 4346 2344 4398 etiam

2454 3188 2724 3265 ρουργεῖν,
2754 3192 2872 3244 οὐδὲ
2896 3193 2985 3244 τὸν
3005 3192 3274 3263 δεύτερον,
3302 3193 3410 3246 οὐδ’
3440 3193 3568 3247 ἀλλο
3600 3211 3655 3246 τι
3690 3196 3804 3248 τῶν
3832 3196 4010 3249 Θειοτέ-

2454 3294 2580 3348 ρων.
2643 3279 2781 3332 Ἀλλ’
2815 3280 2954 3335 ἔστω
2990 3283 3441 3352 καταχρηστικῶς
3488 3283 3745 3351 λέγεσθαι
3795 3287 3862 3339 τὸ
3912 3306 4008 3356 χει⁴

2453 3371 2717 3441 ρουργείν,
2771 3371 2805 3440 ἧ
2859 3372 3152 3442 τροπικῶς,
3217 3374 3302 3425 ἵνα
3353 3373 3744 3444 διηγησώμεθα
3799 3379 3900 3429 καὶ
3951 3376 4017 3438 τὸ,

2455 3474 2473 3506 ι
2502 3457 2719 3521 Ποίησιν
2741 3457 2796 3510 δὲ
2819 3459 3025 3528 χειρῶν
3039 3459 3200 3514 αὐτοῦ
3227 3461 3544 3527 ἀναγγέλλει
3570 3463 3630 3515 τὸ
3659 3467 3969 3536 στερέωμα·
4000 3485 4015 3516 ι

2447 3546 2568 3610 καὶ,
2601 3565 2618 3596 ι
2655 3548 2718 3598 Αἰ
2746 3553 2922 3618 χεῖρες
2955 3539 3114 3601 αὐτοῦ
3158 3549 3387 3618 ἔστησαν
3422 3551 3512 3602 τὸν
3543 3552 3798 3622 οὐρανόν·
3863 3558 3954 3607 καὶ
3980 3557 4020 3606 εἰ

2445 3652 2497 3686 τι
2553 3635 2761 3699 τούτοις
2809 3639 3019 3709 εἴρηται
3082 3641 3492 3710 παραπλησίως,
3545 3644 4018 3711 τροπολογηούντυν

2449 3721 2601 3791 ἡμῶν
2623 3727 2808 3794 χεῖρας
2835 3728 2928 3778 καὶ
2960 3727 3092 3797 μέλη
3119 3726 3212 3779 τοῦ
3242 3727 3375 3779 Θεοῦ
3393 3744 3406 3758 ·
3439 3729 3491 3780 τί
3521 3725 3614 3780 οὖν
3645 3729 3858 3783 ἄτοπον
3889 3733 4017 3784 οὕτω

2446 3817 2783 3883 χειρουργεῖν
2828 3815 2994 3878 Θεόνς
3037 3818 3126 3878 Ὠς
3154 3818 3251 3869 οὐκ
3280 3818 3477 3870 ἄτοπον
3511 3819 3568 3870 δὲ
3593 3819 3737 3871 οὓτω
3769 3839 4018 3894 χειρουρ-

2446 3905 2563 3968 γεῖν
2590 3903 2916 3967 Θεὸν,οὕτως
2934 3907 3053 3959 οὐδὲ
3084 3909 3141 3959 τὸ
3164 3907 3403 3960 κελεύειν
3427 3911 3607 3972 αὐτὸν,
3639 3913 3728 3965 ἴνα
3760 3917 3913 3968 καλὲ
3943 3920 4018 3969 311‘.

2446 3990 2701 4043 ἐπαινετά
2820 3994 2886 4045 τὰ
2912 3995 3014 4046 ὑπὸ
3061 3995 3153 4047 τοῦ
3197 3997 3549 4066 κελευομένου
3593 4001 4016 4074 ὲπιτελούμεια,

2446 4080 2522 4149 τῷ
2553 4079 2684 4132 Θεὸν
2710 4077 2847 4144 εἶναι
2877 4083 2964 4137 τὸν
2992 4085 3355 4140 κεκελευκότα
3374 4089 3500 4159 περὶ
3528 4090 3732 4144 αὐτῶν.

2520 4257 2686 4311 Πάλιν
2717 4277 2774 4312 τε
2806 4254 2871 4312 αὖ
2909 4259 2936 4312 ὁ
2962 4261 3163 4324 Κέλσος
3198 4262 3340 4332 τάχα
3379 4265 3473 4334 μὲν
3505 4267 3872 4334 παρακούσας
3903 4271 4013 4330 τεῦ,

2451 4367 2470 4400 ι
2511 4351 2583 4402 Τὸ
2613 4351 2719 4422 γὰρ
2752 4353 2926 4423 στόμα
2967 4353 3174 4422 Κυρίου
3216 4354 3442 4425 ὲλάλησε
3479 4356 3671 4419 ταῦτα,
3712 4377 3728 4409 ι
3775 4362 3923 4430 τάχα
3971 4363 4014 4413 εἰ

796 4426 910 4480 loca
945 4425 1205 4494 ejusmodi
1257 4426 1475 4480 fuerant
1518 4428 1593 4480 illi
1639 4429 1707 4482 ab
1754 4431 2020 4500 imperitis
2056 4448 2342 4501 perperam

2454 4443 2539 4506 καὶ
2582 4443 2688 4495 τῶν
2742 4444 2959 4496 ἰδιωτῶν
3003 4448 3525 4516 προπετευσαμὲνων
3575 4450 3703 4518 περὶ
3747 4452 3857 4520 τῆς
3911 4455 4014 4504 τῶν

794 4515 1080 4582 explicata,
1115 4524 1170 4569 et
1213 4531 1315 4570 non
1359 4517 1666 4586 intelligens
1712 4519 1802 4573 Dei
1853 4520 2083 4575 virtutes
2112 4523 2342 4591 exprimi

793 4604 1100 4657 horninibus
1122 4606 1483 4659 membrorum
1507 4608 1770 4674 corporis,
1801 4608 1937 4662 dixit
1964 4628 1977 4661 :
2023 4629 2042 4661 ι
2076 4611 2259 4679 Neque
2281 4628 2342 4668 os

793 4694 841 4748 ei
865 4703 968 4758 est,
1003 4708 1174 4761 neque
1195 4709 1322 4750 vox.
1351 4715 1370 4748 ι
1395 4695 1552 4752 Certe
1579 4698 1686 4753 Ded
1715 4716 1818 4754 vox
1850 4716 1956 4755 non
1983 4711 2085 4768 est,
2111 4705 2155 4758 si
2175 4705 2339 4775 680

792 4797 894 4837 νοι
925 4792 1007 4837 εει
1043 4796 1134 4837 aer
1166 4798 1476 4853 percussus,
1499 4796 1596 4840 aut
1620 4803 1908 4847 SUCCUSSUS
1933 4796 2098 4859 aeris,
2131 4806 2224 4850 aut
2250 4812 2343 4852 ae-

794 4872 869 4926 ris
898 4873 1123 4941 species,
1147 4874 1522 4947 aut_quidquid
1549 4891 1670 4931 eam
1704 4892 1825 4934 esse
1853 4880 2117 4937 definiunt
2151 4887 2339 4940 harum

796 4975 973 5014 rerum
1004 4962 1160 5029 periti
1195 4981 1210 5029 ;
1239 4967 1333 5021 sed
1375 4981 1494 5034 qua:
1541 4967 1634 5022 Dei
1665 4983 1771 5023 vox
1814 4971 2033 5037 dicitur,
2061 4990 2123 5028 ea
2159 4977 2341 5043 hujus-

797 5051 939 5104 modi
983 5061 1084 5121 est,
1135 5065 1193 5108 ut
1224 5071 1344 5111 eam
1391 5075 1419 5112 a
1463 5061 1659 5129 populo
1687 5064 1859 5117 videri
1901 5066 2216 5124 testificetur
2252 5072 2338 5127 hic

796 5141 942 5199 locus
975 5162 988 5197 :
1019 5165 1037 5197 ι
1079 5145 1268 5204 Omnis
1297 5151 1527 5220 pepulus
1558 5152 1693 5207 vidit
1719 5168 1907 5208 vocem
1935 5157 2024 5210 Dei
2045 5158 2122 5221 “;
2163 5177 2182 5209 ι
2210 5175 2339 5215 voce

864 5327 908 5358 ¹⁰
937 5328 1068 5383 Gen.
1107 5346 1166 5396 ιι,
1197 5332 1255 5396 2,
1285 5335 1336 5388 5.
1413 5337 1456 5366 ¹¹
1493 5337 1638 5392 Psal.
1665 5354 1820 5406 xvm,
1855 5341 1910 5396 1.

864 5484 976 5622 (5η
1017 5483 1256 5553 Ἀρτίας.
1287 5487 1624 5550 llceschelius
1647 5495 1700 5550 in
1734 5509 1905 5563 textu,
1930 5499 2121 5569 ἀργοῦ.

868 5554 954 5621 (58
1026 5557 1182 5612 Μετὰ
1238 5558 1354 5622 τὴν
1403 5560 1555 5616 ὅσον
1598 5568 1632 5617 ὁ
1664 5569 1890 5622 κόσμοι·
1937 5571 2121 5621 συνέσ

868 5554 976 5638 (Si!)
1026 5557 1205 5638 littesz
1238 5558 1354 5625 τὴν
1403 5560 1555 5638 ὅσον
1575 5568 1632 5638 Δ(5
1664 5554 1904 5638 κόσμοςί
1937 5554 2328 5638 δυ’νέάτηκεν.

799 5619 1066 5710 ξειιιιουί
1121 5619 1309 5710 putent
1349 5619 1881 5710 scribendum'pscd‘
2065 5619 2332 5710 δὶίίξό

798 5689 1011 5814 Mago;—
1024 5689 1365 5762 συνέστηκεν.
1389 5698 1497 5765 Ego
1522 5702 1653 5755 nihil
1677 5689 1855 5762 m'uto.

871 5760 887 5814 ί
927 5763 979 5814 9)
1003 5761 1125 5814 ΜΒ.
1152 5763 1308 5814 Rea”
1341 5765 1651 5814 Basileenc“
1683 5773 1855 5814 Vatiae

871 5760 979 5832 (59)
1003 5761 1125 5819 Mss.
1152 5760 1308 5834 neg.,
1341 5760 1655 5839 Basileens.,
1683 5760 1925 5834 Vatican.
1961 5782 2015 5830 et
2049 5775 2327 5846 Anglican.

1986 5342 2030 5372 "
2059 5341 2200 5399 Psal.
2228 5361 2300 5408 et,
2325 5347 2415 5402 ΞΟ.
2490 5351 2536 5382 ’³
2569 5350 2669 5404 lsa.
2694 5367 2735 5416 ι,
2760 5350 2854 5404 20.

2447 4533 2699 4586 τοιούτων
2740 4535 3060 4606 διηγήσεως,
3115 4536 3187 4606 μὴ
3229 4539 3430 4608 νοήσας
3461 4539 3514 4590 δὲ
3548 4540 3639 4588 ἐπὶ
3681 4541 3856 4592 τίνων
3891 4543 4013 4594 τᾶσ-

2450 4641 2599 4678 σεται
2642 4624 2712 4677 τά
2759 4625 2980 4695 ὀνόμασι
3033 4626 3145 4696 (60)
3184 4628 3506 4695 σωματικῶν
3545 4630 3720 4697 μελῶν
3767 4632 3868 4682 ἐπὶ

2450 4716 2728 4784 δυνάμεων
2758 4717 2851 4769 τοῦ
2881 4718 3018 4770 Θεοῦ
3055 4719 3344 4789 λεγόμενα,
3394 4718 3570 4787 φησίν·
3615 4739 3633 4768 ι
3673 4722 3812 4774 Οὐδὲ
3845 4725 4014 4792 στόμα

2445 4803 2591 4873 αὐτῷ
2621 4807 2788 4866 ἐστιν,
2821 4806 2938 4857 οὐδὲ
2988 4808 3158 4875 φωνή.
3201 4824 3219 4856 ι
3281 4804 3515 4873 Ἀληθῶς
3559 4804 3671 4874 γὰρ
3709 4807 3816 4858 οὐκ
3864 4807 4012 4860 ἔσται

2442 4895 2519 4963 τῷ
2547 4895 2664 4958 Θεῷ
2686 4897 2856 4964 φωνὴ,
2884 4896 3043 4966 εἴπερ
3065 4897 3209 4948 ἐστὶν
3235 4896 3268 4962 ὴ
3293 4895 3442 4963 φωνὴ
3466 4894 3572 4965 ἀὴρ
3596 4896 4011 4966 πεπληγμένῃς,

2442 4988 2472 5055 ἦ
2508 4986 2686 5056 πληγὴ
2721 4987 2898 5058 ἀέρος,
2927 4987 2960 5057 ἢ
2995 4984 3133 5048 εἶδος
3159 4986 3338 5054 ἀέρος,
3373 4987 3405 5055 ἦ
3440 4987 3468 5037 ὅ
3492 5003 3544 5038 τι
3571 4987 3776 5058 δήποτε
3809 4991 4012 5062 ὁρίζω-

2441 5094 2530 5129 ται
2562 5075 2699 5130 εἶναι
2727 5077 2825 5148 τὴν
2853 5076 3033 5146 φωνὴν
3064 5077 3112 5128 oi
3144 5077 3269 5146 περὶ
3294 5075 3463 5129 ταῦτα
3484 5076 3645 5130 δεινοί
3669 5097 3680 5107 ·
3709 5080 3832 5132 ἀλλ’
3863 5083 3894 5149 ἡ
3923 5084 3996 5131 ls-

2439 5167 2642 5238 γομένη
2692 5167 2841 5237 φωνὴ
2883 5166 3040 5230 Θεοῦ,
3071 5165 3144 5228 ὡς
3175 5166 3307 5218 Θεοῦ
3354 5167 3501 5238 φωνὴ
3529 5168 3766 5240 ὁρᾶσθαι
3798 5172 4006 5238 λέγεται
4037 5175 4040 5182 ’

2939 5350 2985 5382 ⁸⁸
3010 5349 3179 5405 Exod.
3212 5366 3313 5418 xx,
3331 5352 3416 5407 18.

2441 5508 2733 5626 secundant?
2767 5506 2932 5560 ὅτιού
2962 5505 3138 5578 θέμις.
3186 5505 3526 5568 Ηωεοιιοίἰιιε
3565 5523 3621 5568 et
3671 5512 3998 5582 Spencerus.

2441 5592 2517 5626 οτι
2551 5592 2611 5626 ου
2663 5592 2731 5626 ει.

2439 5592 2517 5626 οτι
2551 5592 2611 5627 ου
2632 5592 2731 5630 οει.

2509 5644 2618 5765 $60)
2647 5643 2840 5698 Guieto
2865 5641 3204 5702 scriben‘dum
3236 5649 3470 5716 videtur,
3512 5650 3582 5704 τά
3603 5650 3876 5720 ὀνόματα,
3905 5653 3997 5710 sed

2443 5729 2506 5764 νυ
2531 5724 2653 5765 nata
2679 5713 2837 5765 lectio
2861 5712 2988 5765 ferri
3019 5729 3209 5765 nolesl-

2443 5712 2653 5784 vulgata
2679 5713 2837 5770 lectio
2861 5712 2988 5770 ferri
3017 5729 3209 5787 potest.
