4094 6322
96 477 237 536 i393

1286 474 1563 532 CONTRA
1601 474 1877 533 CELSUM
1918 476 2045 536 LIB.
2085 477 2169 534 Vl.

3175 476 3308 539 13M

91 598 198 652 ὑπὸ
226 594 322 652 ⁴τοῦ
357 596 483 652 λαοῦ
525 597 583 651 ἐν
628 596 726 669 τῷ,
768 614 787 648 ι
819 597 934 662 Πᾶς
964 598 992 650 6
1021 595 1147 663 λαὸς
1178 595 1323 668 ἐώρα
1350 598 1451 669 τὴν
1481 597 1659 671 φωνὴν

1760 600 1936 653 'videri
1967 607 2203 669 sumpta,
2258 604 2317 656 ut
2355 610 2419 651 ex
2453 596 2840 656 consuetudine
2887 595 3307 669 Seripturmjlo-

89 690 186 747 τοῦ
223 688 383 744 Θεοῦ·
415 708 436 744 ι
478 687 573 745 τοῦ
619 687 870 760 ὁρᾶσθαι
911 687 1343 760 λαμϐανομένου,
1390 690 1478 745 ἴνα
1516 689 1656 744 κατὰ

91 783 193 852 τὴν
222 781 506 854 συνήθειαν
543 782 793 854 ὀνομάσω
833 782 931 853 τῆς
959 782 1198 853 Γραφῆς,
1229 781 1653 851 πνευματικῶς.

102 873 245 928 Ἀλλ’
304 892 323 926 ι
366 874 474 929 οὐδ’
520 873 647 929 ἄλλο
696 874 859 943 φησιν
910 869 1045 927 εἶναι
1092 872 1169 943 τῷ
1210 872 1330 944 Θεῷ
1370 867 1443 927 ὧν
1496 874 1658 944 ἡμεῖς

91 966 270 1036 ἴσμεν·
309 984 329 1019 ι
364 966 539 1020 Τίνων
565 966 610 1021 6‘
637 967 797 1039 ἡμεῖς
830 965 1007 1035 ῐσμεν,
1038 966 1097 1019 οὐ
1132 964 1432 1036 σαφηνίζει.
1461 965 1525 1019 Εἰ
1559 965 1656 1036 μὲν

88 1057 203 1132 γὰρ
228 1057 424 1130 μελῶν,
452 1057 744 1130 σύμφαμεν
781 1056 950 1129 αὐτῷ,
980 1055 1488 1128 προσυπακούοντες
1534 1075 1552 1109 ι
1581 1050 1689 1145 ὧνν

90 1148 253 1217 ἴσμεν
293 1166 312 1200 ι
366 1147 690 1218 σωματικῶς
738 1149 832 1202 κα).
880 1149 1183 1218 κοινότερον
1228 1150 1651 1222 ὀνομαζομένων·

87 1241 135 1292 εἰ
161 1239 224 1293 δὲ
248 1238 475 1293 καθόλου
500 1238 791 1312 ἁκούοιμεν
820 1238 911 1293 τοῦ
940 1258 958 1289 ι
990 1232 1065 1294 ὧν
1090 1240 1249 1311 ἡμεῖς
1274 1240 1449 1312 ἴσμεν,
1478 1259 1498 1293 ι
1530 1240 1655 1294 πολ-

87 1327 201 1381 λῶν
228 1330 387 1400 ἡμεῖς
415 1328 572 1400 ἴσμεν
591 1330 1002 1401 ἐξακουομένουο
1030 1329 1143 1383 ἔστι
1167 1318 1275 1403 γὰρ
1293 1331 1441 1402 αὐτῷ
1464 1332 1651 1403 ἀρετὴ,

88 1422 184 1475 καὶ
220 1420 572 1493 μακαριότης,
608 1422 701 1476 καὶ
736 1421 965 1493 θειότης.
1009 1412 1072 1475 Εἰ
1104 1422 1160 1476 δέ
1195 1439 1277 1485 τις
1304 1424 1487 1476 ἀκούοι
1517 1422 1655 1495 ὑψη-

85 1510 311 1584 λότερον
339 1511 432 1566 τοῦ
463 1530 483 1565 ‹
512 1506 587 1568 ὧν
612 1514 771 1584 ἡμεῖς
806 1513 983 1584 ἴσμεν,
1018 1532 1037 1565 ι
1076 1515 1198 1568 ἐπεὶ
1225 1515 1399 1569 πάντα
1430 1515 1467 1569 ἃ
1500 1515 1657 1585 ἴσμεν

86 1600 349 1657 ἐλάττονά
391 1604 507 1657 ἐστι
556 1602 648 1656 τοῦ
692 1602 857 1656 Θεοῦ·
900 1602 1052 1657 οὐδὲν
1097 1603 1327 1667 ἄτοπον,
1372 1605 1465 1658 καὶ
1510 1606 1656 1675 ἡμᾶς

85 1693 517 1764 παραδέξασθαι,
542 1695 624 1749 ὅτι
643 1695 797 1749 οὐδέν
820 1695 1031 1767 ἐστιτῷ
1057 1695 1174 1768 Θεῷ
1195 1688 1269 1751 ὧν
1290 1698 1452 1767 ἡμεῖς
1476 1695 1652 1767 ἴσμενο

85 1784 375 1855 κρείττονα
403 1785 511 1857 γάρ
540 1788 654 1840 ἐστι
697 1785 934 1849 πάντων.
969 1780 1051 1842 ὧν
1075 1783 1215 1841 οἶδεν
1244 1788 1305 1842 οὐ
1336 1788 1470 1859 μόνη
1499 1790 1532 1858 ἡ
1562 1787 1654 1841 τοῦ

83 1875 378 1945 ἀνθρώπου
421 1878 602 1946 φύσις,
644 1877 778 1933 ἀλλὰ
827 1878 921 1932 καὶ
958 1877 1067 1931 τῶν
1100 1878 1655 1950 ὑπεραναὸεὸηκότων

1763 706 1920 762 quar,
1955 689 2325 759 spin‘tua’liter.
2356 689 2535 755 Addit,
2563 708 2584 743 ι
2624 691 2765 746 nihil
2791 689 3081 760 quidquam
3121 684 3306 746 eorum

1764 799 1884 852 qua:
1929 781 2330 852 cognoscimus,
2380 781 2560 837 inesse
2586 781 2716 839 Deo.
2763 799 2783 833 ι
2817 779 3014 835 Verum
3063 790 3309 849 Quaenam

1762 872 1871 929 sint
1898 871 1988 926 illa
2010 886 2131 942 quae
2156 874 2556 941 cognoscimus,
2583 883 2686 924 non
2718 869 2981 934 declarat.
3015 866 3147 921 Nam
3173 869 3218 923 si
3244 869 3313 926 de

1702 948 1727 966 ”
1764 964 2021 1019 membris
2050 962 2307 1033 loquitur,
2338 961 2478 1016 idem
2503 1007 2509 1015 .
2532 974 2598 1017 ac
2640 962 2729 1016 ille
2758 962 3061 1027 sentimus;
3114 958 3313 1015 intelli-

1762 1063 1948 1125 gentes
1978 1072 1997 1108 ι
2044 1069 2107 1111 ea
2160 1067 2281 1123 qua:
2316 1053 2693 1124 cognoscimus
2731 1070 2749 1103 ι
2787 1052 2854 1109 de
2884 1052 2952 1119 iis
2988 1050 3150 1108 rebus
3177 1064 3314 1120 quas

1762 1160 1860 1216 per
1881 1160 2075 1214 corpus
2098 1145 2503 1216 cognoscimus,
2540 1152 2599 1200 ut
2629 1143 2732 1199 [ert
2759 1142 3028 1213 vulgatior
3061 1140 3313 1211 loquendi

1764 1235 1925 1292 ratio.
1980 1235 2103 1293 ΙΙωο
2151 1246 2334 1291 autem
2359 1274 2373 1299 ,
2430 1252 2449 1287 ι
2499 1250 2617 1304 quae
2649 1248 2745 1291 nos
2780 1235 3178 1304 cognoscimus,
3219 1251 3239 1285 ι
3268 1231 3315 1287 si

1761 1329 2104 1399 accipiantur
2132 1318 2423 1382 universim
2449 1363 2464 1389 ,
2492 1327 2661 1383 multa
2697 1326 3074 1398 cognoscimus
3107 1340 3229 1395 qua:
3259 1326 3335 1379 iu
3396 1384 3399 1385 ν

1764 1422 1854 1478 illo
1884 1430 2030 1477 sunt.
2061 1418 2203 1479 Sunt
2233 1419 2378 1475 enim
2412 1418 2464 1473 in
2486 1417 2591 1474 illo
2626 1419 2820 1483 virtus,
2855 1417 3155 1483 beatitudo,
3185 1416 3316 1478 divi-

1762 1514 1926 1571 nitas.
1978 1511 2131 1578 Quod
2168 1510 2213 1567 si
2248 1510 2370 1580 quis
2417 1526 2437 1562 ι
2485 1522 2548 1563 ea
2578 1522 2697 1579 qua:
2736 1523 2834 1564 nos
2876 1508 3256 1579 cognoscimus
3290 1524 3310 1558 ι

1763 1604 2065 1662 sublimiori
2105 1618 2264 1658 sensu
2300 1602 2585 1673 intelligat,
2628 1602 2884 1671 quoniam
2919 1600 3177 1655 inferiora
3206 1600 3345 1655 Deo-

1762 1705 1888 1752 sunt
1917 1709 2255 1766 quaecunque
2276 1694 2681 1763 cognoscimus,
2709 1692 2849 1747 nihil
2885 1691 3177 1746 absurdqu
3214 1695 3319 1746 erit

1764 1788 1816 1844 id
1844 1802 1874 1843 a
1916 1789 2073 1845 nobis
2098 1787 2351 1853 admitti,
2382 1785 2437 1840 in
2486 1783 2598 1839 Deo
2628 1782 2765 1837 nihil
2792 1797 2982 1838 eorum
3029 1796 3151 1839 esse
3195 1796 3317 1852 qua:

1765 1880 2162 1952 cognoscimus.
2217 1878 2345 1946 Quae
2395 1876 2539 1933 enim
2570 1875 2624 1933 in
2658 1891 2722 1933 ee
2746 1884 2910 1943 sunt,
2944 1888 3011 1933 ea
3058 1882 3321 1944 superant

84 1970 281 2042 αὐτὴν,
310 1970 377 2025 τὰ
407 1970 679 2043 προσόντα
727 1968 863 2040 Θεῷ.
900 1970 963 2024 Εἰ
1004 1969 1049 2023 δ’
1094 1968 1390 2038 ἀνεγνώκει
1414 1968 1529 2043 ,(61)
1561 1970 1659 2034 τὰς

1763 1986 1869 2026 ιιοιι
1905 1970 2076 2026 solum
2109 1973 2360 2025 huiuanze
2388 1978 2594 2025 natura:
2621 1968 3009 2043 cognitionem,
3032 1968 3124 2022 sed
3155 1966 3318 2021 etiam

82 2062 199 2115 τῶν
226 2042 516 2135 προφητῶν
545 2060 734 2129 λέξεις,
768 2056 861 2115 τοῦ
897 2060 993 2133 μὲν
1023 2058 1184 2113 Δαυίδ
1224 2042 1492 2128 λέγοντος·
1532 2078 1551 2111 ι
1583 2061 1657 2113 Σὺ

81 2152 139 2205 δὲ
169 2155 201 2206 ὁ
230 2152 390 2217 αὐτὸς
421 2146 470 2204 εἰ
490 2168 503 2185 ο
535 2170 554 2205 ι
591 2149 687 2205 τοῦ
717 2150 775 2205 δὲ
799 2150 1076 2222 Μαλαχίου
1095 2166 1111 2182 ο
1141 2168 1159 2203 ι
1200 2148 1349 2219 Ἐγώ
1380 2151 1495 2221 εἰμι
1524 2148 1657 2220 (62),

86 2244 187 2297 καὶ
243 2243 343 2297 οὐκ
389 2242 705 2313 ὴλλοίωμαι·
762 2260 781 2292 ι
842 2238 986 2313 ἐώρα
1030 2240 1118 2306 ἂν,
1173 2241 1255 2295 ὅτι
1296 2227 1470 2304 οὐδεὶς
1507 2238 1661 2310 ἡμῶν

81 2353 253 2407 φησιν
281 2330 416 2390 εἰναι
438 2333 732 2406 μεταϐολὴν
761 2334 819 2387 ἐν
847 2331 925 2403 τῷ
948 2330 1067 2402 Θεῴ
1090 2330 1201 2386 οὔτ’
1225 2331 1370 2403 ἔργῳ
1399 2329 1509 2385 οὔτ’
1543 2316 1661 2384 ἐπι-

30 2462 33 2465 ›
82 2429 229 2499 νοίᾳ.
260 2427 450 2482 Μένων
478 2426 587 2497 γὰρ
620 2427 648 2479 6
674 2424 835 2489 αὐτὸς
880 2425 1069 2478 διοικεῖ
1103 2423 1173 2477 τὰ
1209 2421 1541 2495 μεταϐλητὰ,
1585 2422 1660 2485 ὼς

80 2518 325 2588 πέφυκε.
357 2517 451 2573 καὶ
479 2516 636 2585 λόγος
658 2513 821 2570 αὐτοῦ
844 2510 988 2587 αἱρεῖ
1010 2512 1121 2587 (65)
1152 2513 1465 2569 διοικεῖσθαι
1498 2513 1653 2567 αὑτά.

154 2779 295 2839 Εἶτά
334 2800 496 2854 φησιν
535 2786 563 2838 6
605 2784 830 2852 Κέλσος,
868 2784 942 2858 μὴ
980 2783 1162 2838 ἐνιδὼν
1193 2785 1261 2855 τῇ
1296 2784 1526 2855 διαφορᾷ
1565 2783 1657 2837 τοῦ

82 2894 105 2928 ι
143 2875 269 2930 κατ’
302 2876 482 2930 εἰκόνα
503 2874 666 2941 Θεοῦ,
702 2895 719 2927 ι
756 2876 850 2930 καί
882 2895 901 2928 ι
938 2876 1036 2947 τῆς
1061 2876 1269 2937 εἰκόνος
1298 2874 1484 2939 αὐτοῦ,
1526 2895 1544 2925 ι
1576 2876 1657 2927 ὅτι

77 2967 253 3023 εἰκὼν
284 2969 380 3039 μὲν
408 2968 500 3022 τοῦ
525 2968 658 3023 Θεοῦ
687 2968 715 3022 6
745 2988 763 3021 ι
794 2968 1143 3040 Πρωτότοκος
1167 2968 1347 3038 πάσης
1374 2966 1602 3031 κτίσεώς
1634 2987 1651 3018 ι

76 3063 259 3127 ἐστιν,
293 3063 321 3115 6
353 3060 666 3130 Αὑτολόγος,
713 3061 807 3114 καὶ
853 3062 887 3131 ή
935 3059 1312 3132 αὑτοαλήθεια,
1355 3059 1436 3113 ἔτι
1478 3060 1533 3113 δὲ
1566 3060 1659 3113 καὶ

74 3154 113 3225 ὴ
142 3153 463 3220 αὐτοσοφία,
509 3170 528 3206 ι
558 3152 721 3206 εἰκὼν
758 3148 891 3209 οὖσα
918 3152 1018 3223 τῆς
1050 3152 1381 3222 ἀγαοότητος
1413 3151 1596 3217 αὑτοῦ,
1635 3171 1652 3202 ι

1759 2076 1943 2117 earum
1972 2070 2313 2124 naturarttm,
2346 2075 2483 2130 qurc'
2513 2061 2806 2113 humanam
2858 2038 3208 2113 antiacellunt.
3258 2057 3318 2113 Si

1763 2154 1975 2225 legisset
2001 2153 2143 2207 inter
2185 2152 2575 2222 prophetarum
2616 2149 2927 2205 testimonia
2973 2148 3115 2204 istud
3153 2148 3319 2217 Davi-

1761 2244 1891 2300 dis:
1924 2262 1945 2294 ι
1979 2241 2058 2297 Tu
2086 2255 2263 2297 autem
2308 2244 2422 2313 ipse
2446 2243 2564 2297 es"
2587 2281 2602 2309 ,
2636 2261 2651 2294 ι
2705 2251 2758 2296 et
2807 2239 2934 2293 illud
2982 2235 3262 2293 Malacliim
3296 2252 3312 2292 :
3408 2250 3411 2251 '

1766 2353 1781 2383 ι
1824 2332 1934 2403 Ege
1954 2340 2072 2387 Sum
2098 2341 2148 2389 et
2180 2348 2285 2388 nou
2311 2333 2552 2397 muter“
2580 2351 2594 2398 ;
2628 2352 2645 2385 ι
2674 2332 2900 2386 vidisset
2930 2329 3134 2383 nullum
3165 2344 3196 2381 e
3223 2341 3319 2382 no-

1758 2424 1887 2479 stris
1919 2424 2162 2484 tribuere
2190 2424 2299 2478 Deo
2329 2426 2683 2485 mutationem
2708 2431 2801 2483 aut
2824 2419 2956 2481 facti
2994 2426 3090 2472 aut
3111 2416 3319 2495 cogita-

1762 2517 1941 2572 tionis.
1970 2514 2105 2571 Nam
2146 2517 2285 2571 idem
2340 2516 2454 2585 ipse
2506 2529 2730 2569 mancus
2779 2510 3059 2566 mutabilia
3093 2524 3190 2577 pro
3219 2522 3315 2561 eo-

1762 2624 1881 2663 rum
1916 2618 2109 2664 natura
2141 2608 2510 2672 administrat,
2548 2620 2603 2671 et
2628 2606 2775 2669 ratio
2809 2602 3053 2679 postulat
3098 2601 3200 2657 illa‘
3219 2601 3319 2655 ad-

1759 2701 2083 2757 ministrari.
3258 2708 3261 2711 ‘

1828 2793 1914 2850 65.
1946 2792 2147 2848 Deinde
2173 2791 2379 2855 Celsus,
2408 2804 2528 2845 cum
2552 2804 2656 2843 nou
2687 2788 2979 2858 dispiceret
3017 2788 3116 2841 hoc
3143 2785 3315 2840 inter-

1758 2900 1878 2942 esse
1918 2884 2207 2940 discrimen
2258 2884 2403 2938 inter
2456 2900 2474 2934 ι
2519 2897 2639 2938 esse
2676 2880 2969 2937 secundum
3020 2879 3309 2948 imaginem

1761 2978 1851 3032 Dei
1889 2996 1905 3029 ι
1937 2986 1991 3031 et
2018 2994 2039 3029 ι
2068 2990 2188 3033 esse
2212 2975 2331 3045 ejus
2367 2974 2660 3044 imaginem
2684 3013 2701 3035 ,
2748 2992 2767 3025 ι
2802 2972 2945 3043 quod
2995 2972 3173 3041 imago
3219 2968 3314 3025 Dei

1759 3068 1827 3122 sit
1889 3084 1908 3118 ι
1945 3066 2345 3136 Primogeuitus
2382 3066 2559 3119 nntnis
2597 3064 2926 3119 creaturae’7
2956 3104 2971 3128 ,
3024 3083 3041 3115 ι
3078 3060 3311 3117 Verbum
3408 3082 3411 3083 ν

1760 3158 1965 3228 ipsum,
2004 3158 2205 3213 veritas
2236 3158 2349 3226 ipsa
2371 3197 2386 3221 ,
2435 3157 2702 3227 sapientia
2735 3156 2895 3211 etiam
2925 3156 3041 3224 ipsa
3075 3168 3205 3222 quae
3226 3162 3313 3206 est.

74 3246 211 3299 κατ’
241 3244 423 3298 εἰκόνα
447 3245 503 3299 δέ
528 3245 624 3299 τοῦ
663 3244 797 3297 Θεοῦ
835 3243 863 3296 6
889 3242 1174 3314 ἄνθρωπος
1218 3244 1541 3314 πεποίηται·
1576 3242 1656 3297 ἔτι

1764 3272 1781 3306 ι
1817 3253 1996 3324 imago
2027 3251 2285 3307 bonitatis
2314 3251 2523 3319 eius";
2560 3270 2579 3304 ι
2615 3252 2777 3316 homo
2796 3256 2975 3304 autem
3011 3246 3307 3301 secundum

72 3333 136 3386 δὲ
168 3334 263 3387 καὶ
295 3336 375 3388 ὅτι
405 3336 512 3398 πᾶς
542 3334 701 3405 ἀνὴρ,
735 3327 794 3387 οῦ
822 3335 1053 3405 Χριστός
1080 3336 1194 3387 ἐστι
1222 3333 1453 3405 κεφαλὴ,
1492 3332 1653 3386 εἰκὼν

1760 3341 2048 3411 imaginem
2084 3338 2177 3393 Dei
2219 3339 2289 3394 sit
2333 3337 2538 3404 factus;
2589 3353 2712 3393 cum
2761 3347 3021 3406 praeterea
3075 3335 3311 3390 nesciret

75 3423 182 3476 καὶ
214 3421 342 3488 δόξα
374 3424 508 3477 Θεοῦ
538 3425 802 3494 ὑπάρχει·
831 3424 944 3477 ἀλλ’
980 3425 1099 3479 οὐδὲ
1131 3427 1429 3496 ἐπιστήσας
1461 3427 1518 3479 ἐν
1545 3426 1651 3479 τίνι

72 3511 198 3565 τῶν
228 3511 324 3566 τοῦ
348 3510 632 3584 ἀνθρώπου
653 3513 711 3567 τὸ
741 3513 859 3569 κατ’
887 3513 1069 3566 εἰκόνα
1096 3512 1191 3567 τοῦ
1215 3513 1348 3567 Θεοῦ
1382 3532 1657 3585 χαρακτη-

77 3601 319 3675 ρίζεται*
351 3604 445 3656 καὶ
462 3604 543 3657 ὅτι
567 3604 625 3656 ἐν
648 3605 713 3673 τῇ
744 3602 818 3674 μὴ
847 3604 1134 3676 ἐσχηκυῖα,
1171 3605 1202 3675 ἢ
1234 3606 1428 3675 μηκέτι
1456 3606 1654 3676 ἐχούσῃ

80 3711 102 3744 ι
148 3690 258 3745 1:69-
276 3692 501 3746 παλαιὸν
533 3684 860 3765 ἄνθρωποί
849 3696 943 3748 σὺν
966 3698 1086 3758 ταῖς
1120 3694 1379 3767 πράξεσιν
1409 3695 1595 3759 αὐτοῦ,
1630 3716 1646 3748 ι

74 3785 150 3836 ἐκ
199 3780 296 3861 τοῦ
344 3782 418 3853 μὴ
461 3782 603 3854 ἔχειν
647 3782 818 3838 ταῦτα
864 3784 1271 3856 χρηματιζοῦσῃ
1313 3786 1434 3838 κατ’
1475 3786 1656 3839 εἰκόνα

72 3874 180 3928 τοῦ
206 3874 488 3939 κτίσαντος
508 3876 640 3945 φησί
664 3875 776 3946 (64)
805 3876 887 3941 τὸ,
920 3875 1054 3930 «οὐδ’
1086 3876 1369 3947 ἄνθρωπον
1402 3877 1655 3948 ἐποίησεν

72 3964 273 4018 εἰκόνα
300 3964 463 4017 αὐτοῦ
481 3981 492 3993 ·
528 3965 588 4017 οὐ
618 3966 726 4037 γὰρ
753 3966 954 4020 τοιόσδε
975 3969 1003 4019 6
1029 3966 1180 4031 Θεὸς,
1212 3966 1323 4020 οὔτ’
1358 3967 1499 4038 ἄλλῳ
1526 3969 1656 4022 εῖδει

69 4054 261 4109 οὐδενί
297 4056 507 4124 ὅμοιος·
572 4075 591 4109 ι
636 4051 747 4111 οἷον
778 4057 822 4110 δ’
855 4057 969 4111 ἔστι
1001 4056 1112 4128 (65)
1146 4057 1238 4111 τοῦ
1279 4057 1530 4112 συνθέτου
1560 4060 1656 4113 ἀν-

71 4143 308 4219 θρώπου
336 4144 413 4216 τῷ
445 4147 646 4218 χείρονι
676 4142 852 4218 μέρει,
887 4148 1029 4217 λέγω
1063 4148 1219 4221 δὲμτῷ
1241 4147 1473 4219 σώματι,
1503 4150 1655 4221 νομί-

68 4239 199 4302 ζειν
242 4236 567 4307 ἐνυπάρχειν
592 4237 653 4291 τὸ
697 4239 815 4290 κατ’
861 4240 1042 4292 εἰκόνα
1082 4239 1176 4293 τοῦ
1221 4240 1398 4305 Θεοῦ,·
1430 4242 1505 4305 ὡς
1546 4242 1590 4295 δ’
1629 4245 1657 4294 ό

70 4325 299 4387 Κέλσος
330 4323 439 4395 (66)
496 4325 793 4394 ἐξείληφεν,
837 4328 965 4379 αὐτὸ
1016 4322 1154 4379 εἶναι
1200 4328 1264 4381 τὺ
1308 4331 1428 4384 κατ’
1474 4330 1657 4383 εἰκόνα

68 4412 291 4479 αὐτοῦς
319 4413 381 4466 Εἰ
406 4395 513 4484 γάρ
543 4406 605 4466 τὸ
626 4415 743 4467 κατ’
764 4414 1060 4468 εἰκόνασοῦ
1091 4414 1223 4472 Θεοῦ
1256 4418 1313 4469 ἐν
1339 4417 1416 4489 τῷ
1447 4418 1656 4490 σώματί

69 4509 202 4559 ἐστι
245 4503 409 4575 μόνῳ,
452 4503 740 4575 ἐστέρηται
785 4504 846 4571 τὸ
878 4506 1187 4576 κρεῖττονή
1219 4505 1364 4579 ψυχὴ
1412 4510 1504 4562 τοῦ
1536 4511 1655 4563 κατ’

1756 3447 1967 3488 onmem
1995 3432 2191 3495 virum,
2220 3428 2375 3498 cujus
2407 3437 2571 3498 caput
2592 3429 2665 3485 sit
2712 3428 2964 3486 Christus
2984 3467 2999 3493 ,
3024 3427 3312 3497 imaginem

1757 3531 1812 3577 et
1841 3522 2067 3591 gloriam
2103 3522 2193 3576 Dei
2230 3535 2352 3575 esse
2372 3522 2450 3585 ²⁹;
2484 3537 2658 3590 neque
2686 3520 3143 3573 animadverteret
3183 3518 3311 3586 quid

1758 3617 1807 3665 in
1842 3611 2059 3666 homine
2089 3612 2159 3666 sit
2192 3612 2281 3666 ubi
2308 3614 2653 3681 imprimitur
2680 3611 2965 3664 character
3003 3609 3077 3661 rei
3119 3623 3331 3662 secunw

1757 3697 1885 3753 dum
1913 3698 2199 3768 imaginem
2232 3699 2323 3753 Dei
2352 3698 2527 3765 factm,
2551 3714 2782 3768 eumque
2818 3698 2994 3752 inesse
3028 3698 3079 3750 in
3112 3707 3308 3752 natura

1757 3804 1879 3859 qua:
1910 3804 2015 3843 non
2051 3790 2240 3843 habuit
2276 3799 2369 3843 aut
2399 3791 2509 3859 jam
2546 3806 2651 3847 non
2680 3790 2842 3844 habet
2882 3809 2899 3841 ι
2938 3797 3176 3842 veterem
3215 3788 3311 3841 ho-

1759 3881 1959 3935 minem
1991 3896 2111 3935 eum
2137 3880 2342 3936 actibus
2369 3883 2482 3938 suis
2502 3882 2569 3948 '°,
2606 3902 2624 3935 ι
2653 3895 2883 3949 eumque
2907 3880 2976 3933 ob
3004 3889 3203 3932 statum
3228 3877 3311 3931 di-

1758 3966 1899 4020 citur
1923 3969 2219 4021 secundum
2255 3969 2347 4023 Dei
2377 3968 2665 4038 imaginem
2696 3968 2870 4031 facta;
2898 3967 2978 4021 sic
3008 3968 3249 4035 laquitur
3287 3982 3302 4018 :

1763 4072 1781 4105 ι
1820 4052 1934 4108 Νοιι
1973 4054 2100 4109 fecit
2131 4057 2405 4112 hominem
2452 4069 2511 4111 ut
2552 4060 2668 4128 ejus
2721 4061 2899 4130 imago
2929 4068 3073 4114 esset
3112 4073 3127 4111 :
3164 4055 3306 4110 Deus

1756 4146 1901 4201 enim
1936 4152 2037 4201 nec
2068 4147 2293 4211 homini,
2320 4163 2421 4202 nec
2450 4148 2542 4202 ulli
2568 4150 2657 4204 alii
2681 4150 2879 4219 Speciei
2917 4148 3112 4205 similis
3134 4156 3236 4204 est.
3280 4164 3301 4198 ι

1758 4237 2066 4305 Cujusmodi
2115 4248 2196 4293 est
2237 4239 2351 4293 lucc
2382 4238 2521 4294 Celsi
2571 4235 2833 4295 sententia
2862 4283 2875 4306 ,
2910 4242 2963 4294 in
2996 4240 3215 4294 homine
3242 4252 3309 4293 ex

1759 4329 1959 4397 duplici
2003 4340 2153 4398 parte
2202 4330 2543 4398 composito,
2612 4330 2937 4386 deteriorem
2984 4343 3105 4383 esse
3170 4342 3306 4403 rem,

1758 4433 1952 4487 corpus
1985 4419 2139 4483 dico,
2186 4434 2307 4489 qua:
2354 4419 2649 4474 secundum
2702 4420 2989 4490 imaginem
3040 4419 3130 4473 Dei
3166 4417 3309 4473 facta

1758 4508 1871 4561 sit?
1904 4506 2035 4559 Nam
2071 4509 2115 4561 si
2152 4511 2323 4562 solum
2360 4523 2554 4577 corpus
2579 4510 2873 4563 secundum
2902 4510 2993 4563 Dei
3024 4507 3308 4576 imaginem

68 4582 293 4661 εἰκόνα,
323 4597 415 4649 καὶ
439 4595 583 4649 ἔστιν
621 4597 679 4648 ἐν
698 4595 775 4667 τῷ
811 4595 1033 4668 φθαρτῷ
1067 4596 1301 4668 σώματι,
1325 4599 1460 4671 ὅπερ
1485 4600 1655 4663 οὐδεὶς

1762 4582 1958 4650 factum
1992 4597 2082 4663 sit,
2120 4599 2219 4651 hoc
2248 4599 2401 4653 titulo
2430 4600 2633 4667 privata
2663 4598 2762 4652 fuit
2789 4600 2991 4664 anima,
3020 4614 3145 4666 pars
3171 4613 3307 4665 pra:-

68 4689 246 4761 ήμῶν
277 4688 452 4756 λέγει·
489 4689 537 4742 εἰ
568 4690 611 4742 δ’
642 4689 789 4740 ἔστιν
831 4688 888 4741 ἐν
917 4687 994 4759 τῷ
1030 4690 1423 4761 συναμφοτέρῳ
1446 4691 1504 4743 τὸ
1538 4694 1654 4743 κατ’
1702 4708 1709 4719 κ

72 4781 277 4834 εἰκόνα
298 4769 390 4832 τοῦ
415 4778 570 4843 Θεοῦ,
599 4780 809 4849 ἀνάγκη
836 4778 1086 4833 σύνθετον
1118 4774 1253 4832 εῖναι
1276 4780 1365 4832 τὸν
1386 4781 1537 4843 Θεὸν,
1565 4781 1658 4833 καὶ

67 4870 253 4924 οἱονεὶ
284 4870 586 4923 συνεστῶτα
631 4871 723 4925 καὶ
761 4869 920 4922 αὐτὸν
950 4868 1059 4940 (67)
1100 4872 1165 4922 ἐκ
1206 4869 1380 4938 ψυχῆς
1430 4870 1524 4922 καὶ
1557 4870 1660 4923 σώ-

72 4976 287 5033 ματος,
314 4960 398 5012 ἵνα
428 4961 488 5014 τὸ
524 4962 619 5031 μὲν
650 4962 767 5013 κατ’
814 4959 997 5013 εἰκόνα
1033 4960 1093 5012 τὸ
1144 4962 1385 5030 κρεῖττον
1492 4961 1549 5011 ἐν
1592 4961 1658 5030 τῇ

66 5048 258 5121 ψυχῇ,
306 5046 367 5099 τὸ
394 5047 439 5102 δ’
473 5048 716 5114 ἔλαττον,
758 5049 851 5101 καὶ
887 5048 1025 5102 κατὰ
1051 5046 1112 5101 τὸ
1149 5047 1325 5119 σῶμα,
1357 5049 1413 5101 ἐν
1451 5047 1528 5119 τῷ
1559 5048 1661 5103 σώ-

155 5183 208 5216 ἰ
241 5180 385 5237 Psal.
413 5198 485 5248 Cl,
514 5183 603 5241 28.
652 5244 655 5245 ν
682 5186 728 5217 ⁸⁸
749 5184 978 5241 Malacb.
1009 5200 1091 5251 ιιι,
1122 5185 1176 5242 6.
1252 5187 1294 5217 ’⁷
1315 5186 1522 5243 Coloss.
1551 5203 1589 5253 ι,
1620 5170 1727 5241 15(

157 5401 278 5473 (6ι)
318 5400 651 5473 limscbclius
673 5403 725 5473 in
748 5413 918 5465 textu,
943 5404 1049 5457 οὐδ’
1081 5402 1393 5473 ἀνεγνώκει,
1419 5405 1577 5459 male.

161 5472 827 5543 (62)Ma_.1az(ov"_’E7tb
850 5477 990 5543 ειμι,
1018 5484 1122 5528 etc.
1170 5472 1241 5529 Ita
1295 5484 1438 5528 recte
1494 5474 1649 5530 codd.

72 5540 296 5614 Regius
321 5549 374 5614 et
402 5540 723 5614 Basileensis
740 5540 767 5606 ς*
786 5540 1116 5599 limschelius
1142 5553 1321 5597 autem
1347 5557 1401 5600 et
1418 5543 1653 5614 Speuce-

74 5606 211 5675 rus:
237 5612 538 5681 Μαλαχιου,
566 5606 737 5681 οἶμαι,
769 5614 884 5677 καί,
912 5624 1019 5667 etc.
1184 5648 1185 5651 η

161 5683 281 5753 (65)
330 5680 663 5753 Ιιωεοίιθιίυε
701 5682 753 5735 in
782 5691 949 5753 lejttu,
979 5685 1112 5752 ἐρεῖ.
1150 5682 1455 5753 Legendum
1502 5692 1648 5753 puto,

75 5751 191 5812 καὶ
209 5753 364 5820 λόγος
389 5752 547 5823 αὑτός
568 5753 734 5823 αἰρεί,
758 5751 927 5823 utiib.
955 5751 1048 5814 vn,
1075 5751 1302 5823 nutn.'7.

159 5822 280 5948 (64)
302 5823 474 5887 Mal.
504 5820 647 5907 μεθὸ
673 5821 1101 5948 (ειιιηΒιΙιΙιθιθΙΙο
1120 5822 1295 5888 φύσει.

164 5891 257 5948 (65
306 5886 444 5947 οἷον
469 5892 504 5945 δ
549 5892 703 5948 ἐστι.
742 5901 847 5948 etc.
900 5892 997 5947 huc
1024 5892 1183 5948 verba
1225 5907 1295 5948 θυι

164 5886 280 5961 (65)
306 5886 444 5951 οἷον
469 5892 521 5945 δ’
549 5886 703 5957 Hm,
742 5901 847 5949 etc.
878 5886 997 5948 lianc
1024 5886 1183 5948 verba
1225 5901 1347 5948 sunt
1378 5891 1643 5961 Origcnis,

1759 4686 2034 4747 stantior;
2065 4685 2155 4738 illo
2179 4695 2428 4739 ornatum
2481 4685 2581 4739 fuit
2627 4687 2921 4739 obnoxium
2975 4685 3307 4752 corruptioni

1757 4788 1971 4842 corpus.
2003 4773 2163 4842 Atqui
2191 4790 2351 4828 nemo
2386 4782 2628 4828 nostrum
2662 4774 2714 4826 id
2749 4773 2969 4828 dixerit.
2998 4773 3093 4827 Sin
3127 4781 3308 4826 autem

1756 4864 1809 4917 iu
1839 4873 2066 4932 utraque
2089 4873 2241 4932 parte
2261 4871 2343 4919 est
2374 4863 2425 4916 id
2460 4862 2605 4932 quod
2636 4863 2931 4917 secundum
2977 4862 3067 4916 Dei
3116 4863 3309 4928 imagi-

1758 4970 1877 5010 nem
1909 4955 2109 5009 l'actum
2163 4963 2267 5020 est,
2329 4967 2553 5009 necesse
2600 4954 2707 5009 erit
2761 4954 2931 5009 Deum
2976 4952 3139 5007 etiam
3188 4939 3311 5007 esse

1759 5045 2121 5115 compositum
2165 5055 2217 5099 et
2256 5060 2322 5100 ex
2370 5046 2551 5100 anima
2602 5055 2658 5102 et
2686 5057 2916 5113 corpore
2948 5042 3099 5112 quasi
3145 5041 3306 5113 681

1780 5187 1825 5219 ’⁸
1852 5186 1978 5257 Sap.
2000 5202 2094 5251 vn,
2116 5186 2206 5241 26.
2281 5188 2325 5219 ⁸³
2356 5186 2374 5241 l
2400 5188 2525 5242 Cor.
2555 5202 2630 5253 ιιι,
2654 5170 2707 5253 ῖὶ,
2734 5188 2787 5241 7.
2862 5188 2907 5219 ³ο
2924 5188 3129 5243 Coloss.
3151 5202 3231 5252 ut,
3252 5193 3302 5247 9.
3362 5181 3367 5183 Α

1759 5417 1863 5455 non
1908 5401 2067 5464 Celsi,
2096 5409 2149 5453 ut
2194 5399 2332 5453 male
2372 5400 2578 5467 putavit
2630 5397 2898 5453 Gelenius.
2952 5398 3085 5452 Nota
3148 5399 3307 5468 igitur

1760 5472 2197 5537 interrogationis
2222 5469 2509 5536 rejicienda
2542 5470 2640 5523 fuit
2683 5470 2901 5523 inferius
2928 5479 3046 5536 post
3067 5468 3248 5523 αὑτοῦ.

1852 5539 1939 5607 66)
1977 5540 2066 5607 Ὡς
2104 5540 2154 5592 δ’
2185 5543 2217 5593 ὁ
2246 5538 2497 5602 Κέλσος.
2526 5539 2815 5603 Particula,
2845 5539 2909 5600 δ’,
2937 5539 3182 5593 delenda.
3212 5606 3231 5607 η
3324 5592 3325 5599 η

1849 5606 1937 5671 67)
1968 5606 2075 5662 Κιλί
2106 5609 2307 5661 αὐτόν.
2328 5609 2417 5662 Sic
2446 5624 2573 5663 mss.
2604 5609 2748 5664 Libri
2778 5618 2953 5661 autem
2977 5617 3130 5660 antea
3153 5606 3303 5671 editi,

1756 5676 1846 5732 τὸν
1881 5676 2033 5749 Θεόν.
2063 5679 2177 5732 Mox
2194 5679 2348 5749 loco,
2376 5679 2463 5731 ἴνα
2484 5680 2543 5733 τὸ
2575 5683 2669 5749 μὲν
2693 5678 2809 5749 κατ’
2837 5679 3017 5749 εἰκόνα
3049 5676 3107 5749 τὸ
3135 5678 3305 5749 κρεῖτ-

1756 5765 1867 5809 τον.
1893 5748 2009 5815 lego
2041 5762 2158 5818 cum
2191 5747 2491 5812 Boberello,
2520 5744 2607 5801 ἵνα
2640 5748 2731 5803 τοῦ
2764 5749 2859 5818 μὲν
2891 5748 3007 5818 κατ]
3034 5744 3223 5818 εἰκόνα
3243 5744 3304 5818 τὸ

1757 5814 2018 5887 κρεῖττον.
2058 5817 2223 5871 Paulo
2246 5828 2365 5887 post
2398 5836 2549 5885 niss.,
2583 5821 2670 5874 καὶ
2693 5814 2830 5873 κατὰ
2855 5817 2914 5869 τὸ
2945 5815 3121 5887 σῶμα.
3146 5814 3300 5872 Libb.

1753 5886 1902 5953 editi,
1936 5888 2025 5941 καί
2058 5888 2191 5959 μετὰ
2216 5886 2271 5940 τὸ
2298 5886 2470 5958 σῶμα.
