4094 6322
197 496 346 554 1397

1424 500 1703 558 comma
1739 503 2012 560 CELSUM
2053 503 2180 575 LIB.
2225 507 2285 560 v1

3269 516 3398 573 ιδω

285 607 342 662 ’0
377 608 474 679 μὲν
498 601 591 663 οὖν
616 609 817 674 Κέλσος
845 628 972 682 περι
997 610 1128 664 Θεοῦ
1155 628 1337 682 φησιν,
1365 612 1446 665 ὅτι
1482 634 1499 663 ι
1545 612 1631 678 Ἐξ
1662 614 1737 666 a6-

1931 615 2020 670 65.
2047 616 2178 671 Cum
2207 618 2271 672 dc
2307 617 2414 672 Deo
2437 616 2624 672 Celsus
2655 616 2784 673 dicit
2809 635 2824 673 :
2855 636 2874 672 ι
2906 619 2981 676 Ex
3005 619 3093 675 illo
3114 623 3290 677 omnia
3310 664 3328 690 ,
3371 641 3395 677 ο

191 699 296 752 τοῦ
335 703 401 753 τὰ
423 701 618 762 πάντα,
650 719 668 751 ι
699 701 991 765 ἀπολύσας,
1019 703 1116 755 οὐκ
1141 699 1236 756 οἶδ’
1268 704 1432 768 ὅπως,
1472 703 1540 757 τὰ
1581 706 1755 758 πάντα

191 791 368 846 αὐτοῦ
403 793 531 865 (76)⁶
559 797 587 848 6
614 795 657 847 δ’
681 797 946 866 ἡμέτερος
968 795 1194 859 Παῦλος,
1229 815 1245 846 ι
1271 795 1358 861 Ἐξ
1379 795 1561 859 αὐτοῦ,
1586 796 1751 864 λέγει,

191 885 295 936 καὶ
324 883 390 936 δι’
433 885 616 949 αὐτοῦ,
665 887 757 939 καὶ
785 888 864 949 εἰς
893 886 1056 939 αὐτὸν
1088 887 1156 940 τὰ
1182 887 1380 953 πάντα,
1424 906 1443 939 ι
1481 887 1754 957 παριστὰς

189 975 298 1044 τὴν
337 975 508 1047 ἀρχὴν
548 978 646 1046 τῆς
685 977 790 1030 τῶν
839 978 1053 1032 πάντων
1091 979 1436 1043 ὑποστάσεως
1481 981 1537 1033 ὲν
1577 979 1652 1050 τῷ
1684 979 1753 1042 ἐξ

187 1065 402 1128 αὑτοῦ,
447 1067 542 1119 καῖ
576 1066 674 1136 τὴν
714 1068 941 1136 συνοχὴν
987 1070 1042 1118 ἐν
1078 1067 1156 1137 τῷ
1181 1067 1267 1119 δι’
1314 1068 1516 1125 αὐτοῦ,
1565 1069 1656 1120 καὶ
1693 1068 1753 1120 τὸ

185 1155 347 1219 τέλος
375 1157 431 1208 ὲν
454 1155 531 1226 τῷ
552 1159 638 1222 εὶς
654 1158 855 1210 αὐτόν.
899 1156 1135 1226 Ἀληθῶς
1158 1157 1212 1209 δὲ
1235 1157 1292 1223 ἐξ
1318 1157 1523 1220 οὐδενὸς
1551 1160 1578 1209 6
1599 1158 1746 1222 Θεὸς.

200 1244 359 1298 Ἐπεὶ
383 1245 439 1299 δέ
472 1263 651 1316 φησιν,
679 1247 779 1308 ὅτι,
817 1267 834 1298 ι
868 1247 986 1300 οὐδὲ
1013 1247 1153 1316 λόγῳ
1179 1248 1393 1315 ὲφικτός
1413 1265 1425 1278 ’
1464 1267 1480 1298 ι
1512 1248 1749 1300 διαστέλ-

184 1333 351 1403 λομαι
382 1335 444 1386 τὸ
485 1335 896 1406 σημαινόμενον,
934 1337 1026 1389 καί
1072 1353 1231 1406 φημι,
1257 1340 1315 1411 ,εἰ
1363 1337 1458 1406 μὲν
1494 1337 1631 1406 λόγῳ
1671 1336 1750 1406 τῷ

183 1425 251 1475 ὲν
283 1425 430 1494 ἡμῖν,
474 1424 582 1478 εἴτε
629 1426 932 1496 ὲνδιαθέτῳ,
979 1428 1084 1479 εἴτε
1133 1426 1225 1479 καὶ
1267 1427 1608 1498 προφορικῷ·
1655 1428 1748 1479 καὶ

184 1515 350 1585 ἡμεῖς
373 1519 630 1588 φήσομεν,
655 1520 736 1570 ὅτι
757 1519 853 1570 οὐκ
877 1517 1020 1569 ἔστιν
1046 1518 1263 1587 ὲφικτὸς
1287 1517 1362 1588 τῷ
1381 1518 1522 1589 λόγῳ
1544 1520 1572 1570 6
1595 1518 1744 1581 8:6;°

182 1607 237 1656 εί
273 1605 347 1670 δὲ,
370 1609 652 1679 νοήσαντες
676 1608 769 1675 τὸ,
793 1628 809 1658 ι
857 1609 943 1660 Ἐν
970 1610 1108 1680 ἀρχῇ
1136 1606 1201 1680 ἦν
1225 1612 1252 1661 6
1273 1610 1459 1679 Λόγος,
1483 1610 1576 1662 καὶ
1600 1613 1626 1662 6
1651 1610 1748 1661 A6—

181 1710 284 1762 γος
307 1691 373 1766 ἦν
409 1698 542 1767 πρὸς
581 1698 670 1750 τὸν
707 1699 857 1762 Θεὸν,
895 1701 984 1751 καὶ
1014 1699 1145 1762 Θεὸς
1178 1695 1246 1769 ἦν
1283 1703 1310 1752 6
1340 1700 1525 1766 Λόγος⁸
1563 1719 1580 1749 ι
1613 1701 1744 1751 ἁπο-

180 1787 506 1858 φαινόμεθα,
539 1790 618 1842 ὅτι
641 1791 812 1860 τούτῳ
834 1790 910 1861 τῷ
941 1790 1099 1860 Λόγῳ
1122 1791 1338 1859 ὲφικτός
1368 1792 1513 1842 ἐστιν
1538 1793 1565 1842 6
1595 1791 1743 1854 Θεὸς,

179 1877 245 1930 οὐ
303 1878 444 1948 μόνῳ
480 1881 628 1950 αὐτῷ
665 1883 1227 1952 καταλαμϐανόμενος,
1277 1881 1411 1934 ἀλλὰ
1458 1883 1548 1934 καὶ
1593 1875 1636 1948 ᾧ
1681 1882 1746 1935 ἂν

174 1968 344 2031 αὐτὸς
373 1969 693 2042 ἀποκαλύψῃ
733 1969 824 2023 τὸν
866 1971 1103 2040 Πατέρα,
1133 1971 1587 2042 ψευδοποιήσομεν
1632 1972 1718 2039 (77

176 2056 285 2128 τὴν
328 2057 533 2110 Κέλσου
579 2059 738 2123 λέξιν,
785 2061 1097 2130 φάσκοντοςο
1152 2061 1284 2113 υύδὲ
1325 2062 1482 2130 Λόγῳ
1527 2062 1743 2129 ἐφικτὸς

176 2145 331 2197 ἐστιν
361 2147 388 2198 6
415 2146 563 2210 Θεός.
595 2148 702 2199 Καὶ
723 2148 781 2201 τὸ
816 2169 830 2198 ι
860 2149 955 2201 οὐκ
981 2149 1277 2217 ὀνομαστὸς
1309 2148 1384 2214 δὲ,
1416 2169 1434 2198 ι
1463 2149 1740 2218 διαστολῆς

172 2236 378 2314 δεῖταιί
405 2239 466 2290 Εἰ
507 2240 604 2309 μὲν
637 2239 763 2312 γὰρ,
794 2242 875 2294 ὅτι
907 2243 1057 2295 οὐδὲν
1089 2242 1196 2295 τῶν
1222 2245 1278 2295 ὲν
1309 2243 1482 2306 λέξεσι
1517 2245 1610 2297 καὶ
1642 2261 1738 2314 ση-

177 2259 349 2290 astron.
408 2259 466 2290 ιιι
507 2259 604 2309 μεν
637 2259 763 2312 γαρ,
794 2259 875 2294 οτι
907 2259 1057 2295 ουοεν
1089 2260 1196 2295 των
1222 2259 1278 2295 εν
1310 2259 1482 2306 Αεςεσι
1517 2259 1610 2297 και
1642 2261 1737 2314 ση-

177 2259 527 2396 μαινοιένοις
571 2328 790 2383 δύναται
833 2332 1182 2402 παραστῆσαι
1209 2333 1305 2396 τὰς
1350 2333 1614 2403 ἰδιότητας
1645 2336 1737 2388 τοῦ

171 2416 337 2479 Θεοῦ,
377 2417 572 2488 ἀληθές
611 2421 725 2472 ἐστι
763 2421 824 2474 τὸ
859 2422 1173 2492 λεγόμενον·
1221 2422 1275 2475 εἴ
1307 2407 1380 2491 γε
1415 2424 1509 2478 καὶ
1552 2425 1739 2477 πολλαὶ

172 2507 461 2578 ποιότητες
488 2511 586 2562 οὐκ
610 2511 744 2562 εἰσὶν
774 2511 1086 2582 όνομασταί.
1120 2513 1215 2577 Τίς
1247 2513 1352 2585 γὰρ
1377 2515 1595 2582 δύναται
1627 2516 1740 2568 ὀνό-

171 2616 311 2668 μασι
352 2599 609 2671 διαφορὰν
622 2602 803 2655 δοῦναι
827 2604 1103 2673 ποιότητος
1127 2605 1454 2675 γλυκύτητος
1480 2607 1736 2674 φοίνικος,

168 2691 271 2744 καὶ
297 2691 626 2762 γλυκύτητος
652 2696 859 2766 ἰσχάδος
881 2713 894 2759 ;
919 2697 1012 2760 Τίς
1045 2697 1100 2748 δὲ
1131 2697 1351 2767 ὀνόματι
1373 2699 1595 2751 δύναται
1626 2699 1739 2750 δια-

169 2782 483 2836 στείλασθαι
522 2785 617 2837 καὶ
649 2788 991 2856 παραστῆσαι
1021 2787 1120 2857 τὴν
1153 2787 1380 2840 ἑκάστου
1412 2787 1547 2839 ἰδίαν
1589 2788 1735 2839 ποιό-

165 2886 347 2938 τητα;
377 2871 538 2925 Ούδὲν
565 2869 655 2926 οὖν
687 2874 1016 2944 θαυμαστὸν,
1054 2875 1100 2928 εἰ
1131 2877 1229 2928 οὐκ
1257 2875 1399 2928 ἔστιν
1425 2875 1595 2938 οὕτως
1621 2878 1737 2928 ὀνο-ο

169 2960 380 3028 μαστὸς
417 2963 445 3013 6
472 2961 620 3026 Θεός.
663 2964 725 3015 Εἰ
767 2963 820 3018 δὲ
860 2966 920 3017 τὸ
955 2966 1250 3036 ὀνομαστὸν
1278 2966 1570 3036 λαμϐάνεις
1603 2966 1735 3019 καθὸ

165 3046 283 3104 οἷόν
306 3051 362 3103 τέ
395 3052 538 3106 ἐστιν
575 3053 797 3124 ὀνόμασι
822 3056 1168 3126 παραστῆσαί
1196 3074 1247 3109 τι
1288 3057 1394 3110 τῶν
1421 3058 1546 3128 περὶ
1570 3057 1733 3109 αὐτοῦ

165 3142 254 3205 είς
281 3143 340 3195 τὸ
364 3145 764 3215 χειραγωγῆσαι
789 3145 878 3199 τὸν
908 3147 1199 3218 ἀκροατὴν,
1229 3149 1321 3200 καὶ
1361 3148 1580 3224 ποιῆσαι
1613 3149 1734 3218 νοῆ-

167 3249 264 3286 σαι
290 3236 412 3305 περὶ
438 3234 570 3311 θεοῦ
599 3236 738 3289 κατὰ
772 3237 832 3289 τὸ
859 3237 1077 3307 ἐφικτὸν
1103 3241 1169 3309 τῇ
1207 3236 1516 3310 ἀνθρωπίνῃ
1552 3239 1729 3310 φύσει,
1760 3275 1799 3331 C

163 3324 293 3377 τι.νά
317 3325 423 3378 τῶν
445 3342 510 3378 πε
521 3327 572 3397 ρί
593 3326 753 3379 αὐτού
773 3345 785 3357 ·
818 3329 966 3382 οὐδὲν
989 3330 1187 3391 ἄτοπον
1215 3331 1394 3400 λέγειν
1421 3333 1583 3386 αὐτὸν
1615 3334 1730 3385 ὀνο-

166 3415 397 3485 μαστόν,
435 3416 591 3470 Οὕτω
620 3418 676 3471 δὲ
699 3417 1117 3491 διαστελούμεθα
1143 3423 1236 3474 καὶ
1258 3424 1348 3489 τὸ,
1371 3442 1389 3473 ι
1427 3423 1588 3478 Οὐδὲν
1622 3425 1728 3496 γὰρ

165 3505 439 3560 πέπονθεν
473 3507 692 3575 ὀνόματι
723 3511 1086 3580 καταληπτόν.
1133 3533 1150 3562 ι
1197 3513 1419 3583 Ἀληθὲς
1446 3516 1503 3567 δὲ
1537 3517 1628 3568 καὶ
1663 3517 1723 3568 τὸ

162 3596 503 3662 ἔξωπαντὸς
547 3597 748 3662 πάθους
794 3596 930 3654 εἶναι
968 3603 1056 3654 τὸν
1097 3603 1248 3656 Θεόν.
1279 3603 1385 3658 Καὶ
1423 3604 1594 3659 ταῦτα
1633 3607 1729 3674 μὲν

162 3682 360 3754 ταύτῃ.

243 3961 470 4032 Ἷδωμεν
508 3963 562 4017 δὲ
591 3968 681 4018 καὶ
709 3968 803 4038 τὴν
833 3967 957 4037 ἑξῆς
990 3969 1153 4022 αὑτοῦ
1187 3969 1352 4036 λέξιν,
1382 3971 1450 4024 δι’
1479 3961 1728 4044 ἦςοὶονεὶ

159 4053 659 4119 προσωποποιεῖταί
709 4071 852 4118 τινα,
922 4054 1058 4124 με.τά
1107 4056 1168 4108 τὸ
1229 4057 1454 4110 ἀκοῦσαι
1505 4058 1726 4123 τούτων,

159 4139 391 4193 τοιαῦτα
416 4140 657 4208 λέγοντα·
695 4163 712 4193 ι
755 4144 876 4206 Πῶς
903 4140 994 4197 οὖν
1021 4147 1135 4212 γνῶ
1162 4145 1252 4197 τὸν
1280 4147 1443 4212 Θεόν;
1476 4149 1586 4201 Καὶ
1615 4148 1730 4214 πῶς

160 4229 272 4298 τὴν
296 4230 474 4281 ἐκεῖσε
498 4230 613 4284 ὁδὸν
636 4232 823 4301 μάθω;
853 4233 962 4286 Kal.
987 4232 1104 4296 πῶς
1125 4235 1289 4287 αὐτόν
1313 4253 1403 4305 μοι
1429 4235 1727 4305 δεικνύεις;

173 4321 268 4382 Ὧς
293 4319 388 4372 νῦν
413 4337 476 4389 γε
505 4322 689 4374 σκότον
713 4340 814 4390 μου
834 4323 942 4376 τῶν
965 4323 1255 4394 ὀφθαλμῶν
1277 4327 1614 4396 προϐάλλεις,
1638 4332 1730 4382 καὶ

157 4411 318 4465 οὐδὲν
352 4399 578 4482 ἐναργὲς
612 4412 809 4482 βλέπω.
854 4433 872 4465 ι
915 4411 1047 4468 Εἶτα
1085 4417 1223 4486 ,πρὸς
1261 4417 1351 4469 τὸν
1395 4418 1565 4483 οὕτως
1608 4423 1733 4474 ἐπα-

158 4500 483 4572 συορήσαντα
522 4501 682 4554 οἱονεὶ
722 4503 1096 4574 ἀποκρίνεται,
1142 4508 1238 4559 καὶ
1285 4507 1381 4578 τὴν
1422 4510 1598 4563 αἰτίαν
1637 4512 1728 4564 τοῦ
1769 4524 1772 4527 ·

1724 1943 1816 2039 )Β

1856 707 2051 759 evertit
2075 708 2258 760 nescio
2283 705 2551 776 quomodo
2591 711 2688 762 sua
2733 708 2844 778 ipse
2891 709 3175 780 principia.
3207 702 3397 768 Noster

1855 807 1985 848 vero
2014 795 2212 849 Paulus
2246 812 2260 849 :
2296 813 2316 847 ι
2356 796 2434 850 Ex
2475 796 2611 862 ipso,
2644 795 2854 865 inquit,
2882 797 3048 868 682
3086 811 3140 857 et
3178 815 3272 870 per
3311 801 3396 870 ip-

1855 899 1996 952 sum,
2025 893 2079 938 et
2113 885 2164 938 in
2191 885 2363 955 ipsum
2391 894 2518 940 sunt
2543 886 2826 953 omnia“;
2867 907 2886 939 ι
2922 888 3012 943 ubi
3042 889 3124 944 hae
3156 905 3314 946 voces
3332 908 3398 946 es

1851 975 1964 1043 ipso
1993 974 2298 1044 signiﬁcant
2324 976 2423 1045 ipsi
2451 985 2728 1045 acceptum
2764 976 2953 1033 referri
2979 980 3121 1048 quod
3153 981 3267 1034 sint
3301 998 3387 1036 res

1851 1080 2064 1122 omnes:
2092 1082 2182 1120 uer
2208 1067 2400 1129 ipsum,
2429 1082 2520 1121 eas
2549 1069 2615 1121 ab
2643 1068 2732 1121 illo
2748 1072 3094 1138 conservari;
3121 1071 3171 1123 in
3203 1072 3395 1138 ipsum,

1849 1168 1968 1208 eum
2003 1169 2121 1209 esse
2154 1155 2332 1210 ﬁnem.
2359 1156 2498 1210 \‘ere
2524 1167 2700 1210 autem
2729 1157 2866 1212 Deus
2884 1173 2914 1212 a
2941 1159 3087 1213 nullo
3108 1168 3208 1214 est.
3235 1160 3387 1227 Quod

1851 1255 2026 1299 autem
2057 1246 2223 1310 addit,
2259 1265 2277 1296 ι
2319 1247 2482 1300 Deum
2540 1263 2606 1300 ne
2637 1248 2800 1320 verbo
2849 1249 3066 1317 quidem
3100 1265 3217 1306 esse
3245 1266 3394 1305 com~

1849 1337 2354 1405 prehensibilem,»
2413 1340 2464 1392 id
2516 1340 2952 1411 distinguendum
3009 1356 3130 1397 esse
3176 1357 3392 1399 censeo.

1848 1424 1978 1480 I‘am
2026 1428 2070 1480 si
2117 1427 2180 1481 de
2228 1427 2394 1483 verbo
2443 1430 2584 1497 quod
2636 1430 2687 1483 in
2736 1431 2889 1484 nobis
2941 1441 3045 1496 est,
3109 1430 3221 1484 sive
3257 1431 3393 1506 inte-

1848 1518 1998 1581 riori,
2025 1518 2138 1571 sive
2169 1517 2236 1571 de
2267 1530 2331 1570 eo
2363 1517 2503 1585 quod
2534 1517 2839 1585 profertur,
2884 1533 3066 1572 sermo
3096 1520 3225 1584 ﬁat,
3257 1521 3393 1574 fate-

1846 1607 2022 1660 bimur
2070 1617 2122 1661 et
2181 1622 2277 1662 nos
2330 1608 2497 1664 Deum
2553 1609 3098 1680 comprehensibiletn
3142 1623 3246 1663 non
3274 1624 3394 1664 esse

1845 1697 2027 1753 verbo.
2065 1697 2159 1752 Sin
2193 1699 2365 1750 autem
2404 1695 2824 1770 considerantes
2868 1699 3008 1752 istud
3041 1694 3056 1752 ἐ
3095 1719 3114 1750 ι
3151 1700 3205 1752 lu
3240 1703 3394 1770 prin-

1844 1785 1986 1853 cipio
2013 1796 2132 1840 erat
2163 1785 2385 1858 Verbum
2403 1791 2458 1837 et
2501 1780 2722 1838 Verbum
2779 1798 2896 1841 erat
2937 1789 3074 1856 apud
3108 1788 3302 1849 Deum,
3336 1798 3393 1841 et

1849 1875 1986 1930 Deus
2023 1886 2140 1932 erat
2170 1873 2396 1943 Verbum.
2423 1886 2540 1944 δεμ,
2562 1869 3029 1932 affirmaverimus
3063 1879 3185 1932 huic
3215 1877 3392 1931 Verho

1845 1969 2389 2036 comprehensibilem
2435 1986 2552 2025 esse
2602 1969 2794 2034 Deum,
2847 1982 2944 2023 nec
2981 1968 3168 2023 abillo
3215 1967 3390 2022 solum

1843 2060 2245 2126 comprehendi,
2283 2061 2373 2114 sed
2407 2062 2575 2114 etiam
2605 2062 2671 2115 ab
2706 2061 2806 2123 iis,
2833 2061 3033 2127 quibus
3061 2059 3273 2114 Patrem
3301 2074 3389 2112 re-

1843 2149 2098 2203 velat-erit
2126 2165 2141 2203 :
2165 2150 2282 2204 falsi
2309 2153 2687 2213 convincemus
2718 2154 2859 2221 quod
2883 2153 2962 2208 ait
2989 2152 3194 2212 Celsus.
3222 2151 3390 2204 Deum

1842 2255 1908 2293 ne
1949 2241 2122 2295 \‘erbo
2154 2245 2369 2312 quidem
2421 2244 2970 2311 cdmprehensihiletn
3004 2259 3143 2306 esse.
3187 2244 3391 2298 Distin-

1840 2331 1927 2398 gui
1977 2333 2138 2386 etiam
2178 2343 2396 2401 oportet
2450 2335 2590 2410 ilstud
2618 2373 2633 2402 ,
2689 2353 2705 2385 ι
2766 2335 2930 2388 Deum
2974 2333 3242 2389 nominari
3279 2347 3388 2387 non

1840 2435 2020 2497 posse.
2058 2441 2079 2476 ι
2123 2422 2258 2478 Nam
2292 2425 2336 2478 si
2361 2425 2611 2494 intelligit
2647 2427 2810 2478 verba
2839 2434 2931 2479 aut
2967 2439 3056 2478 res
3098 2423 3280 2478 verbis
3311 2423 3390 2477 si-

1839 2512 2124 2579 gniﬁcatas
2160 2527 2264 2566 non
2296 2527 2415 2568 esse
2439 2554 2452 2576 ,
2504 2529 2622 2581 qua:
2674 2515 2763 2566 Dei
2799 2516 3159 2583 proprietates
3189 2527 3390 2581 reprae-

1831 2612 2096 2668 sentent,
2152 2619 2339 2657 verum
2401 2604 2560 2666 dicit;
2615 2606 2879 2674 siquidem
2932 2604 3114 2658 multa:
3168 2616 3387 2674 quoque

1839 2704 1966 2748 sunt
1994 2694 2280 2764 qualitates
2314 2710 2430 2764 qua:
2455 2685 2635 2750 verbis
2690 2697 2920 2764 exprimi
2973 2710 3080 2748 non
3140 2703 3385 2763 possunt.

1838 2786 1970 2851 Quis
1993 2787 2133 2840 enim
2163 2788 2344 2843 verbis
2376 2788 2961 2856 exprimat‘discrimen
2992 2786 3134 2854 quod
3162 2785 3389 2839 interest

1837 2875 2175 2931 dulcedinem
2208 2877 2455 2946 palmula:
2489 2878 2630 2932 inter
2672 2886 2725 2932 et
2767 2876 3102 2931 dulcedinem
3154 2873 3390 2928 caricae?
3477 2927 3480 2930 .

1836 2965 1952 3031 Quo
1976 2967 2200 3021 nomine
2231 2968 2528 3037 distinguas
2566 2977 2621 3022 et
2671 2968 2945 3036 signiﬁces
2975 2965 3251 3034 propriam
3305 2964 3385 3018 rei

1835 3054 2092 3125 eujusque
2119 3057 2438 3125 qualitatem
2461 3058 2484 3109 ?
2511 3057 2656 3112 Nihil
2678 3073 2810 3126 ergo
2843 3057 3038 3109 .nirum
3085 3053 3249 3108 Deuin
3283 3069 3385 3118 no-

1837 3148 2030 3204 minari
2075 3165 2183 3205 non
2229 3165 2408 3220 posse.
2456 3150 2514 3204 Si
2550 3159 2726 3204 autem
2755 3149 2887 3203 "siis
2927 3149 3199 3202 nominare
3249 3147 3386 3201 nihil

1834 3256 1956 3297 esse
1989 3240 2154 3310 aliud,
2186 3255 2345 3311 quam
2380 3241 2590 3311 aliquas
2618 3241 2848 3321 virtutes
2885 3239 3003 3306 ejus
3035 3239 3212 3292 verbis
3245 3238 3386 3291 indi-

1833 3345 1980 3396 care,
2020 3340 2080 3386 ut
2113 3333 2329 3387 auditor
2377 3332 2442 3387 ad
2495 3331 2771 3400 quidpiam
2803 3329 2871 3385 de
2911 3329 3017 3384 illis
3055 3341 3383 3396 cognoscen-
3469 3329 3476 3336 ‘

1833 3423 1957 3477 dum
1990 3430 2249 3491 quantmn
2281 3424 2527 3476 humanae
2553 3431 2757 3475 natura:
2783 3420 2932 3484 licet,
2951 3419 3252 3489 adjuvetur,
3277 3432 3387 3471 non

1832 3514 2127 3568 absurdum
2161 3513 2324 3567 fuerit
2352 3513 2538 3570 dicere
2577 3511 2724 3568 illum
2758 3511 3028 3566 nominari
3056 3524 3233 3579 posse.
3261 3508 3380 3563 Dis-

1833 3592 2123 3666 tinguimus
2155 3613 2211 3657 et
2253 3605 2392 3658 istud
2446 3621 2462 3658 :
2492 3622 2512 3654 ι
2544 3604 2601 3658 ln
2629 3618 2752 3658 eum
2781 3603 2922 3657 enim
2957 3601 3136 3655 nullus
3159 3599 3385 3654 aﬁ‘ectus

1803 3694 1972 3748 cadit
1998 3693 2089 3762 qui
2123 3692 2300 3747 verbis
2327 3693 2558 3761 exprimi
2593 3693 2784 3762 possit.
2835 3708 2854 3742 ι
2890 3689 3090 3745 Verum
3123 3690 3266 3744 enim
3295 3697 3382 3744 est

1831 3783 2006 3839 nullos
2036 3785 2088 3838 in
2118 3785 2283 3838 Deum
2319 3781 2543 3844 allectus
2571 3781 2880 3838 convenire.
2911 3781 3017 3836 Sed
3037 3782 3100 3838 de
3133 3780 3216 3836 his
3240 3779 3381 3836 dicta

1829 3874 2115 3930 sulliciant.

1902 3967 1991 4022 66.
2031 3966 2149 4022 Jam
2185 3967 2467 4022 videamus
2500 3979 2621 4036 qua‘
2652 3964 2988 4035 sequuntur,
3047 3961 3138 4017 ubi
3193 3975 3379 4031 quem-

1831 4058 1995 4126 piam,
2026 4057 2108 4111 his
2129 4055 2353 4122 auditis,
2376 4055 2456 4110 sic
2479 4055 2898 4124 interrogantem
2926 4051 3130 4107 inducit
3156 4069 3168 4104 :
3194 4068 3212 4101 ι
3241 4049 3385 4116 Quo-

1832 4149 1990 4204 modo
2023 4149 2188 4218 igitur
2236 4149 2404 4203 Deum
2438 4145 2795 4216 cognoscam?
2831 4143 3110 4212 Quomodo
3144 4143 3282 4197 viam
3315 4143 3381 4195 ad
3463 4215 3466 4218 ξ

1833 4240 1980 4294 ἱΙΙυηι
2011 4236 2254 4293 discam?
2283 4237 2557 4302 Quomodo
2586 4249 2706 4286 mm
2733 4233 2859 4288 mihi
2889 4232 3250 4287 monstrabis?
3275 4229 3381 4285 Te-

1833 4331 2031 4384 nebras
2058 4305 2228 4381 oculis
2282 4326 2416 4379 meis
2469 4322 2724 4390 eﬂ‘unJis,
2779 4332 2834 4377 et
2881 4322 3017 4376 nihil
3068 4322 3381 4380 distinctum

1834 4430 2018 4471 cerno.
2059 4434 2077 4466 ι
2127 4413 2328 4468 Deinde
2381 4414 2688 4481 respondet,
2745 4422 2799 4466 et
2859 4426 3076 4466 causam
3141 4413 3383 4467 attulisse

1833 4507 1938 4562 sibi
1971 4506 2185 4560 videtur
2241 4519 2339 4559 cur
2391 4503 2631 4558 tenebris
2682 4501 3186 4558 circumfunduntur
3237 4502 3406 4557 oculi'

159 4588 359 4644 σκότον
380 4589 485 4644 τῶν
503 4588 790 4665 ὀφθαλμῶν
809 4591 917 4664 (78)
948 4594 1349 4664 κατακεχύσθαι
1370 4596 1463 4649 τοῦ
1488 4599 1731 4660 εἰπόντος

1837 4595 1981 4664 ejus,
2019 4595 2106 4663 qui
2139 4594 2297 4649 modo
2335 4591 2708 4661 interrogabat
2753 4609 2767 4643 :
2824 4609 2842 4643 ι
2880 4591 3025 4657 Quos
3056 4607 3086 4644 ιι
3120 4590 3379 4653 tenebris,

154 4679 238 4735 τὰ
274 4683 638 4754 προειρημένα
671 4683 971 4739 ἀποδιδόναι
1009 4684 1237 4756 νομίζει,
1265 4687 1505 4754 φάσκων·
1554 4707 1570 4738 ι
1617 4687 1723 4750 Οὓς

153 4768 234 4824 ἄν
261 4786 343 4834 τις
373 4773 450 4835 είς
487 4773 734 4846 λαμπρὸν
770 4774 883 4842 φῶς
923 4776 986 4828 ὲκ
1022 4774 1244 4839 σκότους
1274 4777 1562 4850 προαγάγῃ
1587 4778 1718 4848 (79),

153 4857 406 4924 τούτους,
435 4861 507 4934 μὴ
532 4862 857 4934 δυναμένους
882 4863 1126 4933 ἀντέχειν
1158 4866 1275 4928 ταῖς
1310 4871 1717 4936 μαρμαρυγαῖς,

153 4949 489 5014 κολάζεσθαι
525 4953 622 5024 τὴν
659 4953 799 5023 ὀψιν,
839 4955 933 5007 καὶ
974 4954 1321 5024 βλάπτεσθαι,
1355 4958 1453 5010 καὶ
1489 4957 1723 5028 νομίζειν

154 5042 493 5112 πηροῦσθαι.
527 5065 546 5097 ι
585 5047 692 5101 Καὶ
724 5047 857 5119 πρὸς
880 5047 1049 5100 ταῦτα
1078 5047 1135 5101 δὲ
1157 5049 1423 5119 φήσομεν,
1456 5050 1724 5122 καθῆσθαι

161 5129 271 5200 μὲν
300 5131 357 5182 ὲν
380 5131 552 5202 σκότῳ
571 5172 584 5196 ,
617 5134 705 5187 καὶ
730 5135 971 5205 ἱδρύσθαι
998 5138 1054 5189 ὲν
1081 5135 1228 5207 αὑτῷ
1253 5138 1478 5202 πάντας,
1505 5141 1628 5204 τοὺς
1648 5142 1724 5203 εἰς

241 5282 287 5313 ³⁸
320 5280 476 5340 Rom.
504 5297 579 5349 xl,
604 5284 694 5338 30.
771 5285 814 5318 "
840 5286 997 5342 Joan.
1031 5303 1069 5350 ι,
1103 5288 1156 5341 1.

241 5456 369 5535 ς16)Δ
402 5457 887 5535 Ἀπρλιζσᾳςηοῄκ
918 5460 1025 5516 οἷδ’
1054 5464 1212 5529 ὅπως
1234 5505 1246 5526 ,
1283 5464 1352 5535 ζει
1378 5463 1570 5518 πάντα
1613 5467 1720 5518 αὑ·-

164 5528 300 5584 τοῦ.
335 5526 437 5580 Pro
465 5526 649 5588 αὑτοῦ,
675 5528 801 5594 legit
831 5531 1141 5595 Bolterellus
1168 5526 1354 5592 αὐτοῦ,
1386 5546 1436 5588 et
1465 5536 1719 5596 explicat,

168 5552 300 5584 του.
335 5552 437 5580 rru
465 5552 649 5588 αυτυυ,
675 5552 801 5594 lugu.
831 5552 1141 5595 QOHCI‘BIIIIS
1168 5552 1354 5592 αυτου,
1386 5552 1436 5588 cl
1465 5552 1526 5588 ex
1576 5552 1719 5596 IICM,

168 5618 194 5652 ε
230 5596 594 5674 prepriajpsg
641 5597 901 5674 principia
961 5604 1105 5674 (qua:
1142 5613 1272 5674 sunt
1321 5552 1567 5674 Epicuri?
1591 5607 1725 5658 Sllb-

166 5661 354 5725 ruens.
393 5682 412 5717 ι
444 5661 515 5719 Et
562 5661 701 5720 forte
734 5661 834 5735 pro
867 5661 1161 5741 ἀπολύσας,
1200 5661 1484 5742 legendum
1541 5661 1720 5743 putat,

165 5734 458 5791 ἀναλύσας.

210 5751 336 5792 vam
344 5751 458 5798 σας.

243 5805 363 5931 $77,;
413 5799 1084 5884 Atlje,a'«305?7t9tﬁcopa~z,
1129 5810 1319 5869 Guieto
1389 5812 1555 5868 restit.
1615 5811 1718 5866 vid.

243 5916 248 5929 .
274 5911 291 5931 .
350 5889 432 5931 ,ιο
461 5872 594 5929 ntlul
619 5872 741 5928 addt
768 5875 943 5930 velun.

171 5872 291 5932 καί.
324 5872 432 5945 Ιίκο
461 5872 594 5929 nihil
619 5872 741 5928 addi
768 5872 943 5930 velim.

1832 4687 2028 4756 inquit,
2070 4687 2122 4740 in
2160 4684 2500 4755 splendidam
2529 4682 2702 4736 lucem
2736 4673 3112 4744 transtuleris,
3141 4679 3216 4742 ii,
3256 4693 3380 4732 cum

1829 4779 2176 4850 Splendorem
2205 4774 2471 4830 sustinere
2519 4788 2622 4826 non
2677 4770 2907 4839 possint,
2953 4769 3067 4823 lzcdi
3120 4768 3297 4822 visunt
3325 4779 3382 4823 ct

1827 4867 2142 4924 labefactari
2185 4876 2347 4934 atque
2401 4863 2590 4919 caecari
2627 4875 2686 4914 se
2712 4859 3049 4914 existimant.
3083 4876 3102 4910 ι
3146 4857 3224 4911 Ad
3266 4857 3383 4914 haee

1828 4975 1926 5014 nos
1972 4958 2281 5028 reponimus
2301 4997 2317 5023 ,
2347 4958 2535 5011 sedere
2567 4961 2624 5008 et
2668 4951 2872 5006 haerere
2903 4950 2956 5004 in
2994 4947 3232 5004 tenebris
3256 4947 3382 5016 qui-

1827 5048 2059 5120 cunque,
2089 5050 2376 5119 pietorum,
2412 5047 2680 5107 lictorum,
2735 5042 3175 5109 sculptorutuque
3222 5037 3380 5093 malis

1828 5140 2079 5211 operibus
2107 5139 2328 5203 intenti,
2354 5137 2543 5192 uolunt
2582 5147 2794 5188 sursum
2827 5127 3014 5184 oculos
3054 5125 3238 5182 tollere
3263 5136 3320 5182 et
3347 5141 3378 5180 δ

1889 5463 2180 5533 (78)Libh.
2239 5471 2396 5518 antea
2452 5463 2604 5525 editi,
2667 5463 2759 5516 καὶ
2819 5461 3000 5533 [φησὶι
3051 5462 3152 5533 τὴν
3199 5459 3376 5533 αἰτίαν

1816 5530 1932 5586 τοῦ.
1982 5527 2242 5600 Spencer.
2274 5533 2486 5596 σκότου,
2537 5527 2838 5594 limschcl.,'
2857 5527 3066 5583 ’σκότον
3098 5527 3232 5583 εἶναι
3269 5529 3378 5600 τῶν

1818 5599 2132 5674 ὀφθαλμῶν,
2168 5611 2275 5656 etc.
2307 5603 2415 5674 sed
2447 5602 2578 5674 φησί
2610 5611 2752 5657 recte
2789 5600 2942 5674 abest
2983 5617 3014 5655 a
3059 5601 3215 5674 codd,
3273 5599 3374 5650 Au-

1819 5669 2032 5739 glicano
2058 5675 2233 5738 primo
2263 5680 2322 5739 et
2351 5669 2636 5739 Vaticano,
2666 5685 2766 5725 nec
2811 5669 2951 5724 ullus
3000 5679 3083 5723 cst
3127 5669 3217 5739 qui
3268 5686 3371 5724 uou

1821 5737 1995 5811 videat
2023 5737 2245 5799 verbum
2275 5737 2412 5793 εἶναι
2438 5739 2603 5796 fuisse
2620 5737 2830 5811 pariter
2855 5738 3261 5811 expungendum

1891 5809 2000 5881 (79)
2026 5810 2208 5867 Codex
2240 5811 2569 5881 Anglicanus
2599 5805 2882 5878 secundus,
2917 5805 3227 5881 παραγάγῃ-
