4094 6322
164 482 309 544 εωι

1353 482 1631 541 CONTRA
1672 479 1948 541 CELSUM
1986 481 2113 539 LIB.
2153 482 2239 539 Vl.

3258 463 3397 542 una

164 604 326 672 νίοις,
356 605 697 678 προσίτωσαν
720 605 798 677 τῷ
823 601 1162 676 χαριζομένῳ
1205 602 1515 676 ὀφθαλμοὺς
1546 602 1704 675 Λόγῳ
1726 622 1738 637 ⁸

1846 612 2127 660 maverant
2154 619 2171 659 :
2203 619 2222 655 ι
2259 600 2360 657 Fili
2391 598 2559 656 David
2582 639 2600 665 ,
2631 598 2891 657 miserere
2919 598 3089 656 mei“
3109 639 3127 667 ,
3160 619 3181 654 ι
3209 616 3238 655 a
3263 598 3393 681 Jesu

166 696 260 760 ἵν’,
306 697 507 768 ὁμοίως
556 698 670 762 τοῖς
706 698 858 769 παρὰ
884 698 951 768 τῇ
988 695 1093 767 ὁδῷ
1131 697 1477 769 ἐρριμμένοις
1507 699 1741 767 πτωχοῖς

169 780 267 841 κάι
296 789 518 856 τυφλοῖς
558 789 662 842 ὑπὸ
692 789 785 842 τοῦ
838 786 1014 860 Ἰησοῦ
1039 787 1436 861 θεραπευθεῖσι,
1465 788 1554 841 διὰ
1574 787 1635 840 τὸ
1662 790 1740 841 εί-

169 878 396 949 ρηκέναι
428 879 597 952 αὐτῷ,
635 899 655 933 ι
686 881 783 934 Υἱὲ
807 878 983 943 Δαυῒδ,
1011 879 1231 951 ἐλέησόν
1268 896 1356 949 με,
1389 896 1408 930 ι
1434 877 1741 948 ἐλεηθέντες

164 968 477 1033 ἀπολάϐωσι
525 972 654 1033 τοὺς
723 969 1030 1040 ὀφθαλμοὺς
1082 970 1300 1033 καινοὺς
1352 970 1448 1023 καὶ
1509 970 1739 1034 καλοὺς,

165 1060 383 1165 φτοίους
406 1063 577 1130 Λόγος
601 1060 735 1165 Θεοῦ
762 1061 1161 1132 δημιουργήσαι
1185 1061 1270 1115 ἀν.

234 1151 432 1221 Διόπερ
466 1152 577 1205 ’ἐὰν
622 1150 808 1222 ἔρηται
852 1153 1001 1222 ἡμᾶς
1046 1151 1278 1216 Κέλσος,
1338 1150 1455 1215 πῶς
1520 1150 1743 1222 οἰόμεθα

160 1243 452 1314 γνωρίζειν
476 1242 586 1314 (86)
608 1244 698 1296 τὸν
726 1242 877 1306 Θεὸν,
902 1242 998 1297 καὶ
1023 1242 1140 1307 πῶς
1169 1242 1305 1314 πρὸς
1347 1241 1512 1297 αὐτοῦ
1572 1243 1744 1315 σωθή-

166 1334 356 1387 σεσθαι
376 1348 392 1365 °
426 1333 883 1405 ἀποκρινούμεθα,
920 1334 1002 1387 ὅτι
1038 1334 1219 1398 ἱκανός
1256 1336 1403 1389 ἐστιν
1431 1336 1460 1387 6
1487 1334 1581 1388 τοῦ
1608 1334 1742 1388 Θεοῦ

162 1426 357 1494 Λόγος,
391 1426 677 1495 γενόμενος
705 1427 763 1479 ἐν
784 1429 896 1489 τοῖς
922 1424 1173 1497 ζητοῦσιν
1204 1424 1389 1489 αὐτὸν,
1416 1425 1448 1497 ἢ
1478 1431 1590 1492 τοῖς
1624 1429 1745 1481 ἐπι-

164 1517 485 1587 φαινόμενον
517 1516 675 1569 αὐτὸν
702 1517 1175 1589 παραδεχομένοις,
1201 1518 1461 1589 γνωρίσαι
1486 1519 1580 1572 καὶ
1606 1520 1743 1573 ἀπο-

164 1605 404 1676 καλύψαι
438 1605 529 1659 τὸν
570 1604 808 1678 Πατέρα,
855 1608 961 1678 πρὸ
988 1608 1089 1678 τῆς
1126 1609 1421 1680 παρουσίας
1444 1610 1606 1663 αὐτοῦ
1645 1612 1742 1681 οὐχ

161 1694 461 1768 ὁρώμενον.
500 1696 597 1759 Τίς
634 1696 679 1749 δ’
709 1697 865 1761 ἄλλος
908 1697 1079 1752 σῶσαι
1123 1699 1219 1752 καὶ
1261 1701 1625 1770 προσαγαγεῖν
1666 1696 1741 1768 τῷ

164 1786 259 1839 ἐπὶ
286 1788 419 1840 πᾶσι
446 1787 563 1858 Θεῷ
588 1787 811 1841 δύναται
838 1788 936 1859 τὴν
964 1789 1059 1843 τοῦ
1098 1789 1385 1863 ἀνθρώπου
1418 1790 1596 1861 ψυχὴν
1637 1791 1670 1860 ἢ
1712 1790 1741 1843 6

161 1877 296 1941 Θεὸς
339 1879 551 1946 Λόγος;
604 1880 757 1943 ὅστις
800 1881 856 1936 ἐν
886 1882 1025 1952 ἀρχῇ
1054 1878 1207 1953 ’πρὸς
1248 1883 1338 1937 τὸν
1366 1882 1497 1935 Θεὸν
1525 1881 1619 1946 ὢν,
1653 1882 1740 1936 διὰ

1842 694 2018 749 sanati
2071 702 2236 759 sunt;
2290 692 2367 747 vita
2397 699 2454 745 et
2504 689 2605 760 ipsi
2642 690 3073 771 misericordiam
3117 690 3408 748 consecuti

1840 783 2029 840 oculos
2061 784 2331 853 recipiant
2352 780 2523 859 684.
2553 795 2755 850 novos,
2777 780 2981 848 bonos,
3010 780 3202 853 quales
3231 797 3263 837 a
3295 781 3392 839 Dei

1846 875 2022 932 Verbo
2052 875 2271 930 formari
2296 889 2390 945 par
2414 884 2519 929 est.
3146 888 3149 891 '

1915 1150 2002 1205 68.
2041 1144 2383 1218 QuaprOpter
2410 1147 2454 1202 si
2484 1146 2683 1202 Celsus
2713 1155 2750 1201 a
2782 1150 2913 1209 nobis
2937 1144 3231 1214 qttmsierit,
3257 1160 3393 1219 quo-

1842 1244 2002 1299 modo
2039 1241 2206 1296 Deum
2224 1254 2553 1309 cognoscere
2574 1247 2830 1308 putamus
2861 1247 2917 1291 et
2948 1237 3015 1290 ab
3046 1237 3139 1292 illo
3163 1235 3392 1292 salutem

1842 1333 2090 1403 accipere
2115 1370 2130 1396 ,
2165 1331 2612 1401 respondebimus
2641 1327 2873 1383 Verbum
2902 1366 2917 1391 ,
2948 1327 3088 1397 quod
3126 1336 3213 1382 est
3240 1325 3296 1382 ll
3328 1326 3395 1380 iis

1841 1425 1933 1495 qui
1956 1424 2131 1495 ipsum
2153 1429 2425 1491 quaerunt,
2452 1429 2547 1477 aut
2574 1421 2771 1491 ipsum,
2801 1434 2921 1473 cum
2953 1434 3015 1474 se
3053 1416 3397 1473 manifestum

1843 1516 1996 1579 facit,
2025 1514 2319 1583 accipiunt,
2344 1511 2595 1567 suﬂieere
2622 1510 2952 1565 notiﬁcando
2994 1518 3048 1564 et
3109 1508 3397 1564 revelando

1844 1607 2012 1673 Patri,
2044 1606 2159 1676 qui,
2192 1613 2480 1674 antequam
2511 1603 2747 1658 Verbum
2779 1602 3084 1676 adveniret,
3118 1616 3223 1653 non
3248 1599 3423 1653 vide--

1842 1700 2022 1755 batur.
2049 1698 2115 1752 Et
2145 1698 2267 1766 quis
2292 1696 2429 1750 alius
2457 1694 2658 1750 salvam
2700 1691 2880 1747 facere
2923 1699 2981 1745 et
3015 1692 3082 1744 ad
3130 1703 3398 1745 summum

1828 1789 2010 1843 'Dcum
2039 1788 2332 1857 perducere
2369 1784 2656 1839 humanam
2692 1780 2927 1834 animam
2970 1790 3186 1849 potest,
3237 1794 3397 1848 quam

1844 1870 1989 1934 Deus
2015 1877 2290 1934 Verbum?
2334 1875 2425 1945 qui
2480 1889 2601 1927 cum
2648 1880 2791 1926 esset
2847 1871 2902 1925 in
2948 1871 3211 1941 principio
3257 1869 3399 1939 apud
3502 1948 3505 1951 _

157 1970 289 2034 τοὺς
320 1970 672 2041 κολληθέντας
701 1975 768 2044 τῇ
802 1974 965 2044 σαρκὶ
990 1974 1083 2027 καὶ
1114 1974 1434 2045 γενομένους
1460 1975 1572 2046 (87)
1600 1975 1736 2045 ὅπερ

1840 1973 2030 2035 Deum,
2056 1978 2275 2041 propter
2302 1983 2397 2023 eos
2420 1966 2512 2036 qui
2538 1964 2698 2021 carui
2732 1963 3059 2035 agglutinati
3084 2004 3100 2031 ,
3140 1963 3251 2018 imo
3272 1975 3403 2017 caro

162 2060 321 2133 σάρξ,
351 2062 567 2130 ἐγένετο
599 2061 754 2133 σὰρξ,
789 2064 875 2117 ⁶ίνα
905 2064 1123 2135 χωρηθῇ
1155 2065 1259 2118 ὑπὸ
1279 2065 1390 2120 τῶν
1422 2065 1496 2137 μὴ
1515 2064 1738 2137 δυναμέ-

158 2170 268 2205 νων
295 2152 456 2206 αύτὸν
482 2152 700 2223 βλέπειν
732 2154 866 2209 καθὸ
894 2154 1066 2224 Λόγος
1089 2151 1178 2228 ἦν,
1208 2156 1303 2209 καὶ
1337 2156 1475 2229 πρὸς
1508 2157 1638 2211 Θεὸν
1666 2153 1737 2228 ἦν

159 2241 254 2294 καὶ
284 2241 415 2303 Θεὸς
443 2238 510 2314 ἦν
532 2259 548 2273 ·
582 2244 676 2296 καὶ
710 2244 1033 2316 σωματικῶς
1056 2262 1119 2313 γε
1158 2244 1499 2317 λαλούμενος,
1538 2248 1633 2299 καὶ
1659 2248 1734 2311 ὡς

160 2330 298 2403 σάρξ
328 2332 795 2404 ἀπαγγελλόμενος
825 2334 956 2407 (88),
984 2336 1069 2406 ἐφ’
1108 2337 1294 2392 ἑαυτὸν
1316 2337 1470 2391 καλεῖ
1498 2338 1626 2401 τοὺς
1651 2338 1737 2390 δν-

155 2436 259 2483 τας
288 2420 492 2492 σάρκα,
527 2422 593 2475 ἵν’
641 2423 837 2486 αὐτοὺς
882 2426 1084 2498 ποιήσῃ
1131 2426 1341 2497 πρῶτον
1388 2426 1734 2498 μορφωθῆναι

156 2511 301 2565 κατά
361 2512 452 2567 τὸν
500 2514 697 2583 Λόγον,
737 2514 827 2568 τὸν
870 2517 1158 2587 γενόμενον
1210 2518 1407 2588 σάρκα,
1458 2518 1552 2571 καὶ
1600 2516 1737 2588 μετὰ

155 2600 315 2654 τοῦτο
348 2602 544 2667 αὐτοὺς
570 2603 872 2675 ἀναϐιϐάσῃ
921 2606 1012 2658 ἐπὶ
1040 2606 1101 2658 τὸ
1128 2607 1252 2660 ἰδεῖν
1282 2607 1464 2671 αὑτὸν,
1508 2608 1642 2680 ὅπερ
1668 2603 1736 2678 ἦν

157 2690 290 2761 πρὶν
312 2692 532 2763 γένηται
560 2694 694 2766 σάρξ
713 2711 725 2722 '
756 2693 896 2748 ὥστε
950 2697 1164 2761 αὐτοὺς,
1208 2697 1605 2768 ὠφεληθέντας,
1640 2699 1737 2752 καὶ

154 2781 463 2849 ἀναϐάντας
500 2786 608 2841 ἀπὸ
632 2786 733 2855 τῆς
770 2788 911 2847 κατά
959 2786 1137 2857 σάρκα
1192 2789 1515 2860 εἰσαγωγῆς,
1564 2790 1736 2842 εἰπεῖν

155 2876 242 2938 τὸ,
277 2892 297 2925 ι
336 2876 397 2928 EE
429 2876 523 2929 καὶ
564 2878 797 2948 Χριστόν
836 2894 965 2931 ποτε
1011 2876 1149 2930 κατὰ
1183 2878 1359 2948 σάρκα
1398 2876 1735 2949 ἐγνώκαμεν,

154 2965 293 3020 ἀλλὰ
318 2966 412 3019 νῦν
441 2968 541 3021 οὐκ
571 2968 665 3037 ἔτι,
698 2968 1054 3040 γινώσκομεν.
1099 2988 1118 3020 ι
1167 2969 1311 3040 Σὰρξ
1340 2964 1433 3023 οὖν
1474 2970 1697 3039 ἐγένετο
1719 2988 1732 3000 ·

156 3057 255 3113 καὶ
304 3059 589 3129 γενόμενος
622 3059 757 3130 σὰρξ
793 3078 815 3110 ι
852 3062 1158 3131 ἐσκήνωσεν
1187 3062 1244 3112 ὲν
1270 3062 1419 3131 ἡμῖν,
1453 3079 1472 3112 ι
1494 3055 1603 3114 οὐκ
1634 3060 1738 3126 ἔξω

1840 2070 1988 2128 sunt,
2019 2061 2194 2116 factus
2222 2069 2306 2115 est
2337 2066 2488 2123 caro,
2514 2066 2571 2110 ut
2600 2055 2849 2125 capiatur
2873 2055 2942 2111 ab
2984 2056 3073 2110 eis
3095 2055 3188 2125 qui
3220 2054 3403 2131 videre
3494 2066 3497 2067 '

1843 2156 2016 2226 ipsum
2072 2170 2178 2208 non
2232 2148 2506 2223 poterant,
2555 2156 2821 2219 quatenus
2856 2148 3096 2203 Verbum
3150 2156 3289 2216 erat,
3345 2156 3404 2201 et

1841 2244 1982 2315 apud
2013 2243 2175 2297 Deum
2211 2250 2349 2307 erat,
2384 2242 2604 2296 et'Deus
2634 2248 2785 2306 erat;
2828 2240 2922 2310 qui
2966 2253 3097 2295 voce
3144 2251 3402 2307 corporea
3473 2311 3476 2313 Α

1806 2352 1972 2392 ἰιειιε
2018 2345 2073 2391 et
2118 2343 2177 2390 ut
2206 2349 2331 2390 caro
2376 2333 2681 2404 prazdicans
2708 2373 2723 2397 ,
2767 2347 2861 2387 eos
2903 2332 2971 2387 ad
3019 2346 3078 2387 se
3107 2339 3265 2386 vocat
3306 2330 3403 2398 qui

1842 2441 1972 2481 caro
2025 2433 2188 2492 sunt,
2239 2433 2300 2478 ut
2342 2438 2470 2487 eos,
2527 2422 2759 2493 primum
2805 2405 3018 2487 Verbo‘,
3085 2420 3227 2491 quod
3275 2434 3404 2474 caro

1842 2517 2048 2572 factum
2078 2524 2182 2579 est,
2212 2513 2521 2569 eonformes
2569 2512 2787 2579 reddat,
2833 2511 3031 2568 deinde
3072 2510 3287 2566 attollat
3336 2510 3405 2564 ad

1842 2609 2127 2665 videndum
2179 2609 2390 2677 ipsum,
2443 2605 2598 2676 cujus
2661 2606 2745 2661 odi
2797 2614 2916 2661 erat
2957 2613 3247 2675 antequam
3272 2618 3405 2659 caro

1844 2706 1999 2779 {teret
2025 2722 2039 2771 ;
2067 2705 2141 2757 ita
2171 2711 2231 2757 ut
2268 2701 2525 2756 meliores
2559 2595 2702 2842 {2%
2723 2708 2779 2753 et
2818 2714 2980 2769 supra
3023 2700 3163 2754 hanc
3203 2714 3405 2754 secun-

1843 2798 1970 2842 dum
1994 2809 2214 2842 carnem
2248 2791 2647 2842 introductione
2738 2791 2931 2842 evecti.
2972 2791 3155 2842 dicant
3186 2809 3201 2842 :
3238 2810 3257 2842 ι
3289 2791 3403 2842 Etsi

1844 2706 1999 2761 deret
2025 2722 2039 2771 ;
2067 2705 2141 2757 ita
2171 2711 2231 2757 ut
2268 2701 2525 2756 meliores
2559 2699 2687 2771 facii
2723 2708 2779 2753 et
2818 2714 2980 2769 supra
3023 2700 3163 2754 hanc
3203 2714 3405 2754 secun-

1843 2777 1970 2851 dum
1994 2809 2214 2849 carnem
2248 2777 2702 2848 introductionem
2738 2791 2931 2855 evecti,
2972 2791 3155 2846 dicant
3186 2809 3201 2845 :
3238 2810 3257 2843 ι
3289 2791 3403 2844 Etsi

1843 2885 2133 2955 aliquando
2155 2883 2432 2938 Christum
2452 2888 2748 2936 secundum
2777 2896 2995 2937 carnem
3026 2884 3399 2952 cognovimus,

1844 2982 1935 3034 sed
1961 2977 2237 3047 nunciam
2270 2992 2377 3031 non
2408 2975 2745 3031 novimus“.
2781 2995 2800 3028 ι
2835 2974 2977 3030 Caro
3023 2975 3187 3044 igitur
3221 2974 3399 3029 factus

1842 3080 1949 3133 est,
1980 3080 2034 3124 et
2070 3069 2244 3122 factus
2288 3082 2418 3121 caro
2445 3086 2464 3119 ι
2500 3068 2762 3122 habitavit
2805 3067 2859 3121 in
2903 3067 3060 3122 nobis
3080 3066 3147 3128 ",
3184 3086 3223 3117 ,ι
3289 3080 3399 3119 non

159 3148 441 3220 γινόμενος
464 3152 497 3224 ἡ
505 3151 642 3221 μῶν.
676 3151 966 3224 Σκηνώσας
983 3151 1041 3205 δὲ
1064 3153 1158 3206 καὶ
1186 3152 1473 3223 γενόμενος
1496 3153 1554 3207 ἐν
1583 3155 1735 3225 ἡμῖν,

1842 3169 1996 3216 extra
2017 3172 2113 3213 nos
2147 3156 2342 3211 factus.
2373 3152 2630 3211 llabitans
2654 3166 2831 3209 autem
2857 3166 2912 3210 et
2933 3156 3106 3211 factus
3132 3156 3185 3210 in
3222 3155 3402 3219 nobis,

152 3238 259 3293 οὐκ
288 3240 496 3311 ἔμεινεν
524 3244 617 3297 ἐπὶ
654 3243 751 3313 τῆς
780 3240 1002 3315 πρώτης
1044 3242 1275 3315 μορφῆς,
1310 3241 1424 3295 ἀλλ’
1475 3242 1737 3304 ἀναϐιϐά,

1844 3250 1901 3304 in
1931 3248 2102 3318 prima
2128 3260 2225 3299 sua
2255 3245 2427 3300 forma
2473 3259 2580 3298 non
2620 3242 2953 3312 permansit,
3002 3241 3097 3296 sed
3148 3243 3302 3297 nobis
3347 3244 3402 3297 in

154 3348 257 3396 σας
278 3335 424 3403 ἡμᾶς
451 3335 542 3387 ἐπὶ
568 3334 629 3387 τὸ
654 3334 867 3403 λογικὸν
920 3333 1120 3404 ὑψηλὸν
1176 3334 1299 3404 ὅρος
1317 3372 1333 3398 ,
1382 3331 1577 3397 ἔδειξεν
1603 3334 1734 3403 ἡμῖν

1843 3317 2081 3394 montem
2111 3335 2384 3391 excelsum
2416 3350 2645 3403 eumque
2667 3334 2962 3403 Spiritalem
2987 3333 3264 3403 perductis
3287 3324 3405 3403 glo4

150 3424 253 3496 τὴν
283 3425 487 3490 ἔνδοξον
517 3427 729 3498 μορφὴν
763 3425 976 3488 ἑαυτοῦ,
1001 3424 1093 3477 κα)¹
1115 3424 1215 3494 τὴν
1243 3422 1599 3493 λαμπρότητα
1625 3422 1733 3476 τῶν

1840 3428 2039 3483 riosam
2093 3440 2255 3481 suam
2304 3424 2536 3480 formam
2587 3428 3139 3494 vestimentorumque
3174 3440 3397 3482 suorum

149 3513 465 3585 ἐνδυμάτων
500 3517 684 3569 αὑτοῦ·
722 3518 815 3571 καὶ
844 3518 941 3587 οὐχ
972 3514 1160 3568 ἑαυτοῦ
1188 3531 1251 3583 γε
1276 3512 1459 3584 μόνου,
1484 3513 1618 3567 ἀλλὰ
1641 3515 1733 3567 καὶ

1840 3520 2178 3590 splendorem
2210 3518 2512 3574 ostendit“
2551 3528 2568 3570 :
2611 3530 2789 3583 neque.
2834 3516 2919 3571 sui
2958 3516 3127 3571 solius
3158 3515 3403 3587 splendo-

148 3604 249 3659 τοῦ
277 3606 639 3676 πνευματικοῦ
667 3608 852 3678 νόμου,
878 3607 936 3670 ὃς
964 3608 1109 3658 ἐστιν
1137 3607 1193 3658 ἐν
1220 3605 1345 3677 δόξῃ
1376 3604 1560 3675 ὀφθεὶς
1594 3605 1732 3676 μετὰ

1840 3628 1952 3669 rem
1976 3612 2228 3679 ostendit,
2260 3611 2354 3666 sed
2380 3610 2543 3663 etiam
2570 3606 2831 3677 spiritalis
2858 3606 3013 3675 legis,
3054 3622 3216 3677 quam
3242 3604 3394 3677 Moy—

163 3696 339 3767 Ίησοῦ
374 3698 611 3769 Μωῡσῆς
630 3717 644 3729 ·
670 3698 833 3763 ἔδειξε
854 3699 898 3751 δ’
922 3699 1051 3767 ἡμῖν
1078 3698 1171 3750 καὶ
1195 3700 1373 3751 πᾶσαν
1396 3696 1729 3769 προφητείαν

1840 3720 1926 3761 ses
1958 3705 2011 3759 in
2041 3703 2208 3774 gloria
2245 3716 2365 3756 eum
2392 3696 2520 3754 Jesu
2555 3700 2707 3752 visus
2753 3697 3208 3765 repraesentabat;
3240 3710 3399 3750 mon-

148 3782 288 3841 ούδὲ
328 3788 465 3861 μετά
505 3790 566 3842 τὸ
619 3789 1035 3861 ὲνανθρωπῆσαι
1087 3788 1550 3860 ἀποθνήσκουσαν,
1612 3788 1726 3843 ἀλλ⁹

1840 3796 2026 3852 stravit
2074 3804 2334 3865 praeterea
2391 3804 2607 3846 omnem
2658 3788 3046 3857 prophetiam,
3101 3804 3220 3859 quae
3282 3794 3393 3844 rion

147 3878 665 3951 ἀναλαμϐανομένην
701 3881 780 3943 εἰς
814 3881 1039 3951 οὐρανὸν
1060 3921 1074 3943 ,
1110 3877 1178 3953 ἧς
1231 3879 1494 3949 σύμϐολον
1541 3877 1724 3941 Ἠλίας

1840 3878 2141 3938 πιοτιυο“οει
2166 3878 2451 3951 ροειῖιιιοιιι
2475 3879 2652 3934 factus
2670 3877 2832 3933 homo
2855 3889 2961 3945 est,
2985 3880 3079 3934 sed
3118 3880 3171 3933 in
3198 3878 3399 3934 ccelum

76 4012 81 4017 .
143 3961 237 4037 ἦν.
280 3967 334 4021 '0
352 3969 408 4022 δὲ
428 3970 597 4023 ταῦτα
620 3952 905 4045 νοεωρήσαέ
928 3971 1070 4023 εἴποι
1094 3952 1158 4024 ἂν
1188 3973 1269 4035 τὸ,
1294 3992 1310 4023 ι
1356 3968 1723 4039 Ἐθεασάμεθα

1840 3974 2042 4029 sublata
2071 3983 2175 4039 est,
2208 3972 2473 4040 cujusque
2502 3969 2650 4025 Elias
2675 3972 2842 4040 llgura
2871 3980 3011 4027 erat.
3048 3969 3143 4025 His
3166 3986 3395 4041 conspe-

140 4056 246 4129 τὴν
269 4057 423 4124 δόξαν
451 4060 633 4125 αὐτοῦ,
669 4060 823 4125 δόξαν
854 4062 929 4126 ὡς
961 4062 1275 4132 μονογενοῦς
1311 4060 1457 4130 παρὰ
1486 4060 1717 4130 Πατρός

1840 4062 1956 4124 ctis,
1993 4059 2175 4113 dicere
2202 4059 2323 4127 quis
2365 4059 2577 4128 possit:
2620 4077 2639 4109 ι
2671 4056 2921 4115 Vidimus
2968 4060 3196 4128 gloriam
3240 4060 3391 4126 ejus,

141 4148 361 4219 πλήρης
390 4152 608 4222 χάριτος
638 4154 731 4206 καὶ
758 4152 1031 4223 ἀληθείας.
1070 4173 1088 4205 ›
1117 4153 1319 4215 Κέλσος
1350 4151 1446 4220 μὲν
1462 4144 1552 4203 οὖν
1581 4151 1720 4203 ίδιω-

1840 4148 2047 4227 ζιοτίιιιη
2062 4149 2211 4219 quasi
2231 4149 2486 4218 unigeniti
2500 4166 2531 4204 a
2550 4150 2730 4215 Patre,
2749 4150 2962 4219 plenum
2980 4151 3166 4221 gratiae
3186 4160 3238 4204 et
3255 4151 3396 4205 veri'

136 4239 436 4313 τικώτερον
466 4242 766 4297 ἀνέπλασεν
803 4244 839 4297 ἂ
875 4244 1043 4297 οἴεται
1080 4245 1223 4314 ἡμᾶς
1268 4241 1435 4305 λέξειν
1484 4243 1619 4314 πρὸς
1658 4243 1719 4296 τὸ

1840 4240 2060 4297 ,atis"?r
2082 4241 2262 4310 Inepte
2277 4239 2636 4311 igiturCelsus
2652 4243 3055 4312 conﬁnxit‘quae-
3068 4257 3164 4296 nos
3183 4256 3394 4310 respon-

88 4380 93 4384 .
137 4328 334 4399 πύσμα
372 4331 563 4384 αὐτοῦ’
614 4352 631 4382 ι
677 4333 800 4395 Πῶς
845 4334 1065 4404 οἰόμεθα
1100 4318 1382 4403 γνωρίσειν
1416 4334 1505 4386 τὸν
1544 4335 1713 4401 Θεόν;

1840 4322 1982 4393 suros
2002 4338 2278 4392 existimat
2299 4337 2365 4392 ad
2382 4350 2532 4391 suam
2557 4338 3059 4406 interrogationem,
3085 4356 3104 4389 ι
3126 4339 3396 4405 quomodo

136 4420 239 4475 καὶ
266 4418 383 4484 πῶς
417 4422 747 4493 σωθήσεσθαι
768 4425 904 4495 πρὸς
927 4425 1090 4478 αὑτοῦ
1121 4427 1227 4499 (89)
1252 4443 1266 4492 ;
1297 4430 1454 4499 ἡμεῖς
1474 4427 1529 4481 δὲ
1552 4430 1715 4483 εἴποι-

1840 4444 2152 4503 :ognoseere
2175 4431 2339 4485 Deum
2364 4441 2615 4501 putemus
2639 4440 2694 4485 et
2715 4432 2781 4482 ab
2808 4430 2899 4482 illo
2929 4429 3151 4482 salutem
3181 4428 3393 4494 accipe-

138 4526 247 4581 μεν
274 4510 340 4562 ἂν
368 4510 436 4564 τὰ
466 4514 943 4583 προεκκείμενα...
1054 4558 1057 4561 λ

1840 4522 1907 4577 'e?
1925 4520 2060 4573 »Νοε
2075 4532 2252 4577 autem
2271 4537 2389 4590 qua:
2406 4522 2562 4574 modo
2574 4520 2815 4590 exposita
2836 4528 2964 4572 sunt
2979 4518 3388 4588 respondemus.

172 4600 362 4671 ,Πλήν
422 4619 584 4672 φησιν
643 4604 672 4656 6
717 4604 922 4668 Κέλσος
993 4607 1138 4676 ἡμᾶς
1190 4608 1574 4680 ἀποκρίνεσθαι
1631 4611 1709 4663 εί-

1897 4610 1984 4665 69.
2028 4610 2410 4666 Vernmtamen
2450 4610 2684 4663 allirmat
2725 4608 2913 4663 Celsus
2959 4624 3061 4663 nos
3104 4608 3390 4663 verisimili

132 4691 261 4746 κὰτι
293 4693 601 4766 ποχασμῷ,
630 4696 904 4766 ὁμολογῶν
928 4674 1260 4769 ἀναγράφειν
1295 4674 1448 4771 ἡμῶν
1470 4702 1565 4771 τὴν
1587 4701 1722 4755 ἀπύ-

1840 4698 2140 4766 :onjectura
2168 4701 2532 4769 respondere,
2576 4710 2629 4754 et
2668 4699 2769 4769 ipsi
2818 4699 2990 4754 visum
3025 4709 3109 4753 est
3148 4709 3389 4753 nostram

133 4800 323 4854 κρισιν
352 4784 521 4848 οὕτως
543 4785 788 4855 ἔχουσαν·
818 4805 836 4838 ι
886 4788 1101 4859 Ἐπειδὴ
1135 4789 1304 4859 μέγας
1336 4791 1449 4843 ἐστὶ
1469 4792 1561 4842 καὶ
1590 4790 1716 4841 δυσι·

1840 4792 2231 4861 responsionem
2262 4792 2467 4846 referre
2501 4792 2586 4845 his
2610 4792 2788 4845 verbis
2839 4808 2852 4843 :
2884 4808 2903 4841 ι
2952 4790 3219 4855 Quoniam
3273 4804 3391 4842 ma-

131 4872 415 4944 θεώρητος
447 4877 475 4928 6
505 4874 659 4939 Θεὸς,
720 4877 932 4948 πνεῦμα
988 4877 1115 4932 ίδιον
1164 4878 1413 4949 ἐμϐαλὼν
1441 4880 1521 4940 είς
1560 4878 1717 4947 σῶμα

1840 4898 1959 4950 ςιιυε
1980 4891 2063 4937 est
2099 4892 2153 4937 et
2184 4886 2551 4954 contemplatu
2600 4881 2835 4937 difﬁcilis
2871 4883 3010 4936 Deus
3035 4924 3051 4949 ,
3102 4881 3385 4949 proprium

127 4965 275 5035 ἡμῖν
298 4965 480 5035 ὅμοιον
525 4966 683 5037 δεῦρο
720 4968 1065 5039 κατέπεμψεν
1089 5009 1103 5032 ,
1140 4970 1215 5032 ὼς
1256 4968 1316 5023 ἂν
1362 4968 1717 5039 δυνηθείημεν

1840 4974 2069 5043 ίρίτὶιιιιη
2096 4974 2150 5028 in
2182 4989 2378 5045 corpus
2409 4986 2593 5029 nostro
2623 4972 2801 5027 simile
2828 4972 3118 5026 infundens
3144 4970 3247 5023 huc
3279 4969 3385 5022 mi-

122 5054 369 5112 ἀκοῦσαι
408 5058 537 5129 παρ’
569 5058 733 5113 αὑτοῦ
762 5063 852 5113 καὶ
881 5061 1089 5130 μαθεῖν.
1123 5080 1141 5109 ι
1176 5062 1248 5112 Οὐ
1280 5060 1437 5129 μόνος
1462 5060 1519 5111 δὲ
1544 5061 1715 5129 μέγας

1840 5065 1913 5131 ίίι,
1953 5074 2009 5119 ut
2041 5066 2187 5120 illum
2219 5068 2407 5121 audire
2449 5075 2503 5120 et
2548 5066 2615 5119 ab
2658 5064 2748 5118 illo
2786 5064 2971 5118 doceri
3029 5076 3325 5130 possemus.
3361 5080 3380 5115 ι

123 5146 261 5203 καθ’
291 5148 435 5218 ἡμᾶς
462 5151 608 5201 ἐστιν
643 5153 672 5203 6
708 5152 817 5203 τῶν
849 5152 984 5203 ὅλων
1007 5153 1139 5214 Θεὸς
1172 5153 1263 5204 καὶ
1297 5153 1483 5222 Πατήρ
1505 5169 1517 5181 ·
1557 5154 1714 5222 μετέ-

1840 5156 1893 5211 lt
1927 5166 2112 5211 nostra
2142 5158 2412 5211 sententia
2442 5170 2547 5208 non
2582 5164 2665 5209 est
2693 5153 2867 5207 solum
2908 5165 3089 5205 rerum
3142 5151 3384 5206 omnium

124 5238 279 5292 δωκε
300 5238 407 5309 γὰρ
438 5239 627 5293 ἑαυτοῦ
658 5242 749 5293 καὶ
773 5244 871 5310 τῆς
905 5242 1310 5313 μεγαλειότητος
1332 5244 1406 5314 τῷ
1428 5246 1717 5314 Μονογενεῖ

1840 5248 1988 5303 )cum
2015 5263 2078 5302 ac
2098 5247 2304 5301 Patrem
2329 5261 2447 5301 esse
2469 5260 2718 5314 magnum
2758 5257 2773 5295 :
2800 5258 2908 5297 suae
2933 5244 3076 5297 enim
3110 5244 3382 5311 magnitu-

131 5330 238 5385 καὶ
288 5330 620 5401 Πρωτοτόκῳ
670 5332 849 5403 πάσης
882 5330 1102 5397 κτίσεως
1129 5352 1142 5364 θ
1196 5335 1280 5398 ἵν’,
1338 5336 1499 5389 εἰκὼν
1552 5338 1713 5402 αὐτὸς

1842 5339 1963 5393 linis
1990 5339 2304 5408 participem
2345 5339 2474 5393 fecit
2505 5335 2848 5406 Unigenitum
2880 5343 2933 5390 et
2961 5334 3379 5403 Primogcnitutu

204 5513 256 5548 “
282 5512 413 5570 Luc.
441 5529 593 5581 xvm,
624 5515 713 5570 58.
786 5516 833 5549 ⁸⁸
862 5516 900 5571 ΙΙ
934 5516 1058 5573 Cor.
1085 5533 1139 5585 v,
1171 5518 1255 5574 16.
1353 5519 1397 5551 ⁵⁵
1425 5519 1582 5575 Joan.
1625 5538 1680 5587 ι,
1718 5521 1796 5577 14.
1894 5521 1941 5552 ⁸⁸
1969 5519 2157 5572 Matth.
2189 5535 2322 5585 xvtt,
2353 5520 2375 5573 1
2411 5528 2467 5574 et
2497 5531 2651 5589 seqq.
2725 5517 2767 5550 δ’
2800 5516 2960 5575 Joan.
2986 5532 3023 5583 ι,
3057 5518 3140 5572 14.

207 5664 321 5743 (86)
357 5668 690 5745 [fugela-nr.
715 5670 1029 5745 Bohercllus
1074 5672 1203 5743 legit
1257 5674 1560 5745 γνωρίσειν.
1606 5674 1709 5745 lbi-

1840 5673 1963 5745 :diti,
1997 5671 2323 5745 γενομένοις.

120 5740 258 5815 dem
299 5741 454 5815 codd2
478 5740 685 5815 μεθίεις
717 5750 770 5794 et
799 5740 1153 5815 llasileensis,
1178 5740 1313 5815 πρὸς
1345 5740 1509 5815 αὑτοῦ
1529 5743 1703 5815 σωθή-

1862 5740 2393 5815 Δ(88Ηίι1εέιιιμροι1ι1.
2450 5757 2607 5808 mss.,
2661 5740 3155 5809 ἀπαγγελλόμενος.
3203 5740 3362 5802 ωδ».
3396 5794 3399 5795 ,

378 5810 530 5883 Libb.
554 5810 707 5883 editi,
731 5811 866 5881 πρὸς
896 5813 1055 5883 αὐτὸν
1090 5810 1446 5883 σωθήσεσθαι.
1646 5810 1671 5883 γ’

1844 5810 1958 5883 (liti,
1974 5810 2013 5864 ε
2024 5810 2473 5883 παγγελλόμενος.
2844 5826 2849 5831 ’

207 5878 325 5953 (87)
382 5880 549 5939 Codd.
610 5879 743 5953 Reg.
780 5878 850 5936 ὀι
904 5878 1094 5951 Basil.,
1149 5878 1488 5955 γενομένους.
1537 5882 1692 5938 Libb.

1878 5882 1986 5952 (89)
2027 5883 2174 5949 mss.,
2206 5878 2391 5938 αὑτοῦ.
2428 5883 2581 5941 Libb.
2610 5890 2764 5941 antea
2788 5882 2937 5949 editi,
2971 5880 3150 5935 αὐτόν.
