4094 6322
693 455 833 513 1403

2120 449 2434 506 ORlGENIS

3789 453 3928 510 “0|

696 575 874 630 omnis
903 583 1166 630 creatura:
1195 592 1207 639 ;
1237 584 1313 642 ut,
1349 574 1438 643 qui
1478 574 1653 645 imago
1688 584 1770 631 est
1798 573 2080 630 invisibilis
2129 572 2216 626 Dei

2345 569 2622 639 τυγχάνων
2672 567 2762 621 τοῦ
2811 569 3035 640 ἀοράτου
3094 567 3263 634 Θεοῦ,
3320 569 3411 622 καὶ
3463 568 3520 620 ὲν
3568 567 3647 638 τῷ
3700 567 3923 636 μεγέθει

693 667 740 719 is
792 666 954 719 etiam
999 668 1366 736 magnitudine
1415 667 1594 722 Patris
1646 667 1931 736 imaginem
1991 664 2234 718 referret.

690 756 830 810 Fieri
852 758 992 810 enim
1012 772 1116 810 non
1145 766 1350 826 poterat
1381 768 1438 811 ut
1457 757 1875 826 pulchraimago
1890 763 2032 810 esset
2062 765 2115 808 et
2133 754 2239 809 Deo

685 843 850 914 685
878 844 1129 898 invisibili
1155 845 1520 914 responderet,
1553 859 1670 912 quae
1691 841 2076 910 magnitudinis
2102 840 2237 893 ima-

688 935 863 1001 ginem
904 949 1007 989 non
1051 936 1335 1002 praeberet.
1389 934 1656 988 Prteterea
1704 946 1986 988 censemus
2019 930 2234 1000 quidem

689 1025 875 1090 Deum,
905 1027 1027 1094 quia
1055 1027 1298 1094 corporis
1339 1040 1535 1094 expers
1571 1034 1675 1090 est,
1720 1023 2042 1079 invisibilem
2068 1036 2187 1079 esse
2216 1042 2232 1091 ;

685 1116 1036 1170 nihilominus
1066 1128 1410 1178 tamencum,
1452 1116 1540 1182 qui
1583 1117 2020 1185 contemplationi
2068 1117 2231 1172 dediti

681 1215 830 1270 sunt,
882 1216 1106 1276 possunt
1155 1208 1342 1268 corde,
1390 1205 1440 1258 id
1501 1216 1586 1261 est
1629 1207 1807 1261 animo
1862 1207 2229 1276 contemplari,

679 1298 862 1360 corde,
885 1299 1126 1364 inquam,
1149 1313 1254 1350 non
1279 1295 1656 1364 qualicunque,
1681 1297 1770 1350 sed
1789 1311 1944 1365 puro.
1965 1297 2067 1352 Cor
2089 1297 2230 1350 enim

677 1372 1104 1441 contaminatum
1164 1387 1327 1440 Deum
1378 1385 1732 1454 contemplari
1777 1401 1881 1440 non
1932 1394 2106 1455 potest
2135 1404 2149 1440 :
2177 1395 2232 1439 et

675 1486 890 1544 oportet
929 1491 1118 1544 purum
1171 1490 1314 1538 esse,
1361 1480 1500 1546 quod
1556 1488 1802 1532 naturatn
1866 1479 1997 1530 adeo
2040 1492 2228 1546 puram

677 1567 836 1633 digne
867 1564 1211 1632 contemplari
1249 1575 1427 1635 queat.
1465 1566 1593 1621 Esto
1627 1580 1756 1620 vero
1799 1565 1867 1620 sit
1911 1563 2052 1616 Deus
2099 1578 2230 1617 cou-

678 1659 934 1728 tcmplatu
963 1661 1215 1726 ditlicilis,
1245 1670 1299 1714 at
1329 1675 1433 1714 non
1465 1659 1632 1714 solus.
1663 1658 1792 1711 Nam
1819 1658 1935 1727 ejus
1968 1653 2229 1724 Unigeui-

676 1757 784 1813 tus,
820 1749 960 1802 Deus
989 1750 1241 1815 Verbum,
1274 1759 1356 1805 est
1383 1752 1546 1804 etiam
1575 1748 1940 1816 contemplatu
1973 1744 2223 1809 dillicilis,

673 1840 815 1893 sicut
847 1849 900 1892 ct
925 1843 1187 1910 sapientia
1234 1843 1284 1894 in
1319 1857 1420 1910 qua
1460 1841 1640 1894 omnia
1669 1841 1804 1893 Deus
1853 1833 2004 1890 fecit.
2031 1835 2226 1902 Ecquis

673 1931 814 1984 enim
843 1931 893 1983 in
927 1931 1084 1985 rebus
1113 1933 1362 1987 omnibus
1405 1931 1765 1998 contemplari
1800 1937 1974 1996 potest
2008 1927 2224 1995 sapien-

675 2020 802 2072 tiam
834 2020 885 2073 in
933 2035 1037 2090 qua
1081 2020 1221 2074 Deus
1279 2020 1406 2076 fecit
1459 2034 1542 2074 res
1593 2019 1876 2087 singulas?
1912 2017 2023 2070 Non
2061 2016 2225 2084 igitur

675 2111 834 2175 Deus,
866 2113 989 2181 quia
1019 2113 1381 2182 contemplatu
1410 2113 1644 2166 difﬁcilis
1669 2121 1808 2173 erat,
1840 2108 2043 2163 idcirco
2080 2107 2225 2159 misit

671 2199 888 2266 Filium,
913 2205 1066 2272 quasi
1096 2206 1140 2259 is
1167 2215 1310 2260 esset
1332 2203 1475 2260 Deus
1499 2203 1859 2270 contemplatu
1881 2200 2071 2254 facilis.
2096 2198 2225 2264 Qua:

667 2294 885 2362 quidem
918 2310 1020 2348 non
1053 2295 1415 2350 consideravit
1461 2295 1672 2358 Celsus,
1717 2308 1836 2347 cum
1881 2306 1974 2345 aos
2019 2287 2226 2342 inducit

668 2403 910 2473 dicentes
933 2420 946 2457 :
982 2421 1001 2454 ι
1021 2404 1386 2471 Quoniamest
1407 2401 1774 2470 contemplatu
1801 2400 2031 2455 dillicilis
2056 2400 2217 2466 Deus,

667 2489 940 2559 proprium
974 2493 1222 2560 spiritum
1258 2494 1308 2545 in
1349 2506 1545 2560 corpus
1591 2499 1782 2544 nostro
1822 2488 1994 2543 simile
2042 2487 2219 2540 infun-

667 2581 925 2636 densliuc
973 2582 1137 2647 misit,
1190 2593 1248 2638 ut
1275 2584 1421 2637 illum
1465 2585 1653 2636 audire
1703 2592 1757 2636 et
1802 2580 1870 2634 ab
1903 2579 1992 2634 illo
2038 2578 2218 2633 doceri

620 2735 632 2745 _
666 2685 966 2739 possemus.
1006 2695 1024 2725 ι
1065 2675 1195 2739 Sed,
1250 2684 1307 2728 ut
1359 2689 1519 2742 supra
1580 2674 1778 2727 dictum
1842 2675 1953 2731 est,
2007 2669 2218 2722 tametsi

664 2763 834 2822 Filius
879 2769 1041 2822 etiam
1099 2785 1242 2823 essu
1293 2768 1657 2838 contemplatu
1707 2764 1970 2830 dilIicilis,
2034 2771 2220 2833 utpote

665 2859 840 2914 minus
861 2860 1125 2916 habitavit
1151 2861 1204 2914 in
1237 2860 1392 2916 nobis
1421 2860 1483 2914 ⁸⁵⁸.

734 2977 818 3030 70.
849 2977 964 3031 J‘am
997 2977 1040 3031 si
1064 2976 1251 3031 Celsus
1273 2990 1333 3031 ea
1361 2991 1479 3045 quae
1509 2977 1573 3030 de
1601 2975 1804 3044 Spiritu
1839 2975 1931 3029 Dei
1984 2972 2215 3028 dicimus

662 3067 1032 3127 intellexisset,
1083 3077 1135 3120 et
1177 3087 1194 3118 ι
1237 3069 1548 3136 quicunque
1594 3069 1782 3136 spiritu
1820 3068 1912 3120 Dei
1957 3075 2210 3136 aguntur,

661 3175 754 3214 eos
777 3174 897 3214 esse
928 3159 1067 3212 ﬁlios
1097 3157 1188 3212 Dei
1212 3158 1256 3190 ⁸⁸
1283 3175 1297 3222 ;
1337 3178 1356 3208 ›
1397 3175 1502 3212 non
1537 3160 1672 3213 istud
1702 3159 1802 3212 sibi
1853 3160 2217 3229 respondisset

663 3250 817 3314 quasi
872 3264 938 3302 ex
993 3248 1147 3302 nobis
1193 3259 1510 3316 sumptum:
1564 3268 1582 3301 ι
1621 3251 1784 3303 Deum
1839 3251 1942 3304 huc
2003 3251 2216 3305 misisse

663 3353 816 3391 suum
865 3337 1112 3404 Spiritum
1155 3352 1382 3405 corpore
1427 3339 1692 3392 indutum.
1725 3359 1744 3390 ι
1788 3341 2012 3410 Semper
2069 3341 2212 3394 enim

665 3428 804 3480 Deus
837 3428 1110 3496 proprium
1152 3428 1402 3496 spiritum
1444 3432 1812 3484 communicat
1853 3446 1974 3485 cum
2018 3432 2086 3486 iis
2122 3433 2212 3500 qui
2241 3403 2284 3459 C
2317 3419 2467 3475 δωτιι

662 3513 807 3572 illius
840 3519 1126 3587 participes
1165 3533 1286 3573 esse
1325 3529 1569 3588 possunt,
1601 3529 1653 3572 et
1683 3536 1802 3574 eum
1854 3522 2078 3590 spiritus
2130 3523 2216 3576 ille

661 3611 713 3663 in
746 3612 834 3677 iis,
868 3610 959 3678 qui
991 3610 1105 3679 ipso
1130 3611 1272 3680 digni
1305 3619 1448 3674 sunt,
1479 3611 1708 3672 habitat,
1750 3626 1856 3666 non
1889 3613 2096 3668 ideirco
2127 3628 2213 3666 se-

658 3700 879 3767 paratur
911 3710 965 3754 et
995 3702 1267 3757 dividitur.
1299 3701 1480 3770 Neque
1512 3702 1654 3758 enim
1694 3703 1944 3771 spiritum
1986 3703 2216 3758 dicimus

658 3806 778 3846 esse
803 3806 1033 3861 corpus;
1053 3801 1109 3847 ut
1136 3807 1309 3862 neque.
1337 3808 1536 3864 corpus
1567 3805 1649 3850 est
1681 3795 1842 3863 ignis,
1865 3783 2211 3865 quem'Deum

658 3895 779 3936 esse
827 3892 1057 3937 testatur
1103 3885 1285 3940 istud:
1335 3903 1354 3936 ι
1409 3886 1549 3942 Deus
1595 3890 1779 3944 noster
1833 3888 1971 3957 ignis
2009 3900 2211 3941 consu-

603 3964 608 3968 ’
659 3986 813 4025 mens
847 3985 927 4026 est
952 3975 1018 4026 δι’.
1042 3993 1059 4024 ι
1093 3973 1214 4029 llaec
1234 3977 1373 4030 enim
1397 3977 1576 4032 omnia
1603 3977 1829 4044 ﬁgurate
1852 3979 2126 4041 dicuntur,
2157 3985 2215 4029 ut

661 4061 1010 4130 i-ttclligibilis
1046 4076 1236 4120 natura
1266 4083 1330 4120 ex
1363 4070 1574 4125 usitatis
1611 4071 2068 4137 sensibilibusque
2112 4084 2210 4122 no-

661 4152 894 4206 mnibus
932 4155 1085 4208 u‘obis
1133 4156 1456 4213 innotescat.
1489 4162 1556 4215 Et
1601 4165 1742 4217 sicut
1787 4160 2035 4232 quamvis
2084 4173 2211 4227 pec-

655 4251 776 4296 cata
825 4253 1077 4298 vocentur
1131 4263 1148 4296 ι
1199 4246 1336 4316 ligna
1365 4289 1379 4315 ,
1425 4249 1607 4306 fenum
1659 4265 1713 4308 et
1762 4253 1979 4323 stipula,
2019 4271 2038 4304 ι
2101 4267 2210 4316 pou

655 4343 937 4403 propterea
956 4335 1181 4390 dicimus
1202 4349 1416 4405 peccata
1442 4355 1556 4395 esse
1578 4359 1831 4412 corpora,
1853 4359 2024 4412 neque
2045 4344 2209 4397 etiam

654 4426 886 4479 dicimus
916 4427 1052 4480 bona
1078 4441 1240 4496 opera
1273 4443 1390 4484 esse
1427 4446 1675 4501 corpora,
1711 4436 2038 4490 tametsi~illa
2071 4453 2089 4486 ι
2117 4450 2212 4488 au-

653 4532 795 4583 rum,
826 4526 1108 4586 argentum
1142 4532 1194 4575 et
1229 4521 1360 4590 lapis
1395 4525 1666 4591 pretiosus
1691 4527 1734 4558 ⁸¹
1770 4546 1788 4578 ι
1841 4530 2205 4597 appellentur;

653 4609 735 4663 sic
761 4609 862 4663 etsi
902 4611 1038 4664 Deus
1083 4611 1282 4665 dicitur
1327 4627 1446 4667 esse
1495 4613 1632 4683 ignis
1671 4629 1992 4671 consumens
2040 4617 2208 4686 ligna,

2346 661 2492 734 σώζῃ
2521 663 2620 732 τὴν
2653 661 2832 715 εἰκόνα
2862 661 2957 714 τοῦ
3001 661 3231 732 Πατρός.
3273 660 3346 714 Οὐ
3378 659 3484 730 γὰρ
3523 658 3635 715 οἷόν
3658 663 3710 712 τ’
3740 651 3810 728 ἦν
3837 663 3915 716 εἰ.

2343 771 2427 806 ναι
2460 752 2788 823 σύμμετρον,
2812 753 2878 805 ἵν’
2909 751 3078 816 οὕτως
3105 753 3378 823 ὀνομάσω,
3406 753 3500 806 καὶ
3525 753 3700 824 καλὴν
3731 742 3918 811 εἰκάνά

2338 843 2429 896 τοῦ
2458 845 2689 916 ἀοράτον
2717 843 2870 907 Θεοῦ,
2905 844 2978 915 μὴ
3011 845 3102 898 καὶ
3137 846 3228 897 τοῦ
3287 846 3545 916 μεγέθους
3575 850 3916 916 naan

2337 933 2434 1004 τὴν
2466 935 2663 989 εἰκόνα.
2699 935 2856 988 Ἀλλὰ
2878 937 2970 988 καὶ
3001 938 3030 988 6
3055 935 3183 998 Θεὸς
3228 936 3344 990 καθ’
3394 938 3542 1006 ἡμᾶς
3572 937 3650 1007 τῷ
3696 938 3799 1007 μὲν
3836 941 3912 1010 μὴ

2336 1019 2474 1076 εἶναι
2516 1025 2669 1096 σῶμα
2699 1026 2926 1096 ἀόρατός
2951 1028 3096 1079 ὲστιν
3121 1045 3132 1056 ·
3181 1029 3292 1090 τοῖς
3316 1026 3369 1078 δὲ
3394 1027 3744 1096 θεωρητικοῖς
3774 1043 3911 1098 up-

2336 1115 2424 1186 δίᾳ
2475 1116 2763 1186 θεωρητὸς,
2815 1119 3058 1171 τουτέστι
3107 1117 3208 1188 νῷ·
3247 1119 3440 1188 καρδίᾳ
3488 1117 3545 1169 δὲ
3587 1118 3646 1171 οὐ
3687 1121 3756 1188 τῇ
3818 1133 3912 1172 w-

2334 1205 2498 1276 χούση
2525 1245 2538 1270 ,
2577 1207 2710 1259 ἀλλὰ
2743 1211 2810 1278 τῇ
2851 1209 3095 1279 καθαρᾷ⁹
3125 1209 3185 1261 οὐ
3225 1209 3330 1278 γὰρ
3377 1207 3534 1276 θέμις
3568 1203 3915 1276 μεμολυσμι·

2333 1313 2428 1364 νην
2459 1297 2681 1367 καρδίαν
2701 1301 2886 1369 ἐνορᾷν
2907 1300 3044 1370 Θεῷ,
3071 1300 3204 1353 ἀλλὰ
3225 1301 3304 1352 δεῖ
3322 1299 3556 1367 καοαρὸν
3581 1287 3719 1349 εἶναι
3735 1298 3796 1349 τὸ
3813 1293 3916 1351 τοδ

2333 1389 2570 1458 καθαροῦ
2623 1393 2738 1443 κατ’
2769 1391 2918 1454 ἀξίαν
2957 1392 3303 1464 θεωρητικόν.
3330 1391 3534 1445 ι”Εστω
3557 1389 3622 1458 δὴ
3651 1389 3748 1440 καὶ
3783 1387 3908 1441 603-

2333 1477 2834 1547 θεώρητοςὸθεός·
2896 1479 3006 1532 ἀλλ’
3050 1481 3110 1532 οὐ
3165 1481 3318 1549 μόνος
3362 1476 3736 1547 δυσθεώρητός
3792 1477 3928 1530 ὲστίτ

2330 1586 2469 1634 τινι,
2533 1569 2664 1622 ἀλλὰ
2709 1573 2800 1624 καὶ
2854 1574 2883 1624 6
2937 1571 3242 1639 Μονογενὴς
3290 1569 3471 1624 αὐτοῦ.
3523 1568 3910 1637 Δυσθεὼρητος

2331 1660 2438 1730 γὰρ
2489 1663 2516 1713 6
2569 1661 2699 1722 θεὸς
2739 1662 2949 1730 Λόγος,
3008 1661 3376 1732 δυσθεώρητος
3421 1660 3478 1712 δὲ
3533 1658 3732 1712 οὑτωσὶ
3790 1657 3906 1725 (90)

2330 1751 2423 1802 καὶ
2493 1751 2650 1821 σοφία
2711 1753 2894 1818 ἐστὶν,
2951 1754 3006 1804 ἐν
3154 1751 3221 1804 τὰ
3289 1751 3464 1804 πάντα
3532 1749 3827 1818 πεποίηκεν
3874 1747 3906 1799 6

2331 1841 2496 1904 Θεὸς·
2556 1843 2636 1905 τίς
2668 1843 2774 1914 γὰρ
2817 1843 3034 1897 δύναται
3082 1843 3203 1896 καθ’
3258 1843 3484 1896 ἕκαστον
3531 1840 3639 1892 τῶν
3687 1839 3905 1892 πάντων

2332 1933 2426 2002 τὴν
2483 1935 2690 2002 σοφίαν,
2739 1939 2796 1989 ἐν
2922 1938 2950 1988 6
2987 1936 3116 1999 Θεὸς
3145 1938 3237 1988 καὶ
3272 1937 3499 1988 ἕκαστον
3540 1933 3647 1985 τῶν
3690 1929 3908 1985 ἡάντων

2256 2051 2298 2104 Β
2332 2027 2612 2096 πεποίηκε,
2633 2027 2932 2097 οεωρῆσαι;
2955 2029 3028 2080 υὺ
3051 2027 3136 2080 διὰ
3154 2028 3211 2079 τὸ
3226 2025 3596 2096 δυσθεώρητος
3610 2021 3702 2078 οὗν
3725 2028 3753 2078 6
3773 2023 3904 2086 Θεὸς

2331 2113 2489 2180 εἶναι,
2526 2117 2601 2181 ὡς
2637 2117 2973 2189 εὐθεώρητον
3014 2119 3105 2171 τὸν
3143 2119 3275 2170 Θεὸν
3319 2119 3409 2172 τὸν
3461 2118 3586 2170 Υἱὸν
3636 2116 3898 2185 ἔπεμψεν.

2279 2263 2286 2270 ,
2333 2209 2508 2279 "Amp
2545 2209 2617 2278 μὴ
2670 2210 2868 2278 νοήσας
2901 2212 2928 2261 6
2958 2209 3160 2270 Κέλσος
3203 2205 3350 2262 εἶτεν
3397 2210 3470 2271 ὡς
3511 2211 3574 2261 ἐκ
3613 2207 3901 2278 προσώπου

2331 2297 2503 2367 ἡμῶν·
2535 2317 2553 2349 ι
2593 2300 2687 2351 Διὰ
2722 2299 2779 2349 τὸ
2797 2299 3162 2368 δυσθεώρητος
3198 2293 3352 2364 εἶναι,
3390 2298 3607 2367 πνεῦμα
3649 2298 3775 2350 ἴδιον
3799 2301 3897 2368 ἐμ-

2331 2386 2505 2439 ϐαλὼν
2531 2390 2609 2452 εἰς
2640 2388 2798 2459 σῶμα
2819 2390 2946 2459 ἡμῖν
2962 2392 3161 2460 ὅμοιον,
3183 2391 3339 2463 δεῦρο
3355 2393 3553 2444 κατέπε
3563 2392 3722 2461 μψεν,
3741 2391 3814 2454 ὡς
3833 2389 3900 2443 ἂν

2324 2479 2674 2552 δυνηθείημεν
2687 2481 2913 2536 ἀκοῦσαί
2930 2501 2986 2536 τε
3006 2484 3298 2555 παράῦτνιῖ.
3318 2486 3410 2539 καὶ
3429 2484 3638 2552 μαθεῖν.
3657 2482 3900 2543 ’Δλλζὼς

2325 2571 2753 2642 ἀποδεδώκαμεν,
2780 2577 2872 2627 καὶ
2893 2578 2920 2626 6
2950 2576 3075 2638 Υἱὸς
3097 2575 3466 2646 δυσθεώρητος
3489 2575 3584 2637 ὢν,
3605 2577 3701 2628 ira
3734 2575 3888 2640 Λόγος

2325 2664 2554 2726 Θεὸς,δι’
2584 2657 2642 2716 οῦ
2672 2665 2738 2717 τὰ
2757 2665 2930 2718 πάντα
2960 2666 3190 2734 ἐγένετο,
3211 2667 3302 2718 καὶ
3331 2669 3635 2737 ἐσκήνωσεν
3665 2668 3722 2718 ἐν
3745 2667 3893 2734 ἡμῖν.

2278 2763 2422 2817 Deus
2481 2760 2710 2816 Verbum
2772 2779 2867 2832 per
2907 2779 3068 2832 quem
3111 2763 3294 2818 omnia
3331 2762 3470 2816 facta
3504 2771 3649 2824 sunt,
3701 2762 3898 2815 nihilo-

2395 2950 2453 3003 Εξ
2497 2949 2551 3004 δὲ
2605 2953 2769 3003 συνίει
2833 2951 2940 3018 (91)
2976 2951 3178 3014 Κέλσος
3216 2951 3249 3003 ἃ
3285 2951 3510 3021 λέγομεν
3552 2951 3684 3022 περὶ
3727 2951 3898 3016 Πεδεύ-

2326 3061 2489 3114 ματος
2522 3043 2675 3108 Θεοῦ,
2716 3044 2808 3095 καὶ
2841 3044 2920 3095 ὃτι
2950 3045 3062 3096 ὅσοι
3093 3063 3109 3093 ι
3150 3045 3422 3113 Πνεῦματι
3472 3041 3606 3094 Θεοῦ
3651 3043 3894 3107 ἄγονται,

2321 3131 2465 3190 οῦτοι
2497 3137 2599 3190 υἱοὶ
2628 3136 2760 3188 Θεοῦ
2804 3138 2969 3188 εἰσινο
3010 3155 3026 3185 ι
3062 3135 3162 3187 οῦκ
3204 3134 3266 3187 ἂν
3303 3134 3479 3202 ἐαυτῷ
3518 3135 3594 3195 ὡς
3623 3133 3715 3200 ἀφ’
3741 3133 3898 3200 ἡμῶν

2321 3229 2654 3297 ἀπεφήνατο,
2689 3227 2789 3288 ὅτι,
2826 3244 2845 3276 ι
2889 3225 3101 3294 πνεῦμα
3133 3224 3261 3276 ἴδιον
3288 3223 3535 3292 ἐμϐαλὼν
3572 3225 3652 3285 εἰς
3679 3223 3838 3292 σιῖιμα
3869 3226 3900 3276 6

2322 3319 2451 3380 Θεὸς
2480 3315 3030 3386 δεῦρο’κατέπεμψεν.
3078 3333 3095 3363 ι
3157 3314 3264 3365 Ἀεὶ
3306 3312 3414 3383 γὰρ
3440 3313 3469 3362 6
3507 3311 3638 3374 Θεὸς
3673 3312 3897 3381 μεταδίδ-

2530 3413 2641 3472 τοῖς
2682 3407 3016 3484 ,δυναμένοις
3083 3404 3328 3474 μετέχειν
3378 3402 3562 3465 αὑτοῦ,
3623 3402 3716 3455 τοῦ
3763 3404 3896 3456 ἰδίου

2317 3502 2640 3570 πνεύματος,
2670 3498 2729 3552 οὐ
2757 3499 2895 3552 κατὰ
2934 3497 3211 3567 ἀποτομὴν
3239 3497 3330 3548 καὶ
3374 3493 3633 3564 διαίρεσιν
3679 3495 3897 3560 ἐγγινο-

2320 3596 2478 3662 μένου
2519 3595 2629 3655 τοῖς
2680 3592 2866 3655 ἀξίοις.
2913 3592 3045 3643 Οὐδὲ
3090 3591 3197 3659 γὰρ
3256 3587 3416 3656 σῶμα
3464 3585 3525 3636 τὸ
3572 3585 3691 3637 καθ’
3741 3587 3897 3655 ἡμᾶς

2315 3680 2548 3748 πνεῦμα,
2594 3680 2668 3741 ὡς
2701 3681 2819 3731 οὐδὲ
2879 3680 3033 3749 σῶμα
3073 3680 3131 3730 τὸ
3177 3676 3306 3746 πῦρ,
3340 3676 3473 3745 ὅπερ
3511 3669 3645 3727 εἶναι
3672 3675 3896 3740 λέγεται

2314 3771 2443 3832 Θεὸς
2476 3772 2532 3822 ἐν
2590 3770 2684 3838 τῷ,
2717 3790 2734 3820 σ
2788 3773 2814 3823 ὁ
2842 3772 2968 3832 Θεὸς
3023 3767 3174 3838 ἡμῶν
3225 3767 3355 3838 πῦρ,
3395 3765 3779 3819 καταναλίσκον
3809 3784 3823 3794 ·
3872 3784 3893 3817 ο

2315 3865 2487 3916 πάντα
2539 3861 2642 3930 γὰρ
2674 3862 2842 3914 ταῦτα
2890 3851 3156 3931 τροπικῶς
3191 3861 3405 3927 λέγεται
3432 3859 3510 3919 εἰς
3549 3857 3898 3926 παράστασιν

2313 3959 2406 4028 τὴν
2419 3957 2524 4010 ἀπὸ
2539 3957 2643 4009 τῶν
2662 3958 2896 4026 συνήθων
2917 3957 3010 4009 καὶ
3027 3951 3349 4024 σωματικῶν
3364 3950 3636 4020 ὀνομάτων
3651 3950 3746 4019 τῆς
3773 3966 3902 4018 νοη.

2312 4053 2412 4120 τῆς
2447 4051 2674 4119 φύσεως.
2710 4053 2815 4103 Καὶ
2838 4052 3043 4119 ὥσπερ,
3065 4049 3158 4100 ἐὰν
3188 4047 3406 4116 λέγηται
3435 4043 3499 4095 τὰ
3519 4045 3928 4129 ἁμαρτήματαῖ

2319 4171 2336 4202 ι
2377 4152 2504 4215 ξύλα
2528 4146 2684 4212 εἶναι,
2713 4149 2804 4202 καὶ
2826 4148 3036 4218 χόρτος,
3068 4144 3162 4198 καὶ
3201 4141 3438 4210 καλάμη,
3480 4159 3497 4190 ι
3528 4138 3625 4190 οῦκ
3652 4136 3897 4214 ἐροῦμεν

2313 4242 2450 4298 εἶναι
2492 4244 2556 4294 τὰ
2583 4235 2950 4311 ἁμαρτήματα
2991 4235 3242 4306 σώματα·
3278 4232 3372 4286 καὶ
3412 4231 3515 4284 ἐὰν
3549 4230 3772 4299 λέγηται
3823 4229 3894 4280 τὶ

2311 4335 2767 4405 ἀνδραγαθήματα
2827 4351 2845 4382 ι
2900 4330 3094 4401 χρυσὸς
3126 4325 3296 4388 εἶναι,
3351 4326 3442 4378 καὶ
3488 4323 3744 4393 ἄργυρος,
3793 4333 3896 4383 καὶ⁵
3971 4339 3976 4348 ι

2295 4429 2452 4490 ιλίθος
2506 4426 2706 4496 τίμιος,
2755 4443 2787 4475 »ι
2829 4424 2888 4476 οὐ
2951 4423 3193 4491 φήσομεν
3254 4415 3389 4470 εἶναι
3434 4413 3505 4486 τὰ
3547 4411 3894 4483 ἀνδραγαθή-

2315 4537 2458 4592 ματα
2488 4517 2712 4588 σώματα
2733 4532 2745 4547 ο
2793 4515 2953 4576 οὕτω,
2987 4514 3090 4567 κᾶν
3128 4511 3354 4578 λέγηται
3381 4510 3410 4561 6
3440 4506 3571 4568 Θεὸς
3599 4499 3733 4557 εἶναι
3772 4503 3895 4574 πῦρ

2312 4609 2699 4665 καταναλίσκον
2727 4606 2792 4658 τὰ
2819 4605 2967 4670 ξύλα,
3003 4603 3096 4654 καὶ
3125 4602 3216 4653 τὸν
3244 4601 3454 4668 χόρτον,
3482 4595 3575 4649 καὶ
3602 4593 3698 4662 τὴν
3719 4593 3893 4646 καλά.-

655 4701 860 4766 fenum,
901 4702 1174 4771 stipulam,
1205 4714 1258 4758 et
1289 4719 1504 4758 omnem
1555 4707 1759 4774 peccati
1797 4683 2204 4774 substantiam;

2320 4723 2445 4777 μην,
2479 4703 2570 4756 καὶ
2603 4701 2777 4753 πᾶσαν
2809 4691 3292 4762 οὖσίανὰμαρτίας
3323 4687 3431 4757 (92)
3453 4724 3468 4749 ,
3503 4685 3562 4738 οὐ
3593 4684 3751 4752 σῶμα
3789 4683 3892 4736 αὖα

653 4807 760 4846 non
785 4793 988 4847 idcirco
1026 4793 1172 4847 illum
1203 4812 1398 4864 corpus
1432 4811 1552 4851 esse
1588 4798 1982 4867 cogitabimus;
2019 4814 2206 4866 quem-

653 4879 962 4947 admodum,
983 4881 1107 4938 licet
1131 4884 1270 4951 ignis
1294 4894 1533 4951 vocetur,
1557 4903 1660 4939 non
1688 4887 1805 4939 ideo
1834 4900 2027 4953 corpus
2056 4887 2203 4940 illum

652 4971 1043 5046 existimamus.
1072 4973 1158 5029 Sic
1192 4977 1402 5030 tametsi
1436 4977 1574 5031 Deus
1593 4977 1803 5030 dicatur
1826 4977 2070 5044 spiritus,
2100 4994 2204 5031 non

653 5059 723 5114 ob
763 5059 902 5114 hanc
932 5057 1054 5116 irem
1081 5064 1308 5120 dicimus
1343 5079 1466 5119 eum
1494 5080 1616 5120 esse
1652 5055 1867 5133 corpus:
1898 5063 1966 5119 Ut
2005 5067 2148 5118 enim
2177 5082 2206 5120 a

655 5149 818 5204 rebus
860 5153 1200 5210 sensibilibus
1242 5156 1642 5225 distinguantur
1696 5155 2078 5225 iutelligibiles,
2113 5157 2209 5212 bas

656 5240 928 5309 appellare
975 5245 1112 5298 solet
1139 5245 1416 5317 Scriptura
1461 5249 1676 5311 spiritus
1699 5258 1752 5304 et
1779 5248 2063 5318 spiritales.
2115 5249 2208 5304 Sic

654 5347 777 5386 cum
811 5333 1139 5389 aitPaulus:
1185 5358 1203 5389 ι
1243 5339 1346 5393 Sed
1394 5341 1710 5395 sullieieutia
1760 5352 1940 5396 nostra
1989 5359 2056 5396 ex
2102 5343 2208 5397 Deo

655 5433 759 5491 est,
787 5426 874 5495 qui
901 5439 951 5480 ct
982 5428 1201 5482 idoneos
1234 5447 1328 5485 nos
1375 5431 1502 5487 fecit
1542 5436 1816 5490 ministros
1855 5435 1983 5491 Novi
2015 5437 2206 5492 Testa-

725 5543 770 5577 “
802 5542 959 5598 Joan.
992 5559 1029 5609 t,
1057 5545 1088 5596 5
1119 5556 1170 5598 et
1204 5545 1285 5600 14.
1361 5550 1402 5582 ⁸³
1439 5551 1588 5608 Itoni.
1623 5570 1739 5620 vm,
1773 5557 1858 5610 H.

727 5699 838 5783 (ρο)
870 5698 1219 5783 Ι.1()ὶς›ε1ι(ὶ1ἰ.ιιε⁸
1240 5688 1295 5783 ἰιι
1320 5713 1467 5783 textu
1499 5708 1702 5778 οὑτοσί,
1728 5726 1824 5781 pro
1855 5728 1961 5783 quo
1991 5698 2215 5771 Guictus

684 5772 998 5828 cribcudum
1026 5772 1351 5839 conjiricbat
1379 5775 1588 5830 τούτου.

723 5842 837 5908 (91)
874 5839 1062 5898 Codd.-
1085 5855 1244 5907 ω..
1274 5843 1461 5900 συνίει.
1491 5845 1642 5906 Libb.
1677 5851 1828 5920 editi,
1863 5855 2058 5925 συνῄει.

1932 5558 1976 5590 ⁵⁰
2010 5558 2174 5614 llcbr.
2212 5574 2310 5626 xu,
2337 5557 2424 5612 9.9.

2310 4773 2402 4850 ιιι
2427 4797 2720 4865 νοήσομεν·
2765 4791 2839 4852 ὠς
2869 4787 2975 4840 οὐδ’
3018 4784 3110 4837 ἐὰν
3137 4782 3245 4852 (95)
3275 4779 3499 4848 λέγηται
3535 4775 3677 4845 πῦρ,
3725 4773 3891 4843 σῶμα

2312 4862 2537 4954 νοοῦμεν
2558 4862 2735 4936 αῦτόν.
2766 4877 2951 4939 Οὕτως
2976 4873 3068 4927 ἐὰν
3089 4871 3312 4940 λέγηται
3346 4864 3561 4934 πνεῦμα
3582 4865 3610 4915 6
3643 4862 3799 4923 856;,
3823 4863 3887 4913 οὐ

2317 4979 2473 5048 σῶμα
2502 4978 2660 5032 αὑτὸν
2691 4975 2915 5044 λέγομεν
2941 4959 3094 5022 εἶναι.
3153 4964 3292 5035 Πρὸς
3333 4960 3438 5030 γὰρ
3479 4954 3886 5048 ἀντιδιαστολὴν

2316 5045 2420 5122 τῶν
2478 5067 2753 5137 αἰσθητῶν
2793 5064 2910 5126 ἔθος
2950 5063 3015 5132 τῇ
3051 5059 3240 5130 Γραφῇ
3285 5053 3364 5106 τὰν
3392 5048 3556 5120 νοητὰ
3600 5045 3883 5116 ὀνομάζειν

2317 5161 2646 5226 πνεύματα,
2667 5159 2770 5226 ,καὶ
2801 5151 3168 5226 πνευματικά
3189 5168 3203 5180 ·
3238 5143 3347 5203 οἷον
3369 5144 3465 5198 ἐὰν
3501 5143 3633 5214 λέγῃ
3667 5142 3698 5194 ὁ
3735 5139 3884 5192 Παῦ-

2314 5247 2422 5311 λος,
2464 5267 2480 5298 t
2536 5249 2665 5301 Ἀλλ’
2700 5251 2731 5316 ἡ
2774 5247 3020 5316 ἱκανότης
3057 5243 3211 5314 ἡμῶν
3239 5243 3302 5294 ὲκ
3345 5238 3436 5292 τοῦ
3491 5233 3645 5298 Θεοῦ,
3683 5235 3740 5297 ὃς
3784 5235 3882 5286 καὶ

2315 5339 2575 5391 ἱκάνωσεν
2601 5339 2744 5406 ἡμᾶς
2769 5338 3043 5408 ᾷιακόνους
3071 5335 3279 5405 Καινῆς
3302 5332 3592 5402 Διαθήκης,
3615 5331 3674 5384 οὗ
3697 5329 3880 5400 γράμο

2317 5453 2501 5505 ματος,
2542 5433 2676 5487 ἀλλὰ
2712 5431 3012 5500 πνεύματος
3040 5446 3053 5458 ’
3082 5431 3146 5483 τὸ
3165 5429 3271 5500 γὰρ
3291 5427 3522 5498 γράμμα
3545 5423 3877 5489 ἀποκτείνει,

2503 5556 2542 5590 ⁵¹
2582 5556 2597 5609 l
2625 5556 2744 5609 Cor.
2773 5569 2853 5619 ιιι,
2881 5552 2964 5605 ιε.

2397 5712 2508 5781 (92)
2543 5711 2768 5781 οὐσίαν
2796 5709 3100 5781 ἁμαρτίας.
3125 5707 3273 5781 “Vide
3294 5708 3388 5781 lib.
3416 5723 3652 5781 tignum.
3686 5705 3765 5781 ιε.

2403 5773 2516 5850 (θεῖ’)
2557 5782 2646 5847 Ὡς
2673 5780 2794 5850 τῷδ’
2830 5773 2958 5840 ἓάί·.
2989 5773 3094 5850 etc.
3121 5778 3210 5850 Sic
3239 5779 3394 5834 codd.
3415 5775 3582 5850 _Iteg._
3608 5785 3692 5850 et_
3712 5773 3875 5832 llud.

2328 5844 2473 5912 Libt'i
2501 5844 2798 5912 iero—editi.
2831 5850 2904 5912 ὡς
2929 5851 2970 5903 δ’
2997 5847 3088 5903 ἐὰν
3123 5847 3342 5914 λέγηται
3371 5845 3500 5914 πῦρ,
3521 5844 3594 5899 ὀὐ
3624 5844 3806 5914 σῶμα.
