4094 6322
289 532 432 592 “05

1485 533 1760 591 CONTRA
1799 534 2070 590 CELSUM
2107 535 2232 590 LIB.
2276 533 2364 590 Vl.

3349 535 3483 597 1406

284 649 348 701 τὸ
373 651 431 703 δὲ
453 651 664 721 πνεῦμα
691 654 941 718 ζωοποιεῖ
963 677 975 690 ·
1022 679 1040 710 ι
1090 620 1320 728 γράμμα
1350 657 1446 726 μὲν
1473 659 1568 727 τὴν
1594 657 1846 728 αἰσθητὴν

1954 659 2137 722 menti,
2169 672 2272 710 non
2306 657 2504 720 littera,-
2545 655 2635 710 sed
2669 655 2876 724 spiritu.
2902 653 3103 710 Littera
3148 654 3288 710 enim
3337 655 3486 710 occi-

284 737 564 810 ὼνόμασεν
594 745 818 816 ἐκδοχὴν
847 749 951 800 τῶν
976 748 1131 802 θείων
1158 747 1513 818 γραμμάτων,
1549 745 1760 814 πνεῦμα
1790 747 1846 799 δὲ

285 829 385 898 τὴν
439 832 662 902 νοητήνε
708 835 862 888 Οὕτω
918 838 1092 890 τοίνυν
1125 839 1216 890 καὶ
1248 839 1305 890 ἐν
1336 837 1432 906 τῷ,
1492 857 1510 888 ι
1569 837 1779 906 πνεῦμα
1818 838 1848 888 6

284 917 437 982 Θεός.
482 941 500 972 ι
545 923 698 976 Ἐπεὶ
728 927 819 979 καὶ
848 927 1113 999 Σαμαρεῖς
1145 929 1236 981 καὶ
1269 929 1504 982 Ἰουδαῖοι
1529 920 1847 998 σωματικῶς

285 1011 382 1063 καὶ
404 1013 649 1076 τυπικῶς
690 1014 900 1069 ἐποίουν
929 1017 996 1068 τὰ
1028 1017 1463 1086 προσταττόμενα
1506 1017 1608 1070 ὑπὸ
1639 1018 1730 1070 τοῦ
1764 1019 1848 1069 νό-

288 1115 415 1169 μου,
449 1095 598 1154 εἶπεν
617 1103 855 1180 ὀΙΣωτὴρ
891 1105 1025 1174 πρὸς
1051 1105 1146 1174 τὴν
1171 1105 1516 1176 Σαμαρεῖτιν,
1543 1105 1643 1172 ὅτι,
1673 1125 1692 1157 ι
1721 1107 1849 1176 Ἔρ-

284 1205 437 1258 χεται
498 1189 634 1261 ὥρα,
669 1193 755 1244 ὅτε
788 1191 909 1245 οὔτε
951 1195 1008 1247 ἐν
1051 1195 1452 1265 Ἱεροσολύμοις,
1516 1194 1635 1248 οὔτε
1683 1198 1740 1248 ἐν
1773 1197 1847 1266 τῷ

282 1276 400 1347 ὄρει
435 1277 605 1348 τούτῳ
653 1283 1079 1352 προσκυνήσουσι
1121 1283 1224 1352 (94)
1282 1282 1360 1352 τῷ
1392 1284 1586 1354 Πατρί.
1615 1283 1847 1354 Πνεῦμα

281 1367 314 1417 6
343 1365 491 1430 Θεὸς,
527 1369 620 1420 καὶ
649 1371 774 1432 τοὺς
804 1373 1234 1442 προσκυνοῦντας
1279 1375 1440 1427 αὑτὸν
1483 1377 1539 1428 ὲν
1581 1377 1845 1446 πνεύματι

282 1459 378 1511 καὶ
425 1458 648 1531 ἀληθείᾳ
692 1461 771 1515 δεῖ
815 1469 1167 1533 προσκυνεῖν’
1213 1485 1230 1518 ι
1265 1467 1330 1518 δι’
1369 1460 1443 1519 ὦν
1484 1466 1736 1532 ἐδίδαξεν,
1768 1469 1824 1520 ὅτ

280 1547 382 1600 οὐκ
413 1551 471 1600 ὲν
503 1551 664 1622 σαρκ)⁵
697 1552 776 1605 δεῖ
809 1559 1126 1624 προσκυνεῖν
1179 1558 1271 1609 καὶ
1312 1574 1591 1626 σαρκίναις
1643 1558 1846 1622 θυσίαις

279 1637 374 1689 τὸν
405 1637 554 1702 Θεὸν,
588 1640 702 1694 ἀλλ’
741 1661 758 1693 ι
795 1645 852 1695 ὲν
879 1644 1161 1715 πνεύματι.
1200 1667 1218 1697 ι
1255 1649 1361 1700 Καὶ
1386 1648 1492 1718 γὰρ
1524 1649 1683 1712 αὐτὸς
1713 1650 1845 1704 ἀνά-

279 1726 436 1795 λογον
466 1731 523 1782 ὲν
557 1730 821 1801 πνεύματι
871 1733 982 1805 (95)
1026 1737 1116 1788 καὶ
1165 1738 1368 1808 νοητῶς
1414 1738 1690 1810 λατρεύειν
1725 1741 1846 1793 τινὰ

280 1816 430 1886 αὐτῷ
461 1819 674 1889 πνεῦμα
708 1821 920 1893 νοηθείη
954 1822 1040 1877 ἄν.
1087 1824 1242 1879 Ἀλλὰ
1291 1829 1383 1880 καὶ
1428 1829 1526 1880 οὐκ
1557 1828 1607 1881 ἐκ
1663 1827 1846 1888 τύποις

280 1913 602 1978 προσκυνεῖν
622 1911 701 1963 δεῖ
734 1912 809 1982 τῷ
843 1914 1014 1986 Πατρὶ
1041 1915 1172 1984 (96),
1202 1917 1314 1970 ἀλλ’
1349 1919 1405 1970 ἐν
1449 1918 1695 1990 ἀληθείᾳ,
1726 1920 1845 1989 ἥτις

287 2016 307 2048 ‹
342 1999 428 2052 διὰ
472 2001 643 2070 Ἰησοῦ
676 2003 909 2072 Χριστοῦ
956 2005 1168 2072 ἐγένετο
1191 2047 1205 2070 ,
1249 1990 1272 2059 ι’
1311 2010 1447 2078 μετὰ
1483 2028 1502 2059 ι
1546 2009 1605 2061 τὸ
1635 2010 1845 2080 δοθῆναι

279 2086 373 2138 τὸν
404 2088 565 2156 νόμον
592 2089 677 2142 διὰ
709 2091 1000 2154 Μωῦσέως.
1046 2096 1230 2148 Ἠνίκα
1293 2097 1419 2165 γὰρ,
1459 2097 1552 2150 ἐὰν
1593 2099 1846 2170 ἐπιστρέ-

278 2175 469 2248 ψωμεν
501 2181 634 2250 πρὸς
676 2182 876 2252 Κύριον
909 2184 974 2255 (6
1006 2185 1061 2238 δὲ
1111 2187 1313 2256 Κύριος
1339 2188 1398 2240 τὸ
1420 2186 1634 2257 πνεῦμά
1685 2190 1843 2259 ἐστι),

282 2275 640 2341 περιαιρεῖται
683 2273 743 2326 τὸ
794 2277 858 2345 τῇ
921 2276 1115 2349 καρδία
1178 2279 1437 2350 κάλυμμα
1487 2280 1842 2350 ἐπικείμενον,

281 2358 442 2436 ἡνίκα
477 2359 540 2411 ἂν
577 2361 1007 2434 ἀναγινώσκηται
1039 2367 1292 2436 Μωῦσῆς.
1338 2387 1368 2422 ι,
1413 2405 1426 2416 .

368 2435 451 2510 Ὠς
488 2449 560 2520 μὴ
592 2451 788 2520 νοήσας
848 2452 910 2523 δὴ
968 2453 1038 2505 τὰ
1091 2435 1350 2524 περὶτοῦ
1392 2457 1702 2526 Ηνεύματος
1753 2457 1844 2509 τοῦ

279 2537 418 2590 Θεοῦ
449 2542 477 2592 6
506 2540 707 2603 Κέλσος
741 2543 759 2611 (
799 2559 817 2592 ι
849 2543 1075 2612 ψυχικὸς
1105 2546 1212 2616 γὰρ
1234 2546 1516 2617 ἄνθρωπος
1546 2549 1603 2600 οὺ
1637 2540 1845 2618 δέχεταί

278 2629 350 2682 τὰ
381 2628 474 2682 τοῦ
508 2631 818 2702 Πνεύματος
848 2635 939 2686 τοῦ
967 2636 1096 2688 Θεοῦ
1122 2654 1135 2666 ·
1173 2637 1350 2708 μωρία
1381 2637 1488 2709 γὰρ
1521 2638 1667 2708 αὐτῷ
1707 2642 1844 2705 ἐστι,

281 2721 377 2772 καὶ
409 2721 468 2773 οὐ
500 2720 715 2776 δύναται
765 2723 993 2791 γνῶναι,
1035 2728 1116 2779 ὅτι
1148 2729 1524 2797 πνευματικῶς
1571 2716 1851 2801 ἀνακρίνε-

278 2810 393 2877 ται)
431 2829 450 2863 ι
485 2812 659 2882 ἐαυτῷ
695 2813 949 2868 συνάπτει
983 2816 1112 2889 (97),
1133 2819 1371 2887 οἰόμενος
1403 2821 1568 2889 ἡμᾶς,
1602 2821 1850 2890 λέγοντας

282 2901 499 2971 πνεῦμα
554 2900 689 2956 εἶναι
733 2905 822 2956 τὸν
875 2906 1024 2970 Θεὸν,
1080 2908 1240 2979 μηδὲν
1271 2910 1527 2981 ἐντούτῳ
1575 2912 1768 2983 διαφέρ
1821 2929 1850 2964 ν

279 2996 391 3048 τῶν
425 2999 550 3067 παρ’
586 2997 804 3067 Ἕλλησι
845 2999 1091 3052 Στωϊκῶν
1123 3000 1270 3070 (98),
1307 3003 1654 3070 φασκόντων,
1699 3004 1779 3057 ὅτι
1824 3007 1851 3057 6

281 3085 417 3148 Θεὸς
450 3085 665 3157 πνεῦμά
691 3089 805 3140 ὲστι
831 3089 918 3143 διὰ
949 3091 1162 3145 πάντων
1205 3092 1510 3162 διεληλυοὸς
1533 3132 1546 3156 ,
1577 3094 1667 3145 καὶ
1697 3095 1848 3148 πάντ’

283 3180 345 3231 ἐν
369 3177 544 3248 ἑαυτῷ
583 3180 862 3250 περιέχον.
909 3183 1094 3252 Διήκει
1129 3183 1226 3252 μὲν
1253 3182 1362 3254 γὰρ
1395 3186 1426 3254 ὴ
1461 3185 1728 3256 ὲπισκοπὴ
1760 3185 1851 3237 καὶ

283 3271 321 3339 ἡ
346 3270 564 3339 πρόνοια
593 3271 687 3324 τοῦ
715 3272 848 3324 Θεοῦ
878 3272 962 3326 διὰ
992 3275 1226 3337 πάντων,
1272 3275 1384 3328 ἀλλ’
1415 3276 1512 3346 οὐχ
1551 3275 1624 3338 ὡς
1654 3277 1714 3328 τὸ
1743 3276 1851 3329 τῶν

285 3354 535 3416 Στωϊκῶν
565 3364 810 3434 πνεῦμαο
836 3366 948 3429 ,καὶ
975 3367 1147 3419 πάντα
1180 3367 1277 3435 μὲν
1301 3367 1537 3437 περιέχει
1567 3368 1633 3420 τὰ
1664 3385 1853 3438 προνο⁴

1951 750 2048 813 dit,
2113 749 2336 819 spiritus
2377 757 2553 802 autem
2600 747 2838 802 viviﬁcat
2871 749 2952 812 In;
2986 765 3005 800 ι
3058 746 3288 814 litteram
3328 753 3488 802 vocat

1952 839 2117 909 686
2163 834 2463 894 divinarum
2523 836 2922 906 Scriptura‘rum
2992 837 3489 912 interpretationem

1947 943 2068 999 quae
2110 929 2356 982 sensibus
2403 928 2874 989 accommodatur;
2906 925 3148 997 Spiritum
3184 941 3336 991 vero,
3367 941 3488 981 eam

1947 1034 2067 1088 quae
2097 1019 2164 1072 ad
2194 1017 2522 1072 intellectum
2568 1021 2819 1086 pertinet.
2853 1018 2994 1072 Idem
3028 1018 3286 1086 judicium
3331 1018 3403 1071 sit
3423 1017 3489 1072 de

1947 1115 2049 1167 isto
2069 1114 2211 1175 loco,
2242 1130 2260 1163 ι
2296 1110 2532 1180 Spiritus
2551 1120 2636 1165 est
2662 1111 2798 1164 Deus
2828 1111 2896 1165 ⁸³.
2935 1129 2956 1161 ι
2993 1110 3126 1164 Nam
3149 1126 3270 1164 cum
3295 1111 3486 1169 Sama-

1947 1204 2106 1257 ritani
2130 1214 2184 1258 et
2209 1202 2376 1257 Judrci
2421 1202 2547 1270 legis
2575 1212 2837 1270 praecepta
2875 1202 3232 1270 corporaliter
3260 1211 3315 1256 et
3353 1202 3490 1271 ligu-

1947 1300 2064 1344 rate
2085 1293 2451 1356 observarent,
2475 1290 2614 1344 dixit
2641 1290 2883 1343 Salvator
2921 1289 3270 1344 Samaritana:
3292 1307 3306 1344 :
3341 1307 3360 1341 ι
3386 1289 3490 1345 Ve-

1940 1357 2024 1434 ῗιίι
2068 1380 2196 1434 hora
2244 1381 2457 1447 quando
2504 1392 2675 1446 neque
2706 1378 2761 1433 in
2786 1376 3185 1447 Hierosolymis,
3231 1391 3402 1446 neque
3434 1378 3490 1434 in

1946 1479 2126 1524 monte
2162 1470 2262 1524 hoc
2289 1468 2589 1523 adorabunt
2617 1467 2831 1521 Patrem
2855 1467 2922 1522 ⁵⁸.
2956 1466 3190 1536 Spiritus
3217 1476 3301 1523 est
3327 1468 3488 1533 Deus,

1945 1567 2136 1630 eteos,
2162 1559 2252 1627 qui
2286 1560 2513 1612 adorant
2540 1571 2683 1620 eum,
2703 1558 2757 1610 in
2785 1557 2975 1624 spiritu
3011 1566 3066 1610 et
3089 1557 3311 1611 veritate
3335 1570 3490 1625 oporr

1947 1660 2023 1705 tet
2045 1651 2274 1705 adorare
2302 1650 2368 1701 ⁵⁵.
2407 1668 2425 1700 ι
2453 1647 2659 1712 Quibus
2677 1648 2858 1708 docuit
2886 1662 2986 1700 non
3015 1662 3177 1701 carne
3203 1657 3256 1701 et
3283 1647 3488 1701 carneis

1945 1740 2182 1794 victimis
2222 1739 2385 1793 Deum
2432 1737 2710 1791 colendum
2755 1751 2893 1800 esse,
2929 1737 3019 1790 sed
3076 1754 3093 1786 ι
3128 1736 3179 1789 in
3222 1736 3429 1805 spiritu.
3466 1754 3486 1788 ι

1946 1830 2061 1898 lpse
2085 1831 2226 1885 enim
2261 1830 2659 1884 existimabilur
2686 1843 2804 1881 esse
2835 1828 3078 1898 spiritus,
3110 1821 3268 1897 prout
3302 1826 3492 1894 spiritu

1945 1931 1998 1974 et
2035 1919 2382 1988 intelligentia
2420 1921 2643 1973 coletur.
2672 1918 2852 1986 Neque
2875 1919 3034 1972 etiam
3067 1919 3118 1970 in
3149 1917 3333 1986 figuris
3365 1917 3491 1972 adu-o

1951 2027 2073 2066 rare
2093 2011 2302 2065 Patrem
2341 2018 2570 2080 oportet,
2599 2010 2690 2064 sed
2725 2010 2774 2061 in
2805 2009 3050 2074 veritate,
3084 2022 3200 2076 qua;
3231 2026 3248 2059 ι
3289 2023 3384 2077 per
3407 2006 3494 2063 Je-

1950 2117 2067 2156 sum
2107 2101 2378 2155 Christum
2429 2101 2567 2154 tacta
2599 2109 2680 2154 est
2714 2101 2780 2166 ⁸⁸,
2844 2119 2862 2152 ι
2911 2110 3188 2168 postquam
3233 2117 3250 2150 ι
3283 2100 3368 2154 lex
3399 2113 3494 2170 per

1952 2192 2184 2261 Moysem
2218 2191 2340 2244 data
2374 2190 2550 2246 fuerat
2581 2192 2646 2245 ⁵⁷.
2681 2208 2701 2242 ι
2755 2189 2883 2244 Nam
2919 2207 2936 2240 ι
2979 2205 3101 2243 cum
3127 2191 3494 2245 convertimur

1952 2280 2018 2336 ad
2047 2279 2324 2334 Dominum
2357 2279 2634 2350 (Dominus
2659 2288 2836 2334 autem
2862 2279 3080 2348 spiritus
3105 2284 3230 2347 est),
3256 2277 3496 2334 aufertur

1951 2369 2194 2425 velamen
2220 2370 2450 2438 positum
2469 2385 2630 2440 super
2654 2385 2766 2432 cor,
2794 2384 2913 2423 cum
2942 2371 3135 2440 legitur
3163 2370 3372 2441 Moyses
3390 2371 3490 2424 ⁸⁸.»

2023 2461 2112 2514 71.
2135 2461 2466 2530 Quapropter
2486 2477 2607 2516 cum
2654 2477 2717 2517 ea
2757 2477 2874 2530 quae
2902 2464 2964 2516 de
2995 2462 3195 2531 Spiritu
3227 2460 3318 2516 Dei
3356 2461 3493 2515 dicta

1952 2562 2096 2618 sunt,
2122 2566 2226 2622 non
2256 2551 2577 2622 intelligeret
2604 2552 2789 2616 Celsus
2813 2552 2958 2624 (nam
2998 2571 3015 2603 ι
3047 2551 3293 2606 animalis
3338 2553 3498 2608 homo

1952 2657 2056 2697 non
2104 2642 2330 2710 percipit
2379 2658 2442 2697 ea
2477 2659 2592 2712 quae
2643 2652 2766 2698 sunt
2820 2643 3042 2710 spiritus
3082 2642 3216 2706 Dei;
3266 2641 3497 2697 stultitia

1952 2733 2092 2787 enim
2127 2741 2209 2786 est
2240 2731 2337 2795 illi,
2371 2740 2425 2785 et
2471 2748 2574 2785 non
2609 2738 2782 2800 potest
2817 2729 3136 2800 intelligere,
3181 2729 3497 2801 quialspiri-

1953 2819 2173 2874 tualiter
2202 2819 2542 2872 examinatur
2566 2819 2632 2886 ⁸³)
2660 2835 2674 2883 ;
2719 2837 2737 2870 ι
2767 2817 2973 2886 colligit
3001 2832 3063 2871 ex
3100 2831 3164 2870 eo
3190 2817 3330 2884 quod
3366 2816 3499 2869 ditii-

1951 2923 2069 2962 mus
2098 2908 2347 2978 spiritum
2381 2923 2500 2963 esse
2547 2911 2735 2972 Deum,
2766 2909 2896 2960 nihil
2937 2924 3032 2962 nos
3084 2909 3186 2962 hac
3216 2909 3267 2963 in
3304 2921 3362 2962 re
3441 2905 3500 2960 ,ί-

1953 3000 2092 3054 ferre
2118 3016 2149 3054 a
2179 2999 2399 3063 Stoicis,
2425 2999 2514 3069 qui
2549 3001 2686 3066 apud
2715 2999 2928 3054 Grazcos
2958 2997 3150 3053 docent
3183 3001 3350 3054 Deum
3380 3013 3500 3055 esse

1951 3085 2194 3153 spiritum
2246 3086 2426 3140 omnia
2475 3096 2844 3155 permeantem
2875 3096 2930 3141 ct
2956 3088 3134 3141 omnia
3178 3088 3231 3140 in
3265 3102 3323 3142 se
3350 3103 3498 3143 eom-

1952 3176 2396 3246 prehendentem.
2453 3166 2592 3234 Cura
2645 3177 2857 3244 quidem
2903 3186 2957 3232 et
3001 3180 3333 3247 providentia
3403 3180 3498 3251 Dei

1952 3268 2196 3336 pervadit
2235 3268 2439 3330 omnia,
2468 3267 2560 3322 sed
2592 3282 2697 3321 non
2732 3277 2788 3322 ut
2818 3267 3121 3323 Stoicorum
3153 3271 3372 3338 spiritus
3398 3287 3412 3336 ;
3443 3280 3499 3327 et

1952 3356 2286 3426 providentia
2319 3356 2532 3424 quidem
2577 3357 2820 3411 continet
2859 3359 3041 3413 omnia
3092 3361 3288 3428 quibus
3317 3363 3497 3430 provi-

283 3450 489 3521 ούμενα
533 3455 566 3523 ἡ
610 3455 852 3524 πρόνοια,
898 3456 990 3509 καὶ
1041 3457 1385 3526 περιείληφεν
1435 3458 1600 3511 αὐτά·
1643 3459 1738 3528 οὐχ
1777 3459 1846 3522 ὼς

1953 3452 2062 3513 det,
2092 3457 2143 3502 ct
2167 3463 2228 3503 ea
2254 3448 2661 3517 comprehendit
2690 3466 2703 3514 ;
2743 3441 2836 3503 sed
2869 3465 2971 3505 non
3008 3459 3067 3506 ut
3111 3465 3304 3520 corpus
3331 3451 3498 3506 couti-

285 3540 444 3610 σῶμα
467 3542 522 3594 δὲ
547 3545 795 3613 περιέχον
825 3546 1194 3615 περιέχει,,ὄτι
1219 3549 1311 3598 καὶ
1346 3548 1503 3616 σῶμά
1661 3551 1773 3601 ἐστι
1791 3549 1850 3600 τὸ

284 3632 691 3702 περιεχόμενον·
727 3634 839 3686 ἀλλ’
873 3636 947 3698 ὡς
977 3635 1202 3705 δύναμις
1227 3637 1344 3690 θεία
1365 3639 1454 3690 καὶ
1473 3640 1849 3709 περιειληφυῖα

281 3718 354 3772 τὰ
411 3721 781 3790 περιεχόμενα.
853 3724 1007 3776 Κατὰ
1083 3725 1178 3794 μὲν
1242 3721 1333 3778 οῦν
1390 3729 1513 3788 τοὺς
1586 3726 1691 3778 ἀπὸ
1751 3725 1850 3796 τῆς

284 3814 456 3875 Στοᾶς
488 3814 560 3882 (l)
597 3800 1187 3884 σωματικὰζῗέγοντας
1221 3813 1356 3870 εἶναι
1390 3818 1487 3881 τὰς
1518 3819 1721 3889 ἀρχὰς,
1759 3821 1849 3872 καὶ

283 3905 374 3961 διὰ
423 3904 578 3958 τοῦτο
611 3907 784 3960 πάντα
828 3907 1174 3979 φθείροντας,
1231 3911 1628 3974 κινδυνεύοντας
1662 3911 1717 3962 δὲ
1758 3911 1850 3963 καὶ

284 3995 447 4049 αὑτὸν
481 3995 691 4066 φθεῖραι
724 3998 813 4050 τὸν
841 3998 932 4049 ἐπὶ
961 3999 1089 4050 πᾶσι
1119 3998 1272 4062 Θεὸν,
1305 4001 1350 4051 εί
1387 3999 1459 4070 μὴ
1494 3986 1632 4053 πάνυ
1668 4001 1846 4068 ἀπεμ-

266 4080 472 4154 ’φαῖνον
520 4087 661 4138 τοῦτ’
694 4088 872 4150 αὐτοῖς
915 4087 1085 4142 ἐδόκει
1123 4090 1409 4159 τυγχάνειν
1431 4130 1446 4154 ,
1500 4091 1589 4143 καὶ
1623 4093 1650 4142 6
1682 4091 1848 4158 Λόγος

283 4177 380 4230 τοῦ
403 4179 557 4243 Θεοῦ,
589 4182 616 4233 6
649 4181 807 4250 μέχρι
849 4181 1146 4251 ἀνθρώπων
1178 4183 1267 4235 καὶ
1298 4183 1405 4236 τῶν
1437 4182 1726 4252 ἐλαχίστων
1754 4199 1850 4234 κα·-

281 4267 583 4332 ταϐαίνων,
627 4270 775 4324 οὐδὲν
801 4271 926 4325 ἄλλο
956 4275 1128 4337 ὲστίν,
1171 4274 1204 4343 ἦ
1251 4273 1462 4343 πνεῦμα
1507 4274 1845 4342 σωματικόν”

284 4358 425 4410 κατὰ.
453 4358 509 4410 δὲ
544 4359 707 4427 ἡμᾶς,
763 4360 855 4411 καὶ
893 4361 988 4430 τὴν
1025 4361 1244 4433 λογικὴν
1281 4361 1453 4432 ψυχὴν
1487 4363 1848 4433 πειρωμένους

282 4448 660 4503 ἀποδεικνύναι
695 4450 985 4519 ,κρείττονα
1032 4454 1208 4521 πάσης
1263 4456 1576 4524 σωματικῆς
1616 4455 1846 4522 φύσεως,

282 4536 381 4591 καὶ
411 4537 594 4589 οὐσίαν
627 4537 852 4607 ἀόρατον
883 4539 974 4590 καὶ
1003 4539 1305 4608 ἀσώματον,
1340 4542 1439 4594 οὐκ
1474 4541 1539 4596 ἂν
1573 4542 1729 4612 σῶμα
1759 4543 1843 4613 εἴτ,

279 4628 316 4680 ὁ
355 4625 485 4692 Θεὸς
541 4630 729 4698 Λόγος,
762 4628 826 4681 δι’
867 4622 927 4681 οῦ
978 4629 1046 4683 τὰ
1077 4631 1249 4684 πάντα
1281 4633 1512 4700 ἐγένετο,
1544 4635 1572 4685 6
1612 4633 1846 4702 φθάνων,

285 4713 375 4773 ῐνα
429 4719 603 4773 πάντα
631 4719 717 4773 διὰ
748 4719 906 4788 λόγου
962 4719 1224 4791 γένηται,
1266 4723 1364 4792 οὐχ
1408 4722 1511 4784 ἓως
1552 4723 1849 4792 ἀνθρώπων

1953 3554 2083 3592 nens
2108 3539 2156 3591 id
2184 3540 2322 3607 quod
2362 3548 2417 3593 ct
2445 3540 2612 3607 ipsum
2642 3554 2837 3607 corpus
2877 3550 2957 3595 est
2991 3559 3005 3607 ;
3038 3542 3130 3596 sed
3165 3550 3218 3596 ut
3263 3551 3498 3612 potestas

1951 3630 2126 3680 divina
2153 3643 2274 3695 quu‘
2303 3630 2678 3697 complectilur
2709 3631 2966 3698 quidquid
2996 3632 3107 3700 ipsa
3150 3633 3498 3701 comprehen-

1949 3715 2308 3788 ditur.lgitur
2329 3721 2374 3772 si
2402 3720 2532 3775 lides
2558 3730 2638 3774 est
2668 3721 2884 3782 Stoicis,
2915 3721 3004 3790 qni
3031 3723 3294 3792 principia
3312 3723 3500 3777 dicunt

1950 3823 2069 3863 esse
2099 3825 2358 3881 corporea
2390 3821 2447 3866 et
2475 3823 2758 3880 propterea
2793 3814 3120 3882 corruptioni
3163 3814 3499 3871 omnia'sub-

1945 3897 2150 3966 jacere,
2191 3901 2390 3969 quique
2419 3916 2486 3972 ne
2521 3917 2791 3956 summum
2834 3903 3046 3971 quidem
3093 3906 3260 3961 Demn
3305 3907 3374 3963 ab
3411 3907 3498 3962 illa

1951 3990 2298 4060 corruptione
2325 3992 2647 4057 eximerent,
2679 3993 2780 4047 nisi
2812 3993 2918 4048 illis
2951 3995 3089 4050 istud
3125 3997 3283 4052 nimis
3311 3998 3496 4052 absur—

1951 4082 2076 4133 dum
2106 4095 2225 4134 esse
2249 4081 2544 4148 videretur,
2578 4083 2749 4150 ipsum
2785 4082 2874 4135 Dei
2907 4082 3140 4136 Verbum
3169 4086 3309 4153 quod
3335 4101 3500 4154 usque

1951 4173 2015 4223 ad
2043 4170 2287 4229 homines
2315 4181 2368 4223 et
2388 4171 2453 4223 ad
2480 4184 2572 4225 res
2605 4173 2855 4227 minimas
2877 4175 3172 4236 descendit,
3204 4174 3335 4228 nihil
3358 4175 3500 4229 aliud

1950 4269 2213 4329 estquam
2243 4274 2535 4328 corporeus
2569 4263 2814 4330 spiritus.
2856 4265 2927 4318 At
2955 4279 3020 4318 ex
3053 4264 3230 4329 nobis,
3276 4267 3366 4334 qui
3410 4267 3503 4340 de-

1951 4360 2254 4403 monstrare
2272 4363 2536 4402 conamur
2560 4351 2792 4403 animam
2822 4351 3031 4406 ratione
3053 4355 3330 4420 prazditam
3353 4359 3497 4410 omni

1952 4451 2157 4494 natura:
2190 4453 2464 4509 corporeae
2501 4439 2820 4495 anteceUerc
2851 4451 2906 4496 et
2934 4445 3290 4498 substantiam
3321 4445 3500 4501 invisi-

1951 4531 2111 4584 bilem
2157 4544 2281 4586 esse
2322 4538 2483 4598 atque
2528 4530 2945 4600 incorporalem,
2982 4534 3201 4588 multum
3246 4535 3395 4590 abest
3443 4547 3500 4590 ut

1949 4637 2144 4690 corpus
2174 4623 2244 4674 sit
2275 4619 2415 4677 Deus
2442 4619 2696 4690 Verbum,
2735 4637 2832 4691 per
2859 4639 3015 4693 quem
3053 4625 3191 4679 facta
3240 4635 3363 4681 sunt
3385 4643 3500 4682 om-
3577 4681 3580 4684 .

1952 4715 2061 4776 nia,
2094 4714 2316 4781 quique,
2348 4723 2404 4764 ut
2429 4715 2606 4766 omnia
2654 4700 2861 4769 ratione
2905 4719 3114 4780 tierent,
3144 4733 3377 4786 praesens
3409 4723 3501 4774 ad-

287 4808 463 4878 μόνων
488 4808 584 4878 (2),
618 4808 749 4862 ἀλλὰ
781 4811 874 4863 καὶ
919 4808 1024 4862 τῶν
1057 4809 1348 4878 ἐλαχίστων
1381 4805 1518 4862 εἶναι
1565 4811 1846 4880 νομιζομέ-

1955 4803 2055 4856 fuit
2087 4820 2190 4858 non
2221 4802 2527 4860 hominibus
2557 4813 2788 4869 tantum,
2845 4808 2935 4859 sed
2970 4817 3024 4859 et
3062 4809 3221 4862 rebus
3252 4825 3371 4878 qua:
3403 4827 3501 4879 pro

283 4915 391 4950 νων
421 4899 512 4951 καὶ
536 4900 639 4951 ὑπὸ
671 4899 879 4968 φύσεως
909 4897 1302 4970 διοικουμένων.
1340 4900 1522 4953 Πάντα
1558 4901 1654 4970 μὲν
1685 4896 1776 4952 οὖν
1796 4908 1847 4958 οἱ

283 4988 393 5041 ἀπὸ
409 4989 504 5059 τῆς
533 4991 697 5054 Στοᾶς
717 4991 792 5061 (5)
822 4990 1254 5063 ἐκπυρούτωσαν·
1289 4992 1445 5061 ἡμεῖς
1466 4990 1519 5043 δὲ
1558 4989 1844 5059 ἀσώματον

281 5078 468 5130 οὐσίαν
498 5080 596 5134 οὐκ
628 5084 781 5152 ίσμεν
810 5082 1238 5152 ὲκπυρουμὲνην,
1266 5083 1374 5134 οὐδ’
1406 5084 1484 5144 εἰς
1510 5082 1614 5151 πῦρ
1637 5080 1848 5134 ἀναλύοι

288 5170 456 5240 μένην
478 5173 574 5245 τὴν
603 5173 885 5245 ἀνθρώπου
913 5174 1086 5245 ψυχὴν
1109 5216 1122 5240 ,
1158 5174 1189 5244 ἢ
1230 5175 1326 5244 τὴν
1369 5173 1632 5243 ἀγγέλων,
1666 5175 1699 5244 ἦ
1727 5174 1850 5244 θρό-

358 5285 406 5318 "
434 5284 475 5338 Il
504 5288 627 5359 cor,
654 5304 742 5350 tu,-
765 5289 819 5352 5,
845 5291 898 5345 6.
1002 5290 1048 5322 ⁸³
1079 5288 1231 5345 Joan.
1259 5305 1333 5353 ιν,
1365 5289 1456 5344 24.

285 5357 417 5411 Cor.
443 5371 521 5418 ιιι,
550 5357 749 5424 16,17,
784 5361 870 5414 15.
963 5360 1008 5392 ⁵³
1041 5359 1056 5412 l
1088 5359 1211 5414 Cor.
1241 5374 1300 5424 ιι,
1330 5359 1415 5412 14.

503 5472 751 5548 Vulgata,
782 5479 1212 5548 προσκυνήσετε.

383 5541 473 5615 95)
522 5541 839 5615 Ἆγᾴλογοιὲ
861 5549 930 5599 ἐν
954 5541 1259 5615 πνεύματι.
1292 5544 1436 5614 Lego
1479 5558 1602 5598 cum
1650 5544 1846 5600 Guicto

290 5621 348 5668 ct
371 5607 657 5686 Bellerello
688 5607 947 5686 Ξνάλογον
979 5617 1057 5685 τῷ
1085 5607 1141 5669 ἐν
1171 5607 1460 5686 πνεύματι.

385 5681 474 5756 Dii)
505 5681 660 5756 ξίεεἸ
690 5681 1254 5756 Πατρί.[.ἰί›ὑ.ιιιιιθιι
1286 5681 1450 5749 editi,
1474 5684 1772 5756 ίΠνεύματι.

388 5749 481 5878 97)
502 5749 821 5828 Συνὰπςειξ
854 5753 1030 5842 ρίιιηθι
1058 5755 1302 5820 Guictus,
1335 5755 1566 5826 συνᾴδει.

388 5821 459 5878 98
509 5823 792 5876 Στωϊκῶν.
834 5819 962 5878 \tde
998 5823 1090 5878 lib.
1140 5841 1198 5878 ιιι
1232 5868 1246 5878 .
1281 5841 1430 5878 ιιιιιιι.
1475 5825 1566 5878 7ι;

291 5889 444 5950 eum.
463 5889 536 5950 Ἠ
562 5898 618 5947 et
645 5889 732 5946 68.

1561 5291 1605 5320 “
1636 5282 1804 5344 Joanf
1837 5305 1908 5355 Iv,
1933 5290 2024 5343 2|.

509 5819 792 5895 ξτωῖίιεῦν.
834 5819 962 5880 Vide
998 5823 1090 5881 lib.
1140 5841 1198 5880 ιιι
1232 5868 1246 5895 ,
1281 5819 1576 5894 ιιιιιιι.’7αι;
1637 5825 1727 5880 lib.
1771 5839 1844 5890 Iv,
1884 5869 1890 5874 .

1959 4897 2192 4949 minimis
2214 4896 2478 4950 habentur
2499 4905 2551 4950 et
2566 4911 2594 4948 a
2616 4903 2806 4949 natura
2825 4896 3285 4952 administrantur.
3303 4899 3501 4966 Quam-

1954 4991 2139 5045 obrem
2167 4991 2345 5043 omnia
2372 4990 2493 5058 igne
2531 4986 2894 5042 consumenda
2925 5001 3045 5043 esse
3091 4991 3255 5045 velint
3286 4990 3451 5048 Stoici
3482 5011 3500 5057 ς

1957 5095 2055 5134 nos
2075 5095 2202 5134 vero
2225 5096 2328 5133 non
2354 5080 2623 5134 credimus
2649 5079 2772 5147 igne
2813 5079 3200 5134 absumendam
3229 5096 3350 5136 esse
3374 5083 3502 5140 sub-

1958 5172 2210 5226 stantiam
2239 5170 2654 5240 incorporalem,
2695 5183 2865 5238 neque
2895 5169 2946 5222 in
2981 5170 3156 5239 ignem
3190 5172 3498 5230 solvendam

2128 5289 2173 5320 "
2206 5287 2333 5343 ibid.
2359 5288 2451 5342 24.
2547 5286 2593 5318 ⁸⁸
2637 5285 2790 5340 Joan.
2823 5299 2858 5350 I,
2893 5283 2974 5336 l7.
3090 5285 3132 5317 "
3162 5286 3285 5342 ibid.
3373 5289 3418 5322 ⁸⁸
3459 5286 3499 5344 ιι

2020 5469 2134 5546 (99)
2169 5472 2338 5546 (ἔρσα.
2373 5471 2524 5546 ἷξες..
2537 5468 2950 5546 ct_Basjlcep_si_s
2973 5471 3107 5546 ,__5_~:s
3133 5469 3224 5522 καὶ
3255 5468 3431 5546 σῶμα.

2018 5537 2094 5613 (1)
2119 5537 2271 5607 ’Τοὺς
2301 5541 2417 5596 ἀπὸ
2453 5537 2562 5605 τῆς
2593 5537 2800 5603 Στοᾶς.
2831 5539 2962 5592 Vide
2996 5541 3086 5592 lib.
3128 5557 3176 5603 ι,
3212 5537 3356 5592 num.
3396 5537 3496 5607 εἰς

1973 5612 2046 5662 ib.
2082 5629 2167 5662 ιιι.
2205 5626 2351 5662 num.
2382 5609 2470 5662 74.
2508 5620 2562 5660 et
2598 5609 2785 5662 lib.tv.
2812 5623 2960 5662 num.
2995 5609 3059 5661 M
3084 5618 3136 5662 et
3163 5608 3252 5661 68.

1948 5612 2046 5668 lib.
2082 5629 2167 5673 ιιι,
2205 5626 2351 5665 num.
2382 5612 2470 5673 74,
2508 5620 2562 5660 et
2598 5612 2785 5673 lib.tv,
2812 5623 2960 5662 num.
2995 5612 3059 5661 l4
3084 5618 3136 5662 et
3163 5612 3252 5661 68.

1948 5751 1984 5757 _
2019 5681 2097 5757 (2)
2125 5681 2290 5757 αρσια.
2325 5678 2456 5746 Reg.
2481 5686 2536 5757 et
2555 5676 2746 5757 Blasil.,
2779 5677 2954 5757 μόνον.
2975 5676 3146 5757 ‘Panlo
3171 5685 3302 5757 posts
3315 5676 3498 5732 mallet

1948 5743 2290 5815 Bohérellus,
2349 5743 2717 5817 νομιζομένων
2761 5743 2866 5799 τῶν
2898 5746 2999 5798 ὑπὸ
3030 5745 3239 5813 φύσεως
3275 5745 3501 5801 διοικουιι

1953 5820 2187 5961 Nigri”
2219 5883 2466 5960 (it-Teir";
2493 5885 2696 5954 Στοᾶς.
2733 5884 2868 5944 Vide
2893 5885 2986 5941 lib.
3029 5900 3077 5951 ν,
3113 5898 3260 5939 num.
3293 5883 3383 5941 ΞΟ.
