4094 6322
620 421 758 481 N07

2059 421 2381 490 ORIGENIS

3707 414 3845 471 ιιοε

614 552 736 598 esse
762 540 1052 598 humanam
1079 540 1341 608 animam,
1367 548 1459 597 aut
1481 539 1821 612 angelorum,
1854 539 2164 598 dominatio

2284 555 2408 604 νων,
2431 536 2464 610 ἢ
2490 536 2844 608 κυριοτήτων,
2861 534 2900 616 ,ἢ
2923 510 3125 606 ἀρχῶν,
3151 535 3186 606 ἢ
3219 533 3473 600 ἐξουσιῶν
3522 533 3839 588 ὑπόστασιν.

616 643 774 697 num,
809 631 1230 702 principatuum,
1265 641 1595 703 potestatum
1625 641 1896 688 naturam.
1965 708 1971 713 ο

683 721 848 794 687
872 724 960 782 72.
990 723 1170 790 Quare
1199 722 1360 780 Celso
1403 724 1667 780 nescienti
1696 738 1818 794 quae
1863 733 1992 780 sunt
2025 723 2181 794 spiri-

615 819 704 868 tus
740 814 854 881 Dei,
880 815 1078 871 frustra
1116 815 1261 872 dicta
1291 825 1414 872 sunt
1443 817 1558 873 ltrec
1585 834 1600 870 :
1641 832 1662 868 ι
1693 816 1956 882 Quoniam
1989 814 2180 871 Filius

613 903 668 959 ln
693 906 927 978 ltumano
951 918 1113 962 natus
1145 923 1373 980 corpore
1394 908 1620 979 spiritus
1641 920 1723 964 est
1756 925 1787 962 a
1825 907 1933 964 Deo
1956 909 2176 972 missus,

615 1010 711 1050 nec
764 998 879 1065 ipse
937 997 1033 1053 Dei
1095 1000 1266 1055 Filius
1324 999 1649 1055 immortalis
1715 1015 1836 1055 esse
1893 1003 2111 1070 poterit.
2152 1021 2171 1054 ι

611 1086 818 1144 Deinde
869 1106 1059 1146 rursus
1103 1108 1259 1146 suum
1306 1092 1421 1161 ipse
1472 1107 1777 1146 sermonem
1816 1095 2173 1158 confundens,

608 1179 761 1246 quasi
789 1195 820 1235 e
851 1184 1048 1237 nostris
1080 1184 1300 1252 quidam
1336 1192 1519 1238 essent
1563 1186 1655 1253 qui
1697 1202 1801 1242 non
1841 1188 2030 1255 Deum,
2079 1189 2174 1243 sed

606 1269 802 1325 Filium
841 1273 958 1340 ejus
989 1273 1239 1343 spiritum
1281 1289 1400 1329 esse
1433 1277 1839 1345 proﬁterentur,
1867 1281 1953 1341 piis
1981 1295 2174 1334 occur-

607 1373 729 1414 rere
760 1363 860 1416 sibi
889 1363 1123 1428 videtur,
1153 1366 1403 1431 dicendo,
1440 1383 1460 1419 ι
1502 1367 1701 1421 nullam
1747 1369 1974 1438 spiritus
2017 1382 2172 1424 natu-

607 1462 722 1503 ram
746 1465 866 1505 esse
889 1451 1187 1520 ltujusmodi
1220 1470 1337 1526 quze
1361 1471 1573 1525 semper
1599 1470 1930 1526 permaneat.
1972 1481 1989 1512 ι
2021 1444 2170 1528 Quod

605 1538 746 1593 idem
774 1551 855 1597 est
878 1557 940 1598 ac
978 1545 1024 1600 si
1063 1548 1220 1608 nobis
1264 1549 1433 1602 Deum
1481 1550 1799 1605 vocantibus
1829 1552 2008 1622 ignem
2042 1559 2171 1612 cori-

605 1639 929 1698 sumentem,
990 1635 1251 1704 objieeret
1299 1639 1507 1694 nullam
1560 1643 1704 1712 ignis
1756 1655 2006 1702 naturam
2049 1664 2170 1704 esse

601 1712 860 1788 ejusmodi
905 1740 1024 1794 quae
1082 1737 1396 1795 permaneat
1442 1745 1696 1799 semper;
1755 1751 1861 1792 non
1918 1739 2166 1793 animad-

601 1818 820 1866 verteris
869 1827 967 1868 nec
999 1830 1105 1883 quo
1142 1831 1301 1871 sensu
1338 1817 1504 1873 Deum
1551 1831 1796 1878 nostrum
1836 1827 2164 1894 appellemus

603 1898 802 1968 ignem,
841 1917 941 1958 nec
979 1919 1222 1972 quasnam
1273 1907 1385 1962 sint
1425 1925 1511 1964 res
1556 1913 1661 1968 illae
1694 1930 1831 1983 quas
1874 1920 2168 1984 consnm‘t,

601 1990 856 2046 nimirum
893 2005 1114 2064 peccata
1143 2005 1197 2051 et
1229 1999 1440 2053 vitium.
1480 2001 1686 2074 Bonum
1717 2007 1858 2060 enim
1886 2007 2050 2063 Deum
2073 2009 2170 2064 de-
2200 2024 2203 2028 ‘

597 2089 690 2136 eet
722 2093 1002 2154 postquam
1047 2090 1376 2146 athletarum
1419 2095 1652 2164 quisque
1687 2100 1949 2154 certando
1987 2103 2168 2170 qualis

562 2219 565 2223 .
599 2172 671 2229 sit
693 2175 1046 2232 manifestum
1077 2177 1287 2246 fecerit,
1323 2184 1450 2238 vitia
1475 2199 1761 2254 poenarum
1811 2189 1936 2259 igne
1971 2205 2170 2244 consu-

598 2278 769 2320 mere.
812 2265 1019 2325 Rursus
1061 2273 1253 2340 arripit
1299 2275 1404 2329 sibi
1452 2278 1594 2343 quod
1646 2279 1870 2333 minimc
1914 2281 2166 2345 dit-imus,

599 2372 794 2429 nempe
850 2381 870 2412 ι
901 2366 1268 2420 necessarium
1325 2364 1528 2432 fuisse,
1573 2376 1634 2422 ut
1680 2367 1838 2442 Jesus
1887 2373 2167 2430 moriendo

599 2448 766 2505 Deum
807 2451 1054 2520 elllaret;
1109 2456 1248 2510 unde
1287 2470 1633 2525 consequens
1683 2470 1765 2515 est
1816 2460 2004 2517 Jcsum
2062 2477 2165 2517 non

595 2541 838 2610 potuisse
868 2557 989 2596 eum
1013 2559 1239 2614 corpore
1273 2554 1581 2614 resurgere.
1622 2545 1808 2618 Neque
1847 2549 1992 2604 enim
2025 2549 2168 2606 Deus

599 2632 890 2701 recepisset
912 2649 1074 2702 quem
1111 2636 1332 2691 dederat
1354 2639 1626 2707 spiritum,
1651 2640 1695 2693 si
1735 2641 1779 2695 is
1815 2651 2013 2697 natura
2045 2657 2165 2696 cor-

597 2723 744 2794 poris
783 2727 1181 2784 contaminatus
1217 2728 1429 2784 fuisset.
1468 2750 1486 2782 ι
1541 2732 1620 2786 Ad
1671 2733 1786 2787 [nec
1835 2733 1999 2802 igitur
2042 2747 2164 2788 cum

598 2825 781 2874 nostra
808 2832 914 2872 non
943 2820 1070 2888 sint,
1109 2822 1329 2878 stultum
1374 2811 1518 2882 esset
1563 2827 1726 2896 quasi
1748 2826 1813 2881 ad
1858 2836 2042 2883 nostra
2076 2841 2162 2883 re-

596 2908 883 2976 spondere.
1400 2926 1403 2929 '

669 2999 756 3056 75.
788 3001 1031 3061 Ροειιιτεο
1059 3006 1245 3062 eadem
1273 3007 1476 3064 iterans
1507 3009 1648 3064 redit
1671 3009 1739 3066 ad
1760 3017 1938 3065 ortum
1966 3009 2061 3064 Dei
2096 3025 2164 3066 ex

599 3090 821 3163 Virgine
850 3089 902 3150 in
936 3111 1096 3165 quem
1133 3098 1243 3165 jam
1287 3113 1453 3168 supra
1477 3101 1644 3154 multa
1691 3102 1950 3157 disseruit
1989 3103 2162 3159 dicte-

2353 719 2548 790 Διόπερ
2596 719 2788 790 Ιμάτην
2847 719 3089 774 λέλεκται
3143 717 3248 790 et}?
3277 717 3488 788 Κέλσῳ,
3525 718 3602 781 ῶς
3651 718 3727 789 μὴ
3759 719 3844 772 εἰ-
3897 735 3907 742 ’

2277 809 2397 863 δὸτι
2436 794 2526 863 τὰγ
2551 810 2642 863 τοῦ
2693 811 3003 880 Πνεῦματος
3033 810 3126 864 τοῦ
3170 807 3326 874 Θεοῦ,
3373 811 3475 870 ὅτι,
3513 829 3533 862 ι
3583 810 3842 883 Ἐπείπερ
3875 801 3912 850 ’ἓ

2279 898 2494 970 πνεῦμά
2520 901 2800 953 ἐστιν’ἀπδ
2830 900 2922 954 τοῦ
2957 901 3088 954 Θεοῦ
3109 903 3137 954 ὁ
3160 900 3285 963 Υἱὸς
3319 901 3374 953 ὲν
3405 899 3728 971 ἀνθρωπίνῳ
3748 917 3844 970 γε.

2278 994 2448 1065 γονὼς
2503 995 2732 1068 σώματι,
2794 997 2911 1049 οὐδ’·
2953 997 3019 1050 ἃν
3069 996 3227 1060 αὐτὸς
3260 998 3344 1068 εἴη
3390 995 3650 1060 ἀθάνατος
3675 1000 3705 1050 ὁ
3743 997 3839 1052 τοῦ

2219 1129 2249 1148 η
2275 1087 2407 1140 Θεοῦ
2454 1089 2599 1152 Υἱός.
2637 1110 2655 1140 ι
2692 1083 2822 1142 Εἶτα
2851 1089 3012 1143 πάλιν
3040 1088 3215 1160 ἑαυτῷ
3245 1088 3402 1160 φόρει
3433 1089 3522 1142 τὸν
3540 1089 3718 1164 λόγον,
3761 1087 3842 1153 ὥς

2273 1197 2434 1234 τινων
2461 1181 2552 1251 ἀφ’
2575 1182 2732 1254 ἡμῶν
2760 1184 2855 1254 οὐχ
2879 1182 3324 1254 ὁμολογησάντων
3345 1182 3420 1252 (4)
3449 1181 3665 1251 πνεῦμα
3700 1177 3840 1234 εἶναι

2272 1273 2363 1326 τὸν
2405 1274 2556 1340 Θεὸν,
2583 1274 2715 1329 ἀλλὰ
2748 1275 2839 1328 τὸν
2889 1275 3015 1328 Υἰὺν
3060 1275 3242 1339 αὑτοῦ,
3273 1275 3366 1328 καὶ
3395 1275 3565 1327 οίεται
3591 1273 3841 1342 ἀπαντᾷν

2271 1362 2464 1431 λέγων,
2491 1364 2572 1416 ὅτι
2606 1383 2624 1414 ι
2661 1350 2897 1434 Οὐδεμία
2917 1366 3136 1433 τοιαύτη
3175 1362 3333 1431 φύσις
3359 1362 3474 1414 ἐστὶ
3506 1360 3840 1431 πνεύματος,

2271 1452 2400 1505 ὥστ’
2431 1454 2516 1506 ἀεὶ
2541 1454 2831 1523 διαμένειν⁶
2869 1474 2886 1505 ι
2927 1455 3060 1508 ὡσεὶ
3100 1456 3212 1520 καὶ,
3241 1453 3507 1522 λεγόντων
3538 1454 3720 1524 ἡμῶν,
3758 1455 3878 1506 ὅτι.

2270 1548 2299 1598 ὁ
2325 1545 2455 1609 Θεὸς
2501 1545 2611 1616 πῦρ
2656 1548 2770 1613 ἐστι
2820 1529 3228 1612 καταναλίσκον,
3280 1545 3460 1614 ἔλεγεν
3502 1546 3586 1597 ὅτι
3614 1543 3840 1613 οὐδεμία

2267 1635 2491 1705 τοιαύτη
2538 1620 2652 1689 ἐστὶ
2685 1621 2861 1704 φύσιξ
2892 1635 3081 1711 πυρὸς,
3112 1635 3237 1688 ὥστ’
3266 1636 3352 1688 ἀεὶ
3394 1635 3690 1705 διαμένειν’
3742 1635 3841 1705 οὐχ

2268 1725 2409 1797 ὁρῶν
2430 1725 2546 1790 πῶς
2571 1727 2798 1797 λέγομεν
2831 1723 2965 1780 εἶναι
2999 1725 3109 1797 πῦρ
3143 1726 3236 1779 τὸν
3268 1725 3398 1780 Θεὸν
3429 1726 3608 1797 ἡμῶν,
3644 1725 3844 1780 καὶτί-

2268 1835 2372 1872 νων
2400 1819 2750 1883 ἀναλωτικδν,
2779 1821 2863 1874 ὅτι
2891 1818 3298 1892 ἁμαρτημάτων
3341 1819 3434 1872 καὶ
3479 1819 3578 1888 τῆς
3617 1820 3836 1882 κακίας.

2271 1909 2478 1979 Πρέπει
2517 1908 2625 1980 γὰρ
2651 1909 2768 1980 Θεῴ
2800 1909 3023 1981 ἀγαθῷ,·
3047 1910 3183 1981 μετὰ
3232 1909 3293 1962 τὸ
3333 1909 3562 1964 ἕκαστον
3610 1912 3839 1980 φανῆναι

2271 2001 2693 2073 ἀγωνισάμενον,
2750 2005 2929 2067 ὁποῖος
2984 2004 3203 2072 γέγονεν
3253 2003 3582 2074 ἀγωνιστὴς,
3631 2003 3843 2056 ἀναλῶ-

2273 2108 2361 2143 σαι
2391 2091 2466 2161 (5)
2509 2092 2586 2163 τῷ
2613 2093 2745 2164 πυρὶ
2775 2093 2882 2147 τῶν
2909 2093 3177 2165 κολάσεων
3204 2094 3301 2163 τὴν
3322 2093 3538 2146 κακίαν.
3566 2089 3700 2146 Εἶτα
3731 2095 3841 2146 πά-

2269 2181 2354 2235 λιν
2391 2183 2568 2254 ἐαυτῷ
2605 2183 2665 2236 τὺ
2703 2183 2776 2254 μὴ
2802 2183 3087 2254 λεγόμενον
3121 2185 3209 2252 ὑφ’
3247 2183 3402 2253 ἡμῶν
3441 2184 3726 2255 λαμυάνει,
3756 2186 3840 2239 ὃτι

2275 2286 2295 2319 ι
2343 2269 2658 2337 Ἀναγκαῖόν
2685 2273 2799 2324 ἐστι
2828 2271 2887 2324 τὸ
2935 2272 3397 2326 ἀναπεττνευκέναι
3432 2274 3522 2326 τὸν
3549 2274 3701 2326 Θεὸν·
3745 2275 3840 2326 καὶ

2267 2357 2441 2429 τούτῳ
2488 2359 2776 2414 ἀκόλουθον
2831 2362 2891 2415 τὸ
2942 2362 3016 2436 μὴ
3068 2362 3321 2416 δύνασθαι
3355 2364 3652 2435 ἀναστῆναι
3701 2365 3840 2435 μετὰ

2267 2449 2360 2502 τοῦ
2421 2448 2670 2520 σώματος
2721 2452 2810 2506 τὸν
2879 2453 3099 2526 Ἰησοῦν.
3157 2456 3267 2508 Οὐκ
3325 2454 3390 2508 ἂν
3442 2457 3552 2528 γὰρ
3616 2456 3809 2526 ἀπειλή

2269 2559 2356 2613 φει
2403 2541 2431 2594 ὃ
2461 2541 2658 2597 δέδωκε
2692 2543 2906 2615 πνεῦμα
2956 2549 2985 2600 ὁ
3018 2546 3151 2610 Θεὸς
3194 2548 3742 2620 καταμεμολυσμένον
3767 2552 3835 2621 τῇ

2267 2633 2360 2686 τοῦ
2414 2632 2664 2704 σώματος
2715 2635 2892 2705 φύσει.
2936 2657 2953 2690 t
3001 2638 3206 2710 Εὕηθες
3255 2635 3347 2694 οὖν
3397 2643 3646 2713 ἀπαντᾷν
3688 2645 3838 2714 ἡμεῖς

2267 2724 2403 2796 πρὸς
2453 2727 2581 2792 τοὺς
2627 2726 2850 2797 λόγους,
2903 2729 2978 2796 ὡς
3031 2733 3346 2804 ἡμετέρους,
3394 2733 3521 2800 τοὺς
3573 2734 3650 2808 μὴ
3700 2737 3837 2808 ἠμέν

2264 2814 2472 2886 τέρους.

2335 2993 2449 3052 Εἶθ’
2493 2999 2620 3072 ἑξῆς
2668 3003 3024 3075 ταυτολογῶν,
3081 3007 3218 3077 μετὰ
3261 3008 3321 3060 τὸ
3376 3009 3548 3062 πολλά
3609 3011 3668 3063 ἐν
3722 3015 3836 3075 τοῖς

2265 3089 2519 3163 ἀνωτέρω
2545 3095 2734 3159 εἰπεῖν,
2761 3097 2855 3148 καὶ
2890 3098 3145 3167 χλευάσαι
3177 3099 3275 3170 τὴν
3304 3101 3367 3177 ὲκ
3400 3101 3675 3174 Παρθένου
3709 3105 3834 3185 γέν.

599 3183 788 3254 riaque
817 3185 954 3242 fudit
977 3204 1097 3274 quae
1125 3205 1225 3260 pro
1254 3192 1462 3247 viribus
1491 3194 1871 3250 refutavimus.
1915 3213 1933 3246 ι
1974 3195 2031 3250 Si
2065 3211 2163 3250 vo—

2266 3197 2420 3252 νησιν
2440 3181 2534 3236 τοῦ
2567 3181 2722 3250 Θεοῦ,
2755 3185 2890 3256 πρὸς
2920 3187 2987 3258 ἦν
3015 3186 3156 3241 κατὰ
3177 3188 3236 3241 τὸ
3261 3189 3483 3251 δυνατὸν
3501 3193 3632 3262 ἡμῖν
3654 3181 3832 3264 ἀπην-

597 3273 768 3343 lebat,
818 3268 1026 3345 inquit,
1061 3295 1127 3335 ex
1181 3282 1364 3352 seipse
1415 3284 1669 3353 spiritum
1716 3287 1986 3354 emittere,
2037 3289 2161 3357 quid

596 3379 736 3436 Opus
776 3368 877 3423 fuit
924 3378 983 3424 ut
1029 3371 1175 3426 illurn
1223 3374 1278 3427 in
1327 3373 1543 3430 feminae
1585 3387 1798 3432 uterum
1829 3379 2162 3448 inspiraret?

595 3454 715 3512 lam
748 3459 891 3512 enim
935 3458 1184 3515 homines
1225 3459 1542 3517 eﬂ'orntandi
1595 3467 1824 3532 peritus,
1866 3471 2042 3536 potuit
2072 3470 2158 3524 isti

597 3552 1008 3606 accommodare
1037 3565 1255 3622 corpus,
1283 3569 1388 3607 non
1414 3568 1550 3608 vero
1597 3559 1876 3625 pr0prium
1909 3561 2160 3628 spiritum

597 3644 824 3714 injicere
853 3646 906 3700 in
941 3654 1141 3705 tantam
1172 3647 1414 3701 sordium
1439 3649 1734 3702 sentinam.
1769 3648 1824 3703 Si
1853 3653 1932 3706 sic
1952 3670 1981 3706 e
2005 3668 2161 3721 supe-

597 3739 674 3793 ris
725 3741 968 3810 proxime
1012 3741 1401 3804 descendisset,
1447 3740 1590 3795 nulla
1637 3741 1830 3798 fuisset
1868 3744 2160 3800 increduli-

598 3839 699 3886 tas.
737 3849 756 3882 ι
789 3831 856 3887 Ει
884 3833 997 3888 ltzec
1032 3834 1183 3900 dixit,
1211 3836 1333 3902 quia
1359 3835 1590 3890 nescivit
1617 3849 1780 3903 quam
1808 3851 1974 3905 purus
1993 3843 2052 3891 'et
2076 3839 2160 3908 in;

600 3923 892 3976 taminatus
943 3921 1104 3978 fuerit
1151 3939 1180 3977 e
1228 3924 1445 3993 Virgine
1502 3938 1658 3978 ortus
1723 3927 1964 3992 corporis
2019 3929 2160 3996 quod

596 4009 756 4064 saluti
801 4013 1072 4066 hominum
1110 4014 1501 4067 iuserviturum
1539 4025 1676 4069 erat.
1723 4015 1881 4069 Putat
1916 4017 2029 4081 ille,
2069 4019 2158 4085 qui

599 4099 814 4158 Stoicos
852 4119 1130 4160 sermones
1163 4105 1336 4159 fundit
1363 4115 1418 4160 et
1450 4115 1626 4160 tamen
1671 4121 1858 4163 eorum
1888 4109 1954 4163 de
2001 4109 2161 4164 indif-

596 4190 899 4247 ferentibus
949 4194 1112 4249 rebus
1167 4195 1469 4250 doctrinam
1515 4198 1768 4268 ignorare
1814 4214 1872 4255 se
1916 4198 2156 4268 simulat,

595 4284 833 4339 divinam
876 4293 1127 4338 naturam
1170 4287 1222 4340 in
1261 4289 1448 4342 sordes
1489 4289 1635 4356 injici
1673 4299 1728 4344 et
1776 4292 2154 4354 contaminari,

596 4377 710 4431 sive
733 4377 785 4430 in
826 4376 1042 4430 femina:
1086 4392 1316 4448 corpore
1349 4390 1568 4435 maneat
1600 4383 1771 4437 donec
1816 4383 1914 4452 ipsi
1963 4398 2158 4453 corpus

595 4465 882 4532 formetur,
909 4467 1025 4525 sive
1066 4483 1259 4538 corpus
1296 4479 1536 4524 assumat
1570 4484 1586 4525 :
1621 4473 1762 4539 quod
1811 4472 2038 4540 perinde
2075 4482 2158 4529 est

2264 3272 2528 3345 τήσαμεν,
2573 3275 2752 3346 φησίν·
2791 3296 2809 3329 ι
2849 3279 2909 3330 Εἰ
2944 3279 3266 3349 δἠὲῦούλετο
3306 3280 3520 3352 πνεῦμα
3552 3283 3612 3349 ἐξ
3639 3284 3833 3338 ἑαυτοῦ

2264 3363 2634 3434 καταπέμψαι,
2656 3367 2708 3418 τί
2739 3368 2908 3421 ἐδεῖτο
2931 3371 3011 3433 εἰς
3023 3372 3278 3439 γυναικὸς
3303 3374 3544 3445 γαστέρα
3568 3378 3832 3448 ὲμπνεῖν;

2277 3453 2525 3509 Ἐδύνατο
2569 3457 2677 3529 γὰρ
2707 3459 2817 3554 ἓὴδη
2865 3455 3123 3516 πλάσσειν
3166 3463 3484 3534 ἀνθρώπους
3515 3467 3688 3533 aiet‘ug,
3740 3453 3835 3524 καὶ

2249 3544 2432 3617 τούτῳ
2459 3544 2786 3619 περιπλάσαι
2819 3551 2996 3623 σῶμα,
3027 3555 3119 3608 καὶ
3151 3557 3223 3626 μὴ
3255 3557 3315 3608 τὸ
3348 3557 3475 3609 ἴδιον
3503 3560 3717 3630 πνεῦμα
3751 3562 3833 3624 εἰς

2261 3637 2510 3690 τοσοῦτον
2545 3640 2756 3710 μίασμα
2794 3643 3063 3712 ἐμϐαλεῖν·
3092 3643 3262 3708 οὕτως
3293 3648 3440 3715 μέντ’
3469 3648 3534 3702 ἂν
3561 3652 3667 3702 οὐδ’
3697 3654 3831 3721 ἠπι-

2264 3729 2456 3794 στεῖτο,
2495 3730 2542 3780 εί
2570 3730 2773 3784 ἄνωθεν
2802 3734 2960 3796 εὐθὺς
2993 3734 3249 3804 έσπαρτο.
3293 3755 3310 3785 t
3348 3737 3455 3789 Καὶ
3480 3739 3630 3791 ταῦτ’
3654 3736 3830 3804 εἶπεν,

2260 3817 2382 3871 ἐπεὶ
2420 3820 2493 3888 μὴ
2529 3817 2632 3873 οἶδε
2663 3823 2735 3890 (6)
2759 3822 2855 3892 τὴν
2892 3824 3135 3894 καθαρὰν
3157 3827 3250 3877 καὶ
3273 3827 3606 3899 παρθενικὴν
3638 3831 3836 3903 γέννη-

2264 3926 2346 3962 σιν
2375 3911 2466 3962 καὶ
2497 3911 2601 3963 ἀπὸ
2647 3913 2917 3983 μηδεμιᾶς
2962 3915 3167 3985 φθορᾶς
3193 3915 3284 3968 τοῦ
3315 3916 3599 3987 μέλλοντος
3628 3923 3834 3994 ὑπηρε-

2259 4000 2527 4070 τήσασθαι
2553 4005 2617 4073 τῇ
2651 4003 2948 4073 ἀνθρώπιον
2983 4008 3221 4076 σωτηρίᾳ
3266 4006 3533 4080 σώματος.
3583 4030 3602 4062 ι
3648 4013 3833 4078 Οῖεται

2260 4092 2316 4146 δὲ
2348 4093 2376 4144 ὁ
2399 4093 2489 4145 τὸν
2515 4095 2746 4147 Στωϊκὸν
2776 4096 2850 4164 (7)
2878 4097 3032 4166 λόγον
3056 4099 3418 4169 ἐκτιθέμενος,
3455 4104 3544 4156 καὶ
3575 4104 3648 4175 μὴ
3673 4122 3836 4176 προσο

2260 4184 2576 4255 ποιούμενος
2600 4185 2666 4237 τὰ
2701 4188 2825 4258 περὶ
2851 4189 3151 4260 ἀδιαῳόρων
3175 4192 3564 4262 μεμαθηκέναι,
3602 4198 3681 4258 εἰς
3705 4199 3833 4267 μία-

2262 4292 2372 4345 σμα
2423 4276 2788 4348 ἐμϐεϐλῆσθαι
2832 4279 2928 4351 τὴν
2977 4281 3123 4336 θείαν
3168 4284 3348 4352 φύσιν,
3403 4286 3497 4340 καὶ
3534 4272 3832 4359 μεμιάσθαι

2258 4366 2366 4420 εἴτε
2398 4367 2692 4439 γενομένην
2719 4372 2777 4424 ἐν
2808 4375 3061 4442 γυναικὸς
3095 4375 3322 4447 σώματι,
3359 4378 3462 4443 ’έως
3487 4381 3829 4452 περιπλασθῇ

2259 4459 2394 4530 αὐτῇ
2429 4460 2488 4512 τὸ
2523 4461 2700 4532 σῶμα,
2735 4464 2844 4516 εἴτε
2881 4465 3036 4537 σῶμα
3056 4467 3424 4540 ἁνειληφυῖαν·
3450 4471 3832 4542 παραπλήσιόν

593 4573 661 4614 ac
687 4558 818 4613 illud
842 4560 984 4628 quod
1027 4560 1267 4615 nonnulli
1287 4561 1625 4628 existimant,
1675 4563 1806 4617 solis
1829 4564 2009 4618 radios
2038 4564 2154 4633 pol-

2266 4565 2312 4600 τι
2337 4549 2501 4602 ποιῶν
2526 4554 2640 4614 τοῖς
2652 4554 2914 4623 οἰομένοις
2933 4557 3028 4619 τὰς
3047 4557 3221 4625 αὐγὰς
3242 4558 3334 4612 τοῦ
3355 4558 3503 4630 ἡλίου
3523 4560 3831 4630 μιαίνεσθαι

593 4648 690 4715 lui,
707 4664 828 4705 cum
848 4649 902 4704 in
920 4665 1134 4706 caenum
1155 4662 1250 4707 aut
1274 4653 1612 4709 maleolcntia
1633 4669 1857 4726 corpora
1886 4653 2150 4721 incidunt,

594 4754 694 4795 nec
722 4741 794 4795 ibi
823 4756 987 4811 puros
1014 4758 1254 4799 manere.
1286 4744 1392 4800 Sed
1420 4747 1669 4814 quamvis
1696 4761 1894 4816 corpus
1924 4745 2073 4810 Jesu,
2099 4757 2158 4801 nt

594 4830 778 4886 Celsus
824 4832 1020 4888 factum
1075 4833 1244 4890 fuisse
1277 4835 1455 4901 vellet,
1507 4835 1798 4891 formatum
1855 4838 1977 4893 sine
2034 4849 2154 4891 ortu

596 4921 811 4990 fuisset,
840 4939 944 4977 non
975 4927 1228 4981 continu'o
1272 4926 1402 4982 illud
1445 4928 1535 4995 qui
1581 4930 1865 4994 vidissent,
1893 4931 2155 4983 credidis-

595 5023 719 5069 sent
741 5028 844 5067 non
878 5012 1061 5076 natum
1097 5018 1284 5074 fuisse.
1319 5019 1429 5073 Nec
1455 5019 1598 5074 enim
1644 5020 1698 5073 id
1733 5019 1878 5086 quod
1919 5019 2156 5081 videtur,

598 5104 834 5162 declarat
877 5101 1123 5162 naturam
1173 5125 1203 5164 a
1244 5125 1349 5179 qua
1384 5122 1562 5166 ortum
1613 5120 1715 5164 est.
1767 5110 1873 5164 Fac
1926 5108 2159 5175 exempli

597 5205 758 5248 causa
785 5192 885 5245 mel
912 5210 1032 5250 esse
1058 5201 1198 5265 quod
1229 5209 1404 5253 ortum
1450 5215 1555 5253 non
1602 5199 1763 5252 fuerit
1809 5199 1878 5251 ab
1926 5198 2156 5266 apibus;

599 5283 725 5335 licet
753 5281 880 5336 illud
917 5295 1004 5336 aut
1041 5299 1222 5357 gustes
1256 5299 1348 5343 aut
1390 5291 1598 5354 videas,
1632 5306 1736 5343 non
1791 5289 1974 5342 statim
2021 5287 2161 5341 scies

604 5371 729 5433 illud
752 5389 855 5429 non
879 5375 1041 5431 fuisse
1067 5381 1131 5435 ab
1156 5376 1738 5450 apibas'constructum
1768 5399 1783 5434 :
1810 5393 1867 5434 ut
1893 5381 1997 5438 hoc
2019 5377 2161 5448 quod

670 5555 748 5633 (ξ)
777 5553 1113 5633 [imminentis
1139 5557 1391 5633 ill_ic_xlll,
1428 5562 1868 5633 ὁμολογησάντων

671 5626 751 5693 (5)
798 5626 1140 5680 Ἁναλῶσαι.
1177 5626 1306 5680 Vide
1334 5629 1425 5684 lib.
1463 5626 1534 5693 iv,
1569 5626 1720 5687 nunt.
1749 5635 1833 5686 l3.

679 5697 755 5766 (ti)
790 5696 973 5757 Codex
1002 5696 1219 5766 Regius,
1251 5693 1380 5751 οἶδε.
1414 5700 1573 5756 Libb.
1605 5704 1759 5766 editi,
1793 5697 1919 5756 εἶδε.

704 5765 758 5831 7)
787 5769 1067 5821 Στωϊκόν.
1095 5765 1223 5820 Vide
1255 5768 1348 5820 lib.
1385 5785 1457 5831 tv,
1485 5786 1630 5822 num.
1659 5774 1724 5824 le
1748 5765 1816 5826 et
1845 5772 1930 5825 68.

704 5769 733 5818 7
787 5769 1067 5821 Στωϊκόν.
1095 5769 1223 5820 Yidc
1255 5769 1348 5820 lib.
1385 5785 1457 5831 tv,
1485 5786 1630 5822 num.
1659 5774 1724 5824 le
1762 5783 1816 5826 et
1845 5772 1930 5825 68.

673 5769 758 5906 ίδί
777 5837 971 5906 Εὐθὺς
997 5835 1086 5896 ἂν
1103 5840 1177 5905 cl,
1201 5846 1305 5892 etc.
1339 5837 1695 5894 Scribendunt
1717 5841 1923 5896 videtur
1948 5840 2162 5906 Guicto,

2259 4642 2316 4694 ἐν
2346 4645 2458 4706 τοῖς
2501 4644 2778 4716 βορϐόροις
2805 4648 2897 4700 καὶ
2934 4651 3044 4712 τοῖς
3075 4648 3332 4703 δυσώδεσι
3362 4650 3595 4720 σώμασι,
3629 4653 3723 4704 καὶ
3757 4651 3830 4720 μὴ

2262 4735 2442 4804 μένειν
2495 4738 2654 4790 κάκεῖ
2695 4738 2959 4809 καθαράς.
2996 4741 3103 4808 Καὶ
3141 4743 3187 4815 εί
3217 4741 3356 4794 κατὰ
3385 4741 3483 4810 τὴν
3516 4741 3726 4816 Κέλσου
3771 4741 3828 4792 δὲ

2259 4826 2512 4880 ὑπόθεσιν
2537 4829 2703 4900 χωρὶς
2721 4831 3021 4898 γεννήσεως
3042 4831 3440 4901 περιεπλάσατο
3461 4830 3523 4882 τὸ
3559 4830 3719 4898 σῶμα
3752 4832 3830 4901 τῷ

2270 4916 2465 4987 Ἰησοῦ,
2498 4917 2656 4979 εὐθὺς
2685 4918 2750 4972 ἂν
2768 4920 2815 4971 οἱ
2845 4919 2917 4989 (8)
2945 4920 3227 4989 βλέποντες
3249 4921 3308 4972 τὸ
3337 4921 3491 4989 σῶμα
3521 4921 3826 4982 ἐπίστευον,

2258 5015 2340 5065 ὅτι
2374 5015 2470 5067 οὐκ
2504 5015 2610 5068 ἀπ’)
2642 5014 2945 5085 γεννήσεως
2979 5009 3065 5084 ἦν·
3101 5011 3220 5065 οὐδὲ
3254 5012 3360 5082 γὰρ
3402 5011 3462 5064 τὸ
3496 5011 3826 5083 βλεπόμενον

2262 5107 2590 5173 ἀπαγγέλλει
2619 5107 2693 5177 (9)
2728 5107 2820 5160 καὶ
2855 5107 2952 5177 τὴν
2978 5106 3155 5173 φύσιν,
3185 5103 3304 5156 ὅθεν
3337 5105 3671 5173 γεγέννηται.
3700 5104 3827 5162 Οίον

2261 5200 2311 5250 εἰ
2340 5197 2458 5250 καθ’
2494 5197 2746 5255 ὑπόθεσιν
2780 5197 2899 5266 μέλι
2930 5193 2998 5266 ἦν
3023 5214 3076 5248 τι
3107 5195 3182 5267 μὴ
3200 5196 3305 5248 ἀπὸ
3328 5195 3616 5266 μελισσῶν,
3643 5199 3828 5252 οὐκᾶν

2261 5287 2419 5340 τοῦτό
2451 5305 2532 5350 τις
2551 5288 2886 5358 ἀπήγγελλεν
2915 5287 3019 5340 ἀπὸ
3045 5288 3142 5358 τῆς
3171 5288 3406 5356 γεύσεως
3433 5288 3465 5359 ἢ
3499 5288 3597 5360 τῆς
3627 5285 3824 5360 ὅψεως,

2263 5378 2341 5430 ὅτι
2367 5376 2439 5446 μὴ
2468 5377 2574 5430 ἀπὸ
2602 5377 2866 5446 μελισσῶν
2896 5378 3060 5431 ἐστιν·
3087 5377 3161 5441 ὡς
3183 5379 3303 5434 οὐδὲ
3329 5381 3387 5433 τὸ
3416 5380 3524 5434 ἀπὸ
3552 5383 3826 5452 μελισσῶν

2263 5561 2362 5614 οὐκ
2393 5557 2553 5633 εὐθὺς
2578 5558 2644 5612 ἂν
2666 5557 2739 5620 oi,
2773 5565 2900 5633 etc.‘
2927 5559 3098 5633 _Certe
3149 5559 3410 5633 particula
3438 5560 3686 5632 negativa
3719 5560 3822 5616 οῦκ

2265 5631 2488 5685 omnino
2519 5629 2819 5683 necessaria
2852 5629 3084 5685 videtur.

2336 5693 2599 5779 (9)_h[ss.,
2656 5698 3001 5779 ἀπαγγέλλει.
3049 5700 3202 5756 Libb.
3254 5701 3414 5779 editi,
3473 5698 3821 5779 ἐπαγγέλλει,

2422 5767 2562 5824 infra
2597 5783 2701 5824 non
2738 5769 2902 5825 sentel
2928 5769 3147 5843 legatur
3187 5773 3372 5835 ectletn
3412 5785 3576 5828 sensu
3640 5767 3823 5840 ἀπῖιγ-

2267 5859 2298 5892 Ὺ
2353 5880 2362 5892 .
2397 5857 2464 5892 ει.
3037 5874 3044 5881 ·

2267 5841 2464 5912 γέλλει.
2928 5841 2933 5843 “
3006 5841 3044 5881 ί-
