4094 6322
284 394 504 491 ιιοε)’

1467 430 1741 490 CONTRA
1774 428 2053 491 CELSUM
2092 431 2223 489 LIB.
2266 431 2357 489 Vl.

3386 437 3519 495 ull)
3578 394 3584 400 ε

281 504 523 584 δείκνυσι
546 530 610 598 τῇ
645 527 887 600 αἰσθήσει
910 528 1007 601 τὴν
1042 525 1234 599 ἀρχὴν,
1256 522 1368 579 ἀλλ’
1399 526 1432 596 ἡ
1459 528 1622 597 πείρα
1650 523 1848 579 δείκνυ-

1959 525 2027 580 ab
2047 524 2239 594 apibus
2259 522 2567 578 confectum
2597 532 2702 590 est,
2733 538 2820 579 ser
2867 525 2915 580 -.i
2943 524 3112 596 688
3146 524 3518 583 indicatsuam

282 638 390 685 σιν,
421 622 500 674 ὅτι
526 620 669 673 τοῦτ’
694 621 800 675 ἀπὸ
826 618 1092 691 μελισσῶν
1109 620 1272 672 εστιν.
1307 617 1460 670 Οὑτω
1487 616 1543 670 δὲ
1559 616 1652 669 καὶ
1676 618 1710 688 ἡ
1733 607 1849 670 πεῖ-

284 729 357 783 ρα
382 712 639 779 διδάσκει,
673 713 755 765 ὅτι
783 713 1027 784 ἀμπέλου
1055 715 1084 765 ὁ
1108 707 1266 773 οἶνος*
1301 710 1360 762 οὑ
1389 709 1495 779 γὰρ
1528 707 1785 779 ἀναφέρει
1816 708 1849 777 ἡ

281 802 471 874 γεῦσις
496 804 558 856 τὸ
584 804 691 857 ἀπὸ
719 803 982 874 ἀμπέλου.
1029 803 1131 855 Τὸν
1160 800 1319 854 αὑτὸν
1352 800 1546 871 τρόπον
1576 797 1752 863 τοίνυν
1791 797 1852 850 τὸ

280 895 537 964 αἰσθητὸν
577 895 735 965 σῶμα
763 895 862 947 οὑκ
890 891 1215 961 ἀπαγγέλλει
1244 890 1334 943 τὸν
1363 890 1562 961 τρόπον
1592 889 1689 959 τῆς
1722 887 1853 939 ὑπο-

282 989 526 1051 στάσεως
544 980 724 1056 αὑτοῦ.
748 984 1105 1057 Προσαχθήσῃ
1126 982 1180 1036 δὲ
1203 980 1279 1051 τῷ
1308 980 1581 1051 λεγομένῳ
1609 979 1715 1033 ἀπὸ
1745 978 1851 1032 τῶν

280 1083 343 1134 ὲν
368 1081 633 1150 οὐρανοῖς,
657 1072 731 1133 ὧν
748 1080 846 1150 τῆς
871 1078 1216 1139 ὑποστάσεως
1238 1077 1331 1129 καὶ
1352 1077 1451 1146 τῆς
1477 1075 1853 1147 λαμπρότητος

278 1169 599 1241 αἱσθόμεθα,
636 1168 921 1238 βλέποντες
966 1169 1121 1222 αὑτά’
1159 1167 1273 1219 ἀλλ’
1307 1156 1367 1219 οὑ
1403 1166 1574 1236 δήπου
1603 1167 1636 1236 ἠ
1665 1165 1853 1236 αἴσθη-

282 1278 369 1324 σις
395 1261 523 1331 ἡμῖν
553 1258 862 1323 ὑποϐάλλει,
889 1257 1333 1331 πότερονγενητά
1357 1257 1389 1327 ἦ
1416 1257 1653 1329 άγένητά
1684 1259 1847 1310 ἐστιν·

280 1354 524 1423 αἱρέσεις
568 1350 698 1421 γοῦν
745 1350 997 1422 καὶπερὶ
1039 1349 1240 1403 τούτων
1289 1351 1637 1420 συνέστησαν.
1692 1347 1854 1402 Ἀλλὰ

279 1443 376 1495 καὶ
426 1445 474 1495 οἱ
506 1441 754 1510 λέγοντες
804 1440 944 1496 αὑτὰ
1006 1439 1231 1509 γενητὰ,
1265 1440 1362 1510 οὑχ
1393 1437 1677 1509 ὁμονοοῦσι
1726 1438 1853 1512 περὶ

277 1531 372 1584 τοῦ
437 1532 553 1595 πῶς
608 1535 723 1585 ἐστι
777 1531 1008 1603 γενητά·
1066 1529 1185 1583 οὑδὲ
1241 1529 1351 1601 γὰρ
1406 1529 1696 1583 ὑποϐάλλει
1757 1531 1854 1582 καὶ

277 1624 531 1696 αἴσθησις
568 1618 768 1687 αὑτῶν,
820 1624 919 1678 κάν
967 1624 1287 1694 βιασάμενος
1314 1624 1342 1675 ὁ
1386 1622 1541 1691 λόγος
1586 1620 1743 1694 εὑρη,
1773 1622 1877 1675 ὃτι

276 1721 481 1791 γενητά
506 1721 641 1784 ἐστι,
671 1720 800 1790 περὶ
830 1716 921 1771 τοῦ
951 1717 1073 1771 τίνα
1104 1717 1299 1787 τρόπον
1330 1716 1641 1786 γεγένηται.

351 1806 464 1863 Εἶθ’
524 1810 651 1881 ὲξῆς
703 1808 1160 1879 ὲπαναλαμϐάνει,
1227 1806 1486 1868 πολλάκις
1536 1805 1635 1877 ἤδη
1684 1804 1852 1861 εἰπὼν

1950 616 2236 686 originem,
2262 615 2355 668 scd
2385 615 2721 683 experientia
2745 617 2902 673 dticcl
2925 617 3055 675 illud
3081 633 3203 674 esse
3226 634 3294 674 ex
3328 620 3521 690 apibus
3585 616 3592 622 ’
3675 650 3690 663 ο

1950 708 2257 763 oriundum.
2292 705 2384 761 Sic
2432 706 2597 760 etiam
2650 710 2990 778 experientia
3043 710 3300 764 docemur
3334 711 3521 765 vinum

1950 799 2080 853 oriri
2126 814 2192 853 ex
2245 799 2372 853 vile.
2407 796 2559 855 Ilanc
2601 794 2743 855 enim
2802 801 3066 871 originem
3109 816 3176 855 ex
3210 808 3367 872 gustu
3414 818 3521 857 non

1922 890 2230 946 discimus.
2264 889 2466 946 Eodem
2516 893 2682 959 igitur
2708 893 2885 947 modo
2923 892 3119 950 sensile
3171 907 3366 963 corpus
3411 908 3518 947 non
3562 964 3565 973 ι

1952 980 2195 1037 declarat
2226 983 2366 1035 unde
2415 983 2611 1039 haheat
2649 986 2790 1053 quod
2820 981 2927 1039 est.
2975 983 3029 1038 Id
3075 983 3429 1038 conﬁrmatur
3451 998 3516 1039 ex

1910 1132 1914 1137 ,
1952 1074 2268 1141 corporibus
2324 1076 2676 1140 coelesdbus,
2720 1090 2840 1145 quae
2885 1091 3007 1131 esse
3047 1086 3102 1129 et
3146 1076 3520 1145 splendescere

1953 1166 2233 1230 sentimus,
2258 1167 2392 1221 .dum
2419 1166 2507 1219 illa
2543 1166 2818 1220 intuemur
2844 1182 2859 1231 ;
2888 1166 2983 1220 sed
3013 1179 3203 1219 sensus
3223 1166 3310 1220 ille
3332 1176 3520 1221 notum

1954 1262 2110 1316 nobis
2140 1240 2249 1314 non
2274 1260 2400 1314 facit
2426 1259 2643 1331 factane
2666 1258 2775 1312 sint
2802 1274 3004 1312 annon.
3050 1258 3319 1324 Quocirca
3360 1258 3523 1313 variae

1952 1342 2170 1405 fuerunt
2221 1352 2322 1405 hac
2353 1352 2418 1405 de
2449 1365 2507 1405 re
2554 1352 2879 1406 sententiae:
2939 1360 2996 1405 et
3045 1352 3134 1420 qui
3173 1352 3386 1406 initiu’m
3432 1348 3522 1404 illa

1954 1440 2205 1498 habuisse
2230 1441 2443 1507 dicunt,
2490 1442 2763 1510 quomodo
2812 1442 3102 1497 habuerint
3150 1459 3254 1497 non
3292 1457 3523 1499 consen-

1958 1531 2115 1585 tiunt.
2157 1530 2348 1601 Neque
2381 1532 2526 1586 enim
2559 1546 2775 1600 sensus,
2828 1536 2993 1589 etiam
3044 1546 3324 1609 postquam
3382 1535 3523 1592 ratio

1955 1623 2125 1705 mulio
2147 1623 2350 1690 labore
2377 1625 2583 1680 invenit
2616 1641 2735 1682 esse
2761 1626 2929 1691 facta,
2966 1629 3120 1683 docet
3141 1627 3408 1696 quomodo
3431 1628 3519 1683 illa

1956 1715 2096 1769 facta
2122 1716 2250 1769 sint.
2904 1730 2909 1735 ‘

2026 1809 2113 1862 74.
2145 1808 2338 1864 Postea
2375 1807 2576 1877 repetit
2617 1824 2737 1879 quae
2779 1807 2892 1878 jam
2950 1824 3093 1879 smpe
3133 1812 3201 1865 de
3253 1812 3522 1866 sententia

274 1900 346 1961 τὰ
369 1902 493 1973 περὶ
523 1875 621 1971 τῆς
656 1900 878 1971 γνώμης
906 1875 1247 1970 Μαρκίωνος,
1273 1898 1366 1951 καὶ
1396 1896 1471 1967 πὴ
1514 1875 1848 1967 μένήὰληθῶς

1954 1898 2246 1957 Marcionis
2275 1901 2508 1965 dixerat,
2569 1901 2824 1972 illiusque
2862 1902 3057 1970 placita
3107 1904 3303 1970 partim
3347 1904 3522 1972 cujus-

272 1995 344 2047 τὰ
377 1996 695 2067 Μαρκίωνος
712 1992 1002 2058 ἐκτίθεται,
1040 1994 1113 2062 πὴ
1134 1992 1189 2045 δὲ
1218 1991 1484 2045 κάκείνων
1513 1990 1848 2061 παρήκουσε·

274 2084 414 2156 πρὸς
458 2085 525 2155 ἢν
568 2085 668 2137 οὑκ
698 2086 994 2152 ἀναγκαῖον
1026 2085 1171 2154 ἡμᾶς
1204 2081 1469 2151 ἀπαντᾷν,
1509 2080 1541 2150 ἢ
1576 2082 1669 2133 καὶ
1698 2080 1852 2147 ὲλέγ-

272 2192 409 2244 χειν.
439 2171 572 2227 Εἶτα
605 2175 763 2229 πάλιν
791 2173 964 2245 ἐαυτῷ
986 2172 1233 2243 ἐπιφέρει
1260 2171 1334 2223 τά
1356 2170 1495 2241 ὑπὲρ
1528 2170 1853 2240 Μαρκίωνος

273 2266 462 2319 καὶτὰ
487 2266 608 2319 κατ’
656 2266 843 2329 αὑτοῦ,
893 2266 1063 2334 λέγων
1086 2263 1206 2316 τίνα
1232 2264 1327 2334 μὲν
1369 2261 1695 2331 ἐκφεύγουσι
1742 2260 1852 2313 τῶν

177 2387 189 2399 ν
273 2346 656 2435 ἐγκλημάτων,
681 2362 791 2417 τίσι
810 2362 867 2415 δὲ
906 2359 1313 2432 περιπίπτουσιο
1344 2359 1438 2411 καὶ
1483 2357 1571 2412 ὅτε
1597 2357 1851 2427 βούλεται

273 2448 656 2523 συναγορεύειν
678 2450 756 2521 τῷ
777 2451 1036 2519 φάσκοντι
1057 2450 1231 2519 λόγῳ,
1254 2446 1731 2519 πεπροφητεῦσθμι
1756 2448 1853 2500 αὑ-

270 2541 386 2603 τὸν,
424 2542 511 2595 ἵνα
547 2544 898 2614 κατηγορήσῃ
933 2533 1253 2610 Μαρκίωνος
1277 2539 1369 2591 καὶ
1390 2538 1497 2590 τῶν
1525 2536 1618 2589 ἀπ’
1664 2535 1850 2600 αὑτοῦ,

274 2624 463 2700 σαφῶς
487 2649 670 2703 φησιν,
703 2634 807 2695 ὅτι,
842 2651 860 2683 ι
895 2630 1063 2683 Πόθεν
1089 2629 1534 2700 ἀποδειχθήσεται
1557 2628 1854 2709 ΘεοῦΠαῖς

269 2724 302 2775 ὁ
325 2723 545 2776 τοιαῦτα
568 2723 869 2787 κολασθεὶς,
897 2724 944 2774 εἰ
972 2721 1048 2790 μὴ
1074 2721 1202 2789 περὶ
1223 2717 1411 2772 τούτου
1442 2720 1795 2790 προείρηται;
1828 2737 1846 2769 ι

273 2810 408 2866 Εἶτα
435 2814 593 2867 πάλιν
624 2811 841 2878 -παίζει,
870 2812 981 2879 ,καὶ
1016 2810 1091 2873 ὡς
1116 2809 1233 2872 ἔθος
1273 2809 1422 2879 αὑτῷ
1447 2809 1719 2878 χλευάζει,
1759 2808 1852 2861 δύο

204 2906 208 2909 ’
271 2904 507 2972 εἰσάγων
528 2905 675 2967 υἱοὺς
700 2904 856 2966 θεῶν,
881 2902 972 2955 τοῦ
995 2900 1323 2972 δημιουργοῦ
1346 2899 1461 2961 ἕνα,
1484 2898 1576 2952 καὶ
1592 2898 1685 2951 τοῦ
1712 2897 1851 2952 κατά

269 2988 574 3059 Μαρκίωνα
598 2989 709 3061 (10)
752 2988 872 3042 θεοῦ
898 2990 1099 3059 ἕτερον’
1150 2989 1242 3040 καὶ
1267 2988 1652 3057 ἀναζωγραφεῖ
1674 2986 1851 3039 αὑτῶν

274 3079 610 3149 μονομαχίας
652 3080 699 3149 (l
716 3080 786 3147 1),
823 3080 993 3146 λέγων
1021 3077 1188 3141 αὑτὰς
1213 3073 1352 3131 εἶναι
1379 3066 1455 3141 ὡς
1475 3077 1582 3129 τῶν
1607 3078 1850 3148 ὀρτύγων

272 3169 368 3220 καὶ
390 3167 497 3221 τῶν
539 3169 789 3240 πατέρων
836 3169 1128 3240 θεομαχίας
1151 3167 1281 3241 (12)·
1307 3168 1339 3239 ἢ
1366 3166 1453 3221 διὰ
1478 3168 1654 3239 γῆρας
1676 3168 1850 3239 ἀχρή-

273 3278 437 3325 στους
484 3263 680 3325 αὐτοὺς
724 3262 905 3325 ὄντας,
942 3262 1036 3313 καὶ
1060 3259 1377 3331 ληροῦντας,
1420 3259 1583 3330 μηδὲν
1620 3260 1715 3330 μὲν
1752 3259 1847 3312 άλ-

271 3354 467 3425 λήλους
512 3352 831 3417 διατιθέναι,
877 3353 975 3423 ὲᾷν
1018 3352 1074 3405 δὲ
1119 3350 1244 3415 τοὺς
1293 3352 1490 3415 παῖδας
1556 3351 1844 3421 μάχεσθαι.

274 3446 451 3515 Ὅπερ
476 3444 587 3515 (15)
614 3439 704 3497 οῦν
727 3439 879 3497 εἶπεν
904 3446 961 3495 έν
984 3446 1094 3506 τοῖς
1120 3443 1395 3515 ἀνωτέρω,
1421 3442 1581 3496 τοῦτο
1603 3446 1848 3515 φήσομεν

265 3536 409 3607 πρὸς
454 3534 636 3587 αὑτόνο
695 3553 714 3585 ι
752 3533 879 3589 ποία
917 3534 1089 3604 γραῦς
1131 3518 1601 3588 καταϐαυκαλῶσα
1639 3534 1847 3588 παιδίον

268 3611 776 3695 οὑιᾶαἰδεσθήσεται
797 3624 1020 3677 τοιαῦτα
1047 3624 1253 3692 λέγειν,
1281 3643 1298 3675 ι
1326 3626 1483 3677 ὁποῖα
1506 3619 1658 3688 οὗτος
1684 3626 1741 3677 έν
1771 3625 1849 3695 τῷ

268 3716 699 3785 ὲπιγραφομένω
740 3714 956 3783 ἀληθεῖ
973 3716 1132 3784 λόγῳ
1149 3730 1168 3778 ;
1202 3714 1331 3767 Δέον
1351 3713 1459 3785 γὰρ
1487 3710 1650 3767 αὑτὸν
1679 3732 1849 3784 πραγ-

274 3804 520 3876 ματικῶς
544 3807 730 3876 στῆναι
756 3806 891 3875 πρὸς
910 3806 1032 3869 τοὺς
1058 3805 1261 3873 λόγους·
1280 3806 1308 3857 ὁ
1332 3804 1388 3857 δὲ
1405 3804 1569 3868 ἐάσας
1592 3805 1661 3858 τὰ
1681 3804 1848 3876 πράγ-
1884 3808 1889 3812 ’

275 3913 423 3967 ματα
455 3896 634 3961 παίζει
657 3898 749 3949 καὶ
767 3897 1084 3968 βωμολοχεῖ,
1113 3897 1354 3966 οἰόμενος
1396 3896 1594 3967 μίμους
1616 3896 1847 3967 γράφειν

269 3988 309 4057 ἦ
332 4004 453 4040 τινα
472 3986 793 4057 σκώμματα,
815 3989 910 4056 οὑχ
934 3987 1095 4059 ὁρῶν,
1122 3989 1203 4040 ὃτι
1223 3981 1501 4057 ἡτοιαύτη
1523 3986 1714 4057 ἀγωγὴ
1737 3985 1845 4039 τῶν

270 4079 446 4148 λόγων
472 4079 621 4150 παρά
642 4080 739 4150 τὴν
774 4079 1025 4150 πρόθεσιν
1049 4078 1146 4149 τὴν
1168 4078 1327 4131 αὑτοῦ
1353 4080 1491 4141 ἐστι,
1525 4077 1845 4147 βουλομένου

271 4170 669 4233 καταλιπόντας
704 4172 853 4240 ἡμᾶς
888 4170 1308 4239 Χριστιανισμὸν
1358 4168 1645 4238 προσέχειν
1680 4168 1843 4220 αὑτοῦ

268 4262 386 4322 τοῖς
410 4258 690 4329 δόγμασιν·
739 4261 917 4318 ἅτινα,
966 4260 1015 4309 εί
1064 4258 1162 4327 μὲν
1197 4258 1557 4326 ἐσεμνολόγει,
1585 4257 1721 4324 τάχα
1752 4274 1843 4307 πι-

271 4348 552 4419 θανώτερα
599 4346 686 4419 ἦν·
718 4350 839 4401 ἐπεὶ
881 4349 935 4400 δὲ
962 4348 1225 4417 χλευάζει,
1255 4348 1347 4399 καὶ
1383 4346 1585 4410 παίζει,
1620 4347 1712 4398 καὶ
1743 4346 1845 4415 βω-

274 4438 509 4507 μολοχεῖ,
536 4439 796 4508 φήσομεν,
818 4437 900 4488 ὅτι
932 4437 1131 4506 ἀπορίᾳ
1169 4436 1378 4504 σεμνῶν
1401 4436 1573 4502 λόγων
1613 4434 1696 4505 (οὑ
1736 4436 1843 4504 γὰρ

1954 1991 2099 2044 modi
2131 2005 2316 2057 revera
2353 2002 2481 2047 sunt
2507 2003 2796 2058 memorat,
2821 1992 3020 2063 partim
3058 2000 3115 2046 ut
3138 1994 3230 2064 qui
3258 1993 3343 2048 illa
3382 1996 3522 2050 male

1954 2083 2307 2137 intellexerit.
2333 2082 2440 2139 Sed
2472 2100 2535 2139 ea
2565 2093 2595 2138 a’
2628 2085 2785 2140 nobis
2817 2084 2985 2139 refelli
3010 2092 3174 2155 atque
3202 2087 3523 2155 reprehendi

1954 2173 2087 2227 nihil
2112 2188 2333 2228 necesse
2368 2184 2472 2229 est.
2520 2173 2658 2230 llinc
2696 2190 2887 2230 rursus
2914 2190 3012 2245 pro
3045 2184 3099 2229 et
3131 2184 3324 2231 contra
3376 2176 3522 2233 Mar-

1919 2282 1924 2288 '
1953 2263 2162 2317 cionem
2192 2264 2432 2330 disserit,
2452 2259 2546 2318 ‘ubi
2572 2266 2835 2334 quosdam
2861 2264 2975 2332 ejus
2993 2279 3207 2319 errores
3232 2279 3520 2330 excusans,

1952 2351 2211 2421 quosdam
2245 2355 2409 2408 etiam
2435 2355 2784 2415 condemnat.
2830 2354 2895 2407 Et
2923 2353 3138 2423 quando
3190 2354 3301 2407 vult
3342 2363 3524 2423 patro-
3590 2368 3593 2371 '

1953 2445 2130 2498 cinari
2179 2445 2307 2499 huic
2360 2454 2559 2501 nostra:
2606 2443 3093 2512 doetrina:,.lesum
3136 2445 3303 2499 fuisse
3331 2460 3361 2499 a
3401 2460 3523 2515 pro-

1944 2532 2131 2604 phetis
2174 2536 2619 2605 praenuntiatum,
2644 2544 2702 2589 ut
2734 2535 3060 2590 Marcionem
3091 2535 3316 2606 ejusque
3336 2549 3525 2606 sequa-
3576 2548 3583 2563 τ

1955 2642 2046 2681 ces
2083 2635 2319 2692 accuset,
2366 2628 2653 2689 manifeste
2704 2630 2778 2681 ait
2808 2641 2823 2681 :
2865 2646 2884 2679 ι
2917 2627 3196 2694 Quomodo
3235 2629 3324 2698 qui
3358 2630 3525 2683 tantis

1954 2718 2183 2772 allectus
2212 2728 2294 2772 est
2322 2720 2627 2787 suppliciis,
2681 2719 2851 2775 Filius
2890 2733 3010 2775 esse
3060 2721 3151 2774 Dei
3182 2720 3523 2774 demonstra-

1953 2812 2120 2869 retur,
2173 2807 2277 2861 nisi
2327 2804 2449 2861 hoc‘t
2475 2808 2714 2863 futurum
2738 2824 2859 2863 esse
2890 2809 3202 2879 praedictum
3240 2810 3468 2864 fuisset?
3498 2827 3519 2863 ι
3550 2806 3553 2809 λ

1951 2897 2162 2953 Deinde
2188 2899 2382 2954 ludens
2414 2888 2513 2967 pro
2542 2914 2645 2952 suo
2668 2914 2821 2953 more
2859 2909 2915 2953 et
2938 2898 3151 2968 jocans,
3208 2901 3339 2954 duos
3372 2900 3526 2956 induc

1950 2986 2025 3041 cit
2052 2988 2275 3042 deorum
2314 2978 2744 3131 filios,\alterum
2770 2974 3092 3053 conditoris,
3128 2988 3355 3042 alterum
3387 2988 3525 3043 Mar-

1950 3075 2191 3131 cionltiei
2233 3079 2317 3131 dei
2369 3078 2481 3131 filin
2508 3094 2563 3131 ιι.
2594 3078 2817 3131 Patrum
2874 3078 3053 3131 nratlia
3106 3079 3387 3131 describit.
3434 3080 3522 3131 illa

1950 3075 2191 3134 cionlt‘iei
2233 3079 2317 3133 dei
2369 3075 2563 3145 filinln.
2594 3078 2817 3134 Patrum
2874 3078 3053 3147 praelia
3106 3079 3387 3143 describit,
3434 3080 3522 3134 illa

1953 3186 2076 3225 cum
2104 3158 2308 3241 praéliis
2336 3170 2680 3224 coturnicum
2719 3169 3043 3233 conferens;
3076 3180 3131 3224 et
3173 3170 3318 3239 ipsos
3348 3172 3425 3224 ait
3451 3173 3526 3225 oh

1952 3273 2289 3318 senectutem
2315 3264 2519 3316 inertes
2546 3271 2601 3315 et
2622 3261 2921 3317 delirantes
2950 3262 3204 3316 desinere
3238 3261 3338 3316 sibi
3388 3264 3525 3318 invi-

1951 3369 2068 3409 cem
2094 3353 2333 3409 infensos
2364 3367 2507 3416 esse,
2539 3350 2785 3421 ﬁliosque
2816 3368 3055 3422 pugnare
3081 3354 3280 3407 sinere.
3305 3352 3387 3406 Ad
3410 3355 3524 3408 haec

1951 3448 2194 3501 dicemus
2246 3445 2298 3499 id
2348 3444 2660 3514 quod‘ipse
2717 3444 2968 3514 superius
3017 3444 3192 3499 dixit:
3230 3463 3249 3497 ι
3282 3445 3524 3516 Ecquam

1953 3537 2222 3594 aniculam
2246 3536 2510 3606 sopiendo
2548 3548 2717 3604 puero
2749 3524 2856 3589 non
2889 3535 3116 3604 puderet
3152 3537 3401 3592 occinere
3427 3552 3525 3591 nu-

1949 3614 2069 3696 gas,
2100 3649 2120 3681 ι
2148 3628 2337 3697 quales
2368 3627 2458 3681 ille
2494 3628 2546 3680 in
2574 3640 2760 3693 opere,
2803 3641 2964 3695 quem
3010 3644 3185 3681 verum
3231 3644 3520 3682 sermonem

1943 3715 2263 3784 inscripsit?
2283 3713 2419 3767 Nam
2445 3729 2571 3767 eum
2598 3714 2872 3768 decuisset
2896 3714 3037 3769 serio
3056 3715 3355 3785 disputare,
3390 3730 3522 3771 con-

1953 3816 2031 3859 tra
2071 3805 2178 3867 ille,
2208 3804 2425 3857 omissis
2464 3802 2648 3864 rebus,
2703 3810 2941 3870 nugatur
2991 3812 3046 3856 et
3096 3819 3342 3859 scurram
3404 3808 3515 3876 agit

1946 3898 2101 3984 quasi
2136 3895 2432 3951 comoedias
2461 3901 2557 3947 aut
2588 3902 2801 3963 satyras
2850 3895 3117 3949 scriberet
3146 3914 3160 3949 :
3193 3912 3298 3951 non
3332 3898 3519 3953 videns

1950 3986 2091 4039 hanc
2112 3985 2420 4053 disputandi
2452 3984 2721 4037 rationem
2757 3984 2993 4037 alienam
3018 3998 3139 4039 esse
3173 4000 3205 4039 a
3240 3989 3519 4057 proposito

1922 4072 2201 4151 .hominis,
2234 4088 2330 4127 nos
2353 4090 2380 4126 a
2413 4072 2725 4128 Christiana
2756 4074 3015 4145 religione
3038 4077 3105 4129 ad
3131 4092 3227 4131 sua
3262 4081 3516 4151 dogmata

1946 4165 2232 4217 traducere
2260 4164 2510 4220 volentis.
2545 4164 2602 4222 Si
2636 4165 2703 4221 de
2734 4166 2838 4221 illis
2873 4167 3111 4237 graviter
3134 4167 3326 4225 fuisset
3366 4172 3520 4227 locu-

1948 4264 2072 4319 tus,
2132 4250 2498 4322 probabiliora
2550 4258 2782 4313 fortasse
2840 4259 3184 4315 reddidisset.
3248 4262 3517 4328 Quoniam

1946 4362 2074 4400 vero
2113 4347 2319 4411 irridet,
2364 4347 2518 4414 ludit,
2571 4350 2877 4415 scurratur,
2919 4352 3163 4407 dicemus
3203 4355 3350 4408 illum
3384 4373 3516 4425 gra-

1947 4435 2088 4489 vium
2145 4438 2416 4492 rationum
2472 4442 2719 4510 penuria,
2752 4458 2885 4512 quas
2943 4459 3127 4497 revera
3184 4461 3283 4499 nec
3326 4446 3515 4503 habuit

268 4526 416 4599 εἶχεν
463 4529 679 4593 αὑτοὺς,
727 4528 847 4582 οὑδὲ
885 4526 1167 4597 ἠπίστατο)
1213 4528 1292 4590 εἰς
1326 4526 1592 4598 τοσαύτην
1617 4526 1840 4580 ἐνέπεσε

1949 4539 2047 4580 nec
2076 4528 2355 4596 cognovit,
2385 4528 2437 4581 Ξ.ι
2472 4539 2676 4583 tantam
2728 4532 3091 4601 nugae’itatem
3129 4534 3404 4592 incidisse.

270 4624 561 4696 φλυαρίαν.

351 4717 511 4788 Ἑξῆς
555 4716 765 4779 τούτοις
822 4715 988 4783 λέγει,
1036 4716 1136 4778 ὅτι,
1170 4732 1189 4763 ι
1239 4713 1455 4783 Ἐπειδὴ
1503 4712 1643 4765 θεῖον
1682 4712 1845 4765 Πνεῦ-

270 4827 350 4880 μα
374 4804 440 4879 ἦν
478 4811 535 4861 έν
564 4806 792 4878 σώματι,
817 4808 1027 4870 πάντως
1056 4823 1107 4857 τι
1144 4803 1534 4875 παραλλάττειν
1573 4801 1704 4854 αὑτὸ
1730 4800 1841 4870 (Μ)

263 4899 380 4954 τῶν
403 4900 603 4953 λοιπῶν
628 4899 797 4970 έχρῆν
850 4897 987 4951 κατὰ
1013 4894 1255 4968 μέγεθος,
1279 4894 1311 4963 ἦ
1349 4893 1561 4957 κάλλος,
1586 4892 1620 4963 ἢ
1648 4891 1837 4963 ἀλκὴν,

263 4993 303 5063 ἢ
332 4992 532 5062 φωνὴν,
565 4991 599 5061 ἢ
631 4989 981 5060 κατάπληξιν,
1017 4988 1049 5057 ἢ
1086 4984 1271 5040 πειθών
1304 4985 1579 5055 ἀμήχανον
1610 4984 1716 5054 γὰρ
1738 4984 1853 5053 ὅτῳ.

266 5081 413 5134 θεῖόν
432 5099 485 5135 τι
511 5082 671 5135 πλέον
716 5081 825 5135 τῶν
854 5081 963 5152 (l5)
1004 5079 1175 5134 ἀλλων
1203 5077 1432 5147 προσῆν,
1479 5076 1641 5147 μηδὲν
1677 5076 1835 5131 ἄλλου

261 5172 562 5242 διαφέρειν.
586 5173 754 5225 Τοῦτο
776 5172 830 5225 δὲ
846 5174 991 5227 οὐδὲν
1008 5171 1163 5226 ἄλλου
1185 5171 1443 5239 διέφερεν·
1474 5168 1585 5222 ἀλλ’
1608 5168 1682 5232 ὦς
1706 5185 1837 5237 φασι

270 5264 468 5337 μικρὸν
495 5266 589 5317 καὶ
607 5265 840 5329 δυσειδὲς
864 5267 957 5319 καὶ
976 5267 1164 5334 ἀγενὲς
1194 5261 1283 5336 ἦν.
1328 5282 1345 5315 ι
1373 5263 1619 5316 Φαίνεται
1643 5261 1707 5331 δὴ
1740 5260 1835 5313 καὶ

263 5354 567 5419 ὲντούτοις,
592 5356 696 5420 ὅτι,
743 5356 837 5409 ἐὰν
864 5358 960 5427 μὲν
985 5360 1305 5435 κατηγορεῖν
1344 5356 1471 5428 θέλῃ
1507 5352 1598 5407 τοῦ
1635 5350 1832 5424 Ἰησοῦ,

349 5509 454 5582 HO)
485 5494 991 5582 Μαρκίωναίνίἀο
1025 5511 1117 5566 lib.
1153 5526 1209 5582 v,
1244 5526 1388 5582 num_.
1416 5509 1504 5564 5L

508 5575 907 5663 Μονοιςαχζας.
938 5575 1818 5663 Alii.mallcnt_Osogtaxiug..ilor

264 5644 497 5710 Guietus
536 5644 951 5718 post'dp'e'dyiuv,
990 5648 1129 5703 delet
1158 5650 1247 5702 καὶ
1290 5658 1345 5705 οι
1398 5644 1820 5718 ιεξιίι”ὸρτύγων

263 5722 389 5791 τῶν
411 5720 679 5791 πατέρων.
701 5718 855 5786 Quod
882 5732 985 5791 non
1016 5718 1206 5791 probo.

346 5788 461 5859 (ﬂ)
491 5784 833 5859 Θέοιιίιχίας)
873 5785 984 5859 _Alii
1033 5785 1249 5859 mallent
1294 5786 1675 5859 pompaxta;._
1700 5784 1819 5859 II};

269 5850 377 5930 pro
395 5859 430 5930 ἢ
445 5850 541 5913 ’διὰ
572 5850 766 5927 inpie,
786 5850 981 5911 Cuicui
1001 5850 1344 5909 acribeuduiu
1368 5850 1595 5915 videtur,
1625 5852 1714 5912 οῦς
1732 5852 1820 5902 διὰ

1922 5710 2124 5768 ibidem
2151 5714 2378 5776 l’hiloc.,

2016 4708 2103 4763 75.
2157 4710 2443 4792 $ubjnngit
2488 4712 2645 4767 lucc:
2696 4730 2716 4764 ι
2752 4713 3017 4780 Quoniam
3072 4714 3285 4770 divinus
3348 4718 3517 4787 Spiri-

1947 4810 2035 4856 tus
2098 4813 2218 4856 crat
2264 4803 2319 4856 in
2364 4818 2615 4873 corpore,
2683 4806 2903 4859 omnino
2943 4806 3179 4873 Oportuit
3221 4806 3371 4862 illum
3415 4826 3513 4865 an-

1947 4891 2201 4945 tecellere
2250 4897 2466 4947 caeteris
2521 4903 2615 4949 aut
2670 4895 3077 4964 magnitudine,
3128 4906 3221 4950 aut
3271 4900 3512 4968 pulchri-

1943 4984 2148 5048 tudine,
2178 4993 2271 5038 aut
2305 4985 2531 5051 viribus,
2594 4994 2687 5039 aut
2743 5000 2893 5048 voce,
2953 4985 3122 5055 689
3164 4996 3259 5041 aut
3336 4996 3507 5066 maio-

1950 5083 2214 5142 state,aut
2250 5076 2579 5147 eloquentia.
2627 5076 2770 5131 Fieri
2820 5076 2963 5129 enim
3022 5092 3127 5130 non
3178 5089 3394 5148 potest,
3451 5095 3511 5139 ut

1945 5173 2000 5220 tn
2050 5183 2157 5237 quo
2213 5180 2297 5223 est
2344 5169 2558 5237 aliquid
2596 5169 2832 5223 divinum
2892 5172 3033 5235 quod
3094 5170 3184 5225 alii
3234 5188 3342 5229 non
3410 5176 3508 5231 ha~

1946 5259 2093 5321 bent,
2144 5259 2188 5312 is
2238 5259 2375 5314 nihil
2420 5260 2489 5314 ab
2538 5257 2647 5313 alio
2679 5257 2911 5313 differat.
2942 5259 3040 5316 llic
3064 5273 3243 5318 autem
3274 5266 3403 5321 nihil
3438 5271 3511 5325 ab

1944 5349 2051 5403 alio
2087 5350 2473 5421 discrepabat;
2508 5350 2639 5415 imo,
2688 5359 2747 5405 ut
2790 5350 2976 5422 aiunt“,
3030 5361 3237 5411 statura
3286 5358 3505 5427 exigua,

1924 5522 2193 5587 τηὲἰῖἕκ.
2333 5576 2355 5587 -
2521 5570 2639 5587 ....
2903 5574 2928 5587 -
3207 5579 3222 5587 -
3410 5539 3417 5541 “

1995 5570 2109 5658 erat
2134 5573 2296 5658 ,ιιξξη
2328 5576 2489 5658 επερ-
2510 5570 2685 5658 ,ιίιψπ
2708 5573 2864 5658 ειπερ
2900 5574 3035 5658 δῖε,
3064 5579 3340 5635 mendose.

1996 5614 2110 5712 lii”)
2134 5614 2873 5713 ιῖῖιῖἶῖιόζῖξξάῗῙῖὠξὲἰὶῑείἶ
2901 5614 3491 5713 ἱῗέιῖὲίἷὲἕέῖῗιτύν.

2414 5711 2448 5782 ἢ
2483 5709 2625 5782 κατὰ
2656 5712 2905 5781 μέγεθος,
2941 5715 2974 5782 ἢ
3005 5709 3147 5772 κατά
3178 5709 3389 5782 κάλλος.
3484 5709 3487 5710 ν
3582 5726 3585 5731 “

1996 5782 2105 5847 (15)
2135 5782 2367 5843 Philum,
2395 5776 2445 5845 ᾤ’
2471 5781 2532 5831 τὺ
2559 5776 2701 5833 θεῖόν
2734 5776 2892 5833 πλέον
2918 5776 2973 5835 τί
2997 5782 3123 5843 τῶν.
3161 5784 3282 5844 Mox
3303 5776 3495 5845 eadem

1925 5846 2153 5915 Philae"
2186 5848 2245 5902 τὸ
2274 5846 2332 5900 δέ
2361 5865 2422 5913 γε
2456 5847 2604 5903 οὐδὲν
2638 5848 2793 5904 ἀλλον
2821 5850 3081 5919 διέφερεν.
