4094 6322
698 423 839 488 ιιισ

2124 422 2441 481 ORICENIS

3790 426 3934 489 HIC

611 602 621 611 ,
692 544 1047 617 Splendidam,
1081 547 1399 617 stnpendam
1451 555 1610 616 atque
1636 545 2032 613 admirabilem,
2062 553 2120 600 ιιι
2140 556 2230 601 tre:

2356 505 2656 615 πληκτικὴν
2706 543 2799 598 κα)⁸
2842 540 3181 614 θαυμαστὴν,
3228 543 3305 607 ὡς
3359 542 3454 597 ἐπὶ
3503 541 3786 614 πρόσωπον
3832 561 3933 601 1t:-

695 636 919 707 apostoli
944 636 1036 704 qui
1066 652 1190 691 cum
1216 637 1346 693 Jesu
1368 638 1722 693 ascenderant
1740 648 1796 692 et
1824 646 1985 691 tantae
2012 635 2247 706 pulchri-

692 726 895 781 tudinis
919 727 1133 782 fuerant
1159 738 1513 796 spectatores,
1541 729 1595 783 in
1614 728 1809 783 faciem
1836 727 2161 797 procideriut
2178 727 2244 781 “.

692 815 889 873 Verum
920 819 1034 875 hmc
1062 829 1121 874 ut
1143 830 1198 874 et
1224 800 1556 969 caateraéqhze
1581 820 1646 875 de
1663 820 1790 876 Jesn
1811 828 2095 875 narrantur
2120 834 2246 889 pro-

692 912 832 969 diaia
868 927 965 969 oro
998 912 1269 969 {lamentis
1300 916 1407 969 hab
1445 914 1541 969 bit.
1577 923 1632 968 et
1676 913 1808 967 nihil
1840 929 1870 968 a
1919 913 2115 969 fabulis
2157 914 2245 969 di-

690 912 832 984 digia
868 927 965 983 pro
998 912 1269 983 figmentis
1300 912 1541 980 hablEbit,
1577 923 1632 968 et
1676 913 1808 967 nihil
1840 929 1870 968 a
1919 913 2115 970 fabulis
2157 914 2245 969 di-

689 1008 847 1057 versa
877 1018 996 1058 esse
1043 1005 1222 1061 dicet:
1255 1007 1397 1075 quod
1417 1005 1529 1074 jam
1565 1020 1726 1075 supra
1775 1004 1958 1061 multis
1986 1004 2246 1060 refutavi-

687 1090 828 1144 mus.
859 1089 978 1145 Jam
1006 1107 1137 1146 vero
1185 1094 1237 1147 in
1296 1096 1397 1148 hac
1428 1096 1673 1149 doctrina
1719 1096 1849 1165 quid
1880 1104 2247 1155 arcanumest

624 1216 629 1220 -
687 1196 793 1250 quo
814 1183 1068 1236 docemur
1101 1185 1279 1238 varias
1293 1185 1453 1256 691
1478 1183 1603 1240 Jesu
1636 1184 1837 1241 formas
1866 1185 2246 1256 intelligendas

687 1286 808 1325 esse
837 1275 903 1325 tle
926 1273 1093 1327 divini
1130 1275 1285 1329 Verbi
1316 1285 1529 1341 natura,
1558 1292 1679 1346 qua:
1712 1292 1818 1331 non
1867 1278 2055 1332 eadem
2088 1271 2243 1347 vulgo

685 1373 906 1430 apparet
934 1374 1093 1432 atque
1123 1364 1189 1419 iis
1218 1366 1308 1434 qui
1341 1368 1393 1421 in
1443 1377 1677 1422 montem
1715 1370 1990 1423 excelsum
2028 1386 2057 1423 a
2088 1371 2244 1424 nobis

681 1453 1003 1521 explicatum
1039 1456 1190 1523 sequi
1226 1457 1355 1512 illud
1385 1468 1626 1527 possunt.
1660 1459 1758 1527 Qui
1786 1461 1928 1515 enim
1952 1462 2127 1515 adhuc
2159 1462 2243 1515 in-

683 1543 767 1597 fra
795 1554 941 1607 sunt,
970 1546 1200 1607 necdum
1226 1549 1521 1604 ascendere
1550 1551 1746 1619 parati,
1785 1566 1914 1622 erga
1947 1553 2078 1607 istos
2106 1551 2239 1606 Ver-

681 1635 805 1689 bum
839 1636 1040 1690 nullum
1092 1640 1365 1704 decorem,
1420 1639 1622 1695 nullam
1675 1642 1836 1697 habet
1884 1643 2244 1713 pulchritudio

678 1740 835 1793 nem;
875 1742 997 1781 nam
1043 1744 1168 1798 erga
1197 1731 1461 1800 ejusmodi
1496 1733 1744 1789 homines
1772 1733 1943 1789 forma
1985 1734 2129 1790 illius
2158 1736 2243 1789 in-

678 1816 849 1885 gloria
881 1827 967 1871 est
993 1828 1049 1872 et
1096 1819 1320 1874 inferior
1353 1823 1723 1888 sermonibus,
1761 1825 1853 1893 qui
1886 1839 1954 1878 ex
2002 1825 2242 1879 homini-

2354 637 2466 686 σεῖν
2508 637 2633 698 τοὺς
2678 634 2874 698 θεατὰς
2918 633 3011 687 τού
3069 632 3384 704 τηλικούτου
3439 633 3683 697 κάλλους,
3736 650 3937 687 συναν-

2352 722 2603 786 ελθόντας
2657 724 2734 795 τῷ
2786 722 2960 794 Ἰησοῦ
3012 727 3162 793 τρεῖς
3228 723 3572 787 ἀποστόλους.
3626 724 3763 777 Ἀλλ’
3814 725 3935 796 ὲρεῑ

2351 812 2501 865 ταῦτ’
2528 809 2665 871 εἶναι
2723 813 3032 883 πλάσματα,
3067 811 3160 865 καὶ
3222 811 3406 883 μύθων
3454 812 3602 865 οὐδὲν
3645 811 3935 881 διαφέρονο

2351 921 2439 967 τα,
2492 905 2568 967 ὡς
2624 904 2717 957 καὶ
2771 904 2838 957 τὰ
2892 903 3054 957 λοιπά
3110 903 3220 956 τῶν
3276 903 3406 975 περὶ
3457 901 3631 975 Ἰησοῦ
3687 905 3936 974 παραδό-

2353 995 2476 1062 ξων·
2530 999 2621 1049 καὶ
2666 996 2802 1067 πρὸς
2845 993 2963 1050 τόδε
2997 996 3093 1067 μὲν
3129 990 3222 1049 οὖν
3272 993 3361 1047 διὰ
3405 995 3660 1061 πλειόνων
3705 998 3762 1049 ὲν
3815 999 3936 1059 τοῖς

2350 1086 2457 1159 πρὸ
2485 1080 2687 1142 τούτων
2734 1089 3205 1160 ἀπελογησάμεθα.
3256 1088 3408 1157 Ἔχει
3438 1087 3496 1140 δέ
3531 1106 3583 1140 τι
3612 1090 3709 1141 καὶ
3735 1106 3933 1158 μυατι-

2350 1182 2443 1236 κὸν
2471 1182 2580 1253 (27)
2594 1184 2621 1235 6
2636 1181 2810 1251 λόγος,
2832 1178 3187 1250 ἀπαγγέλλων
3201 1180 3298 1243 τάς
3321 1178 3417 1232 τοῦ
3441 1178 3616 1250 Ἰησοῦ
3635 1179 3933 1248 διαφόρους

2352 1271 2566 1342 μορφὰς
2604 1270 2716 1341 (28)
2755 1268 3120 1340 ἀναφέρεσθαι
3162 1269 3255 1321 ἐπὶ
3296 1268 3392 1339 τὴν
3434 1266 3530 1320 τοῦ
3575 1267 3719 1319 θείου
3750 1269 3932 1337 Λόγου

2350 1362 2529 1431 φύσιν,
2563 1363 2660 1432 οὐχ
2706 1362 2907 1432 ὁμοίως
2949 1361 3273 1431 φαινομένου
3319 1362 3431 1423 τοῖς
3477 1376 3535 1411 τε
3579 1359 3794 1422 πολλοῖς
3836 1358 3932 1411 καὶ

2347 1456 2458 1516 τοῖς
2510 1452 2817 1507 ἀκολουθεῖν
2864 1452 3011 1523 αὐτῷ
3049 1455 3128 1516 είς
3171 1450 3368 1521 ὑψηλὸν
3425 1450 3457 1511 6
3502 1448 3929 1519 ἀποδεδώκαμεν

2346 1543 2471 1616 ὅρος
2496 1543 2812 1615 δυναμένοις
2832 1561 2845 1573 ·
2877 1547 2990 1607 τοῖς
3021 1544 3120 1616 μὲν
3142 1538 3250 1616 γάρ
3278 1543 3358 1595 ἔτι
3388 1543 3537 1596 κάτω
3565 1541 3922 1610 τυγχάνουσι,

2349 1636 2441 1691 κα)⁸
2474 1636 2696 1707 μηδέπω
2722 1636 2814 1689 ἐπὶ
2846 1635 2908 1689 τὸ
2938 1632 3249 1689 ἀναϐαίνειν
3287 1633 3857 1706 παρεσκευασμένοις,
3898 1636 3929 1688 6

2346 1727 2517 1797 Λόγος
2547 1728 2645 1781 οὐκ
2671 1728 2782 1798 ἔχει
2810 1722 2968 1793 εἶδος,
2995 1727 3115 1780 οὐδὲ
3130 1726 3322 1789 καλλος
3340 1742 3354 1756 ·
3372 1724 3433 1777 τὸ
3452 1724 3561 1795 γὰρ
3591 1720 3735 1787 εἶδος
3759 1721 3927 1777 αὑτοῦ

2345 1822 2457 1882 τοῖς
2493 1819 2754 1883 τοιούτοις
2801 1818 2951 1871 ἐστὶν
2989 1818 3183 1888 ἄτιμον
3210 1817 3301 1870 καὶ
3330 1815 3580 1869 ἐκλεῖπον
3607 1814 3766 1885 παρά
3800 1814 3928 1878 τοὺς

677 1908 781 1962 bus
825 1908 1096 1973 oriuntur,
1126 1924 1361 1980 eamque
1404 1914 1475 1967 ob
1507 1927 1732 1967 causam
1778 1916 1830 1983 in
1866 1914 1970 1969 illis
2012 1915 2230 1985 ﬁgurate

2341 1912 2445 1966 ὑπὸ
2486 1910 2787 1983 ἀνθρώπων
2830 1910 3229 1982 γεγενημένους
3288 1908 3500 1977 λόγους,
3540 1906 3828 1979 τροπικῶς
3869 1919 3927 1961 εν

677 1998 781 2067 ﬁlii
813 2001 1081 2055 hominum
1114 2013 1397 2057 vocantur.
1428 2003 1495 2057 Et
1517 2005 1739 2073 quidem
1776 2006 1883 2060 dici
1914 2016 2093 2076 potest
2119 2006 2238 2075 phi-

676 2087 1023 2158 losoplmrum
1047 2106 1344 2156 sermones,
1374 2094 1465 2163 qui
1493 2093 1586 2148 ﬁlii
1610 2095 1889 2150 hominum
1909 2105 2052 2161 sunt,
2071 2096 2238 2151 multo

642 2181 1029 2248 ‘speciosiores
1051 2198 1173 2238 esse
1208 2198 1459 2239 sermone
1502 2186 1617 2251 Dei,
1644 2187 1759 2256 qui,
1791 2202 1916 2242 cum
1948 2187 2109 2256 vulgo
2134 2202 2233 2242 an-

673 2271 973 2338 nuntiatur,
1018 2292 1037 2324 ι
1081 2275 1364 2329 stultitiam
1401 2278 1809 2347 prtedicationis
1835 2279 1879 2310 ⁸⁷
1918 2297 1936 2331 ι
1969 2279 2231 2345 exhibet,

669 2370 725 2417 et
757 2363 960 2418 idcirco
991 2363 1169 2419 locum
1199 2362 1398 2435 ιιι-ατί)θί
1434 2368 1574 2421 hanc
1606 2385 1625 2419 ι
1659 2368 1941 2422 stultitiam
1974 2370 2234 2438 praedica-

672 2459 838 2514 tionis
878 2478 896 2510 ι
952 2461 1127 2514 solam
1187 2463 1560 2530 spectantibus
1609 2462 1823 2517 dicendi
1866 2479 1879 2515 :
1926 2480 1944 2513 ι
1996 2464 2232 2517 Vidimus

655 2549 791 2604 ’enm
830 2561 1018 2605 etnon
1062 2552 1300 2607 habebat
1332 2545 1611 2619 decorem,
1659 2567 1835 2623 neque
1870 2555 2233 2623 pulchritudi-

669 2654 789 2692 nem
815 2639 880 2693 ⁸⁸.
915 2657 934 2691 ι
972 2638 1078 2693 Sed
1103 2656 1367 2717 erga'eos
1392 2642 1483 2709 qui
1509 2645 1577 2698 ad
1612 2642 1760 2696 illum
1783 2643 2117 2712 sequendum
2147 2644 2228 2697 vel

666 2746 789 2784 cum
819 2731 869 2785 in
892 2732 1162 2786 excelsum
1190 2744 1425 2789 montem
1452 2735 1706 2789 ascendit
1723 2736 1863 2790 vires
1880 2743 2229 2804 acceperunt,

668 2820 989 2875 diviniorem
1049 2820 1280 2876 formam
1334 2824 1513 2879 habet.
1566 2822 1715 2879 llanc
1770 2824 2226 2894 contemplantur,

662 2910 777 2979 qui,
810 2920 869 2965 ut
898 2910 1109 2975 Petrus,
1142 2902 1495 2967 Ecclesiam‘a
1532 2912 1711 2967 Verbo
1744 2908 2138 2991 :edilicatantin
2170 2928 2229 2967 se

664 3004 866 3058 habent
900 3004 985 3069 ⁶⁹;
1037 3005 1130 3074 qui
1172 3006 1438 3075 ejusmodi
1476 3006 1718 3060 habitum
1775 3016 2229 3075 comparaverunt

667 3102 725 3147 nt
769 3093 915 3148 nulla
948 3093 1108 3149 inferi
1156 3106 1313 3166 porta
1362 3096 1650 3167 prtevaleat
1688 3096 1947 3152 adversus
1979 3113 2106 3164 eos;
2134 3098 2224 3167 qui

2340 1992 2547 2076 τδύτοῖς
2602 2004 2970 2073 καλουμένους
3026 2002 3198 2068 υἱοὺς
3244 2001 3587 2068 ἀνθρώπων.
3653 2001 3926 2071 Εἶποιμεν

2340 2096 2449 2165 (29)
2476 2096 2585 2167 γὰρ
2628 2096 2693 2149 ἂν
2740 2088 2918 2165 πολλῷ
2949 2092 3310 2165 ὼραιοτέρους
3338 2091 3624 2161 φαίνεσθαι
3656 2091 3792 2153 τοὺς
3816 2090 3925 2143 τῶν

2338 2187 2769 2257 φιλοσοφούντων
2810 2186 3021 2254 λόγους,
3062 2185 3220 2247 ὄντας
3247 2184 3395 2247 υἱοὺς
3412 2181 3752 2252 ἀνθρώπιον,
3772 2181 3924 2253 παρὰ

2334 2283 2426 2335 τὸν
2456 2284 2567 2343 τοῖς
2606 2279 2820 2341 πολλοῖς
2853 2275 3256 2348 κηρυσσόμενον
3285 2272 3420 2326 Θεοῦ
3441 2272 3619 2341 λόγον,
3639 2272 3703 2335 ὃς
3734 2271 3924 2343 ἐμφαί-

2333 2389 2413 2426 νει
2438 2372 2532 2424 καὶ⁸
2562 2390 2580 2422 ι
2608 2371 2821 2441 μωρίαν
2858 2366 3240 2439 κηρύγματος
3276 2381 3295 2416 ι
3316 2364 3411 2417 καὶ
3439 2363 3528 2417 διὰ
3546 2363 3645 2434 τὴν
3660 2365 3921 2434 ἐμφαινο-

2338 2463 2503 2533 μένην
2560 2480 2579 2513 ι
2641 2461 2851 2532 μωρίαν
2896 2457 2992 2511 τοῦ
3064 2457 3418 2528 κηρύγματος
3484 2475 3501 2506 ι
3555 2454 3815 2522 λέγουσιν
3872 2455 3920 2507 οί

2332 2552 2490 2606 τοῦτο
2537 2554 2695 2624 μόνον
2731 2549 3056 2621 θεωροῦντες
3078 2564 3091 2579 ·
3142 2567 3161 2599 ι
3217 2546 3444 2617 Εῐδομεν
3469 2539 3657 2610 αὑτὸν,
3693 2546 3794 2598 καὶ
3822 2546 3921 2598 οὐκ

2331 2641 2475 2715 εἶχεν
2502 2641 2660 2710 εἶδος,
2690 2643 2810 2696 οὐδὲ
2848 2641 3059 2704 κάλλος.
3113 2659 3131 2691 ι
3184 2641 3308 2702 Τοῖς
3367 2639 3554 2709 μέντοι
3602 2637 3918 2691 ἀκολουθεῖν

2331 2736 2480 2807 αὐτῷ
2508 2737 2735 2807 δύναμιν
2762 2732 3093 2804 ἀνειληφόσι
3128 2731 3264 2802 πρὸς
3304 2730 3363 2783 τὸ
3396 2730 3628 2784 ἕπεσθαι
3660 2730 3762 2784 καὶ
3786 2731 3916 2784 ἀνα·

2330 2828 2566 2881 ϐαίνοντι
2596 2825 2744 2893 αύτῷ
2771 2827 2850 2888 εἰς
2881 2822 2942 2877 τὸ
2969 2822 3170 2893 ὑψηλὸν
3210 2823 3334 2893 ὅρος
3370 2821 3648 2894 θειοτέραν
3700 2822 3916 2893 μορφὴν

2328 2918 2475 2989 ἔχει’
2514 2920 2581 2987 ἢν
2618 2918 2925 2988 βλέπουσιν,
2955 2914 3009 2968 εἴ
3036 2914 3120 2977 τίς
3148 2915 3264 2966 ἐστι
3296 2913 3500 2985 Πέτρος
3527 2914 3795 2984 χωρήσας
3817 2912 3914 2984 τὴν

2327 3011 2428 3080 τῆς
2491 3008 2812 3080 Ἐκκλησίας
2854 3010 2912 3060 ὲν
2955 3004 3131 3075 ἑαυτῷ
3169 3004 3280 3076 (30)
3330 3005 3620 3075 οἰκοδομὴν
3677 3004 3792 3058 ἀπὸ
3818 3002 3913 3057 τοῦ

2328 3102 2533 3170 Λόγου*
2584 3102 2678 3155 καὶ
2726 3097 2991 3167 τοσαύτην
3035 3098 3147 3162 ἕξιν
3180 3093 3484 3158 ἀναλαϐὼν,
3516 3093 3596 3157 ὡς
3640 3094 3914 3165 μηδεμίαν

664 3201 760 3255 per
803 3185 1039 3241 Verbum
1084 3188 1306 3241 exaltati
1358 3188 1557 3241 lneriut
1593 3189 1659 3243 de
1707 3188 1879 3257 portis
1922 3189 2136 3251 mortis,
2168 3197 2226 3241 ut

2332 3192 2503 3263 πύλην
2549 3192 2678 3263 ᾅδου
2729 3190 3074 3260 κατισχύσειν
3121 3185 3317 3241 αὐτοῦ’
3357 3185 3665 3255 ύψωθέντος
3691 3184 3784 3238 διά
3818 3184 3914 3239 τοῦ

664 3276 988 3329 annuntieut
1036 3290 1226 3331 omnes
1258 3278 1597 3331 laudationes
1653 3255 1745 3329 Dei
1802 3277 1855 3329 in
1898 3277 2068 3344 portis
2103 3277 2227 3331 tilia:

2332 3255 2501 3351 Λόγου
2547 3255 2657 3352 (51)
2688 3283 2751 3334 ὲκ
2791 3255 3128 3333 τῶν-’πυλῶν
3171 3276 3268 3330 τοῦ
3312 3277 3542 3331 θανάτου
3567 3317 3582 3342 ,
3635 3277 3794 3339 ὅπως
3844 3276 3915 3329 ἃν

664 3367 795 3422 Sion
831 3368 1054 3433 "°;Taut
1087 3368 1253 3421 etiam
1290 3368 1359 3431 ii,
1401 3367 1596 3437 quibus
1636 3366 1894 3421 nativitas
1924 3368 2115 3438 obtigit
2158 3383 2224 3422 ex

666 3458 845 3513 verbis
876 3472 1075 3526 magna
1110 3472 1242 3513 voce
1274 3458 1538 3527 pra-ditis,
1574 3468 1630 3511 et
1679 3458 1876 3527 quibus
1914 3458 2044 3535 nihil
2074 3459 2226 3513 deest

664 3559 723 3605 ut
747 3549 841 3603 lilii
867 3548 1091 3603 tonitrui
1118 3549 1247 3603 sint.
1282 3547 1387 3603 Sed
1416 3548 1559 3604 unde
1581 3548 1738 3603 Celso
1760 3546 2031 3617 Verbique
2057 3548 2224 3603 divini

661 3639 905 3697 hostibus
958 3652 1057 3693 nec
1111 3639 1389 3708 religionis
1424 3638 1753 3693 Christiana:
1807 3639 2057 3707 dogmata
2092 3653 2225 3693 can-

662 3733 785 3787 dide
828 3731 1203 3786 scrutantibns
1250 3731 1491 3785 venisset
1535 3730 1587 3782 in
1634 3736 1869 3782 mentem
1913 3742 2021 3797 quo
2062 3728 2224 3781 varia:

660 3822 787 3879 Iesu
812 3822 995 3878 formae
1016 3822 1360 3889 pertineant?
1382 3838 1482 3890 ego
1498 3831 1678 3873 autem
1706 3819 1847 3874 addo
1861 3820 2025 3873 etiam
2050 3818 2223 3873 aetatis

660 3914 882 3983 gradus,
931 3923 985 3965 et
1015 3926 1134 3979 qua:
1164 3920 1451 3979 antequam
1510 3918 1787 3979 pateretur
1827 3917 1883 3961 et
1919 3922 2038 3976 quae
2074 3917 2222 3978 post-

662 4016 827 4082 quam
855 3999 1150 4056 resarrexit
1176 4013 1242 4053 ex
1282 3999 1535 4063 mortuis,
1564 3997 1753 4065 gessit.

736 4266 822 4327 78.
852 4270 1165 4339 Sequuntur
1198 4269 1313 4325 bzec
1340 4271 1480 4341 apud
1510 4258 1723 4325 Celsum
1756 4288 1771 4325 :
1816 4289 1835 4323 ι
1876 4271 2142 4327 Pr.eterea
2176 4270 2221 4325 si

663 4364 826 4428 Deus,
853 4374 911 4419 ut
940 4364 1152 4434 Jupiter
1182 4364 1485 4429 comoediae,
1536 4362 1699 4431 longo
1734 4378 1928 4418 somno
1976 4374 2222 4431 experre-

658 4468 780 4510 ctus
831 4456 1128 4509 humanum
1187 4469 1358 4523 genus
1391 4456 1459 4507 ab
1515 4456 1689 4521 ipsius
1722 4454 1880 4509 malis
1929 4455 2217 4508 liberatum

2327 3372 2614 3443 ἐξαγγείλῃ
2646 3373 2823 3435 πάσας
2865 3371 2964 3433 τὰς
3007 3370 3242 3432 αἱνέσεις
3272 3367 3369 3437 τοῦ
3402 3368 3538 3423 Θεοῦ
3571 3370 3630 3424 έν
3660 3370 3785 3431 ταῖς
3810 3368 3916 3422 πύ-

2326 3465 2444 3528 λαις
2466 3464 2565 3534 τῆς
2594 3464 2859 3534 θυγατρὸς
2886 3462 3023 3516 Σιών
3041 3478 3054 3492 ·
3090 3461 3184 3514 καὶ
3222 3461 3276 3514 εἴ
3294 3460 3436 3523 τινές
3471 3463 3609 3514 εἰσιν
3639 3462 3709 3513 ὲκ
3738 3460 3915 3528 λόγων

2294 3555 2422 3625 -τὴν
2466 3554 2677 3622 γένεσιν
2733 3555 2990 3630 λαχόντες
3044 3551 3464 3624 μεγαλοφώνων,
3516 3552 3719 3616 οἵτινες
3756 3551 3915 3606 οὐδὲν

2324 3642 2643 3699 ἀποδέουσιν
2673 3644 2777 3698 υἱοὶ
2805 3644 2904 3713 τῆς
2940 3642 3169 3714 βροντῆς
3206 3640 3315 3711 (52)
3350 3637 3509 3694 εἶναι.
3555 3639 3719 3693 ’Λλλά
3742 3641 3915 3693 πόθεν

2334 3733 2526 3803 Κέλσῳ
2554 3733 2648 3786 καὶ
2677 3736 2789 3795 τοῖς
2818 3732 3030 3803 ἐχθροῖς
3052 3730 3144 3785 τοῦ
3176 3731 3319 3784 θείου
3340 3731 3535 3799 Λόγου,
3554 3730 3653 3783 καὶ
3684 3733 3761 3801 μὴ
3792 3729 3919 3799 φιλ-

2326 3824 2540 3898 αλήθως
2566 3824 2637 3878 τά
2661 3826 2705 3878 Χ
2713 3823 3086 3897 ριστιανισμοῦ
3107 3823 3443 3887 ἐξετάσασιν,
3474 3823 3750 3893 εἰδένιμτὸ
3780 3822 3914 3892 βού-

2324 3910 2474 3982 λημα
2501 3912 2609 3965 τῶν
2631 3913 2899 3983 διαφόρων
2919 3912 3013 3964 τοῦ
3046 3909 3220 3981 Ἰησοῦ
3257 3910 3511 3980 μορφῶν;
3534 3911 3647 3978 ἐγὼ
3676 3910 3734 3963 δὲ
3766 3911 3918 3982 λέγω

2322 4005 2416 4063 κοιλ¹
2445 4002 2687 4073 ἡλικιῶν,
2719 4003 2811 4056 καὶ
2840 4002 2967 4055 εἴτι
2998 4001 3106 4055 τῶν
3130 4001 3237 4074 πρὸ
3276 4001 3370 4055 τοῦ
3402 4001 3596 4055 παθεῖν
3623 4001 3778 4073 αὐτῷ
3810 4019 3913 4055 πε-

2322 4093 2670 4166 πραγμένων,
2722 4094 2815 4148 καὶ
2866 4093 2974 4147 τῶν
3026 4094 3161 4164 μετὰ
3213 4093 3275 4147 τὸ
3309 4092 3607 4161 ἀναστῆναι
3653 4094 3766 4146 ἀπὸ
3800 4095 3917 4148 τῶν

2473 4203 2551 4237 υν.

2473 4203 2551 4237 ev.
2704 4214 2707 4217 -
3676 4208 3683 4213 ι

2322 4203 2561 4344 νε>ῗἵζίξῆς
2615 4275 2670 4327 δὲ
2721 4273 2945 4328 τοιαῦτά
2980 4291 3099 4327 τινα
3159 4274 3307 4342 λέγει
3366 4274 3395 4326 6
3453 4272 3693 4337 Κέλσος·
3759 4294 3782 4326 ι
3831 4276 3917 4329 ἔτι

2324 4367 2431 4438 μὴν
2463 4367 2620 4438 εἴπερ
2650 4367 2899 4420 ἐϐούλετο
2934 4370 2962 4421 ό
2999 4366 3148 4430 Θεὸς,
3196 4365 3385 4437 ὥσπερ
3421 4368 3449 4419 ὁ
3493 4366 3645 4437 παρὰ
3688 4368 3772 4438 τῷ
3803 4386 3916 4421 κω-

2325 4458 2483 4529 μῳδῷ
2508 4459 2661 4522 Ζεὺς,
2686 4459 2751 4512 ὲκ
2770 4457 2864 4511 τοῦ
2891 4459 3102 4533 μακροῦ
3132 4460 3299 4515 ὕπνου
3326 4458 3606 4521 διυπνίσας
3632 4459 3918 4529 ῥύσασθαι

660 4546 897 4609 volebat,
946 4559 1204 4612 quorsum
1242 4544 1391 4597 illum
1444 4558 1611 4611 quem
1653 4544 1834 4598 dicitis
1873 4543 2133 4611 Spiritum
2166 4542 2216 4596 in

2332 4548 2381 4599 τὸ
2403 4547 2511 4601 τῶν
2537 4547 2838 4619 ἀνθρώπων
2860 4547 3017 4617 γένος
3041 4551 3106 4603 ὲκ
3132 4551 3317 4603 κακῶν
3336 4568 3349 4580 ο
3375 4550 3425 4602 τί
3444 4549 3643 4619 δήποτε
3666 4551 3751 4612 είς
3783 4549 3918 4619 μίαν

659 4650 825 4691 unum
859 4645 1018 4688 terra:
1048 4633 1301 4702 angulum
1346 4632 1534 4687 misit?
1561 4631 1819 4737 Oportuig
1845 4634 2007 4702 simili
2058 4635 2219 4687 modo

662 4725 937 4782 insuﬂlare
965 4725 1112 4777 illum
1153 4726 1204 4778 in
1237 4725 1405 4777 multa
1436 4738 1667 4793 corpora
1694 4732 1750 4778 et
1803 4724 1855 4777 in
1904 4724 2215 4803 universum

659 4821 845 4874 orbem
892 4817 1164 4871 emittere.
1200 4816 1270 4869 At
1293 4814 1593 4879 comoedus,
1629 4826 1689 4868 ut
1711 4814 1765 4868 in
1797 4815 2014 4869 theatro
2044 4816 2215 4869 risum

659 4910 944 4971 excitaret,
980 4907 1196 4975 scripsit
1214 4906 1541 4960 Mercurium
1578 4906 1646 4960 ab
1675 4906 2059 4981 expergefacto
2083 4905 2215 4961 Jove

660 4999 884 5053 missum
906 4997 973 5053 ad
998 4997 1355 5052 Athenienses
1381 5003 1437 5051 et
1463 4994 1895 5055 Lacedaemonios
1923 4996 2128 5062 fuisse;
2160 5008 2214 5050 tn

740 5156 783 5191 ⁶⁶
809 5159 997 5214 Matth.
1026 5175 1160 5228 xvtt,
1185 5160 1242 5215 6.
1318 5146 1417 5215 "'1
1447 5159 1571 5215 Cor.
1610 5176 1649 5224 ι,
1685 5161 1775 5215 2!.
1852 5160 1895 5193 ⁸⁸
1928 5161 2035 5217 lsa.
2068 5178 2188 5230 Lm,
2218 5160 2273 5217 2.

718 5320 845 5404 ⁹(2⁵1)
875 5319 1204 5378 Hoeschelius
1248 5338 1300 5377 e.
1331 5324 1586 5393 Spencer.
1622 5324 1672 5377 in
1708 5323 1969 5392 margine,
2026 5341 2214 5394 μυστι-

662 5405 1197 5530 Ἕεῶοἲιαφόρους
1216 5462 1466 5530 μορφάς.
1508 5462 1641 5515 Vide
1669 5461 1763 5516 lib.
1791 5477 1853 5525 II,
1879 5475 2026 5515 num.
2052 5462 2140 5515 64.

610 5538 617 5548 ·
709 5528 847 5601 Δ(29)
879 5529 1157 5595 Philoca|.,
1206 5528 1446 5601 εἴπομεν.
1514 5531 1692 5587 Mallet
1719 5532 1965 5597 Guietns,
2013 5533 2213 5585 εἴποιεν

662 5596 771 5668 γὰρ
807 5599 891 5661 ἀν,
924 5608 1030 5652 etc.
1336 5596 1346 5601 ’
1516 5620 1519 5623 ·
1954 5596 1957 5597 ⁷

708 5668 843 5740 ·(ξο)
872 5669 1096 5740 Philum,
1124 5669 1315 5739 ἐαυτῷ.
1346 5668 1613 5726 Ηωεοιιρι.
1644 5681 1699 5726 et
1725 5671 2007 5740 Spencer.,
2044 5670 2209 5740 αὐτῷ.

735 5737 846 5810 (ἴῃ-Ι)
872 5738 973 5810 Διά
1004 5737 1107 5810 τοῦ
1139 5737 1341 5810 λόγου.
1403 5741 1493 5795 Sic
1540 5752 1684 5795 recte
1733 5737 1888 5796 cedd.
1920 5741 2113 5810 Regius
2160 5737 2214 5793 ct

669 5804 1005 5863 Baslleensis.
1053 5804 1390 5864 llmschelius
1414 5820 1616 5875 autem,
1652 5812 1957 5879 Spencerus
2002 5804 2056 5866 ct
2082 5810 2211 5864 Phi-

2324 4639 2523 4706 γωνίαν
2568 4639 2777 4711 ἔπεμψε
2804 4640 2971 4717 ,τοῦτο
3014 4643 3042 4695 ὅ
3088 4660 3225 4711 φατε
3267 4643 3526 4711 Πνεῦμα;
3552 4640 3689 4693 Δέον
3734 4640 3917 4693 πολλά

2322 4731 2524 4801 ὁμοίως
2590 4732 2919 4803 διαφυσῆσαι
2995 4733 3262 4804 σώματα,
3352 4733 3447 4785 καὶ
3514 4731 3661 4786 κατά
3725 4734 3915 4783 πᾶσαν

2324 4822 2639 4875 ἀποστεῖλαι
2685 4825 2785 4893 τὴν
2823 4825 3161 4895 οἰκουμένην.
3207 4824 3336 4878 Ἀλλ’
3363 4824 3392 4875 6
3418 4822 3516 4892 μὲν
3543 4821 3821 4891 κωμῳδὸς
3857 4823 3915 4873 ὲν

2308 4908 2401 4981 τῷ
2438 4910 2466 4956 Ρ
2515 4911 2650 4984 ’τρῳ
2676 4914 3051 4982 γελωτοποιῶν
3098 4914 3452 4984 συνέγραψεν,
3488 4912 3573 4964 ὅτι
3597 4912 3743 4974 Ζεὺς
3792 4912 3916 4976 ἐξυ-

2323 4989 2565 5066 πνισθεὶς
2613 5002 2912 5073 ’Λθηναίοις
2948 5005 3043 5057 καὶ
3082 5003 3525 5074 Λακεδαιμονίοις
3545 5001 3639 5055 τὸν
3690 5003 3916 5074 Ἑρμῆν

2351 5165 2396 5196 ⁶⁹
2428 5165 2616 5221 Matth.
2648 5182 2757 5231 xvt,
2784 5166 2870 5223 18.
2944 5169 2992 5201 '°
3026 5166 3166 5223 Psal.
3199 5183 3276 5232 ιι,
3303 5166 3389 5222 l5.

2319 5326 2533 5447 gallis,
2563 5328 2653 5381 διά
2671 5327 2764 5390 τὸν
2783 5328 2974 5398 Λόγον.
2996 5326 3196 5385 Ibidem
3222 5326 3450 5439 Pbiloc.,
3475 5325 3623 5395 ὅπως
3643 5322 3715 5383 ἄν
3742 5331 3913 5401 ἔξαγε

2358 5412 2507 5449 ειλοι.
3270 5435 3275 5439 ο

2319 5412 2507 5543 Ῐεὲῗ)
2526 5466 2754 5543 P_h_iloc.,
2790 5466 3041 5543 λαχόντες
3092 5435 3518 5543 μεγαλοφὼνων,
3539 5470 3761 5543 οἵτινες
3803 5489 3912 5543 μη-

2317 5534 2406 5587 δὲν
2452 5534 2737 5589 ἀποδέουσι
2772 5534 2969 5605 νοητῆς
2991 5534 3235 5658 ἰροντῆς.
3272 5534 3611 5594 Ιῐαξεεὶιοιίιιε
3635 5555 3693 5623 et
3724 5534 3911 5609 Sp'euv

2319 5617 2495 5658 cerus.
2526 5604 2796 5658 λαϐόντες.
2832 5606 3003 5658 μεγαλ
3037 5609 3199 5658 φωνοί
3246 5626 3408 5658 τινες-
3446 5609 3599 5658 οὐδὲν
3629 5609 3907 5658 αποδέου-

2319 5617 2495 5667 cerus,
2526 5604 2796 5669 λαϐόντες,
2831 5604 3199 5675 μεγαλόφωνοι
3246 5626 3408 5673 τινες,
3446 5609 3599 5662 οὐδὲν
3629 5604 3907 5663 ἀποδέου-

2322 5687 2405 5725 σιν
2436 5675 2483 5724 ol
2526 5675 2624 5745 τῆς
2654 5676 2901 5797 βροντῆς,
2931 5678 3115 5742 sicque
3148 5678 3303 5732 codd.
3344 5679 3476 5743 Reg.
3500 5691 3553 5731 et
3582 5678 3762 5731 Basil.
3801 5681 3907 5733 nisi

2322 5744 2461 5797 Quod
2512 5759 2609 5797 pro
2656 5762 2684 5797 ο
2750 5762 2845 5797 της
2890 5744 3111 5797 βροντῆς
3143 5748 3342 5797 habent
3373 5747 3609 5797 uiola-71:
3659 5747 3907 5797 Somni:

2320 5744 2461 5826 quod
2510 5744 2609 5812 pro
2656 5744 2706 5800 οί
2750 5745 2845 5815 τῆς
2889 5744 3111 5818 βροντῆς
3143 5748 3342 5806 habent
3373 5748 3479 5807 υίοὶ
3503 5747 3609 5819 τῆς
3658 5747 3909 5820 βροντῆς

2321 5827 2475 5864 ειναι.
