4094 6322
691 359 828 414 “l9

2123 365 2445 423 ORIGENIS

3789 376 3905 436 Η.

682 475 928 530 dictum:
963 493 981 525 ι
1014 473 1262 544 Oportuit
1289 475 1448 531 simili
1483 476 1637 532 modo
1675 479 1820 533 illum
1872 481 2142 537 insulﬂare
2189 486 2230 538 in

2343 488 2439 558 λῆς
2470 487 2578 558 (59)
2626 489 3002 562 καταϐέϐηκεν
3037 489 3128 544 ἐπὶ
3170 491 3260 545 τὸν
3296 488 3562 563 πώγωνα,
3587 493 3658 548 τά
3685 494 3903 568 σύμϐολ’

684 563 853 615 multa
881 577 1103 631 corpora
1145 570 1199 617 et
1231 564 1284 618 in
1326 567 1635 622 universam
1675 575 1874 622 terram
1903 572 2176 626 emittere.
2220 593 2240 627 ι

653 650 956 706 ~Cveterum
1006 655 1247 708 comicus
1289 653 1375 709 ille
1424 665 1603 725 poeta,
1644 666 1702 711 ut
1751 659 1918 714 risum
1954 662 2245 730 excitaret,

683 743 906 811 scripsit
935 743 1122 798 Jovem
1175 746 1351 814 primo
1407 747 1670 814 scpitum,
1705 747 1899 806 deinde
1925 737 2242 821 expergefa-

683 843 828 888 ctutn
860 835 926 888 ad
957 833 1178 891 Graecos
1206 837 1418 891 misisse
1442 839 1605 908 693
1636 839 1995 909 Mercurium;
2025 854 2080 898 at
2103 847 2245 901 ratio

683 936 802 990 qnte
834 921 999 976 Deum
1031 925 1177 978 novit
1209 934 1404 979 natura
1431 943 1536 979 non
1561 942 1680 982 esse
1707 943 1898 984 somno
1921 915 2242 999 obnoxium,

640 1086 643 1087 ν
684 1014 875 1066 doceat
901 1028 997 1066 nos
1029 1029 1114 1068 res
1149 1013 1310 1082 hujus
1337 1016 1520 1068 mundi
1550 1031 1649 1084 pro
1685 1026 1984 1088 temporum
2008 1021 2243 1076 circnm-

682 1104 896 1159 stautiis
923 1113 976 1158 et
1001 1113 1161 1172 prout
1188 1106 1324 1159 ratio
1357 1094 1615 1175 postulat,
1639 1124 1667 1162 a
1704 1109 1809 1164 Deo
1841 1100 2234 1169 administrari.

680 1189 882 1248 Verum
916 1195 1050 1248 nihil
1089 1196 1391 1249 mirandum
1424 1207 1528 1259 est.
1557 1202 1812 1268 quoniam
1867 1204 1956 1258 Dei
1987 1221 2007 1256 4
2037 1204 2237 1274 judicia

681 1298 877 1354 magna
905 1294 1031 1339 sunt
1052 1294 1107 1340 et
1141 1288 1414 1355 explicatu
1443 1291 1633 1356 ardua,
1662 1293 2093 1360 indisciplinatas
2119 1299 2237 1350 aui-

679 1388 818 1440 mas,
852 1393 872 1426 ι
914 1385 1076 1444 atque
1112 1377 1245 1431 adeo
1286 1367 1497 1433 Celsum
1535 1400 1555 1432 ι
1590 1395 1776 1438 errare
1801 1385 1870 1438 ⁷ο.
1901 1403 1920 1437 ι
1958 1385 2076 1441 Non
2107 1404 2238 1457 ergo

644 1466 965 1522 ridiculum
1018 1477 1100 1522 est
1136 1467 1229 1523 Dei
1269 1469 1468 1526 Filium
1518 1473 1584 1526 ad
1631 1473 1866 1543 Judacos,
1915 1481 2057 1546 apud
2098 1495 2237 1548 gnos

645 1564 647 1566 ’
677 1566 957 1634 prophetae
981 1565 1226 1629 fuerunt,
1265 1565 1491 1620 missum
1531 1565 1730 1632 fuisse;
1773 1576 1832 1621 ut
1864 1568 1988 1622 inde
2017 1585 2234 1623 cursum

676 1666 834 1707 orsus
866 1666 1114 1721 corpore,
1147 1653 1346 1706 virtute
1379 1661 1428 1707 et
1462 1654 1652 1722 Spiritu
1683 1657 1990 1711 exoriretur
2025 1658 2235 1711 anima-

672 1759 794 1798 rum
833 1751 1017 1805 terrae.
1055 1757 1173 1812 qute
1204 1744 1311 1799 Deo
1355 1758 1460 1798 non
1494 1745 1725 1814 amplius
1755 1745 1967 1813 privata
1992 1759 2110 1801 esse
2143 1761 2234 1802 vo-

674 1833 833 1889 lebat.

2343 579 2436 630 τοῦ
2479 579 2683 632 τελείου
2723 581 2947 653 ἀνδρὸς,
2996 582 3222 652 Ἀαρὼν,
3249 586 3344 638 καὶ
3375 585 3572 653 ἔφθασε
3601 588 3903 640 καταὸαἰνον

2341 667 2499 720 τοῦτο
2529 671 2589 721 τὸ
2636 670 2804 741 μύρον
2843 671 2935 723 ἐπὶ
2975 673 3073 743 τὴν
3106 667 3218 726 dii-1v
3258 675 3353 726 τοῦ
3393 675 3688 744 ἐνδύματος
3725 677 3896 730 αὑτοῦ.

2341 760 2449 811 Καὶ
2480 759 2649 812 ταῦτα
2685 761 2742 812 δέ
2791 779 2881 830 μοι
2931 762 3174 816 λέλεκται
3223 764 3357 834 πρὸς
3390 766 3482 818 τὸν
3535 766 3769 836 ἄσεμνον
3810 765 3893 820 τοῦ

2341 849 2548 901 Κέλσου
2576 850 2730 917 λόγον
2759 852 3029 915 εἰπόντος·
3069 873 3086 904 ι
3133 855 3256 907 Δέον
3282 854 3446 907 πολλὰ
3476 856 3678 925 ὁμοίως
3720 858 3898 925 διατρυ-

2344 937 2506 1007 σῆσαι
2551 939 2798 1010 σώματα,
2835 943 2927 995 καὶ
2956 941 3095 995 κατὰ
3140 944 3321 995 πᾶσαν
3344 945 3656 997 ἀποστεῖλαι
3705 947 3806 1015 τὴν
3835 949 3902 997 οἱ·

2339 1029 2627 1099 κουμένην.
2669 1050 2688 1081 ι
2749 1032 2806 1083 '0
2849 1031 2947 1100 μὲν
2983 1028 3076 1085 οὖν
3117 1034 3372 1104 κωμῳδὸς
3411 1035 3790 1102 γελωτοποιῶν
3821 1037 3899 1088 τὸν

2349 1119 2446 1171 Δὶα
2474 1119 2810 1190 κοιμώμενον
2845 1122 3109 1191 πεποίηκέ
3130 1140 3186 1174 τε
3233 1124 3325 1176 καὶ
3363 1124 3785 1195 διυπνιζόμενον,
3819 1127 3902 1178 καὶ

2344 1209 2628 1278 πέμποντα
2646 1210 2778 1281 πρὸς
2804 1213 2930 1273 τοὺς
2946 1211 3209 1284 Ἕλληνας
3230 1214 3320 1267 τὸν
3346 1215 3550 1284 Ἑρμῆν
3569 1231 3584 1245 ·
3615 1219 3642 1266 6
3665 1215 3720 1266 δὲ
3734 1215 3897 1281 λόγος,

2339 1300 2540 1352 ἄϋπνον
2580 1302 2937 1372 ἐπιστάμενος
2978 1302 3138 1371 φύσιν
3176 1304 3274 1374 τὴν
3305 1305 3397 1362 τοῦ
3431 1305 3585 1368 Θεοῦ,
3614 1305 3900 1358 διδασκέτω

2335 1391 2504 1458 ἡμᾶς,
2553 1391 2634 1444 ὅτι
2695 1393 2832 1446 κατά
2880 1394 3100 1464 καιροὺς
3131 1396 3416 1464 ,οἰκονομεῖ
3443 1395 3512 1447 τὰ
3555 1394 3650 1446 τοῦ
3703 1396 3896 1464 κόσμου

2339 1481 2641 1550 πράγματα
2678 1485 2707 1535 6
2734 1483 2904 1545 Θεὸς,
2931 1484 3005 1546 ὡς
3037 1485 3253 1536 ἀπαιτεῖ
3275 1485 3355 1536 τὸ
3401 1483 3638 1552 εῦλογον.
3672 1486 3746 1537 Οὐ
3779 1487 3898 1539 θαυ-

2341 1572 2540 1640 μαστὸν
2576 1574 2632 1624 δὲ
2663 1581 2732 1635 et,
2772 1573 2858 1626 διὰ
2886 1574 2947 1626 τὸ
2978 1593 2994 1624 ι
3038 1575 3276 1644 μεγάλας
3303 1571 3440 1626 εἶναι
3479 1576 3572 1627 καὶ
3617 1575 3898 1646 δυσδιηγήο

2333 1675 2458 1721 τους
2484 1660 2582 1722 τὰς
2612 1661 2820 1729 κρίσεις
2847 1659 2939 1712 τοῦ
2971 1660 3125 1725 Θεοῦ,
3170 1661 3226 1713 αἱ
3261 1661 3570 1712 ἀπαίδευτοι
3601 1659 3898 1712 πλανῶνται

2333 1744 2518 1814 ψυχαὶ,
2571 1767 2589 1798 ι
2640 1748 2732 1798 καὶ
2778 1749 2983 1810 Κέλσος
3029 1749 3121 1800 σὺν
3168 1750 3373 1812 αὐταῖς.
3404 1750 3567 1802 Οὐδὲν
3595 1745 3688 1801 οὖν
3733 1765 3897 1803 κατα-

2340 1836 2596 1902 γέλαστόν
2628 1840 2774 1889 ἐστιν
2808 1840 2863 1890 ἐν
2902 1838 2980 1908 τῷ
3029 1839 3313 1904 Ἰουδαίοις,
3348 1841 3476 1911 παρ’
3502 1835 3584 1903 οἷς
3622 1840 3898 1908 γεγόνασιν

672 1926 722 1977 οἱ
772 1923 1452 1995 προφῆται,⁹πεπέμφθαι
1499 1923 1589 1978 τὸν
1645 1921 1770 1976 Υἱδν
1814 1922 1909 1979 τοῦ
1983 1924 2148 1977 Θεοῦ·
2198 1925 2263 1978 ἵν’
2317 1926 2522 1978 ἐκεῖθεν
2578 1926 2878 1997 ἀρξάμενος
2939 1929 3259 1998 σωματικῶς
3311 1929 3534 2000 δυνάμει
3739 1928 3895 1983 πνεύ-

678 2035 808 2089 ματι
833 2019 1086 2090 ἀνατείλῃ
1115 2021 1180 2090 τῇ
1215 2018 1411 2089 μηκέτι
1446 2018 1744 2090 βουλομένῃ
1769 2019 1958 2090 ἐρήμῳ
1987 2019 2122 2072 Θεοῦ
2156 2020 2440 2090 τυγχάνειν
2473 2023 2760 2092 οἰκουμένῃ
2792 2022 2980 2092 ψυχῶν
3015 2024 3144 2093 (40).

756 2112 844 2168 80.
878 2113 1071 2167 Postea
1105 2115 1276 2167 visum
1299 2121 1382 2167 est
1407 2113 1562 2167 Celso
1579 2111 1860 2166 Chaldaeos
1890 2127 2088 2168 vocare
2113 2129 2240 2182 gen-
2271 2121 2315 2174 Β

669 2212 779 2258 tem
798 2202 907 2271 jam
934 2218 962 2256 a
992 2203 1178 2273 primis
1202 2204 1534 2273 temporibus
1557 2217 1782 2270 prorsus
1805 2203 2065 2267 divinam,
2091 2206 2232 2259 unde

673 2303 851 2347 tamen
892 2292 946 2347 in
987 2294 1234 2348 homines
1269 2293 1513 2348 derivata
1545 2301 1629 2347 est
1660 2292 1820 2346 fallax
1853 2308 1919 2347 ex
1951 2294 2116 2347 natali
2145 2296 2233 2351 die

671 2383 948 2437 divinandi
977 2383 1284 2451 disciplina.
1318 2383 1519 2438 Eodem
1554 2382 1672 2437 loco
1705 2391 1761 2436 et
1810 2397 2036 2438 numero
2071 2386 2231 2440 habet

670 2487 858 2542 magos
882 2487 911 2527 a
952 2473 1149 2543 quibus
1185 2489 1274 2529 ars
1311 2473 1516 2544 magica
1541 2488 1738 2527 nomen
1769 2488 1923 2527 suum
1968 2476 2150 2540 traxit,
2175 2484 2232 2530 et

670 2565 726 2616 in
753 2573 976 2618 caeteras
1003 2573 1192 2633 gentes
1223 2565 1288 2618 ad
1325 2564 1553 2618 exitium
1579 2580 1642 2619 ea
1686 2565 1951 2618 utentium
1988 2565 2231 2619 dimana-

668 2649 769 2703 vit.
794 2650 873 2703 Ad
897 2648 1343 2721 Egyptiosquod
1374 2661 1602 2722 Spectat,
1628 2653 1820 2708 Celsus
1847 2667 1939 2707 eos
1962 2653 2017 2708 in
2043 2668 2232 2708 errore

670 2740 878 2794 versari
906 2741 1156 2810 superius
1183 2740 1485 2811 judicabat,
1521 2744 1694 2812 utqui
1719 2743 2078 2811 elegantiores
2114 2745 2232 2812 qui-

652 2831 792 2886 dem
821 2833 1082 2887 haberent
1107 2833 1433 2903 templorum
1461 2849 1581 2902 quae
1630 2848 1785 2889 sacra
1820 2834 2226 2901 existimabant,

670 2923 921 2989 ambitus,
944 2922 1035 2977 sed
1063 2923 1197 2977 nihil
1225 2924 1372 2977 intus
1402 2935 1598 2991 prteter
1620 2926 1830 2988 simias,
1859 2935 1952 2980 aut
1982 2928 2228 2982 crocodi-

670 3012 771 3079 los,
804 3023 895 3067 aut
924 3029 1134 3084 capras,
1163 3023 1257 3069 aut
1280 3017 1515 3084 aspides,
1549 3024 1640 3071 aut
1661 3017 1807 3089 aliud
1830 3018 2227 3074 animal.Nuue

669 3120 800 3159 vero
831 3103 947 3160 illos
993 3105 1264 3174 appellare
1310 3105 1436 3160 libet
1474 3119 1685 3176 gentem
1730 3102 2122 3164 divinissimam
2175 3119 2230 3164 et

669 3195 1061 3248 divinissimam
1097 3195 1164 3248 ab
1189 3195 1376 3258 initio;
1429 3195 1645 3261 Opinor,
1679 3197 1821 3264 quod
1850 3198 1918 3249 ab
1952 3198 2103 3251 initio
2130 3197 2225 3251 Ju-

665 3286 796 3339 dreis
823 3284 1018 3340 infensi
1049 3283 1269 3340 fuerint.
1315 3283 1494 3340 Persa:
1539 3286 1724 3352 etiam,
1751 3287 1845 3355 qui
1881 3297 2081 3342 matres
2122 3289 2223 3342 sibi

664 3373 915 3443 copulant
945 3381 999 3426 et
1038 3387 1163 3428 eum
1207 3372 1417 3428 ﬁliabus
1455 3388 1656 3442 corpus
1700 3375 1951 3440 miscent,
1985 3392 2116 3445 gens
2141 3377 2225 3430 di—

667 3442 791 3520 vina
823 3478 944 3520 esse
968 3464 1127 3518 Celso
1155 3464 1402 3529 videtur;
1449 3480 1655 3519 necnon
1688 3465 1822 3531 ludi,
1865 3482 2094 3535 quorum
2147 3478 2225 3524 ta-
2252 3442 2293 3499 (ἶ

667 3569 788 3609 men
827 3554 1114 3609 nonnullos
1159 3569 1321 3622 supra
1355 3555 1491 3608 dixit
1533 3554 1728 3609 carnes
1769 3557 2033 3611 humanas
2062 3561 2223 3613 devo-

667 3659 809 3699 rare.
834 3643 1050 3698 Judaeos
1078 3657 1212 3697 vero
1237 3639 1327 3713 qui
1359 3644 1496 3697 nihil
1533 3646 1727 3700 horum
1763 3648 2137 3712 committunt,
2171 3658 2224 3703 et

668 3745 879 3790 veteres
910 3735 1234 3804 praesertim,
1265 3737 1574 3792 nou-solum
1614 3752 1718 3791 non
1763 3739 1892 3794 dicit
1917 3754 2036 3792 esse
2083 3741 2220 3793 divi-

665 3824 940 3888 nissimos,
988 3825 1080 3877 sed
1116 3824 1280 3878 etiam
1331 3823 1484 3877 brevi
1531 3826 1834 3894 perituros;
1871 3827 2030 3893 idque
2078 3825 2221 3880 velut

662 3930 732 3968 ex
779 3913 989 3981 tripode
1029 3913 1362 3983 pronuntiat.
1397 3909 1662 3967 Nimirum
1695 3928 1799 3967 non
1830 3914 2058 3967 advertit
2101 3914 2218 3967 ani-

664 4020 810 4059 mum
841 4007 906 4058 ad
935 4019 1120 4059 curam
1153 4007 1368 4058 oninem
1394 4017 1555 4072 quam
1581 4003 1722 4080 Deus
1748 4004 1814 4056 de
1835 4001 2034 4058 Judazis
2069 4003 2219 4056 adhi-

662 4095 801 4160 buit,
826 4111 923 4150 nec
953 4097 1019 4149 ad
1063 4103 1284 4149 sanctas
1315 4095 1459 4162 leges
1491 4108 1626 4161 quas
1657 4094 1768 4161 ipse
1801 4093 1909 4146 illis
1956 4092 2082 4145 olim
2119 4093 2220 4143 iu:-

661 4189 883 4255 posuit:
919 4202 1024 4240 non
1059 4187 1194 4240 vidit
1242 4203 1260 4238 ι
1319 4186 1529 4238 illorum
1561 4183 1752 4238 delicto
1793 4183 2016 4236 salutem
2052 4181 2248 4234 fuisse.

661 4277 932 4345 gentibus,
962 4276 1218 4330 delictum
1253 4274 1466 4329 illorum
1519 4273 1734 4326 divitias
1772 4286 1892 4324 esse
1920 4271 2123 4333 mundi,
2165 4278 2217 4322 et

660 4367 1073 4418 diminutionem
1111 4379 1320 4426 eorunt,
1346 4362 1565 4416 divitias
1593 4361 1856 4428 gentium,
1893 4359 2214 4427 donecple-

663 4458 848 4510 nitudo
903 4457 1141 4524 gentium
1203 4453 1518 4516 introierit,
1567 4469 1589 4504 ι
1641 4461 1700 4504 ιιι
1747 4459 1926 4518 postea
1978 4468 1997 4501 ι
2040 4453 2215 4506 omnis

662 4547 852 4610 Israel,
893 4565 912 4598 ι
954 4560 1114 4614 quem
1150 4544 1278 4611 quid
1320 4544 1390 4598 sit
1428 4556 1535 4597 non
1567 4543 1712 4610 capit
1736 4540 1957 4607 Celsus,
1995 4540 2210 4595 «salvus

660 4638 825 4691 ﬁat".
859 4656 877 4688 ι
1808 4687 1818 4693 .

726 4727 813 4779 8i.
837 4724 954 4778 Jam
983 4726 1165 4780 nescio
1197 4726 1466 4793 quomodo
1489 4723 1689 4777 dixerit
1724 4740 1741 4772 ι
1780 4723 1966 4787 Deum,
1989 4721 2079 4790 qui
2126 4735 2214 4776 no-

656 4821 733 4870 vit
760 4817 960 4881 omnia,
985 4817 1281 4870 neseivisse
1316 4828 1372 4868 se
1407 4815 1622 4868 mittere
1649 4812 1841 4867 Filium
1870 4814 1936 4867 ad
1965 4814 2208 4868 homines

655 4907 827 4959 malos
873 4915 924 4959 et
963 4914 1299 4971 peccaturos,
1349 4903 1438 4970 qui
1489 4901 1633 4955 illum
1667 4901 1927 4970 supplicio
1962 4900 2204 4955 aﬂ‘eeturi

653 5004 830 5051 erant.
866 5013 885 5045 ι
914 4996 982 5046 At
1005 4995 1089 5047 hic
1112 4995 1324 5048 videtur
1347 4993 1412 5046 de
1444 4992 1704 5046 industria
1739 4991 1978 5045 oblivisci
2011 5001 2208 5044 nostra:

654 5085 914 5139 doctrinae
939 5100 1052 5151 quae
1073 5084 1167 5146 ait,
1199 5086 1482 5152 prophetas
1516 5083 1606 5136 Dei
1639 5082 1816 5134 divino
1841 5080 2040 5147 Spiritu
2071 5095 2210 5147 pra:-

653 5174 852 5227 vidisse
897 5182 950 5225 et
991 5173 1308 5242 praedixisse
1355 5187 1690 5241 quaecunque
1740 5170 1896 5224 Jesus
1951 5184 2208 5236 passurus

725 5294 770 5324 "‘
799 5293 925 5361 Sap.
957 5309 1085 5360 xvn,
1119 5294 1168 5345 l.
1243 5293 1285 5323 '”
1325 5293 1479 5345 liom.
1509 5307 1583 5358 ιι,
1616 5292 1701 5358 Η,
1729 5290 1817 5356 12,
1843 5291 1913 5344 25
1941 5299 1994 5344 et
2021 5290 2114 5343 26.

720 5433 834 5512 (229)
861 5429 1191 5483 iltnschelius
1240 5439 1292 5481 ct
1324 5427 1628 5495 Spencerus
1677 5426 1728 5478 in
1767 5435 1933 5487 textu,
1981 5423 2071 5474 ὲπί
2109 5440 2200 5475 κε-

651 5504 1117 5642 φαῗᾶὶῗψυχὼν..
1145 5569 1251 5642 -Τὸ,
1299 5565 1502 5634 ψυχῶν,
1538 5563 1734 5619 Guieto
1766 5571 2068 5630 suspectum
2120 5570 2202 5614 est

651 5653 703 5693 et
729 5637 1040 5689 Vaddilitium
1071 5637 1299 5688 videtur.

729 5708 834 5777 Mi)
863 5705 1212 5770 Χαλδαίους.
1255 5703 1432 5759 Codex
1453 5704 1777 5774 Anglicanus
1800 5702 2021 5771 primus,
2060 5699 2201 5752 Χαλ-

2457 2115 2616 2186 Ἐξῆς
2672 2116 2727 2168 δὲ
2775 2117 2986 2178 τούτοις
3057 2115 3354 2171 ὲνθεώτατα
3399 2117 3458 2183 ἐξ
3518 2119 3694 2189 ἀρχῆς
3757 2120 3894 2186 ἔδοξε

2331 2203 2522 2275 Κέλσῳ
2543 2203 2721 2272 λέγειν
2755 2203 2879 2274 ἔθνη
2899 2204 3193 2267 Χαλδαίους
3209 2206 3340 2275 (41),
3358 2201 3536 2274 ἀφ’ὧν
3563 2210 3596 2276 ἡ
3629 2209 3893 2280 ἀπατηλὸς

2328 2293 2730 2362 γενεθλωλογία
2758 2294 3047 2364 νενέμηται
3071 2297 3192 2357 τοὺς
3218 2295 3555 2366 ἀνθρώπους.
3599 2298 3756 2350 Ἀλλά
3804 2303 3891 2352 καὶ

2333 2385 2539 2455 μάγους
2565 2389 2676 2450 τοῖς
2709 2385 3058 2448 ὲνθεωτάτοις
3099 2377 3650 2440 κατατάττειέθνεσιν
3686 2391 3717 2441 6
3758 2391 3890 2443 Κέλςι

2332 2492 2441 2538 σος,
2469 2477 2560 2544 ἀφ’
2604 2470 2678 2529 ὧν
2712 2479 2744 2546 ἡ
2781 2474 3106 2546 παρώνυμος
3143 2477 3234 2528 τοῦ
3267 2477 3449 2540 ἔθνους
3483 2478 3660 2531 αὐτῶν
3691 2482 3883 2548 μαγεία

2329 2567 2423 2619 καλ¹
2446 2570 2555 2629 τοῖς
2581 2568 2783 2630 λοιποῖς
2815 2568 3022 2622 ἔθνεσιν
3039 2569 3131 2620 ἐπὶ
3158 2567 3418 2640 διαφθορᾷ
3447 2570 3542 2622 καὶ
3555 2569 3762 2640 ὀλέθρῳ
3783 2571 3890 2623 τῶν

2329 2656 2621 2726 χρωμένων
2651 2659 2787 2727 αὐτῇ
2823 2658 3202 2727 ἐπιδεδήμηκε.
3240 2661 3348 2711 Καὶ
3379 2661 3666 2726 Αἰγύπτιοι
3703 2663 3799 2731 μὲν
3835 2665 3892 2714 ἐν

2333 2746 2430 2813 μὲν
2471 2748 2580 2810 τοῖς
2615 2748 2867 2817 ἀνωτέρω
2915 2751 3007 2801 καὶ
3041 2749 3193 2817 παρά
3234 2748 3310 2817 τῷ
3343 2750 3533 2819 Κέλσῳ
3565 2751 3888 2817 ἐπλανιῖιντο,

2329 2833 2402 2895 ὡς
2420 2835 2644 2902 σεμνοὺς
2671 2835 2765 2904 μὲν
2787 2835 2998 2903 ἔχοντες
3053 2835 3363 2906 περιϐόλους
3393 2836 3500 2888 τῶν
3529 2837 3889 2908 νομιζομένων

2329 2922 2507 2992 ἱερῶν,
2522 2922 2664 2975 ἔνδον
2687 2921 2742 2975 δὲ
2773 2924 2922 2976 οὐδὲν
2938 2925 3049 2976 ἀλλ’
3075 2925 3106 2994 ἦ
3126 2926 3404 2995 πιθήκους,
3421 2926 3455 2996 ἦ
3491 2928 3881 2994 κροκοδείλους,

2326 3015 2359 3083 ἢ
2395 3012 2572 3083 αἶγας,
2607 3016 2641 3086 ἢ
2694 3016 2944 3080 ἀσπίδας,
2979 3017 3012 3086 ἦ
3047 3034 3096 3068 τι
3139 3016 3246 3067 τῶν
3279 3016 3463 3079 ζώων·
3513 3018 3608 3069 νῦν
3645 3018 3707 3072 δὲ
3749 3019 3888 3082 ἔδοξε

2328 3105 2518 3173 Κέλσῳ
2569 3103 2891 3158 ένθεὼτατον
2936 3107 3107 3158 εἰπεῖν
3151 3106 3244 3158 καὶ
3286 3108 3344 3158 τὸ
3375 3107 3687 3172 Αἱγυπ-τῖων
3719 3107 3888 3172 ἔθνος,

2328 3192 2420 3243 καὶ
2465 3191 2788 3244 ὲνθεώτατον
2833 3191 2889 3258 ἐξ
2942 3193 3144 3261 ἀρχῆς·
3177 3194 3318 3262 τάχα
3368 3195 3490 3246 ἐπεὶ
3537 3194 3808 3258 Ἰουδαίοις
3834 3197 3890 3262 ἐξ

2329 3281 2500 3351 ἀρχῆς
2541 3282 3108 3352 προσπεπολεμήκασι.
3151 3283 3260 3334 Καὶ
3312 3283 3516 3353 Πέρσαι
3562 3283 3651 3348 δὲ,
3695 3285 3747 3338 οι
3794 3287 3890 3347 τὰς

2338 3371 2574 3441 μητέρας
2619 3372 2934 3441 γαμοῦντες,
2967 3372 3060 3424 καὶ
3091 3358 3389 3442 θυχατράσι
3433 3373 3776 3443 μιγνύμενοι,
3809 3373 3892 3428 εν-

2329 3463 2446 3514 θεον
2478 3463 2626 3526 ἔθνος
2663 3459 2797 3514 εἶναι
2831 3462 2906 3532 τῷ
2941 3462 3133 3532 Κέλσῳ
3155 3463 3433 3517 δοκοῦσιν·
3472 3464 3614 3518 ἀλλὰ
3655 3467 3754 3519 καὶ
3798 3468 3892 3520 Ἰν-

2328 3555 2406 3605 δοὶ
2445 3544 2552 3623 (ἇὲ)
2585 3547 2661 3609 ὧν
2700 3571 2849 3616 τινας
2887 3555 2943 3606 ὲν
2984 3557 3096 3615 τοῖς
3144 3555 3557 3624 προειρημένοις
3592 3554 3747 3623 ἔλεγε
3797 3557 3894 3610 καὶ

2325 3645 2672 3715 ἀνθρωπείων
2722 3644 3009 3712 γεγεῦσθαι
3058 3643 3293 3712 σαρκῶν.
3338 3644 3520 3714 Μηδὲν
3569 3645 3625 3697 δὲ
3687 3645 3894 3700 τούτου

2337 3736 2637 3798 Ἰουδαίους,
2676 3736 2902 3804 μάλιστα
2937 3737 3060 3796 τοὺς
3085 3734 3272 3796 πάλαι,
3314 3734 3650 3801 πράττοντας
3690 3735 3754 3786 οὐ
3789 3736 3891 3804 μό-

2322 3842 2408 3877 νον
2436 3826 2535 3876 οὺκ
2566 3821 2713 3875 εἶπεν
2745 3823 3119 3886 ἐνθεωτάτους,
3153 3823 3288 3875 ἀλλὰ
3313 3823 3405 3874 καὶ
3431 3823 3626 3898 αὐτίκα
3653 3824 3894 3879 ἀπολου-

2323 3915 2534 3984 μένους.
2582 3914 2750 3965 Τοῦτο
2787 3915 2883 3984 μὲν
2915 3914 3014 3983 ἤδη
3048 3914 3140 3965 καὶ
3167 3913 3241 3975 ὡς
3283 3911 3540 3982 μαντικὸς
3571 3912 3720 3980 λέγει
3760 3915 3897 3987 περὶ

2319 4004 2527 4056 αὐτῶν*
2583 4004 2680 4071 οὐχ
2722 4002 2863 4072 ὁρῶν
2912 4005 3092 4054 πᾶσαν
3121 4002 3217 4072 τὴν
3255 4002 3383 4073 περὶ
3425 4001 3735 4067 Ἰουδαίους,
3795 4005 3900 4056 καὶ

2317 4096 2414 4166 τὴν
2449 4094 2647 4164 σεμνὴν
2683 4093 2845 4146 πάλαι
2884 4092 3154 4147 πολιτείαν
3188 4094 3385 4155 αὐτῶν,
3417 4092 3510 4147 τοῦ
3556 4091 3693 4148 Θεοῦ
3741 4095 3894 4151 clx;-

2318 4186 2537 4254 νομίαν·
2575 4185 2680 4237 καὶ
2710 4185 2784 4246 ὡς
2831 4203 2849 4234 ι
2897 4184 2974 4253 τῷ
3017 4185 3238 4239 ἐκείνων
3277 4181 3680 4256 παραπτώματι
3715 4189 3748 4257 ἡ
3781 4205 3896 4240 σω-

2316 4271 2476 4341 τηρία
2511 4273 2796 4340 γεγένηται
2826 4273 2934 4334 τοῖς
2967 4271 3170 4323 ἕθνεσι’
3192 4271 3285 4324 καὶ
3316 4272 3376 4322 τὸ
3404 4275 3751 4344 παράπτωμα
3781 4277 3890 4328 αὑ-

2315 4361 2440 4424 τῶν,
2476 4360 2698 4423 πλοῦτος
2728 4360 2930 4430 κόσμου
2950 4378 2961 4389 ·
2999 4362 3093 4412 καὶ
3122 4361 3182 4413 τὸ
3218 4362 3436 4431 ἥττημα
3470 4363 3670 4428 αὐτῶν,
3717 4364 3890 4415 πλοῦ-

2314 4469 2403 4512 τος
2452 4450 2655 4502 ἐθνῶν·
2719 4470 2736 4501 ι
2797 4450 2899 4512 ἓως
2954 4452 3013 4502 τὸ
3070 4451 3338 4524 πλήρωμα
3396 4452 3505 4520 (45)
3549 4453 3658 4505 τῶν
3712 4453 3889 4506 ἐθνῶν

2314 4539 2544 4608 εἰσέλθῃ,
2580 4539 2664 4590 ἵνα
2700 4539 2832 4606 μετά
2869 4538 3023 4592 τοῦτο
3051 4558 3070 4591 ι
3109 4541 3238 4605 πᾶς,
3279 4560 3296 4590 ι
3325 4541 3383 4592 ὃν
3414 4541 3477 4592 οὐ
3511 4543 3622 4592 νοεῖ
3647 4541 3888 4604 Κέλσος,

2320 4648 2337 4678 ι
2392 4630 2604 4698 Ἰσραὴλ
2633 4630 2796 4698 σωθῇ.
2844 4649 2862 4679 ι

2423 4718 2534 4768 Οὐκ
2585 4713 2705 4787 οἶδα
2750 4717 2792 4766 δ’
2838 4718 2981 4779 ὅπως
3037 4718 3168 4786 φησὶ
3218 4717 3341 4788 περὶ
3385 4715 3477 4767 τοῦ
3541 4716 3680 4768 Θεοῦ
3708 4756 3724 4776 ,
3769 4718 3888 4780 ὅτι,

2319 4828 2337 4859 ι
2386 4810 2443 4860 Ὀ
2474 4807 2647 4860 πάντα
2664 4805 2816 4868 εἰδὼς
2841 4805 2996 4878 τοῦτο
3023 4806 3121 4856 οὐκ
3153 4807 3432 4873 ἠπίστατο,
3456 4806 3536 4857 ὅτι
3567 4807 3762 4868 κακοῖς
3789 4807 3888 4858 ἀν-

2313 4899 2566 4967 θρώποις,
2617 4898 2709 4948 καὶ
2761 4884 3249 4967 ἁμαρτησομένοις,
3293 4896 3384 4947 καὶ
3422 4896 3750 4949 κολάσουσιν
3783 4898 3888 4948 αὖ-

2311 4990 2404 5041 τοῦ
2444 4991 2532 5040 τὸν
2564 4988 2689 5039 Υἱδν
2737 4987 2960 5056 πέμπει.
2999 5005 3026 5053 ι,
3068 4985 3202 5037 Ἀλλ’
3254 4985 3393 5038 ἔοικε
3441 4985 3537 5036 νῦν
3583 4986 3685 5053 μὲν
3737 4984 3886 5037 ἑκὼν

2313 5078 2653 5147 ἐπιλελῆσθαι
2700 5077 2789 5128 τοῦ
2837 5077 3141 5143 φάσκοντος
3172 5076 3352 5144 λόγου,
3386 5077 3582 5136 πάντα,
3611 5076 3650 5128 ἃ.
3692 5076 3885 5128 πείσε-

2314 5187 2402 5223 ται
2448 5169 2668 5239 Ἰησοῦς.
2694 5172 2722 5221 6
2770 5169 3034 5238 Χριστὸς,
3086 5167 3493 5240 προεωρακέναι
3539 5168 3672 5238 θείῳ
3702 5168 3884 5221 Πνεὺ-
3917 5204 3934 5213 η

2308 5441 2494 5557 ulla?)
2538 5492 2732 5562 Ἰνδοί.
2777 5491 2891 5545 Duo
2916 5492 3072 5546 codd.
3101 5490 3406 5562 Anglicani,
3447 5489 3649 5553 Ἰνδῶν,
3684 5493 3888 5562 sicque

2309 5559 2646 5614 Haaschclius
2671 5563 2720 5612 in
2753 5571 2924 5612 textu.

2379 5629 2487 5698 (ὥ)
2520 5630 2668 5695 Ἕως
2693 5631 2756 5683 τὸ
2787 5629 3088 5696 πλήρωμα.
3147 5628 3220 5682 ita
3270 5643 3398 5698 mgs.
3422 5639 3477 5698 et
3526 5628 3889 5684 licesrheliu

2307 5699 2358 5753 in
2386 5691 2558 5754 textu.
2601 5691 3078 5768 Siletteerus've'ro,
3107 5699 3263 5770 ἄχρις
3293 5691 3354 5753 οῦ
3382 5697 3679 5768 πλήρωμα.
