4094 6322
681 464 818 521 “25

2128 457 2440 514 ORIGENIS

3728 449 3883 503 ιιειι

677 579 726 632 hi
758 592 872 628 vero
901 574 987 642 qui
1026 575 1262 627 eumdem
1287 543 1494 636 habent,
1517 591 1697 629 rursus
1728 574 1861 627 idem
1889 575 2040 640 illud,
2068 575 2219 636 illud,

2324 576 2374 625 οἱ
2403 572 2514 640 μὲν
2544 571 2731 624 ἄλλον
2758 573 3161 640 εἰσηγούμενοι
3195 569 3342 622 Θεὸν
3382 568 3692 636 οὐδεμίαν·
3733 569 3789 617 οι
3817 565 3887 615 δὲ

677 672 904 736 inquam,
935 665 1137 731 sapiens
1157 665 1369 732 eﬂ'att'm
1395 666 1651 730 occinent,‘
1669 666 1746 718 sic
1771 666 2058 732 oportuisse
2078 665 2216 731 ﬁeri.

677 756 815 822 Quid
828 756 900 807 ita
916 755 941 806 Ρ
957 753 1196 820 quiajant
1219 754 1342 805 otim
1365 754 1472 805 hare
1491 754 1740 820 prrrdicta
1761 753 1982 819 fuerant.
2005 753 2081 806 Ad
2103 753 2217 805 bmc

677 859 776 911 ego
794 840 1108 910 respOndeo,
1127 841 1196 893 ita
1217 841 1429 895 iulirma
1451 854 1568 895 esse
1587 856 1705 909 quae
1722 841 1876 910 paulo
1893 849 2013 893 ante
2031 850 2216 893 contra

677 933 854 989 J-rsum
881 942 935 985 ct
957 931 1295 985 Christianos
1328 929 1485 995 dixit,
1515 939 1572 982 ut
1604 931 1768 986 etiam
1802 930 1896 994 illi,
1933 931 2023 996 qui
2059 929 2222 996 impie

681 1027 841 1078 Deum
875 1022 1037 1074 alium
1076 1020 1360 1081 inducunt,
1393 1018 1540 1073 nullo
1575 1019 1788 1088 negatio
1821 1019 2022 1086 possint
2045 1012 2151 1070 'sib'i
2187 1030 2216 1069 a

858 1112 1013 1166 Celso
1044 1110 1252 1178 objecta
1275 1106 1537 1161 refutare:
1559 1118 1614 1161 et
1643 1109 1744 1162 nisi
1769 1108 2054 1161 absurdum
2071 1097 2221 1160 foret

674 1204 947 1274 quidpiam
991 1201 1170 1256 dicere
1219 1214 1324 1266 quo
1371 1199 1692 1253 infirmiores
1741 1199 1804 1251 ad
1850 1199 2217 1264 amplectenda

674 1292 942 1346 deteriora
956 1290 1199 1358 dogmata
1227 1287 1603 1348 incitarentur,
1635 1287 1687 1339 id
1713 1299 1808 1355 ego
1830 1286 1938 1353 ipse
1961 1286 2216 1347 facerem,

673 1382 1082 1451 evinceremque
1107 1390 1269 1444 quam
1305 1375 1493 1428 lalsum
1533 1376 1672 1429 istud
1698 1377 1788 1441 sit,
1813 1376 1900 1443 qui
1939 1374 2098 1427 alium
2141 1375 2219 1427 iu—

673 1471 874 1522 ducunt
915 1466 1101 1528 Deum,
1129 1479 1222 1517 eos
1269 1478 1371 1516 non
1399 1477 1560 1530 posse
1584 1465 1746 1518 tutari
1787 1478 1848 1536 se
1869 1465 2124 1518 adversus
2156 1477 2218 1517 ca

673 1573 791 1629 qua:
836 1556 1020 1612 Celsus
1060 1553 1274 1621 objicit:
1317 1556 1408 1607 sed
1439 1568 1582 1607 nunc
1609 1555 1674 1607 ad
1721 1553 1964 1607 tuendam
1993 1554 2220 1621 prophe-

599 1639 604 1642 ’
676 1663 848 1704 tarum
882 1661 1117 1711 causam,
1145 1660 1265 1714 age,
1301 1645 1499 1712 aliquid
1527 1643 1848 1712 supradictis
1875 1643 2149 1695 addamus.

2320 662 2424 713 τὸν
2449 661 2632 714 αὑτὸν
2659 660 2826 725 αὖθις
2856 645 2922 713 τδ
2954 661 3097 713 αὐτὸ
3139 660 3397 726 ἐροῦσινἒ
3438 659 3630 710 ἐκεῖνο
3680 655 3760 720 δὴ
3816 655 3885 706 τὸ

2319 750 2532 817 σοφὸν,
2564 749 2652 802 ὅτι
2693 749 2878 817 ἐχρῆν
2908 749 3058 803 οὕτω
3087 750 3382 820 γενέσθαι.
3422 747 3745 816 Τεκμήριον
3772 744 3843 797 δέ
3865 760 3879 774 ·

2319 837 2500 890 πάλαι
2558 837 2665 906 γὰρ
2713 837 2893 906 ταῦτα
2941 829 3272 906 προείρητο.
3333 838 3580 907 Φήσομεν
3638 837 3695 888 δὲ
3745 835 3882 904 πρὸς

2317 929 2516 992 ταῦτα,
2586 930 2667 980 ὃτι
2741 928 2910 993 οὕτως
2982 931 3127 982 ἐστὶν
3197 929 3396 998 ἀσθενῆ
3463 930 3530 980 τὰ
3615 928 3882 998 εἰρημένα

2319 1019 2443 1088 περὶ
2501 1018 2590 1071 τοῦ
2633 1010 2804 1088 Ἰησοῦ
2865 1022 2956 1073 καὶ¹
3024 1021 3357 1090 Χριστιανῶν
3422 1022 3478 1071 ἐν
3549 1021 3660 1081 τοῖς
3715 1017 3879 1086 ὀλίγῳ

2319 1108 2424 1176 πρὸ
2462 1109 2682 1173 τούτων,
2719 1111 2791 1173 ῶς
2827 1111 2919 1163 καὶ
2949 1113 3073 1173 τοὺς
3095 1111 3247 1164 ἀλλον
3279 1110 3695 1180 εἰσηγουμένους
3725 1107 3877 1166 Θεὸν,

2319 1199 2410 1248 καὶ
2448 1198 2602 1251 τοῦτο
2646 1187 2976 1269 πράττοντας
3018 1200 3247 1262 ἀσεϐῶς,
3293 1201 3656 1269 εὐχερέστατα
3703 1197 3880 1248 drav-

2318 1287 2475 1355 τῆσαι
2530 1289 2663 1359 πρὸς
2713 1290 2781 1342 τά
2822 1291 2925 1342 ὑπὸ
2974 1291 3174 1342 Ινέλσου
3225 1292 3509 1360 λεγόμενα·
3566 1287 3661 1341 καὶ
3705 1289 3755 1338 εί
3805 1285 3880 1354 μὴ

2318 1377 2511 1430 ἄτοπον
2540 1377 2607 1450 ἦν
2634 1380 2881 1450 ἀφορμὰς
2910 1381 3103 1433 διδόναι
3136 1383 3244 1443 τοῖς
3290 1379 3698 1449 ἀσθενεστέροις
3741 1378 3875 1444 πρὸς

2324 1468 2626 1537 παραδοχὴν
2658 1470 2907 1539 χειρόνων
2949 1469 3247 1538 δογμάτων,
3279 1470 3372 1522 καὶ
3422 1472 3582 1538 ἡμεῖς
3630 1468 3696 1519 ἂν
3725 1467 3881 1518 τοῦτο

2325 1559 2730 1626 πεποιήκειμεν,
2758 1559 2822 1610 ἵν’
2847 1551 3143 1629 ὲλέγξωμεν
3166 1559 3356 1627 ψεῦδος
3380 1560 3438 1610 τὸ
3465 1561 3590 1628 περὶ
3621 1558 3736 1618 τοῦ,
3759 1560 3880 1619 τοὺς

2325 1647 2480 1700 ἄλλον
2511 1649 2925 1718 εἰσηγουμένους
2968 1649 3096 1702 Θεὸν
3128 1649 3389 1720 μηδεμίαν
3422 1649 3558 1718 ἔχειν
3591 1648 3882 1712 ἀπολογίαν

673 1741 806 1811 πρὸς
833 1739 903 1792 τὰ
925 1741 1026 1792 ὑπὸ
1054 1739 1259 1791 Κέλσου
1286 1738 1577 1806 λελεγμένα
1611 1753 1622 1765 ·
1659 1737 1776 1788 νυνὶ
1802 1735 1876 1787 δὲ
1916 1735 2093 1805 ἡμεῖς,
2135 1735 2286 1807 φέρε,
2328 1742 2453 1811 περὶ
2482 1742 2587 1794 τῶν
2616 1743 2900 1814 προφητῶν
2949 1744 3080 1814 πρὸς
3120 1746 3231 1806 τοῖς
3281 1743 3529 1813 ἀνωτέρω
3574 1741 3877 1812 εἰρημένοις

673 1833 1151 1902 ἀπολογησώμεθα.

743 1928 794 1978 3.
850 1924 940 1977 Sic
982 1921 1069 1976 ille
1120 1939 1134 1975 :
1182 1920 1311 1986 Quir
1359 1919 1583 1989 Pythia,
1636 1920 1948 1984 Dodonida,
1997 1920 2221 1982 Clarius,

2395 1918 2558 1987 Φησὶν
2591 1914 2681 1971 οὖν
2701 1937 2713 1948 ⁸
2765 1919 2844 1971 Τὰ
2881 1919 2994 1987 μὲν
3041 1921 3154 1974 ὑπὸ
3187 1918 3292 1988 τῆς
3323 1921 3564 1986 Πυθίας,
3619 1923 3658 1987 ἦ
3687 1923 3876 1976 Δωδω-

677 2014 1012 2074 Βηιηείιὶίίίε,
1057 2012 1299 2077 Ammon,
1348 2012 1687 2063 sexcentialii
1737 2021 1872 2062 vates
1922 2010 2226 2078 pronuntia-

676 2114 852 2158 verunt
898 2102 1130 2165 oracula,
1157 2116 1252 2170 pro
1316 2102 1476 2154 nihilo
1513 2103 1726 2164 habent,
1765 2099 2000 2166 quamvis
2047 2114 2225 2152 eorum

676 2196 831 2246 ductu
863 2193 1058 2261 factum
1080 2192 1191 2244 esse
1213 2195 1451 2246 videatur
1476 2200 1529 2243 ιιι
1555 2194 1607 2243 in
1620 2201 1790 2243 totum
1814 2189 1982 2241 orbem
2013 2189 2226 2240 colonia:

678 2284 977 2351 migrarent.
1008 2280 1136 2344 Qua:
1163 2295 1284 2334 vero
1327 2279 1381 2331 in
1429 2277 1644 2340 λιλαίεο,
1692 2293 1834 2330 more
1861 2277 2044 2342 gentis,
2086 2276 2226 2325 dicta

678 2381 796 2425 sunt
823 2379 913 2424 aut
939 2385 1038 2421 non
1059 2370 1222 2431 dicta,
1258 2367 1550 2433 cujusmodi
1583 2369 1864 2418 etiamnum
1896 2365 2034 2430 apud
2069 2363 2224 2415 Ρίρω-

678 2463 813 2514 nices
852 2470 900 2513 et
937 2459 1249 2514 Palcstinos
1283 2459 1542 2526 feruntur,
1569 2473 1629 2508 ea
1660 2455 1991 2506 admirabilia
2029 2465 2074 2506 et
2123 2456 2222 2505 im-

675 2552 949 2607 mutabilia
989 2553 1336 2605 arbitrantur.
1376 2541 1718 2615 Nos'itaque
1762 2547 1814 2599 in
1849 2545 1960 2597 lucc
2007 2544 2222 2597 oracula

677 2646 938 2706 dicamus,
990 2656 1093 2695 non
1144 2654 1313 2710 pauca
1344 2637 1732 2699 exAristotele
1770 2646 1823 2690 et
1858 2634 2224 2700 Peripateticis

678 2735 853 2802 colligi
887 2747 1067 2802 posse,
1110 2733 1305 2799 quibus
1326 2736 1663 2783 everteretur
1685 2725 1941 2796 quidquid
1975 2725 2131 2776 modo
2159 2723 2223 2776 de

680 2822 866 2891 Pythia
900 2819 1217 2886 ueterisque
1243 2814 1476 2870 oraculis
1509 2819 1865 2866 memoratum
1893 2807 2090 2862 aCelso
2118 2815 2220 2859 est.

681 2916 756 2984 [ij
787 2911 1014 2980 Epicuro
1052 2909 1214 2963 etiam
1254 2916 1312 2960 et
1345 2905 1413 2959 iis
1438 2902 1530 2972 qui
1551 2901 1668 2970 ejus
1699 2904 1798 2955 hac
1821 2901 1886 2954 de
1909 2913 1970 2952 re
2005 2906 2219 2952 senten-

683 3005 810 3056 tiam
834 3008 1157 3070 sequuntur,
1201 3007 1502 3066 promptum
1546 3002 1689 3048 esset
1712 2991 2017 3072 ostendere,
2051 2987 2162 3042 tolli
2194 3001 2223 3040 e

679 3093 854 3149 medio
890 3107 920 3146 a
948 3090 1260 3160 quibusdam
1293 3087 1493 3143 Graecis
1513 3087 1693 3141 omnia
1724 3085 1810 3140 illa
1839 3084 2073 3149 oracula,
2105 3093 2224 3148 qua:

681 3187 732 3239 in
775 3192 886 3238 tota
935 3181 1139 3237 Graecia
1174 3191 1453 3250 tantopere
1512 3177 1854 3232 admirationi
1916 3185 2057 3229 sunt.
2117 3175 2222 3228 Sed

679 3275 801 3328 volo
831 3273 1077 3344 Pythiam
1108 3281 1162 3326 et
1198 3272 1417 3326 oracula
1475 3279 1667 3323 czetera
1699 3280 1806 3318 non
1843 3264 2003 3319 fuisse
2022 3266 2089 3318 ab
2125 3265 2222 3316 llO-

682 3367 914 3422 minibus
965 3362 1190 3417 conficta
1234 3370 1292 3416 ut
1339 3358 1584 3428 iuspirati
1632 3373 1662 3410 a
1718 3356 1826 3410 Deo
1882 3355 2222 3409 viderentur:

680 3457 956 3509 videamus
987 3466 1051 3505 an
1081 3465 1184 3503 non
1217 3447 1456 3503 cordatis
1479 3448 1733 3501 harumce
1764 3459 1938 3498 rerum
1967 3453 2228 3496 scrutato-

685 3546 829 3598 ribus
851 3543 1062 3612 probari
1087 3540 1274 3609 possit,
1294 3547 1343 3592 et
1374 3537 1502 3591 atusi
1537 3534 1888 3591 ltzec'oracula
1925 3547 2044 3588 esse
2075 3535 2228 3587 dare.

684 3645 792 3700 tur,
829 3648 932 3686 non
970 3631 1090 3684 inde
1122 3640 1297 3682 tamen
1343 3627 1647 3681 necessario
1673 3613 1930 3692 consequi
1969 3623 2225 3690 quosdam

683 3724 810 3777 deos
837 3723 940 3776 illis
965 3734 1213 3788 praeesse,
1232 3717 1323 3770 sed
1343 3715 1644 3770 econtrario
1668 3713 1923 3780 quosdam
1945 3713 2211 3766 dzemones

585 3871 587 3875 ,
686 3811 855 3863 malos
884 3817 936 3862 ct
965 3808 1186 3875 spiritus
1240 3807 1472 3857 humano
1521 3803 1705 3870 generi
1749 3800 2002 3862 infensos,
2029 3801 2228 3868 quique

687 3899 978 3966 impediunt
1035 3896 1294 3956 animam,
1340 3906 1406 3945 ne
1449 3893 1516 3944 ad
1563 3890 1767 3945 tmlum
1812 3890 2040 3953 nitatur,
2090 3889 2226 3940 viam

683 3986 899 4038 virtutis
919 3982 1154 4043 incedat,
1179 3988 1233 4034 et
1258 3979 1321 4032 ad
1340 3977 1506 4032 Deum
1537 3991 1659 4030 vera
1683 3977 1882 4043 pietate
1908 3985 2225 4030 revertatur.

686 4078 748 4128 lit
796 4074 1009 4142 quidem
1048 4071 1113 4123 de
1165 4068 1376 4137 Pythia,
1413 4065 1556 4135 quod
1596 4063 1934 4117 oraculorum
1991 4063 2227 4116 omnium

685 4167 896 4216 videtur
919 4174 1036 4215 esse
1066 4160 1450 4218 clarissimam,
1502 4161 1750 4207 narratur
1787 4153 1922 4204 hanc
1973 4149 2228 4219 Apollinis

684 4265 860 4306 vatem
883 4265 975 4303 ore
1021 4249 1236 4303 Castalii
1271 4263 1341 4314 sp!
1365 4261 1458 4298 cus
1506 4245 1822 4297 insidentem
1853 4240 2092 4309 accipere
2118 4242 2226 4309 spi-

688 4346 843 4396 ritum
886 4355 978 4407 per
1027 4339 1321 4406 pudendam
1356 4336 1434 4390 sui
1493 4334 1736 4402 corporis
1787 4342 2011 4400 partem,
2061 4345 2229 4398 eoque

685 4435 762 4486 sic
803 4430 1060 4498 repletam
1108 4428 1330 4479 fundere
1373 4424 1630 4492 prmclara
1664 4423 1750 4475 illa
1773 4421 2009 4480 etdivina
2052 4429 2108 4472 ut
2136 4435 2229 4487 pu-

2327 2009 2468 2060 νίων
2486 2009 2613 2078 (46),
2635 2009 2672 2075 ἢ
2692 2012 2969 2076 Κλαρίου,
2991 2013 3027 2078 ἡ
3050 2011 3117 2064 ἐν
3133 2013 3501 2080 Βραγχίδαις,
3520 2013 3556 2080 ἢ
3578 2013 3648 2066 ἐν
3673 2016 3878 2083 Ἀμμω-

2325 2117 2428 2164 νος
2450 2100 2564 2152 ὑπὸ
2581 2101 2804 2168 μυρίων
2818 2117 2880 2153 τε
2895 2102 3097 2156 ἄλλων
3111 2105 3448 2170 θεοπρόπων
3466 2105 3876 2172 προειρημένα,

2325 2191 2424 2257 ὑφ’
2459 2185 2546 2243 ὧν
2573 2191 2850 2257 ἐπιεικῶς
2868 2191 3035 2246 πᾶσα
3065 2193 3139 2262 γῆ
3172 2196 3523 2260 κατῳκίσθη,
3557 2196 3746 2250 ταῦτα
3769 2197 3881 2264 μὲν

2325 2281 2520 2334 οὐδενὶ
2549 2282 2705 2352 λόγῳ
2736 2283 3014 2336 τίθενται·
3044 2284 3112 2336 τὰ
3145 2283 3210 2334 δὲ
3238 2286 3354 2337 ὑπὸ
3387 2283 3504 2336 τῶν
3533 2285 3605 2338 ὲν
3637 2286 3880 2352 Ἰουδαίᾳ

2323 2370 2403 2435 τῷ
2429 2371 2670 2425 ἐκείνων
2701 2374 2889 2442 τρόπῳ
2919 2373 3223 2442 λεχθέντα,
3253 2373 3293 2439 ἣ
3319 2372 3402 2441 μὴ
3439 2375 3752 2442 λεχθέντα,
3785 2377 3878 2428 καὶ

2322 2460 2521 2526 ὥσπερ
2547 2461 2819 2515 εἰώθασιν
2854 2464 2938 2514 ἔτι
2965 2464 3078 2515 νῦν
3115 2465 3167 2514 ot
3201 2463 3330 2529 περὶ
3369 2463 3658 2532 Φοινίκην
3687 2481 3754 2518 τε
3787 2465 3881 2517 και

2323 2553 2745 2619 Παλαιστίνην,
2779 2551 2961 2603 ταῦτά
2985 2568 3050 2619 γε
3075 2553 3381 2619 θαυμαστὰ
3417 2552 3514 2606 καὶ
3537 2549 3882 2622 ἀπαράλλα-

2323 2659 2432 2695 κτα
2465 2643 2764 2710 ἡγοῦνται.
2809 2643 3068 2712 Δέγωμεν
3103 2640 3194 2694 οὖν
3229 2643 3352 2712 περὶ
3385 2643 3492 2698 τῶν
3537 2643 3883 2714 κατειλεγμέ-

2324 2750 2426 2784 νων
2459 2734 2819 2802 χρηστηρίων,
2855 2734 2934 2784 ὅτι
2976 2734 3192 2786 δυνατὸν
3238 2735 3334 2803 μὲν
3380 2736 3531 2803 ἡμῖν,
3567 2736 3883 2804 συνάγουσιν

2324 2825 2428 2876 ἀπὺ
2473 2825 2864 2894 Ἀριστοτέλους
2900 2824 3030 2892 (47),
3068 2825 3158 2876 καὶ
3201 2824 3307 2876 τῶν
3341 2825 3411 2877 τά
3450 2825 3542 2877 τοῦ
3577 2827 3881 2895 Περιπάτου

2324 2913 2807 2982 φιλοσοφησάντων,
2859 2913 2956 2964 οὐκ
3013 2913 3164 2979 ὀλίγα
3219 2915 3389 2967 εἰπεῖν
3439 2917 3519 2979 εἰς
3578 2917 3882 2987 ἀνατροπὴν

2322 3001 2418 3068 τὴν
2464 3001 2555 3052 τοῦ
2590 3003 2714 3070 περὶ
2748 3002 2844 3070 τῆς
2891 3001 3091 3062 Πυθίας
3124 3003 3216 3054 καὶ
3261 3003 3367 3054 τῶν
3414 3004 3619 3059 λοιπῶν
3650 3023 3885 3076 χρηστη-

2325 3089 2453 3156 ρίων
2496 3089 2650 3156 λόγου
2674 3107 2687 3121 ο
2734 3090 2952 3142 δυνατὸν
2979 3091 3034 3143 δὲ
3062 3093 3154 3143 καὶ
3184 3092 3251 3144 τὰ
3292 3092 3589 3163 λελεγμένα
3616 3095 3696 3165 τῷ
3740 3096 3884 3148 Ἔπι-

2325 3179 2500 3248 κούρῳ
2535 3179 2663 3246 (48),
2701 3181 2792 3232 καὶ
2823 3183 2931 3242 τοῖς
2971 3182 3365 3252 ἀσπαζομένοις
3396 3183 3560 3252 αξιτοῦ
3607 3185 3697 3237 τὸν
3732 3185 3887 3250 λόγον

2326 3270 2450 3336 περὶ
2483 3268 2586 3319 τῶν
2612 3268 2807 3331 αυτῶν,
2834 3248 3201 3338 παραθέμενον
3230 3270 3414 3335 δεῖξαι,
3561 3273 3654 3326 καὶ
3825 3275 3885 3343 ήο

2324 3374 2428 3408 νων
2459 3358 2601 3419 τινες
2630 3357 2993 3428 ἀνατρέπουσι
3024 3361 3121 3422 τὰς
3141 3359 3507 3430 ,νομιζομένας
3555 3363 3650 3415 καὶ
3694 3362 3885 3416 τεθαυ-

2328 3445 2602 3514 μασμένας
2645 3447 2701 3496 ἐν
2741 3447 2886 3517 πάσῃ
2930 3446 3132 3499 Ἐλλάδι
3185 3437 3754 3519 θεοπροπείας.”Δλλά
3780 3452 3886 3524 γάρ

2325 3535 2574 3597 δεδόσθω,
2605 3535 2679 3605 μὴ
2713 3533 2846 3587 εἶναι
2879 3536 3041 3606 πλάσι
3067 3554 3191 3602 ατα,
3225 3539 3356 3608 μηδὲ
3379 3541 3766 3611 προσποιήσεις
3795 3543 3884 3595 ἀν-

2326 3625 2554 3696 θρώπων
2587 3629 2711 3695 περὶ
2749 3626 3038 3697 θεοφορίαςλ
3079 3628 3146 3680 τὰ
3173 3630 3300 3699 περὶ
3328 3630 3425 3699 τὴν
3450 3631 3654 3686 Πυθίαν
3678 3633 3775 3685 καὶ
3816 3633 3882 3684 τὰ

2325 3725 2483 3777 λοιπά
2526 3742 2656 3795 χρηε
2676 3726 2824 3794 εήρια
2845 3742 2858 3755 ·
2914 3726 3109 3796 ἴδωμεν
3140 3721 3252 3792 οὖν,
3287 3729 3335 3780 εί
3380 3728 3455 3797 μὴ
3498 3729 3591 3782 καὶ
3621 3729 3764 3783 οὕτω
3795 3731 3883 3782 δύ-

2326 3835 2478 3870 ναται
2520 3821 2628 3879 τοῖς
2659 3815 2961 3882 φιλαλήθως
3001 3817 3307 3881 ἐξετάζουσι
3343 3817 3410 3869 τά
3449 3818 3748 3887 πράγματα
3774 3819 3884 3890 (49)

2325 3907 2664 3959 ἀποδείκνυσί
2678 3923 2751 3969 αι,
2778 3908 2858 3958 ὅτι
2885 3906 2977 3957 καὶ
2998 3905 3076 3974 τῷ
3103 3901 3681 3978 παραδεχομένῳεῖναι
3712 3909 3883 3962 ταῦτα

2325 3996 2394 4048 τά
2431 3998 2650 4064 μαντεῖα
2677 3996 2776 4047 οὐκ
2818 3996 3109 4059 ἀναγκαῖον
3145 3994 3458 4066 προσέσθαι,
3491 3996 3572 4048 ὅτι
3600 3996 3710 4049 θεοί
3745 4003 3882 4062 τινές

2327 4087 2430 4135 εἰσι
2462 4083 2589 4149 παρ’
2621 4083 2817 4144 αὐτοῖς,
2857 4081 2970 4133 ἀλλ’
2997 4083 3061 4134 ὲκ
3104 4083 3408 4135 τούναντίου
3450 4081 3695 4152 δαίμονές
3739 4101 3881 4147 τινες

2328 4175 2533 4241 φαῦλοι,
2561 4176 2652 4226 καὶ
2677 4173 2951 4242 πνεύματα
2976 4173 3144 4244 ὲχθρά
3168 4172 3247 4243 τῷ
3271 4173 3416 4240 γένει
3438 4173 3542 4226 τῶν
3562 4174 3878 4246 ἀνθρώπων,

2328 4267 2418 4316 καὶ
2451 4262 2719 4316 κωλύοντα
2753 4263 2845 4333 τὴν
2874 4263 2970 4331 τῆς
2998 4263 3172 4332 ψυχῆς
3218 4262 3418 4326 ἄνοδον,
3461 4263 3554 4316 καὶ
3593 4265 3659 4318 δι’
3686 4266 3882 4336 ἀρετῆς

2327 4356 2565 4423 πορείαν,
2606 4355 2697 4406 καὶ⁹
2725 4353 2820 4424 τῆς
2867 4353 3031 4422 ἀληθι·
3057 4353 3120 4422 ἧς
3147 4353 3420 4416 εὐσεϐείας
3448 4354 3879 4409 ἀποκατάστασιν

2329 4445 2461 4514 πρὸς
2485 4445 2572 4494 τὸν
2593 4442 2740 4494 Θεόν.
2759 4441 3052 4511 Ἱστόρητα.
3074 4441 3179 4510 (50)
3196 4441 3370 4492 τοίνυν
3387 4443 3626 4513 περὶτῆς
3646 4443 3870 4506 Πυθίας,

686 4532 875 4575 tantur
899 4518 1135 4573 oracula.
1157 4514 1274 4570 Jam
1310 4532 1334 4564 ι·
1364 4515 1426 4566 de
1460 4528 1649 4566 annon
1672 4513 1800 4566 huc
1823 4520 1929 4564 tota
1953 4525 2009 4564 se
2036 4511 2221 4578 prodat

2325 4511 2456 4603 ὅπερ
2475 4535 2618 4585 δοκεῖ
2636 4533 2740 4583 τῶν
2770 4531 2937 4584 ἄλλων
2979 4531 3235 4598 μαντείων
3277 4511 3644 4602 λαμπρότερον
3679 4535 3878 4601 τυγχά.

684 4614 889 4678 impura
934 4607 1154 4675 spiritus
1185 4605 1324 4657 illius
1373 4603 1649 4669 spurcitia,
1699 4601 1811 4670 qui,
1863 4601 1993 4654 utin
2032 4599 2221 4651 vatici-

686 4700 862 4753 nantis
887 4697 1118 4749 animam
1155 4695 1364 4756 subeat,
1392 4707 1493 4744 non
1518 4692 1815 4759 ingreditur
1849 4704 1938 4759 per
1962 4698 2144 4742 tenues
2173 4697 2226 4742 et

685 4789 1064 4857 iuconspicuns
1093 4795 1299 4837 meatus
1328 4782 1572 4848 pudenda
1607 4790 1757 4848 parte
1779 4781 1944 4832 multo
1962 4781 2223 4847 pur-iores.

685 4880 776 4931 sed
805 4893 897 4946 per
931 4891 1041 4936 eos,
1078 4891 1210 4943 quos
1244 4872 1326 4925 vel
1364 4871 1563 4922 homini
1606 4869 1907 4922 verecundo
1966 4869 2224 4934 aspicere,

685 4963 984 5029 nominare,
1036 4976 1129 5018 aut
1185 4965 1338 5016 etintr
1392 4969 1680 5014 attrectare
1714 4957 1883 5009 nefas.
1915 4957 1982 5007 At
2012 4971 2136 5008 vero
2175 4955 2224 5007 id

685 5058 858 5108 facere
883 5070 984 5107 non
1011 5054 1172 5106 semel
1209 5064 1367 5119 atqu:
1403 5051 1615 5108 iterum,
1643 5048 1782 5114 quod
1831 5057 1970 5098 esset
2005 5045 2226 5097 fortasse

688 5143 1047 5205 tolerabilius;
1088 5146 1177 5196 sed
1223 5144 1397 5200 toties.
1423 5139 1590 5208 696
1637 5136 1845 5206 quoties
1879 5134 1963 5186 illa
2014 5132 2227 5185 alliante

684 5235 924 5302 Apolline
976 5236 1218 5288 vaticinia
1252 5234 1411 5285 cdt-re
1458 5233 1726 5292 creditur;
1779 5229 1904 5294 quin
1960 5235 2009 5278 et
2041 5224 2222 5276 vatici-

754 5411 862 5476 (46)
902 5409 1225 5460 Δωδωνίων.
1257 5409 1390 5474 Lege
1415 5405 1494 5459 vel
1519 5419 1637 5476 Cltm
1663 5405 1854 5476 Giuielo
1877 5401 2215 5476 Δωδωναίων,

683 5470 770 5532 vel
803 5470 972 5545 potius
1002 5493 1119 5528 cum
1163 5470 1456 5545 llulit-rellu,
1487 5475 1820 5545 Δωδωνίδων,
1852 5482 1913 5545 ut
1946 5470 2079 5522 inira
2119 5471 2219 5520 bu-

682 5540 827 5617 jusce
864 5547 982 5617 libri
1017 5560 1158 5617 num.
1185 5545 1215 5594 6
1240 5556 1290 5595 et
1321 5546 1370 5594 7.
1403 5542 1518 5596 Mox
1552 5541 1823 5597 llwscltel.
1851 5540 1902 5591 iu
1936 5549 2078 5592 textu
2117 5541 2214 5590 ba-

689 5612 791 5678 bel,
815 5619 869 5667 ὲν
895 5612 1189 5682 Βραχίδαις,

757 5673 863 5752 (Π)
908 5673 1350 5748 Ἀριστοτέλους.
1403 5679 1530 5732 Vide
1559 5677 1765 5752 Euseb.
1810 5677 1899 5728 lib.
1928 5690 1995 5752 tv,
2037 5689 2151 5752 cup.
2182 5673 2216 5724 ‘2.

689 5765 741 5806 et
764 5744 856 5814 ’δέ
887 5744 1116 5817 Ιθιῆινρηιο.
1153 5767 1367 5815 cvuug.,
1411 5757 1464 5800 et
1505 5748 1880 5801 adnotatioues
1923 5746 1985 5795 ad
2038 5744 2128 5794 Ιιιι.
2165 5758 2210 5804 l,

692 5839 833 5875 num.
862 5823 947 5875 43.

2322 4639 2452 4682 νειν,
2475 4623 2552 4672 ὅτι
2585 4617 3038 4688 περικαθεζομένη
3087 4615 3148 4668 τὸ
3186 4618 3283 4685 τῆς
3313 4617 3618 4681 Κασταλίας
3666 4620 3878 4688 στόμιον

2328 4713 2358 4779 ὴ
2392 4711 2483 4762 τοῦ
2526 4709 2846 4770 ’Λπόλλωνος
2877 4707 3138 4775 προφῆτις
3159 4706 3366 4775 δέχεται
3412 4707 3627 4777 πνεῦμα
3659 4707 3746 4760 διὰ
3775 4709 3878 4759 τῶν

2326 4800 2643 4866 γυναικείων
2694 4798 2930 4848 κόλπωνο
2983 4792 3042 4848 οὒ
3095 4796 3436 4864 πληρωθεῖσα
3477 4797 3876 4865 άποῳθέγγεται

2326 4891 2394 4942 τὰ
2440 4889 2763 4959 νομιζόμενα
2805 4882 2940 4938 εἶναι
2988 4886 3156 4955 σεμνὰ
3203 4887 3298 4937 καὶ
3343 4885 3458 4938 θεῖα
3509 4886 3872 4954 μαντεύματα.

2329 4980 2466 5050 "Op:
2498 4981 2559 5048 δὴ
2595 4979 2680 5032 διὰ
2712 4977 2928 5036 τούτων,
2955 4976 3004 5027 εί
3051 4975 3113 5044 ιὴ
3141 4973 3312 5027 τὸτοῦ
3337 4974 3639 5042 πνεύματος
3673 4975 3875 5026 ἐκείνου

2329 5068 2625 5138 ἀκάθαρτον
2669 5069 2757 5119 καὶ
2811 5063 3026 5134 βέϐηλον
3081 5064 3414 5131 ἐμφαίνεται,
3451 5064 3524 5133 μὴ
3569 5063 3655 5116 διὰ
3695 5067 3874 5132 μανῶν

2330 5158 2420 5208 καὶ
2453 5158 2665 5223 ἀφανῶν
2714 5157 2909 5224 πόρων,
2955 5169 3048 5206 και
3094 5152 3268 5222 πολλῷ
3311 5153 3629 5220 γυναικείων
3665 5156 3873 5206 κόλπων

2331 5246 2738 5316 καθαρωτέρων,
2780 5244 3113 5313 magnvs}
3160 5244 3301 5312 ψυχῇ
3351 5243 3447 5311 τῆς
3494 5242 3902 5312 θεσπιξοὺσης,ι

2390 5401 2496 5469 (i8)
2547 5403 2883 5466 Ἐπικούρῳ.
2918 5400 3048 5454 Vide
3086 5401 3286 5456 Euseb.
3334 5399 3528 5452 ibidem
3557 5407 3615 5453 et
3642 5401 3870 5452 adnuta-

2323 5471 2492 5520 litmes
2521 5473 2584 5519 ad
2623 5471 2713 5522 lib.
2746 5487 2782 5525 Ι,
2821 5488 2872 5520 ιι.
2903 5469 2993 5521 45.

2389 5538 2496 5603 (ιν)
2540 5537 2800 5590 lltescltel.
2837 5547 2889 5590 et
2937 5535 3191 5601 Spencer.
3227 5537 3280 5589 in
3345 5535 3602 5604 margine,
3639 5535 3867 5604 προστάέ

2317 5622 2515 5674 γματα.
2559 5606 2718 5657 Paulo
2771 5617 2888 5671 ||05l
2937 5607 3128 5658 ibidem
3156 5608 3206 5658 itt
3244 5615 3418 5669 textu,
3467 5603 3760 5672 προέσθαι.
3804 5603 3869 5654 ad

2317 5692 2463 5728 OI‘IHII
2500 5674 2814 5742 προσέσθαι.

2389 5745 2497 5812 (ὅθ)
2544 5741 2883 5808 Vetti/urat.
2918 5741 3044 5795 Vide
3080 5742 3293 5796 Diodor.
3325 5743 3433 5797 Sic.
3467 5742 3562 5796 lib.
3593 5757 3704 5793 xu.
