4094 6322
283 415 422 471 “25

1437 417 1709 474 CONTRA
1743 419 2016 475 CELSUM
2051 420 2174 474 LIB.
2218 420 2321 475 VII.

3345 423 3480 477 H26

274 528 406 583 ἀλλὰ
440 527 526 582 διὰ
557 530 774 594 τούτων,
821 533 857 586 ἃ.
901 533 1018 585 οὑδὲ
1063 533 1217 602 θέμις
1252 529 1317 600 ἦν
1361 533 1438 601 τῷ
1470 533 1698 602 σώφρονι
1733 536 1816 586 καὶ

1927 547 2145 589 nantem
2183 546 2332 588 extra
2363 544 2421 589 se
2451 536 2700 606 abripere
2723 545 2779 591 et‘
2815 539 2868 592 in
2907 536 3147 592 furorem
3187 552 3367 606 agere,
3426 546 3484 591 ut

271 618 536 690 ἀνθρώπῳ
579 620 812 690 βλέπειν,
844 623 993 676 οὔπω
1025 624 1270 691 λέγεσθαι
1303 624 1411 694 (51)
1447 625 1480 694 ἢ
1517 626 1609 678 καὶ
1662 626 1831 678 ἅπτε-

270 706 413 769 σθαι,
446 710 539 762 καὶ
567 709 722 764 τοῦτο
750 717 916 766 ποιεῖν
949 715 1044 783 οὐχ
1076 713 1223 777 άπαξ
1266 731 1385 776 που,
1421 714 1536 766 οὐδὲ
1569 714 1647 776 δὶς
1683 714 1831 780 (ἴσως

274 797 372 868 γάρ
401 797 574 864 ἔδοξεν
610 802 954 874 ἀνεκτότερον
997 806 1058 857 τὸ
1098 805 1303 859 τόιοῦτο
1342 805 1667 874 τυγχάνειν),
1699 804 1831 857 ἀλλὰ

266 890 616 956 τοσαυτάκις,
676 895 861 959 ὁσάκις
922 897 1278 965 προφητεύειν
1332 897 1511 965 ὲκείνη
1575 896 1679 947 ἀπὸ
1735 895 1827 946 τοῦ

275 979 602 1045 ’Λπόλλωνος
629 984 999 1038 πεπίστευται.
1045 987 1201 1040 Ἀλλὰ
1247 987 1335 1039 καὶ
1374 989 1434 1039 τὸ
1465 987 1544 1049 είς
1575 986 1825 1038 ἔκστασιν

262 1070 355 1123 καὶ
392 1073 621 1143 μανικὴν
657 1073 766 1144 (52)
800 1075 950 1144 ἄγειν
982 1079 1308 1130 κατάστασιν
1359 1080 1454 1146 τὴν
1498 1078 1652 1148 δῆθεν
1699 1095 1828 1146 προ-

262 1161 617 1227 φητεύουσαν,
646 1164 722 1227 ὡς
772 1165 1030 1235 μηδαμῶς
1077 1168 1242 1237 αὐτὴν
1292 1170 1451 1238 ἑαυτῇ
1497 1167 1830 1239 παρακολου-

1937 625 2036 680 sibi
2095 625 2212 694 ipsa
2266 635 2515 679 constare
2558 641 2663 679 non
2715 628 2906 695 possit,
2964 627 3015 681 id
3048 636 3196 682 certe
3248 625 3482 696 Spiritus

1937 719 2100 772 divini
2140 731 2244 770 non
2275 726 2357 770 est
2382 730 2538 785 opus.
2591 716 2814 784 Oportet
2858 718 3001 772 enim
3040 726 3099 771 ut
3152 717 3245 786 qui
3302 717 3498 771 divino

1935 807 2139 875 Spiritu
2195 805 2402 887 adlatus
2424 817 2527 868 εει,
2559 807 2604 859 is
2637 806 2791 876 longe
2823 818 2950 862 ante
2981 821 3072 862 eos
3100 807 3191 875 qui
3241 805 3481 860 discendi

1932 913 2096 952 causa
2132 899 2259 966 quid
2297 900 2363 952 ad
2396 897 2604 952 civilem
2635 906 2729 951 aut
2763 897 3059 972 naturalem
3086 898 3248 950 vitam
3280 887 3482 950 condu-

1930 997 2038 1052 cat,
2067 989 2193 1057 quid
2212 987 2459 1056 quaestui,
2484 986 2612 1055 quid
2643 987 2929 1043 commodo
2968 987 3058 1051 sit,
3091 982 3310 1059 oracula
3342 997 3481 1038 con-

1932 1077 2132 1144 sulunt,
2174 1077 2457 1131 utilitatem
2490 1075 2616 1131 inde
2666 1076 2948 1145 percipiat,
2991 1091 3056 1131 ac
3097 1084 3211 1142 tum
3250 1072 3483 1128 maxime

1933 1168 2025 1220 ﬁat
2053 1167 2355 1235 perSpicax,
2383 1179 2719 1222 cumnumen
2759 1167 2862 1235 ipsi
2904 1165 3267 1233 conjungitur.

260 1249 473 1315 θεῖν,οὐ
502 1253 644 1308 θείου
685 1256 994 1328 Πνεύματος
1044 1259 1199 1330 ἔργον
1249 1262 1421 1313 ἐστίν·
1475 1263 1636 1331 ἐχρῆν
1683 1260 1788 1330 γὰρ
1815 1259 1923 1329 (55)
1953 1261 2040 1314 τὸν
2094 1260 2317 1328 κάτοχον
2362 1259 2437 1330 τῷ
2493 1260 2621 1330 θείῳ
2671 1261 2962 1331 Πνεύματι,
3009 1261 3186 1332 πολλῷ
3223 1261 3482 1332 πρότερον

259 1347 457 1412 παντὸς
487 1351 791 1404 οὑτινοσοῦν
840 1351 932 1405 τοῦ
988 1355 1094 1406 ἀπὸ
1124 1354 1230 1406 τῶν
1273 1356 1529 1425 χρησμῶν
1563 1355 1940 1424 διδασκομένου
1994 1355 2055 1406 τὸ
2094 1354 2524 1429 συμϐαλλόμενον
2571 1356 2648 1417 είς
2680 1355 2772 1406 τὸν
2810 1355 2972 1425 μέσον
3005 1358 3096 1408 καὶ
3129 1357 3266 1410 κατὰ
3320 1355 3478 1424 φύσιν

257 1437 390 1507 βίον,
439 1443 474 1512 ἢ
531 1445 667 1515 πρὸς
711 1446 772 1498 τὸ
815 1447 1101 1511 λυσιτελὲς,
1157 1449 1356 1518 ῆπρδς
1385 1450 1445 1501 τὸ
1499 1449 1790 1518 συμφέρον,
1838 1448 2197 1519 ὠφεληθῆναι,
2233 1445 2791 1517 καὶδιορατικώτερον
2839 1447 2968 1517 παρ’
3025 1450 3197 1502 έκεῖνο
3253 1447 3477 1518 μάλιστα
3541 1491 3550 1501 .

255 1537 445 1606 καιροῦ
479 1541 763 1610 τυγχάνειν
793 1543 879 1595 ὅτε
912 1544 1152 1596 σύνεστιν
1183 1543 1328 1613 αὐτῷ
1359 1543 1420 1596 τὸ
1453 1543 1611 1597 θεῖον.

329 1634 492 1689 Ὅθεν
525 1640 685 1706 ἡμεῖς
728 1640 1136 1710 άποδείκνυμεν,
1191 1641 1508 1707 συνάγοντες
1559 1640 1666 1692 ἀπὸ
1717 1640 1822 1692 τῶν

255 1725 418 1795 ἱερῶν
457 1728 496 1778 Γ
502 1729 821 1798 ραμμάτων,
881 1731 960 1782 ὅτι
1016 1732 1066 1783 οἱ
1112 1733 1169 1782 ὲν
1208 1731 1474 1792 Ἰουδαίοις
1529 1732 1819 1800 προφῆται,

1996 1637 2050 1690 4.
2077 1636 2250 1704 Atque
2272 1649 2391 1689 cam
2413 1634 2481 1689 ob
2510 1648 2622 1688 rem
2650 1649 2746 1688 nos
2779 1647 2808 1686 e
2832 1633 3005 1688 sacris
3032 1633 3329 1704 Scripturis
3379 1635 3474 1689 de-

1930 1736 2318 1790 monstramus,
2360 1723 2668 1779 Judzcorum
2721 1727 3011 1798 prophetas
3061 1723 3477 1794 divino-Spiritu

253 1810 652 1882 ἐλλαμπόμενοι
699 1816 804 1867 ὑπὸ
853 1815 947 1868 τοῦ
991 1817 1133 1868 θείου
1186 1817 1499 1886 Πνεύματος
1548 1817 1816 1881 τοσοῦτον,

1921 1816 2242 1878 illustratos,
2270 1824 2528 1883 quantum
2567 1814 2696 1882 ipsis
2725 1814 2853 1868 utile
2886 1814 3008 1876 fuit,
3052 1810 3258 1883 primos
3308 1814 3479 1871 luisse

249 1900 377 1951 ὅσον
406 1897 474 1971 ἦν
495 1903 586 1955 καὶ
614 1905 794 1967 αὐτοῖς
813 1907 922 1969 τοῖς
953 1905 1348 1976 προφητεύουσι
1373 1909 1658 1978 χρήσιμον,
1688 1925 1819 1977 προ⁴

252 1991 524 2047 απέλαυον
558 1993 664 2064 (54)
696 1996 792 2064 τῆς
826 1996 919 2047 τοῦ
952 1999 1251 2066 κρείττονος
1294 1990 1370 2060 εἰς
1418 2000 1610 2074 αὑτοὺς
1637 2000 1819 2068 ἐπιδη-

252 2081 416 2150 μίας⁸
450 2083 541 2134 καὶ
577 2083 663 2135 διὰ
698 2084 795 2153 τῆς
824 2086 957 2156 πρὸς
985 2085 1083 2156 τὴν
1109 2085 1282 2157 ψυχὴν
1323 2088 1520 2150 αὐτῶν,
1554 2089 1619 2140 ἵν’
1649 2088 1818 2152 οὕτως

251 2170 534 2240 ὀνομάσω,
594 2175 737 2244 άφῆς
789 2174 881 2227 τοῦ
926 2175 1256 2245 καλουμένου
1305 2179 1456 2245 ἁγίου
1510 2177 1818 2247 Πνεύματος

247 2257 685 2332 διορατικώτεροί
729 2281 783 2314 τε
831 2264 922 2316 τὸν
966 2265 1087 2316 νοῦν
1119 2265 1355 2333 ἐγίνοντο
1387 2268 1478 2318 καὶ
1521 2265 1616 2335 τὴν
1644 2265 1818 2334 ψυχὴν

247 2348 527 2420 λαμπρότε
535 2369 615 2422 ροι
628 2369 640 2381 ·
661 2338 794 2406 ἀλλὰ
809 2355 901 2407 καὶ
918 2355 978 2407 τὸ
1006 2355 1161 2425 σῶμα
1175 2356 1418 2427 οὐδαμῶς
1439 2357 1516 2408 ἔτι
1538 2357 1818 2425 ἀντιπράτ-

242 2459 338 2493 τον
519 2441 596 2512 τῷ
631 2446 748 2497 κατ’
770 2446 966 2515 ἀρετὴν
999 2446 1116 2516 βίῳ,
1146 2448 1240 2500 ἅτε
1276 2446 1412 2499 κατὰ
1442 2447 1502 2498 τὸ
1538 2449 1664 2517 παρ’
1687 2449 1818 2517 ἡμῖν

243 2529 574 2600 καλούμενον
605 2532 856 2602 φρόνημα
885 2534 984 2603 τῆς
1016 2534 1212 2605 σαρκὸς
1244 2533 1618 2604 νεκρούμενον.
1650 2533 1818 2584 Πνεύ-

248 2636 382 2688 ματι
417 2621 523 2691 γὰρ
555 2621 808 2693 θειοτέρῳ
839 2624 943 2688 τὰς
986 2624 1089 2677 τοῦ
1122 2624 1391 2691 σώματος
1435 2624 1696 2690 πράξεις,
1727 2625 1818 2676 καὶ

243 2709 356 2761 ἀπὸ
384 2709 477 2764 τοῦ
517 2713 859 2782 φρονήματος
893 2713 992 2782 τῆς
1034 2713 1233 2784 σαρκὸς
1277 2714 1580 2783 ἀρχομένας
1621 2713 1816 2782 ἔχθρας

242 2801 530 2870 τυγχάνειν
553 2801 660 2872 (56)
694 2803 827 2873 πρὸς
854 2804 1005 2868 Θεὸν,
1035 2803 1428 2857 θανατοῦσθαι
1460 2803 1810 2872 πεπείσμεθα.

245 2893 310 2943 Ei
341 2892 385 2943 δ’
419 2888 714 2956 ἐξίσταται,
763 2893 854 2945 καὶ
902 2894 1000 2946 οὐκ
1048 2896 1104 2946 ὲν
1156 2896 1318 2963 ἑαυτῆ
1368 2896 1510 2945 ἐστιν
1551 2896 1582 2962 ἡ
1623 2893 1812 2954 Πυθία,

242 2985 334 3034 ὅτε
365 2983 710 3052 μαντεύεται·
747 2985 982 3037 ποδαπὸν
1015 2986 1290 3054 νομιστέον
1329 2984 1563 3054 πνεῦμα,
1596 2983 1655 3036 τὸ
1690 2984 1812 3036 σκό-

242 3090 335 3145 τον
384 3075 654 3144 καταχέαν
698 3075 792 3127 τοῦ
842 3075 931 3128 νοῦ
982 3076 1073 3127 καὶ
1124 3075 1230 3126 τῶν
1259 3075 1610 3144 λογισμῶν,ἢ
1645 3072 1814 3126 τοιοῦ-

1919 1906 2009 1975 qui
2033 1905 2417 1974 praestantioris
2445 1912 2649 1957 natura:
2688 1906 2915 1958 adventu
2952 1903 3278 1969 fruerentur,
3301 1913 3350 1959 et
3380 1919 3479 1974 per

1917 1996 2090 2051 sancti
2121 1995 2351 2064 Spiritus
2383 2002 2715 2057 contactum,
2766 2002 2824 2046 ut
2870 1993 2942 2046 ita
2990 1994 3202 2061 loquar,
3239 2003 3474 2050 mentem

1917 2098 2101 2138 eorum
2153 2080 2597 2150 perspicaciorem
2647 2082 2992 2148 animamque
3058 2082 3470 2150 splendidiorem

1917 2173 2112 2227 {cctam
2152 2172 2339 2227 fuisse.
2383 2170 2488 2224 Sed
2539 2184 2712 2239 neque
2752 2169 2966 2222 illorum
2992 2183 3188 2237 corpus
3225 2170 3276 2222 in
3321 2184 3471 2224 mora

1915 2263 2140 2332 amplius
2169 2271 2284 2317 erat
2322 2276 2388 2314 ne
2416 2259 2600 2312 virtuti
2629 2259 2930 2323 studerent,
2951 2260 3147 2328 quippe
3169 2260 3309 2328 quod
3334 2273 3466 2326 pru-

1916 2353 2112 2407 dentiae
2144 2351 2341 2416 carnis,
2385 2361 2445 2405 ut
2489 2365 2763 2415 vocamus,
2799 2360 3108 2405 emortuum
3157 2360 3298 2405 erat.
3339 2351 3471 2404 Per-

1916 2459 2131 2500 suasum
2173 2445 2312 2498 enim
2347 2443 2501 2498 nobis
2533 2453 2617 2497 est
2667 2443 2804 2510 facta
2845 2443 3099 2510 corporis,
3149 2451 3202 2496 ct
3241 2453 3389 2497 ortas
3436 2456 3468 2497 a

1915 2534 2204 2604 prudentia
2234 2536 2414 2589 carnis
2448 2550 2569 2588 cum
2609 2533 2721 2588 Deo
2758 2533 3070 2587 inimicitias
3131 2533 3312 2587 divino
3348 2533 3468 2602 Spi-

1918 2626 2022 2680 ritu
2054 2623 2381 2692 mortiﬁcari.
2426 2624 2484 2679 Si
2513 2633 2690 2678 autem
2745 2633 2903 2679 extra
2935 2638 2996 2677 se
3037 2623 3264 2690 rapitur,
3297 2625 3341 2676 si
3385 2623 3467 2676 sui

1916 2731 2130 2783 compos
2163 2731 2265 2768 non
2289 2724 2372 2770 est
2395 2714 2587 2784 Pythia
2605 2715 2732 2768 dum
2749 2714 3002 2767 vaticinia
3033 2713 3162 2777 edit,
3186 2713 3466 2782 cuiusnam

1915 2807 2050 2858 alius
2102 2805 2310 2874 generis
2354 2809 2840 2875 censeri,oportet
2888 2804 3133 2872 spiritum
3189 2803 3335 2855 illum
3373 2802 3463 2870 qni

1914 2897 2077 2949 menti
2111 2907 2164 2950 et
2188 2891 2384 2952 rationi
2417 2896 2668 2951 tenebras
2694 2895 2941 2956 offundit,
2965 2908 3324 2964 praeterquam
3350 2893 3467 2948 illo-

1915 2999 2032 3037 rum
2086 2984 2428 3049 dretuonum,
2485 3000 2620 3053 quos
2689 3001 2754 3039 ex
2807 2985 3042 3037 obsessis
3091 2981 3370 3052 proﬂigant
3424 2991 3466 3036 e

1914 3074 2236 3129 ChriStianis
2273 3075 2445 3139 ntulti,
2483 3075 2645 3142 idque
2672 3075 2788 3128 sine
2818 3075 2923 3126 ullo
2952 3075 3126 3128 inutili
3153 3075 3337 3143 magiae
3370 3082 3465 3126 aut

242 3182 334 3218 τον
367 3168 544 3219 ὁποῖόν
576 3168 692 3220 ἐστι
724 3167 817 3220 καὶ
860 3168 920 3219 τὸ
949 3169 1053 3219 τῶν
1089 3168 1353 3238 δαιμόνων
1384 3165 1557 3235 γένος,
1589 3166 1679 3230 οὓς
1713 3168 1812 3220 οὑκ

1916 3165 2290 3220 incantationis
2338 3164 2559 3230 auxilio,
2597 3165 2691 3218 sed
2726 3164 2856 3217 solis
2908 3165 3160 3232 precibus
3206 3164 3465 3233 simplici-

243 3257 414 3325 ὀλίγοι
460 3259 796 3330 Χριστιανῶν
840 3259 1196 3313 ἀπελαύνουσι
1237 3260 1342 3312 τῶν
1380 3261 1688 3328 πασχόντων
1720 3260 1814 3311 σὺν

242 3349 417 3401 οὐδενὶ
446 3351 718 3421 περιέργῳ
753 3352 843 3404 καὶ
886 3350 1100 3420 μαγικῷ
1139 3349 1171 3419 ἦ
1221 3349 1645 3420 φαρμακευτικῷ
1677 3350 1814 3420 πρά-

243 3455 438 3506 γματι,
469 3439 602 3491 ἀλλὰ
649 3439 784 3509 μόνῃ
831 3440 962 3509 εὐχῇ
1011 3439 1104 3491 καὶ
1145 3439 1437 3509 όρκὼσεσιν
1470 3433 1576 3509 (57)
1611 3440 1812 3492 ἁπλου-

245 3527 485 3597 στέραις,
523 3530 616 3580 καὶ
642 3529 742 3581 ὅσα
775 3529 837 3581 ἂν
869 3529 1080 3583 δύναιτο
1113 3530 1405 3598 προσάγειν
1452 3529 1814 3600 ἁπλούστερος

243 3617 561 3688 ἄνθρωπος;
595 3620 681 3682 Ὠς
704 3619 902 3673 ἐπίπαν
923 3619 1029 3693 γὰρ
1062 3621 1263 3672 ἰδιῶται
1292 3622 1350 3672 τὸ
1377 3621 1612 3673 τοιοῦτον
1637 3622 1809 3690 πράτο

243 3723 418 3771 τουσι,
449 3709 782 3780 παριστάσης
811 3711 912 3779 τῆς
950 3710 1006 3762 ὲν
1043 3710 1120 3780 τῷ
1148 3709 1288 3779 λόγῳ
1325 3709 1554 3779 Χριστοῦ
1592 3711 1809 3779 χάριτος

1910 3256 2116 3325 busquc
2155 3255 2579 3326 adjurationibus
2601 3264 2656 3310 et
2680 3257 2869 3325 quales
2892 3255 2974 3310 vel
2995 3257 3288 3325 simplicior
3306 3256 3466 3311 homo

1910 3348 2079 3415 possit
2103 3347 2392 3402 adhibere?
2427 3345 2537 3401 Hoc
2565 3346 2708 3401 enim
2735 3348 3054 3416 plerumque
3097 3346 3304 3399 faciunt
3331 3346 3463 3401 idio-

1911 3446 1994 3491 tte.
2064 3436 2179 3502 Quo
2227 3437 2444 3506 quidem
2483 3452 2546 3490 ea
2598 3451 2718 3504 quze
2758 3435 3020 3490 doctrinm
3062 3445 3260 3489 nostrae
3327 3436 3464 3488 inest

1909 3528 2080 3595 gratia
2106 3526 2326 3588 Christi,
2352 3525 2635 3580 manifeste
2660 3527 2837 3594 prodit
2885 3525 3330 3579 contemnendam
3356 3527 3464 3579 dae—

1907 3633 2125 3673 monum
2169 3616 2555 3682 inﬁrmitatem,
2595 3630 2741 3682 cum,
2779 3624 2836 3668 ut
2860 3615 3162 3680 vincantur,
3188 3613 3378 3668 cedant
3409 3625 3464 3668 et

1908 3726 1972 3763 ex
2017 3709 2192 3763 anima
2221 3719 2552 3776 corporaque
2594 3707 2824 3760 hominis
2870 3705 3146 3775 fugentur,
3185 3721 3288 3761 nou
3326 3721 3465 3775 opus

244 3798 306 3848 τὸ
337 3797 444 3852 τῶν
480 3799 746 3872 δαιμόνων
774 3801 881 3872 (58)
913 3801 1121 3863 εὐτελὲς
1160 3802 1253 3855 καὶ
1289 3800 1526 3863 ἀσθενὲς,
1570 3802 1629 3853 οὐ
1671 3802 1804 3854 πάν-

1916 3802 1974 3856 sit
2011 3800 2249 3869 sapiente
2274 3808 2327 3854 et
2359 3800 2413 3853 itt
2437 3789 2728 3868 probandis
2755 3797 2882 3850 fidei
2931 3797 3087 3852 rebus
3119 3809 3353 3852 versato.

245 3907 353 3955 τως
384 3891 654 3964 δεόμενον,
707 3894 839 3967 πρὸς
886 3895 945 3947 τὸ
975 3894 1292 3965 ἡττηθῆναι,
1327 3895 1420 3949 καὶ
1453 3890 1598 3961 εἶξαν
1647 3893 1956 3960 ὑπεξελθεῖν
2006 3894 2112 3947 ἀπὸ
2151 3893 2325 3964 ψυχῆς
2365 3887 2648 3962 ἀνθρώπου
2683 3889 2776 3944 καὶ
2816 3888 3082 3959 σώματος,
3133 3889 3292 3958 σοφοῦ
3322 3905 3462 3953 τινος

248 3985 343 4035 καὶ
366 3984 588 4039 δυνατοῦ
620 3986 676 4039 ὲν
701 3989 820 4050 ταῖς
849 3987 1087 4056 λογικαίς
1116 3990 1244 4059 περὶ
1275 3988 1373 4058 τῆς
1410 3989 1639 4051 πίστεως
1665 3989 2015 4054 ἀποδείξεσιν.

332 4078 490 4130 Ἀλλὰ
509 4080 602 4132 καὶ⁵
634 4079 789 4150 εἴπερ
823 4081 1170 4134 πεπίστευται
1211 4082 1268 4134 οὑ
1301 4082 1450 4151 παρὰ
1476 4084 1813 4155 Χριστιανοῖς

255 4173 348 4220 καὶ
380 4170 650 4233 Ἰουδαίοις
681 4173 879 4241 μόνοις,
921 4172 1054 4226 ἀλλὰ
1095 4175 1188 4227 καὶ
1231 4174 1357 4245 παρ’
1395 4175 1568 4237 ἄλλοις
1607 4174 1816 4236 πολλοῖς

261 4258 526 4327 Ἐλλήνων
555 4260 646 4311 καὶ
670 4260 975 4333 βαρϐάρων,
995 4264 1074 4315 ὅτι
1106 4262 1170 4335 ζῇ
1195 4265 1287 4317 καὶ
1313 4265 1542 4335 ὑπάρχει
1559 4264 1705 4334 ’μετὰ
1723 4265 1814 4328 τὸν

246 4347 357 4398 ἀπὸ
383 4347 476 4400 τοῦ
508 4346 754 4418 σώματος
785 4353 1058 4420 χωρισμὸν
1097 4354 1131 4422 ἡ
1171 4354 1478 4424 ἀνθρωπίνη
1508 4354 1650 4425 ψυχή
1672 4371 1685 4384 ·
1722 4355 1814 4408 καὶ

245 4437 328 4506 τις)
370 4437 900 4516 λόγῳιπαρῖσταται,
930 4442 1010 4494 ὅτι
1037 4443 1068 4510 ή
1099 4442 1196 4510 μὲν
1240 4444 1450 4514 καθαρά
1479 4446 1568 4497 καὶ
1614 4445 1687 4514 μὴ
1718 4446 1813 4514 βα-

1986 4082 2038 4135 5.
2070 4083 2326 4136 Przcterea
2351 4082 2394 4134 si
2411 4080 2642 4133 creditdr
2663 4094 2768 4132 non
2799 4094 2826 4129 a
2852 4079 3172 4132 Christianis
3196 4089 3246 4132 et
3265 4077 3464 4135 .lutlaais

1919 4183 2145 4236 tantum,
2178 4174 2267 4230 sed
2296 4173 2459 4226 etiam
2491 4185 2520 4221 a
2550 4170 2730 4222 multis
2759 4169 2875 4224 aliis
2896 4169 3098 4224 Graecis
3118 4179 3171 4222 ct
3196 4171 3459 4234 barbaris,

1915 4267 2094 4320 vivere
2125 4273 2179 4318 et
2209 4275 2488 4330 superesse
2525 4260 2810 4312 humanam
2841 4259 3075 4314 animam
3107 4269 3226 4330 post
3252 4277 3402 4315 suam
3427 4276 3459 4316 ι

1917 4368 2142 4423 corpore
2185 4350 2602 4420 separationem.
2657 4351 2715 4404 Si
2745 4350 3033 4406 confirmat
3083 4351 3223 4404 ratio
3271 4366 3461 4420 puram

1920 4458 2018 4497 nec
2053 4443 2266 4496 malitia:
2298 4442 2451 4510 quasi
2481 4456 2658 4496 massa
2692 4442 2937 4511 plumbea
2961 4452 3261 4508 oneratam,
3296 4445 3464 4499 subli-

251 4527 490 4597 ρουμένη
522 4527 627 4580 ὑπὸ
665 4525 771 4580 τῶν
801 4529 898 4598 τῆς
935 4529 1128 4591 κακίας
1177 4530 1502 4599 μολιϐδίδων,
1554 4531 1816 4602 μετέωρος

1918 4548 2058 4587 mem
2109 4533 2321 4588 evolare
2356 4532 2423 4586 ad
2462 4547 2526 4586 ea
2569 4532 2708 4599 loca,
2743 4534 2832 4588 ubi
2875 4534 3153 4603 puriorum
3201 4545 3257 4590 et
3293 4537 3460 4590 aethe-

249 4619 474 4689 φέρεται
506 4619 598 4672 ἐπὶ
627 4619 751 4683 τοὺς
783 4619 974 4683 τόπους
1001 4619 1108 4672 τῶν
1132 4621 1523 4692 καθαρωτέρων
1555 4623 1648 4674 καὶ
1671 4623 1814 4674 αἰθε-

251 4709 385 4778 ρίων
419 4708 702 4780 σωμάτιον,
734 4708 1103 4762 καταλιποῦσα
1129 4709 1196 4762 τὰ
1227 4710 1348 4780 τῇδε
1374 4712 1546 4780 παχέα
1593 4710 1812 4778 σώματα

251 4802 349 4852 καὶ
385 4799 453 4853 τὰ
497 4801 555 4854 ὲν
598 4801 778 4864 αὐτοῖς
818 4801 1130 4872 μιάσματα·
1164 4803 1197 4870 ἠ
1243 4801 1297 4853 δὲ
1338 4803 1534 4870 φαύλη,
1571 4803 1663 4855 καὶ
1710 4800 1813 4854 ὑπῦ

248 4891 359 4942 τῶν
390 4891 711 4960 ἁμαρτάδων
757 4891 1122 4960 καθελκομένη
1158 4893 1249 4944 ἐπὶ
1283 4892 1379 4961 τὴν
1411 4893 1530 4960 γῆν,
1566 4891 1657 4942 καὶ
1693 4891 1811 4960 μηδ’

249 4980 582 5034 ἀλαπνεῦσαι
613 4981 906 5052 δυναμένη,
933 4982 1055 5052 τῇδε
1087 4982 1303 5051 φέρεται
1343 4982 1436 5035 καὶ
1473 4979 1808 5042 καλινδεῖται,

330 5111 810 5229 (ξιζέΛέτεσθαι.
859 5115 1027 5170 Recte
1081 5131 1211 5168 mss.
1259 5107 1396 5168 Male
1449 5122 1625 5167 autem
1677 5115 1808 5170 libb.

310 5184 408 5229 lttt-
492 5198 670 5229 γεται-

252 5190 408 5243 οιιιιι,
433 5190 670 5246 λέγεται.

329 5249 457 5322 (δί),
491 5251 782 5317 Μανικήν.
827 5253 1040 5322 Optime
1071 5269 1200 5308 mss.
1245 5251 1399 5308 Libb.
1428 5262 1609 5306 autem
1649 5253 1809 5318 editi,

257 5319 713 5460 "lgggﬁv’fpxﬁr
734 5390 866 5460 γάρ,
893 5401 1000 5445 etc.
1041 5391 1214 5447 Locus
1240 5393 1328 5446 hic
1373 5392 1463 5460 qui
1498 5391 1628 5445 mihi
1661 5406 1813 5460 teque

256 5471 326 5509 ac
380 5457 662 5512 Boherello
695 5459 910 5512 videtur
957 5475 1141 5525 sanus,
1188 5457 1468 5515 videbatur
1513 5457 1813 5515 Guieto'ex

257 5527 540 5601 iuratione
567 5527 854 5601 obscurus,
876 5530 1415 5601 et_sic_corrigendus
1441 5544 1456 5583 :
1488 5531 1680 5601 Ἐχρῆν
1706 5530 1814 5599 γὰρ

257 5549 540 5581 iuratione
567 5549 854 5608 onscurus,
876 5549 932 5583 et
962 5549 1039 5583 διο
1065 5549 1415 5601 corrtgenuus
1441 5549 1456 5583 :
1505 5549 1680 5651 ιιχςην
1706 5549 1814 5599 γαρ

255 5596 351 5648 τὸν
382 5595 606 5668 κάτοχον
637 5612 716 5666 τῳ
753 5594 881 5668 θείῳ
931 5599 1222 5668 Πνεύματι,
1255 5601 1346 5652 τὸν
1380 5599 1592 5668 συμῦαλ
1659 5618 1814 5668 μενον

259 5668 343 5728 εἰς
380 5668 471 5738 τρν
512 5667 672 5738 μέσον
701 5667 794 5738 καὶ
824 5667 1152 5738 κατὰφύσιν
1183 5670 1314 5737 βίον,
1349 5667 1526 5737 πολλῷ
1556 5667 1813 5738 πρότερον

259 5735 462 5807 παντὸς
476 5733 776 5807 οὑτινοσοῦν
789 5735 882 5807 τού
896 5736 1004 5807 ἀπὸ
1011 5733 1124 5788 τῶν
1146 5733 1404 5807 χρησμῶν
1415 5733 1786 5806 διδασκομένου
1797 5777 1808 5798 ,

259 5804 298 5874 ἡ
320 5806 452 5878 πρὸς
467 5807 526 5859 τὸ
545 5804 833 5869 λυσιτελὲς,
857 5805 889 5875 ἢ
921 5806 1051 5874 πρὸς
1082 5804 1432 5879 τδσυμφέρον
1450 5804 1808 5880 ὠφεληθῆναι.

1917 4637 2126 4676 reorum
2170 4637 2453 4689 corporum
2503 4626 2659 4679 sedes
2688 4637 2790 4688 εει,
2834 4625 3038 4680 relictis
3070 4625 3157 4680 hic
3207 4627 3458 4679 deorsum

1913 4713 2110 4770 crassis
2135 4715 2451 4783 corporibus
2490 4729 2784 4784 eorumque
2809 4713 3090 4778 sordibus;
3113 4713 3306 4767 malam
3331 4729 3462 4768 vero

1873 4795 1878 4802 ’
1912 4813 1965 4858 et
1986 4805 2051 4857 ad
2067 4813 2264 4859 terram
2293 4805 2844 4874 peccatisdepressam
2870 4805 3032 4874 697
3063 4819 3163 4859 nec
3194 4807 3459 4871 respirare

1915 4895 2195 4960 valentem,
2228 4896 2312 4950 hic
2341 4895 2524 4965 vagari
2555 4904 2618 4950 et
2640 4895 2894 4959 volutari,
2919 4894 3082 4947 aliam
3103 4895 3246 4949 circa
3280 4894 3460 4964 sepul-

1912 4999 2026 5051 cra,
2090 4987 2178 5040 ubi
2227 4986 2525 5040 animarum
2589 4985 2872 5040 simulacra
2923 4985 3231 5038 umbrarum
3287 4985 3459 5043 instar

1983 5119 2092 5190 (54)
2132 5119 2574 5186 Προαπέλαυον.
2623 5120 2789 5178 Recte
2834 5118 3050 5190 omnino
3085 5117 3246 5172 habet
3289 5119 3455 5190 codex

1914 5187 2254 5242 BziSilecnsis.
2316 5191 2369 5242 ltt
2432 5200 2587 5244 antea
2641 5190 2798 5243 editis
2863 5189 3089 5258 legitur,
3147 5187 3456 5258 προαπέλα-

1911 5260 2103 5390 δοῖδό)
2155 5326 2576 5393 Ἀντιπράττον.
2617 5327 2808 5378 Guieto
2857 5327 2946 5380 hic
2991 5325 3210 5381 omnino
3241 5326 3456 5380 deside-

1918 5398 2021 5448 rari
2086 5396 2396 5460 videbatur,
2460 5393 2619 5464 εἶχον.
2684 5395 2999 5451 Boherellus
3077 5397 3237 5464 legit,
3301 5394 3454 5450 ἀπέθ

1913 5481 2464 5602 πρὲἱῧείιωευὴριὶυε
2494 5533 2546 5584 in
2578 5542 2747 5590 textu.
2773 5534 3144 5602 τυγχάνοντος,
3174 5533 3329 5588 male.

1983 5604 2243 5701 (57)0Kal
2310 5602 2654 5669 ὁρκώσεσιν.
2700 5604 2829 5660 Vide
2885 5607 3123 5659 adnotat.
3157 5604 3223 5658 atl
3270 5602 3361 5658 lib.
3404 5617 3451 5669 I,

1915 5674 2401 5812 l-ngilfllmschcl.
2439 5741 2489 5794 in
2523 5752 2689 5808 textu,
2718 5741 3024 5813 δαιμονίων.
