4094 6322
743 446 881 505 M35

2221 453 2540 512 ORIGENIS
2567 425 2581 440 ’

3851 457 3977 510 ιιεσ

739 569 1323 641 admonitionibusque,
1376 575 1472 630 sed
1513 574 1676 628 etiam
1729 589 1796 629 ex
1846 574 2296 645 prmdictionibus,

2411 574 2573 645 μόνον
2612 575 2718 628 ἀπὸ
2763 575 2868 628 τῶν
2916 574 3344 646 ὲπιπληκτικῶν,
3378 575 3470 628 καὶ
3519 576 3971 646 ἐπιστρεπτικῶν,

741 675 878 731 quas
907 669 1128 717 eventus
1156 664 1385 718 docebat
1411 680 1441 718 a
1472 665 1656 720 divino
1683 665 1886 734 Spiritu
1915 666 2081 720 fuisse
2104 666 2294 729 editas,

741 751 1076 806 conformom
1113 751 1204 805 tali
1243 753 1504 808 doctrina:
1554 756 1811 824 pietatem
1857 765 2190 820 exercerent,
2224 756 2301 809 le-

742 840 900 910 gique
927 848 980 895 et
1016 842 1296 910 prophetis
1334 846 1792 914 obtemperarent.
1840 845 2016 914 Atque
2052 846 2189 899 hanc
2229 844 2299 898 ob

739 947 982 997 causam,
1012 947 1346 1003 quacunque
1373 935 1715 990 audientibus
1757 934 1825 988 ad
1864 950 2072 988 morum
2113 950 2302 989 emen-

740 1023 1010 1082 dationem
1035 1024 1162 1080 utile
1193 1035 1313 1079 erat
1351 1028 1526 1093 primo
1562 1037 1784 1096 aspectu
1808 1026 2060 1097 intelligi,
2082 1042 2144 1082 ea
2174 1042 2300 1098 pro-

737 1114 913 1182 phetae
940 1114 1095 1183 juxta
1132 1114 1224 1168 Dei
1249 1115 1584 1170 voluntatem
1619 1116 1762 1170 nulla
1795 1119 2128 1173 obscuritate
2172 1132 2300 1188 pro—

739 1203 1007 1270 tulerunt;
1047 1219 1111 1258 ea
1150 1219 1278 1259 vero
1318 1208 1690 1276 mnigmatum,
1742 1207 2146 1277 allegoriarum,
2205 1208 2301 1261 ob—

736 1307 1024 1348 scurarum
1058 1293 1412 1362 locutionum,
1445 1297 1956 1365 parabolarum,aut
1983 1296 2300 1366 proverbio-

737 1396 858 1435 rutn
892 1382 1183 1438 involucris
1217 1392 1493 1449 texerunt,
1516 1402 1633 1455 qua:
1664 1390 1915 1442 arcanius
1940 1387 2069 1456 quid
2098 1395 2151 1442 et
2172 1401 2294 1456 pro-

735 1469 955 1524 fundius
977 1473 1550 1543 haberentsensusque
1571 1478 1800 1532 latentes
1827 1481 1893 1532 ad
1919 1477 2058 1545 vulgi
2085 1485 2296 1545 captum

737 1576 843 1614 non
875 1570 1260 1631 attemperatos
1307 1583 1320 1619 :
1365 1576 1422 1619 ut
1454 1567 1542 1636 qui
1584 1567 1829 1622 laborem
1884 1584 1988 1622 non
2047 1568 2300 1638 fugitant,

737 1652 832 1705 sed
862 1653 1081 1708 virtutis
1125 1656 1480 1727 veritatisque
1525 1659 1706 1713 studio
1749 1660 1930 1714 omnia
1984 1662 2296 1726 sustinent,

737 1744 966 1796 scrutati
994 1744 1320 1811 invenirent,
1348 1757 1401 1800 et
1424 1758 1708 1817 postquam
1745 1749 2101 1814 invenissent,
2124 1759 2300 1804 trans-

736 1833 942 1886 ferrent
963 1834 1012 1888 in
1043 1851 1194 1890 usum
1229 1853 1390 1907 quem
1422 1840 1983 1908 ratio'prmscriberet.
2016 1841 2122 1896 Sed
2158 1851 2298 1895 stre-

2404 664 2540 718 ἀλλὰ
2567 664 2662 717 καὶ
2686 665 2791 718 ἀπὸ
2821 664 2929 717 τῶν
2959 663 3397 735 προγνωστικῶν,
3427 665 3542 726 ταῖς
3570 663 3834 715 ἐκεάσεσι
3866 679 3970 713 πει-

2405 754 2620 824 θόμενοι
2651 753 2779 825 περὶ
2809 753 2902 807 τοῦ
2931 753 3071 808 θεῖον
3105 750 3246 806 εἶναι
3276 753 3500 822 Πνεῦμα
3528 754 3588 805 τὸ
3622 750 3970 823 προειρηκδς,

2401 843 2500 913 τήν
2538 843 2679 898 κατά
2716 844 2805 896 τὸν
2845 843 3001 912 λόγον
3046 842 3327 897 εὐσέϐειαν
3365 843 3660 920 ἀσκοῦντες
3692 841 3970 895 διατελῶσι

2405 933 2712 1004 πειθόμενοι
2742 934 2818 1004 τῷ
2851 935 3003 1009 νόμῳ
3034 933 3128 988 καὶ
3159 935 3272 996 τοῖς
3300 933 3624 1003 προφήταις.
3661 933 3726 985 Οἰ
3761 933 3857 1000 μὲν
3886 927 3970 983 οὖν

2405 1024 2678 1095 προφῆται
2724 1024 2822 1076 ὅσα
2867 1019 2936 1094 ἦν
2983 1021 3206 1075 αὐτόθεν
3254 1020 3509 1091 νοηθῆναι
3560 1024 3673 1082 τοῖς
3721 1020 3969 1072 ἀκούουσι

2405 1117 2670 1186 χρήσιμα,
2695 1116 2790 1167 καὶ
2813 1112 3226 1186 συμϐαλλόμενα
3256 1116 3321 1182 τῇ
3352 1112 3460 1164 τῶν
3484 1111 3631 1179 ἠθῶν
3667 1109 3967 1178 ἐπανορθώ-

2407 1221 2508 1267 σει,
2541 1205 2708 1275 χωρὶς
2741 1203 2919 1274 πάσης
2950 1196 3317 1274 ἐπικρύψεως,
3349 1202 3488 1255 κατὰ
3511 1201 3570 1253 τὺ
3602 1200 3852 1270 βούλημα
3882 1198 3969 1250 τοῦ

2404 1295 2560 1372 Θεοῦ,
2590 1297 2867 1366 εἰρήκασιν
2884 1313 2896 1325 ·
2922 1296 3021 1348 ὅσα
3045 1295 3102 1348 δὲ
3125 1293 3503 1365 μυστικώτερα
3521 1288 3611 1363 ἦν,
3637 1290 3738 1344 καὶ
3764 1292 3968 1342 ἐποπτι-

2405 1386 2638 1458 κὼτερα,
2686 1387 2779 1440 καὶ
2812 1386 3043 1456 ἐχόμενα
3075 1385 3306 1456 θεωρίας
3339 1385 3436 1454 τῆς
3464 1383 3605 1454 ὑπὲρ
3644 1381 3747 1452 τὴν
3780 1381 3968 1448 πάνδη-

2409 1496 2505 1548 μον
2551 1468 2740 1548 ἀκοὴν,
2784 1478 2955 1531 ταῦτα
2992 1476 3060 1530 δι’
3111 1477 3442 1546 αἰνιγμάτων
3477 1476 3570 1527 καὶ
3613 1473 3967 1542 ἀλληγοριῶν,

2407 1571 2498 1624 καὶ
2533 1569 2638 1623 τῶν
2669 1569 3013 1640 καλουμένων
3045 1565 3330 1622 σκοτεινῶν
3361 1568 3556 1634 λόγων,
3591 1567 3686 1618 καὶ
3729 1565 3838 1616 τῶν
3860 1565 3971 1614 6v;-

2409 1661 2726 1732 μαζομένων
2771 1659 3093 1730 παραϐολῶν
3146 1659 3176 1729 ἣ
3217 1658 3554 1729 παροιμιῶν,
3593 1657 3967 1725 ἀπεφήναντο·

2406 1755 2470 1807 ἵν’
2503 1754 2551 1806 οἰ
2574 1753 2648 1824 μὴ
2671 1751 3112 1821 φυγοπονοῦντες,
3139 1750 3271 1803 ἀλλὰ
3290 1750 3467 1811 ,πάντα
3493 1749 3656 1802 πόνον
3680 1746 3826 1816 ὑπὲρ
3848 1748 3970 1814 άρε-

2405 1847 2502 1916 τῆς
2530 1848 2623 1900 καὶ
2653 1845 2904 1915 ἀληθείας
2929 1844 3326 1913 ἀναδεχόμεναι,
3354 1842 3730 1906 ἐξετάσαντες,
3755 1839 3968 1906 εὕρωσι,

737 1940 875 1980 nuus
900 1926 990 1981 ille
1019 1927 1207 1983 Celsus
1232 1930 1386 1999 quasi
1419 1934 1768 1988 stomachans
1790 1934 1932 2000 quod
1957 1933 2047 1987 illa
2065 1934 2296 2001 prophe-

2401 1940 2490 1992 καὶ
2525 1938 2798 2008 εὑρόντες,
2834 1937 2910 1999 ὡς
2942 1935 3095 2003 λόγος
3125 1935 3291 2005 αἱρεῖ,
3330 1932 3786 2001 οἰκονομήσωσιν.
3837 1929 3887 1980 Ὀ
3917 1928 3971 1978 δὲ

736 2024 914 2070 tarum
968 2033 1128 2076 sensa
1175 2036 1279 2075 non
1325 2023 1687 2088 intellexerit,
1734 2026 1787 2080 in
1835 2026 1922 2079 illa
1965 2027 2293 2082 invehitur:

737 2106 1072 2175 Magni/Scis,
1129 2112 1342 2180 inquit,
1403 2114 1706 2184 hujusmodi
1766 2119 2036 2185 promissis
2093 2121 2298 2171 addunt

733 2195 931 2264 ignota,
965 2199 1225 2268 fanatica,
1251 2219 1466 2272 prorsus
1493 2205 1841 2271 tenebricoso,
1865 2223 1891 2260 e
1919 2208 2107 2277 quibus
2137 2226 2198 2261 ne
2219 2227 2298 2262 sa-

732 2288 875 2354 piens
901 2291 1110 2357 quidem
1135 2309 1317 2349 eruere
1338 2311 1541 2349 sensum
1561 2306 1751 2364 potest,
1777 2299 1905 2352 adeo
1933 2302 2153 2352 obscura
2175 2311 2296 2353 sunt

733 2386 784 2430 et
815 2381 1009 2434 nullius
1036 2387 1325 2440 sententiae.
1363 2387 1426 2439 At
1453 2388 1663 2454 stupido
1696 2390 1883 2458 cuique
1908 2401 1998 2442 aut
2024 2391 2296 2457 impostori

733 2468 904 2523 locum
936 2472 1062 2524 dant
1102 2473 1195 2526 illa
1239 2477 1308 2527 ad
1343 2492 1704 2546 quamcunque
1750 2495 1858 2531 rem
1891 2497 1986 2548 pro
2015 2481 2166 2538 libitu
2197 2499 2286 2534 ac-

641 2574 643 2576 ·
732 2563 1123 2618 commodandi.
1142 2565 1272 2630 Quae
1290 2569 1507 2634 quidem
1530 2570 1662 2624 mihi
1685 2571 1892 2624 videtur
1909 2571 2055 2627 vafre
2072 2573 2293 2638 dixisse,

732 2661 813 2716 ut,
847 2665 1107 2723 quantum
1146 2657 1196 2708 in
1229 2673 1288 2710 se
1319 2669 1426 2723 est,
1469 2659 1698 2715 lectores
1739 2677 1768 2714 a
1810 2666 2201 2731 perscrutanda
2241 2676 2293 2719 et

733 2744 1157 2813 introspiciendo
1189 2749 1593 2817 pr0phetiarum
1633 2750 1911 2805 intellectu
1959 2765 2238 2809 revocaret
2273 2772 2290 2811 :

732 2832 836 2888 hac
873 2832 928 2887 in
977 2849 1038 2890 re
1080 2837 1273 2893 similis
1309 2838 1434 2906 illis,
1490 2841 1583 2909 qui
1617 2843 1684 2898 de
1738 2845 1973 2916 quodam
2029 2847 2290 2916 propheta

732 2925 874 2994 apud
920 2928 1212 2995 quemdam
1271 2929 1516 2999 ingresso
1565 2944 1620 2987 et
1674 2950 1760 2989 res
1794 2934 2006 2990 futuras
2037 2952 2292 3006 praenun-

731 3013 902 3071 tiante
925 3016 1173 3072 dicebant
1205 3039 1222 3073 ς
1257 3019 1395 3084 Quid
1426 3024 1559 3076 venit
1588 3023 1806 3078 insanus
1834 3027 1932 3080 iste
1957 3028 2025 3078 ad
2057 3037 2107 3080 te
2134 3027 2220 3080 ⁸θῖ

2403 2029 2661 2098 γεννάδας
2701 2028 2923 2092 Κέλσος,
2968 2027 3207 2098 ὡσπερεὶ
3240 2023 3510 2093 θυμωθεὶς
3544 2024 3640 2074 ἐπὶ
3669 2020 3749 2090 τῷ
3786 2020 3858 2090 μὴ
3894 2035 3974 2071 νε-

2404 2142 2655 2211 νοηκέναι
2687 2142 2811 2204 τοὺς
2845 2140 2952 2193 τῶν
2986 2138 3277 2210 προφητῶν
3312 2137 3422 2205 (89.)
3454 2136 3734 2196 τοιούτους
3766 2134 3967 2201 λόγους,

2407 2227 2743 2298 ἐλοιδόρησεν
2776 2228 2992 2289 αὐτοὺς,
3023 2225 3210 2288 εἰπὼν,
3247 2226 3336 2276 ὃτιη
3363 2223 3552 2276 Ταῦτα
3587 2222 3970 2277 ἐπανατεινό-

2398 2332 2566 2382 μενοι
2595 2315 3022 2382 προστιθέασιν
3048 2314 3268 2382 ἐφεξῆς
3305 2312 3606 2381 ἄγνωστα,
3642 2312 3743 2363 καὶ.
3780 2309 3970 2376 πάροι-

2399 2418 2570 2468 στρα,
2606 2403 2702 2454 καὶ
2736 2402 2930 2467 πάντη
2956 2400 3170 2466 ἄδηλα,
3193 2395 3280 2451 ὧν
3305 2400 3369 2451 τὸ
3397 2400 3515 2467 μὲν
3538 2398 3846 2466 γνώρισμα
3870 2396 3967 2460 ι85)

2397 2491 2598 2555 οὐδεὶς
2633 2490 2708 2542 ἂν
2741 2491 2890 2543 νοῦν
2917 2491 3074 2558 ἔχων
3103 2490 3301 2556 εὑρεῖν
3327 2489 3588 2550 δύναιτο,
3619 2486 3830 2555 ἀσαφῆ
3870 2487 3968 2554 τὺρ

2396 2579 2491 2630 κ(τί
2521 2577 2587 2630 τὸ
2611 2577 2802 2646 μηδέν
2820 2596 2833 2608 ·
2863 2577 3096 2647 ἀνοήτῳ
3118 2577 3185 2629 δὲ
3210 2578 3247 2644 ἢ
3273 2578 3435 2644 γόητι
3468 2577 3645 2628 παντὶ
3676 2575 3811 2641 uagi
3833 2590 3969 2626 παι·-

2395 2670 2450 2719 τ.ῗ
2465 2689 2496 2732 ς
2525 2669 2802 2736 ἀφορμὴν
2829 2667 3146 2721 ἐνδίδωσιν
3170 2667 3285 2737 ὅπη
3309 2665 3601 2730 ﬂatile-tat
3651 2667 3720 2717 τὸ
3760 2665 3968 2733 λεχθὲν

2394 2757 2852 2825 σφετερίζεσθαι.
2886 2757 2995 2810 Καὶ
3015 2755 3333 2825 πανούργως
3362 2773 3451 2824 μοι
3471 2754 3619 2820 ἔδοξε
3641 2753 3797 2808 ταῦτ’
3825 2757 3966 2822 εἰρη-

2399 2847 2572 2909 κέναι,
2601 2845 2848 2910 κωλύειν,
2882 2847 2944 2900 τὸ
2975 2848 3095 2900 ὅσον
3136 2848 3222 2914 ἐφ’
3253 2845 3447 2916 ἐαυτῷ,
3493 2845 3817 2915 βουλόμενος
3853 2848 3966 2906 τοὺς

2399 2937 2816 3007 ἐντυγχάνοντας
2853 2940 2972 3000 ταῖς
3002 2937 3357 3008 προφητείαις
3391 2936 3705 3005 βασανίζειν
3739 2935 3831 2988 καὶ
3858 2935 3967 2998 ἑξε-

2397 3029 2579 3092 τάζειν
2605 3029 2778 3082 αὐτῶν
2805 3029 2895 3081 τὸν
2920 3029 3043 3082 νοῦν
3061 3045 3075 3059 '
3117 3031 3210 3082 καὶ
3237 3027 3471 3080 πέπονθέ
3500 3045 3552 3080 τι
3591 3029 3827 3098 πρᾶγμα
3871 3043 3966 3076 πσ-

737 3109 1027 3183 ραπλήσιον
1056 3115 1166 3178 τοῖς
1205 3115 1420 3168 εἰποῦσι
1449 3118 1573 3188 περί
1606 3136 1749 3183 τινος
1789 3123 2089 3192 προφήτου,
2118 3122 2444 3186 εἰσελθόντος
2477 3123 2612 3194 πρός
2658 3141 2780 3178 τινα
2824 3126 2918 3177 καὶ
2960 3123 3030 3176 τά
3087 3123 3346 3194 μέλλοντα
3374 3123 3762 3193 ,προειπόντος
3786 3119 3965 3189 αὐτῷ’

738 3207 800 3261 Tt
820 3207 1104 3276 εἰσῆλθεν
1134 3213 1167 3264 ό
1189 3209 1519 3278 ἐπίληπτος
1537 3209 1714 3280 οὗτος
1733 3213 1882 3281 πρὸς
1903 3216 2013 3281 σέέ

798 3297 888 3353 11.
915 3299 1180 3369 Equidem
1211 3301 1369 3356 facile
1393 3304 1718 3359 crediderim
1745 3320 1802 3358 sa
1814 3306 2108 3373 pientiora,
2133 3322 2292 3377 quam

2465 3308 2624 3371 Εἰκὸς
2668 3310 2765 3379 μὲν
2798 3305 2891 3362 οὖν
2927 3305 3065 3362 εἶναι
3095 3307 3306 3376 λόγους,
3336 3305 3515 3376 πολλῷ
3556 3305 3659 3375 τῆς
3698 3282 3971 3376 μετέρας

733 3404 854 3459 ηοω
895 3391 1075 3446 dicere
1125 3407 1440 3463 possumus,
1488 3394 1672 3450 afferri
1721 3410 1911 3465 posse,
1955 3399 2156 3466 quibus
2203 3399 2296 3452 de-

735 3473 1066 3535 monstretur
1096 3482 1150 3536 in
1203 3483 1289 3541 his
1317 3486 1599 3539 mentitum
1653 3499 1775 3542 esse
1813 3485 2049 3551 Celsum,
2082 3496 2137 3541 et
2167 3503 2294 3557 pro-

733 3569 947 3637 phetias
1004 3571 1261 3628 divinitus
1320 3576 1617 3643 inspiratus
1681 3575 1868 3632 fuisse.
1931 3575 2040 3632 Nos
2094 3588 2295 3644 tamen,

736 3661 914 3727 quoad
953 3675 1048 3730 per
1081 3663 1390 3720 tenuitatem
1421 3676 1659 3725 nostram
1713 3667 1885 3731 licuit,
1949 3670 2001 3724 i'd
2045 3669 2293 3724 fecimus.

734 3751 875 3805 Nam
904 3751 957 3805 in
991 3754 1195 3810 nostris
1221 3755 1272 3808 in
1303 3755 1524 3822 Isaiam,
1575 3759 1917 3814 Ezechielem
1950 3770 2002 3815 et
2030 3765 2294 3831 quosdam

737 3853 770 3894 ο
797 3841 1080 3897 duodecim
1111 3847 1540 3913 commentariis,
1574 3852 1918 3917 exposuimus
1949 3852 2017 3907 ad
2069 3855 2294 3907 verbum

737 3930 800 3986 ea
831 3946 950 4000 qua:
979 3931 1164 3987 Celsus
1188 3933 1419 3988 fanatica
1451 3947 1604 3990 vocat
1635 3951 1690 3992 et
1713 3940 2134 3995 iuexlricabilia.
2160 3942 2294 3996 Cum

737 4030 919 4078 autem
952 4022 1093 4077 Deus
1127 4024 1281 4090 mihi,
1309 4031 1515 4079 statuto
1545 4027 1647 4079 sibi
1684 4036 1949 4095 tempore,
1983 4032 2294 4097 ampliorem

738 4113 823 4168 sui
865 4114 1015 4169 verbi
1063 4115 1272 4171 dederit
1314 4117 1756 4186 intelligentiam,
1809 4120 2003 4173 addam
2053 4123 2134 4175 vel
2179 4137 2297 4191 quae

737 4205 974 4274 vulgatis
1025 4205 1241 4269 desunt,
1269 4206 1354 4259 vel
1379 4221 1714 4274 qtltecunque
1753 4217 1941 4275 potero
2001 4210 2293 4265 illustrare.

739 4296 851 4354 Sed
877 4307 931 4351 et
956 4297 1048 4351 alii
1078 4296 1396 4366 prudentes,
1422 4299 1468 4353 si
1500 4300 1732 4352 scrutari
1761 4299 2069 4366 Scripturas
2107 4301 2295 4366 velint,

738 4404 927 4447 earum
959 4388 1292 4444 intellectum
1321 4391 1534 4457 assequi
1567 4401 1841 4458 poterunt.
1877 4391 2134 4460 Equidem
2168 4393 2300 4445 mul-

737 4481 811 4535 tis
834 4480 887 4536 iu
913 4481 1046 4536 locis
1079 4495 1271 4534 revera
1321 4480 1566 4535 obscura:
1612 4483 1897 4545 sunt,-sed
1933 4497 2034 4537 non
2095 4484 2298 4551 absque

739 4572 850 4625 ullo
871 4586 1053 4636 sensu,
1084 4581 1140 4625 ut
1171 4571 1246 4625 ait
1270 4571 1478 4626 Celsus.
1510 4571 1693 4641 Neque
1723 4573 1882 4627 etiam
1915 4573 2160 4640 stupidus
2206 4582 2299 4625 aut

2398 3397 2560 3464 ἕξεως
2604 3401 3001 3471 σοφωτέρους,
3043 3401 3169 3465 τοὺς
3219 3400 3546 3470 δυναμένους
3593 3397 3970 3451 ἀποδεικνύναι

2397 3491 2721 3563 ψευδόμενον
2755 3495 2812 3546 ὲν
2850 3493 3057 3556 τούτοις
3093 3494 3183 3545 τὸν
3226 3493 3455 3555 Κέλσον,
3496 3491 3590 3545 καὶ
3629 3491 3852 3552 ἐνθέους
3882 3487 3973 3552 τὰς

2399 3583 2765 3654 προφητείαςο
2797 3583 2934 3654 πλὴν
2967 3579 3062 3644 διαὶ
3095 3584 3273 3653 ἡμεῖς,
3303 3582 3445 3635 κατὰ
3465 3582 3527 3634 τὸ
3564 3581 3790 3633 δυνατὸν
3817 3581 3975 3650 ἡμῖν,

2397 3677 2794 3746 πεποιήκαμεν,
2838 3674 2927 3735 τὰ,
2966 3674 3041 3737 ὤς
3072 3691 3201 3745 φησι
3245 3674 3470 3736 Κέλσος,
3509 3675 3842 3743 πάροιστρα,
3883 3673 3974 3722 καὶ

2399 3765 2574 3834 πάντη
2618 3765 2804 3835 ἄδηλα,
2832 3765 2966 3835 πρὸς
2994 3763 3135 3829 λέξιν
3167 3763 3551 3834 διηγησάμενοι
3592 3763 3650 3813 ἐν
3685 3766 3796 3823 τοῖς
3839 3779 3975 3830 πρα-

2398 3857 2779 3926 γματευθεῖσιν
2817 3858 2946 3926 ἡμῖν
2974 3857 3052 3918 εἰς
3090 3855 3180 3907 τὸν
3218 3855 3462 3917 Ἡσαΐαν,
3491 3853 3584 3904 καὶ
3619 3855 3701 3914 εἰς
3735 3853 3830 3904 τὸν
3883 3853 3974 3903 '1:-

2399 3948 2606 4019 ζεκιὴλ,
2649 3950 2742 4001 καὶ
2776 3949 2855 4011 εἰς
2895 3965 3044 4009 τινας
3075 3946 3180 3998 τῶν
3207 3945 3432 3998 δώδεκα.
3473 3943 3609 3996 Θεοῦ
3645 3943 3702 3994 δὲ
3743 3943 3974 4004 διδόντος

2398 4041 2493 4109 τὴν
2536 4041 2592 4093 ὲν
2623 4039 2700 4109 τῷ
2725 4038 2865 4107 λόγῳ
2911 4037 3074 4090 αὑτοῦ
3111 4037 3409 4107 προκοπὴν,
3440 4035 3557 4087 καθτ
3586 4035 3680 4097 οὓς
3726 4035 3973 4104 βούλεται

2399 4130 2621 4198 χρόνους
2640 4168 2653 4192 ,
2684 4128 3108 4200 προστεθήσεται
3133 4129 3246 4190 τοῖς
3272 4127 3370 4198 ἤδη
3407 4124 3859 4195 ὑπαγορευθεῖσιν
3899 4133 3974 4187 εἰς

2398 4221 2569 4273 ταῦτα
2592 4222 2706 4291 ἦτοι
2726 4221 2793 4272 τὰ
2818 4221 3089 4284 λείποντα,
3115 4219 3150 4290 ἢ
3180 4220 3278 4272 ὅσα
3307 4220 3356 4287 γ’
3383 4218 3448 4272 ἂν
3475 4218 3770 4288 φθάσωμεν
3799 4235 3976 4285 σαφγ-

2400 4311 2562 4363 νίσαι.
2593 4313 2700 4363 Καὶ
2724 4312 2869 4364 ἄλλοι
2894 4311 2971 4376 δὲ,
2999 4315 3047 4366 οἰ
3076 4311 3384 4383 βουλόμενοι
3408 4311 3678 4378 ἐξετάζειν
3706 4311 3972 4379 τὴνΓρα-

2401 4402 2527 4469 φήν,
2553 4401 2675 4452 νοῦν
2699 4394 2910 4470 ἔχοντες
2944 4403 3004 4454 τὸ
3027 4401 3220 4473 γνῶμα
3253 4403 3362 4474 (84)
3389 4403 3555 4471 αὐτῆς
3581 4402 3763 4471 εὑρεῖν
3789 4401 3856 4453 ἂν
3886 4401 3972 4452 δύο

2399 4505 2594 4540 ναιντο·
2621 4489 2784 4559 οὖσης
2807 4490 3071 4562 πολλαχοῦ
3087 4491 3308 4568 ⁴άληθῶς
3335 4492 3574 4561 ἀσαφοῦς
3603 4494 3722 4562 μὲν,
3749 4492 3812 4543 οὐ
3845 4493 3972 4560 μὴν.

2400 4575 2474 4638 ὥς
2512 4582 2643 4646 φησι.
2687 4576 2909 4639 Κέλσος,
2946 4579 3006 4628 τὸ
3049 4579 3231 4648 μηδέν.
3273 4581 3410 4633 Ἀλλ’
3456 4583 3575 4635 οὐδὲ·
3621 4581 3850 4634 δύναταί
3894 4598 3974 4642 τις

738 4665 1001 4734 impostor
1019 4665 1196 4746 gon
1219 4678 1311 4722 eas
1339 4663 1633 4731 explanare
1671 4673 1763 4721 aut
1807 4663 1872 4717 ad
1915 4679 2296 4734 quamcunque

2403 4664 2682 4736 ἀνόητοςῆ
2724 4665 2855 4734 γόης
2885 4663 3267 4738 ἐξομαλίσαιλῆ
3312 4670 3417 4738 ὅπη
3455 4670 3584 4721 ποτὲ
3632 4670 3886 4736 βούλεται
3921 4671 3975 4720 το

740 4771 854 4810 rem
887 4756 1297 4811 accommodare
1320 4770 1417 4826 pro
1433 4755 1596 4834 iibitu
1630 4758 1849 4822 poterit.
1878 4757 2036 4811 Solus
2069 4759 2120 4811 in
2148 4759 2296 4813 Chri-

2405 4758 2594 4827 λεχθὲν
2628 4757 3075 4827 σφετερίσασθαι·
3111 4759 3267 4827 μόνος
3290 4760 3347 4811 δὲ
3379 4763 3469 4812 καὶ
3495 4762 3601 4821 πᾶς
3626 4763 3654 4812 ὁ
3695 4764 3818 4812 κατ’
3848 4763 3976 4830 ἀλή-

743 4857 827 4903 ειο
860 4861 990 4902 vere
1021 4847 1260 4915 sapiens,
1289 4862 1387 4916 par
1421 4858 1502 4901 est
1543 4849 1611 4901 ad
1635 4847 1981 4902 evolvendam
2019 4859 2186 4904 totam
2211 4867 2304 4905 eo-

743 4954 863 4991 rum
893 4940 1109 5006 seriem,
1145 4956 1266 5008 qua:
1301 4941 1350 4995 in
1389 4944 1668 5010 pmphetis
1698 4944 1928 4998 obscure
1961 4954 2016 4999 et
2064 4947 2304 5001 invulute

742 5028 884 5083 dicta
915 5039 1063 5094 sunt,
1099 5031 1258 5099 idque
1311 5027 1468 5085 modo
1513 5033 1814 5099 spiritualia
1849 5049 1964 5085 cum
2007 5037 2303 5102 spirituali-

745 5117 840 5172 bus
869 5119 1104 5183 conferat
1145 5111 1311 5184 “,let
1355 5123 1566 5190 singula
1611 5137 1799 5176 eorum
1855 5137 1975 5189 qua:
2013 5126 2297 5187 mvencrit,

747 5208 942 5259 usitata
977 5197 1274 5277 Scripturis
1319 5213 1570 5281 loquendi
1621 5216 1830 5266 ratione
1859 5217 2164 5269 confirmet.
2193 5214 2298 5269 Ne-

647 5345 655 5350 .
747 5309 851 5363 que
881 5293 1036 5351 Celso
1063 5298 1195 5354 fides
1241 5301 1481 5356 habenda
1535 5313 1620 5356 est
1672 5305 1872 5359 dicenti
1901 5318 1959 5359 se
1994 5305 2298 5370 huiusmodi

848 5475 985 5560 "_IV
1014 5477 1148 5549 Reg.
1200 5495 1274 5543 ts,
1331 5481 1419 5532 tl.
1500 5481 1592 5534 “l
1625 5472 1753 5539 Cor.
1788 5497 1847 5549 ιι,
1885 5481 1967 5534 15.

820 5629 932 5704 (δῇ)
977 5628 1456 5704 {exagogam};
1491 5633 1614 5704 llaec
1639 5635 1832 5689 Guieto
1866 5645 2112 5704 suspecta
2152 5645 2296 5691 sunt.

819 5699 933 5770 (83)
971 5699 1304 5776 Codd._lteg.
1334 5710 1389 5753 et
1414 5701 1599 5767 Busil.,
1625 5704 1929 5776 γνώρισμα,
1958 5699 2226 5762 ἰΙωεεΙιεΙ.
2249 5717 2304 5761 et

751 5766 1276 5844 εμρέειεοεχνῶμςιέ

819 5837 935 5912 (84)
971 5837 1130 5905 libb.
1154 5837 1281 5893 editi
1317 5846 1371 5891 et
1405 5852 1536 5892 mss.
1566 5839 1662 5894 hoc
1691 5841 1806 5898 loco
1836 5844 2056 5914 habent,
2084 5844 2296 5916 γνῶμα,

2407 4849 2552 4903 θειαν
2577 4850 2632 4901 ὲν
2661 4846 2878 4918 Χριστῷ
2904 4849 3065 4917 σοφὸς
3092 4850 3182 4902 τὸν
3215 4849 3403 4921 εἰρμδν
3439 4850 3614 4902 πάντα
3914 4853 3974 4902 ἂν

2403 4941 2512 4993 τῶν
2561 4941 2676 5010 μετ’
2722 4939 3064 5009 ἐπικρύψεως
3115 4943 3416 5011 εἰρημένων
3476 4943 3532 4992 ὲν
3589 4944 3710 5004 ταῖς
3762 4959 3976 5011 προφη-

2401 5033 2573 5096 τείαις
2607 5031 2738 5103 (85),
2770 5033 3134 5101 πνευματικὰ
3163 5031 3578 5101 πνευματικοῖς
3607 5033 3972 5100 συγχρίνωικ

2407 5125 2498 5176 καὶ
2544 5122 2958 5186 κατασκευάζων
2997 5124 3103 5177 ἀπὸ
3137 5125 3236 5194 τῆς
3273 5122 3556 5196 συνηθείας
3589 5123 3698 5176 τῶν
3741 5123 3780 5176 Γ
3783 5125 3976 5194 pugil»

2405 5215 2632 5267 ἕκαστον
2677 5215 2782 5268 τῶν
2827 5217 3242 5289 εὑρισκομένων.
3300 5218 3373 5273 Οὐ
3424 5217 3740 5271 πιστευτέον
3790 5217 3854 5270 δὲ
3899 5217 3978 5285 τῷ

2406 5306 2598 5378 Κέλσῳ
2625 5306 2831 5376 λέγοντι
2857 5310 3111 5365 τοιούτων
3149 5309 3450 5386 ἀνθρώπιον
3485 5308 3766 5381 γεγονέναι
3801 5309 3971 5377 αὑτή-

2408 5636 2738 5716 licentnsup‘ra
2763 5655 2895 5716 mss.
2925 5642 3180 5716 habeant,
3213 5645 3522 5716 γνώρισμα.

2477 5707 2592 5841 (ξεί)
2631 5708 2797 5765 Codd.
2839 5709 2972 5780 Heg.
3011 5721 3065 5767 et
3107 5707 3454 5780 Basileensis‘,
3500 5718 3559 5767 ὲν
3604 5715 3723 5780 τοῖς

2481 5797 2497 5832 ι
2534 5816 2547 5831 .

2410 5796 2547 5834 ταις.
