4076 6312
730 409 866 473 tua
2176 410 2496 472 ORIGENIS
3025 451 3028 456 -
3831 407 3951 474 ιιιι

724 529 868 602 Ergo
911 544 1009 587 nec
1051 530 1306 601 primum.
1341 531 1513 601 Super
1547 533 1650 588 hac
1684 531 1915 588 materia
1969 533 2265 605 exemplum

2378 535 2426 586 oi
2452 533 2558 585 ἀπὸ
2587 530 2689 602 τῆς
2719 532 2905 595 Στοᾶς,
2932 531 3179 600 λέγοντες
3209 532 3289 586 τό·
3323 533 3384 586 El
3415 531 3719 597 ἐπίστασαι
3745 527 3854 597 (97)
3880 529 3950 586 ὅτι

684 683 691 690 _
724 620 1091 689 hujuscemodi
1129 620 1353 699 aﬂ‘ertur
1379 636 1408 674 a
1441 621 1661 678 Stoicis.
1707 622 1763 676 Si
1796 623 1904 676 scis
1931 631 1983 676 te
1999 638 2121 678 esse
2135 639 2265 678 mor-

2383 622 2667 693 τέθνηκας,
2691 623 2970 676 ἀκολουθεῖ
2985 622 3064 687 τὸ,
3079 624 3191 676 Οὐκ
3209 624 3320 696 ἄρα
3334 625 3648 686 ἐπίστασαι,
3675 622 3762 675 ὅτι
3783 621 3950 691 τέθνη-

721 721 894 777 tuum,
924 727 986 768 es
1029 722 1295 767 mortuus.
1329 712 1384 767 Si
1414 713 1521 767 scis
1553 721 1604 782 te
1648 724 1922 768 mortuum
1967 728 2107 778 esse,
2138 729 2265 767 mor.

2383 732 2502 777 κας.
2553 715 2656 768 Τὸν
2685 715 2883 786 τρόπον
2925 699 3198 768 δὲήτοῦτον
3227 714 3704 778 κατασκευάζουσι
3733 714 3806 767 τὰ
3837 730 3944 766 συν-

726 809 846 856 tuus
877 817 985 857 non
1016 817 1096 857 es.
1138 800 1290 857 Unde
1318 804 1604 872 sequitur:
1641 804 1786 873 Ergo
1819 820 1926 861 non
1954 805 2066 860 scis
2087 813 2137 860 te
2163 820 2265 860 esst

2379 806 2618 875 ημμένα·
2652 806 2713 857 Εἰ
2743 806 3050 868 ἐπίστασαι,
3085 807 3167 860 ὅτι
3194 805 3474 877 τέθνηκας,
3506 805 3659 865 ἐστιν
3685 804 3716 857 ὃ
3742 803 3947 856 ἐπέσται

723 903 1012 948 mortuum.
1063 893 1155 947 Sic
1187 900 1368 948 autem
1409 909 1654 949 connexa
1691 896 1961 965 probant:
1993 899 2037 951 si
2069 898 2192 959 fscis
2227 908 2265 950 ιε

2383 913 2492 948 σαιο
2529 881 2671 947 ἐστιν
2711 896 2817 967 ἄρα
2847 896 2925 960 τὸ,
2967 896 3249 966 τέθνηκας.
3287 897 3394 950 Καὶ
3425 896 3602 959 πάλιν,
3638 896 3708 948 Ei
3741 893 3945 947 ἐπίσταο

722 993 990 1036 mortuum
1027 998 1170 1046 esse,
1199 992 1283 1036 cst
1321 982 1373 1037 id
1407 986 1548 1053 quod
1588 986 1737 1040 scis:
1771 996 1976 1041 certum
2009 997 2092 1063 est
2121 989 2265 1058 igitur

2381 1002 2467 1039 σαι
2496 988 2575 1040 ὅτι
2614 987 2674 1038 οὐ
2715 987 2977 1055 τέθνηκας
3001 987 3134 1058 (98),
3171 987 3265 1042 καὶ
3291 987 3438 1040 ἔστιν
3482 978 3512 1039 ὃ
3547 988 3864 1047 ἐπίστασαι,
3889 983 3940 1038 οὗ

722 1084 776 1129 te
808 1090 930 1128 esse
973 1084 1268 1129 mortuum.
1315 1075 1384 1128 Et
1426 1091 1635 1141 rursus,
1661 1080 1706 1132 si
1745 1079 1853 1133 scis
1905 1089 1956 1133 te
2005 1089 2265 1134 mortuum

2377 1077 2659 1146 τέθνηκας.
2700 1078 2849 1130 Ἐπεὶ
2875 1078 2932 1130 δὲ
2958 1077 3274 1148 ότεθνηκὼς
3291 1077 3576 1131 ἐπίσταται
3608 1077 3753 1147 (99),
3777 1066 3945 1146 δηλοερν

717 1183 860 1233 esse,
890 1169 989 1222 hoc
1018 1170 1191 1238 ipsum
1226 1170 1368 1239 quod
1401 1180 1644 1244 mortuus
1671 1186 1748 1233 es,
1781 1183 1862 1226 est
1893 1175 1942 1228 id
1981 1175 2122 1244 quod
2147 1176 2280 1229 scis.‘

717 1259 878 1327 Atqui
913 1270 1156 1314 mortuus
1188 1259 1319 1313 nihil
1348 1263 1468 1320 scit.
1511 1261 1680 1331 Igitur
1707 1262 1749 1316 si
1780 1264 1886 1318 scis
1921 1273 1970 1317 te
2005 1275 2274 1319 mortuum

681 1365 855 1415 Iesse,
888 1359 938 1404 te
972 1360 1240 1403 mortuum
1287 1366 1394 1404 non
1429 1367 1548 1407 esse
1595 1355 1816 1408 evidens
1857 1365 1941 1409 est
1971 1373 1983 1408 :
2017 1357 2103 1410 cui
2141 1358 2276 1410 ulri-

716 1454 821 1507 que
850 1453 1098 1495 counexo
1131 1456 1469 1508 consequens
1506 1449 1609 1505 est,
1657 1453 1716 1494 ut
1747 1450 1876 1500 ante
1917 1442 2054 1506 dixi,
2100 1445 2274 1497 nescis

719 1535 769 1579 te
796 1543 916 1583 esse
952 1541 1246 1585 mortuum.
1285 1531 1482 1584 Eodem
1521 1545 1689 1599 prope
1720 1531 1851 1585 vitio
1879 1531 2091 1586 laborat
2130 1532 2270 1588 Celsi

715 1612 1030 1686 suppositio,
1066 1635 1184 1689 quae
1210 1623 1457 1690 superius
1485 1635 1513 1674 a
1546 1621 1702 1674 nobis
1736 1620 1956 1674 recitata
1991 1630 2096 1677 est.

729 1737 734 1740 -
788 1711 874 1763 l6.
917 1712 1021 1766 Sed
1051 1727 1171 1780 qua
1217 1713 1269 1766 in
1306 1711 1447 1767 Celsi
1501 1715 1867 1783 suppositione
1913 1715 2271 1782 deprehendi-

713 1816 856 1865 mus,
889 1816 950 1855 ea
982 1804 1278 1870 prophetiis
1324 1804 1390 1857 de
1424 1801 1548 1857 Jesu
1598 1804 1795 1859 similia
1834 1820 1938 1860 non
1972 1815 2117 1859 sunt.
2162 1806 2271 1862 Ne-

2376 1169 2478 1233 61:t,
2517 1171 2565 1221 si
2598 1169 2905 1233 ἐπίστασαι,
2947 1169 3028 1222 ὅτι
3073 1167 3358 1239 τέθνηκας,
3392 1169 3453 1221 οὐ
3495 1167 3790 1238 τέθνηκας.
3845 1168 3944 1219 Καὶ

2375 1257 2675 1322 ἀκολουθεῖ,
2723 1259 2800 1321 ὡς
2831 1262 3108 1330 προεῖπον,
3129 1259 3480 1330 -άμφοτέροις
3521 1260 3636 1322 τοῖς
3673 1258 3939 1328 συνημμέ-

2374 1367 2484 1411 νοις
2514 1349 2596 1414 τὸ,
2638 1350 2750 1402 Οὐκ
2785 1350 2890 1419 ἄρα
2932 1350 3236 1414 ἐπίστασαι,
3267 1340 3347 1402 ὅτι
3384 1349 3670 1419 τέθνηκας.
3705 1349 3940 1402 Τοιοῦτόν

2374 1440 2426 1492 τί
2474 1443 2589 1494 ἐστι
2635 1442 2728 1494 καὶ
2771 1443 2897 1510 περὶ
2943 1441 3038 1512 τὴν
3069 1442 3272 1494 Κέλσου
3305 1441 3577 1507 ὑπόθεσιν,
3607 1441 3858 1509 λέγοντος
3881 1441 3939 1510 ἦν

2375 1531 2772 1602 προεξεθέμεθα
2805 1532 2971 1598 λέξιν.
3507 1540 3512 1542 ’

2457 1711 2592 1764 Ἀλλ’
2643 1713 2748 1765 οὐδ’
2783 1713 2924 1783 ἅπερ
2973 1715 3031 1766 ὲν
3091 1715 3340 1767 ὑποθέσει
3397 1714 3818 1787 παρειλήφαμεν
3870 1714 3936 1784 (Ι)

2373 1802 2727 1874 παραπλήσιά
2754 1805 2870 1866 ἐστι
2905 1806 3026 1866 ταῖς
3065 1805 3191 1874 περ)¹
3238 1805 3408 1876 Ἰησοῦ
3452 1807 3829 1876 προφητείαις.
3871 1807 3936 1858 Οὐ

712 1904 816 1958 que
841 1892 989 1946 enim
1021 1892 1124 1947 illa:
1161 1893 1528 1962 prmdixerunt
1558 1894 1722 1948 Deum
1757 1899 1901 1948 cruci
1934 1894 2149 1949 atlixum
2182 1897 2265 1961 iri,

2369 1891 2476 1962 γὰρ
2509 1894 2782 1961 προεῖπον
2805 1895 2858 1945 αἱ
2893 1895 3215 1964 προφητεῖαι
3255 1893 3385 1946 Θεὸν
3445 1893 3934 1965 παυρωθήσεσθαι.

711 1997 833 2036 cunt
867 1982 932 2038 de
960 1997 1026 2038 eo
1069 1984 1159 2051 qui
1204 1993 1433 2040 martem
1464 1985 1648 2051 subiit,
1683 1986 1864 2041 dicant
1897 2007 1910 2040 :
1948 1985 2014 2039 Et
2047 1989 2271 2042 vidimus

711 2073 849 2135 eum,
884 2082 930 2127 et
966 2091 1068 2128 non
1113 2074 1335 2128 habebat
1382 2077 1619 2144 speciem,
1671 2091 1832 2146 neque
1868 2078 2134 2136 decorem;
2181 2078 2271 2131 sed

711 2162 903 2224 species
933 2162 1048 2229 ejus
1077 2161 1330 2216 inhonora
1353 2173 1398 2216 et
1423 2164 1670 2232 deﬁciens
1691 2182 1799 2233 pne
1822 2166 1949 2233 [iliis
1981 2168 2269 2234 hominum,

712 2250 866 2304 homo
897 2253 955 2304 in
980 2253 1137 2321 plaga
1183 2263 1231 2308 et
1277 2253 1478 2320 dolore,
1522 2265 1569 2308 et
1610 2257 1778 2309 sciens
1802 2256 1940 2324 ferre
1979 2257 2268 2324 inﬁrmita-

713 2348 813 2393 tem
839 2340 906 2394 ".
941 2341 1077 2397 Vide
1119 2351 1179 2398 ut
1214 2343 1492 2410 sapienter
1536 2343 1774 2400 dixerint
1849 2346 2119 2400 hominem
2153 2360 2273 2401 esse

712 2429 804 2498 qui
837 2429 1074 2484 liumana
1100 2447 1288 2512 passus
1314 2442 1419 2490 est.
1450 2432 1514 2489 Et
1540 2432 1700 2489 .lesus
1735 2435 1847 2505 ipse
1877 2452 1997 2490 cum
2027 2438 2270 2506 apprime

713 2520 880 2576 sciret
907 2518 960 2575 id
991 2521 1134 2590 quod
1164 2523 1482 2578 moriturum
1510 2534 1648 2588 erat,
1685 2524 1954 2579 hominem
1988 2540 2128 2590 esse,
2157 2528 2270 2580 suis

714 2611 1126 2668 insidiatoribus
1153 2613 1268 2668 ait:
1305 2611 1460 2666 Nunc
1495 2624 1669 2667 autem
1714 2614 1949 2682 qumritis
1983 2630 2064 2667 me
2111 2615 2272 2666 inter-

712 2703 890 2769 ficere,
915 2703 1200 2765 hominem,
1253 2707 1342 2772 qui
1399 2704 1664 2757 veritatem
1715 2703 1857 2757 vobis
1909 2704 2113 2756 locutus
2151 2717 2268 2756 sum

711 2808 868 2861 quam
897 2793 1080 2847 audivi
1117 2792 1289 2863 αλ)εο
1333 2793 1401 2848 ⁸9.
1436 2792 1589 2860 Quod
1619 2793 1664 2846 si
1711 2793 1838 2862 quid
1877 2792 2114 2847 divinum
2152 2801 2270 2846 erat

711 2879 770 2934 in
822 2878 914 2934 illo
955 2881 1174 2935 bomine
1215 2896 1378 2950 quem
1425 2883 1783 2950 assumpsisse
1839 2881 2265 2950 intelligebatur,

711 2968 970 3024 nimirum
1034 2969 1359 3036 Unigenitus
1410 2968 1504 3022 Dei
1550 2969 1630 3033 ’⁷,
1672 2961 2041 3042 primogenith
2101 2970 2268 3022 omnis

714 3066 970 3111 creatum
993 3056 1073 3123 ⁹⁶;
1121 3057 1209 3111 ille
1242 3056 1331 3126 qui
1365 3057 1432 3111 de
1465 3071 1523 3110 se
1549 3055 1719 3110 dicit:
1751 3052 1863 3124 Ego
1895 3071 2011 3109 sum
2037 3057 2263 3120 veritas;

706 3155 769 3200 'et
795 3163 808 3200 :
846 3134 955 3215 Ego
979 3161 1094 3200 sum
1114 3146 1221 3199 vita
1250 3145 1317 3212 ⁹⁹;
1346 3153 1399 3199 et
1426 3161 1442 3199 :
1473 3144 1587 3214 Ego
1608 3160 1719 3197 sum
1744 3148 1934 3197 ostium
1959 3144 1998 3209 ¹;
2022 3153 2076 3198 et
2105 3162 2118 3196 :
2157 3145 2264 3214 Ego

2371 1981 2570 2043 αἵτινές
2597 1998 2727 2050 φασι
2750 1982 2992 2053 περὶτοῦ
3019 1983 3411 2052 ἀναδεξαμένου
3438 1977 3526 2035 τόν
3557 1980 3810 2037 θάνατον’
3837 1983 3933 2036 Kal

2370 2066 2608 2134 εἴδομεν
2634 2068 2840 2131 αὐτὸν,
2871 2070 2967 2122 καὶ
2999 2072 3107 2122 οὐκ
3137 2071 3300 2139 εἶχεν
3327 2067 3504 2136 εἶδος,
3527 2072 3672 2125 οὐδὲ
3699 2073 3932 2137 κάλλος.

2372 2157 2529 2210 ἀλλὰ
2561 2157 2626 2209 τὸ
2659 2153 2818 2222 εἶδος
2869 2160 3051 2213 αὑτοῦ
3081 2158 3290 2229 ἄτιμον
3336 2162 3432 2214 καὶ
3464 2160 3755 2215 ἐκλεῖπον
3789 2163 3936 2228 παρὰ

2370 2247 2510 2311 τοὺς
2550 2246 2718 2311 υἱοὺς
2761 2247 2877 2299 τῶν
2920 2247 3259 2315 ἀνθρώπων·
3292 2248 3601 2316 ἄνθρωπος
3642 2251 3717 2302 ὲν

2369 2334 2454 2389 ὢν
2495 2337 2593 2389 καὶ
2621 2338 2803 2402 πόνῳ,
2848 2338 2944 2403 καὶ
2990 2338 3158 2404 εἰδὼς
3193 2339 3393 2408 φέρειν
3441 2342 3771 2409 μαλακίαν.
3805 2342 3933 2410 Ὅρα

2371 2419 2485 2488 οὖν,
2546 2425 2730 2494 σαφῶς
2772 2426 2845 2496 (2)
2891 2426 3463 2499 ἄνθρωπονεείρήκασι
3509 2429 3600 2482 τὸν
3645 2429 3932 2482 πεπονθότα

2371 2515 2699 2587 ἀνθρώπινα.
2748 2518 2856 2569 Καὶ
2907 2517 3067 2580 αὐτὸς
3106 2518 3346 2589 ἀκριὸὦς
3395 2518 3550 2584 εἰδὼς
3599 2519 3827 2592 Ἰησοῦς.
3859 2522 3931 2574 ὅτι

2371 2602 2430 2655 τὸ
2454 2604 2791 2674 ἀποθνῆσκον
2823 2603 3104 2672 ἄνθρωπος
3135 2601 3222 2676 ἦν.
3251 2607 3380 2676 φησι
3406 2607 3543 2678 πρὸς
3573 2610 3704 2670 τοὺς
3726 2608 3930 2662 ἐπιϐου-

2369 2691 2620 2755 λεύοντας
2677 2693 2855 2764 αὐτῷ·
2904 2693 3032 2747 Νῦν
3081 2694 3148 2747 δὲ
3191 2695 3405 2763 ζητεῖτέ
3441 2713 3519 2766 με
3569 2697 3925 2762 ἀποκτεῖναι,

2369 2781 2698 2850 ἄνθρωπον,
2733 2782 2800 2848 ὃς
2829 2783 2942 2852 τὴν
2977 2784 3267 2853 ἀλήθειαν
3295 2787 3438 2856 ὑμῖν
3475 2788 3812 2857 λελάληκα,
3858 2789 3931 2857 ἣν

2369 2873 2611 2942 ἥκουσα
2652 2875 2812 2942 παρὰ
2845 2875 2951 2930 τοῦ
2987 2871 3141 2930 Θεοῦ
3163 2878 3257 2949 (5).
3302 2878 3365 2931 Et
3409 2879 3467 2931 δέ
3507 2896 3560 2932 τι
3595 2880 3741 2935 θεῖον
3775 2881 3830 2936 ἑν
3861 2880 3929 2949 τῷ

2369 2965 2487 3018 κατ’
2519 2964 2678 3018 αὐτὸν
2705 2967 2972 3038 νοουμένῳ
2993 2956 3262 3040 ἀνθρώπῳ
3291 2965 3602 3038 ἐτύγχανεν,
3631 2967 3773 3042 ὅπερ
3801 2965 3866 3041 ἦν
3899 2974 3925 3023 ὁ

2372 3056 2679 3127 Μονογενὴς
2709 3056 2802 3109 τοῦ
2818 3057 2973 3120 Θεοῦ,
2987 3058 3080 3111 καὶ
3103 3062 3131 3111 ό
3159 3061 3532 3125 Πρωτότοκος
3555 3058 3761 3127 πάσης
3773 3063 3929 3114 κτισ-

2389 3156 2516 3206 εως,
2550 3142 2578 3192 ὁ
2612 3142 2801 3209 λέγωνσ
2849 3143 2994 3210 Ἐγώ
3016 3147 3130 3212 εἰμι
3161 3147 3198 3212 ἡ
3230 3146 3498 3212 ἀλήθεια,
3529 3151 3643 3212 καὶ,
3663 3142 3814 3218 Ἐτῶ
3823 3152 3930 3220 ειμι

713 3253 828 3290 sum
867 3209 992 3299 via;
1027 3245 1079 3290 et
1108 3251 1123 3291 :
1162 3234 1272 3304 Ego
1301 3209 1416 3288 sum
1460 3209 1608 3304 priuis
1643 3236 1783 3288 vivus
1819 3236 1909 3304 qui
1941 3235 2003 3287 de
2029 3235 2152 3287 caelo
2179 3209 2258 3290 de

2372 3229 2553 3298 ἠζωὴ,
2572 3235 2683 3295 καὶ,
2887 3209 2999 3297 εἶμι
3025 3209 3242 3302 ὴ-θύρα,
3267 3209 3384 3297 και,
3415 3237 3561 3306 Ἐγώ
3580 3209 3752 3306 ειμιῆ
3776 3209 3926 3304 ὁδός,

713 3325 888 3380 scendi
914 3328 968 3390 ²;
1004 3328 1069 3379 de
1115 3340 1181 3380 eo
1225 3326 1445 3396 ejusque
1499 3335 1689 3379 natura
1721 3325 1875 3393 longe
1917 3325 2020 3378 alia
2055 3327 2265 3381 ratione

709 3416 1062 3486 judicandum
1097 3424 1182 3468 est
1211 3429 1274 3468 ac
1302 3415 1366 3468 de
1399 3414 1616 3469 homine
1643 3415 1737 3482 qui
1769 3415 1821 3467 in
1856 3411 1983 3466 Iesu
2028 3426 2147 3467 esse
2183 3415 2268 3466 iu-

715 3505 996 3576 telligitur.
1039 3504 1190 3559 Unde
1219 3503 1416 3558 nullum
1459 3504 1823 3559 Christianum
1856 3504 2039 3557 videas
2072 3503 2155 3556 vel
2187 3505 2269 3556 in-

715 3604 799 3651 ter
831 3597 1258 3664 simplicissimos
1319 3604 1376 3650 et
1426 3581 1872 3664 exquisitioribus
1921 3593 2115 3648 studiis
2166 3595 2268 3647 mi-

714 3689 860 3742 nime
908 3687 1218 3754 innutritos,
1247 3686 1341 3754 qui
1389 3685 1573 3740 dicant
1603 3693 1871 3739 mortuam
1907 3699 2029 3740 esse
2063 3686 2266 3739 verita-

714 3788 980 3848 tem,-aut
1023 3778 1209 3845 vitam,
1241 3785 1333 3830 aut
1362 3776 1527 3839 viam,
1579 3782 1672 3828 aut
1713 3788 1905 3844 panem
1952 3775 2128 3828 vivum
2173 3776 2262 3844 qui

716 3870 786 3926 de
820 3868 957 3924 caelo
997 3868 1295 3932 descendit,
1337 3877 1434 3922 aut
1474 3859 1944 3920 resurrectionem.
1999 3865 2085 3918 Ait
2116 3868 2258 3920 enim

711 3973 772 4013 se
830 3974 949 4013 esse
999 3959 1442 4012 resurrectionem
1492 3956 1633 4032 ille,
1664 3955 1755 4023 qui
1805 3956 1856 4008 in
1902 3956 2115 4009 homine
2156 3971 2260 4024 quo

709 4047 869 4105 Iesus
905 4049 1121 4103 indutus
1159 4047 1465 4110 videbatur,
1509 4043 1738 4099 docebat
1782 4046 1922 4098 istud
1952 4063 1965 4098 :
1997 4044 2109 4115 Ego
2146 4061 2261 4099 sum

709 4140 1022 4194 resurrectio
1073 4139 1117 4190 ⁸.
1182 4138 1290 4192 Sed
1352 4153 1526 4205 neque
1575 4147 1814 4191 nostrum
1876 4137 2015 4191 ullus
2061 4147 2143 4190 est
2190 4137 2261 4190 ita

711 4237 891 4283 mente
928 4235 1137 4298 captus,
1183 4236 1242 4280 ut
1284 4228 1472 4281 dicat:
1518 4225 1633 4279 Vita
1682 4237 1888 4279 mortua
1925 4235 2023 4289 est,
2055 4236 2260 4278 mortua

710 4329 783 4373 est
822 4318 1156 4373 resurrectio.
1201 4315 1400 4371 Locum
1435 4316 1667 4370 fortasse
1701 4318 1926 4370 haberet
1958 4315 2097 4371 Celsi
2129 4332 2256 4384 sup-

2371 3319 2458 3373 καὶ
2471 3359 2484 3381 ,
2501 3321 2646 3390 Ἐγώ
2663 3324 2775 3390 εἰμι
2793 3325 2825 3377 δ
2844 3323 3018 3392 ἄρτος
3035 3328 3066 3378 ὁ
3080 3323 3207 3390 ζῶν,
3229 3329 3261 3379 ὁ
3278 3329 3344 3378 ἐκ
3363 3327 3466 3381 τοῦ
3486 3329 3748 3395 οὐρανοῦ
3769 3347 3929 3383 κατα·

2371 3409 2495 3476 ὄάςο
2524 3411 2678 3474 ἄλλος
2699 3413 2867 3483 δήπου
2894 3417 2921 3467 ό
2952 3417 3079 3486 περ).
3101 3415 3284 3468 τούτου
3316 3417 3408 3470 καὶ
3434 3417 3534 3488 τῆς
3559 3419 3744 3484 οὐσίας
3770 3421 3926 3474 αὑτοῦ

2368 3500 2522 3568 λόγος
2567 3503 2682 3554 ἐστὶ
2729 3504 2880 3574 παρὰ
2924 3506 3011 3560 τὸν
3048 3509 3174 3578 περ).
3213 3505 3302 3559 τοῦ
3341 3509 3625 3578 νοουμένου
3665 3511 3807 3564 κατὰ
3843 3512 3928 3564 τὸν

2381 3591 2584 3660 Ἰησοῦν
2616 3580 2934 3663 ἀνθρώπου.
2954 3595 3151 3667 Διόπερ
3181 3598 3288 3650 οὐδ’
3325 3601 3373 3651 οἱ
3405 3599 3544 3652 πάνυ
3573 3601 3926 3654 ἁπλούστατα

2367 3684 2458 3734 καὶ
2495 3683 2667 3750 λόγοις
2707 3686 2805 3737 οὐκ
2832 3687 3248 3757 έντεθραμμένοι
3279 3688 3638 3754 ὲξεταστικοῖς
3667 3694 3927 3762 Χριστια-

2365 3773 2444 3825 νοὶ
2481 3773 2680 3826 εἴποιεν
2705 3777 2768 3828 ἂν
2794 3776 3105 3846 τεθνηκέναι
3139 3780 3235 3848 τὴν
3265 3779 3538 3848 ἀλήθειαν,
3571 3780 3604 3850 ἢ
3637 3782 3735 3851 τὴν
3765 3783 3925 3852 ζωὴν,

2365 3865 2396 3936 ἢ
2428 3867 2524 3936 τὴν
2555 3866 2691 3929 ὁδὸν,
2715 3866 2747 3936 ἢ
2775 3866 2863 3918 τὸν
2885 3868 2944 3929 ἐξ
2962 3867 3188 3934 οὐρανοῦ
3214 3867 3521 3921 καταϐάντα
3547 3868 3723 3932 ζῶντα
3745 3871 3924 3949 ἄρτον,

2363 3956 2395 4025 ἣ
2423 3957 2520 4025 τὴν
2551 3956 2859 4009 ἀνάστασιν·
2898 3957 3028 4024 φησι
3052 3954 3160 4027 γὰρ
3192 3957 3377 4009 ἑαυτὸν
3415 3959 3705 4012 ἀνάστασιν
3730 3947 3872 4013 εἶναι
3899 3963 3926 4013 ό

2362 4046 2419 4098 ὲν
2451 4045 2527 4114 τῷ
2557 4046 2862 4115 φαινομένῳ
2895 4045 3164 4116 ἀνθρώπῳ
3190 4046 3328 4100 κατὰ
3351 4047 3440 4098 τὸν
3480 4047 3687 4118 Ἰησοῦν
3709 4050 3924 4114 διδάξας

2359 4134 2443 4197 τὸ,
2484 4133 2630 4203 Ἐγώ
2660 4135 2773 4202 ειμι
2807 4137 2844 4204 ἡ
2882 4133 3231 4202 ἀνάστασις.
3251 4136 3406 4189 Ἀλλὰ
3435 4138 3525 4190 καὶ
3552 4138 3726 4203 οὐδεὶς
3751 4141 3923 4204 οὕτως

2362 4224 2722 4294 ὲμὸρόντητος
2756 4225 2908 4296 ἡμῶν
2936 4229 3102 4290 ἐστιν,
3138 4228 3203 4280 ἵν’
3235 4226 3385 4298 εἴπεν
3426 4217 3714 4296 Τέθνηκεν
3740 4231 3926 4298 ἠζωὴ,

2359 4314 2396 4381 ἢ
2431 4308 2736 4382 τέθνηκεν’
2761 4317 2797 4382 ἠ
2842 4316 3193 4382 ἀνάστασις.
3227 4312 3334 4369 Ἦν
3369 4317 3411 4370 δ’
3446 4319 3510 4372 ἂν
3550 4319 3613 4372 τὺ
3655 4320 3756 4390 τῆς
3794 4319 3923 4374 ὑπο-

709 4409 926 4477 positio,
955 4409 998 4463 si
1044 4407 1343 4462 diceremus
1373 4421 1402 4458 a
1436 4405 1715 4474 prapbetis
1742 4405 1908 4460 fuisse
1942 4407 2256 4475 praedictum

2369 4403 2558 4466 θέσεως
2580 4402 2673 4458 τοῦ
2703 4405 2908 4459 Κέλσου
2941 4407 3120 4478 χώραν
3154 4408 3295 4477 ἔχον,
3330 4412 3378 4461 εξ
3405 4409 3710 4480 ὲφάσκομεν
3739 4429 3922 4482 προει-

709 4497 845 4559 fore,
880 4507 938 4550 ut
970 4506 1067 4550 aut
1118 4497 1256 4550 Deus
1311 4497 1555 4558 verbum,
1606 4503 1698 4548 aut
1742 4495 1968 4560 veritas,
2007 4504 2098 4548 aut
2127 4496 2254 4559 vita,

2369 4496 2583 4565 ρηκέναι
2615 4497 2738 4560 τοὺς
2763 4489 3045 4568 προφήτας
3071 4496 3416 4568 τεθνήξεσθαι
3449 4499 3536 4554 τὸν
3567 4499 3699 4554 Θεὸν
3730 4503 3917 4569 Λόγον,

710 4596 803 4640 aut
833 4588 1182 4651 resurrectio,
1237 4593 1330 4640 aut
1377 4586 1507 4654 quid
1559 4585 1706 4646 aliud
1758 4600 1968 4652 eorum,
1998 4601 2114 4654 quae
2161 4586 2254 4639 Dei

2369 4586 2394 4657 ἧ
2423 4587 2520 4656 τὴν
2548 4587 2822 4657 ἀλήθειανν
2856 4587 2887 4658 ἦ
2917 4588 3014 4658 τὴν
3043 4586 3206 4658 ζωὴν,
3241 4588 3273 4659 ἦ
3314 4589 3410 4660 τῂν
3455 4591 3770 4656 ἀνάστασιν,
3805 4592 3839 4660 ἢ
3867 4611 3916 4646 τι

710 4676 877 4733 Filius
903 4691 1026 4732 esse
1052 4692 1110 4733 se
1142 4678 1419 4747 praedicat,
1454 4683 1774 4734 moreretur.
1943 4721 1948 4727 .
1986 4709 1992 4715 -

2369 4677 2466 4730 τῶν
2496 4677 2688 4740 ἄλλων,
2723 4677 2759 4732 ἆ
2789 4695 2952 4748 φησιν
2983 4673 3120 4732 εἶναι
3148 4681 3176 4732 ό
3207 4679 3333 4742 Υἱὸς
3360 4679 3454 4732 τοῦ
3483 4679 3639 4733 Θεοῦ.

780 4770 868 4825 17.
908 4769 1021 4824 Hoc
1066 4770 1229 4840 igitur
1273 4769 1391 4823 loco
1435 4769 1486 4822 id
1532 4782 1692 4821 unum
1722 4766 1864 4822 Celsi
1911 4781 2096 4821 verum
2125 4775 2255 4820 est:

2446 4767 2720 4837 ’Δληθεύει
2779 4764 2871 4821 οὗν
2927 4770 2983 4823 ὲν
3037 4769 3182 4840 μόνῳ
3212 4769 3351 4824 κατὰ
3380 4770 3468 4821 τὸν
3510 4769 3674 4821 τόπον
3701 4771 3730 4820 ό
3782 4769 3914 4822 Κέλ-

801 4933 847 4966 ⁹⁸
879 4934 980 4991 lsa.
1011 4949 1107 4997 LII,
1139 4933 1195 4998 2,
1222 4934 1303 4987 5.‘
1352 4930 1398 4962 “
1426 4928 1580 4984 Joan.
1615 4944 1731 4994 vni,
1758 4930 1846 4982 40.
1947 4931 1992 4962 ’⁷
2025 4929 2181 4985 Joan.
2216 4946 2253 4991 ι,

2369 4970 2372 4980 .
2452 4929 2496 4960 ’⁸
2519 4927 2726 4986 Coloss.
2759 4945 2798 4994 ι,
2838 4929 2926 4982 15.

3022 4928 3066 4963 ⁸⁸
3095 4927 3248 4982 Joan.
3283 4943 3393 4994 xw,
3422 4929 3474 4982 6.
3555 4929 3569 4958 ⁸
3592 4927 3752 4982 Joan.
3780 4943 3834 4996 Χ,
3860 4929 3909 4982 9.

711 5005 732 5034 ¹
758 5000 916 5058 Joan.
946 4997 1018 5061 vr.
1051 5003 1139 5058 50.
1183 4997 1187 4998 ⁷
1215 5003 1236 5033 ⁸
1265 4999 1422 5056 Joan.
1455 5014 1530 5066 ιι,
1563 4998 1652 5052 25.

2361 5167 2668 5227 ἐπίστασαι,
2692 5165 2770 5216 ὅτι
2796 5162 3080 5232 τέθνηκας.

2426 5236 2533 5303 (99)
2585 5229 2954 5286 Ἐπίστασαι.
2987 5234 3127 5284 Bene
3159 5229 3416 5291 Valesius.
3476 5230 3625 5284 οὐδὲν
3690 5231 3909 5283 tnta...

2358 5321 2863 5442 cmihﬂoescbelius
2893 5372 2948 5426 in
3005 5379 3172 5434 textu,
3209 5373 3267 5423 ἐν
3313 5370 3596 5422 ὑποθέσεσι
3655 5367 3894 5439 crapule-

2358 5441 2890 5490 mauev.Boherellus
2920 5455 3015 5490 nro
3055 5439 3483 5490 παρειλήφαμεν.
3541 5439 3667 5490 lenit

2358 5439 2890 5511 gestitemBoherellus
2918 5455 3015 5511 pro
3055 5439 3483 5510 παρειλήφαμεν,
3541 5439 3667 5506 legit
3718 5455 3856 5509 παρτ

2355 5510 2513 5649 inite).
2536 5579 2674 5649 Ὅρα
2711 5572 2824 5649 οὖν
2862 5577 3088 5649 σαφῶς.
3119 5575 3264 5649 Lege
3313 5593 3435 5649 cum
3478 5574 3781 5649 Doberello,
3809 5573 3906 5643 δρα

2359 5643 2443 5710 ὡς’
2467 5643 2670 5714 σαφῶς,
2697 5648 2781 5700 vel
2798 5650 2917 5702 eum
2940 5643 3153 5712 Guieto,
3177 5648 3275 5716 δρα
3303 5643 3394 5699 οὖν
3425 5646 3541 5716 πῶς
3567 5644 3770 5714 σαφῶς.

2430 5719 2504 5788 (5)
2535 5716 2868 5773 llteschelius
2887 5719 2940 5772 in
2965 5725 3134 5782 textu,
3169 5714 3274 5770 ἀπὸ
3300 5716 3391 5770 τοῦ
3418 5714 3572 5769 Θεοῦ.

776 5163 884 5235 (97)
908 5166 976 5219 Ei
1005 5165 1339 5231 ἐπίστασαι,
1369 5174 1472 5221 etc.
1493 5165 1651 5218 Deest
1676 5163 1902 5235 alterum
1927 5177 1962 5235 e7
1980 5166 2257 5235 connexis,

712 5232 961 5287 mene’nte
989 5235 1223 5288 Vulesio.
1250 5235 1339 5287 Sic
1377 5237 1540 5301 igitur
1568 5235 1790 5286 restitue
1822 5249 1834 5283 :
1862 5232 1922 5283 Et
1953 5234 2256 5296 ἐπίστασαι,

709 5301 792 5354 ὅτι
817 5303 1095 5371 τέθνηκας,
1127 5303 1407 5371 τέθνηκας.
1432 5304 1490 5354 Εἰ
1517 5302 1822 5363 ἐπίστασαι,
1859 5303 1939 5371 ὅτι
1974 5303 2254 5370 τέθνηκας,

709 5372 769 5492 ab
792 5371 1072 5491 ιὲέθνηκας.
1107 5371 1225 5425 Mox
1271 5370 1584 5429 Boberellus
1611 5372 1761 5424 addit
1813 5370 1921 5422 καί-
1945 5382 2072 5425 ante
2122 5373 2253 5450 ακο-

743 5457 800 5492 ου
840 5455 907 5492 ει.

743 5442 907 5493 ουθεῖ.
2157 5447 2160 5450 ’

782 5509 892 5581 (98)
920 5508 1000 5560 Οὐ
1045 5506 1349 5581 τέθνηκας.
1393 5507 1534 5581 Bene
1582 5506 1826 5581 Valesius
1854 5504 1995 5581 delet
2038 5507 2123 5560 οὐ.
2156 5508 2254 5581 Se-

710 5574 928 5648 quéut'ia
963 5578 1201 5648 ver0,xa‘t
1224 5575 1368 5648 ἐστιν
1398 5575 1424 5626 ὃ
1446 5575 1748 5648 bulas-oram,
1778 5576 1837 5627 οὐ
1863 5574 2156 5648 τέθνηκας,
2179 5576 2258 5631 sic

711 5643 954 5717 corrigit.
1009 5644 1314 5717 ἐπίστασαι,
1348 5646 1428 5697 ὅτι
1475 5643 1755 5717 τέθνηκας.
1794 5648 1864 5698 At
1923 5643 2248 5717 Bolierellus,

750 5729 807 5768 ro
838 5712 976 5776 istis,
999 5712 1092 5763 καὶ
1119 5714 1261 5766 ἐστιν
1297 5715 1346 5775 ὃ,
1379 5728 1498 5780 quae
1543 5712 1782 5767 Valesius
1833 5717 2052 5768 omnino
2089 5715 2249 5777 delet,

750 5729 807 5768 ro
838 5726 976 5776 istis,
999 5726 1092 5763 και
1119 5726 1261 5766 εστιν
1297 5726 1346 5775 ο,
1379 5728 1498 5780 qum
1548 5726 1782 5767 valesius
1833 5728 2052 5768 omnino
2089 5726 2249 5777 deiet,

709 5726 822 5840 iam
848 5782 1151 5851 reponenda
1178 5791 1347 5851 putat,
1380 5781 1534 5834 τοῦτο
1569 5782 1692 5851 ἄρα.
1731 5781 1797 5840 Ut
1830 5785 1921 5850 sit,
1959 5783 2110 5836 τοῦτο
2145 5783 2253 5854 ἄρα
