4076 6312
715 418 852 478 14Ὶ9
1182 419 1185 421 ’
2158 425 2242 479 0R

2340 423 2476 480 ENIS
3776 427 3905 490 ω.

713 544 900 609 eisque
923 541 1182 610 supplicio
1210 542 1544 612 exponimus,
1569 542 1625 597 id
1660 540 1763 596 illis
1786 541 1967 596 tribuit
1996 543 2086 610 qui
2120 543 2242 596 nihil

2353 544 2559 614 ρωροὺς
2601 542 2700 612 τῆς
2747 542 2955 606 ἀνόδου,
2994 541 3096 605 ἕως
3138 540 3364 595 θανάτου
3408 538 3515 611 (86)
3550 540 3769 591 ἵσταται
3811 537 3914 590 κᾶν

713 632 887 687 simile
915 634 1191 701 perferunt
1218 651 1235 699 ;
1269 634 1423 688 nobis
1469 645 1646 688 autem
1667 674 1682 697 ,
1717 633 1808 702 qui
1841 633 2056 702 pietatis
2086 650 2242 689 causa

2355 636 2493 706 ὑπὲρ
2529 634 2627 702 τῆς
2671 635 2998 703 φαινομένης
3031 634 3178 702 αὐτῷ
3216 633 3486 704 ἀληθείας.
3523 631 3678 684 Ἀλλὰ
3711 630 3776 682 τὸ
3821 627 3910 696 ὑφ’

711 723 860 778 cruci
888 721 1174 792 aﬂigimur,
1197 723 1406 777 illorum
1427 723 1494 777 de
1514 733 1762 794 portento
1790 724 2018 778 leonina:
2039 723 2246 789 formae,

711 813 779 866 de
797 813 1070 882 amphihio
1090 814 1403 883 ueterisque
1427 815 1587 869 rebus
1619 814 1852 868 tabulam
1875 813 2076 884 objicit.
2097 815 2246 881 Quod

709 901 911 968 igitura
927 902 1168 955 doctrina
1185 902 1251 954 de
1285 902 1475 970 angelo
1490 904 1698 957 leonina
1727 903 1904 970 specie
1922 912 1974 956 et
1988 918 2016 956 a
2036 903 2247 957 czeteris

694 991 917 1051 illorum
954 993 1171 1060 ineptiis
1192 994 1566 1056 abhorremus,
1598 993 1754 1061 hujus
1773 993 1848 1046 rei
1878 993 2063 1046 Celsus
2095 993 2246 1047 nobis

675 1098 811 1137 .non
844 1093 928 1137 est
975 1093 1194 1148 auctor;
1232 1099 1404 1149 neque
1448 1085 1593 1138 enim
1641 1083 1707 1136 ab
1758 1083 1908 1136 initio
1943 1081 2246 1149 huiusmodi

706 1173 985 1242 quidpiam
1027 1175 1364 1241 accepimus;
1412 1175 1507 1229 sed
1540 1173 1584 1227 si
1628 1187 1734 1227 non
1777 1174 2100 1227 assentimur
2145 1172 2244 1224 Mi-

705 1263 946 1317 chaelem
977 1271 1067 1317 aut
1096 1263 1259 1317 alium
1295 1279 1364 1318 ex
1406 1264 1692 1320 recensitis
1722 1278 1839 1318 esse
1890 1264 1992 1316 hac
2021 1271 2114 1314 aut
2155 1262 2242 1316 illa

706 1350 900 1413 forma,
928 1353 980 1406 in
1002 1368 1161 1408 causa
1183 1365 1266 1406 est
1285 1353 1409 1407 Jesu
1437 1353 1677 1408 doetrina
1695 1368 1858 1422 quam
1890 1353 2168 1422 sequimur
2191 1361 2245 1407 et

701 1457 764 1495 ex
795 1457 898 1509 qua
936 1444 1204 1496 contraria
1236 1443 1341 1498 illis
1364 1438 1542 1498 dicere
1565 1445 1844 1498 discimus.

2352 724 2507 794 ημῶν
2534 724 2599 776 δι’
2622 725 2919 786 εὺσεόείας,
2952 725 3020 776 ἵν’
3042 724 3213 786 οὕτως
3244 724 3399 787 εἴπω,
3430 722 3737 793 ὑπρὸολὴν
3767 721 3911 788 γινό-

2353 833 2532 886 μενον,
2581 815 2924 886 παρεχόντων
2965 818 3186 879 ἑαυτοὺς
3229 817 3389 868 παντὶ
3418 816 3603 887 τρόπῳ
3649 815 3906 875 θανάτου,

2351 905 2444 956 καὶ
2495 903 2555 956 τὸ
2601 903 3115 966 ἀνασκολοπίζεσθαι
3168 903 3299 974 (87),
3355 904 3582 966 ἐκείνοις
3640 904 3908 973 προσάγει

2349 996 2459 1056 τοῖς
2489 994 2650 1063 μηδὲν
2671 994 2873 1047 τούτων
2903 996 3214 1064 πάσχουσιν·
3242 997 3370 1065 ἡμῖν
3398 994 3454 1045 δὲ
3473 993 3608 1063 (88),
3641 998 3757 1056 τοῖς
3782 996 3908 1046 ἁνα-

2348 1084 2813 1152 σκολοπιζομένοις
2843 1085 2909 1137 δι’
2937 1085 3234 1146 εὐσέϐειαν,
3262 1073 3502 1147 ὀνειδίζει
3533 1085 3631 1154 τὴν
3679 1083 3905 1136 ἐκείνων

2347 1173 2473 1244 περὶ
2497 1157 2587 1223 τὸν
2616 1171 2909 1241 λεοντοειδῆ
2940 1173 3032 1223 καί
3070 1172 3164 1224 τὸν
3203 1173 3478 1242 ἀμφίϐιον,
3523 1173 3617 1224 καὶ
3646 1175 3721 1226 τὰ
3747 1174 3905 1225 λοιπὰ

2349 1263 2685 1333 μυθοποιίαν.
2716 1264 2788 1316 Οὐ
2818 1263 2905 1316 διὰ
2929 1263 3130 1316 Κέλσον
3153 1266 3330 1316 τοίνυν
3355 1265 3629 1335 φεύγομεν
3651 1267 3751 1318 τὸν
3781 1266 3905 1336 περὶ

2343 1352 2696 1416 λεοντοειδοῦς
2744 1353 2838 1406 καὶ
2881 1354 2989 1406 τῶν
3025 1354 3224 1406 λοιπῶν
3262 1356 3434 1422 λόγον·
3479 1357 3602 1408 οὐδὲ
3648 1356 3766 1426 γὰρ
3807 1358 3904 1425 τὴν

2343 1443 2516 1512 ἀρχὴν
2544 1442 2778 1495 τοιοῦτόν
2800 1460 2852 1494 τι
2877 1443 3284 1514 παρειλήφαμεν
3301 1461 3312 1472 ·
3341 1445 3455 1496 ἀλλ’
3483 1446 3903 1508 ἀκολουθοῦντες

700 1538 762 1605 τῇ
794 1535 1104 1606 διδασκαλίᾳ
1163 1537 1335 1607 Ἰησοῦ
1377 1537 1446 1589 τὰ
1489 1537 1704 1591 ἐναντία
1757 1536 1982 1601 ἐκείνοις
2023 1536 2270 1606 λέγομεν,
2319 1537 2379 1588 οὐ
2422 1536 2939 1607 συγκατατιθέμενοι
2980 1536 3056 1608 τῷ
3093 1538 3291 1590 τοιόνδε
3332 1534 3470 1591 εἶναι
3507 1539 3587 1608 τῷ
3627 1540 3905 1610 προσώπῳ

696 1629 788 1681 τὸν
824 1629 1061 1700 Μιχαὴλ,
1101 1630 1193 1682 καὶ
1234 1629 1432 1683 τοιόνδε
1459 1628 1644 1699 ἕτερόν
1674 1646 1793 1681 τινα
1827 1630 1935 1683 τῶν
1969 1630 2506 1700 προκατειλεγμένων
2540 1629 2671 1699 (89).

763 1723 854 1775 41.
873 1723 1282 1778 Consideremus
1303 1736 1447 1775 nunc
1468 1737 1669 1790 ecquos
1710 1722 1841 1775 velit
1861 1723 2046 1777 Celsus
2086 1724 2240 1777 nobis

696 1813 888 1881 praeire
910 1815 1096 1876 duces,
1138 1823 1197 1866 ut
1222 1825 1291 1865 ne
1318 1811 1476 1866 nobis
1499 1821 1710 1866 veteres
1727 1823 1779 1866 et
1800 1814 1939 1866 sacri
1964 1813 2236 1866 deﬁciant.

2411 1718 2528 1774 Τίνι
2568 1722 2622 1774 δὲ
2648 1722 2739 1775 καὶ
2781 1723 3004 1777 ἕπεσθαι
3044 1725 3190 1795 ἡμᾶς
3226 1725 3255 1777 ό
3286 1723 3491 1787 Κέλσος
3523 1723 3801 1793 βούλεται,
3831 1735 3907 1788 ὡς

2341 1811 2440 1864 οὐκ
2479 1811 2848 1882 ἀπορήσοντας
2879 1815 3119 1870 παλαιῶν
3153 1817 3431 1885 ἡγεμόνων
3472 1817 3570 1868 καὶ
3609 1815 3777 1886 ἱερῶν
3820 1820 3906 1870 ἀν-

696 1876 803 1954 ίῖοε
833 1901 1044 1969 ablegat
1067 1900 1132 1953 ad
1162 1909 1370 1968 poetas,
1409 1909 1468 1954 ut
1495 1902 1610 1968 ait,}
1634 1902 1890 1955 divinitus
1918 1901 2143 1964 amatus,
2173 1903 2237 1954 ad

2340 1899 2497 1968 δρῶν,
2542 1876 2918 1970 κατανοητέον.
2980 1876 3313 1973 Ἀναπέμπει
3341 1907 3486 1973 ἡμᾶς
3532 1906 3626 1955 ἐπὶ
3661 1876 3902 1968 ένθέους,

695 1991 986 2057 sapientes,
1022 1990 1087 2042 ad
1105 1989 1468 2057 philosophos,
1503 2005 1730 2057 quorum
1764 1992 1977 2044 nomina
2013 2006 2117 2044 non
2146 1991 2238 2044 de-
2276 2040 2278 2042 ,

695 2090 867 2135 notat.
901 2078 1178 2134 Pollicitus
1207 2093 1265 2132 se
1293 2079 1457 2134 duces
1501 2088 1921 2135 monstraturum
1977 2094 2118 2144 esse,
2149 2095 2241 2149 ge-

695 2167 922 2227 neratim
965 2171 1171 2226 indicat
1203 2180 1388 2239 poetas
1437 2172 1652 2226 numine
1684 2171 1911 2236 alllatos,
1948 2175 2237 2242 sapientes,

693 2262 1063 2332 philosophos.
1122 2261 1180 2315 Si
1234 2262 1660 2330 uniuscujusque
1713 2275 1906 2316 nomen
1947 2263 2239 2326 attulisset,

694 2354 864 2407 nostri
886 2352 1043 2406 ollicii
1073 2367 1198 2407 esse
1227 2352 1570 2406 duxissemus
1597 2353 1984 2415 demonstrare,
2014 2352 2083 2404 ab
2126 2353 2239 2421 ipso

692 2445 847 2497 nobis
875 2456 1049 2496 cmeos
1080 2456 1206 2512 erga
1233 2441 1516 2495 veritatem
1544 2441 1706 2495 duces
1741 2440 1877 2503 dari,
1913 2451 1971 2493 ut
2004 2441 2056 2494 in
2091 2456 2242 2494 erro-

651 2564 660 2572 κ
695 2545 806 2586 rem
855 2530 1198 2594 inducantur;
1229 2541 1321 2583 aut
1345 2530 1388 2583 si
1419 2545 1522 2584 non
1557 2531 1780 2584 omnino
1804 2531 1929 2583 caeci
1967 2539 2116 2595 sunt,
2148 2545 2240 2585 eos

700 2631 876 2677 tamen
900 2638 929 2677 a
950 2625 1177 2677 veritate
1199 2624 1252 2676 in
1279 2624 1460 2678 multis
1493 2623 1763 2692 dogmatis
1785 2623 2092 2678 aberrasse.
2117 2625 2242 2679 Sive

694 2714 860 2779 igitur
881 2712 1146 2781 Orpheus,
1177 2714 1289 2767 sive
1332 2713 1696 2777 Parmenides,
1731 2714 1842 2766 sive
1873 2714 2237 2783 Empedocles.
2260 2761 2274 2775 .

630 2795 638 2800 ’
695 2798 810 2851 sive
841 2798 1103 2851 Homerus
1122 2799 1256 2867 ipse,
1285 2809 1376 2854 aut
1398 2802 1560 2854 etiam
1591 2799 1850 2855 Hesiodus
1871 2802 1960 2857 ille
1990 2803 2238 2870 sitquent

695 2900 906 2957 poetam
946 2888 1208 2943 divinitus
1245 2890 1572 2964 inspiratum
1618 2906 1740 2945 esse
1779 2892 1932 2956 vult,
1991 2895 2241 2946 ostendat

693 2982 787 3050 qui
825 2982 1081 3044 voluerit,
1117 2983 1389 3049 quomodo
1409 2981 1502 3049 qui
1531 2981 1755 3035 ducibus
1795 2981 1902 3036 illis
1929 2990 2172 3047 utuntur,
2203 2984 2238 3036 ii

692 3072 969 3128 meliorem
999 3073 1142 3132 viam
1172 3082 1468 3140 sequantur
1493 3080 1548 3126 et
1586 3073 1790 3126 rectius
1817 3082 1994 3127 mores
2015 3088 2234 3140 compo-

694 3178 843 3234 nant,
880 3183 1040 3236 quam
1067 3167 1184 3235 qui.
1205 3167 1775 3260 simulacris-omnibus
1795 3146 2092 3236 statuisque
2111 3166 2236 3221 Jesu
2266 3202 2310 3260 ε

697 3259 957 3313 doctrina:
988 3257 1336 3326 posthabitis,
1379 3255 1544 3327 72‘
1594 3256 1786 3310 relicta
1827 3257 1989 3310 etiam
2021 3256 2240 3310 Judaica

699 3348 1109 3417 superstitione,
1136 3361 1232 3416 per
1245 3346 1478 3404 Verbum
1505 3347 1596 3399 Dei
1620 3347 1686 3399 ad
1711 3346 1878 3399 solum
1901 3345 2064 3399 Deum
2082 3346 2242 3400 Verbi

692 3438 907 3494 Patrem
933 3439 1123 3493 oculos
1165 3438 1381 3492 tollunt.
1428 3437 1595 3506 Ecqui
1633 3446 1760 3491 sunt
1805 3447 1982 3490 autem
2025 3437 2097 3490 illi
2129 3439 2241 3492 sive

694 3529 990 3597 sapientes,
1026 3528 1138 3583 sive
1176 3527 1533 3596 philosophi,
1575 3543 1606 3581 a
1639 3527 1832 3596 quibus
1867 3528 2030 3581 multa
2071 3543 2242 3597 eaque

694 3619 872 3672 divina
908 3617 1022 3672 vult
1051 3632 1151 3671 nos
1195 3620 1384 3672 audire
1415 3617 1636 3680 Celsus,
1671 3632 1870 3685 eosque
1919 3626 2241 3684 anteponere

693 3708 864 3778 Moysi
909 3709 1003 3761 Dei
1051 3709 1268 3770 cultori,
1315 3707 1613 3761 conditoris
1656 3707 1893 3759 omnium
1929 3708 2237 3774 prophetis,

694 3799 787 3865 qui
827 3813 953 3851 vere
984 3797 1245 3850 divinitus
1294 3796 1458 3849 amati
1503 3797 1786 3863 innumera
1833 3797 2082 3850 dixerunt
2115 3813 2129 3861 ;
2165 3797 2237 3850 illi

695 3888 858 3940 etiam
893 3889 982 3954 qtti
1013 3887 1287 3939 hominum
1317 3886 1502 3954 generi
1530 3887 1722 3949 illuxit,
1749 3887 1841 3954 qui
1866 3887 2027 3939 divini
2067 3887 2239 3939 cultus

697 3977 1044 4029 annuntiavvit
1073 3976 1240 4037 viam,
1280 3977 1372 4042 qui
1402 3984 1660 4043 quantum
1684 3977 1736 4028 in
1775 3992 1832 4030 se
1869 3988 1949 4029 est
1975 3977 2237 4034 neminem

697 4068 962 4135 relinquit
997 4066 1374 4134 mysteriorum
1405 4081 1624 4119 suorum
1664 4077 1960 4132 expertem,
1992 4067 2084 4119 sed
2119 4080 2239 4134 pre-

695 4169 814 4228 pter
844 4160 1160 4213 immensam
1204 4158 1585 4211 humanitatem
1653 4152 2085 4224 prudentioribus
2121 4155 2240 4223 qui-

691 4251 817 4304 dem
847 4248 1168 4316 theologiam
1200 4248 1427 4316 largitur
1455 4262 1638 4301 eorum
1682 4247 1872 4299 animis
1898 4261 1927 4298 a
1961 4245 2235 4312 praesenti-

696 4343 796 4395 bus
837 4340 1070 4407 negotiis
1107 4317 1416 4392 attollendis
1441 4352 1647 4404 parem,
1695 4337 2082 4389 infirmioribus
2110 4349 2236 4388 vero

697 4431 975 4486 hominum
1023 4429 1433 4496 imperitorum,
1519 4427 1839 4494 simplicium
1893 4427 2231 4491 feminarum,

2337 1993 2412 2053 ὼς
2454 1991 2621 2058 λέγει,
2646 1994 2889 2061 ποιητὰς,
2929 1996 3021 2047 καὶ
3061 1997 3272 2062 σοφοὺς,
3301 1994 3395 2046 καὶ
3433 1994 3782 2062 φιλοσόειςους,
3833 1998 3905 2066 μὴ
3939 2035 3942 2038 ~

2337 2079 2503 2140 τιθεὶς
2530 2082 2711 2143 αὐτοῖς
2741 2081 2977 2152 ὀνόματα
3015 2083 3156 2155 (90)·
3185 2084 3421 2145 καὶτοὺς
3448 2083 3681 2152 ὁδηγοὺς
3710 2083 3906 2150 δείξειν
3949 2075 3966 2094 ”

2338 2176 2822 2245 ἐπαγγελλόμενος,
2848 2175 3107 2244 ἀορίστως
3135 2175 3484 2244 ἀποφαίνεται
3517 2181 3645 2241 τοὺς
3690 2177 3906 2239 ἐνθέους

2338 2265 2583 2334 ποιητὰς,
2618 2264 2707 2318 καὶ
2735 2265 2949 2332 σοφοὺς,
2975 2265 3069 2316 καὶ
3100 2264 3432 2332 φιλοσόφους.
3471 2268 3532 2318 Ei
3559 2268 3606 2319 δ’
3637 2268 3811 2319 ἐτίθει
3839 2266 3908 2318 τὰ

2338 2352 2573 2421 ὀνόματα
2615 2353 2841 2404 ἑκάστου
2873 2351 3111 2414 τούτων,
3151 2352 3243 2403 καὶ
3281 2353 3644 2419 ἀγωνίζεσθαι
3687 2355 3907 2421 εὔλογον

2339 2446 2469 2512 ἡμῖν
2499 2444 2764 2509 ἐφαίνετο,
2799 2443 2879 2493 ὅτι
2909 2441 3311 2510 τυφλώττοντας
3343 2445 3470 2513 περὶ
3506 2444 3608 2513 τὴν
3645 2443 3906 2512 ἀλήθειαν

2337 2533 2563 2601 ὁδηγοὺς
2594 2534 2721 2601 ἡμῖν
2750 2530 2981 2593 δίδωσιν,
3025 2530 3109 2582 ἵνα
3140 2531 3460 2600 σφάλωμεν·
3493 2534 3550 2601 ἢ,
3595 2534 3645 2584 εἰ
3684 2535 3784 2584 καὶ
3829 2535 3900 2603 μὴ

2341 2621 2482 2673 πάνυ
2531 2619 2959 2687 τυφλώττοντας,
3008 2622 3134 2691 περὶ
3184 2620 3354 2672 πολλά
3392 2637 3453 2687 γε
3495 2623 3597 2690 τῆς
3645 2623 3904 2692 ἀληθείας

2338 2713 2580 2781 δόγματα
2643 2711 3030 2780 ὲσφαλμένους.
3082 2711 3193 2763 Εἶτ’
3241 2706 3330 2762 οὖν
3392 2711 3592 2780 Ὀρφέα
3651 2711 3904 2780 βούλεται

2337 2803 2517 2855 ἔνθεον
2557 2797 2692 2853 εἶναι
2721 2801 2967 2871 ποιητὴν,
3001 2800 3108 2852 εἴτε
3140 2801 3500 2871 Παρμενίδην,
3540 2801 3642 2854 εἰτ’
3701 2804 3904 2872 Ἐμπεο

2338 2893 2548 2953 δοκλέα,
2601 2892 2705 2944 εἴτε
2752 2893 2845 2944 καὶ
2894 2892 3053 2944 αὑτὸν
3102 2892 3362 2961 Ὅμηρον,
3409 2893 3442 2962 ἦ
3487 2894 3584 2944 καὶ
3626 2893 3900 2947 Ἡσίοδον

2339 2982 2596 3035 δεικνύτω
2638 2983 2667 3033 ὁ
2700 2980 3036 3051 βουλόμενος,
3082 2981 3198 3044 πῶς
3244 2982 3450 3050 βέλτιον
3493 2983 3816 3036 όδεύσουσιν
3855 2986 3902 3036 el

2337 3071 2595 3134 τοιούτοις
2644 3072 2856 3142 ὁδηγοῖς
2914 3071 3204 3142 χρώμενοι,
3261 3073 3356 3124 καὶ
3407 3072 3724 3142 ὠφέληνται
3779 3075 3903 3142 περὶ

2339 3159 2447 3213 τῶν
2477 3159 2586 3231 (91)
2613 3159 2753 3212 κατὰ
2777 3159 2866 3212 τὸν
2893 3159 3026 3229 βίον,
3051 3160 3202 3230 παρὰ
3229 3161 3353 3223 τοὺς
3383 3163 3789 3225 καταλιπόντας
3817 3164 3902 3215 διὰ

2342 3244 2443 3319 τὴν
2473 3250 2644 3319 Ἰησοῦ
2667 3249 2760 3301 τοῦ
2778 3250 3010 3320 Χριστοῦ
3039 3250 3382 3302 διδασκαλίαν
3402 3252 3578 3306 πάντα
3606 3254 3902 3322 ἀγάλματα

2343 3340 2437 3391 καὶ
2483 3338 2768 3408 ἱδρύματα,
2805 3337 2938 3390 ἀλλὰ
2969 3340 3063 3391 καὶ
3102 3341 3282 3390 πᾶσαν
3326 3339 3619 3410 ἰουδαῖκὴν
3649 3341 3902 3396 δεισιδαι-

2345 3429 2550 3496 μονίαν,
2583 3431 2676 3480 καὶ
2715 3429 2847 3496 πρὸς
2880 3428 3033 3496 μόνον
3067 3428 3459 3492 ἀναϐλέποντας
3485 3430 3571 3482 διὰ
3598 3432 3697 3483 τοῦ
3731 3433 3901 3501 Λόγου

2341 3518 2432 3570 τοῦ
2459 3517 2592 3570 Θεοῦ
2634 3517 2721 3569 τὸν
2759 3518 2975 3588 Πατέρα
3012 3517 3105 3570 τοῦ
3132 3520 3303 3586 Λόγου
3332 3519 3482 3572 Θεόν.
3519 3521 3679 3583 Τίνες
3711 3523 3770 3575 δὲ
3809 3524 3900 3575 καὶ

2339 3610 2389 3658 οἱ
2424 3609 2573 3675 σοφοὶ
2598 3607 2630 3677 ἢ
2657 3609 2705 3659 oi
2739 3591 3032 3676 φιλόσοξροι,
3066 3608 3193 3678 παρ’
3221 3601 3295 3660 ὧν
3330 3609 3573 3677 βούλεται
3603 3611 3779 3664 πολλὰ
3808 3590 3900 3694 risi

2340 3695 2458 3747 θεῖα
2485 3698 2710 3749 ἀκοῦσαι
2755 3701 2900 3768 ἡμᾶς
2941 3700 2969 3749 ὁ
3017 3699 3241 3762 Κέλσος,
3290 3701 3691 3763 καταλιπόντας
3741 3702 3899 3771 θεράι

2340 3802 2505 3838 ποντα
2546 3787 2677 3839 Θεοῦ
2722 3789 2976 3850 Μωῦσέα,
3025 3789 3118 3839 καὶ
3161 3792 3442 3858 προφήτας
3487 3791 3580 3842 τοῦ
3611 3793 3722 3843 τῶν
3764 3793 3898 3845 ὅλων

2338 3869 2687 3946 δημιουργοῦ,
2737 3877 2949 3947 ἀληθῶς
2982 3879 3176 3941 ὲνθέως
3220 3881 3386 3949 μυρία
3426 3881 3524 3931 ὅσα
3570 3883 3891 3949 εἰρηκόταςε

2338 3966 2432 4016 καὶ
2457 3966 2615 4019 αὐτὸν
2647 3966 3021 4035 ὲπιλὰμψαντα
3044 3966 3120 4036 τῷ
3149 3969 3292 4035 γένει
3315 3968 3421 4021 τῶν
3447 3969 3774 4039 ἀνθρώπων,
3803 3973 3898 4024 καὶ

2337 4055 2762 4121 καταγγείλαντα
2795 4056 2908 4108 ὁδὸν
2945 4057 3268 4126 θεοσεϐείας,
3306 4060 3397 4110 κα)⁵
3433 4061 3633 4129 μηδένα
3679 4062 3741 4112 τὸ
3773 4064 3897 4113 ὅσον

2337 4144 2421 4210 ἐφ’
2463 4137 2636 4212 ἐαυτῷ
2675 4146 2933 4210 ἄγευστον
2965 4146 3324 4222 καταλιπόντα
3363 4148 3471 4199 τῶν
3496 4149 3640 4200 ίδίων
3688 4168 3897 4220 μυτττςο

2339 4233 2489 4302 ρίων,
2526 4233 2660 4286 ἀλλὰ
2691 4234 2753 4285 δι’
2788 4235 3225 4305 ὑπερϐάλλουσαν
3262 4237 3668 4308 φιλανθρωπίαν
3699 4240 3892 4309 ἔχοντα

2341 4321 2436 4392 μὲν
2467 4324 2658 4376 διδόναι
2684 4329 2793 4388 τοῖς
2826 4327 3200 4396 συνετωτέροις
3231 4329 3523 4396 θεολογίαν,
3555 4330 3764 4400 ὲπάραι
3791 4333 3892 4400 τὴν

2334 4413 2508 4484 ψυχὴν
2546 4415 2653 4468 ἀπὸ
2690 4416 2796 4468 τῶν
2827 4418 2952 4486 τῇδε
2992 4418 3330 4487 πραγμάτων
3371 4419 3676 4490 δυναμένην
3699 4438 3712 4448 ·
3744 4423 3894 4474 οὐδὲν

694 4527 753 4572 et
785 4530 1066 4571 vernarum
1091 4515 1295 4568 viribus
1313 4529 1372 4568 se
1391 4522 1728 4581 attemperat,
1744 4529 1849 4565 uno
1873 4513 2037 4566 verbo
2060 4515 2201 4566 omni
2216 4541 2234 4552 -

2340 4503 2379 4554 δ’
2428 4500 2604 4574 ἦττον¹
2637 4506 3130 4573 συγκαταϐαίνοντα
3169 4508 3262 4560 καὶ
3310 4511 3428 4570 ταῖς
3479 4509 3892 4582 ὑποδεεστέρας

701 4609 820 4670 bus,
857 4606 950 4674 qui
981 4623 1011 4658 a
1034 4604 1246 4660 nemine
1281 4603 1392 4656 alio
1415 4616 1572 4670 quam
1611 4617 1642 4656 a
1688 4601 1802 4654 solo
1824 4601 1950 4655 Jesu
1978 4603 2232 4656 auxilium

699 4706 1022 4766 acceperunt
1049 4696 1116 4750 ad
1155 4695 1347 4748 melius
1369 4695 1657 4746 vivendum
1707 4703 1963 4760 quantum
2012 4694 2238 4748 facultas

701 4785 921 4846 terebat,
954 4785 1289 4858 dogmatibus
1340 4786 1405 4838 de
1438 4784 1547 4838 Deo
1577 4785 1829 4838 instructi
1872 4800 1993 4853 qum
2043 4801 2234 4855 capere

697 4877 982 4945 pulsarant?
1067 4927 1071 4933 ,
1419 4858 1434 4873 ’

767 5033 856 5085 42.
890 5031 1018 5086 Post
1050 5032 1164 5084 hate
1190 5045 1289 5084 nos
1321 5031 1543 5084 remittit
1567 5031 1632 5083 ad
1670 5030 1941 5086 Platonem
1980 5042 2233 5103 tanquam

724 5191 879 5270 ..(86)
905 5191 1051 5256 Ἕως
1075 5191 1351 5270 ρανάτου.
1411 5192 1541 5246 Vide
1588 5209 1746 5263 supra
1778 5197 2144 5254 adnotationes
2171 5203 2234 5255 ad

703 5260 1553 5407 ἷώὼζῗὶιὸυὲἓιὲδιολπίζεσθαι.
1591 5331 1743 5402 Legit
1772 5299 2118 5399 Boherellus,
2161 5337 2240 5407 τῷ

700 5393 1222 5459 ἀνασκολοπίζεσθαι.

774 5465 885 5535 (88)
931 5463 987 5517 lu
1031 5478 1187 5518 antea
1239 5467 1395 5520 editis
1438 5467 1589 5522 deest
1635 5469 1711 5536 δέ,
1758 5472 1898 5538 quod
1953 5475 2242 5528 restituunt

701 5543 884 5674 mstii9)
912 5599 1064 5674 Mss.
1090 5604 1640 5674 προδεςιτειλεγμένων·
1703 5606 1855 5659 LM“
1885 5616 2043 5661 ³¹¹¹θ³
2083 5573 2234 5672 θδίίίέ

703 5668 1147 5737 κατειλεγμένωνζ
1204 5670 1338 5723 ΜοιΔ
1371 5668 1465 5736 pro
1501 5675 1602 5726 τίνι
1632 5674 1686 5727 δὲ
1713 5678 1803 5728 καὶ
1830 5676 2074 5738 ἕπεσθαι,
2105 5668 2235 5730 πηοί-ξ

706 5738 809 5794 lam
842 5753 962 5792 eum
994 5738 1280 5792 -Boherello
1323 5740 1428 5793 τίσι
1471 5743 1526 5793 δὲ
1571 5744 1664 5796 καὶ
1709 5745 1950 5799 ἕπεσθαι.
2017 5747 2236 5808 Ibidem,

2340 4593 2511 4656 ἕξεσιν
2556 4594 2774 4646 ἰδιωτῶν
2816 4595 3021 4664 ἀνδρῶν
3054 4598 3148 4649 καὶ
3187 4596 3568 4670 ἁπλουστέρων
3593 4604 3890 4668 γυναικῶν,

2341 4680 2562 4732 οἰκετῶν
2589 4698 2666 4744 τε,
2695 4684 2786 4734 καὶ
2811 4683 3137 4746 ἁπαξαπλῶς
3158 4670 3264 4740 τῶν
3289 4688 3391 4740 ὑπὸ
3413 4689 3638 4759 μηδενὸς
3659 4691 3694 4761 ἦ
3718 4693 3890 4761 Ἰησοῦ

2343 4771 2500 4839 μόνου
2546 4771 2950 4842 βεϐοηθημένων
2978 4769 3130 4849 ’πρὸς
3170 4779 3230 4830 τὸ
3269 4780 3344 4840 ὡς
3381 4779 3641 4849 ἐνεχώρει
3689 4782 3892 4848 βέλτιον

2339 4862 2530 4924 αὐτοὺς
2557 4860 2703 4930 βιοῦν
2738 4863 2872 4933 μετὰ
2899 4865 3178 4938 δογμάτων
3220 4863 3294 4921 ὧν
3322 4869 3576 4920 ἐδύναντο
3603 4873 3736 4939 περὶ
3763 4871 3894 4924 θεοῦ

2337 4955 2531 5020 χωρεῖν
2549 4968 2564 5016 ;
2863 4996 2866 4998 η

2406 5038 2539 5094 Εἶτα
2575 5044 2710 5126 μετὰ
2740 5044 2926 5108 ταῦτα,
2971 5048 3045 5109 ὡς
3084 5049 3175 5099 ἐπὶ
3218 5049 3599 5120 ἐνεργέστερον
3641 5052 3892 5108 διδάσκει

2336 5205 2539 5282 ὼςιοξῦκ
2585 5207 2969 5282 ἁπρρήσοντας,
2998 5210 3188 5282 Cuieto
3216 5210 3498 5264 delendum
3525 5213 3742 5267 videtur
3769 5215 3888 5276 οὐκ,

2339 5274 2626 5348 nisi'forte,
2655 5274 2845 5348 inquit.
2887 5293 2982 5343 pro
3006 5277 3393 5348 ἀπορήσοντας,
3447 5282 3794 5335 scribendum
3821 5274 3888 5336 sit

2338 5341 2755 5424 εὐπορῄσοντας.
2792 5341 3242 5424 ΡιιῂἰειιΙειιιιόὖκ
3283 5341 3536 5404 Gelenius
3591 5368 3698 5405 non
3726 5368 3890 5420 agno-

2340 5411 2464 5461 scit.
2482 5409 2487 5411 ⁷
2506 5409 2614 5477 Ego
2644 5414 2972 5466 retinendam
3008 5429 3224 5469 censeo.

2412 5477 2520 5550 (90)
2556 5479 2770 5550 νᾼῠτοῐς
2808 5483 3088 5550 ὀνόματα.
3144 5485 3331 5542 Melius
3384 5486 3522 5542 forte
3570 5488 3721 5550 legas
3765 5504 3888 5543 cum

2342 5542 2640 5623 liohejello,
2689 5542 2865 5623 αιξτῷν
2890 5542 2957 5603 τὰ
2978 5552 3230 5623 ὀνόματα.
3292 5553 3456 5609 Paulo
3486 5542 3889 5623 post

2345 5613 2462 5693 linis“
2565 5627 2710 5693 t_ettu
2743 5613 3226 5693 liabet,_dopis~rouq
3250 5613 3626 5693 ἀποφαίνεται.

2413 5682 2694 5771 (alia?!
2739 5687 2873 5741 τῶν.
2929 5682 3052 5754 llic
3103 5682 3293 5747 absunt
3341 5682 3382 5747 δ’
3418 5696 3578 5748 codd.
3618 5700 3791 5771 Regio
3839 5714 3891 5756 et

2342 5747 2649 5806 BaSileettsi.
