4076 6312
754 382 895 442 1683
2206 388 2299 445 OB

2405 389 2532 445 iNlS
3864 396 3887 446 i
3898 395 3990 451 484

756 498 1068 554 innomiuati
1099 508 1149 555 et
1178 500 1334 566 primi
1362 517 1659 569 caperemus
1682 506 1965 560 notionem.
1996 506 2064 561 At
2094 523 2190 563 nos
2208 526 2299 563 nor

2413 510 2467 563 δὲ
2492 511 2550 561 οὐ
2595 509 2751 579 μόνον
2780 507 2868 561 τὸν
2895 508 3025 563 Θεὸν
3059 509 3297 582 ἄρρητον
3327 505 3462 564 εἶναι
3490 528 3703 582 φαμεν,
3735 512 3879 565 ἀλλά
3906 516 3991 566 καὶ

757 590 920 645 modo
948 592 1115 646 Deum
1158 592 1482 649 ineffabilem
1525 610 1644 649 esse
1678 584 1986 661 censetnus,
2022 599 2113 653 sed
2146 601 2299 654 etiam

2412 600 2571 670 ἕτερα
2605 598 2713 651 τῶν
2761 601 2875 668 μετ’
2909 599 3101 652 αὐτόν’
3148 600 3293 670 ἀπερ
3328 599 3659 671 βιασάμενος
3707 603 3741 652 ὁ
3785 601 3987 665 Baiis;

758 682 859 733 alia
887 696 1005 749 qua:
1039 682 1155 751 ipso
1187 683 1441 738 inferiora
1464 694 1610 738 sunt.
1643 684 1766 741 llaec
1793 685 1987 742 Paulus
2009 690 2299 758 exprimere

2414 693 2651 764 σημῆναί
2694 711 2823 763 φησι
2862 693 2945 758 τὸ,
2975 696 3245 747 Ἤκουσα
3282 694 3504 762 ᾱρρητα
3526 694 3810 763 ῥήματα,
3830 695 3983 747 ἆοὺκ

750 784 985 828 conatus
1010 783 1093 828 est
1138 776 1221 829 his
1260 775 1440 830 verbis
1474 792 1489 829 :
1520 776 1710 830 Audivi
1747 795 1943 831 arcana
1977 780 2149 844 verba,
2195 798 2299 843 qua

2410 784 2554 849 ἐξὸν
2598 784 2887 852 ἀνθρώπῳ
2940 784 3227 852 λαλῆσαι,
3267 784 3345 854 τῷ
3388 786 3660 853 ἤκουσεν
3717 787 3847 838 ἀντὶ
3896 786 3981 836 τοῦ

756 880 862 949 non
900 864 1012 918 licet
1055 864 1255 919 homini
1300 866 1441 933 loqui
1473 866 1552 933 ";
1588 866 1678 921 ubi
1710 868 1897 922 audire
1929 868 2067 922 idem
2113 880 2196 923 est
2247 886 2299 926 at

2410 872 2645 941 συνῆκε
2694 874 3055 943 χρησάμενος,
3108 872 3364 940 ἀνάλογον
3408 872 3505 942 τῷ,
3570 874 3623 924 ΤΟ
3653 873 3825 939 ἔχων
3873 866 3982 924 ὦτα

755 952 1067 1018 intelligere,
1096 955 1548 1021 quemadmodum
1595 956 1647 1008 in
1698 957 1798 1009 hoc
1827 957 1986 1011 loco:
2021 957 2126 1023 Qui
2158 959 2299 1013 habet

2408 964 2649 1017 ἀκούειν
2685 956 2963 1017 ἀκουέτω.
2997 964 3096 1037 Τὸν
3122 964 3348 1033 ποιητὴν
3377 964 3439 1033 δὴ
3478 964 3573 1016 καὶ
3614 963 3855 1033 Πατέρα
3895 963 3979 1014 τοῦ

754 1060 909 1098 aures
932 1046 1202 1111 audiendi,
1236 1047 1415 1099 audiat
1446 1048 1511 1099 ".
1546 1046 1781 1103 Dicimus
1808 1051 1971 1103 etiam
1998 1065 2096 1105 nos
2128 1050 2299 1107 videre

2412 1056 2611 1118 παντὸς
2640 1056 2800 1125 ἡμεῖς
2842 1071 3018 1124 φαμεν
3047 1053 3206 1124 ἔργον
3238 1053 3382 1107 ἰδεῖν.
3413 1054 3679 1105 Βλέπεται
3708 1053 3770 1105 δὲ
3797 1054 3858 1105 οὐ
3891 1054 3977 1122 μό-

756 1137 1086 1189 rouditorem
1117 1146 1172 1190 et
1211 1146 1418 1204 patrem
1447 1134 1605 1202 hujus
1640 1137 1883 1193 universi
1917 1152 2035 1194 esse
2073 1141 2299 1197 diliicile.

2408 1163 2497 1199 νον
2526 1146 2666 1199 κατὰ
2719 1146 2800 1209 τὸ,
2834 1145 3118 1212 Μακάριοι
3150 1147 3204 1197 οἱ
3236 1144 3479 1212 καθαροὶ
3507 1144 3581 1211 τῇ
3610 1144 3859 1212 καρδίᾳ,
3898 1145 3977 1195 ὅτι

758 1226 983 1281 Videtur
1006 1235 1205 1291 tamen,
1230 1228 1371 1295 quod
1394 1227 1581 1297 probat
1614 1243 1719 1281 non
1748 1230 1916 1282 solum
1942 1230 2082 1283 istud
2118 1247 2131 1284 :
2158 1230 2299 1285 Beati

2407 1238 2573 1290 αὐτοὶ
2607 1237 2713 1290 τὸν
2751 1237 2896 1291 Θεὸν
2927 1237 3206 1305 ὄψονται·
3243 1234 3379 1288 ἀλλά
3419 1237 3510 1288 καὶ
3553 1236 3703 1287 κατά
3736 1236 3804 1287 τὸ
3835 1235 3975 1301 λεγό-

754 1319 949 1372 mundo
993 1319 1176 1383 corde,
1216 1320 1463 1388 quoniam
1496 1319 1595 1386 ipsi
1643 1318 1807 1372 Deum
1852 1321 2091 1374 videbunt
2134 1324 2182 1385 ¹;
2218 1323 2299 1373 sed

2412 1344 2568 1398 μενον
2591 1328 2811 1398 ὑπὸτῆς
2848 1328 3051 1390 εἰκόνος
3092 1325 3185 1379 τοῦ
3224 1326 3453 1397 ἀοράτου
3488 1325 3623 1378 Θεοῦ
3668 1329 3730 1378 ὲν
3768 1325 3871 1395 τῷ,
3918 1326 3972 1376 '0

756 1408 918 1461 etiam
951 1409 1050 1463 hoc
1097 1411 1164 1461 ab
1193 1409 1420 1476 imagine
1450 1409 1729 1462 invisibilis
1758 1408 1853 1461 Dei
1882 1409 2085 1486 dictum
2120 1414 2163 1464 ‘.
2204 1410 2299 1475 Qui

2406 1419 2674 1486 ἑωρακὼς
2706 1419 2810 1489 ἐμὲ
2853 1419 3073 1487 ἑώρακε
3099 1418 3203 1471 τὸν
3239 1418 3467 1485 Πατέρα
3506 1418 3612 1469 τὸν
3654 1416 3973 1485 πέμιξπντά

755 1501 880 1554 vidit
910 1517 1015 1565 me,
1064 1501 1189 1553 vidit
1220 1510 1264 1552 et
1310 1499 1519 1551 Patrem
1550 1502 1639 1567 qui
1682 1517 1760 1553 me
1805 1500 1943 1553 misit
1976 1500 2014 1551 ³.
2056 1501 2130 1553 lbi
2162 1503 2299 1554 enitr.

2405 1529 2496 1579 με.
2534 1512 2620 1565 Ἐν
2640 1511 2845 1572 τούτοις
2871 1511 2979 1581 γὰρ
3002 1509 3174 1571 οὐδεῖς
3213 1509 3276 1560 ἂν
3314 1508 3436 1560 νοῦν
3462 1508 3598 1576 ἔχων
3624 1510 3875 1579 φήσειεν,
3900 1510 3973 1560 ὅτι

756 1605 913 1643 nemo
938 1606 1068 1643 sana
1101 1600 1279 1642 meme
1318 1590 1514 1643 dixerit
1556 1588 1737 1643 Jesum
1762 1591 1827 1642 ad
1860 1590 2117 1643 sensibile
2152 1605 2299 1644 suum

2407 1600 2691 1669 ἀναφέρων
2723 1597 2894 1650 ταῦτα
2924 1600 2951 1650 ὁ
2992 1596 3194 1666 Ἰησοῦς
3214 1598 3306 1648 ἐπὶ
3330 1596 3387 1648 τὸ
3409 1595 3667 1664 αἰσθητὸν
3694 1596 3863 1649 αὐτοῦ
3888 1596 3972 1648 καὶ

752 1690 807 1734 et
836 1680 1143 1734 hominibus
1185 1680 1532 1749 conspicuum
1585 1696 1782 1750 corpus
1834 1681 2093 1735 retulisse
2142 1682 2299 1736 huic:

2410 1690 2732 1759 βλεπόμενον
2770 1692 2878 1750 τοῖς
2915 1688 3217 1757 ἀνθρώποις
3245 1687 3401 1756 σῶμα
3430 1684 3549 1740 εἶπε
3580 1688 3666 1751 τὸ,
3714 1688 3777 1740 '0
3802 1688 3970 1755 ἑψα-

756 1772 860 1837 Qui
890 1773 1017 1824 uidit
1048 1788 1145 1833 me,
1179 1770 1302 1823 vidit
1321 1781 1365 1823 et
1390 1769 1600 1823 Patrem
1628 1772 1715 1840 qui
1748 1788 1827 1823 me
1860 1772 2021 1824 misit.
2052 1772 2299 1840 Alioquin

2407 1780 2524 1843 κὼς
2558 1778 2661 1847 ἐμὲ
2699 1778 2914 1844 ἑώρακε
2951 1777 3053 1829 τὸν
3087 1777 3314 1844 Πατέρα
3356 1777 3461 1829 τὸν
3498 1776 3827 1845 πέμψαντά
3858 1792 3964 1845 με·

752 1874 808 1914 et
838 1861 929 1945 qui
953 1861 1255 1914 clamabant
1287 1876 1297 1909 :
1339 1860 1617 1931 Cruci/Ege,
1657 1861 1899 1930 cruci/iga
1922 1862 2103 1929 eum‘,
2137 1874 2189 1917 et
2217 1863 2299 1917 Pi-

2408 1868 2618 1922 ἒσονται
2640 1867 2750 1938 γὰρ
2782 1868 2920 1919 κατὰ
2946 1866 3101 1918 τοῦτο
3140 1866 3441 1936 ἑωρακότες
3472 1866 3561 1918 τὸν
3596 1868 3822 1937 Πατέρα
3846 1866 3966 1918 Θεὸν

754 1954 894 2005 latus
942 1953 1031 2020 qui
1081 1961 1401 2021 potestatem
1449 1953 1500 2005 in
1556 1953 1843 2006 humanam
1888 1953 2011 2021 ejus
2058 1964 2305 2011 naturam

751 2054 1052 2113 acceperat,
1080 2044 1246 2098 Deum
1274 2042 1488 2097 Patrem
1515 2044 1807 2107 vidissent;
1840 2046 1983 2113 quod
2012 2046 2305 2101 absurdum

750 2145 852 2191 est.
893 2132 1093 2188 Deinde
1125 2133 1265 2187 istud
1291 2148 1302 2181 :
1339 2132 1440 2197 Qui
1472 2133 1597 2187 vidit
1624 2150 1725 2196 me.
1750 2134 1877 2187 vidit
1909 2145 1956 2188 et
1985 2135 2196 2190 Patrem
2219 2138 2306 2207 qui

749 2242 832 2280 tua
859 2227 993 2279 misit
1013 2234 1059 2289 ³,
1090 2242 1194 2279 non
1213 2241 1333 2281 esse
1359 2226 1642 2293 vulgatiori
1668 2242 1830 2281 sensu
1856 2227 2265 2298 intelligendum
2286 2269 2303 2293 ,

753 2315 929 2383 palam
958 2330 1020 2368 ex
1052 2331 1117 2369 eo
1144 2324 1248 2379 est,
1276 2315 1417 2385 quod
1444 2315 1688 2384 Philippo
1718 2315 1921 2370 dictum
1955 2316 2053 2370 fuit
2082 2336 2093 2370 :
2138 2316 2304 2371 Tanto

754 2419 979 2478 tempore
1002 2412 1263 2463 vobiscum
1297 2426 1431 2473 sum,
1474 2421 1522 2475 et
1567 2426 1670 2463 non
1713 2411 1997 2479 cognovisti
2047 2427 2147 2475 me,
2177 2410 2305 2463 Phi-

753 2504 891 2571 lippe
922 2503 986 2554 ‘?
1012 2503 1150 2571 quod
1196 2502 1271 2555 illi
1305 2503 1505 2555 dictum
1539 2511 1641 2563 est,
1683 2510 1965 2567 postquam
1998 2500 2305 2568 postulave-

755 2605 840 2646 rat
861 2603 914 2647 ct
941 2592 1191 2647 dixerat:
1234 2589 1458 2645 Ostende
1481 2591 1625 2643 nobis
1659 2589 1893 2650 Patrem,
1928 2599 1976 2642 et
2003 2591 2185 2658 sufficit
2211 2606 2305 2642 uo-

753 2686 889 2737 bis".
924 2682 1177 2752 Quisquis
1206 2682 1369 2753 igitur
1417 2682 1626 2735 noverit
1653 2682 1922 2748 quomodo
1962 2680 2065 2734 ista
2092 2681 2254 2735 verba
2283 2698 2298 2735 :

761 2776 983 2829 Verbum
1011 2791 1132 2827 cura
1164 2774 1361 2841 factum
1384 2782 1460 2847 est
1484 2772 1531 2836 ⁸,
1558 2772 1899 2847 intelligenda
1945 2772 2057 2825 sint
2085 2773 2151 2827 de
2178 2774 2301 2826 uni—

756 2866 933 2936 genito
966 2864 1055 2917 Dei
1093 2862 1231 2916 Filio
1260 2844 1403 2927 Deo,
1428 2844 1786 2930 primogenita
1808 2864 1982 2916 omnis
2002 2872 2261 2917 creaturae
2286 2881 2299 2927 ;

755 2958 843 3010 ille
874 2954 1035 3009 etiam
1066 2954 1204 3007 sciet
1237 2954 1508 3021 quomodo
1536 2952 1625 3022 qui
1667 2953 1860 3007 viderit
1890 2952 2173 3006 invisibilis
2208 2952 2302 3005 Dei

756 3048 1067 3115 imaginem,
1098 3045 1143 3098 is
1169 3045 1332 3113 hujus
1356 3044 1593 3099 universi
1626 3044 1959 3099 conditorem
2006 3052 2060 3098 et
2090 3052 2299 3111 patrem

754 3146 1061 3207 cognoscet.

2413 1961 2506 2013 καὶ
2545 1960 2741 2021 πάντες
2764 1960 2812 2011 οἱ
2862 1957 3127 2024 λέγοντες.
3152 1958 3441 2025 Σταύρου,
3466 1958 3736 2025 σταύρου
3767 1959 3965 2021 αὐτόν,

2412 2053 2505 2104 καὶ
2540 2053 2567 2104 ὁ
2600 2050 2846 2116 ἐξουσίαν
2888 2049 3028 2101 κατὰ
3062 2048 3154 2101 τοῦ
3191 2049 3525 2120 ἀνθρωπίνου
3569 2049 3738 2102 αὑτοῦ
3773 2050 3847 2119 (‘2)
3880 2052 3966 2102 ll:-

2411 2141 2567 2204 λάτος
2600 2139 2774 2192 λαϐὼν
2793 2157 2805 2168 ·
2831 2140 2965 2210 ὅπερ
2995 2139 3136 2190 ἐστὶν
3170 2140 3382 2192 ἄτοπον.
3407 2141 3436 2225 ς’
3441 2140 3534 2192 Οτι
3579 2140 3639 2193 δὲ
3664 2136 3749 2203 τὸ,
3788 2139 3841 2191 Ὀ
3869 2140 3962 2191 ἐω-

2403 2233 2602 2300 ρακὼς
2638 2232 2741 2301 ἐμὲ
2762 2229 2980 2299 ἑώρακε
3012 2231 3115 2283 τὸν
3139 2229 3367 2295 Πατέρα
3391 2230 3495 2282 τὸν
3520 2230 3845 2297 πέμψαντά
3871 2246 3960 2297 με,

2410 2326 2508 2377 οὐκ
2548 2325 2639 2376 ἐπὶ
2678 2323 2774 2393 τὴν
2819 2322 3127 2393 κοινοτέραν
3162 2323 3383 2391 ἐκδοχὴν
3414 2322 3779 2391 ἀναφέρεται·
3816 2321 3959 2388 δῆλον

2409 2416 2473 2469 ὲκ
2498 2414 2589 2468 τοῦ
2616 2414 2861 2486 εἰρῆσθαι
2893 2413 2968 2483 τῷ
2994 2412 3258 2481 Φιλίππῳ
3284 2411 3578 2465 Τοσοῦτον
3598 2413 3824 2479 χρόνον
3841 2412 3956 2479 μεθ’

2407 2504 2573 2574 ὑμῶν
2599 2508 2715 2574 ειμι
2733 2544 2748 2569 ,
2785 2504 2882 2557 καὶ
2914 2506 3023 2557 οὐκ
3068 2501 3333 2573 ἔγνωκάς
3352 2519 3448 2569 με,
3486 2502 3788 2563 miluum;
3817 2500 3958 2552 τοῦτο

2406 2596 2451 2649 δ’
2510 2598 2727 2666 εἴρηκεν
2784 2593 2930 2664 αὑτῷ
2977 2593 3265 2657 ἀξιώσαντι
3322 2592 3415 2643 καὶ
3447 2591 3659 2659 λέγοντι
3686 2607 3706 2625 ο
3767 2591 3957 2653 Δεῖξον

2409 2686 2550 2754 ἡμῖν
2587 2686 2691 2739 τὸν
2721 2684 2966 2753 Πατέρα,
3010 2685 3106 2737 καὶ
3141 2683 3312 2752 ἀρκεῖ
3334 2682 3495 2752 ἡμῖν.
3521 2684 3747 2753 Νοήσας
3770 2702 3849 2746 τις
3874 2679 3958 2735 οὖν

2409 2778 2524 2841 πῶς
2546 2778 2626 2829 δεῖ
2650 2777 2863 2829 ἀκούειν
2890 2774 3015 2845 περὶ
3038 2774 3356 2845 μονογενοῦς
3379 2773 3512 2825 Θεοῦ
3540 2774 3673 2825 Υἱοῦ
3700 2774 3794 2827 τοῦ
3809 2772 3951 2834 Θεοῦ,

2406 2868 2499 2920 τοῦ
2528 2867 2863 2937 πρωτοτόκου
2900 2866 3075 2935 πάσης
3104 2864 3345 2926 κτίσεως,
3387 2866 3571 2917 καθότι
3611 2866 3643 2916 ό
3680 2865 3837 2933 λόγος
3871 2866 3954 2931 γέ-

2407 2973 2526 3025 γονε
2553 2954 2707 3025 σὰρξ,
2734 2956 2916 3024 ὄψεται
2946 2955 3060 3017 πῶς
3086 2954 3209 3007 ἰδών
3233 2971 3315 3018 τις
3346 2956 3445 3025 τὴν
3478 2955 3667 3008 εἰκόνα
3688 2956 3784 3008 τοῦ
3807 2956 3956 3025 ἀορά-

2404 3063 2497 3099 του
2527 3044 2659 3097 Θεοῦ
2680 3044 2942 3113 γνώσεται
2966 3045 3055 3097 τὸν
3082 3045 3290 3115 πατέρα
3316 3046 3390 3115 (5)
3421 3045 3514 3097 καὶ
3552 3047 3787 3118 ποιητὴν
3816 3047 3953 3099 τοῦδε

2404 3136 2505 3190 τοῦ
2530 3136 2744 3199 παντός.

824 3206 911 3283 is.
942 3230 1125 3283 Celsus
1146 3229 1360 3298 quidem
1392 3235 1542 3295 putat
1570 3228 1734 3284 Deum
1763 3227 2013 3298 cognosci
2037 3236 2129 3282 aut
2154 3243 2299 3281 com-

2474 3227 2675 3289 Κέλσος
2712 3206 2928 3295 μξτοῦν
2959 3226 3075 3296 ἦτοι
3104 3228 3169 3296 τῇ
3208 3225 3449 3278 συνθέσει
3481 3229 3547 3295 τῇ
3582 3227 3679 3278 ἐπὶ
3713 3226 3783 3279 τὰ
3812 3228 3956 3294 ἄλλα,

752 3306 997 3394 ponenda
1032 3320 1148 3390 ejus
1172 3321 1391 3374 notione
1405 3334 1471 3373 ex
1498 3321 1720 3375 aliarum
1761 3335 1941 3374 rerum
1966 3318 2299 3384 notionibns,

758 3427 815 3469 ut
851 3422 1132 3484 geometrae
1164 3411 1366 3467 faciunt
1402 3426 1499 3479 per
1545 3408 1696 3464 suam
1728 3425 1884 3477 quam
1935 3419 2127 3463 vocant
2168 3426 2302 3463 cont-

756 3509 1096 3576 positionem;
1146 3514 1241 3558 aut
1270 3504 1359 3557 illa
1409 3504 1474 3557 ab
1506 3502 1626 3555 aliis
1663 3502 1827 3579 726
1854 3502 2175 3570 separanda,
2209 3510 2301 3553 aut

756 3597 1002 3666 analogia
1046 3609 1163 3664 qua
1192 3594 1297 3647 illis
1320 3592 1506 3646 iisdem
1536 3593 1587 3645 in
1630 3607 1727 3646 usu
1755 3603 1867 3657 est;
1902 3602 1954 3645 et
2000 3592 2077 3645 sic
2110 3591 2297 3644 saltem

753 3689 955 3741 aditum
978 3687 1042 3739 ad
1066 3698 1331 3739 summum
1352 3686 1550 3737 bonum
1576 3682 1812 3752 pateﬁeri
1842 3697 2017 3751 posse.
2049 3682 2152 3735 Sed
2176 3681 2303 3735 Ver-

755 3782 882 3835 bum
915 3780 1027 3841 Dei,
1059 3794 1178 3833 cum
1203 3777 1280 3830 ait
1306 3792 1320 3828 :
1358 3774 1524 3830 Nemo
1559 3778 1707 3829 novit
1729 3776 1939 3829 Patrem
1971 3776 2070 3828 nisi
2100 3773 2296 3836 Filius.

751 3876 801 3920 et
823 3868 906 3921 cui
937 3865 1108 3918 ("dius
1143 3864 1499 3926 rerelaverit',
1527 3863 1691 3916 Deum
1721 3864 1895 3916 divina
1927 3864 2156 3930 quadam
2184 3879 2300 3933 gra-

754 3960 827 4010 tia
854 3959 1041 4011 animte
1070 3971 1172 4010 non
1201 3956 1321 4007 sine
1366 3954 1621 4021 singulari
1650 3954 1741 4007 Dei
1768 3954 2059 4019 ‘beueticio,
2100 3956 2195 4007 sed
2220 3956 2301 4007 di-

755 4050 879 4101 vino
905 4050 1132 4115 quodam
1164 4045 1343 4100 alllatu
1388 4046 1697 4114 ingenerata
1739 4044 1987 4113 cognosci
2035 4043 2295 4098 declarat.

755 4140 850 4194 Est
874 4140 1016 4192 enim
1050 4136 1326 4205 probabile
1352 4136 1442 4188 Dei
1473 4134 1832 4202 cognitionem
1868 4135 2011 4189 vires
2053 4133 2299 4187 humanae

753 4241 959 4284 natura:
989 4243 1245 4299 superare
1297 4226 1460 4297 (quod
1493 4227 1705 4295 quidem
1755 4228 1892 4293 apttd
1942 4225 2187 4279 homines
2221 4234 2297 4278 tot

748 4321 1023 4374 erroribus
1049 4321 1113 4372 de
1149 4319 1255 4370 Deo
1283 4318 1458 4371 locum
1500 4312 1688 4382 dedit),
1722 4314 1814 4367 sed
1849 4315 1938 4367 Dei
1981 4316 2218 4368 bonitate
2244 4324 2301 4367 et

750 4403 867 4471 ejus
894 4405 944 4455 in
982 4403 1225 4456 homines
1262 4418 1461 4465 amore,
1500 4400 1727 4453 miriﬁca
1761 4408 1811 4452 et
1836 4400 2099 4453 diviniore
2129 4401 2297 4468 gratia

753 4493 972 4546 cencedi
1006 4492 1095 4555 iis,
1131 4506 1265 4559 quos
1300 4490 1438 4544 Deus
1471 4490 1806 4558 prtescientia
1851 4490 2095 4557 prrevidit
2135 4490 2295 4542 vitam

700 4564 720 4579 ‘
752 4584 987 4637 victuros
1010 4582 1223 4650 cognito
1255 4581 1373 4649 ipso
1403 4581 1637 4649 dignam,
1668 4590 1722 4632 et
1748 4580 1998 4647 pietatem
2026 4581 2081 4633 in
2125 4581 2296 4649 ipsum

2402 3320 2659 3387 ἀνάλογον
2691 3322 2755 3388 τῇ
2792 3317 2942 3389 παρά
2964 3320 3076 3381 τοῖς
3107 3317 3442 3388 γεωμέτραις
3478 3317 3793 3391 καλουμένῃ
3823 3334 3957 3371 σιννσ

2402 3410 2583 3471 θέσει,
2613 3411 2649 3481 ἢ
2673 3413 2736 3480 τῇ
2768 3411 2873 3463 ἀπὸ
2915 3410 3022 3463 τῶν
3051 3409 3221 3463 ἄλλων
3261 3409 3537 3470 ἀναλύει-ει,
3575 3409 3606 3478 ἦ
3637 3411 3734 3461 καὶ
3773 3411 3952 3463 ἀναλο-

2401 3503 2494 3574 γίᾳ
2524 3501 2597 3571 (4)
2633 3501 2888 3568 ἀνάλογον
2918 3504 2982 3571 τῇ
3014 3500 3164 3571 παρὰ
3190 3503 3300 3563 esi;
3328 3502 3509 3561 αὐτοῖς
3540 3499 3827 3570 ἀναλογία,
3856 3503 3953 3553 οέ-

2399 3608 2487 3644 ται
2516 3589 2912 3658 γιγνώσκεσθαι
2942 3589 3031 3641 τὸν
3058 3584 3219 3651 Θεὸν,
3268 3590 3359 3641 ἐπὶ
3385 3588 3453 3641 τὰ
3494 3589 3744 3660 πρόθυρα
3778 3593 3826 3641 εξ
3859 3592 3954 3661 ἄρα

2400 3683 2491 3735 τοῦ
2524 3681 2728 3750 ἀγαθοῦ
2760 3681 3055 3751 δυναμένου
3082 3680 3226 3743 τινος
3251 3680 3423 3743 οὕτως
3459 3680 3633 3732 ἐλθεῖν
3653 3697 3667 3709 ·
3710 3683 3738 3732 ὀ
3783 3681 3841 3733 δὲ
3870 3681 3953 3732 τοῦ

2399 3772 2532 3827 Θεοῦ
2558 3772 2727 3840 Λόγος
2752 3770 2938 3834 εἰπὼν,
2971 3771 3178 3836 Οὐδεὶς
3204 3771 3355 3839 ἔγνω
3391 3771 3499 3844 cur
3528 3772 3763 3837 Πατέρα
3792 3774 3845 3825 ει
3878 3773 3955 3839 μὴ

2400 3866 2434 3916 ὁ
2472 3863 2619 3928 Υἱὸς,
2665 3859 2761 3914 καὶ
2802 3854 2850 3925 ᾧ
2892 3860 2967 3914 ἂν
3007 3864 3039 3914 ό
3086 3861 3215 3924 Υἱὸς
3259 3862 3649 3928 ἀποκαλύψῃ,
3697 3861 3821 3930 θεία
3861 3862 3955 3913 τινὶ

2401 3953 2600 4022 χάριτι,
2643 3951 2742 4003 οὐκ
2779 3949 2927 4007 ἀθεεὶ
2970 3948 3290 4019 ὲγγινομένῃ
3331 3951 3395 4017 τῇ
3437 3948 3601 4017 ψυχῇ,
3647 3948 3786 4000 ἀλλά
3831 3950 3956 4018 μετά

2399 4060 2540 4104 τινος
2574 4038 2983 4109 ἐνθουσιασμοῦ,
3029 4038 3384 4107 ἀποφαίνεται
3428 4037 3835 4106 γιγνώσκεσθαι
3876 4042 3956 4090 τὸν

2399 4132 2548 4184 Θεὸν.
2584 4132 2692 4183 Καὶ
2716 4130 2833 4200 γὰρ
2852 4130 2996 4192 εἰκὸς
3028 4129 3244 4199 μείζονα
3273 4129 3369 4199 μὲν
3398 4130 3430 4199 ἦ
3459 4129 3594 4181 κατά
3621 4129 3720 4199 τὴν
3751 4131 3954 4201 ἀνθρω-

2401 4224 2559 4292 πίνην
2595 4223 2752 4291 φύσιν
2781 4218 2916 4273 εἶναι
2943 4222 3040 4291 τὴν
3064 4222 3261 4288 γνῶσιν
3297 4220 3390 4273 τοῦ
3445 4220 3576 4271 Θεοῦ
3637 4221 3755 4289 (διὸ
3780 4224 3873 4273 καὶ
3896 4224 3955 4275 τὰ

2400 4313 2634 4365 τοσαῦτα
2664 4312 2790 4383 παρ’
2821 4310 3123 4383 ἀνθρώποις
3159 4312 3275 4363 ἐστὶ
3306 4311 3435 4377 περὶ
3458 4310 3590 4361 Θεοῦ
3633 4311 3952 4379 σφάλματα)

2400 4403 2723 4473 χρηστότητι
2761 4403 2816 4454 δὲ
2859 4402 2952 4453 καὶ
2990 4400 3360 4471 φιλανθρωπία
3391 4400 3482 4452 τοῦ
3524 4400 3684 4463 Θεοῦ,
3733 4405 3830 4455 καὶ
3864 4421 3952 4454 πα-

2404 4494 2608 4563 ραδόξῳ
2639 4495 2732 4546 καὶ
2776 4492 3020 4563 θειοτέρα
3060 4494 3259 4562 χάριτι,
3291 4491 3507 4560 φθάνειν
3550 4492 3648 4562 τὴν
3690 4494 3789 4546 τοῦ
3829 4493 3950 4547 Θεοῦ

2402 4584 2599 4650 γνῶσιν
2622 4584 2714 4635 ἐπὶ
2740 4584 2863 4645 τοὺς
2894 4580 3193 4653 προγνώσει
3220 4581 3354 4634 Θεοῦ
3382 4581 3949 4653 προκαταληφθέντας,

755 4688 1020 4741 nunquam
1055 4672 1477 4734 adulleraturos,
1510 4670 1723 4723 etiamsi
1752 4686 1895 4724 mors
1934 4672 2299 4725 iutcntaretur

2405 4676 2481 4725 ὃτι
2514 4672 2675 4735 ἀξίως
2710 4672 2959 4742 βιώσουσι
2986 4671 3078 4724 τοῦ
3112 4672 3468 4741 ἐγνωσμένου,
3502 4670 3759 4739 οὐδαμῶς
3792 4688 3946 4741 παρα·

756 4766 822 4816 ab
854 4765 937 4825 iis,
978 4763 1065 4829 qui
1103 4762 1235 4829 quid
1261 4762 1330 4815 sit
1361 4761 1532 4827 pietas
1564 4759 1733 4825 ignari
1762 4762 1974 4827 quidvis
2003 4762 2147 4815 aliud
2181 4764 2295 4830 pie-

753 4864 913 4907 tatem
948 4868 1068 4906 esse
1094 4855 1297 4922 lingunt
1325 4868 1385 4903 ac
1416 4852 1583 4919 pietas
1603 4858 1713 4914 est;
1745 4852 1956 4905 etiamsi
1982 4855 2293 4921 perridiculi

751 4958 867 4997 esse
910 4942 1239 4994 viderentur.
1280 4942 1435 5005 Deus,
1474 4942 1686 5009 opinor,
1734 4954 1855 4993 cum
1890 4941 2095 4994 videret
2135 4956 2294 5008 quam

751 5042 1067 5103 arroganter
1113 5033 1246 5085 alios
1292 5040 1696 5085 contemnerent
1750 5030 1849 5091 illi,
1911 5031 2000 5098 qui
2050 5034 2295 5098 quamvis

754 5123 914 5175 Deum
947 5123 1264 5192 cognovisse
1295 5130 1346 5174 et
1372 5138 1434 5174 ex
1463 5121 1797 5196 philosophia
1832 5136 1917 5173 res
1961 5120 2181 5173 divinas‘
2220 5124 2299 5173 di-

750 5213 942 5264 dicisse
992 5229 1048 5265 se
1104 5210 1444 5278 jactitarent,
1482 5198 1554 5287 ad
1581 5212 1870 5266 simulacra
1929 5221 2110 5265 tamen
2141 5222 2194 5266 et
2230 5213 2295 5264 ad

821 5362 864 5392 9‘
892 5359 928 5411 tl
954 5361 1073 5413 Cor.
1099 5377 1195 5423 xu,
1217 5361 1271 5413 4.
1370 5360 1414 5391 ⁸⁸
1437 5358 1708 5420 Matth.xr,
1736 5359 1823 5413 15.

1924 5364 1939 5392 ¹
1966 5361 2153 5417 Matth.
2181 5378 2236 5425 v,
2261 5362 2316 5415 8.

2400 4762 2757 4833 χαράττοντες
2801 4760 2896 4830 τὴν
2942 4763 3019 4822 εἰς
3051 4761 3211 4812 αὐτὸν
3244 4759 3539 4819 εὐσέϐειαν,
3583 4757 3709 4810 οὗτε
3746 4760 3815 4811 ἂν
3863 4760 3953 4811 ὑπὸ

2402 4855 2510 4908 τῶν
2544 4853 2871 4921 ἀγνοούντων
2899 4852 2926 4903 ὃ
2956 4851 3011 4903 τί
3053 4851 3183 4903 ποτέ
3214 4852 3360 4902 ἐστιν
3402 4849 3674 4911 εὐσέϐεια,
3719 4852 3819 4905 καὶ
3860 4855 3951 4905 πᾶν

2402 4945 2429 4996 ὅ
2450 4944 2502 4996 τί
2534 4930 2969 5010 ποτόῦνμᾶλλον
3004 4940 3445 4994 ἀναπλαττόντων
3489 4935 3629 4992 εἶναι
3660 4940 3762 5010 τὴν
3810 4944 3950 4995 εὐσέ-

2403 5034 2552 5086 ϐειαν
2578 5034 2609 5104 ἢ
2639 5034 2771 5102 ὅπερ
2802 5030 3003 5102 ὲστὶνή
3030 5031 3293 5094 εὺσέὂεια,
3324 5032 3420 5101 τὴν
3454 5031 3545 5083 ἐπὶ
3569 5031 3794 5083 θανᾶτου
3830 5034 3949 5084 ἀτᾶ-

2402 5140 2625 5189 γωνται,
2659 5122 2781 5175 οῦτε
2810 5122 2874 5175 ἂν
2914 5122 3431 5189 καταγελαστότατοι
3462 5117 3601 5174 εἶναι
3630 5124 3947 5191 νομίζονται.

2418 5214 2583 5281 Ὁρῶν
2610 5214 2674 5275 δ’,
2714 5210 2887 5282 οἶμαι,
2916 5215 2944 5264 ὁ
2984 5202 3115 5273 Θεὸς
3153 5213 3245 5264 καὶ
3283 5213 3379 5281 τὴν
3422 5210 3770 5274 ἀλαζονείαν,
3808 5214 3837 5282 ἦ
3872 5214 3949 5281 τὴν

2423 5365 2442 5393 ²
2471 5362 2673 5417 Coloss.
2699 5376 2739 5424 ι,
2768 5362 2850 5415 l5.

2948 5362 2967 5393 ³
2988 5361 3142 5416 Joan.
3168 5376 3281 5423 τιν,
3306 5360 3360 5413 9.
3455 5361 3475 5390 ⁸
3498 5360 3629 5417 Luc.
3660 5382 3819 5427 ut".
3870 5366 3945 5425 2|;

753 5429 904 5485 Joan.
931 5445 1039 5492 xix,
1064 5430 1115 5482 6.
1210 5432 1230 5462 '
1251 5424 1405 5483 Joan.
1426 5442 1537 5491 xxv,
1558 5427 1610 5482 9.
1705 5428 1725 5457 °
1748 5427 1904 5486 Joan.
1934 5446 2043 5499 xnv,
2067 5431 2121 5485 9.
2214 5424 2233 5463 ⁷
2264 5432 2391 5485 ibid.
2419 5431 2475 5487 8.
2565 5431 2586 5461 ⁸
2608 5430 2763 5485 .loan.
2786 5447 2824 5497 ι,
2852 5430 2937 5483 li.
3010 5432 3031 5463 ’
3055 5430 3322 5496 Mattlut,
3345 5430 3433 5503 27.

756 5650 770 5691 ι
821 5569 896 5639 (Ξ)
926 5570 1141 5625 Αὑτοῦ.
1181 5572 1237 5625 In
1272 5578 1427 5625 antea
1451 5571 1609 5626 editis
1636 5575 1920 5641 omittitur,
1962 5576 2053 5631 sed
2085 5578 2294 5646 supple-

777 5657 839 5691 Ill'
863 5657 892 5691 e
921 5656 1049 5691 IIISS.

777 5657 839 5691 Ill'
863 5657 892 5693 8
921 5656 1049 5691 11185.

824 5711 897 5775 (5)
933 5709 1317 5781 ’Ὀψεταιμπῶς
1341 5710 1476 5781 ἰδών
1500 5727 1589 5775 τις
1616 5711 1729 5777 τὴν
1763 5716 1962 5766 εἰκόνα
1988 5713 2094 5767 τοῦ
2118 5716 2291 5781 ἀορά-

752 5790 855 5830 me
900 5778 1045 5833 Θεοῦ
1093 5778 1369 5847 γνώσεται
1398 5780 1498 5831 τὸν
1530 5781 1775 5847 Πατέρα.
1817 5782 1921 5837 llas
1951 5798 2128 5848 voces,
2152 5778 2292 5851 σδψε-

2402 5595 2511 5699 ταὴ,
2549 5575 2839 5645 γνώσεται,
2877 5575 3106 5629 invicem
3147 5574 3565 5631 transferendus
3591 5586 3750 5643 putat
3788 5576 3945 5630 Bolae-

2402 5664 2455 5699 rc
2502 5662 2581 5699 ns.

2402 5662 2581 5701 I‘L‘llllS.

2400 5801 2497 5840 nec
2526 5783 2559 5838 ἰι
2594 5786 2815 5840 Gclenio
2848 5783 3177 5851 agnoscitur.

2469 5664 2915 5785 illi.)s.'Ara.loriq.
2978 5710 3103 5785 ll'ec
3149 5722 3269 5767 vox‘
3296 5716 3380 5770 hic
3413 5713 3699 5767 abundare
3726 5713 3942 5775 videtur,

4020 5784 4023 5819 t
