  <div class='ocr_page' id='page_1' title='image "/cluster/home/n/w/nwhite01/storage/ocr_20150623/11/pst.000005711918/772.png"; bbox 0 0 4076 6312; ppageno 0'>
   <div class='ocr_carea' id='block_1_1' title="bbox 186 446 320 506">
    <p class='ocr_par' dir='ltr' id='par_1_1' title="bbox 186 446 320 506">
     <span class='ocr_line' id='line_1_1' title="bbox 186 446 320 506; baseline 0 -1"><span class='ocrx_word' id='word_1_1' title='bbox 186 446 320 506; x_wconf 70' lang='lat' dir='ltr'><strong>i501</strong></span> 
     </span>
    </p>
   </div>
   <div class='ocr_carea' id='block_1_2' title="bbox 1364 449 2246 512">
    <p class='ocr_par' dir='ltr' id='par_1_2' title="bbox 1364 449 2246 512">
     <span class='ocr_line' id='line_1_2' title="bbox 1364 449 2246 512; baseline -0.01 -1"><span class='ocrx_word' id='word_1_2' title='bbox 1364 451 1642 511; x_wconf 68' lang='lat' dir='ltr'><strong>CONTRA</strong></span> <span class='ocrx_word' id='word_1_3' title='bbox 1668 450 1946 512; x_wconf 72' lang='grc' dir='ltr'>ωυιι</span> <span class='ocrx_word' id='word_1_4' title='bbox 1980 450 2110 507; x_wconf 86' lang='lat' dir='ltr'><strong>LIB.</strong></span> <span class='ocrx_word' id='word_1_5' title='bbox 2139 449 2246 504; x_wconf 74' lang='grc' dir='ltr'><strong>νη.</strong></span> 
     </span>
    </p>
   </div>
   <div class='ocr_carea' id='block_1_3' title="bbox 3255 447 3388 506">
    <p class='ocr_par' dir='ltr' id='par_1_3' title="bbox 3255 447 3388 506">
     <span class='ocr_line' id='line_1_3' title="bbox 3255 447 3388 506; baseline 0.03 -4"><span class='ocrx_word' id='word_1_6' title='bbox 3255 447 3388 506; x_wconf 66' lang='grc'><strong>1502</strong></span> 
     </span>
    </p>
   </div>
   <div class='ocr_carea' id='block_1_4' title="bbox 183 566 1732 646">
    <p class='ocr_par' dir='ltr' id='par_1_4' title="bbox 183 566 1732 646">
     <span class='ocr_line' id='line_1_4' title="bbox 183 566 1732 646; baseline 0.004 -27"><span class='ocrx_word' id='word_1_7' title='bbox 183 566 487 622; x_wconf 75' lang='grc' dir='ltr'><strong>οὑτινοσοῦν</strong></span> <span class='ocrx_word' id='word_1_8' title='bbox 529 570 600 634; x_wconf 70' lang='grc' dir='ltr'><strong>τὸ]</strong></span> <span class='ocrx_word' id='word_1_9' title='bbox 634 574 1012 644; x_wconf 75' lang='grc' dir='ltr'>περιστατικδν</span> <span class='ocrx_word' id='word_1_10' title='bbox 1059 575 1120 629; x_wconf 84' lang='grc' dir='ltr'><strong>ού</strong></span> <span class='ocrx_word' id='word_1_11' title='bbox 1159 573 1562 646; x_wconf 74' lang='grc' dir='ltr'><strong>προηγούμενον</strong></span> <span class='ocrx_word' id='word_1_12' title='bbox 1606 568 1732 626; x_wconf 76' lang='grc' dir='ltr'>εἶναι</span> 
     </span>
    </p>
   </div>
   <div class='ocr_carea' id='block_1_5' title="bbox 1830 566 3389 646">
    <p class='ocr_par' dir='ltr' id='par_1_5' title="bbox 1845 567 3389 642">
     <span class='ocr_line' id='line_1_5' title="bbox 1845 567 3389 642; baseline -0.002 -16"><span class='ocrx_word' id='word_1_13' title='bbox 1845 571 2057 626; x_wconf 87' lang='lat' dir='ltr'><strong>accidit.</strong></span> <span class='ocrx_word' id='word_1_14' title='bbox 2090 571 2288 642; x_wconf 86' lang='lat' dir='ltr'><strong>Deinde</strong></span> <span class='ocrx_word' id='word_1_15' title='bbox 2320 583 2422 622; x_wconf 94' lang='lat' dir='ltr'><strong>non</strong></span> <span class='ocrx_word' id='word_1_16' title='bbox 2464 567 2878 634; x_wconf 82' lang='lat' dir='ltr'><strong>succumbentis,</strong></span> <span class='ocrx_word' id='word_1_17' title='bbox 2916 569 3010 625; x_wconf 84' lang='lat' dir='ltr'><strong>sed</strong></span> <span class='ocrx_word' id='word_1_18' title='bbox 3057 568 3389 623; x_wconf 67' lang='lat' dir='ltr'><strong>calamitates</strong></span> 
     </span>
    </p>
   </div>
   <div class='ocr_carea' id='block_1_6' title="bbox 182 657 1737 736">
    <p class='ocr_par' dir='ltr' id='par_1_6' title="bbox 182 657 1737 736">
     <span class='ocr_line' id='line_1_6' title="bbox 182 657 1737 736; baseline 0.01 -25"><span class='ocrx_word' id='word_1_19' title='bbox 182 657 511 730; x_wconf 76' lang='grc' dir='ltr'><strong>νομίζοντος,</strong></span> <span class='ocrx_word' id='word_1_20' title='bbox 541 661 656 716; x_wconf 81' lang='grc' dir='ltr'>ἀλλ’</span> <span class='ocrx_word' id='word_1_21' title='bbox 698 665 1056 734; x_wconf 82' lang='grc' dir='ltr'>ὑπομένοντος</span> <span class='ocrx_word' id='word_1_22' title='bbox 1101 664 1161 717; x_wconf 82' lang='grc' dir='ltr'><strong>τὸ</strong></span> <span class='ocrx_word' id='word_1_23' title='bbox 1204 663 1276 735; x_wconf 81' lang='grc' dir='ltr'>μὴ</span> <span class='ocrx_word' id='word_1_24' title='bbox 1319 663 1737 736; x_wconf 83' lang='grc' dir='ltr'><strong>προηγουμένως</strong></span> 
     </span>
    </p>
   </div>
   <div class='ocr_carea' id='block_1_7' title="bbox 183 749 1739 826">
    <p class='ocr_par' dir='ltr' id='par_1_7' title="bbox 183 749 1739 826">
     <span class='ocr_line' id='line_1_7' title="bbox 183 749 1739 826; baseline 0.004 -24"><span class='ocrx_word' id='word_1_25' title='bbox 183 749 473 820; x_wconf 72' lang='grc' dir='ltr'>συμϐαῖνον</span> <span class='ocrx_word' id='word_1_26' title='bbox 512 751 641 824; x_wconf 79' lang='grc'><strong>(48),</strong></span> <span class='ocrx_word' id='word_1_27' title='bbox 668 755 794 808; x_wconf 86' lang='grc' dir='ltr'>ὅταν</span> <span class='ocrx_word' id='word_1_28' title='bbox 823 755 1010 826; x_wconf 83' lang='grc' dir='ltr'>καιρὸς</span> <span class='ocrx_word' id='word_1_29' title='bbox 1039 755 1196 826; x_wconf 83' lang='grc' dir='ltr'>καλῇ.</span> <span class='ocrx_word' id='word_1_30' title='bbox 1216 755 1372 808; x_wconf 78' lang='grc' dir='ltr'>Ἀλλά</span> <span class='ocrx_word' id='word_1_31' title='bbox 1404 755 1496 808; x_wconf 55' lang='grc' dir='ltr'><strong>καί⁵</strong></span> <span class='ocrx_word' id='word_1_32' title='bbox 1526 755 1623 809; x_wconf 80' lang='grc' dir='ltr'><strong>οὐκ</strong></span> <span class='ocrx_word' id='word_1_33' title='bbox 1654 757 1739 825; x_wconf 81' lang='grc' dir='ltr'>ἐν·-</span> 
     </span>
    </p>
   </div>
   <div class='ocr_carea' id='block_1_8' title="bbox 181 839 1735 918">
    <p class='ocr_par' dir='ltr' id='par_1_8' title="bbox 181 839 1735 918">
     <span class='ocr_line' id='line_1_8' title="bbox 181 839 1735 918; baseline 0.003 -24"><span class='ocrx_word' id='word_1_34' title='bbox 181 840 471 906; x_wconf 84' lang='grc' dir='ltr'>δεδωκότος</span> <span class='ocrx_word' id='word_1_35' title='bbox 506 839 594 914; x_wconf 81' lang='grc' dir='ltr'>ἦν,</span> <span class='ocrx_word' id='word_1_36' title='bbox 635 844 1085 918; x_wconf 79' lang='grc' dir='ltr'><strong>εὐαρεστουμένου</strong></span> <span class='ocrx_word' id='word_1_37' title='bbox 1132 847 1188 900; x_wconf 84' lang='grc' dir='ltr'>δὲ</span> <span class='ocrx_word' id='word_1_38' title='bbox 1224 851 1332 910; x_wconf 84' lang='grc' dir='ltr'>τοῖς</span> <span class='ocrx_word' id='word_1_39' title='bbox 1366 847 1735 918; x_wconf 77' lang='grc' dir='ltr'>συμϐαίνουσι,</span> 
     </span>
    </p>
   </div>
   <div class='ocr_carea' id='block_1_9' title="bbox 182 924 1736 1006">
    <p class='ocr_par' dir='ltr' id='par_1_9' title="bbox 182 924 1736 1006">
     <span class='ocr_line' id='line_1_9' title="bbox 182 924 1736 1006; baseline 0.006 -26"><span class='ocrx_word' id='word_1_40' title='bbox 182 929 277 981; x_wconf 76' lang='grc' dir='ltr'>καὶ</span> <span class='ocrx_word' id='word_1_41' title='bbox 317 924 687 1001; x_wconf 71' lang='grc' dir='ltr'><strong>προτιμῶντος</strong></span> <span class='ocrx_word' id='word_1_42' title='bbox 731 932 798 985; x_wconf 90' lang='grc' dir='ltr'><strong>τά</strong></span> <span class='ocrx_word' id='word_1_43' title='bbox 841 933 947 985; x_wconf 84' lang='grc' dir='ltr'><strong>ἀπὸ</strong></span> <span class='ocrx_word' id='word_1_44' title='bbox 991 933 1255 1004; x_wconf 80' lang='grc' dir='ltr'>Προνοίας</span> <span class='ocrx_word' id='word_1_45' title='bbox 1297 935 1671 1006; x_wconf 84' lang='grc' dir='ltr'>περιστατικά,</span> <span class='ocrx_word' id='word_1_46' title='bbox 1704 937 1736 1005; x_wconf 81' lang='grc' dir='ltr'>ὴ</span> 
     </span>
    </p>
   </div>
   <div class='ocr_carea' id='block_1_10' title="bbox 180 1016 1734 1096">
    <p class='ocr_par' dir='ltr' id='par_1_10' title="bbox 180 1016 1734 1096">
     <span class='ocr_line' id='line_1_10' title="bbox 180 1016 1734 1096; baseline 0.006 -27"><span class='ocrx_word' id='word_1_47' title='bbox 180 1016 409 1086; x_wconf 82' lang='grc' dir='ltr'>λέγουσα</span> <span class='ocrx_word' id='word_1_48' title='bbox 437 1023 613 1092; x_wconf 81' lang='grc' dir='ltr'>φωνή·</span> <span class='ocrx_word' id='word_1_49' title='bbox 643 1021 815 1090; x_wconf 72' lang='grc' dir='ltr'>Πλὴν</span> <span class='ocrx_word' id='word_1_50' title='bbox 844 1026 916 1078; x_wconf 85' lang='grc' dir='ltr'>οὐ</span> <span class='ocrx_word' id='word_1_51' title='bbox 939 1025 995 1078; x_wconf 81' lang='grc' dir='ltr'><strong>τί</strong></span> <span class='ocrx_word' id='word_1_52' title='bbox 1024 1025 1138 1096; x_wconf 73' lang='grc' dir='ltr'>ἐγὼ</span> <span class='ocrx_word' id='word_1_53' title='bbox 1173 1026 1342 1090; x_wconf 79' lang='grc' dir='ltr'>θέλω,</span> <span class='ocrx_word' id='word_1_54' title='bbox 1372 1027 1532 1081; x_wconf 70' lang='grc' dir='ltr'><strong>ἀλλὰ</strong></span> <span class='ocrx_word' id='word_1_55' title='bbox 1553 1027 1610 1080; x_wconf 85' lang='grc' dir='ltr'><strong>τι</strong></span> <span class='ocrx_word' id='word_1_56' title='bbox 1634 1027 1734 1080; x_wconf 86' lang='grc' dir='ltr'><strong>σύ.</strong></span> 
     </span>
    </p>
   </div>
   <div class='ocr_carea' id='block_1_11' title="bbox 250 1102 1739 1186">
    <p class='ocr_par' dir='ltr' id='par_1_11' title="bbox 250 1102 1739 1186">
     <span class='ocr_line' id='line_1_11' title="bbox 250 1102 1739 1186; baseline 0.007 -27"><span class='ocrx_word' id='word_1_57' title='bbox 250 1102 363 1160; x_wconf 75' lang='grc' dir='ltr'><strong>Εἶτ’</strong></span> <span class='ocrx_word' id='word_1_58' title='bbox 386 1109 486 1162; x_wconf 81' lang='grc' dir='ltr'><strong>οὐκ</strong></span> <span class='ocrx_word' id='word_1_59' title='bbox 505 1105 598 1163; x_wconf 62' lang='lat' dir='ltr'><strong>oio?</strong></span> <span class='ocrx_word' id='word_1_60' title='bbox 620 1112 767 1174; x_wconf 85' lang='grc' dir='ltr'>ὅπως</span> <span class='ocrx_word' id='word_1_61' title='bbox 785 1111 1029 1167; x_wconf 76' lang='grc' dir='ltr'>ἐϐούλετο</span> <span class='ocrx_word' id='word_1_62' title='bbox 1048 1112 1087 1186; x_wconf 73' lang='grc' dir='ltr'><strong>’ὴ</strong></span> <span class='ocrx_word' id='word_1_63' title='bbox 1097 1117 1199 1185; x_wconf 81' lang='grc' dir='ltr'><strong>μᾶς</strong></span> <span class='ocrx_word' id='word_1_64' title='bbox 1225 1115 1421 1185; x_wconf 79' lang='grc' dir='ltr'>μᾶλλον</span> <span class='ocrx_word' id='word_1_65' title='bbox 1441 1117 1739 1169; x_wconf 75' lang='grc' dir='ltr'><strong>Σίϐυλλαν</strong></span> 
     </span>
    </p>
   </div>
   <div class='ocr_carea' id='block_1_12' title="bbox 175 1196 1734 1277">
    <p class='ocr_par' dir='ltr' id='par_1_12' title="bbox 175 1196 1734 1277">
     <span class='ocr_line' id='line_1_12' title="bbox 175 1196 1734 1277; baseline 0.006 -27"><span class='ocrx_word' id='word_1_66' title='bbox 175 1196 540 1270; x_wconf 77' lang='grc' dir='ltr'>ἀναγορεῦσαι</span> <span class='ocrx_word' id='word_1_67' title='bbox 573 1201 756 1254; x_wconf 81' lang='grc' dir='ltr'>παῖδα</span> <span class='ocrx_word' id='word_1_68' title='bbox 792 1204 940 1258; x_wconf 86' lang='grc' dir='ltr'><strong>Θεοῦ</strong></span> <span class='ocrx_word' id='word_1_69' title='bbox 971 1205 1004 1276; x_wconf 81' lang='grc' dir='ltr'>ἢ</span> <span class='ocrx_word' id='word_1_70' title='bbox 1049 1204 1271 1276; x_wconf 71' lang='grc' dir='ltr'>Ἰησοῦν,</span> <span class='ocrx_word' id='word_1_71' title='bbox 1303 1207 1734 1277; x_wconf 80' lang='grc' dir='ltr'>ἀποφηνάμενος,</span> 
     </span>
    </p>
   </div>
   <div class='ocr_carea' id='block_1_13' title="bbox 172 1286 1737 1362">
    <p class='ocr_par' dir='ltr' id='par_1_13' title="bbox 172 1286 1737 1362">
     <span class='ocr_line' id='line_1_13' title="bbox 172 1286 1737 1362; baseline 0.006 -23"><span class='ocrx_word' id='word_1_72' title='bbox 172 1286 262 1340; x_wconf 81' lang='grc' dir='ltr'><strong>δτι</strong></span> <span class='ocrx_word' id='word_1_73' title='bbox 308 1289 834 1360; x_wconf 59' lang='grc' dir='ltr'>παρενεψάψαμεν</span> <span class='ocrx_word' id='word_1_74' title='bbox 883 1295 968 1358; x_wconf 86' lang='grc' dir='ltr'><strong>είς</strong></span> <span class='ocrx_word' id='word_1_75' title='bbox 1002 1289 1074 1348; x_wconf 76' lang='grc' dir='ltr'>τὰ</span> <span class='ocrx_word' id='word_1_76' title='bbox 1124 1294 1358 1362; x_wconf 80' lang='grc' dir='ltr'>ἐκείνης</span> <span class='ocrx_word' id='word_1_77' title='bbox 1400 1294 1597 1348; x_wconf 76' lang='grc' dir='ltr'>πολλά</span> <span class='ocrx_word' id='word_1_78' title='bbox 1638 1294 1737 1347; x_wconf 79' lang='grc' dir='ltr'><strong>καί</strong></span> 
     </span>
    </p>
   </div>
   <div class='ocr_carea' id='block_1_14' title="bbox 167 1375 1739 1456">
    <p class='ocr_par' dir='ltr' id='par_1_14' title="bbox 167 1375 1739 1456">
     <span class='ocr_line' id='line_1_14' title="bbox 167 1375 1739 1456; baseline 0.006 -28"><span class='ocrx_word' id='word_1_79' title='bbox 167 1375 510 1446; x_wconf 68' lang='grc' dir='ltr'>,βλάσφημα</span> <span class='ocrx_word' id='word_1_80' title='bbox 528 1396 541 1409; x_wconf 73' lang='grc'><em>’</em></span> <span class='ocrx_word' id='word_1_81' title='bbox 575 1381 772 1454; x_wconf 77' lang='grc' dir='ltr'>καὶμὴ</span> <span class='ocrx_word' id='word_1_82' title='bbox 802 1383 1087 1449; x_wconf 80' lang='grc' dir='ltr'>ἀποδείξας</span> <span class='ocrx_word' id='word_1_83' title='bbox 1120 1385 1240 1455; x_wconf 83' lang='grc' dir='ltr'>μηδ’</span> <span class='ocrx_word' id='word_1_84' title='bbox 1269 1388 1297 1440; x_wconf 83' lang='grc' dir='ltr'><strong><em>ὃ</em></strong></span> <span class='ocrx_word' id='word_1_85' title='bbox 1321 1402 1372 1438; x_wconf 89' lang='grc' dir='ltr'><strong>τι</strong></span> <span class='ocrx_word' id='word_1_86' title='bbox 1404 1385 1739 1456; x_wconf 61' lang='grc' dir='ltr'>παρενεγράφ-</span> 
     </span>
    </p>
   </div>
   <div class='ocr_carea' id='block_1_15' title="bbox 169 1461 1739 1545">
    <p class='ocr_par' dir='ltr' id='par_1_15' title="bbox 169 1461 1739 1545">
     <span class='ocr_line' id='line_1_15' title="bbox 169 1461 1739 1545; baseline 0.006 -31"><span class='ocrx_word' id='word_1_87' title='bbox 169 1461 390 1545; x_wconf 75' lang='grc' dir='ltr'>ψαμεν·</span> <span class='ocrx_word' id='word_1_88' title='bbox 432 1466 679 1534; x_wconf 77' lang='grc' dir='ltr'>ἀπέδειξε</span> <span class='ocrx_word' id='word_1_89' title='bbox 719 1468 763 1521; x_wconf 86' lang='grc' dir='ltr'>δ’</span> <span class='ocrx_word' id='word_1_90' title='bbox 809 1467 895 1537; x_wconf 81' lang='grc' dir='ltr'><strong>ἀν,</strong></span> <span class='ocrx_word' id='word_1_91' title='bbox 947 1473 994 1523; x_wconf 83' lang='grc' dir='ltr'><strong>εί</strong></span> <span class='ocrx_word' id='word_1_92' title='bbox 1023 1468 1103 1526; x_wconf 76' lang='grc' dir='ltr'>τὰ</span> <span class='ocrx_word' id='word_1_93' title='bbox 1136 1474 1458 1545; x_wconf 86' lang='grc' dir='ltr'>ἀρχαιότερα</span> <span class='ocrx_word' id='word_1_94' title='bbox 1491 1472 1739 1543; x_wconf 88' lang='grc' dir='ltr'>καθαρὼ-</span> 
     </span>
    </p>
   </div>
   <div class='ocr_carea' id='block_1_16' title="bbox 168 1541 1795 1634">
    <p class='ocr_par' dir='ltr' id='par_1_16' title="bbox 168 1541 1795 1634">
     <span class='ocr_line' id='line_1_16' title="bbox 168 1541 1795 1634; baseline 0.008 -32"><span class='ocrx_word' id='word_1_95' title='bbox 168 1567 309 1622; x_wconf 82' lang='grc' dir='ltr'>τερα</span> <span class='ocrx_word' id='word_1_96' title='bbox 335 1541 598 1621; x_wconf 78' lang='grc' dir='ltr'>ἐδείκνυε,</span> <span class='ocrx_word' id='word_1_97' title='bbox 629 1560 720 1610; x_wconf 76' lang='grc' dir='ltr'><strong>καὶ</strong></span> <span class='ocrx_word' id='word_1_98' title='bbox 754 1559 854 1612; x_wconf 74' lang='grc' dir='ltr'><strong>οὐκ</strong></span> <span class='ocrx_word' id='word_1_99' title='bbox 878 1559 1071 1629; x_wconf 73' lang='grc' dir='ltr'>ἔχοντα</span> <span class='ocrx_word' id='word_1_100' title='bbox 1272 1541 1439 1616; x_wconf 78' lang='grc' dir='ltr'>οἴεται</span> <span class='ocrx_word' id='word_1_101' title='bbox 1471 1541 1738 1634; x_wconf 82' lang='grc' dir='ltr'>παρεγγε-</span> <span class='ocrx_word' id='word_1_102' title='bbox 1793 1600 1795 1602; x_wconf 89' lang='grc'><strong>-</strong></span> 
     </span>
    </p>
   </div>
   <div class='ocr_carea' id='block_1_17' title="bbox 171 1642 1737 1723">
    <p class='ocr_par' dir='ltr' id='par_1_17' title="bbox 171 1642 1737 1723">
     <span class='ocr_line' id='line_1_17' title="bbox 171 1642 1737 1723; baseline 0.006 -27"><span class='ocrx_word' id='word_1_103' title='bbox 171 1642 448 1714; x_wconf 83' lang='grc' dir='ltr'>γράφθαι’</span> <span class='ocrx_word' id='word_1_104' title='bbox 503 1646 576 1717; x_wconf 86' lang='grc' dir='ltr'>μὴ</span> <span class='ocrx_word' id='word_1_105' title='bbox 607 1649 895 1714; x_wconf 82' lang='grc' dir='ltr'>ἀποδείξας</span> <span class='ocrx_word' id='word_1_106' title='bbox 931 1650 986 1703; x_wconf 83' lang='grc' dir='ltr'>δὲ</span> <span class='ocrx_word' id='word_1_107' title='bbox 1023 1651 1144 1722; x_wconf 76' lang='grc' dir='ltr'>μηδ’</span> <span class='ocrx_word' id='word_1_108' title='bbox 1187 1655 1267 1706; x_wconf 83' lang='grc' dir='ltr'>ὃτι</span> <span class='ocrx_word' id='word_1_109' title='bbox 1302 1653 1592 1723; x_wconf 84' lang='grc' dir='ltr'>βλάσφημά</span> <span class='ocrx_word' id='word_1_110' title='bbox 1624 1655 1737 1706; x_wconf 84' lang='grc' dir='ltr'>ἐστι</span> 
     </span>
    </p>
   </div>
   <div class='ocr_carea' id='block_1_18' title="bbox 169 1731 1738 1815">
    <p class='ocr_par' dir='ltr' id='par_1_18' title="bbox 169 1731 1738 1815">
     <span class='ocr_line' id='line_1_18' title="bbox 169 1731 1738 1815; baseline 0.005 -29"><span class='ocrx_word' id='word_1_111' title='bbox 169 1735 346 1786; x_wconf 85' lang='grc' dir='ltr'>ταῦτα</span> <span class='ocrx_word' id='word_1_112' title='bbox 367 1751 380 1764; x_wconf 73' lang='grc'><strong>⁸</strong></span> <span class='ocrx_word' id='word_1_113' title='bbox 429 1731 547 1789; x_wconf 86' lang='grc' dir='ltr'>εἶτα</span> <span class='ocrx_word' id='word_1_114' title='bbox 580 1739 740 1793; x_wconf 89' lang='grc' dir='ltr'>πάλιν</span> <span class='ocrx_word' id='word_1_115' title='bbox 773 1740 833 1792; x_wconf 87' lang='grc' dir='ltr'><strong>οὑ</strong></span> <span class='ocrx_word' id='word_1_116' title='bbox 864 1740 964 1804; x_wconf 73' lang='grc' dir='ltr'>δὶς,</span> <span class='ocrx_word' id='word_1_117' title='bbox 1000 1741 1117 1802; x_wconf 83' lang='grc' dir='ltr'>οὐδὲ</span> <span class='ocrx_word' id='word_1_118' title='bbox 1156 1745 1296 1814; x_wconf 67' lang='grc' dir='ltr'>τρὶς,</span> <span class='ocrx_word' id='word_1_119' title='bbox 1341 1743 1474 1797; x_wconf 89' lang='grc' dir='ltr'><strong>ἀλλά</strong></span> <span class='ocrx_word' id='word_1_120' title='bbox 1518 1743 1581 1815; x_wconf 83' lang='grc' dir='ltr'>δὴ</span> <span class='ocrx_word' id='word_1_121' title='bbox 1613 1742 1738 1795; x_wconf 87' lang='grc' dir='ltr'>πολ-</span> 
     </span>
    </p>
   </div>
   <div class='ocr_carea' id='block_1_19' title="bbox 168 1823 1732 1903">
    <p class='ocr_par' dir='ltr' id='par_1_19' title="bbox 168 1823 1732 1903">
     <span class='ocr_line' id='line_1_19' title="bbox 168 1823 1732 1903; baseline 0.006 -28"><span class='ocrx_word' id='word_1_122' title='bbox 168 1823 332 1887; x_wconf 75' lang='grc' dir='ltr'>λάκις</span> <span class='ocrx_word' id='word_1_123' title='bbox 378 1828 796 1898; x_wconf 79' lang='grc' dir='ltr'>ἐπιρρητότατον</span> <span class='ocrx_word' id='word_1_124' title='bbox 834 1825 953 1891; x_wconf 78' lang='grc' dir='ltr'>εἶπε</span> <span class='ocrx_word' id='word_1_125' title='bbox 989 1830 1078 1884; x_wconf 83' lang='grc' dir='ltr'><strong>τὸν</strong></span> <span class='ocrx_word' id='word_1_126' title='bbox 1122 1832 1294 1903; x_wconf 83' lang='grc' dir='ltr'>Ἰησοῦ</span> <span class='ocrx_word' id='word_1_127' title='bbox 1329 1831 1469 1903; x_wconf 55' lang='grc' dir='ltr'>βίον</span> <span class='ocrx_word' id='word_1_128' title='bbox 1505 1833 1565 1885; x_wconf 86' lang='grc' dir='ltr'><strong>ού</strong></span> <span class='ocrx_word' id='word_1_129' title='bbox 1601 1831 1732 1896; x_wconf 73' lang='grc' dir='ltr'>στὰς</span> 
     </span>
    </p>
   </div>
   <div class='ocr_carea' id='block_1_20' title="bbox 1840 656 3390 724">
    <p class='ocr_par' dir='ltr' id='par_1_20' title="bbox 1840 656 3390 724">
     <span class='ocr_line' id='line_1_20' title="bbox 1840 656 3390 724; baseline -0.001 -12"><span class='ocrx_word' id='word_1_130' title='bbox 1840 660 2024 715; x_wconf 87' lang='lat' dir='ltr'><strong>libenti</strong></span> <span class='ocrx_word' id='word_1_131' title='bbox 2075 659 2255 714; x_wconf 87' lang='lat' dir='ltr'><strong>animo</strong></span> <span class='ocrx_word' id='word_1_132' title='bbox 2293 657 2535 724; x_wconf 77' lang='lat' dir='ltr'><strong>ferentis,</strong></span> <span class='ocrx_word' id='word_1_133' title='bbox 2584 666 2640 711; x_wconf 81' lang='lat' dir='ltr'><strong>et</strong></span> <span class='ocrx_word' id='word_1_134' title='bbox 2687 658 2957 712; x_wconf 78' lang='lat' dir='ltr'><strong>immissos</strong></span> <span class='ocrx_word' id='word_1_135' title='bbox 3000 658 3100 713; x_wconf 90' lang='lat' dir='ltr'><strong>sibi</strong></span> <span class='ocrx_word' id='word_1_136' title='bbox 3133 672 3161 710; x_wconf 90' lang='lat' dir='ltr'><strong>a</strong></span> <span class='ocrx_word' id='word_1_137' title='bbox 3208 656 3390 710; x_wconf 83' lang='lat' dir='ltr'><strong>Provi-</strong></span> 
     </span>
    </p>
   </div>
   <div class='ocr_carea' id='block_1_21' title="bbox 1838 730 3404 819">
    <p class='ocr_par' dir='ltr' id='par_1_21' title="bbox 1838 730 3404 819">
     <span class='ocr_line' id='line_1_21' title="bbox 1838 730 3404 819; baseline -0.002 -15"><span class='ocrx_word' id='word_1_138' title='bbox 1838 730 2018 804; x_wconf 90' lang='lat' dir='ltr'><strong>dentia</strong></span> <span class='ocrx_word' id='word_1_139' title='bbox 2049 765 2213 805; x_wconf 90' lang='lat' dir='ltr'><strong>casus</strong></span> <span class='ocrx_word' id='word_1_140' title='bbox 2244 749 2541 819; x_wconf 88' lang='lat' dir='ltr'><strong>reverentis</strong></span> <span class='ocrx_word' id='word_1_141' title='bbox 2573 747 2675 802; x_wconf 93' lang='lat' dir='ltr'><strong>fuit</strong></span> <span class='ocrx_word' id='word_1_142' title='bbox 2700 749 2814 804; x_wconf 64' lang='lat' dir='ltr'><strong>haec</strong></span> <span class='ocrx_word' id='word_1_143' title='bbox 2841 764 2942 803; x_wconf 81' lang='lat' dir='ltr'><strong>vox</strong></span> <span class='ocrx_word' id='word_1_144' title='bbox 2969 772 2982 805; x_wconf 88' lang='lat'><strong>;</strong></span> <span class='ocrx_word' id='word_1_145' title='bbox 3024 747 3404 812; x_wconf 59' lang='lat' dir='ltr'><strong>Verumtamew</strong></span> 
     </span>
    </p>
   </div>
   <div class='ocr_carea' id='block_1_22' title="bbox 1839 839 2764 909">
    <p class='ocr_par' dir='ltr' id='par_1_22' title="bbox 1839 839 2764 909">
     <span class='ocr_line' id='line_1_22' title="bbox 1839 839 2764 909; baseline 0.002 -17"><span class='ocrx_word' id='word_1_146' title='bbox 1839 856 1941 894; x_wconf 82' lang='lat' dir='ltr'><strong>non</strong></span> <span class='ocrx_word' id='word_1_147' title='bbox 1970 849 2027 894; x_wconf 79' lang='lat' dir='ltr'><strong>ut</strong></span> <span class='ocrx_word' id='word_1_148' title='bbox 2057 856 2149 909; x_wconf 78' lang='lat' dir='ltr'><strong>ego</strong></span> <span class='ocrx_word' id='word_1_149' title='bbox 2179 839 2314 904; x_wconf 78' lang='lat' dir='ltr'><strong>volo,</strong></span> <span class='ocrx_word' id='word_1_150' title='bbox 2343 839 2428 894; x_wconf 71' lang='lat' dir='ltr'><strong>sed</strong></span> <span class='ocrx_word' id='word_1_151' title='bbox 2456 841 2601 902; x_wconf 68' lang='lat' dir='ltr'><strong>sicut.</strong></span> <span class='ocrx_word' id='word_1_152' title='bbox 2623 848 2678 892; x_wconf 77' lang='lat' dir='ltr'><strong>tu</strong></span> <span class='ocrx_word' id='word_1_153' title='bbox 2699 841 2764 894; x_wconf 68' lang='grc' dir='ltr'><strong>δ’.</strong></span> 
     </span>
    </p>
   </div>
   <div class='ocr_carea' id='block_1_23' title="bbox 1907 1097 3388 1167">
    <p class='ocr_par' dir='ltr' id='par_1_23' title="bbox 1907 1097 3388 1167">
     <span class='ocr_line' id='line_1_23' title="bbox 1907 1097 3388 1167; baseline -0.002 -13"><span class='ocrx_word' id='word_1_154' title='bbox 1907 1100 1995 1155; x_wconf 83' lang='grc'><strong>56.</strong></span> <span class='ocrx_word' id='word_1_155' title='bbox 2028 1099 2242 1164; x_wconf 89' lang='lat' dir='ltr'><strong>Subdit,</strong></span> <span class='ocrx_word' id='word_1_156' title='bbox 2277 1101 2459 1154; x_wconf 79' lang='lat' dir='ltr'><strong>nescio</strong></span> <span class='ocrx_word' id='word_1_157' title='bbox 2486 1098 2773 1167; x_wconf 89' lang='lat' dir='ltr'><strong>quomodo,</strong></span> <span class='ocrx_word' id='word_1_158' title='bbox 2805 1113 2903 1153; x_wconf 91' lang='lat' dir='ltr'><strong>nos</strong></span> <span class='ocrx_word' id='word_1_159' title='bbox 2932 1097 3124 1151; x_wconf 83' lang='lat' dir='ltr'><strong>melius</strong></span> <span class='ocrx_word' id='word_1_160' title='bbox 3151 1097 3388 1151; x_wconf 78' lang='lat' dir='ltr'><strong>facturos</strong></span> 
     </span>
    </p>
   </div>
   <div class='ocr_carea' id='block_1_24' title="bbox 1837 1187 3389 1260">
    <p class='ocr_par' dir='ltr' id='par_1_24' title="bbox 1837 1187 3389 1260">
     <span class='ocr_line' id='line_1_24' title="bbox 1837 1187 3389 1260; baseline -0.003 -17"><span class='ocrx_word' id='word_1_161' title='bbox 1837 1191 2023 1254; x_wconf 89' lang='lat' dir='ltr'><strong>fuisse,</strong></span> <span class='ocrx_word' id='word_1_162' title='bbox 2052 1190 2095 1243; x_wconf 88' lang='lat' dir='ltr'><strong>si</strong></span> <span class='ocrx_word' id='word_1_163' title='bbox 2145 1188 2399 1258; x_wconf 81' lang='lat' dir='ltr'><strong>Sibyllam</strong></span> <span class='ocrx_word' id='word_1_164' title='bbox 2437 1189 2531 1243; x_wconf 81' lang='lat' dir='ltr'><strong>Dei</strong></span> <span class='ocrx_word' id='word_1_165' title='bbox 2557 1189 2723 1256; x_wconf 76' lang='lat' dir='ltr'><strong>ﬁliam</strong></span> <span class='ocrx_word' id='word_1_166' title='bbox 2769 1187 3184 1260; x_wconf 86' lang='lat' dir='ltr'><strong>appellasscmus</strong></span> <span class='ocrx_word' id='word_1_167' title='bbox 3212 1188 3389 1257; x_wconf 80' lang='lat' dir='ltr'><strong>patius</strong></span> 
     </span>
    </p>
   </div>
   <div class='ocr_carea' id='block_1_25' title="bbox 1837 1278 3400 1358">
    <p class='ocr_par' dir='ltr' id='par_1_25' title="bbox 1837 1278 3400 1358">
     <span class='ocr_line' id='line_1_25' title="bbox 1837 1278 3400 1358; baseline -0.005 -21"><span class='ocrx_word' id='word_1_168' title='bbox 1837 1298 1994 1352; x_wconf 87' lang='lat' dir='ltr'><strong>quam</strong></span> <span class='ocrx_word' id='word_1_169' title='bbox 2023 1281 2236 1347; x_wconf 77' lang='lat' dir='ltr'><strong>Jesum;</strong></span> <span class='ocrx_word' id='word_1_170' title='bbox 2266 1279 2600 1348; x_wconf 80' lang='lat' dir='ltr'><strong>aﬂirmatque</strong></span> <span class='ocrx_word' id='word_1_171' title='bbox 2623 1298 2654 1333; x_wconf 89' lang='lat' dir='ltr'><strong>a</strong></span> <span class='ocrx_word' id='word_1_172' title='bbox 2680 1280 2823 1333; x_wconf 70' lang='lat' dir='ltr'><strong>nobis</strong></span> <span class='ocrx_word' id='word_1_173' title='bbox 2850 1278 3013 1358; x_wconf 74' lang='lat' dir='ltr'><strong>multa</strong></span> <span class='ocrx_word' id='word_1_174' title='bbox 3046 1294 3204 1348; x_wconf 75' lang='lat' dir='ltr'><strong>eaque</strong></span> <span class='ocrx_word' id='word_1_175' title='bbox 3229 1279 3400 1347; x_wconf 72' lang='lat' dir='ltr'><strong>impia</strong></span> 
     </span>
    </p>
   </div>
   <div class='ocr_carea' id='block_1_26' title="bbox 1837 1366 3388 1438">
    <p class='ocr_par' dir='ltr' id='par_1_26' title="bbox 1837 1366 3388 1438">
     <span class='ocr_line' id='line_1_26' title="bbox 1837 1366 3388 1438; baseline -0.002 -15"><span class='ocrx_word' id='word_1_176' title='bbox 1837 1371 1890 1423; x_wconf 77' lang='lat' dir='ltr'><strong>t&#39;n</strong></span> <span class='ocrx_word' id='word_1_177' title='bbox 1929 1371 2042 1438; x_wconf 80' lang='lat' dir='ltr'><strong>ejus</strong></span> <span class='ocrx_word' id='word_1_178' title='bbox 2074 1371 2281 1438; x_wconf 70' lang='lat' dir='ltr'><strong>scriptis</strong></span> <span class='ocrx_word' id='word_1_179' title='bbox 2312 1370 2508 1421; x_wconf 67' lang='lat' dir='ltr'><strong>inserta</strong></span> <span class='ocrx_word' id='word_1_180' title='bbox 2537 1385 2678 1433; x_wconf 74' lang='lat' dir='ltr'><strong>esse;</strong></span> <span class='ocrx_word' id='word_1_181' title='bbox 2707 1384 2802 1422; x_wconf 85' lang='lat' dir='ltr'><strong>nec</strong></span> <span class='ocrx_word' id='word_1_182' title='bbox 2832 1378 3008 1421; x_wconf 83' lang='lat' dir='ltr'><strong>tamen</strong></span> <span class='ocrx_word' id='word_1_183' title='bbox 3038 1367 3237 1421; x_wconf 77' lang='lat' dir='ltr'><strong>indicat</strong></span> <span class='ocrx_word' id='word_1_184' title='bbox 3262 1366 3388 1435; x_wconf 88' lang='lat' dir='ltr'><strong>quid</strong></span> 
     </span>
    </p>
   </div>
   <div class='ocr_carea' id='block_1_27' title="bbox 1838 1451 3387 1528">
    <p class='ocr_par' dir='ltr' id='par_1_27' title="bbox 1838 1451 3387 1528">
     <span class='ocr_line' id='line_1_27' title="bbox 1838 1451 3387 1528; baseline -0.005 -12"><span class='ocrx_word' id='word_1_185' title='bbox 1838 1463 2100 1516; x_wconf 84' lang='lat' dir='ltr'><strong>insertum</strong></span> <span class='ocrx_word' id='word_1_186' title='bbox 2133 1476 2162 1513; x_wconf 89' lang='lat' dir='ltr'><strong>a</strong></span> <span class='ocrx_word' id='word_1_187' title='bbox 2203 1461 2357 1514; x_wconf 93' lang='lat' dir='ltr'><strong>nobis</strong></span> <span class='ocrx_word' id='word_1_188' title='bbox 2401 1459 2581 1515; x_wconf 82' lang='lat' dir='ltr'><strong>fuerit.</strong></span> <span class='ocrx_word' id='word_1_189' title='bbox 2621 1458 2772 1524; x_wconf 84' lang='lat' dir='ltr'><strong>Quod</strong></span> <span class='ocrx_word' id='word_1_190' title='bbox 2806 1457 3051 1524; x_wconf 90' lang='lat' dir='ltr'><strong>fecisset,</strong></span> <span class='ocrx_word' id='word_1_191' title='bbox 3086 1451 3137 1511; x_wconf 82' lang='lat' dir='ltr'><strong>si</strong></span> <span class='ocrx_word' id='word_1_192' title='bbox 3171 1457 3387 1528; x_wconf 87' lang='lat' dir='ltr'><strong>puriora</strong></span> 
     </span>
    </p>
   </div>
   <div class='ocr_carea' id='block_1_28' title="bbox 1837 1539 3388 1618">
    <p class='ocr_par' dir='ltr' id='par_1_28' title="bbox 1837 1539 3388 1618">
     <span class='ocr_line' id='line_1_28' title="bbox 1837 1539 3388 1618; baseline -0.004 -12"><span class='ocrx_word' id='word_1_193' title='bbox 1837 1558 2191 1606; x_wconf 81' lang='lat' dir='ltr'><strong>monstrasset</strong></span> <span class='ocrx_word' id='word_1_194' title='bbox 2217 1539 2571 1618; x_wconf 80' lang='lat' dir='ltr'><strong>exemplaria,</strong></span> <span class='ocrx_word' id='word_1_195' title='bbox 2587 1549 2673 1602; x_wconf 89' lang='lat' dir='ltr'><strong>ubi</strong></span> <span class='ocrx_word' id='word_1_196' title='bbox 2709 1563 2814 1602; x_wconf 87' lang='lat' dir='ltr'><strong>non</strong></span> <span class='ocrx_word' id='word_1_197' title='bbox 2846 1550 3153 1603; x_wconf 84' lang='lat' dir='ltr'><strong>viderentur</strong></span> <span class='ocrx_word' id='word_1_198' title='bbox 3181 1563 3240 1602; x_wconf 88' lang='lat' dir='ltr'><strong>ea</strong></span> <span class='ocrx_word' id='word_1_199' title='bbox 3270 1562 3388 1615; x_wconf 66' lang='lat' dir='ltr'><strong>quae</strong></span> 
     </span>
    </p>
   </div>
   <div class='ocr_carea' id='block_1_29' title="bbox 1837 1637 3403 1707">
    <p class='ocr_par' dir='ltr' id='par_1_29' title="bbox 1837 1637 3403 1707">
     <span class='ocr_line' id='line_1_29' title="bbox 1837 1637 3403 1707; baseline -0.003 -12"><span class='ocrx_word' id='word_1_200' title='bbox 1837 1644 2038 1696; x_wconf 78' lang='lat' dir='ltr'><strong>inserta</strong></span> <span class='ocrx_word' id='word_1_201' title='bbox 2085 1641 2251 1695; x_wconf 88' lang='lat' dir='ltr'><strong>fuisse</strong></span> <span class='ocrx_word' id='word_1_202' title='bbox 2283 1642 2578 1697; x_wconf 76' lang='lat' dir='ltr'><strong>existimat.</strong></span> <span class='ocrx_word' id='word_1_203' title='bbox 2634 1639 2742 1695; x_wconf 92' lang='lat' dir='ltr'><strong>lmo</strong></span> <span class='ocrx_word' id='word_1_204' title='bbox 2791 1657 2857 1694; x_wconf 91' lang='lat' dir='ltr'><strong>ne</strong></span> <span class='ocrx_word' id='word_1_205' title='bbox 2895 1640 3124 1694; x_wconf 86' lang='lat' dir='ltr'><strong>ostendit</strong></span> <span class='ocrx_word' id='word_1_206' title='bbox 3174 1637 3403 1707; x_wconf 87' lang='lat' dir='ltr'><strong>quidem</strong></span> 
     </span>
    </p>
   </div>
   <div class='ocr_carea' id='block_1_30' title="bbox 1837 1730 3386 1803">
    <p class='ocr_par' dir='ltr' id='par_1_30' title="bbox 1837 1730 3386 1803">
     <span class='ocr_line' id='line_1_30' title="bbox 1837 1730 3386 1803; baseline -0.004 -15"><span class='ocrx_word' id='word_1_207' title='bbox 1837 1733 1924 1787; x_wconf 87' lang='lat' dir='ltr'><strong>illa</strong></span> <span class='ocrx_word' id='word_1_208' title='bbox 1956 1747 2075 1788; x_wconf 88' lang='lat' dir='ltr'><strong>esse</strong></span> <span class='ocrx_word' id='word_1_209' title='bbox 2129 1732 2316 1799; x_wconf 89' lang='lat' dir='ltr'><strong>impia.</strong></span> <span class='ocrx_word' id='word_1_210' title='bbox 2364 1732 2563 1785; x_wconf 87' lang='lat' dir='ltr'><strong>Deinde</strong></span> <span class='ocrx_word' id='word_1_211' title='bbox 2600 1747 2786 1785; x_wconf 85' lang='lat' dir='ltr'><strong>rursus</strong></span> <span class='ocrx_word' id='word_1_212' title='bbox 2833 1746 2936 1803; x_wconf 85' lang='lat' dir='ltr'><strong>non</strong></span> <span class='ocrx_word' id='word_1_213' title='bbox 2987 1730 3090 1797; x_wconf 86' lang='lat' dir='ltr'><strong>bis,</strong></span> <span class='ocrx_word' id='word_1_214' title='bbox 3132 1745 3236 1783; x_wconf 91' lang='lat' dir='ltr'><strong>non</strong></span> <span class='ocrx_word' id='word_1_215' title='bbox 3285 1739 3386 1792; x_wconf 88' lang='lat' dir='ltr'><strong>ter,</strong></span> 
     </span>
    </p>
   </div>
   <div class='ocr_carea' id='block_1_31' title="bbox 1838 1809 3387 1890">
    <p class='ocr_par' dir='ltr' id='par_1_31' title="bbox 1838 1809 3387 1890">
     <span class='ocr_line' id='line_1_31' title="bbox 1838 1809 3387 1890; baseline -0.003 -14"><span class='ocrx_word' id='word_1_216' title='bbox 1838 1824 1942 1876; x_wconf 86' lang='lat' dir='ltr'><strong>sed</strong></span> <span class='ocrx_word' id='word_1_217' title='bbox 1963 1816 2166 1890; x_wconf 70' lang='lat' dir='ltr'><strong>Stepius</strong></span> <span class='ocrx_word' id='word_1_218' title='bbox 2199 1819 2452 1881; x_wconf 81' lang='lat' dir='ltr'><strong>infamem</strong></span> <span class='ocrx_word' id='word_1_219' title='bbox 2486 1819 2621 1873; x_wconf 80' lang='lat' dir='ltr'><strong>dixit</strong></span> <span class='ocrx_word' id='word_1_220' title='bbox 2661 1818 2803 1889; x_wconf 81' lang='lat' dir='ltr'><strong>Jesu</strong></span> <span class='ocrx_word' id='word_1_221' title='bbox 2824 1809 2984 1872; x_wconf 86' lang='lat' dir='ltr'><strong>vitam</strong></span> <span class='ocrx_word' id='word_1_222' title='bbox 3014 1833 3030 1872; x_wconf 90' lang='lat'><strong>:</strong></span> <span class='ocrx_word' id='word_1_223' title='bbox 3060 1818 3302 1887; x_wconf 80' lang='lat' dir='ltr'><strong>quamvis</strong></span> <span class='ocrx_word' id='word_1_224' title='bbox 3333 1817 3387 1872; x_wconf 91' lang='lat' dir='ltr'><strong>in</strong></span> 
     </span>
    </p>
   </div>
   <div class='ocr_carea' id='block_1_32' title="bbox 168 1906 1732 1996">
    <p class='ocr_par' dir='ltr' id='par_1_32' title="bbox 168 1915 1723 1996">
     <span class='ocr_line' id='line_1_32' title="bbox 168 1915 1723 1996; baseline 0.005 -28"><span class='ocrx_word' id='word_1_225' title='bbox 168 1915 296 1968; x_wconf 71' lang='grc' dir='ltr'>καθ’</span> <span class='ocrx_word' id='word_1_226' title='bbox 335 1917 558 1972; x_wconf 76' lang='grc' dir='ltr'>ἕκαστον</span> <span class='ocrx_word' id='word_1_227' title='bbox 599 1920 706 1973; x_wconf 80' lang='grc' dir='ltr'>τῶν</span> <span class='ocrx_word' id='word_1_228' title='bbox 747 1921 805 1974; x_wconf 86' lang='grc' dir='ltr'><strong>ἐν</strong></span> <span class='ocrx_word' id='word_1_229' title='bbox 848 1921 938 1994; x_wconf 53' lang='grc' dir='ltr'>τῷν</span> <span class='ocrx_word' id='word_1_230' title='bbox 959 1923 1056 1994; x_wconf 84' lang='grc' dir='ltr'><strong>βίῳ</strong></span> <span class='ocrx_word' id='word_1_231' title='bbox 1094 1923 1257 1976; x_wconf 81' lang='grc' dir='ltr'>αὐτοῦ</span> <span class='ocrx_word' id='word_1_232' title='bbox 1302 1924 1723 1996; x_wconf 74' lang='grc' dir='ltr'>πεπραγμένων,</span> 
     </span>
    </p>
   </div>
   <div class='ocr_carea' id='block_1_33' title="bbox 1830 1906 3430 1996">
    <p class='ocr_par' dir='ltr' id='par_1_33' title="bbox 1839 1906 3430 1991">
     <span class='ocr_line' id='line_1_33' title="bbox 1839 1906 3430 1991; baseline -0.003 -23"><span class='ocrx_word' id='word_1_233' title='bbox 1839 1913 2064 1983; x_wconf 82' lang='lat' dir='ltr'><strong>singulis</strong></span> <span class='ocrx_word' id='word_1_234' title='bbox 2101 1910 2259 1966; x_wconf 88' lang='lat' dir='ltr'><strong>rebus</strong></span> <span class='ocrx_word' id='word_1_235' title='bbox 2303 1910 2488 1980; x_wconf 79' lang='lat' dir='ltr'><strong>gestis,</strong></span> <span class='ocrx_word' id='word_1_236' title='bbox 2516 1906 2652 1978; x_wconf 77' lang='lat' dir='ltr'><strong>quas</strong></span> <span class='ocrx_word' id='word_1_237' title='bbox 2692 1909 2937 1964; x_wconf 48' lang='lat' dir='ltr'><strong>infames,</strong></span> <span class='ocrx_word' id='word_1_238' title='bbox 2965 1917 3136 1972; x_wconf 87' lang='lat' dir='ltr'><strong>vocat,</strong></span> <span class='ocrx_word' id='word_1_239' title='bbox 3168 1909 3391 1968; x_wconf 90' lang='lat' dir='ltr'><strong>minime</strong></span> <span class='ocrx_word' id='word_1_240' title='bbox 3424 1985 3430 1991; x_wconf 82' lang='lat'>_</span> 
     </span>
    </p>
   </div>
   <div class='ocr_carea' id='block_1_34' title="bbox 167 2005 1730 2085">
    <p class='ocr_par' dir='ltr' id='par_1_34' title="bbox 167 2005 1730 2085">
     <span class='ocr_line' id='line_1_34' title="bbox 167 2005 1730 2085; baseline 0.005 -27"><span class='ocrx_word' id='word_1_241' title='bbox 167 2008 272 2060; x_wconf 68' lang='grc' dir='ltr'><strong>καὶ</strong></span> <span class='ocrx_word' id='word_1_242' title='bbox 323 2005 685 2080; x_wconf 78' lang='grc' dir='ltr'>νομιζομένων</span> <span class='ocrx_word' id='word_1_243' title='bbox 737 2007 877 2065; x_wconf 80' lang='grc' dir='ltr'>εἶναι</span> <span class='ocrx_word' id='word_1_244' title='bbox 922 2013 1392 2085; x_wconf 71' lang='grc' dir='ltr'>ἐπιρῤητοτάτων*</span> <span class='ocrx_word' id='word_1_245' title='bbox 1454 2015 1538 2068; x_wconf 83' lang='grc' dir='ltr'>ἵνα</span> <span class='ocrx_word' id='word_1_246' title='bbox 1591 2014 1730 2068; x_wconf 86' lang='grc' dir='ltr'>τοῦτ’</span> 
     </span>
    </p>
   </div>
   <div class='ocr_carea' id='block_1_35' title="bbox 167 2095 1731 2174">
    <p class='ocr_par' dir='ltr' id='par_1_35' title="bbox 167 2095 1731 2174">
     <span class='ocr_line' id='line_1_35' title="bbox 167 2095 1731 2174; baseline 0.006 -27"><span class='ocrx_word' id='word_1_247' title='bbox 167 2095 344 2149; x_wconf 87' lang='grc' dir='ltr'>είπὼν</span> <span class='ocrx_word' id='word_1_248' title='bbox 384 2097 506 2170; x_wconf 80' lang='grc' dir='ltr'>δόξῃ</span> <span class='ocrx_word' id='word_1_249' title='bbox 559 2099 632 2170; x_wconf 86' lang='grc' dir='ltr'><strong>μὴ</strong></span> <span class='ocrx_word' id='word_1_250' title='bbox 683 2100 841 2170; x_wconf 91' lang='grc' dir='ltr'>μόνον</span> <span class='ocrx_word' id='word_1_251' title='bbox 886 2103 1282 2168; x_wconf 84' lang='grc' dir='ltr'>ἀναποδείκτως</span> <span class='ocrx_word' id='word_1_252' title='bbox 1323 2104 1731 2174; x_wconf 80' lang='grc' dir='ltr'>ἀποφαίνεσθαι,</span> 
     </span>
    </p>
   </div>
   <div class='ocr_carea' id='block_1_36' title="bbox 166 2185 1734 2265">
    <p class='ocr_par' dir='ltr' id='par_1_36' title="bbox 166 2185 1734 2265">
     <span class='ocr_line' id='line_1_36' title="bbox 166 2185 1734 2265; baseline 0.005 -26"><span class='ocrx_word' id='word_1_253' title='bbox 166 2186 310 2240; x_wconf 75' lang='grc' dir='ltr'>ἀλλὰ</span> <span class='ocrx_word' id='word_1_254' title='bbox 344 2190 436 2250; x_wconf 72' lang='grc' dir='ltr'>καὶ</span> <span class='ocrx_word' id='word_1_255' title='bbox 469 2185 723 2260; x_wconf 81' lang='grc' dir='ltr'>λοιδορεῖν</span> <span class='ocrx_word' id='word_1_256' title='bbox 753 2191 812 2244; x_wconf 82' lang='grc' dir='ltr'>ὃν</span> <span class='ocrx_word' id='word_1_257' title='bbox 842 2193 942 2244; x_wconf 81' lang='grc' dir='ltr'><strong>οὐκ</strong></span> <span class='ocrx_word' id='word_1_258' title='bbox 968 2192 1267 2245; x_wconf 88' lang='grc' dir='ltr'>ἐπίσταται.</span> <span class='ocrx_word' id='word_1_259' title='bbox 1297 2194 1360 2248; x_wconf 80' lang='lat' dir='ltr'><strong>Ei</strong></span> <span class='ocrx_word' id='word_1_260' title='bbox 1387 2194 1494 2264; x_wconf 75' lang='grc' dir='ltr'>γὰρ</span> <span class='ocrx_word' id='word_1_261' title='bbox 1518 2195 1587 2248; x_wconf 85' lang='grc' dir='ltr'><strong>τά</strong></span> <span class='ocrx_word' id='word_1_262' title='bbox 1619 2195 1734 2265; x_wconf 81' lang='grc' dir='ltr'>είδη</span> 
     </span>
    </p>
   </div>
   <div class='ocr_carea' id='block_1_37' title="bbox 164 2272 1733 2354">
    <p class='ocr_par' dir='ltr' id='par_1_37' title="bbox 164 2272 1733 2354">
     <span class='ocr_line' id='line_1_37' title="bbox 164 2272 1733 2354; baseline 0.006 -28"><span class='ocrx_word' id='word_1_263' title='bbox 164 2272 268 2344; x_wconf 84' lang='grc' dir='ltr'><strong>τοῦ</strong></span> <span class='ocrx_word' id='word_1_264' title='bbox 294 2277 715 2347; x_wconf 76' lang='grc' dir='ltr'>ἑπιρῤητοτάτου</span> <span class='ocrx_word' id='word_1_265' title='bbox 751 2279 865 2348; x_wconf 87' lang='grc' dir='ltr'>βίου</span> <span class='ocrx_word' id='word_1_266' title='bbox 897 2281 956 2336; x_wconf 79' lang='grc' dir='ltr'><strong>ἐν</strong></span> <span class='ocrx_word' id='word_1_267' title='bbox 984 2285 1102 2345; x_wconf 89' lang='grc' dir='ltr'>ταῖς</span> <span class='ocrx_word' id='word_1_268' title='bbox 1129 2281 1387 2354; x_wconf 86' lang='grc' dir='ltr'>πράξεσιν</span> <span class='ocrx_word' id='word_1_269' title='bbox 1417 2283 1579 2335; x_wconf 81' lang='grc' dir='ltr'>αὑτοῦ</span> <span class='ocrx_word' id='word_1_270' title='bbox 1610 2301 1733 2352; x_wconf 85' lang='grc' dir='ltr'>φαι-</span> 
     </span>
    </p>
   </div>
   <div class='ocr_carea' id='block_1_38' title="bbox 164 2362 1734 2442">
    <p class='ocr_par' dir='ltr' id='par_1_38' title="bbox 164 2362 1734 2442">
     <span class='ocr_line' id='line_1_38' title="bbox 164 2362 1734 2442; baseline 0.013 -29"><span class='ocrx_word' id='word_1_271' title='bbox 164 2362 374 2432; x_wconf 72' lang='grc' dir='ltr'>νόμενα</span> <span class='ocrx_word' id='word_1_272' title='bbox 397 2365 541 2436; x_wconf 82' lang='grc' dir='ltr'>αύτῷ</span> <span class='ocrx_word' id='word_1_273' title='bbox 576 2367 916 2439; x_wconf 79' lang='grc' dir='ltr'>ἐκτιθέμενος</span> <span class='ocrx_word' id='word_1_274' title='bbox 946 2363 1035 2440; x_wconf 80' lang='grc' dir='ltr'>ἦν,</span> <span class='ocrx_word' id='word_1_275' title='bbox 1062 2370 1162 2423; x_wconf 77' lang='grc' dir='ltr'><strong>κᾶν</strong></span> <span class='ocrx_word' id='word_1_276' title='bbox 1189 2371 1572 2442; x_wconf 74' lang='grc' dir='ltr'>ἠγωνισάμεθα</span> <span class='ocrx_word' id='word_1_277' title='bbox 1601 2372 1734 2442; x_wconf 81' lang='grc' dir='ltr'>πρὸς</span> 
     </span>
    </p>
   </div>
   <div class='ocr_carea' id='block_1_39' title="bbox 163 2451 1730 2533">
    <p class='ocr_par' dir='ltr' id='par_1_39' title="bbox 163 2451 1730 2533">
     <span class='ocr_line' id='line_1_39' title="bbox 163 2451 1730 2533; baseline 0.007 -29"><span class='ocrx_word' id='word_1_278' title='bbox 163 2451 401 2508; x_wconf 66' lang='grc' dir='ltr'>ἑκαστον</span> <span class='ocrx_word' id='word_1_279' title='bbox 456 2455 566 2508; x_wconf 85' lang='grc' dir='ltr'>τῶν</span> <span class='ocrx_word' id='word_1_280' title='bbox 621 2456 914 2512; x_wconf 85' lang='grc' dir='ltr'>δοκούντων</span> <span class='ocrx_word' id='word_1_281' title='bbox 976 2455 1113 2512; x_wconf 74' lang='grc' dir='ltr'>εἶναι</span> <span class='ocrx_word' id='word_1_282' title='bbox 1173 2459 1730 2533; x_wconf 76' lang='grc' dir='ltr'>αύτῷἐπιρρητοτά-</span> 
     </span>
    </p>
   </div>
   <div class='ocr_carea' id='block_1_40' title="bbox 161 2543 1734 2623">
    <p class='ocr_par' dir='ltr' id='par_1_40' title="bbox 161 2543 1734 2623">
     <span class='ocr_line' id='line_1_40' title="bbox 161 2543 1734 2623; baseline 0.008 -30"><span class='ocrx_word' id='word_1_283' title='bbox 161 2560 280 2596; x_wconf 88' lang='grc' dir='ltr'><strong>των</strong></span> <span class='ocrx_word' id='word_1_284' title='bbox 306 2544 434 2614; x_wconf 71' lang='grc'><strong>(49).</strong></span> <span class='ocrx_word' id='word_1_285' title='bbox 475 2546 546 2598; x_wconf 86' lang='grc' dir='ltr'><strong>Τὸ</strong></span> <span class='ocrx_word' id='word_1_286' title='bbox 588 2546 643 2598; x_wconf 87' lang='grc' dir='ltr'>δὲ</span> <span class='ocrx_word' id='word_1_287' title='bbox 672 2549 764 2600; x_wconf 77' lang='grc' dir='ltr'><strong>καὶ</strong></span> <span class='ocrx_word' id='word_1_288' title='bbox 796 2547 1008 2620; x_wconf 82' lang='grc' dir='ltr'>θανάτῳ</span> <span class='ocrx_word' id='word_1_289' title='bbox 1037 2543 1289 2623; x_wconf 78' lang='grc' dir='ltr'>οἰκτίστῳ</span> <span class='ocrx_word' id='word_1_290' title='bbox 1321 2551 1616 2623; x_wconf 84' lang='grc' dir='ltr'>κεχρῆσθαι</span> <span class='ocrx_word' id='word_1_291' title='bbox 1644 2552 1734 2604; x_wconf 86' lang='grc' dir='ltr'><strong>τὸν</strong></span> 
     </span>
    </p>
   </div>
   <div class='ocr_carea' id='block_1_41' title="bbox 175 2628 1734 2712">
    <p class='ocr_par' dir='ltr' id='par_1_41' title="bbox 175 2628 1734 2712">
     <span class='ocr_line' id='line_1_41' title="bbox 175 2628 1734 2712; baseline 0.006 -27"><span class='ocrx_word' id='word_1_292' title='bbox 175 2631 408 2703; x_wconf 81' lang='grc' dir='ltr'>Ἰησοῦν,</span> <span class='ocrx_word' id='word_1_293' title='bbox 454 2634 651 2689; x_wconf 87' lang='grc' dir='ltr'>δύναιτ’</span> <span class='ocrx_word' id='word_1_294' title='bbox 693 2636 758 2690; x_wconf 85' lang='grc' dir='ltr'>ἂν</span> <span class='ocrx_word' id='word_1_295' title='bbox 805 2637 1054 2705; x_wconf 82' lang='grc' dir='ltr'>λέγεσθαι</span> <span class='ocrx_word' id='word_1_296' title='bbox 1103 2641 1193 2692; x_wconf 78' lang='grc' dir='ltr'><strong>καὶ</strong></span> <span class='ocrx_word' id='word_1_297' title='bbox 1241 2628 1382 2712; x_wconf 14' lang='grc' dir='ltr'>περὶ.</span> <span class='ocrx_word' id='word_1_298' title='bbox 1417 2641 1734 2712; x_wconf 85' lang='grc' dir='ltr'>Σωκράτους</span> 
     </span>
    </p>
   </div>
   <div class='ocr_carea' id='block_1_42' title="bbox 141 2721 1731 2804">
    <p class='ocr_par' dir='ltr' id='par_1_42' title="bbox 141 2721 1731 2804">
     <span class='ocr_line' id='line_1_42' title="bbox 141 2721 1731 2804; baseline 0.005 -26"><span class='ocrx_word' id='word_1_299' title='bbox 141 2723 267 2778; x_wconf 80' lang='grc' dir='ltr'>-καὶ</span> <span class='ocrx_word' id='word_1_300' title='bbox 297 2726 421 2798; x_wconf 80' lang='grc' dir='ltr'>περὶ</span> <span class='ocrx_word' id='word_1_301' title='bbox 464 2727 808 2798; x_wconf 81' lang='grc' dir='ltr'>Ἀναξάρχου,</span> <span class='ocrx_word' id='word_1_302' title='bbox 844 2721 903 2780; x_wconf 81' lang='grc' dir='ltr'><strong>οὖ</strong></span> <span class='ocrx_word' id='word_1_303' title='bbox 949 2724 1052 2801; x_wconf 82' lang='grc' dir='ltr'><strong>πρὸ</strong></span> <span class='ocrx_word' id='word_1_304' title='bbox 1087 2730 1313 2802; x_wconf 79' lang='grc' dir='ltr'>βραχέος</span> <span class='ocrx_word' id='word_1_305' title='bbox 1340 2733 1731 2804; x_wconf 86' lang='grc' dir='ltr'>ἐμνημόνευσε,</span> 
     </span>
    </p>
   </div>
   <div class='ocr_carea' id='block_1_43' title="bbox 164 2815 1734 2894">
    <p class='ocr_par' dir='ltr' id='par_1_43' title="bbox 164 2815 1734 2894">
     <span class='ocr_line' id='line_1_43' title="bbox 164 2815 1734 2894; baseline 0.006 -26"><span class='ocrx_word' id='word_1_306' title='bbox 164 2815 266 2868; x_wconf 75' lang='grc' dir='ltr'><strong>καὶ</strong></span> <span class='ocrx_word' id='word_1_307' title='bbox 305 2817 434 2887; x_wconf 74' lang='grc' dir='ltr'>περὶ</span> <span class='ocrx_word' id='word_1_308' title='bbox 471 2817 642 2870; x_wconf 84' lang='grc' dir='ltr'>ἀλλων</span> <span class='ocrx_word' id='word_1_309' title='bbox 692 2820 916 2890; x_wconf 87' lang='grc' dir='ltr'>μυρίων.</span> <span class='ocrx_word' id='word_1_310' title='bbox 958 2820 1039 2873; x_wconf 87' lang='grc' dir='ltr'><strong>-Ἢ</strong></span> <span class='ocrx_word' id='word_1_311' title='bbox 1077 2820 1343 2886; x_wconf 79' lang='grc' dir='ltr'>οἴκτιστος</span> <span class='ocrx_word' id='word_1_312' title='bbox 1391 2825 1489 2894; x_wconf 88' lang='grc' dir='ltr'><strong>μέν</strong></span> <span class='ocrx_word' id='word_1_313' title='bbox 1529 2827 1672 2878; x_wconf 85' lang='grc' dir='ltr'>ἐστιν</span> <span class='ocrx_word' id='word_1_314' title='bbox 1705 2826 1734 2877; x_wconf 85' lang='grc' dir='ltr'><strong>ό</strong></span> 
     </span>
    </p>
   </div>
   <div class='ocr_carea' id='block_1_44' title="bbox 177 2901 1733 2981">
    <p class='ocr_par' dir='ltr' id='par_1_44' title="bbox 177 2901 1733 2981">
     <span class='ocr_line' id='line_1_44' title="bbox 177 2901 1733 2981; baseline 0.008 -27"><span class='ocrx_word' id='word_1_315' title='bbox 177 2901 354 2973; x_wconf 82' lang='grc' dir='ltr'>Ἰησοῦ</span> <span class='ocrx_word' id='word_1_316' title='bbox 393 2903 638 2968; x_wconf 84' lang='grc' dir='ltr'>θάνατος,</span> <span class='ocrx_word' id='word_1_317' title='bbox 675 2907 795 2975; x_wconf 82' lang='grc' dir='ltr'>οὐχὶ</span> <span class='ocrx_word' id='word_1_318' title='bbox 825 2906 881 2958; x_wconf 79' lang='grc' dir='ltr'>δὲ</span> <span class='ocrx_word' id='word_1_319' title='bbox 907 2903 999 2960; x_wconf 79' lang='grc' dir='ltr'><strong>καὶ</strong></span> <span class='ocrx_word' id='word_1_320' title='bbox 1028 2908 1057 2959; x_wconf 87' lang='grc' dir='ltr'>ὁ</span> <span class='ocrx_word' id='word_1_321' title='bbox 1100 2909 1354 2976; x_wconf 87' lang='grc' dir='ltr'>ὲκείνων;</span> <span class='ocrx_word' id='word_1_322' title='bbox 1394 2911 1427 2981; x_wconf 76' lang='grc' dir='ltr'>ἢ</span> <span class='ocrx_word' id='word_1_323' title='bbox 1455 2913 1484 2964; x_wconf 88' lang='grc' dir='ltr'><strong>ό</strong></span> <span class='ocrx_word' id='word_1_324' title='bbox 1513 2912 1733 2966; x_wconf 79' lang='grc' dir='ltr'>ἐκείνων</span> 
     </span>
    </p>
   </div>
   <div class='ocr_carea' id='block_1_45' title="bbox 165 2993 1734 3074">
    <p class='ocr_par' dir='ltr' id='par_1_45' title="bbox 165 2993 1734 3074">
     <span class='ocr_line' id='line_1_45' title="bbox 165 2993 1734 3074; baseline 0.007 -30"><span class='ocrx_word' id='word_1_325' title='bbox 165 2993 274 3063; x_wconf 84' lang='grc' dir='ltr'>μὲν</span> <span class='ocrx_word' id='word_1_326' title='bbox 303 2993 400 3046; x_wconf 81' lang='grc' dir='ltr'><strong>οὐκ</strong></span> <span class='ocrx_word' id='word_1_327' title='bbox 440 2994 726 3060; x_wconf 79' lang='grc' dir='ltr'>οἴκτιστος,</span> <span class='ocrx_word' id='word_1_328' title='bbox 766 2998 794 3049; x_wconf 86' lang='grc' dir='ltr'>ὁ</span> <span class='ocrx_word' id='word_1_329' title='bbox 827 2996 883 3050; x_wconf 82' lang='grc' dir='ltr'>δὲ</span> <span class='ocrx_word' id='word_1_330' title='bbox 922 2997 1015 3050; x_wconf 90' lang='grc' dir='ltr'><strong>τοῦ</strong></span> <span class='ocrx_word' id='word_1_331' title='bbox 1060 2995 1230 3069; x_wconf 86' lang='grc' dir='ltr'>Ἰησοῦ</span> <span class='ocrx_word' id='word_1_332' title='bbox 1257 2999 1562 3067; x_wconf 42' lang='grc' dir='ltr'>,οἵκτιστος;</span> <span class='ocrx_word' id='word_1_333' title='bbox 1603 3004 1734 3074; x_wconf 70' lang='grc' dir='ltr'>ὁρᾷς</span> 
     </span>
    </p>
   </div>
   <div class='ocr_carea' id='block_1_46' title="bbox 161 3079 1731 3160">
    <p class='ocr_par' dir='ltr' id='par_1_46' title="bbox 161 3079 1731 3160">
     <span class='ocr_line' id='line_1_46' title="bbox 161 3079 1731 3160; baseline 0.004 -22"><span class='ocrx_word' id='word_1_334' title='bbox 161 3079 262 3138; x_wconf 83' lang='grc' dir='ltr'><strong>οὖν</strong></span> <span class='ocrx_word' id='word_1_335' title='bbox 295 3086 387 3139; x_wconf 78' lang='grc' dir='ltr'><strong>καὶ</strong></span> <span class='ocrx_word' id='word_1_336' title='bbox 413 3085 660 3153; x_wconf 87' lang='grc' dir='ltr'>ἐνταῦθα,</span> <span class='ocrx_word' id='word_1_337' title='bbox 690 3089 770 3141; x_wconf 82' lang='grc' dir='ltr'><strong>ὅτι</strong></span> <span class='ocrx_word' id='word_1_338' title='bbox 799 3088 994 3152; x_wconf 86' lang='grc' dir='ltr'>σκοπὸς</span> <span class='ocrx_word' id='word_1_339' title='bbox 1019 3085 1086 3160; x_wconf 78' lang='grc' dir='ltr'>ἦν</span> <span class='ocrx_word' id='word_1_340' title='bbox 1116 3087 1193 3159; x_wconf 84' lang='grc' dir='ltr'>τῷ</span> <span class='ocrx_word' id='word_1_341' title='bbox 1225 3089 1415 3160; x_wconf 81' lang='grc' dir='ltr'>Κέλσῳ</span> <span class='ocrx_word' id='word_1_342' title='bbox 1446 3090 1507 3143; x_wconf 81' lang='grc' dir='ltr'>τὸ</span> <span class='ocrx_word' id='word_1_343' title='bbox 1536 3091 1731 3145; x_wconf 90' lang='grc' dir='ltr'>διαλοι-</span> 
     </span>
    </p>
   </div>
   <div class='ocr_carea' id='block_1_47' title="bbox 160 3175 1732 3250">
    <p class='ocr_par' dir='ltr' id='par_1_47' title="bbox 160 3175 1732 3250">
     <span class='ocr_line' id='line_1_47' title="bbox 160 3175 1732 3250; baseline 0.005 -24"><span class='ocrx_word' id='word_1_344' title='bbox 160 3175 439 3245; x_wconf 85' lang='grc' dir='ltr'>δορεῖσθαι</span> <span class='ocrx_word' id='word_1_345' title='bbox 479 3177 611 3246; x_wconf 81' lang='grc' dir='ltr'>πρὸς</span> <span class='ocrx_word' id='word_1_346' title='bbox 647 3177 736 3229; x_wconf 82' lang='grc' dir='ltr'><strong>τὸν</strong></span> <span class='ocrx_word' id='word_1_347' title='bbox 782 3176 1007 3249; x_wconf 85' lang='grc' dir='ltr'>Ἰησοῦν,</span> <span class='ocrx_word' id='word_1_348' title='bbox 1049 3178 1369 3249; x_wconf 81' lang='grc' dir='ltr'>κινουμένῳ,</span> <span class='ocrx_word' id='word_1_349' title='bbox 1409 3175 1579 3250; x_wconf 81' lang='grc' dir='ltr'>οἶμαι,</span> <span class='ocrx_word' id='word_1_350' title='bbox 1627 3181 1732 3234; x_wconf 87' lang='grc' dir='ltr'><strong>ὑπό</strong></span> 
     </span>
    </p>
   </div>
   <div class='ocr_carea' id='block_1_48' title="bbox 1835 1997 3391 2068">
    <p class='ocr_par' dir='ltr' id='par_1_48' title="bbox 1835 1997 3391 2068">
     <span class='ocr_line' id='line_1_48' title="bbox 1835 1997 3391 2068; baseline -0.004 -10"><span class='ocrx_word' id='word_1_351' title='bbox 1835 2005 2181 2068; x_wconf 89' lang='lat' dir='ltr'><strong>immoretur;</strong></span> <span class='ocrx_word' id='word_1_352' title='bbox 2219 2003 2290 2056; x_wconf 88' lang='lat' dir='ltr'><strong>ita</strong></span> <span class='ocrx_word' id='word_1_353' title='bbox 2325 2010 2381 2055; x_wconf 89' lang='lat' dir='ltr'><strong>ut</strong></span> <span class='ocrx_word' id='word_1_354' title='bbox 2418 2001 2520 2054; x_wconf 90' lang='lat' dir='ltr'><strong>boc</strong></span> <span class='ocrx_word' id='word_1_355' title='bbox 2559 2000 2745 2054; x_wconf 90' lang='lat' dir='ltr'><strong>dicens</strong></span> <span class='ocrx_word' id='word_1_356' title='bbox 2791 2015 2894 2053; x_wconf 89' lang='lat' dir='ltr'><strong>non</strong></span> <span class='ocrx_word' id='word_1_357' title='bbox 2931 2000 3100 2054; x_wconf 91' lang='lat' dir='ltr'><strong>solum</strong></span> <span class='ocrx_word' id='word_1_358' title='bbox 3126 1997 3391 2053; x_wconf 78' lang='lat' dir='ltr'><strong>afﬁrmare</strong></span> 
     </span>
    </p>
   </div>
   <div class='ocr_carea' id='block_1_49' title="bbox 1835 2089 3392 2162">
    <p class='ocr_par' dir='ltr' id='par_1_49' title="bbox 1835 2089 3392 2162">
     <span class='ocr_line' id='line_1_49' title="bbox 1835 2089 3392 2162; baseline -0.002 -15"><span class='ocrx_word' id='word_1_359' title='bbox 1835 2093 1984 2149; x_wconf 79' lang='lat' dir='ltr'><strong>nulla</strong></span> <span class='ocrx_word' id='word_1_360' title='bbox 2017 2093 2247 2162; x_wconf 84' lang='lat' dir='ltr'><strong>ratione,</strong></span> <span class='ocrx_word' id='word_1_361' title='bbox 2275 2093 2370 2147; x_wconf 88' lang='lat' dir='ltr'><strong>sed</strong></span> <span class='ocrx_word' id='word_1_362' title='bbox 2408 2092 2568 2147; x_wconf 86' lang='lat' dir='ltr'><strong>etiam</strong></span> <span class='ocrx_word' id='word_1_363' title='bbox 2597 2091 2649 2152; x_wconf 90' lang='lat' dir='ltr'><strong>in</strong></span> <span class='ocrx_word' id='word_1_364' title='bbox 2681 2091 2917 2160; x_wconf 77' lang='lat' dir='ltr'><strong>ignotum</strong></span> <span class='ocrx_word' id='word_1_365' title='bbox 2946 2089 3186 2159; x_wconf 85' lang='lat' dir='ltr'><strong>convicia</strong></span> <span class='ocrx_word' id='word_1_366' title='bbox 3209 2089 3392 2158; x_wconf 84' lang='lat' dir='ltr'><strong>jacere</strong></span> 
     </span>
    </p>
   </div>
   <div class='ocr_carea' id='block_1_50' title="bbox 1833 2162 3391 2250">
    <p class='ocr_par' dir='ltr' id='par_1_50' title="bbox 1833 2162 3391 2250">
     <span class='ocr_line' id='line_1_50' title="bbox 1833 2162 3391 2250; baseline -0.003 -12"><span class='ocrx_word' id='word_1_367' title='bbox 1833 2162 2095 2239; x_wconf 87' lang='lat' dir='ltr'><strong>videatur.</strong></span> <span class='ocrx_word' id='word_1_368' title='bbox 2140 2183 2291 2248; x_wconf 86' lang='lat' dir='ltr'><strong>Quod</strong></span> <span class='ocrx_word' id='word_1_369' title='bbox 2336 2183 2378 2234; x_wconf 91' lang='lat' dir='ltr'><strong>si</strong></span> <span class='ocrx_word' id='word_1_370' title='bbox 2423 2195 2559 2250; x_wconf 88' lang='lat' dir='ltr'><strong>quas</strong></span> <span class='ocrx_word' id='word_1_371' title='bbox 2609 2179 2845 2232; x_wconf 69' lang='lat' dir='ltr'><strong>infamia:</strong></span> <span class='ocrx_word' id='word_1_372' title='bbox 2876 2179 3084 2247; x_wconf 89' lang='lat' dir='ltr'><strong>species</strong></span> <span class='ocrx_word' id='word_1_373' title='bbox 3130 2178 3182 2230; x_wconf 88' lang='lat' dir='ltr'><strong>in</strong></span> <span class='ocrx_word' id='word_1_374' title='bbox 3236 2177 3391 2233; x_wconf 86' lang='lat' dir='ltr'><strong>factis</strong></span> 
     </span>
    </p>
   </div>
   <div class='ocr_carea' id='block_1_51' title="bbox 1831 2267 3386 2338">
    <p class='ocr_par' dir='ltr' id='par_1_51' title="bbox 1831 2267 3386 2338">
     <span class='ocr_line' id='line_1_51' title="bbox 1831 2267 3386 2338; baseline -0.005 -10"><span class='ocrx_word' id='word_1_375' title='bbox 1831 2273 1958 2329; x_wconf 83' lang='lat' dir='ltr'><strong>Josu</strong></span> <span class='ocrx_word' id='word_1_376' title='bbox 1989 2271 2388 2334; x_wconf 79' lang='lat' dir='ltr'><strong>animadvertit,</strong></span> <span class='ocrx_word' id='word_1_377' title='bbox 2426 2269 2781 2338; x_wconf 80' lang='lat' dir='ltr'><strong>declarasset,</strong></span> <span class='ocrx_word' id='word_1_378' title='bbox 2815 2269 2882 2322; x_wconf 92' lang='lat' dir='ltr'><strong>ad</strong></span> <span class='ocrx_word' id='word_1_379' title='bbox 2915 2267 3122 2338; x_wconf 76' lang='lat' dir='ltr'><strong>singula</strong></span> <span class='ocrx_word' id='word_1_380' title='bbox 3167 2280 3386 2333; x_wconf 85' lang='lat' dir='ltr'><strong>eorum,</strong></span> 
     </span>
    </p>
   </div>
   <div class='ocr_carea' id='block_1_52' title="bbox 1835 2359 3387 2434">
    <p class='ocr_par' dir='ltr' id='par_1_52' title="bbox 1835 2359 3387 2434">
     <span class='ocr_line' id='line_1_52' title="bbox 1835 2359 3387 2434; baseline -0.003 -16"><span class='ocrx_word' id='word_1_381' title='bbox 1835 2377 1966 2433; x_wconf 53' lang='lat' dir='ltr'><strong>qua!</strong></span> <span class='ocrx_word' id='word_1_382' title='bbox 1991 2364 2092 2434; x_wconf 91' lang='lat' dir='ltr'><strong>ipsi</strong></span> <span class='ocrx_word' id='word_1_383' title='bbox 2123 2365 2238 2418; x_wconf 91' lang='lat' dir='ltr'><strong>visa</strong></span> <span class='ocrx_word' id='word_1_384' title='bbox 2292 2359 2791 2426; x_wconf 30' lang='lat' dir='ltr'><strong>fuerant’infamia,</strong></span> <span class='ocrx_word' id='word_1_385' title='bbox 2843 2361 3167 2430; x_wconf 88' lang='lat' dir='ltr'><strong>respondere</strong></span> <span class='ocrx_word' id='word_1_386' title='bbox 3209 2359 3387 2414; x_wconf 84' lang='lat' dir='ltr'><strong>conati</strong></span> 
     </span>
    </p>
   </div>
   <div class='ocr_carea' id='block_1_53' title="bbox 1832 2448 3386 2509">
    <p class='ocr_par' dir='ltr' id='par_1_53' title="bbox 1832 2448 3386 2509">
     <span class='ocr_line' id='line_1_53' title="bbox 1832 2448 3386 2509; baseline -0.003 -1"><span class='ocrx_word' id='word_1_387' title='bbox 1832 2453 2143 2509; x_wconf 87' lang='lat' dir='ltr'><strong>fuissemus.</strong></span> <span class='ocrx_word' id='word_1_388' title='bbox 2181 2452 2298 2508; x_wconf 85' lang='lat' dir='ltr'><strong>Jam</strong></span> <span class='ocrx_word' id='word_1_389' title='bbox 2340 2467 2471 2506; x_wconf 81' lang='lat' dir='ltr'><strong>vero</strong></span> <span class='ocrx_word' id='word_1_390' title='bbox 2505 2453 2830 2506; x_wconf 77' lang='lat' dir='ltr'><strong>exstinctqu</strong></span> <span class='ocrx_word' id='word_1_391' title='bbox 2867 2451 3031 2506; x_wconf 86' lang='lat' dir='ltr'><strong>fuisse</strong></span> <span class='ocrx_word' id='word_1_392' title='bbox 3057 2448 3237 2506; x_wconf 72' lang='lat' dir='ltr'><strong>Jes&#39;um</strong></span> <span class='ocrx_word' id='word_1_393' title='bbox 3284 2451 3386 2505; x_wconf 89' lang='lat' dir='ltr'><strong>mi-</strong></span> 
     </span>
    </p>
   </div>
   <div class='ocr_carea' id='block_1_54' title="bbox 1832 2541 3386 2609">
    <p class='ocr_par' dir='ltr' id='par_1_54' title="bbox 1832 2541 3386 2609">
     <span class='ocr_line' id='line_1_54' title="bbox 1832 2541 3386 2609; baseline -0.003 -11"><span class='ocrx_word' id='word_1_394' title='bbox 1832 2543 2050 2598; x_wconf 85' lang='lat' dir='ltr'><strong>serabili</strong></span> <span class='ocrx_word' id='word_1_395' title='bbox 2105 2555 2295 2606; x_wconf 89' lang='lat' dir='ltr'><strong>morte,</strong></span> <span class='ocrx_word' id='word_1_396' title='bbox 2350 2542 2401 2594; x_wconf 90' lang='lat' dir='ltr'><strong>id</strong></span> <span class='ocrx_word' id='word_1_397' title='bbox 2440 2541 2598 2609; x_wconf 81' lang='lat' dir='ltr'><strong>objici</strong></span> <span class='ocrx_word' id='word_1_398' title='bbox 2649 2549 2823 2609; x_wconf 83' lang='lat' dir='ltr'><strong>potest</strong></span> <span class='ocrx_word' id='word_1_399' title='bbox 2875 2549 3060 2594; x_wconf 87' lang='lat' dir='ltr'><strong>contra</strong></span> <span class='ocrx_word' id='word_1_400' title='bbox 3112 2541 3386 2605; x_wconf 84' lang='lat' dir='ltr'><strong>Socratem</strong></span> 
     </span>
    </p>
   </div>
   <div class='ocr_carea' id='block_1_55' title="bbox 1833 2617 3389 2701">
    <p class='ocr_par' dir='ltr' id='par_1_55' title="bbox 1833 2617 3389 2701">
     <span class='ocr_line' id='line_1_55' title="bbox 1833 2617 3389 2701; baseline -0.001 -13"><span class='ocrx_word' id='word_1_401' title='bbox 1833 2644 1888 2688; x_wconf 92' lang='lat' dir='ltr'><strong>et</strong></span> <span class='ocrx_word' id='word_1_402' title='bbox 1917 2634 2318 2698; x_wconf 77' lang='lat' dir='ltr'><strong>Anaxarchum,</strong></span> <span class='ocrx_word' id='word_1_403' title='bbox 2336 2633 2487 2701; x_wconf 86' lang='lat' dir='ltr'><strong>cujus</strong></span> <span class='ocrx_word' id='word_1_404' title='bbox 2511 2630 2667 2700; x_wconf 91' lang='lat' dir='ltr'><strong>paulo</strong></span> <span class='ocrx_word' id='word_1_405' title='bbox 2693 2639 2819 2685; x_wconf 79' lang='lat' dir='ltr'><strong>ante</strong></span> <span class='ocrx_word' id='word_1_406' title='bbox 2846 2631 3106 2695; x_wconf 89' lang='lat' dir='ltr'><strong>meminit,</strong></span> <span class='ocrx_word' id='word_1_407' title='bbox 3126 2638 3180 2684; x_wconf 91' lang='lat' dir='ltr'><strong>et</strong></span> <span class='ocrx_word' id='word_1_408' title='bbox 3200 2617 3389 2686; x_wconf 63' lang='lat' dir='ltr'><strong>contra</strong></span> 
     </span>
    </p>
   </div>
   <div class='ocr_carea' id='block_1_56' title="bbox 1832 2718 3380 2787">
    <p class='ocr_par' dir='ltr' id='par_1_56' title="bbox 1832 2718 3380 2787">
     <span class='ocr_line' id='line_1_56' title="bbox 1832 2718 3380 2787; baseline -0.001 -8"><span class='ocrx_word' id='word_1_409' title='bbox 1832 2733 2114 2787; x_wconf 81' lang='lat' dir='ltr'><strong>sexcentos</strong></span> <span class='ocrx_word' id='word_1_410' title='bbox 2141 2723 2293 2779; x_wconf 87' lang='lat' dir='ltr'><strong>alios.</strong></span> <span class='ocrx_word' id='word_1_411' title='bbox 2320 2725 2400 2776; x_wconf 84' lang='lat' dir='ltr'><strong>An</strong></span> <span class='ocrx_word' id='word_1_412' title='bbox 2435 2721 2560 2777; x_wconf 83' lang='lat' dir='ltr'><strong>Jesu</strong></span> <span class='ocrx_word' id='word_1_413' title='bbox 2593 2718 2738 2776; x_wconf 87' lang='lat' dir='ltr'><strong>mors</strong></span> <span class='ocrx_word' id='word_1_414' title='bbox 2773 2730 2857 2776; x_wconf 83' lang='lat' dir='ltr'><strong>est</strong></span> <span class='ocrx_word' id='word_1_415' title='bbox 2899 2718 3241 2786; x_wconf 79' lang='lat' dir='ltr'><strong>miserabilis,</strong></span> <span class='ocrx_word' id='word_1_416' title='bbox 3276 2737 3380 2778; x_wconf 91' lang='lat' dir='ltr'><strong>nou</strong></span> 
     </span>
    </p>
   </div>
   <div class='ocr_carea' id='block_1_57' title="bbox 1830 2815 3383 2882">
    <p class='ocr_par' dir='ltr' id='par_1_57' title="bbox 1830 2815 3383 2882">
     <span class='ocr_line' id='line_1_57' title="bbox 1830 2815 3383 2882; baseline -0.001 -12"><span class='ocrx_word' id='word_1_417' title='bbox 1830 2828 2008 2871; x_wconf 89' lang='lat' dir='ltr'><strong>autem</strong></span> <span class='ocrx_word' id='word_1_418' title='bbox 2053 2817 2294 2870; x_wconf 83' lang='lat' dir='ltr'><strong>illorum?</strong></span> <span class='ocrx_word' id='word_1_419' title='bbox 2329 2825 2421 2870; x_wconf 81' lang='lat' dir='ltr'><strong>aut</strong></span> <span class='ocrx_word' id='word_1_420' title='bbox 2458 2816 2668 2869; x_wconf 86' lang='lat' dir='ltr'><strong>illorum</strong></span> <span class='ocrx_word' id='word_1_421' title='bbox 2717 2831 2821 2868; x_wconf 86' lang='lat' dir='ltr'><strong>non</strong></span> <span class='ocrx_word' id='word_1_422' title='bbox 2870 2815 3197 2870; x_wconf 84' lang='lat' dir='ltr'><strong>miserabilis</strong></span> <span class='ocrx_word' id='word_1_423' title='bbox 3239 2815 3383 2882; x_wconf 89' lang='lat' dir='ltr'><strong>fuit,</strong></span> 
     </span>
    </p>
   </div>
   <div class='ocr_carea' id='block_1_58' title="bbox 1829 2905 3390 2975">
    <p class='ocr_par' dir='ltr' id='par_1_58' title="bbox 1829 2905 3390 2975">
     <span class='ocr_line' id='line_1_58' title="bbox 1829 2905 3390 2975; baseline -0.003 -10"><span class='ocrx_word' id='word_1_424' title='bbox 1829 2907 1956 2965; x_wconf 82' lang='lat' dir='ltr'><strong>Jesu</strong></span> <span class='ocrx_word' id='word_1_425' title='bbox 2007 2914 2185 2960; x_wconf 86' lang='lat' dir='ltr'><strong>autem</strong></span> <span class='ocrx_word' id='word_1_426' title='bbox 2237 2905 2372 2960; x_wconf 83' lang='lat' dir='ltr'><strong>fuit?</strong></span> <span class='ocrx_word' id='word_1_427' title='bbox 2412 2908 2590 2975; x_wconf 80' lang='lat' dir='ltr'><strong>Atque</strong></span> <span class='ocrx_word' id='word_1_428' title='bbox 2637 2906 2762 2959; x_wconf 81' lang='lat' dir='ltr'><strong>hinc</strong></span> <span class='ocrx_word' id='word_1_429' title='bbox 2807 2907 2971 2959; x_wconf 80' lang='lat' dir='ltr'><strong>etiam</strong></span> <span class='ocrx_word' id='word_1_430' title='bbox 3022 2906 3176 2960; x_wconf 86' lang='lat' dir='ltr'><strong>vides</strong></span> <span class='ocrx_word' id='word_1_431' title='bbox 3230 2905 3390 2962; x_wconf 80' lang='lat' dir='ltr'><strong>Celso</strong></span> 
     </span>
    </p>
   </div>
   <div class='ocr_carea' id='block_1_59' title="bbox 1830 2995 3384 3066">
    <p class='ocr_par' dir='ltr' id='par_1_59' title="bbox 1830 2995 3384 3066">
     <span class='ocr_line' id='line_1_59' title="bbox 1830 2995 3384 3066; baseline -0.001 -14"><span class='ocrx_word' id='word_1_432' title='bbox 1830 2999 2165 3066; x_wconf 81' lang='lat' dir='ltr'><strong>prapositum</strong></span> <span class='ocrx_word' id='word_1_433' title='bbox 2195 2997 2358 3052; x_wconf 88' lang='lat' dir='ltr'><strong>fuisse</strong></span> <span class='ocrx_word' id='word_1_434' title='bbox 2384 2998 2645 3052; x_wconf 87' lang='lat' dir='ltr'><strong>conviciis</strong></span> <span class='ocrx_word' id='word_1_435' title='bbox 2670 3012 2897 3051; x_wconf 88' lang='lat' dir='ltr'><strong>onerare</strong></span> <span class='ocrx_word' id='word_1_436' title='bbox 2927 2995 3128 3051; x_wconf 81' lang='lat' dir='ltr'><strong>Jesum.</strong></span> <span class='ocrx_word' id='word_1_437' title='bbox 3160 2995 3384 3066; x_wconf 87' lang='lat' dir='ltr'><strong>Opinor,</strong></span> 
     </span>
    </p>
   </div>
   <div class='ocr_carea' id='block_1_60' title="bbox 1788 3076 3385 3156">
    <p class='ocr_par' dir='ltr' id='par_1_60' title="bbox 1788 3076 3385 3156">
     <span class='ocr_line' id='line_1_60' title="bbox 1788 3076 3385 3156; baseline -0.002 -12"><span class='ocrx_word' id='word_1_438' title='bbox 1788 3101 1809 3144; x_wconf 80' lang='lat'><strong>&#39;.</strong></span> <span class='ocrx_word' id='word_1_439' title='bbox 1833 3076 2079 3142; x_wconf 76' lang='lat' dir='ltr'><strong>movebat</strong></span> <span class='ocrx_word' id='word_1_440' title='bbox 2116 3087 2265 3140; x_wconf 93' lang='lat' dir='ltr'><strong>illum</strong></span> <span class='ocrx_word' id='word_1_441' title='bbox 2294 3087 2518 3156; x_wconf 87' lang='lat' dir='ltr'><strong>spiritus</strong></span> <span class='ocrx_word' id='word_1_442' title='bbox 2551 3087 2750 3154; x_wconf 85' lang='lat' dir='ltr'><strong>aliquis</strong></span> <span class='ocrx_word' id='word_1_443' title='bbox 2780 3088 2856 3140; x_wconf 86' lang='lat' dir='ltr'><strong>ita</strong></span> <span class='ocrx_word' id='word_1_444' title='bbox 2883 3086 3177 3142; x_wconf 86' lang='lat' dir='ltr'><strong>debellatus</strong></span> <span class='ocrx_word' id='word_1_445' title='bbox 3202 3102 3232 3154; x_wconf 64' lang='grc' dir='ltr'>ξι</span> <span class='ocrx_word' id='word_1_446' title='bbox 3258 3086 3385 3142; x_wconf 81' lang='lat' dir='ltr'><strong>Jesu</strong></span> 
     </span>
    </p>
   </div>
   <div class='ocr_carea' id='block_1_61' title="bbox 1834 3176 3386 3247">
    <p class='ocr_par' dir='ltr' id='par_1_61' title="bbox 1834 3176 3386 3247">
     <span class='ocr_line' id='line_1_61' title="bbox 1834 3176 3386 3247; baseline 0.003 -18"><span class='ocrx_word' id='word_1_447' title='bbox 1834 3185 1995 3246; x_wconf 83' lang='lat' dir='ltr'><strong>atque</strong></span> <span class='ocrx_word' id='word_1_448' title='bbox 2024 3177 2353 3247; x_wconf 80' lang='lat' dir='ltr'><strong>profligatus,</strong></span> <span class='ocrx_word' id='word_1_449' title='bbox 2393 3187 2451 3230; x_wconf 94' lang='lat' dir='ltr'><strong>ut</strong></span> <span class='ocrx_word' id='word_1_450' title='bbox 2483 3193 2585 3232; x_wconf 93' lang='lat' dir='ltr'><strong>non</strong></span> <span class='ocrx_word' id='word_1_451' title='bbox 2626 3178 2820 3231; x_wconf 87' lang='lat' dir='ltr'><strong>habeat</strong></span> <span class='ocrx_word' id='word_1_452' title='bbox 2864 3176 3094 3245; x_wconf 82' lang='lat' dir='ltr'><strong>amplius</strong></span> <span class='ocrx_word' id='word_1_453' title='bbox 3138 3177 3386 3232; x_wconf 88' lang='lat' dir='ltr'><strong>nidorem</strong></span> 
     </span>
    </p>
   </div>
   <div class='ocr_carea' id='block_1_62' title="bbox 161 3244 1732 3342">
    <p class='ocr_par' dir='ltr' id='par_1_62' title="bbox 161 3267 1732 3342">
     <span class='ocr_line' id='line_1_62' title="bbox 161 3267 1732 3342; baseline 0.003 -23"><span class='ocrx_word' id='word_1_454' title='bbox 161 3283 314 3329; x_wconf 87' lang='grc' dir='ltr'>τινος</span> <span class='ocrx_word' id='word_1_455' title='bbox 355 3267 687 3338; x_wconf 87' lang='grc' dir='ltr'>πνεύματος,</span> <span class='ocrx_word' id='word_1_456' title='bbox 739 3269 1124 3333; x_wconf 84' lang='grc' dir='ltr'>καταλυθέντος</span> <span class='ocrx_word' id='word_1_457' title='bbox 1165 3270 1268 3322; x_wconf 79' lang='grc' dir='ltr'><strong>ὑπὸ</strong></span> <span class='ocrx_word' id='word_1_458' title='bbox 1305 3269 1397 3322; x_wconf 88' lang='grc' dir='ltr'><strong>τοῦ</strong></span> <span class='ocrx_word' id='word_1_459' title='bbox 1439 3270 1610 3342; x_wconf 83' lang='grc' dir='ltr'>Ἰησοῦ</span> <span class='ocrx_word' id='word_1_460' title='bbox 1644 3272 1732 3325; x_wconf 76' lang='grc' dir='ltr'><strong>καὶ</strong></span> 
     </span>
    </p>
   </div>
   <div class='ocr_carea' id='block_1_63' title="bbox 1830 3244 3384 3342">
    <p class='ocr_par' dir='ltr' id='par_1_63' title="bbox 1835 3244 3384 3338">
     <span class='ocr_line' id='line_1_63' title="bbox 1835 3244 3384 3338; baseline 0.003 -20"><span class='ocrx_word' id='word_1_461' title='bbox 1835 3244 2283 3338; x_wconf 22' lang='lat' dir='ltr'><strong>etvsauguine—m,</strong></span> <span class='ocrx_word' id='word_1_462' title='bbox 2327 3263 2523 3338; x_wconf 83' lang='lat' dir='ltr'><strong>quibus</strong></span> <span class='ocrx_word' id='word_1_463' title='bbox 2563 3278 2723 3322; x_wconf 84' lang='lat' dir='ltr'><strong>antea</strong></span> <span class='ocrx_word' id='word_1_464' title='bbox 2769 3244 3000 3322; x_wconf 85' lang='lat' dir='ltr'><strong>nutritus</strong></span> <span class='ocrx_word' id='word_1_465' title='bbox 3042 3255 3114 3322; x_wconf 82' lang='lat' dir='ltr'><strong>in</strong></span> <span class='ocrx_word' id='word_1_466' title='bbox 3141 3266 3384 3324; x_wconf 87' lang='lat' dir='ltr'><strong>fraudem</strong></span> 
     </span>
    </p>
   </div>
   <div class='ocr_carea' id='block_1_64' title="bbox 163 3356 1731 3434">
    <p class='ocr_par' dir='ltr' id='par_1_64' title="bbox 163 3356 1731 3434">
     <span class='ocr_line' id='line_1_64' title="bbox 163 3356 1731 3434; baseline 0.006 -27"><span class='ocrx_word' id='word_1_467' title='bbox 163 3356 601 3427; x_wconf 83' lang='grc' dir='ltr'>καθαιρεθέντος,</span> <span class='ocrx_word' id='word_1_468' title='bbox 643 3359 729 3412; x_wconf 82' lang='grc' dir='ltr'><strong>ἵνα</strong></span> <span class='ocrx_word' id='word_1_469' title='bbox 758 3361 949 3430; x_wconf 84' lang='grc' dir='ltr'>μηκέτι</span> <span class='ocrx_word' id='word_1_470' title='bbox 980 3361 1079 3433; x_wconf 76' lang='grc' dir='ltr'><strong>ἔχῃ</strong></span> <span class='ocrx_word' id='word_1_471' title='bbox 1116 3361 1336 3424; x_wconf 88' lang='grc' dir='ltr'>κνίσσας</span> <span class='ocrx_word' id='word_1_472' title='bbox 1372 3359 1470 3414; x_wconf 59' lang='grc' dir='ltr'>’καὶ</span> <span class='ocrx_word' id='word_1_473' title='bbox 1510 3364 1731 3434; x_wconf 81' lang='grc' dir='ltr'>αἵματα,</span> 
     </span>
    </p>
   </div>
   <div class='ocr_carea' id='block_1_65' title="bbox 162 3439 1732 3524">
    <p class='ocr_par' dir='ltr' id='par_1_65' title="bbox 162 3439 1732 3524">
     <span class='ocr_line' id='line_1_65' title="bbox 162 3439 1732 3524; baseline 0.007 -27"><span class='ocrx_word' id='word_1_474' title='bbox 162 3439 252 3508; x_wconf 75' lang='grc' dir='ltr'>οἷς</span> <span class='ocrx_word' id='word_1_475' title='bbox 271 3447 598 3520; x_wconf 85' lang='grc' dir='ltr'>τρεφόμενον</span> <span class='ocrx_word' id='word_1_476' title='bbox 634 3450 817 3517; x_wconf 75' lang='grc' dir='ltr'>ἠπάτα</span> <span class='ocrx_word' id='word_1_477' title='bbox 841 3451 963 3512; x_wconf 82' lang='grc' dir='ltr'>τοὺς</span> <span class='ocrx_word' id='word_1_478' title='bbox 987 3451 1044 3502; x_wconf 85' lang='grc' dir='ltr'>ὲν</span> <span class='ocrx_word' id='word_1_479' title='bbox 1066 3453 1173 3514; x_wconf 72' lang='grc' dir='ltr'>τοῖς</span> <span class='ocrx_word' id='word_1_480' title='bbox 1206 3451 1298 3504; x_wconf 71' lang='grc' dir='ltr'>ἐπὶ</span> <span class='ocrx_word' id='word_1_481' title='bbox 1324 3453 1425 3522; x_wconf 85' lang='grc' dir='ltr'>γῆς</span> <span class='ocrx_word' id='word_1_482' title='bbox 1459 3453 1732 3524; x_wconf 82' lang='grc' dir='ltr'>ἀγάλμασι</span> 
     </span>
    </p>
   </div>
   <div class='ocr_carea' id='block_1_66' title="bbox 163 3537 1735 3617">
    <p class='ocr_par' dir='ltr' id='par_1_66' title="bbox 163 3537 1735 3617">
     <span class='ocr_line' id='line_1_66' title="bbox 163 3537 1735 3617; baseline 0.007 -30"><span class='ocrx_word' id='word_1_483' title='bbox 163 3537 462 3606; x_wconf 78' lang='grc' dir='ltr'>ζητοῦντας</span> <span class='ocrx_word' id='word_1_484' title='bbox 500 3537 640 3601; x_wconf 81' lang='grc' dir='ltr'>θεὸν,</span> <span class='ocrx_word' id='word_1_485' title='bbox 686 3541 777 3591; x_wconf 77' lang='grc' dir='ltr'><strong>καὶ</strong></span> <span class='ocrx_word' id='word_1_486' title='bbox 821 3540 894 3610; x_wconf 85' lang='grc' dir='ltr'>μὴ</span> <span class='ocrx_word' id='word_1_487' title='bbox 936 3541 1336 3605; x_wconf 76' lang='grc' dir='ltr'>ἀναϐλέποντας</span> <span class='ocrx_word' id='word_1_488' title='bbox 1381 3544 1459 3607; x_wconf 80' lang='grc' dir='ltr'><strong>είς</strong></span> <span class='ocrx_word' id='word_1_489' title='bbox 1505 3545 1595 3617; x_wconf 76' lang='grc' dir='ltr'>τρν</span> <span class='ocrx_word' id='word_1_490' title='bbox 1643 3547 1735 3598; x_wconf 73' lang='grc' dir='ltr'><strong>ἐπὶ</strong></span> 
     </span>
    </p>
   </div>
   <div class='ocr_carea' id='block_1_67' title="bbox 171 3628 766 3697">
    <p class='ocr_par' dir='ltr' id='par_1_67' title="bbox 171 3628 766 3697">
     <span class='ocr_line' id='line_1_67' title="bbox 171 3628 766 3697; baseline 0.005 -17"><span class='ocrx_word' id='word_1_491' title='bbox 171 3630 342 3681; x_wconf 80' lang='grc' dir='ltr'>πᾶσιν</span> <span class='ocrx_word' id='word_1_492' title='bbox 375 3628 586 3697; x_wconf 85' lang='grc' dir='ltr'>ἀληθῶς</span> <span class='ocrx_word' id='word_1_493' title='bbox 615 3629 742 3683; x_wconf 90' lang='grc' dir='ltr'>Θεόν</span> <span class='ocrx_word' id='word_1_494' title='bbox 753 3670 766 3683; x_wconf 94' lang='grc'><strong>.</strong></span> 
     </span>
    </p>
   </div>
   <div class='ocr_carea' id='block_1_68' title="bbox 242 3713 1732 3796">
    <p class='ocr_par' dir='ltr' id='par_1_68' title="bbox 242 3713 1732 3796">
     <span class='ocr_line' id='line_1_68' title="bbox 242 3713 1732 3796; baseline 0.007 -27"><span class='ocrx_word' id='word_1_495' title='bbox 242 3713 356 3796; x_wconf 77' lang='grc' dir='ltr'><strong>Εἶθ’</strong></span> <span class='ocrx_word' id='word_1_496' title='bbox 402 3717 546 3788; x_wconf 80' lang='grc' dir='ltr'>ἑξῆς,</span> <span class='ocrx_word' id='word_1_497' title='bbox 594 3719 828 3790; x_wconf 74' lang='grc' dir='ltr'>ὡσπερεὶ</span> <span class='ocrx_word' id='word_1_498' title='bbox 869 3722 1065 3774; x_wconf 78' lang='grc' dir='ltr'>σκοπὸν</span> <span class='ocrx_word' id='word_1_499' title='bbox 1109 3722 1244 3793; x_wconf 76' lang='grc' dir='ltr'>ἔχων</span> <span class='ocrx_word' id='word_1_500' title='bbox 1285 3723 1344 3776; x_wconf 84' lang='grc' dir='ltr'><strong>τὸ</strong></span> <span class='ocrx_word' id='word_1_501' title='bbox 1383 3725 1732 3796; x_wconf 86' lang='grc' dir='ltr'>συμπληροῦν</span> 
     </span>
    </p>
   </div>
   <div class='ocr_carea' id='block_1_69' title="bbox 166 3781 1732 3885">
    <p class='ocr_par' dir='ltr' id='par_1_69' title="bbox 166 3781 1732 3885">
     <span class='ocr_line' id='line_1_69' title="bbox 166 3781 1732 3885; baseline 0.004 -21"><span class='ocrx_word' id='word_1_502' title='bbox 166 3781 393 3882; x_wconf 54' lang='grc' dir='ltr'>βιϐλίᾶι,</span> <span class='ocrx_word' id='word_1_503' title='bbox 443 3781 697 3865; x_wconf 36' lang='grc' dir='ltr'>’ἐῦούλετο</span> <span class='ocrx_word' id='word_1_504' title='bbox 746 3781 891 3885; x_wconf 66' lang='grc' dir='ltr'>ημᾶς</span> <span class='ocrx_word' id='word_1_505' title='bbox 934 3781 1173 3883; x_wconf 67' lang='grc' dir='ltr'>μᾶλλοὲ</span> <span class='ocrx_word' id='word_1_506' title='bbox 1235 3816 1362 3869; x_wconf 81' lang='grc' dir='ltr'><strong>τὸν·</strong></span> <span class='ocrx_word' id='word_1_507' title='bbox 1394 3781 1732 3872; x_wconf 57' lang='grc' dir='ltr'><strong>Ἰωνᾶνηνο-</strong></span> 
     </span>
    </p>
   </div>
   <div class='ocr_carea' id='block_1_70' title="bbox 159 3902 1731 3980">
    <p class='ocr_par' dir='ltr' id='par_1_70' title="bbox 159 3902 1731 3980">
     <span class='ocr_line' id='line_1_70' title="bbox 159 3902 1731 3980; baseline 0.004 -25"><span class='ocrx_word' id='word_1_508' title='bbox 159 3902 506 3980; x_wconf 69' lang='grc' dir='ltr'>μίραιθὲὸν</span> <span class='ocrx_word' id='word_1_509' title='bbox 538 3903 688 3971; x_wconf 76' lang='grc' dir='ltr'>ἤπερ</span> <span class='ocrx_word' id='word_1_510' title='bbox 737 3905 985 3972; x_wconf 81' lang='grc' dir='ltr'>Ἰησοῦν·</span> <span class='ocrx_word' id='word_1_511' title='bbox 1045 3907 1247 3974; x_wconf 79' lang='grc' dir='ltr'>Ἰωνᾶν,</span> <span class='ocrx_word' id='word_1_512' title='bbox 1291 3907 1381 3959; x_wconf 82' lang='grc' dir='ltr'><strong>τὸν</strong></span> <span class='ocrx_word' id='word_1_513' title='bbox 1421 3907 1731 3980; x_wconf 83' lang='grc' dir='ltr'>κηρύξαντα</span> 
     </span>
    </p>
   </div>
   <div class='ocr_carea' id='block_1_71' title="bbox 140 3917 1729 4138">
    <p class='ocr_par' dir='ltr' id='par_1_71' title="bbox 140 3917 1729 4138">
     <span class='ocr_line' id='line_1_71' title="bbox 159 3917 1729 3980; baseline 0.004 -25"><span class='ocrx_word' id='word_1_514' title='bbox 159 3917 229 3972; x_wconf 84' lang='grc' dir='ltr'><strong>μι</strong></span> <span class='ocrx_word' id='word_1_515' title='bbox 279 3920 339 3955; x_wconf 78' lang='grc' dir='ltr'><strong>αι</strong></span> <span class='ocrx_word' id='word_1_516' title='bbox 360 3917 506 3955; x_wconf 65' lang='grc' dir='ltr'>δεον</span> <span class='ocrx_word' id='word_1_517' title='bbox 538 3917 688 3971; x_wconf 75' lang='grc' dir='ltr'>ηπερ</span> <span class='ocrx_word' id='word_1_518' title='bbox 742 3917 985 3972; x_wconf 73' lang='grc' dir='ltr'>Ἱησουνο</span> <span class='ocrx_word' id='word_1_519' title='bbox 1049 3917 1247 3974; x_wconf 76' lang='grc' dir='ltr'>Ἰωνᾱν,</span> <span class='ocrx_word' id='word_1_520' title='bbox 1291 3917 1381 3959; x_wconf 83' lang='grc' dir='ltr'><strong>τον</strong></span> <span class='ocrx_word' id='word_1_521' title='bbox 1421 3917 1729 3980; x_wconf 76' lang='grc' dir='ltr'>κηρύξαντα</span> 
     </span>
     <span class='ocr_line' id='line_1_72' title="bbox 140 3917 1729 4138; baseline 0.003 -92"><span class='ocrx_word' id='word_1_522' title='bbox 140 3917 456 4138; x_wconf 45' lang='grc' dir='ltr'>,ιιέζὰνοιαν</span> <span class='ocrx_word' id='word_1_523' title='bbox 501 3997 598 4065; x_wconf 80' lang='grc' dir='ltr'>μιᾷ</span> <span class='ocrx_word' id='word_1_524' title='bbox 626 3996 776 4048; x_wconf 84' lang='grc' dir='ltr'>πόλει</span> <span class='ocrx_word' id='word_1_525' title='bbox 822 3999 887 4074; x_wconf 80' lang='grc' dir='ltr'>τῇ</span> <span class='ocrx_word' id='word_1_526' title='bbox 938 3997 1143 4061; x_wconf 82' lang='grc' dir='ltr'>Νινευῒ,</span> <span class='ocrx_word' id='word_1_527' title='bbox 1199 3998 1502 4070; x_wconf 86' lang='grc' dir='ltr'>προκρίνων</span> <span class='ocrx_word' id='word_1_528' title='bbox 1558 3999 1729 4070; x_wconf 75' lang='grc' dir='ltr'>Ἰησοῦ</span> 
     </span>
     <span class='ocr_line' id='line_1_73' title="bbox 150 4072 1729 4138; baseline 0 0"><span class='ocrx_word' id='word_1_529' title='bbox 150 4072 194 4137; x_wconf 63' lang='grc' dir='ltr'><strong>τ</strong></span> <span class='ocrx_word' id='word_1_530' title='bbox 233 4085 262 4138; x_wconf 84' lang='grc' dir='ltr'><strong>ῦ</strong></span> <span class='ocrx_word' id='word_1_531' title='bbox 289 4085 618 4138; x_wconf 74' lang='grc' dir='ltr'>κηρύξαντος</span> <span class='ocrx_word' id='word_1_532' title='bbox 648 4072 931 4138; x_wconf 70' lang='grc' dir='ltr'>μετάνοιαν</span> <span class='ocrx_word' id='word_1_533' title='bbox 955 4087 1058 4138; x_wconf 81' lang='grc' dir='ltr'>ὃλω</span> <span class='ocrx_word' id='word_1_534' title='bbox 1085 4089 1160 4138; x_wconf 79' lang='grc' dir='ltr'>τῶ</span> <span class='ocrx_word' id='word_1_535' title='bbox 1186 4089 1392 4138; x_wconf 75' lang='grc' dir='ltr'>κόσαω-</span> <span class='ocrx_word' id='word_1_536' title='bbox 1417 4090 1510 4138; x_wconf 76' lang='grc' dir='ltr'><strong>καὶ</strong></span> <span class='ocrx_word' id='word_1_537' title='bbox 1536 4089 1729 4138; x_wconf 72' lang='grc' dir='ltr'>μᾶλλον</span> 
     </span>
    </p>
   </div>
   <div class='ocr_carea' id='block_1_72' title="bbox 150 4072 1730 4159">
    <p class='ocr_par' dir='ltr' id='par_1_72' title="bbox 150 4072 1730 4159">
     <span class='ocr_line' id='line_1_74' title="bbox 150 4072 1730 4159; baseline 0.003 -22"><span class='ocrx_word' id='word_1_538' title='bbox 150 4072 262 4138; x_wconf 64' lang='grc' dir='ltr'>τὸῦ</span> <span class='ocrx_word' id='word_1_539' title='bbox 289 4085 618 4156; x_wconf 90' lang='grc' dir='ltr'>κηρύξαντος</span> <span class='ocrx_word' id='word_1_540' title='bbox 648 4072 931 4156; x_wconf 87' lang='grc' dir='ltr'>μετάνοιαν</span> <span class='ocrx_word' id='word_1_541' title='bbox 955 4087 1058 4157; x_wconf 82' lang='grc' dir='ltr'><strong>ὅλῳ</strong></span> <span class='ocrx_word' id='word_1_542' title='bbox 1085 4089 1160 4158; x_wconf 79' lang='grc' dir='ltr'><strong>τῷ</strong></span> <span class='ocrx_word' id='word_1_543' title='bbox 1186 4089 1392 4159; x_wconf 87' lang='grc' dir='ltr'>κόσμῳ,</span> <span class='ocrx_word' id='word_1_544' title='bbox 1417 4090 1510 4142; x_wconf 76' lang='grc' dir='ltr'>καὶ</span> <span class='ocrx_word' id='word_1_545' title='bbox 1535 4089 1730 4159; x_wconf 85' lang='grc' dir='ltr'>μᾶλλον</span> 
     </span>
    </p>
   </div>
   <div class='ocr_carea' id='block_1_73' title="bbox 162 4173 1729 4252">
    <p class='ocr_par' dir='ltr' id='par_1_73' title="bbox 162 4173 1729 4252">
     <span class='ocr_line' id='line_1_75' title="bbox 162 4173 1729 4252; baseline 0.004 -25"><span class='ocrx_word' id='word_1_546' title='bbox 162 4176 376 4227; x_wconf 77' lang='grc' dir='ltr'>ἐκείνου</span> <span class='ocrx_word' id='word_1_547' title='bbox 403 4173 711 4237; x_wconf 88' lang='grc' dir='ltr'>ἀνύσαντος.</span> <span class='ocrx_word' id='word_1_548' title='bbox 741 4178 850 4229; x_wconf 73' lang='grc' dir='ltr'><strong>Καὶ</strong></span> <span class='ocrx_word' id='word_1_549' title='bbox 871 4177 961 4230; x_wconf 78' lang='grc' dir='ltr'><strong>τὸν</strong></span> <span class='ocrx_word' id='word_1_550' title='bbox 991 4179 1086 4248; x_wconf 84' lang='grc' dir='ltr'>μὲν</span> <span class='ocrx_word' id='word_1_551' title='bbox 1112 4180 1170 4232; x_wconf 80' lang='grc' dir='ltr'><strong>ἐν</strong></span> <span class='ocrx_word' id='word_1_552' title='bbox 1208 4183 1272 4249; x_wconf 77' lang='grc' dir='ltr'>τῇ</span> <span class='ocrx_word' id='word_1_553' title='bbox 1304 4179 1478 4251; x_wconf 68' lang='grc' dir='ltr'>κοιλίᾳ</span> <span class='ocrx_word' id='word_1_554' title='bbox 1506 4178 1598 4232; x_wconf 86' lang='grc' dir='ltr'><strong>τοῦ</strong></span> <span class='ocrx_word' id='word_1_555' title='bbox 1629 4181 1729 4252; x_wconf 56' lang='grc' dir='ltr'><strong>κήω</strong></span> 
     </span>
    </p>
   </div>
   <div class='ocr_carea' id='block_1_74' title="bbox 159 4264 1732 4342">
    <p class='ocr_par' dir='ltr' id='par_1_74' title="bbox 159 4264 1732 4342">
     <span class='ocr_line' id='line_1_76' title="bbox 159 4264 1732 4342; baseline -0.006 -24"><span class='ocrx_word' id='word_1_556' title='bbox 159 4283 294 4328; x_wconf 82' lang='grc' dir='ltr'>τούς</span> <span class='ocrx_word' id='word_1_557' title='bbox 322 4264 617 4335; x_wconf 88' lang='grc' dir='ltr'>τεραστίως</span> <span class='ocrx_word' id='word_1_558' title='bbox 641 4267 936 4334; x_wconf 84' lang='grc' dir='ltr'>ποιήσαντα</span> <span class='ocrx_word' id='word_1_559' title='bbox 958 4270 1049 4320; x_wconf 81' lang='grc' dir='ltr'><strong>καὶ</strong></span> <span class='ocrx_word' id='word_1_560' title='bbox 1077 4271 1389 4337; x_wconf 71' lang='grc' dir='ltr'>παραδόξως</span> <span class='ocrx_word' id='word_1_561' title='bbox 1418 4274 1561 4340; x_wconf 76' lang='grc' dir='ltr'>τρεῖς</span> <span class='ocrx_word' id='word_1_562' title='bbox 1591 4273 1732 4342; x_wconf 75' lang='grc' dir='ltr'>ἡμέ,</span> 
     </span>
    </p>
   </div>
   <div class='ocr_carea' id='block_1_75' title="bbox 164 4354 1730 4434">
    <p class='ocr_par' dir='ltr' id='par_1_75' title="bbox 164 4354 1730 4434">
     <span class='ocr_line' id='line_1_77' title="bbox 164 4354 1730 4434; baseline 0.004 -25"><span class='ocrx_word' id='word_1_563' title='bbox 164 4374 271 4429; x_wconf 82' lang='grc' dir='ltr'><strong>ρας</strong></span> <span class='ocrx_word' id='word_1_564' title='bbox 320 4357 412 4408; x_wconf 81' lang='grc' dir='ltr'>καὶ</span> <span class='ocrx_word' id='word_1_565' title='bbox 437 4357 581 4425; x_wconf 86' lang='grc' dir='ltr'>τρεῖς</span> <span class='ocrx_word' id='word_1_566' title='bbox 619 4354 816 4417; x_wconf 87' lang='grc' dir='ltr'>νύκτας</span> <span class='ocrx_word' id='word_1_567' title='bbox 869 4357 1114 4434; x_wconf 77' lang='grc' dir='ltr'>ἐϐούλετο</span> <span class='ocrx_word' id='word_1_568' title='bbox 1175 4362 1316 4429; x_wconf 78' lang='grc' dir='ltr'>ἡμᾶς</span> <span class='ocrx_word' id='word_1_569' title='bbox 1365 4361 1730 4433; x_wconf 19' lang='grc' dir='ltr'>’ἀναγορεῦσαι</span> 
     </span>
    </p>
   </div>
   <div class='ocr_carea' id='block_1_76' title="bbox 158 4445 1725 4518">
    <p class='ocr_par' dir='ltr' id='par_1_76' title="bbox 158 4445 1725 4518">
     <span class='ocr_line' id='line_1_78' title="bbox 158 4445 1725 4518; baseline 0.003 -20"><span class='ocrx_word' id='word_1_570' title='bbox 158 4447 318 4499; x_wconf 83' lang='grc' dir='ltr'>Θεόν’</span> <span class='ocrx_word' id='word_1_571' title='bbox 346 4447 434 4498; x_wconf 84' lang='grc' dir='ltr'><strong>τὸν</strong></span> <span class='ocrx_word' id='word_1_572' title='bbox 455 4446 499 4497; x_wconf 73' lang='grc' dir='ltr'>δ’</span> <span class='ocrx_word' id='word_1_573' title='bbox 524 4445 911 4515; x_wconf 78' lang='grc' dir='ltr'>ἀναδεξάμενον</span> <span class='ocrx_word' id='word_1_574' title='bbox 940 4447 1078 4518; x_wconf 81' lang='grc' dir='ltr'>ὑπὲρ</span> <span class='ocrx_word' id='word_1_575' title='bbox 1097 4448 1191 4500; x_wconf 86' lang='grc' dir='ltr'><strong>ἀνθ</strong></span> <span class='ocrx_word' id='word_1_576' title='bbox 1202 4449 1394 4518; x_wconf 83' lang='grc' dir='ltr'>ρώπων</span> <span class='ocrx_word' id='word_1_577' title='bbox 1423 4452 1725 4516; x_wconf 84' lang='grc' dir='ltr'>ἀποθανεῖν,</span> 
     </span>
    </p>
   </div>
   <div class='ocr_carea' id='block_1_77' title="bbox 1793 3357 3380 3428">
    <p class='ocr_par' dir='ltr' id='par_1_77' title="bbox 1793 3357 3380 3428">
     <span class='ocr_line' id='line_1_79' title="bbox 1793 3357 3380 3428; baseline 0.004 -19"><span class='ocrx_word' id='word_1_578' title='bbox 1793 3407 1796 3409; x_wconf 16' lang='grc' dir='ltr'><strong>Α</strong></span> <span class='ocrx_word' id='word_1_579' title='bbox 1837 3357 2119 3412; x_wconf 83' lang='lat' dir='ltr'><strong>inducebat</strong></span> <span class='ocrx_word' id='word_1_580' title='bbox 2141 3372 2232 3412; x_wconf 90' lang='lat' dir='ltr'><strong>eos</strong></span> <span class='ocrx_word' id='word_1_581' title='bbox 2262 3361 2374 3428; x_wconf 87' lang='lat' dir='ltr'><strong>qui,</strong></span> <span class='ocrx_word' id='word_1_582' title='bbox 2407 3360 2566 3414; x_wconf 86' lang='lat' dir='ltr'><strong>deum</strong></span> <span class='ocrx_word' id='word_1_583' title='bbox 2612 3359 2698 3413; x_wconf 86' lang='lat' dir='ltr'><strong>hic</strong></span> <span class='ocrx_word' id='word_1_584' title='bbox 2721 3361 2782 3420; x_wconf 61' lang='grc' dir='ltr'>λιι</span> <span class='ocrx_word' id='word_1_585' title='bbox 2826 3360 3021 3414; x_wconf 73' lang='lat' dir='ltr'><strong>statuis</strong></span> <span class='ocrx_word' id='word_1_586' title='bbox 3054 3369 3380 3428; x_wconf 67' lang='lat' dir='ltr'><strong>quaerentes,</strong></span> 
     </span>
    </p>
   </div>
   <div class='ocr_carea' id='block_1_78' title="bbox 1835 3449 3382 3520">
    <p class='ocr_par' dir='ltr' id='par_1_78' title="bbox 1835 3449 3382 3520">
     <span class='ocr_line' id='line_1_80' title="bbox 1835 3449 3382 3520; baseline 0.005 -19"><span class='ocrx_word' id='word_1_587' title='bbox 1835 3450 1900 3502; x_wconf 86' lang='lat' dir='ltr'><strong>ad</strong></span> <span class='ocrx_word' id='word_1_588' title='bbox 1946 3465 2216 3504; x_wconf 87' lang='lat' dir='ltr'><strong>summum</strong></span> <span class='ocrx_word' id='word_1_589' title='bbox 2257 3465 2552 3520; x_wconf 82' lang='lat' dir='ltr'><strong>verumque</strong></span> <span class='ocrx_word' id='word_1_590' title='bbox 2594 3449 2760 3505; x_wconf 91' lang='lat' dir='ltr'><strong>Deum</strong></span> <span class='ocrx_word' id='word_1_591' title='bbox 2798 3452 2983 3505; x_wconf 88' lang='lat' dir='ltr'><strong>oculos</strong></span> <span class='ocrx_word' id='word_1_592' title='bbox 3027 3465 3133 3508; x_wconf 86' lang='lat' dir='ltr'><strong>non</strong></span> <span class='ocrx_word' id='word_1_593' title='bbox 3170 3453 3382 3509; x_wconf 73' lang='lat' dir='ltr'><strong>attolle-</strong></span> 
     </span>
    </p>
   </div>
   <div class='ocr_carea' id='block_1_79' title="bbox 1834 3541 2919 3595">
    <p class='ocr_par' dir='ltr' id='par_1_79' title="bbox 1834 3541 2919 3595">
     <span class='ocr_line' id='line_1_81' title="bbox 1834 3541 2919 3595; baseline -0.001 0"><span class='ocrx_word' id='word_1_594' title='bbox 1834 3541 1984 3595; x_wconf 83' lang='lat' dir='ltr'><strong>bant.</strong></span> <span class='ocrx_word' id='word_1_595' title='bbox 2916 3550 2919 3551; x_wconf 66' lang='lat'><strong><em>&#39;</em></strong></span> 
     </span>
    </p>
   </div>
   <div class='ocr_carea' id='block_1_80' title="bbox 1906 3715 3377 3788">
    <p class='ocr_par' dir='ltr' id='par_1_80' title="bbox 1906 3715 3377 3788">
     <span class='ocr_line' id='line_1_82' title="bbox 1906 3715 3377 3788; baseline -0.001 -15"><span class='ocrx_word' id='word_1_596' title='bbox 1906 3715 2065 3786; x_wconf 84' lang='lat'><strong>735</strong></span> <span class='ocrx_word' id='word_1_597' title='bbox 2106 3717 2195 3771; x_wconf 83' lang='lat'><strong>57.</strong></span> <span class='ocrx_word' id='word_1_598' title='bbox 2254 3716 2484 3782; x_wconf 84' lang='lat' dir='ltr'><strong>Postea,</strong></span> <span class='ocrx_word' id='word_1_599' title='bbox 2531 3718 2681 3787; x_wconf 83' lang='lat' dir='ltr'><strong>quasi</strong></span> <span class='ocrx_word' id='word_1_600' title='bbox 2716 3726 2772 3772; x_wconf 91' lang='lat' dir='ltr'><strong>ut</strong></span> <span class='ocrx_word' id='word_1_601' title='bbox 2798 3719 3041 3774; x_wconf 87' lang='lat' dir='ltr'><strong>volumen</strong></span> <span class='ocrx_word' id='word_1_602' title='bbox 3068 3720 3377 3788; x_wconf 72' lang='lat' dir='ltr'><strong>ampliﬁcet,</strong></span> 
     </span>
    </p>
   </div>
   <div class='ocr_carea' id='block_1_81' title="bbox 1833 3805 3383 3878">
    <p class='ocr_par' dir='ltr' id='par_1_81' title="bbox 1833 3805 3383 3878">
     <span class='ocr_line' id='line_1_83' title="bbox 1833 3805 3383 3878; baseline 0.005 -18"><span class='ocrx_word' id='word_1_603' title='bbox 1833 3809 1908 3861; x_wconf 87' lang='lat' dir='ltr'><strong>ait</strong></span> <span class='ocrx_word' id='word_1_604' title='bbox 1929 3807 2124 3862; x_wconf 73' lang='lat' dir='ltr'><strong>Ionam</strong></span> <span class='ocrx_word' id='word_1_605' title='bbox 2153 3811 2345 3877; x_wconf 75' lang='lat' dir='ltr'><strong>potius,</strong></span> <span class='ocrx_word' id='word_1_606' title='bbox 2371 3826 2527 3878; x_wconf 84' lang='lat' dir='ltr'><strong>quam</strong></span> <span class='ocrx_word' id='word_1_607' title='bbox 2557 3809 2770 3875; x_wconf 71' lang='lat' dir='ltr'><strong>Iesum,</strong></span> <span class='ocrx_word' id='word_1_608' title='bbox 2812 3805 2976 3873; x_wconf 73' lang='lat' dir='ltr'><strong>Deum</strong></span> <span class='ocrx_word' id='word_1_609' title='bbox 3009 3828 3042 3864; x_wconf 89' lang='lat' dir='ltr'><strong><em>a</em></strong></span> <span class='ocrx_word' id='word_1_610' title='bbox 3089 3814 3232 3866; x_wconf 72' lang='lat' dir='ltr'><strong>nobis</strong></span> <span class='ocrx_word' id='word_1_611' title='bbox 3266 3815 3383 3867; x_wconf 72' lang='lat' dir='ltr'><strong>exi-</strong></span> 
     </span>
    </p>
   </div>
   <div class='ocr_carea' id='block_1_82' title="bbox 1830 3898 3381 3969">
    <p class='ocr_par' dir='ltr' id='par_1_82' title="bbox 1830 3898 3381 3969">
     <span class='ocr_line' id='line_1_84' title="bbox 1830 3898 3381 3969; baseline 0.003 -16"><span class='ocrx_word' id='word_1_612' title='bbox 1830 3900 2036 3953; x_wconf 73' lang='lat' dir='ltr'><strong>stimari</strong></span> <span class='ocrx_word' id='word_1_613' title='bbox 2067 3899 2300 3952; x_wconf 77' lang='lat' dir='ltr'><strong>debuisse</strong></span> <span class='ocrx_word' id='word_1_614' title='bbox 2322 3900 2402 3962; x_wconf 71' lang='grc' dir='ltr'><strong>⁵ος</strong></span> <span class='ocrx_word' id='word_1_615' title='bbox 2430 3915 2539 3968; x_wconf 90' lang='lat' dir='ltr'><strong>quo</strong></span> <span class='ocrx_word' id='word_1_616' title='bbox 2567 3898 2781 3966; x_wconf 79' lang='lat' dir='ltr'><strong>Jouam,</strong></span> <span class='ocrx_word' id='word_1_617' title='bbox 2817 3904 2902 3969; x_wconf 82' lang='lat' dir='ltr'><strong>qui</strong></span> <span class='ocrx_word' id='word_1_618' title='bbox 2926 3902 3015 3956; x_wconf 87' lang='lat' dir='ltr'><strong>uni</strong></span> <span class='ocrx_word' id='word_1_619' title='bbox 3052 3904 3168 3958; x_wconf 89' lang='lat' dir='ltr'><strong>urbi</strong></span> <span class='ocrx_word' id='word_1_620' title='bbox 3193 3903 3381 3959; x_wconf 82' lang='lat' dir='ltr'><strong>Ninive</strong></span> 
     </span>
    </p>
   </div>
   <div class='ocr_carea' id='block_1_83' title="bbox 1830 3989 3377 4064">
    <p class='ocr_par' dir='ltr' id='par_1_83' title="bbox 1830 3989 3377 4064">
     <span class='ocr_line' id='line_1_85' title="bbox 1830 3989 3377 4064; baseline 0.008 -24"><span class='ocrx_word' id='word_1_621' title='bbox 1830 3989 2200 4056; x_wconf 63' lang='lat' dir='ltr'><strong>paenitentiam</strong></span> <span class='ocrx_word' id='word_1_622' title='bbox 2228 3992 2557 4059; x_wconf 79' lang='lat' dir='ltr'><strong>pnedicavit,</strong></span> <span class='ocrx_word' id='word_1_623' title='bbox 2591 3991 2717 4046; x_wconf 84' lang='lat' dir='ltr'><strong>Jesu</strong></span> <span class='ocrx_word' id='word_1_624' title='bbox 2748 3994 2979 4062; x_wconf 72' lang='lat' dir='ltr'><strong>prmfert,</strong></span> <span class='ocrx_word' id='word_1_625' title='bbox 3017 4011 3046 4049; x_wconf 90' lang='lat' dir='ltr'><strong>a</strong></span> <span class='ocrx_word' id='word_1_626' title='bbox 3093 4011 3201 4064; x_wconf 90' lang='lat' dir='ltr'><strong>quo</strong></span> <span class='ocrx_word' id='word_1_627' title='bbox 3239 3998 3377 4052; x_wconf 90' lang='lat' dir='ltr'><strong>idem</strong></span> 
     </span>
    </p>
   </div>
   <div class='ocr_carea' id='block_1_84' title="bbox 1831 4070 3379 4159">
    <p class='ocr_par' dir='ltr' id='par_1_84' title="bbox 1831 4070 3379 4159">
     <span class='ocr_line' id='line_1_86' title="bbox 1831 4070 3379 4159; baseline 0.007 -26"><span class='ocrx_word' id='word_1_628' title='bbox 1831 4083 2082 4137; x_wconf 87' lang='lat' dir='ltr'><strong>universo</strong></span> <span class='ocrx_word' id='word_1_629' title='bbox 2115 4085 2310 4138; x_wconf 88' lang='lat' dir='ltr'><strong>mundo</strong></span> <span class='ocrx_word' id='word_1_630' title='bbox 2334 4070 2718 4140; x_wconf 53' lang='lat' dir='ltr'><strong>annuntiatqu</strong></span> <span class='ocrx_word' id='word_1_631' title='bbox 2759 4095 2842 4143; x_wconf 89' lang='lat' dir='ltr'><strong>est</strong></span> <span class='ocrx_word' id='word_1_632' title='bbox 2876 4097 2929 4140; x_wconf 90' lang='lat' dir='ltr'><strong>et</strong></span> <span class='ocrx_word' id='word_1_633' title='bbox 2957 4085 3168 4143; x_wconf 87' lang='lat' dir='ltr'><strong>felicius</strong></span> <span class='ocrx_word' id='word_1_634' title='bbox 3204 4091 3379 4159; x_wconf 84' lang='lat' dir='ltr'><strong>perfe-</strong></span> 
     </span>
    </p>
   </div>
   <div class='ocr_carea' id='block_1_85' title="bbox 1831 4175 3378 4250">
    <p class='ocr_par' dir='ltr' id='par_1_85' title="bbox 1831 4175 3378 4250">
     <span class='ocr_line' id='line_1_87' title="bbox 1831 4175 3378 4250; baseline 0.005 -22"><span class='ocrx_word' id='word_1_635' title='bbox 1831 4185 1994 4229; x_wconf 89' lang='lat' dir='ltr'><strong>ctum.</strong></span> <span class='ocrx_word' id='word_1_636' title='bbox 2025 4175 2124 4244; x_wconf 86' lang='lat' dir='ltr'><strong>Qui</strong></span> <span class='ocrx_word' id='word_1_637' title='bbox 2159 4185 2272 4231; x_wconf 90' lang='lat' dir='ltr'><strong>tres</strong></span> <span class='ocrx_word' id='word_1_638' title='bbox 2295 4178 2410 4232; x_wconf 82' lang='lat' dir='ltr'><strong>dies</strong></span> <span class='ocrx_word' id='word_1_639' title='bbox 2438 4186 2730 4246; x_wconf 83' lang='lat' dir='ltr'><strong>noctesque</strong></span> <span class='ocrx_word' id='word_1_640' title='bbox 2762 4177 2814 4230; x_wconf 92' lang='lat' dir='ltr'><strong>in</strong></span> <span class='ocrx_word' id='word_1_641' title='bbox 2849 4188 3036 4233; x_wconf 86' lang='lat' dir='ltr'><strong>ventre</strong></span> <span class='ocrx_word' id='word_1_642' title='bbox 3067 4180 3168 4234; x_wconf 88' lang='lat' dir='ltr'><strong>ceti</strong></span> <span class='ocrx_word' id='word_1_643' title='bbox 3200 4182 3378 4250; x_wconf 83' lang='lat' dir='ltr'><strong>prodi-</strong></span> 
     </span>
    </p>
   </div>
   <div class='ocr_carea' id='block_1_86' title="bbox 1831 4254 3379 4336">
    <p class='ocr_par' dir='ltr' id='par_1_86' title="bbox 1831 4254 3379 4336">
     <span class='ocr_line' id='line_1_88' title="bbox 1831 4254 3379 4336; baseline 0.004 -18"><span class='ocrx_word' id='word_1_644' title='bbox 1831 4267 2051 4336; x_wconf 74' lang='lat' dir='ltr'><strong>gialiter&#39;</strong></span> <span class='ocrx_word' id='word_1_645' title='bbox 2070 4276 2315 4321; x_wconf 88' lang='lat' dir='ltr'><strong>servatus</strong></span> <span class='ocrx_word' id='word_1_646' title='bbox 2345 4267 2511 4334; x_wconf 81' lang='lat' dir='ltr'><strong>est“,</strong></span> <span class='ocrx_word' id='word_1_647' title='bbox 2542 4282 2663 4322; x_wconf 88' lang='lat' dir='ltr'><strong>eum</strong></span> <span class='ocrx_word' id='word_1_648' title='bbox 2710 4282 2737 4320; x_wconf 94' lang='lat' dir='ltr'><strong>a</strong></span> <span class='ocrx_word' id='word_1_649' title='bbox 2789 4268 2942 4322; x_wconf 90' lang='lat' dir='ltr'><strong>nobis</strong></span> <span class='ocrx_word' id='word_1_650' title='bbox 2973 4270 3128 4322; x_wconf 89' lang='lat' dir='ltr'><strong>deum</strong></span> <span class='ocrx_word' id='word_1_651' title='bbox 3171 4254 3379 4324; x_wconf 77' lang='lat' dir='ltr'><strong>nuncu-</strong></span> 
     </span>
    </p>
   </div>
   <div class='ocr_carea' id='block_1_87' title="bbox 1830 4357 3381 4427">
    <p class='ocr_par' dir='ltr' id='par_1_87' title="bbox 1830 4357 3381 4427">
     <span class='ocr_line' id='line_1_89' title="bbox 1830 4357 3381 4427; baseline 0.005 -20"><span class='ocrx_word' id='word_1_652' title='bbox 1830 4359 1940 4424; x_wconf 77' lang='lat' dir='ltr'><strong>puri</strong></span> <span class='ocrx_word' id='word_1_653' title='bbox 1985 4357 2270 4425; x_wconf 84' lang='lat' dir='ltr'><strong>voluisset;</strong></span> <span class='ocrx_word' id='word_1_654' title='bbox 2299 4358 2554 4412; x_wconf 85' lang='lat' dir='ltr'><strong>uoluisset</strong></span> <span class='ocrx_word' id='word_1_655' title='bbox 2581 4367 2756 4411; x_wconf 91' lang='lat' dir='ltr'><strong>autem</strong></span> <span class='ocrx_word' id='word_1_656' title='bbox 2778 4359 2962 4411; x_wconf 80' lang='lat' dir='ltr'><strong>Celsus</strong></span> <span class='ocrx_word' id='word_1_657' title='bbox 2985 4373 3124 4421; x_wconf 87' lang='lat' dir='ltr'><strong>eum,</strong></span> <span class='ocrx_word' id='word_1_658' title='bbox 3159 4361 3248 4427; x_wconf 89' lang='lat' dir='ltr'><strong>qui</strong></span> <span class='ocrx_word' id='word_1_659' title='bbox 3286 4361 3381 4414; x_wconf 82' lang='grc' dir='ltr'>Ιιο-</span> 
     </span>
    </p>
   </div>
   <div class='ocr_carea' id='block_1_88' title="bbox 1832 4450 3374 4518">
    <p class='ocr_par' dir='ltr' id='par_1_88' title="bbox 1832 4450 3374 4518">
     <span class='ocr_line' id='line_1_90' title="bbox 1832 4450 3374 4518; baseline 0.003 -18"><span class='ocrx_word' id='word_1_660' title='bbox 1832 4450 2031 4501; x_wconf 89' lang='lat' dir='ltr'><strong>minum</strong></span> <span class='ocrx_word' id='word_1_661' title='bbox 2079 4464 2239 4503; x_wconf 88' lang='lat' dir='ltr'><strong>causa</strong></span> <span class='ocrx_word' id='word_1_662' title='bbox 2296 4459 2520 4503; x_wconf 87' lang='lat' dir='ltr'><strong>mortem</strong></span> <span class='ocrx_word' id='word_1_663' title='bbox 2582 4452 2835 4518; x_wconf 87' lang='lat' dir='ltr'><strong>pertulit,</strong></span> <span class='ocrx_word' id='word_1_664' title='bbox 2871 4452 2954 4504; x_wconf 91' lang='lat' dir='ltr'><strong>cui</strong></span> <span class='ocrx_word' id='word_1_665' title='bbox 3016 4452 3374 4504; x_wconf 87' lang='lat' dir='ltr'><strong>testimonimn</strong></span> 
     </span>
    </p>
   </div>
   <div class='ocr_carea' id='block_1_89' title="bbox 155 4536 1732 4629">
    <p class='ocr_par' dir='ltr' id='par_1_89' title="bbox 155 4537 1728 4609">
     <span class='ocr_line' id='line_1_91' title="bbox 155 4537 1728 4609; baseline 0.003 -19"><span class='ocrx_word' id='word_1_666' title='bbox 155 4538 267 4596; x_wconf 79' lang='grc' dir='ltr'><strong>οὐκ</strong></span> <span class='ocrx_word' id='word_1_667' title='bbox 295 4537 448 4607; x_wconf 69' lang='grc' dir='ltr'>ἤθελε</span> <span class='ocrx_word' id='word_1_668' title='bbox 472 4537 696 4600; x_wconf 82' lang='grc' dir='ltr'>Κέλσος,</span> <span class='ocrx_word' id='word_1_669' title='bbox 734 4538 1172 4609; x_wconf 82' lang='grc' dir='ltr'>μαρτυρούμενον</span> <span class='ocrx_word' id='word_1_670' title='bbox 1212 4539 1315 4591; x_wconf 78' lang='grc' dir='ltr'>ὑπὸ</span> <span class='ocrx_word' id='word_1_671' title='bbox 1339 4539 1431 4591; x_wconf 86' lang='grc' dir='ltr'><strong>τοῦ</strong></span> <span class='ocrx_word' id='word_1_672' title='bbox 1462 4540 1596 4593; x_wconf 85' lang='grc' dir='ltr'>Θεοῦ</span> <span class='ocrx_word' id='word_1_673' title='bbox 1641 4543 1728 4595; x_wconf 80' lang='grc' dir='ltr'>διὰ</span> 
     </span>
    </p>
   </div>
   <div class='ocr_carea' id='block_1_90' title="bbox 1830 4536 3380 4629">
    <p class='ocr_par' dir='ltr' id='par_1_90' title="bbox 1836 4536 3380 4608">
     <span class='ocr_line' id='line_1_92' title="bbox 1836 4536 3380 4608; baseline 0.002 -19"><span class='ocrx_word' id='word_1_674' title='bbox 1836 4536 1974 4590; x_wconf 88' lang='lat' dir='ltr'><strong>Deus</strong></span> <span class='ocrx_word' id='word_1_675' title='bbox 2004 4552 2100 4606; x_wconf 89' lang='lat' dir='ltr'><strong>per</strong></span> <span class='ocrx_word' id='word_1_676' title='bbox 2131 4538 2423 4605; x_wconf 84' lang='lat' dir='ltr'><strong>prophetas</strong></span> <span class='ocrx_word' id='word_1_677' title='bbox 2456 4538 2723 4608; x_wconf 86' lang='lat' dir='ltr'><strong>perbibet,</strong></span> <span class='ocrx_word' id='word_1_678' title='bbox 2753 4538 2844 4605; x_wconf 87' lang='lat' dir='ltr'><strong>qui</strong></span> <span class='ocrx_word' id='word_1_679' title='bbox 2883 4539 3141 4606; x_wconf 67' lang='lat' dir='ltr'><strong>praeclara</strong></span> <span class='ocrx_word' id='word_1_680' title='bbox 3165 4540 3217 4593; x_wconf 87' lang='lat' dir='ltr'><strong>in</strong></span> <span class='ocrx_word' id='word_1_681' title='bbox 3241 4539 3380 4594; x_wconf 66' lang='lat' dir='ltr'><strong>caelo</strong></span> 
     </span>
    </p>
   </div>
   <div class='ocr_carea' id='block_1_91' title="bbox 155 4623 1732 4700">
    <p class='ocr_par' dir='ltr' id='par_1_91' title="bbox 155 4624 1726 4699">
     <span class='ocr_line' id='line_1_93' title="bbox 155 4624 1726 4699; baseline 0.002 -19"><span class='ocrx_word' id='word_1_682' title='bbox 155 4626 280 4696; x_wconf 83' lang='grc' dir='ltr'><strong>τῶν</strong></span> <span class='ocrx_word' id='word_1_683' title='bbox 307 4625 592 4698; x_wconf 80' lang='grc' dir='ltr'>προφητῶν</span> <span class='ocrx_word' id='word_1_684' title='bbox 633 4627 781 4692; x_wconf 80' lang='grc' dir='ltr'>ἄξιον</span> <span class='ocrx_word' id='word_1_685' title='bbox 826 4624 962 4681; x_wconf 79' lang='grc' dir='ltr'>εἶναι</span> <span class='ocrx_word' id='word_1_686' title='bbox 1011 4629 1107 4698; x_wconf 82' lang='grc' dir='ltr'>τῆς</span> <span class='ocrx_word' id='word_1_687' title='bbox 1141 4628 1554 4699; x_wconf 87' lang='grc' dir='ltr'>δευτερευούσης</span> <span class='ocrx_word' id='word_1_688' title='bbox 1590 4633 1726 4699; x_wconf 86' lang='grc' dir='ltr'><strong>μετά</strong></span> 
     </span>
    </p>
   </div>
   <div class='ocr_carea' id='block_1_92' title="bbox 1830 4623 3377 4700">
    <p class='ocr_par' dir='ltr' id='par_1_92' title="bbox 1832 4627 3377 4700">
     <span class='ocr_line' id='line_1_94' title="bbox 1832 4627 3377 4700; baseline 0.004 -21"><span class='ocrx_word' id='word_1_689' title='bbox 1832 4637 1884 4679; x_wconf 90' lang='lat' dir='ltr'><strong>et</strong></span> <span class='ocrx_word' id='word_1_690' title='bbox 1918 4637 2057 4680; x_wconf 86' lang='lat' dir='ltr'><strong>terra</strong></span> <span class='ocrx_word' id='word_1_691' title='bbox 2085 4628 2257 4682; x_wconf 86' lang='lat' dir='ltr'><strong>edidit</strong></span> <span class='ocrx_word' id='word_1_692' title='bbox 2285 4627 2548 4694; x_wconf 79' lang='lat' dir='ltr'><strong>facinora,</strong></span> <span class='ocrx_word' id='word_1_693' title='bbox 2581 4629 2799 4697; x_wconf 71' lang='lat' dir='ltr'><strong>dignum</strong></span> <span class='ocrx_word' id='word_1_694' title='bbox 2841 4643 2960 4684; x_wconf 85' lang='lat' dir='ltr'><strong>esse</strong></span> <span class='ocrx_word' id='word_1_695' title='bbox 2989 4631 3077 4700; x_wconf 86' lang='lat' dir='ltr'><strong>qui</strong></span> <span class='ocrx_word' id='word_1_696' title='bbox 3110 4631 3377 4685; x_wconf 90' lang='lat' dir='ltr'><strong>secundos</strong></span> 
     </span>
    </p>
   </div>
   <div class='ocr_carea' id='block_1_93' title="bbox 151 4715 1727 4790">
    <p class='ocr_par' dir='ltr' id='par_1_93' title="bbox 151 4715 1727 4790">
     <span class='ocr_line' id='line_1_95' title="bbox 151 4715 1727 4790; baseline 0.001 -18"><span class='ocrx_word' id='word_1_697' title='bbox 151 4715 254 4772; x_wconf 74' lang='grc' dir='ltr'><strong>τὸν</strong></span> <span class='ocrx_word' id='word_1_698' title='bbox 287 4718 416 4770; x_wconf 82' lang='grc' dir='ltr'>Θεὸν</span> <span class='ocrx_word' id='word_1_699' title='bbox 445 4718 551 4770; x_wconf 85' lang='grc' dir='ltr'><strong>τῶν</strong></span> <span class='ocrx_word' id='word_1_700' title='bbox 571 4718 722 4783; x_wconf 82' lang='grc' dir='ltr'>ὅλων,</span> <span class='ocrx_word' id='word_1_701' title='bbox 751 4719 816 4771; x_wconf 86' lang='grc' dir='ltr'>δι’</span> <span class='ocrx_word' id='word_1_702' title='bbox 845 4718 880 4772; x_wconf 79' lang='grc' dir='ltr'><strong>ἀ</strong></span> <span class='ocrx_word' id='word_1_703' title='bbox 904 4719 1152 4789; x_wconf 87' lang='grc' dir='ltr'>ἐποίησεν</span> <span class='ocrx_word' id='word_1_704' title='bbox 1182 4722 1237 4774; x_wconf 78' lang='grc' dir='ltr'><strong>ἐν</strong></span> <span class='ocrx_word' id='word_1_705' title='bbox 1269 4720 1478 4790; x_wconf 84' lang='grc' dir='ltr'>οὐρανῷ</span> <span class='ocrx_word' id='word_1_706' title='bbox 1506 4721 1597 4773; x_wconf 71' lang='grc' dir='ltr'><strong>καὶ</strong></span> <span class='ocrx_word' id='word_1_707' title='bbox 1634 4722 1727 4773; x_wconf 73' lang='grc' dir='ltr'><strong>ἐπὶ</strong></span> 
     </span>
    </p>
   </div>
   <div class='ocr_carea' id='block_1_94' title="bbox 153 4809 1739 4883">
    <p class='ocr_par' dir='ltr' id='par_1_94' title="bbox 153 4809 1739 4883">
     <span class='ocr_line' id='line_1_96' title="bbox 153 4809 1739 4883; baseline 0.002 -20"><span class='ocrx_word' id='word_1_708' title='bbox 153 4809 268 4879; x_wconf 79' lang='grc' dir='ltr'>γῆς</span> <span class='ocrx_word' id='word_1_709' title='bbox 294 4809 765 4880; x_wconf 79' lang='grc' dir='ltr'>ἀνδραγαθήματα,</span> <span class='ocrx_word' id='word_1_710' title='bbox 787 4809 971 4880; x_wconf 83' lang='grc' dir='ltr'>τιμῆς.</span> <span class='ocrx_word' id='word_1_711' title='bbox 1000 4811 1325 4874; x_wconf 64' lang='grc' dir='ltr'>ΚαΓἸωνᾶς</span> <span class='ocrx_word' id='word_1_712' title='bbox 1364 4812 1481 4882; x_wconf 76' lang='grc' dir='ltr'>μὲν,</span> <span class='ocrx_word' id='word_1_713' title='bbox 1514 4813 1739 4883; x_wconf 62' lang='lat' dir='ltr'><strong>ivat(50)“~</strong></span> 
     </span>
    </p>
   </div>
   <div class='ocr_carea' id='block_1_95' title="bbox 157 4899 1723 4972">
    <p class='ocr_par' dir='ltr' id='par_1_95' title="bbox 157 4899 1723 4972">
     <span class='ocr_line' id='line_1_97' title="bbox 157 4899 1723 4972; baseline 0.001 -17"><span class='ocrx_word' id='word_1_714' title='bbox 157 4901 243 4972; x_wconf 79' lang='grc' dir='ltr'>μὴ</span> <span class='ocrx_word' id='word_1_715' title='bbox 275 4901 480 4972; x_wconf 80' lang='grc' dir='ltr'>κηρύξῃ</span> <span class='ocrx_word' id='word_1_716' title='bbox 513 4899 573 4955; x_wconf 74' lang='grc' dir='ltr'>τὸ</span> <span class='ocrx_word' id='word_1_717' title='bbox 611 4900 1080 4972; x_wconf 77' lang='grc' dir='ltr'>προστεταγμένον</span> <span class='ocrx_word' id='word_1_718' title='bbox 1114 4901 1216 4952; x_wconf 85' lang='grc' dir='ltr'><strong>ὑπὸ</strong></span> <span class='ocrx_word' id='word_1_719' title='bbox 1244 4901 1335 4953; x_wconf 90' lang='grc' dir='ltr'><strong>τοῦ</strong></span> <span class='ocrx_word' id='word_1_720' title='bbox 1365 4903 1521 4964; x_wconf 84' lang='grc' dir='ltr'>Θεοῦ,</span> <span class='ocrx_word' id='word_1_721' title='bbox 1564 4921 1723 4956; x_wconf 76' lang='grc' dir='ltr'>κατε-</span> 
     </span>
    </p>
   </div>
   <div class='ocr_carea' id='block_1_96' title="bbox 153 4987 1720 5065">
    <p class='ocr_par' dir='ltr' id='par_1_96' title="bbox 153 4987 1720 5065">
     <span class='ocr_line' id='line_1_98' title="bbox 153 4987 1720 5065; baseline 0.003 -23"><span class='ocrx_word' id='word_1_722' title='bbox 153 4990 303 5060; x_wconf 74' lang='grc' dir='ltr'>πόθη</span> <span class='ocrx_word' id='word_1_723' title='bbox 337 4992 438 5043; x_wconf 84' lang='grc' dir='ltr'><strong>ὑπὸ</strong></span> <span class='ocrx_word' id='word_1_724' title='bbox 465 4992 557 5044; x_wconf 90' lang='grc' dir='ltr'><strong>τοῦ</strong></span> <span class='ocrx_word' id='word_1_725' title='bbox 587 4994 780 5063; x_wconf 77' lang='grc' dir='ltr'>κήτους</span> <span class='ocrx_word' id='word_1_726' title='bbox 795 5009 816 5059; x_wconf 48' lang='grc' dir='ltr'>ἐ</span> <span class='ocrx_word' id='word_1_727' title='bbox 840 4987 1040 5061; x_wconf 86' lang='grc' dir='ltr'>Ἰησοῦς</span> <span class='ocrx_word' id='word_1_728' title='bbox 1065 4989 1141 5054; x_wconf 81' lang='grc' dir='ltr'><strong>δὲ,</strong></span> <span class='ocrx_word' id='word_1_729' title='bbox 1165 4990 1286 5041; x_wconf 78' lang='grc' dir='ltr'>ἐπεὶ</span> <span class='ocrx_word' id='word_1_730' title='bbox 1310 4991 1545 5056; x_wconf 83' lang='grc' dir='ltr'>ἐδίδαξεν</span> <span class='ocrx_word' id='word_1_731' title='bbox 1578 4993 1720 5065; x_wconf 76' lang='grc' dir='ltr'>ἅπερ</span> 
     </span>
    </p>
   </div>
   <div class='ocr_carea' id='block_1_97' title="bbox 148 5078 1721 5153">
    <p class='ocr_par' dir='ltr' id='par_1_97' title="bbox 148 5078 1721 5153">
     <span class='ocr_line' id='line_1_99' title="bbox 148 5078 1721 5153; baseline 0.004 -21"><span class='ocrx_word' id='word_1_732' title='bbox 148 5083 185 5132; x_wconf 84' lang='grc' dir='ltr'>ὁ</span> <span class='ocrx_word' id='word_1_733' title='bbox 220 5079 352 5142; x_wconf 82' lang='grc' dir='ltr'>Θεὸς</span> <span class='ocrx_word' id='word_1_734' title='bbox 388 5082 652 5147; x_wconf 77' lang='grc' dir='ltr'>ἐϐούλετο,</span> <span class='ocrx_word' id='word_1_735' title='bbox 707 5083 796 5136; x_wconf 80' lang='grc' dir='ltr'><strong>τὸν</strong></span> <span class='ocrx_word' id='word_1_736' title='bbox 843 5081 979 5153; x_wconf 83' lang='grc' dir='ltr'>ὑπὲρ</span> <span class='ocrx_word' id='word_1_737' title='bbox 1018 5078 1314 5149; x_wconf 74' lang='grc' dir='ltr'>ἀνθρώπων</span> <span class='ocrx_word' id='word_1_738' title='bbox 1342 5081 1568 5137; x_wconf 80' lang='grc' dir='ltr'>θάνατον</span> <span class='ocrx_word' id='word_1_739' title='bbox 1606 5087 1721 5137; x_wconf 86' lang='grc' dir='ltr'>ἀνε-</span> 
     </span>
    </p>
   </div>
   <div class='ocr_carea' id='block_1_98' title="bbox 146 5171 1717 5245">
    <p class='ocr_par' dir='ltr' id='par_1_98' title="bbox 146 5171 1717 5245">
     <span class='ocr_line' id='line_1_100' title="bbox 146 5171 1717 5245; baseline 0.001 -20"><span class='ocrx_word' id='word_1_740' title='bbox 146 5171 367 5235; x_wconf 80' lang='grc' dir='ltr'>δέξατο.</span> <span class='ocrx_word' id='word_1_741' title='bbox 410 5173 563 5244; x_wconf 81' lang='grc' dir='ltr'>Ἑξῆς</span> <span class='ocrx_word' id='word_1_742' title='bbox 590 5175 646 5227; x_wconf 87' lang='grc' dir='ltr'><strong>δέ</strong></span> <span class='ocrx_word' id='word_1_743' title='bbox 694 5193 873 5245; x_wconf 82' lang='grc' dir='ltr'>φησιν,</span> <span class='ocrx_word' id='word_1_744' title='bbox 908 5175 986 5227; x_wconf 82' lang='grc' dir='ltr'>ὅτι</span> <span class='ocrx_word' id='word_1_745' title='bbox 1027 5171 1130 5225; x_wconf 76' lang='grc' dir='ltr'>ἔδει</span> <span class='ocrx_word' id='word_1_746' title='bbox 1163 5173 1358 5243; x_wconf 77' lang='grc' dir='ltr'>μᾶλλον</span> <span class='ocrx_word' id='word_1_747' title='bbox 1385 5173 1472 5225; x_wconf 74' lang='grc' dir='ltr'>τὸν</span> <span class='ocrx_word' id='word_1_748' title='bbox 1504 5176 1717 5244; x_wconf 77' lang='grc' dir='ltr'>Δανιὴλ,</span> 
     </span>
    </p>
   </div>
   <div class='ocr_carea' id='block_1_99' title="bbox 147 5257 1718 5333">
    <p class='ocr_par' dir='ltr' id='par_1_99' title="bbox 147 5257 1718 5333">
     <span class='ocr_line' id='line_1_101' title="bbox 147 5257 1718 5333; baseline 0.002 -19"><span class='ocrx_word' id='word_1_749' title='bbox 147 5259 433 5314; x_wconf 73' lang='grc' dir='ltr'>ἀναϐάντα</span> <span class='ocrx_word' id='word_1_750' title='bbox 464 5264 570 5315; x_wconf 82' lang='grc' dir='ltr'><strong>ἀπὸ</strong></span> <span class='ocrx_word' id='word_1_751' title='bbox 598 5266 702 5317; x_wconf 85' lang='grc' dir='ltr'><strong>τῶν</strong></span> <span class='ocrx_word' id='word_1_752' title='bbox 728 5257 970 5332; x_wconf 85' lang='grc' dir='ltr'>λεόντων,</span> <span class='ocrx_word' id='word_1_753' title='bbox 1001 5262 1413 5333; x_wconf 83' lang='grc' dir='ltr'>προσκυνεῖσθαι</span> <span class='ocrx_word' id='word_1_754' title='bbox 1443 5263 1530 5332; x_wconf 80' lang='grc' dir='ltr'><strong>ὑφ’</strong></span> <span class='ocrx_word' id='word_1_755' title='bbox 1562 5266 1593 5332; x_wconf 78' lang='grc' dir='ltr'>ἡ</span> <span class='ocrx_word' id='word_1_756' title='bbox 1603 5265 1718 5332; x_wconf 82' lang='grc' dir='ltr'><strong>μῶν</strong></span> 
     </span>
    </p>
   </div>
   <div class='ocr_carea' id='block_1_100' title="bbox 147 5353 1718 5428">
    <p class='ocr_par' dir='ltr' id='par_1_100' title="bbox 147 5353 1718 5428">
     <span class='ocr_line' id='line_1_102' title="bbox 147 5353 1718 5428; baseline 0.004 -27"><span class='ocrx_word' id='word_1_757' title='bbox 147 5353 305 5424; x_wconf 67' lang='grc' dir='ltr'>ἥπερ</span> <span class='ocrx_word' id='word_1_758' title='bbox 328 5353 415 5404; x_wconf 77' lang='grc' dir='ltr'><strong>τὸν</strong></span> <span class='ocrx_word' id='word_1_759' title='bbox 445 5353 665 5421; x_wconf 82' lang='grc' dir='ltr'>Ἰησοῦν,</span> <span class='ocrx_word' id='word_1_760' title='bbox 699 5356 794 5427; x_wconf 86' lang='grc' dir='ltr'><strong>τὴν</strong></span> <span class='ocrx_word' id='word_1_761' title='bbox 817 5357 1108 5428; x_wconf 82' lang='grc' dir='ltr'>ἀγριότητα</span> <span class='ocrx_word' id='word_1_762' title='bbox 1143 5357 1316 5426; x_wconf 83' lang='grc' dir='ltr'>πάσης</span> <span class='ocrx_word' id='word_1_763' title='bbox 1346 5354 1718 5425; x_wconf 84' lang='grc' dir='ltr'>ἀντικειμένης</span> 
     </span>
    </p>
   </div>
   <div class='ocr_carea' id='block_1_101' title="bbox 1830 4718 3374 4792">
    <p class='ocr_par' dir='ltr' id='par_1_101' title="bbox 1830 4718 3374 4792">
     <span class='ocr_line' id='line_1_103' title="bbox 1830 4718 3374 4792; baseline 0.003 -22"><span class='ocrx_word' id='word_1_764' title='bbox 1830 4735 1857 4770; x_wconf 81' lang='lat' dir='ltr'><strong>a</strong></span> <span class='ocrx_word' id='word_1_765' title='bbox 1894 4734 2104 4774; x_wconf 90' lang='lat' dir='ltr'><strong>summo</strong></span> <span class='ocrx_word' id='word_1_766' title='bbox 2136 4718 2247 4773; x_wconf 90' lang='lat' dir='ltr'><strong>Deo</strong></span> <span class='ocrx_word' id='word_1_767' title='bbox 2281 4721 2514 4776; x_wconf 86' lang='lat' dir='ltr'><strong>honores</strong></span> <span class='ocrx_word' id='word_1_768' title='bbox 2545 4732 2790 4792; x_wconf 88' lang='lat' dir='ltr'><strong>occupet.</strong></span> <span class='ocrx_word' id='word_1_769' title='bbox 2821 4723 2897 4777; x_wconf 77' lang='lat' dir='ltr'><strong>Ac</strong></span> <span class='ocrx_word' id='word_1_770' title='bbox 2935 4719 3102 4777; x_wconf 79' lang='lat' dir='ltr'><strong>Jonas</strong></span> <span class='ocrx_word' id='word_1_771' title='bbox 3129 4723 3374 4790; x_wconf 87' lang='lat' dir='ltr'><strong>quidem,</strong></span> 
     </span>
    </p>
   </div>
   <div class='ocr_carea' id='block_1_102' title="bbox 1831 4809 3374 4888">
    <p class='ocr_par' dir='ltr' id='par_1_102' title="bbox 1831 4809 3374 4888">
     <span class='ocr_line' id='line_1_104' title="bbox 1831 4809 3374 4888; baseline 0.003 -26"><span class='ocrx_word' id='word_1_772' title='bbox 1831 4810 1954 4876; x_wconf 88' lang='lat' dir='ltr'><strong>quia</strong></span> <span class='ocrx_word' id='word_1_773' title='bbox 1981 4811 2124 4879; x_wconf 91' lang='lat' dir='ltr'><strong>quod</strong></span> <span class='ocrx_word' id='word_1_774' title='bbox 2153 4824 2183 4862; x_wconf 90' lang='lat' dir='ltr'><strong>a</strong></span> <span class='ocrx_word' id='word_1_775' title='bbox 2235 4809 2341 4865; x_wconf 89' lang='lat' dir='ltr'><strong>Deo</strong></span> <span class='ocrx_word' id='word_1_776' title='bbox 2366 4810 2572 4888; x_wconf 74' lang='lat' dir='ltr'><strong>iussum</strong></span> <span class='ocrx_word' id='word_1_777' title='bbox 2606 4815 2779 4867; x_wconf 87' lang='lat' dir='ltr'><strong>fuerat</strong></span> <span class='ocrx_word' id='word_1_778' title='bbox 2816 4812 3109 4880; x_wconf 64' lang='lat' dir='ltr'><strong>praedicare</strong></span> <span class='ocrx_word' id='word_1_779' title='bbox 3158 4826 3374 4866; x_wconf 90' lang='lat' dir='ltr'><strong>recusa-</strong></span> 
     </span>
    </p>
   </div>
   <div class='ocr_carea' id='block_1_103' title="bbox 1832 4901 3372 4969">
    <p class='ocr_par' dir='ltr' id='par_1_103' title="bbox 1832 4901 3372 4969">
     <span class='ocr_line' id='line_1_105' title="bbox 1832 4901 3372 4969; baseline 0.003 -17"><span class='ocrx_word' id='word_1_780' title='bbox 1832 4911 1932 4964; x_wconf 89' lang='lat' dir='ltr'><strong>ret,</strong></span> <span class='ocrx_word' id='word_1_781' title='bbox 1966 4901 2252 4969; x_wconf 87' lang='lat' dir='ltr'><strong>absorptus</strong></span> <span class='ocrx_word' id='word_1_782' title='bbox 2281 4915 2367 4958; x_wconf 82' lang='lat' dir='ltr'><strong>est</strong></span> <span class='ocrx_word' id='word_1_783' title='bbox 2395 4916 2426 4954; x_wconf 82' lang='lat' dir='ltr'><strong>a</strong></span> <span class='ocrx_word' id='word_1_784' title='bbox 2451 4911 2570 4956; x_wconf 91' lang='lat' dir='ltr'><strong>ceto</strong></span> <span class='ocrx_word' id='word_1_785' title='bbox 2593 4902 2674 4968; x_wconf 83' lang='lat'><strong>&quot;;</strong></span> <span class='ocrx_word' id='word_1_786' title='bbox 2705 4902 2864 4957; x_wconf 83' lang='lat' dir='ltr'><strong>Jesus</strong></span> <span class='ocrx_word' id='word_1_787' title='bbox 2892 4914 3069 4957; x_wconf 86' lang='lat' dir='ltr'><strong>autem</strong></span> <span class='ocrx_word' id='word_1_788' title='bbox 3099 4903 3372 4957; x_wconf 85' lang='lat' dir='ltr'><strong>hominum</strong></span> 
     </span>
    </p>
   </div>
   <div class='ocr_carea' id='block_1_104' title="bbox 1828 4991 3374 5063">
    <p class='ocr_par' dir='ltr' id='par_1_104' title="bbox 1828 4991 3374 5063">
     <span class='ocr_line' id='line_1_106' title="bbox 1828 4991 3374 5063; baseline 0.003 -20"><span class='ocrx_word' id='word_1_789' title='bbox 1828 4993 1998 5059; x_wconf 80' lang='lat' dir='ltr'><strong>gratia</strong></span> <span class='ocrx_word' id='word_1_790' title='bbox 2050 5002 2279 5045; x_wconf 89' lang='lat' dir='ltr'><strong>mortem</strong></span> <span class='ocrx_word' id='word_1_791' title='bbox 2337 4991 2576 5061; x_wconf 86' lang='lat' dir='ltr'><strong>pertulit,</strong></span> <span class='ocrx_word' id='word_1_792' title='bbox 2633 5003 2916 5062; x_wconf 82' lang='lat' dir='ltr'><strong>postquam</strong></span> <span class='ocrx_word' id='word_1_793' title='bbox 2958 4994 3218 5048; x_wconf 86' lang='lat' dir='ltr'><strong>docuerat</strong></span> <span class='ocrx_word' id='word_1_794' title='bbox 3255 5009 3374 5063; x_wconf 81' lang='lat' dir='ltr'><strong>qua:</strong></span> 
     </span>
    </p>
   </div>
   <div class='ocr_carea' id='block_1_105' title="bbox 1831 5081 3373 5151">
    <p class='ocr_par' dir='ltr' id='par_1_105' title="bbox 1831 5081 3373 5151">
     <span class='ocr_line' id='line_1_107' title="bbox 1831 5081 3373 5151; baseline 0 -15"><span class='ocrx_word' id='word_1_795' title='bbox 1831 5083 1969 5136; x_wconf 82' lang='lat' dir='ltr'><strong>Deus</strong></span> <span class='ocrx_word' id='word_1_796' title='bbox 1993 5083 2178 5137; x_wconf 91' lang='lat' dir='ltr'><strong>voluit.</strong></span> <span class='ocrx_word' id='word_1_797' title='bbox 2228 5081 2430 5137; x_wconf 86' lang='lat' dir='ltr'><strong>Deinde</strong></span> <span class='ocrx_word' id='word_1_798' title='bbox 2455 5085 2531 5137; x_wconf 91' lang='lat' dir='ltr'><strong>ait</strong></span> <span class='ocrx_word' id='word_1_799' title='bbox 2566 5083 2735 5151; x_wconf 80' lang='lat' dir='ltr'><strong>magis</strong></span> <span class='ocrx_word' id='word_1_800' title='bbox 2781 5100 2808 5136; x_wconf 91' lang='lat' dir='ltr'><strong>a</strong></span> <span class='ocrx_word' id='word_1_801' title='bbox 2848 5082 3000 5137; x_wconf 90' lang='lat' dir='ltr'><strong>nobis</strong></span> <span class='ocrx_word' id='word_1_802' title='bbox 3033 5081 3302 5136; x_wconf 81' lang='lat' dir='ltr'><strong>Danielem</strong></span> <span class='ocrx_word' id='word_1_803' title='bbox 3342 5100 3373 5136; x_wconf 77' lang='grc' dir='ltr'><strong>ιι</strong></span> 
     </span>
    </p>
   </div>
   <div class='ocr_carea' id='block_1_106' title="bbox 1827 5172 3370 5252">
    <p class='ocr_par' dir='ltr' id='par_1_106' title="bbox 1827 5172 3370 5252">
     <span class='ocr_line' id='line_1_108' title="bbox 1827 5172 3370 5252; baseline 0.001 -27"><span class='ocrx_word' id='word_1_804' title='bbox 1827 5172 2070 5228; x_wconf 90' lang='lat' dir='ltr'><strong>leonibus</strong></span> <span class='ocrx_word' id='word_1_805' title='bbox 2091 5174 2314 5229; x_wconf 67' lang='lat' dir='ltr'><strong>illaesum</strong></span> <span class='ocrx_word' id='word_1_806' title='bbox 2336 5174 2546 5229; x_wconf 84' lang='lat' dir='ltr'><strong>adorari</strong></span> <span class='ocrx_word' id='word_1_807' title='bbox 2571 5175 2874 5244; x_wconf 90' lang='lat' dir='ltr'><strong>oportuisse</strong></span> <span class='ocrx_word' id='word_1_808' title='bbox 2889 5175 2954 5242; x_wconf 86' lang='grc'>⁸³,</span> <span class='ocrx_word' id='word_1_809' title='bbox 2977 5190 3135 5252; x_wconf 81' lang='lat' dir='ltr'><strong>quam</strong></span> <span class='ocrx_word' id='word_1_810' title='bbox 3166 5173 3370 5235; x_wconf 79' lang='lat' dir='ltr'><strong>Jesum.</strong></span> 
     </span>
    </p>
   </div>
   <div class='ocr_carea' id='block_1_107' title="bbox 1825 5265 3363 5338">
    <p class='ocr_par' dir='ltr' id='par_1_107' title="bbox 1825 5265 3363 5338">
     <span class='ocr_line' id='line_1_109' title="bbox 1825 5265 3363 5338; baseline 0.002 -22"><span class='ocrx_word' id='word_1_811' title='bbox 1825 5267 1914 5331; x_wconf 91' lang='lat' dir='ltr'><strong>qui</strong></span> <span class='ocrx_word' id='word_1_812' title='bbox 1961 5265 2231 5321; x_wconf 86' lang='lat' dir='ltr'><strong>feritatem</strong></span> <span class='ocrx_word' id='word_1_813' title='bbox 2261 5268 2435 5321; x_wconf 89' lang='lat' dir='ltr'><strong>onmis</strong></span> <span class='ocrx_word' id='word_1_814' title='bbox 2469 5268 2798 5325; x_wconf 75' lang='lat' dir='ltr'><strong>adversaria:</strong></span> <span class='ocrx_word' id='word_1_815' title='bbox 2840 5267 3122 5338; x_wconf 75' lang='lat' dir='ltr'><strong>potestatis</strong></span> <span class='ocrx_word' id='word_1_816' title='bbox 3156 5269 3363 5336; x_wconf 82' lang='lat' dir='ltr'><strong>procul-</strong></span> 
     </span>
    </p>
   </div>
   <div class='ocr_carea' id='block_1_108' title="bbox 1823 5349 3370 5430">
    <p class='ocr_par' dir='ltr' id='par_1_108' title="bbox 1823 5349 3370 5430">
     <span class='ocr_line' id='line_1_110' title="bbox 1823 5349 3370 5430; baseline 0.003 -22"><span class='ocrx_word' id='word_1_817' title='bbox 1823 5357 1966 5409; x_wconf 87' lang='lat' dir='ltr'><strong>cavit</strong></span> <span class='ocrx_word' id='word_1_818' title='bbox 1987 5357 2059 5422; x_wconf 72' lang='grc'><strong>⁵⁸,</strong></span> <span class='ocrx_word' id='word_1_819' title='bbox 2112 5368 2158 5411; x_wconf 81' lang='lat' dir='ltr'><strong>et</strong></span> <span class='ocrx_word' id='word_1_820' title='bbox 2195 5358 2337 5411; x_wconf 82' lang='lat' dir='ltr'><strong>dedit</strong></span> <span class='ocrx_word' id='word_1_821' title='bbox 2367 5349 2531 5413; x_wconf 74' lang='lat' dir='ltr'><strong>nobis</strong></span> <span class='ocrx_word' id='word_1_822' title='bbox 2584 5369 2884 5428; x_wconf 73' lang='lat' dir='ltr'><strong>potestatem</strong></span> <span class='ocrx_word' id='word_1_823' title='bbox 2932 5360 3169 5413; x_wconf 81' lang='lat' dir='ltr'><strong>calcandi</strong></span> <span class='ocrx_word' id='word_1_824' title='bbox 3214 5376 3370 5430; x_wconf 72' lang='lat' dir='ltr'><strong>supra</strong></span> 
     </span>
    </p>
   </div>
   <div class='ocr_carea' id='block_1_109' title="bbox 229 5499 1732 5587">
    <p class='ocr_par' dir='ltr' id='par_1_109' title="bbox 229 5499 1694 5582">
     <span class='ocr_line' id='line_1_111' title="bbox 229 5499 1694 5582; baseline 0.001 -23"><span class='ocrx_word' id='word_1_825' title='bbox 229 5503 274 5535; x_wconf 74' lang='lat'><strong>&quot;</strong></span> <span class='ocrx_word' id='word_1_826' title='bbox 297 5499 481 5557; x_wconf 41' lang='lat' dir='ltr'><strong>Maltlt‘.</strong></span> <span class='ocrx_word' id='word_1_827' title='bbox 509 5513 662 5570; x_wconf 66' lang='lat' dir='ltr'><strong>tum,</strong></span> <span class='ocrx_word' id='word_1_828' title='bbox 691 5508 794 5572; x_wconf 65' lang='lat'><strong>59,</strong></span> <span class='ocrx_word' id='word_1_829' title='bbox 836 5579 837 5582; x_wconf 17' lang='grc' dir='ltr'><strong>η</strong></span> <span class='ocrx_word' id='word_1_830' title='bbox 897 5511 942 5564; x_wconf 72' lang='grc'><strong>⁸9</strong></span> <span class='ocrx_word' id='word_1_831' title='bbox 963 5504 1079 5564; x_wconf 79' lang='lat' dir='ltr'><strong>Jun.</strong></span> <span class='ocrx_word' id='word_1_832' title='bbox 1108 5525 1186 5574; x_wconf 82' lang='lat' dir='ltr'><strong>ut,</strong></span> <span class='ocrx_word' id='word_1_833' title='bbox 1215 5510 1264 5562; x_wconf 70' lang='grc'><strong>4.</strong></span> <span class='ocrx_word' id='word_1_834' title='bbox 1343 5510 1383 5538; x_wconf 83' lang='grc'><strong>⁵¹</strong></span> <span class='ocrx_word' id='word_1_835' title='bbox 1412 5506 1533 5561; x_wconf 78' lang='lat' dir='ltr'><strong>Jun.</strong></span> <span class='ocrx_word' id='word_1_836' title='bbox 1561 5523 1617 5571; x_wconf 88' lang='grc' dir='ltr'><strong>ιι,</strong></span> <span class='ocrx_word' id='word_1_837' title='bbox 1645 5507 1694 5561; x_wconf 84' lang='lat' dir='ltr'><strong>l.</strong></span> 
     </span>
    </p>
   </div>
   <div class='ocr_carea' id='block_1_110' title="bbox 1830 5499 3156 5587">
    <p class='ocr_par' dir='ltr' id='par_1_110' title="bbox 1830 5508 3156 5587">
     <span class='ocr_line' id='line_1_112' title="bbox 1830 5508 3156 5587; baseline 0.008 -26"><span class='ocrx_word' id='word_1_838' title='bbox 1830 5508 1974 5563; x_wconf 68' lang='grc' dir='ltr'><strong>ἰιιυιι.</strong></span> <span class='ocrx_word' id='word_1_839' title='bbox 2002 5529 2036 5574; x_wconf 90' lang='grc' dir='ltr'><strong>ι,</strong></span> <span class='ocrx_word' id='word_1_840' title='bbox 2064 5513 2116 5566; x_wconf 84' lang='grc'><strong>5.</strong></span> <span class='ocrx_word' id='word_1_841' title='bbox 2194 5513 2239 5545; x_wconf 87' lang='grc'><strong>⁸³</strong></span> <span class='ocrx_word' id='word_1_842' title='bbox 2266 5514 2395 5568; x_wconf 85' lang='lat' dir='ltr'><strong>Dan.</strong></span> <span class='ocrx_word' id='word_1_843' title='bbox 2423 5531 2492 5587; x_wconf 89' lang='lat' dir='ltr'><strong>vt,</strong></span> <span class='ocrx_word' id='word_1_844' title='bbox 2517 5514 2605 5569; x_wconf 76' lang='lat'><strong>25.</strong></span> <span class='ocrx_word' id='word_1_845' title='bbox 2696 5517 2742 5547; x_wconf 76' lang='lat'>”</span> <span class='ocrx_word' id='word_1_846' title='bbox 2763 5515 2961 5572; x_wconf 86' lang='lat' dir='ltr'><strong>Coloss.</strong></span> <span class='ocrx_word' id='word_1_847' title='bbox 2986 5531 3044 5584; x_wconf 88' lang='lat' dir='ltr'><strong>tt,</strong></span> <span class='ocrx_word' id='word_1_848' title='bbox 3074 5517 3156 5572; x_wconf 81' lang='grc'><strong>15.</strong></span> 
     </span>
    </p>
   </div>
   <div class='ocr_carea' id='block_1_111' title="bbox 232 5655 1703 5734">
    <p class='ocr_par' dir='ltr' id='par_1_111' title="bbox 232 5655 1703 5734">
     <span class='ocr_line' id='line_1_113' title="bbox 232 5655 1703 5734; baseline 0.001 -20"><span class='ocrx_word' id='word_1_849' title='bbox 232 5657 343 5728; x_wconf 67' lang='lat'><strong>(58)</strong></span> <span class='ocrx_word' id='word_1_850' title='bbox 383 5655 535 5734; x_wconf 53' lang='lat' dir='ltr'><strong>Liltb.</strong></span> <span class='ocrx_word' id='word_1_851' title='bbox 563 5658 716 5734; x_wconf 54' lang='lat' dir='ltr'><strong>editi,</strong></span> <span class='ocrx_word' id='word_1_852' title='bbox 758 5665 1176 5734; x_wconf 86' lang='grc' dir='ltr'>προηγουμένως</span> <span class='ocrx_word' id='word_1_853' title='bbox 1226 5660 1364 5734; x_wconf 59' lang='grc' dir='ltr'>εἶναι</span> <span class='ocrx_word' id='word_1_854' title='bbox 1395 5663 1703 5734; x_wconf 80' lang='grc' dir='ltr'>συμϐαῖνον,</span> 
     </span>
    </p>
   </div>
   <div class='ocr_carea' id='block_1_112' title="bbox 149 5728 1397 5796">
    <p class='ocr_par' dir='ltr' id='par_1_112' title="bbox 149 5728 1397 5796">
     <span class='ocr_line' id='line_1_114' title="bbox 149 5728 1397 5796; baseline 0.003 -14"><span class='ocrx_word' id='word_1_855' title='bbox 149 5741 255 5782; x_wconf 68' lang='lat' dir='ltr'><strong>scit</strong></span> <span class='ocrx_word' id='word_1_856' title='bbox 289 5747 316 5780; x_wconf 66' lang='grc' dir='ltr'><strong>ιι</strong></span> <span class='ocrx_word' id='word_1_857' title='bbox 348 5729 532 5796; x_wconf 80' lang='lat' dir='ltr'><strong>codice</strong></span> <span class='ocrx_word' id='word_1_858' title='bbox 563 5728 851 5796; x_wconf 62' lang='lat' dir='ltr'><strong>BasiletatISi</strong></span> <span class='ocrx_word' id='word_1_859' title='bbox 888 5728 1032 5793; x_wconf 67' lang='lat' dir='ltr'><strong>recte</strong></span> <span class='ocrx_word' id='word_1_860' title='bbox 1059 5737 1209 5787; x_wconf 87' lang='lat' dir='ltr'><strong>abest</strong></span> <span class='ocrx_word' id='word_1_861' title='bbox 1241 5732 1397 5786; x_wconf 83' lang='grc' dir='ltr'>εἶναι.</span> 
     </span>
    </p>
   </div>
   <div class='ocr_carea' id='block_1_113' title="bbox 234 5793 1714 5877">
    <p class='ocr_par' dir='ltr' id='par_1_113' title="bbox 234 5793 1714 5877">
     <span class='ocr_line' id='line_1_115' title="bbox 234 5793 1714 5877; baseline 0.005 -27"><span class='ocrx_word' id='word_1_862' title='bbox 234 5797 345 5868; x_wconf 66' lang='lat' dir='ltr'><strong>Mil)</strong></span> <span class='ocrx_word' id='word_1_863' title='bbox 380 5794 548 5877; x_wconf 46' lang='grc' dir='ltr'>(λιιιίι-Ιί</span> <span class='ocrx_word' id='word_1_864' title='bbox 584 5793 778 5877; x_wconf 61' lang='lat' dir='ltr'><strong>Regius</strong></span> <span class='ocrx_word' id='word_1_865' title='bbox 809 5800 1438 5877; x_wconf 42' lang='lat' dir='ltr'><strong>et_l5.:_tsi_lceusis,dimov</strong></span> <span class='ocrx_word' id='word_1_866' title='bbox 1485 5807 1714 5877; x_wconf 74' lang='grc' dir='ltr'>ἐπιρρη-</span> 
     </span>
    </p>
   </div>
   <div class='ocr_carea' id='block_1_114' title="bbox 149 5866 1710 5946">
    <p class='ocr_par' dir='ltr' id='par_1_114' title="bbox 149 5866 1710 5946">
     <span class='ocr_line' id='line_1_116' title="bbox 149 5866 1710 5946; baseline 0.005 -24"><span class='ocrx_word' id='word_1_867' title='bbox 149 5866 402 5922; x_wconf 74' lang='grc' dir='ltr'>τάτατον.</span> <span class='ocrx_word' id='word_1_868' title='bbox 436 5866 588 5922; x_wconf 85' lang='lat' dir='ltr'><strong>Libb.</strong></span> <span class='ocrx_word' id='word_1_869' title='bbox 628 5868 777 5934; x_wconf 83' lang='lat' dir='ltr'><strong>editi,</strong></span> <span class='ocrx_word' id='word_1_870' title='bbox 830 5869 975 5943; x_wconf 85' lang='grc' dir='ltr'>αύτῷ</span> <span class='ocrx_word' id='word_1_871' title='bbox 1016 5872 1454 5946; x_wconf 71' lang='grc' dir='ltr'>ιπιρρητότατον.</span> <span class='ocrx_word' id='word_1_872' title='bbox 1505 5866 1710 5946; x_wconf 49' lang='lat' dir='ltr'><strong>Legisti-</strong></span> 
     </span>
    </p>
   </div>
   <div class='ocr_carea' id='block_1_115' title="bbox 1815 5662 2601 5790">
    <p class='ocr_par' dir='ltr' id='par_1_115' title="bbox 1815 5662 2601 5790">
     <span class='ocr_line' id='line_1_117' title="bbox 1815 5662 2601 5790; baseline 0.01 -76"><span class='ocrx_word' id='word_1_873' title='bbox 1815 5662 1936 5715; x_wconf 87' lang='lat' dir='ltr'><strong>dum</strong></span> <span class='ocrx_word' id='word_1_874' title='bbox 1965 5665 2111 5750; x_wconf 61' lang='grc' dir='ltr'>αὐτῷ</span> <span class='ocrx_word' id='word_1_875' title='bbox 2146 5669 2601 5790; x_wconf 51' lang='grc' dir='ltr'>ἐπῖρρητοτάτων.</span> 
     </span>
     <span class='ocr_line' id='line_1_118' title="bbox 1889 5734 2601 5790; baseline 0 0"><span class='ocrx_word' id='word_1_876' title='bbox 1889 5734 1998 5790; x_wconf 82' lang='grc'><strong>(50)</strong></span> <span class='ocrx_word' id='word_1_877' title='bbox 2055 5740 2182 5790; x_wconf 81' lang='lat' dir='ltr'><strong>Ira.</strong></span> <span class='ocrx_word' id='word_1_878' title='bbox 2273 5751 2362 5790; x_wconf 87' lang='lat' dir='ltr'><strong>nte</strong></span> <span class='ocrx_word' id='word_1_879' title='bbox 2392 5740 2529 5790; x_wconf 88' lang='lat' dir='ltr'><strong>hanc</strong></span> <span class='ocrx_word' id='word_1_880' title='bbox 2557 5758 2601 5790; x_wconf 79' lang='lat' dir='ltr'><strong>vt</strong></span> 
     </span>
    </p>
   </div>
   <div class='ocr_carea' id='block_1_116' title="bbox 1889 5734 3362 5809">
    <p class='ocr_par' dir='ltr' id='par_1_116' title="bbox 1889 5734 3362 5809">
     <span class='ocr_line' id='line_1_119' title="bbox 1889 5734 3362 5809; baseline 0.003 -22"><span class='ocrx_word' id='word_1_881' title='bbox 1889 5734 1998 5804; x_wconf 86' lang='lat'><strong>(50)</strong></span> <span class='ocrx_word' id='word_1_882' title='bbox 2033 5735 2182 5790; x_wconf 81' lang='lat' dir='ltr'><strong>&quot;Ira.</strong></span> <span class='ocrx_word' id='word_1_883' title='bbox 2226 5734 2362 5793; x_wconf 74' lang='lat' dir='ltr'><strong>Aine</strong></span> <span class='ocrx_word' id='word_1_884' title='bbox 2392 5740 2529 5796; x_wconf 90' lang='lat' dir='ltr'><strong>hanc</strong></span> <span class='ocrx_word' id='word_1_885' title='bbox 2557 5755 2737 5798; x_wconf 89' lang='lat' dir='ltr'><strong>vocem</strong></span> <span class='ocrx_word' id='word_1_886' title='bbox 2783 5742 2991 5797; x_wconf 82' lang='lat' dir='ltr'><strong>videtur</strong></span> <span class='ocrx_word' id='word_1_887' title='bbox 3023 5741 3207 5795; x_wconf 71' lang='lat' dir='ltr'><strong>deesse</strong></span> <span class='ocrx_word' id='word_1_888' title='bbox 3237 5737 3362 5809; x_wconf 67' lang='grc' dir='ltr'>φεύ-</span> 
     </span>
    </p>
   </div>
   <div class='ocr_carea' id='block_1_117' title="bbox 1819 5810 2446 5888">
    <p class='ocr_par' dir='ltr' id='par_1_117' title="bbox 1819 5810 2446 5888">
     <span class='ocr_line' id='line_1_120' title="bbox 1819 5810 2446 5888; baseline 0.014 -33"><span class='ocrx_word' id='word_1_889' title='bbox 1819 5819 1946 5872; x_wconf 83' lang='grc' dir='ltr'>γων,</span> <span class='ocrx_word' id='word_1_890' title='bbox 1977 5815 2066 5860; x_wconf 81' lang='lat' dir='ltr'><strong>aut</strong></span> <span class='ocrx_word' id='word_1_891' title='bbox 2097 5810 2223 5888; x_wconf 84' lang='lat' dir='ltr'><strong>quid</strong></span> <span class='ocrx_word' id='word_1_892' title='bbox 2253 5810 2446 5866; x_wconf 79' lang='lat' dir='ltr'><strong>simile.</strong></span> 
     </span>
    </p>
   </div>
  </div>
