4076 6312
701 475 836 568 ists
873 552 886 570 θ

2196 460 2518 521 οιιιοεΝιε

3799 417 3938 512 ιεισ

705 596 846 671 ipsis
877 568 1143 650 dissidere
1179 605 1301 646 cum
1333 601 1591 659 negamus
1625 585 1964 640 divinitatem
2007 597 2127 638 esse
2161 583 2261 637 lm-

2372 579 2625 642 ἐναντίοις
2655 577 3136 651 περιπίπτειν,λὸτε
3164 576 3341 652 φαμὲν
3378 574 3453 646 μὴ
3491 569 3633 628 εἶναι
3655 568 3938 641 ἀνθρωπό-

707 701 872 744 mna
931 684 1140 748 forma,
1196 691 1251 736 et
1286 677 1634 733 nihilominus
1674 675 1948 729 credimus
1974 671 2140 726 Deum
2179 671 2259 726 le-

709 779 852 834 rlsse
885 777 1158 832 hominem
1191 789 1341 830 suam
1372 771 1660 840 imaginem
1683 810 1698 836 ,
1739 776 1794 822 et
1823 768 1877 821 in
1905 766 2135 834 imagine
2171 763 2261 818 Dei

705 870 903 924 fecisse
943 868 1131 933 illum;
1165 867 1216 920 id
1268 863 1620 919 refellendum
1652 869 1708 913 ut
1747 873 1910 928 supra
1942 874 1957 906 :
1985 870 2176 924 nempe
2208 855 2261 907 in

714 963 897 1017 anima
932 959 1154 1014 rationi:
1185 953 1452 1026 participe
1502 959 1558 1007 et
1609 949 1676 1003 ad
1727 949 1981 1001 virtutem
2031 944 2263 998 formata

645 1046 678 1068 ”
717 1053 1040 1120 impressum
1069 1045 1272 1102 servari
1309 1041 1561 1112 imaginis
1605 1039 1700 1093 Dei
1735 1039 2103 1093 characterem
2129 1049 2144 1096 ;
2175 1033 2264 1088 ubi
2301 1033 2310 1100 χ

701 1143 866 1196 etiam
897 1138 1108 1203 Celsus,
1139 1151 1264 1191 tum
1319 1150 1424 1189 non
1461 1131 1784 1200 intelligeret
1825 1128 1953 1196 quid
2012 1123 2265 1180 dilicrant

709 1240 825 1292 hac
853 1237 978 1299 duo,
1006 1249 1123 1288 esse
1149 1230 1438 1301 imaginem
1486 1228 1602 1298 Dei,
1643 1234 1698 1279 et
1748 1223 1923 1300 creari
1973 1221 2263 1276 secundum

712 1325 1000 1395 imaginem
1035 1324 1126 1377 Dei
1149 1336 1299 1385 ,vnos
1328 1319 1454 1373 facit
1477 1319 1736 1379 dicentes,
1769 1315 1936 1367 Deum
1965 1311 2146 1380 fecisse
2171 1312 2268 1364 Ito-

706 1421 893 1472 minem
922 1399 1069 1477 suam
1091 1413 1390 1482 imaginem,
1415 1419 1463 1462 et
1497 1407 1670 1478 forma
1701 1405 1925 1460 similem
1941 1404 2058 1458 sibi.
2089 1401 2192 1457 Sed
2211 1409 2267 1455 ct

710 1511 774 1563 de
805 1507 890 1562 his
925 1506 1038 1577 jam
1071 1519 1231 1572 supra
1254 1502 1455 1555 dictum
1480 1509 1584 1554 est.
1816 1559 1824 1565 _

774 1595 864 1650 67.
909 1597 1037 1650 Post
1076 1595 1189 1648 haec
1224 1590 1414 1646 Celsus
1447 1590 1513 1643 de
1549 1585 1876 1642 Christianis
1912 1584 1990 1638 ait
2036 1600 2051 1636 :
2086 1579 2268 1634 Facile

692 1689 1051 1741 concesserint
1096 1703 1156 1738 ea
1191 1700 1300 1737 esse
1356 1678 1521 1734 cultui
1573 1678 1871 1747 aliquorum
1925 1684 2266 1735 consecrata,

709 1781 815 1834 sive
844 1778 925 1832 illi
958 1777 1176 1841 similes,
1206 1776 1311 1828 sive
1338 1767 1619 1822 dissimiles
1654 1767 1823 1836 forma
1844 1767 1981 1829 sint;
2013 1780 2119 1818 non
2152 1779 2268 1816 vero

703 1889 816 1926 esse
846 1871 992 1935 deos,
1016 1868 1205 1937 quibus
1237 1865 1346 1917 lucc
1372 1863 1664 1930 eriguntur,
1717 1859 1804 1912 sed
1834 1874 1945 1911 esse
1969 1858 2269 1920 da'mones;

2369 688 2571 744 μορφον
2612 670 2673 724 τὸ
2731 671 2919 733 Θείον,
2945 669 3040 722 καὶ
3079 671 3169 723 ὅτε
3215 665 3578 734 πιστεύομεν,
3612 662 3694 714 ὅτι
3733 661 3764 712 ὁ
3805 656 3936 715 Θεὸς

2363 765 2584 834 ἐποίησε
2605 764 2696 815 τὸν
2719 761 2997 832 ἄνθρωπον
3027 759 3158 811 ἰδίαν
3184 757 3386 821 εἰκόνα,
3407 756 3500 807 καὶ
3523 755 3581 806 ὲν
3606 753 3773 804 εἰκόνι
3799 748 3931 802 Θεοῦ

2365 857 2615 926 ἐποίησεν
2638 855 2828 910 αὐτόν’
2856 852 3091 915 λεκτέον,
3123 852 3197 915 ὡς
3230 851 3324 904 καὶ
3349 852 3408 903 έν
3434 850 3546 910 τοῖς
3569 845 3822 916 ἀνωτέρω
3855 843 3930 895 εῖ-

2369 966 2523 1020 ρηται
2543 988 2558 1011 ,
2594 949 2674 1000 ὅτι
2703 946 2763 999 τὸ
2805 945 2924 998 κατ’
2967 944 3147 997 εἰκόνα
3170 940 3305 994 Θεοῦ
3339 941 3398 992 ἐν
3423 939 3568 1008 ψυχῇ
3609 935 3800 1004 λογικῇ
3819 974 3834 993 .
3864 935 3930 1002 τῇ

2373 1042 2500 1111 ποιᾷ
2539 1041 2658 1093 κατ’
2693 1038 2891 1110 ἀρετὴν
2910 1077 2926 1102 ,
2973 1033 3238 1099 σώζεσθαι
3265 1032 3464 1103 φαμέν.
3510 1029 3623 1082 Καὶ
3649 1027 3779 1080 ἔνθα
3807 1025 3930 1094 μέν·

2364 1150 2445 1211 τοι
2490 1135 2520 1185 ὀ
2563 1131 2801 1194 Κέλσος,
2836 1127 3072 1201 μὴίδὼν
3113 1125 3374 1198 διαφορὰν
3413 1123 3620 1184 εἰκόνος
3661 1117 3798 1172 θεοῦ
3839 1118 3931 1169 καὶ

2359 1209 2456 1278 ’τοῦ
2489 1226 2607 1277 κατ’
2637 1223 2818 1276 εἰκόνα
2845 1222 3000 1288 Θεοῦ,
3029 1221 3189 1292 φησὶν
3237 1220 3384 1290 ἡμᾶς
3407 1214 3603 1284 λέγειν,
3629 1212 3712 1264 ὅτι
3740 1214 3772 1263 ό
3792 1209 3931 1274 Θεὸς

2364 1317 2614 1382 ἐποίησε
2657 1314 2762 1368 τὸν
2805 1315 3116 1384 ἄνθρωπον·
3173 1312 3331 1366 ἰδίαν
3382 1307 3587 1362 εἰκόνα
3634 1303 3732 1358 καὶ
3776 1298 3930 1366 εἶδος

2365 1408 2571 1478 ὅμοιον
2599 1406 2787 1473 ἐαυτῷ
2804 1424 2817 1437 °
2847 1408 3061 1480 εἴρηται
3088 1406 3146 1459 δὲ
3172 1408 3229 1457 ὲν
3257 1404 3370 1464 τοῖς
3395 1397 3650 1467 ἀνωτέρω
3674 1395 3771 1448 καὶ
3798 1393 3931 1464 πρὸς

2365 1518 2555 1554 ταυτα.

2437 1586 2550 1643 Εἴθ’
2576 1589 2700 1659 ἑξῆς
2725 1605 2856 1659 φησι
2881 1589 3009 1659 περὶ
3037 1583 3372 1657 Χριστιανῶν
3393 1622 3409 1647 ,
3438 1583 3550 1645 ὅτι,
3585 1576 3930 1642 ruralium--

2368 1693 2466 1730 ται
2490 1677 2606 1746 μὲν
2632 1673 2782 1730 εἶναι
2827 1675 2990 1729 ταῦτ’
3022 1675 3120 1728 ἐπὶ
3153 1673 3291 1742 τιμῇ
3334 1686 3511 1725 τινων
3531 1708 3546 1735 ,
3571 1669 3610 1736 ἢ
3645 1667 3864 1736 ὁμοίων
3892 1665 3929 1730 ἦ

2367 1771 2660 1838 ἀνομοίων
2691 1767 2755 1822 τὸ
2781 1765 2940 1833 εἶδος
2962 1785 2976 1798 ·
3009 1768 3150 1820 οὔτε
3172 1764 3239 1817 δὲ
3265 1762 3438 1828 θεοὺς
3467 1762 3640 1822 εἶναι,
3663 1752 3758 1825 οἷς
3777 1755 3931 1809 ταῦτ’

2369 1861 2667 1914 ἀνάκειται
2690 1899 2705 1922 ,
2759 1860 2920 1913 ἀλλὰ
2969 1858 3282 1926 δαίμονας·
3338 1854 3475 1907 οὔτε
3511 1849 3733 1920 χρῆναι
3773 1852 3934 1914 θερα-

703 1979 799 2018 ttec
824 1961 905 2030 fas
935 1977 1044 2014 esse
1073 1958 1165 2011 Dei
1190 1956 1380 2009 cultori
1401 1955 1565 2006 ullum
1595 1951 1918 2006 da'monibus
1950 1949 2147 2001 cultum
2171 1949 2268 2000 tri-

2372 1951 2572 2004 πεὺειν
2600 1950 2886 2017 δαίμονας
2910 1987 2926 2009 ,
2957 1947 3127 2011 ὅστις
3158 1943 3317 1998 σέϐει
3369 1942 3534 1995 Θεόν.
3565 1941 3674 1992 Καὶ
3716 1937 3768 1990 εἰ
3808 1934 3933 2004 ipti-

707 2054 886 2106 buere.
921 2051 976 2106 Si
1008 2051 1245 2104 novisset
1277 2048 1578 2100 dicmonum
1615 2051 1891 2108 naturam,
1928 2052 1985 2096 et
2016 2055 2138 2110 qua:
2175 2054 2265 2094 eo-

712 2159 830 2198 rum
869 2142 1250 2210 unusquisque
1283 2138 1432 2200 facit,
1461 2136 1576 2190 sive
1602 2145 1827 2188 vocetur
1856 2134 1923 2186 ab
1959 2132 2106 2188 illius
2133 2131 2266 2185 artis

711 2234 926 2302 peritis,
982 2233 1096 2286 sive
1133 2237 1323 2298 sponte
1353 2236 1474 2296 agat
1522 2227 1666 2295 quod
1712 2224 1824 2276 vult
1881 2235 1936 2278 ct
1973 2232 2184 2292 potest;
2221 2221 2266 2275 si

710 2333 1018 2396 perceptam
1049 2321 1330 2375 habuisset
1364 2315 1790 2372 de'dtcmonibus
1818 2314 2118 2368 doctrinam
2139 2353 2156 2378 ,
2189 2313 2268 2366 al-

713 2427 820 2472 tam
857 2431 989 2470 sane
1017 2423 1072 2470 et
1103 2421 1312 2466 naturae
1349 2411 1598 2464 humana:
1639 2407 1913 2462 intellectu
1964 2403 2264 2468 diliicilem,

708 2509 910 2581 probro
934 2522 1037 2560 non
1061 2503 1298 2559 dedisset
1325 2500 1519 2567 nobis,
1544 2499 1686 2570 quod
1724 2512 1981 2567 negamus
2014 2495 2268 2549 colendos

709 2614 831 2654 esse
874 2599 1143 2651 dzcmones
1170 2591 1216 2648 ei
1250 2592 1339 2662 qui
1388 2604 1656 2646 summum
1689 2589 1853 2642 Deum
1895 2584 2103 2640 aderat.
2145 2585 2260 2638 lmo

709 2699 916 2745 tantum
954 2689 1107 2741 abest
1140 2695 1200 2739 ut
1227 2683 1429 2738 cultum
1455 2680 1790 2736 dzemonibus
1829 2679 2140 2733 deferamus
2162 2717 2176 2740 ,
2208 2666 2269 2730 ut

673 2813 678 2819 ι
711 2781 876 2835 etiam
909 2778 1030 2830 illos
1067 2785 1118 2830 et
1139 2774 1393 2845 precibus
1420 2781 1474 2825 et
1505 2773 1625 2824 aliis
1658 2769 1830 2824 modis
1853 2784 1995 2838 quos
2017 2768 2265 2834 Scriptu-

712 2866 788 2926 ra:
837 2882 1005 2923 sacra:
1061 2863 1221 2936 742
1279 2862 1438 2917 nobis
1492 2859 1859 2928 suppeditant,
1890 2857 2170 2926 ejiciamus
2199 2869 2268 2907 ex

714 2957 992 3013 hominum
1051 2952 1362 3018 animabus,
1415 2965 1485 3013 ex
1532 2948 1666 3003 locis
1707 2947 1796 3001 ubi
1828 2945 2136 3006 considunt,
2164 2941 2267 2996 ali-

713 3050 927 3121 quando
974 3047 1136 3102 etiam
1187 3059 1256 3099 ex
1307 3042 1670 3098 animantium
1719 3036 2058 3106 corporibus.
2113 3032 2269 3102 Saepe

714 3141 859 3196 enim
891 3138 1133 3208 qua-dam
1158 3135 1429 3190 daemones
1473 3130 1710 3192 faciunt,
1765 3139 1885 3197 qua:
1931 3124 2096 3179 etiam
2151 3122 2270 3176 ani-

715 3230 986 3287 mantibus
1013 3225 1309 3297 perniciem
1333 3222 1587 3277 aﬂ'erant.

731 3349 735 3352 -
785 3318 1167 3385 68.'Quoniam
1199 3329 1328 3370 vero
1376 3312 1624 3383 superius
1676 3306 1939 3378 permulta
1987 3304 2052 3359 de
2078 3301 2202 3358 Jesu
2239 3317 2270 3356 a

717 3409 872 3465 nobis
905 3410 1044 3462 dicta
1093 3415 1253 3470 sunt,
1286 3418 1391 3458 non
1422 3416 1558 3470 Opus
1586 3407 1674 3454 est
1705 3407 1762 3452 ut
1795 3397 1980 3451 eadem
2007 3409 2152 3447 nunc
2189 3407 2273 3446 reo

713 3510 960 3572 petamus
992 3511 1100 3567 quo
1126 3493 1512 3561 respondeatur
1541 3489 1609 3567 ad
1637 3488 1778 3541 istud
1801 3503 1821 3561 :1
1848 3482 2123 3552 Manifeste
2149 3498 2273 3542 con-

713 3594 999 3662 vincuntur
1023 3574 1118 3642 nec
1148 3587 1348 3649 Deum,
1379 3599 1473 3645 nec
1496 3584 1737 3636 dtemona
1779 3576 1948 3630 colere
1969 3614 1984 3639 ,
2014 3575 2102 3628 sed
2129 3590 2272 3626 mor—

717 3693 887 3736 tuum.
919 3677 1282 3747 Quamobrem
1317 3675 1420 3729 hoc
1439 3670 1802 3742 praetermisso
1829 3667 2104 3722 videamus
2142 3663 2272 3734 quid

720 3776 977 3841 deinceps
1002 3770 1191 3825 Celsus
1242 3767 1432 3820 dicat:
1476 3765 1550 3817 Ac
1584 3763 1807 3831 primunt
1846 3755 2137 3833 quaesierim
2179 3772 2274 3810 cur

717 3864 921 3916 colendi
951 3877 1053 3914 non
1081 3860 1182 3912 sint
1219 3857 1524 3912 dwmones?
1568 3853 1758 3928 anne
1801 3854 1981 3906 omnia
2029 3867 2123 3919 pro
2175 3847 2273 3901 Dei

719 3962 849 4006 nutu
877 3951 1339 4013 administrantur,
1372 3955 1419 3997 et
1447 3960 1511 3997 ea;
1541 3929 1632 3995 illo
1670 3942 1841 3994 omnis
1883 3950 1957 3993 est
1994 3938 2273 4008 providen-

716 4045 836 4100 tia?
866 4043 1054 4097 Nonne
1082 4038 1334 4108 quidquid
1358 4036 1418 4105 [it
1451 4037 1556 4088 sive
1576 4050 1606 4086 α
1640 4033 1746 4088 Deo
1771 4070 1787 4096 ,
1815 4032 1918 4084 sive
1947 4031 2009 4082 ab
2037 4029 2233 4098 angelis
2253 4067 2270 4092 ,

717 4138 834 4191 sire
856 4135 920 4188 ab.
937 4133 1058 4186 aliis
1090 4131 1412 4184 daemonibus
1432 4169 1448 4193 ,
1480 4128 1586 4180 sive
1611 4127 1676 4178 ab
1702 4123 1942 4176 heroibus
1962 4161 1978 4187 ,
2025 4122 2079 4174 id
2123 4137 2274 4174 omne

717 4229 879 4297 legem
914 4243 946 4277 α
994 4239 1196 4277 summa
1225 4221 1331 4274 Deo
1360 4219 1716 4289 prtcscriptam
1751 4216 1939 4290 habet?
1963 4211 2153 4266 Nonne
2193 4229 2276 4266 re-

718 4319 813 4372 bus
840 4315 1061 4384 singulis
1090 4329 1205 4367 cum
1237 4321 1490 4382 potestate
1526 4309 1805 4379 prtefectus
1846 4315 1925 4360 est
1979 4306 2275 4375 quicunque

718 4406 816 4462 hoc
853 4421 1063 4458 munere
1086 4404 1335 4472 dignatus
1363 4412 1436 4455 est
1458 4401 1484 4454 7
1521 4399 1642 4453 Non
1667 4401 1828 4467 igitur
1860 4397 1950 4464 qui
1980 4394 2149 4447 Deum
2187 4409 2277 4445 co-

720 4499 802 4560 lit,
831 4498 874 4550 is
894 4498 1034 4564 juste
1054 4496 1204 4548 illum
1225 4492 1368 4554 colit,
1390 4493 1474 4546 cui
1497 4508 1527 4543 a
1551 4489 1656 4542 Deo
1678 4502 1921 4550 concessa
1936 4492 2160 4552 potestas
2177 4489 2277 4535 est.

2370 2038 2528 2093 στατό
2563 2057 2627 2109 γε
2665 2039 2759 2091 τὸν
2802 2040 2930 2110 περὶ
2968 2036 3234 2106 δαιμόνων
3265 2033 3420 2100 λόγον
3438 2071 3453 2094 ,
3483 2031 3578 2086 καί
3602 2023 3676 2082 ὧν
3715 2028 3935 2084 ἕκαστος

2368 2129 2544 2182 αὐτῶν
2571 2130 2798 2199 ἐνεργεῖ,
2831 2127 2942 2180 εἴτε
2968 2125 3298 2194 καλούμενος
3318 2121 3431 2182 ,ὑπὸ
3458 2119 3567 2172 τῶν
3607 2118 3741 2188 περὶ
3770 2114 3934 2168 ταῦτα

2367 2220 2572 2284 δεινῶν,
2602 2219 2713 2272 εἴτε
2743 2220 2836 2272 καὶ
2863 2218 3124 2280 ἑκουσίως
3159 2214 3425 2275 ἐπιδιδοὺς
3454 2212 3648 2266 ἑαυτὸν
3759 2209 3934 2279 βούλε-

2368 2335 2457 2371 ται
2480 2316 2573 2370 καὶ
2598 2315 2818 2368 δύναται
2851 2313 3098 2384 ἐνεργείᾳ.
3120 2328 3135 2340 ο
3169 2311 3262 2363 καὶ
3286 2309 3550 2377 διειλήφει
3573 2305 3665 2358 τὸν
3690 2303 3820 2373 περὶ
3840 2302 3937 2354 δαι-

2372 2407 2547 2479 μόνων
2575 2407 2751 2475 λόγον,
2788 2405 2952 2458 πολὺν
2993 2404 3120 2457 ὄντα
3163 2401 3258 2454 καὶ
3288 2399 3594 2467 δύσληπτον
3634 2398 3704 2465 τῇ
3738 2393 3936 2463 ἀνθρω-

2371 2497 2500 2568 πίνῃ
2535 2496 2721 2564 φύσειο
2754 2497 2855 2547 οὐκ
2886 2495 2950 2548 ἂν
2979 2492 3295 2545 ἐνεκάλεσεν
3332 2491 3464 2559 ἡμῖν
3495 2487 3798 2555 φάσκουσιν
3817 2522 3831 2546 ,
3861 2483 3936 2533 ὅτι

2369 2589 2430 2640 ού
2454 2587 2556 2659 χρὴ
2583 2586 2901 2659 θεραπεύειν
2923 2583 3200 2654 δαίμονας,
3224 2582 3369 2642 ὅστις
3399 2578 3545 2631 σέϐει
3572 2577 3665 2629 τὸν
3690 2576 3786 2627 ἐπὶ
3816 2576 3937 2626 πᾶσι

2369 2679 2518 2730 Θεὸν.
2564 2679 2675 2731 Καὶ
2716 2677 2966 2730 τοσοῦτόν
3012 2693 3076 2744 γε
3127 2671 3422 2738 ἁποδέομεν
3478 2667 3572 2722 τοῦ
3622 2664 3936 2738 θεραπεύειν

2370 2770 2645 2839 δαίμονας,
2668 2769 2806 2820 ὥστε
2831 2768 2923 2820 καὶ
2942 2764 3259 2819 ἀπελαύνειν
3286 2763 3483 2823 αὐτοὺς
3511 2762 3699 2828 εὐχαῖς
3729 2759 3936 2817 καὶτοῖς

2369 2860 2478 2913 ἀπὸ
2504 2861 2610 2912 τῶν
2661 2859 2830 2930 ἱερῶν
2846 2857 3186 2929 γραμμάτων
3217 2853 3553 2925 μαθήμασιν,
3583 2849 3692 2903 ἀπὸ
3723 2849 3831 2901 τῶν
3854 2848 3940 2899 ἀνα

2373 2950 2654 3022 θρωπίνων
2682 2950 2867 3020 ψυχῶν
2898 2949 3006 3019 (92)
3037 2947 3130 3001 καὶ
3151 2946 3257 2999 ἀπὸ
3283 2945 3390 2997 τῶν
3417 2945 3622 3007 τόπων,
3658 2944 3716 2995 ἐν
3740 2937 3822 3001 οἷς
3844 2937 3936 2990 αὒ-

2371 3041 2497 3104 τοὺς
2535 3040 2642 3111 (95)
2688 3028 2983 3112 ίδρύκασιν,
3015 3039 3124 3093 ἔσθ’
3167 3041 3254 3092 ὅτε
3282 3038 3336 3090 δὲ
3369 3037 3463 3089 καὶ
3494 3033 3602 3087 ὰπὸ
3629 3031 3740 3084 τῶν
3770 3028 3936 3093 ζώων.

2374 3132 2637 3195 Πολλάκις
2661 3131 2778 3203 ’γὰρ
2805 3133 2897 3184 ἐπὶ
2933 3134 2999 3200 τῇ
3041 3130 3184 3201 λύμῃ
3223 3131 3319 3183 καὶ
3361 3128 3469 3180 τῶν
3507 3123 3769 3178 τοιούτων
3796 3123 3943 3190 ἐνερ-

2374 3221 2531 3292 γοῦσί
2561 3240 2683 3276 τινα
2709 3224 2758 3275 οἱ
2789 3223 3056 3296 δαίμονες.
3268 3265 3273 3272 ,
3328 3261 3340 3282 χ

2442 3310 2541 3364 Διὰ
2566 3311 2621 3364 δὲ
2653 3309 2722 3363 τὰ
2770 3311 3023 3381 ἀνωτέρω
3061 3307 3232 3362 πολλὰ
3267 3306 3394 3378 περὶ
3447 3303 3542 3358 τοῦ
3591 3302 3772 3372 Ἰησοῦ
3813 3303 3940 3372 ἡμῖν

2372 3403 2634 3475 εἰρημένα
2661 3403 2722 3454 οὐ
2751 3400 2856 3472 χρὴ
2897 3386 2990 3452 νῦν
3015 3400 3354 3467 παλιλλογεῖν
3393 3396 3528 3467 πρὸς
3554 3395 3638 3457 τὸ,
3674 3396 3805 3447 “Ott
3828 3393 3942 3461 μὲν

2371 3490 2484 3549 οὖν
2519 3493 2688 3547 αὐτοὶ
2731 3490 3136 3559 διελέγχονται
3186 3488 3394 3558 σαφῶς
3447 3489 3520 3540 οὑ
3563 3486 3713 3540 Θεὸν
3734 3525 3751 3550 ,
3806 3480 3942 3537 ἀλλ’

2371 3586 2512 3640 οὐδὲ
2533 3585 2784 3654 δαίμονα
2820 3583 2929 3654 (94)
2949 3570 2975 3648 ,”
2997 3583 3156 3636 ἀλλὰ
3193 3581 3408 3649 νεκρὸν
3438 3579 3755 3642 σέϐοντεςε
3790 3575 3944 3628 τοῦτο

2375 3679 2473 3747 μὲν
2497 3677 2693 3730 αὐτίκα
2719 3676 2807 3728 διὰ
2826 3675 2983 3728 τοῦτο
3011 3671 3427 3746 παραλιπόντες,
3460 3671 3658 3740 ἴδωμεν
3694 3666 3795 3730 τὰς
3820 3666 3945 3734 ἑξῆς

2371 3768 2466 3822 τοῦ
2497 3768 2700 3821 Κέλσου
2732 3767 2934 3833 λέξεις,
2965 3770 3022 3820 ὲν
3054 3761 3141 3829 αἷς
3174 3781 3333 3836 φηησιο
3380 3764 3678 3829 Πρότερον
3714 3758 3783 3810 δὲ
3810 3757 3946 3824 ἐρή-

2374 3874 2575 3928 σομαι,
2597 3858 2692 3911 διὰ
2716 3860 2773 3911 τί
2793 3858 3078 3927 δαίμονας
3101 3857 3172 3908 οὺ
3193 3851 3587 3922 θεραπευτέον
3604 3867 3626 3914 ;.
3646 3852 3729 3902 Οὐ
3751 3847 3946 3900 πάντα

2368 3949 2572 4020 μέντοι
2617 3950 2767 4004 κατὰ
2817 3947 3057 4020 γνώμην
3103 3944 3402 3999 διοικεῖται
3450 3940 3557 3994 τοῦ
3608 3940 3798 4004 Θεοῦ;
3847 3939 3946 3992 καὶ

2374 4044 2541 4101 πᾶσα
2561 4045 2629 4109 ἐξ
2657 4044 2895 4098 ἐκείνου
2924 4041 3174 4107 πρόνοια
3188 4055 3209 4102 ;
3241 4038 3338 4092 καὶ
3361 4037 3395 4090 ὅ
3417 4054 3470 4090 τι
3497 4051 3608 4104 περ
3637 4035 3716 4088 ἂν
3732 4035 3805 4087 ἐν
3825 4035 3945 4098 τοῖς

2375 4140 2540 4203 ὅλοις
2571 4137 2689 4190 εἴτε
2723 4133 2868 4187 Θεοῦ
2897 4133 3074 4200 ἔργον
3095 4170 3109 4195 ,
3136 4130 3240 4184 εἶτ’
3267 4129 3537 4198 ἀγγέλων
3563 4167 3578 4192 ,
3602 4127 3708 4180 εἶτ’
3742 4126 3946 4178 ἄλιων

2374 4227 2698 4297 δαιμόνων,
2724 4225 2842 4277 εἴτε
2872 4220 3115 4290 ἡρώων,
3157 4217 3350 4274 πάντα
3380 4219 3568 4272 ταῦτα
3600 4218 3728 4285 ἔχει
3761 4216 3948 4282 νόμον

2375 4319 2443 4371 ἐκ
2481 4319 2585 4370 τού
2620 4316 2906 4385 μεγίστου
2952 4311 3100 4365 Θεοῦ
3142 4327 3160 4375 ;
3191 4309 3462 4363 τέτακται
3494 4307 3563 4359 δὲ
3588 4308 3679 4374 ἐφ’
3715 4304 3946 4369 ἑκάστῳ

2375 4407 2630 4474 δύναμιν
2651 4402 2875 4471 λαχὼν,
2911 4400 3077 4466 ὅστις
3105 4399 3388 4468 ἠξίωται;
3417 4395 3637 4449 Τοῦτον
3667 4391 3804 4459 οὖν,
3843 4396 3949 4449 τὸν

2376 4493 2600 4552 ἐκεῖθεν
2611 4496 2893 4561 ἐξουσίας
2908 4492 3290 4560 τετυχηκότα,
3306 4491 3376 4542 οὺ
3390 4488 3696 4562 θεραπεύει
3710 4487 3948 4551 δικαίως

725 4587 849 4642 Non
863 4587 1021 4650 enim,
1041 4584 1235 4654 inquit,
1255 4582 1370 4650 fieri
1397 4589 1560 4650 potest
1578 4589 1632 4631 ut
1654 4578 1786 4630 idem
1799 4575 2031 4643 pluribus
2050 4567 2273 4648 dominis

2379 4593 2412 4644 ὀ
2441 4589 2635 4661 σέϐων
2670 4588 2777 4640 τὸν
2802 4586 2980 4640 Θεόν·
3010 4584 3145 4636 οὔτε
3183 4581 3292 4651 τὰρ
3324 4575 3451 4633 οἷόν
3489 4597 3586 4643 τε,
3627 4580 3780 4647 φησί
3812 4576 3942 4647 (95).

720 4680 931 4735 serviat.
953 4675 1086 4731 Vide
1102 4689 1155 4731 et
1183 4676 1274 4729 hic
1299 4681 1432 4742 quot
1459 4670 1560 4726 sibi
1585 4677 1643 4723 ut
1663 4683 1916 4724 concessa
1943 4675 2142 4728 sumat,
2159 4680 2278 4733 qua:

726 4780 904 4825 tamen
939 4769 1078 4823 seria
1111 4763 1520 4832 investigatione
1570 4761 1813 4830 indigent
1857 4759 2071 4828 altaque
2100 4766 2156 4812 et
2189 4771 2276 4809 re.-

730 4871 876 4915 trusa
899 4858 1205 4928 cognitione
1243 4869 1424 4910 rerum
1467 4868 1585 4921 quae
1621 4845 1688 4904 ad
1722 4849 1877 4917 hujus
1909 4847 2149 4904 universi
2185 4846 2279 4901 ad-
2315 4859 2318 4863 ‘

729 4953 1177 5007 ministrationem
1221 4944 1514 5016 pertinent.
1562 4941 1948 5010 lnquireudum
1993 4941 2138 4996 enim
2171 4955 2280 5016 quo
2334 4934 2345 4948 ‘

728 5060 886 5100 sensu
921 5044 1102 5099 omnia
1143 5041 1395 5095 dicantur
1438 5049 1540 5105 pro
1569 5034 1663 5090 Dei
1696 5043 1827 5090 nutu
1867 5031 2278 5095 administrari,

727 5138 1062 5206 pertineatne
1115 5133 1232 5187 hinc
1285 5127 1688 5184 administratio
1737 5126 1900 5179 etiam
1935 5123 2003 5177 ad
2033 5123 2277 5192 peccata,

730 5241 925 5278 annon.
963 5225 1095 5277 Nam
1140 5224 1185 5277 si
1220 5221 1310 5274 illa
1347 5217 1747 5273 administratio
1785 5215 2024 5289 pertinet
2057 5211 2126 5268 ad
2156 5227 2281 5282 pec—

729 5326 874 5379 cata,
903 5330 1006 5368 non
1034 5315 1309 5369 hominum
1345 5322 1576 5374 tantum,
1595 5310 1688 5363 sed
1710 5309 1873 5362 etiam
1904 5307 2205 5361 daemonum
2229 5311 2284 5357 et

730 5405 772 5459 si
797 5405 924 5474 quid
953 5403 1094 5457 aliud
1118 5403 1362 5473 corporis
1379 5415 1570 5469 expers
1592 5412 1675 5454 est
1707 5409 1928 5469 peccato
1944 5395 2276 5456 obnoxium;

731 5496 909 5551 videat
932 5493 1040 5558 ille,
1068 5496 1158 5565 qui
1187 5495 1290 5549 hoc
1319 5492 1468 5559 dicit,
1495 5506 1655 5561 quam
1678 5491 1972 5544 absurdum
2003 5487 2074 5540 sit
2100 5484 2281 5539 omnia

794 5674 909 5744 ωε)
951 5670 1232 5744 Ἀπὸ-τῶν
1259 5670 1638 5744 ἁνθρωεξίνξιω·
1660 5667 1925 5744 ψυχῶν.Δ
1962 5663 2090 5718 Vide
2116 5663 2281 5718 adno-

733 5735 964 5798 u't'ion'cs
995 5744 1061 5794 ad
1090 5740 1182 5793 lib.
1211 5757 1228 5793 1
1255 5735 1436 5792 contra
1464 5735 1691 5804 Celsum,
1721 5735 1951 5791 nutu.‘2.

807 5815 912 5881 (95)
942 5814 1022 5866 Ad
1051 5809 1708 5881 oratu.anteafditorttm,
1741 5807 1963 5881 αὑτάςι-
2005 5864 2009 5869 _

807 5870 915 5954 (Μ)
945 5881 1111 5937 Codd.
1159 5878 1287 5948 Reg.
1317 5887 1371 5933 et
1399 5877 1584 5940 Basil.,
1615 5877 1861 5945 δαίμονα.
1922 5870 2190 5928 Ηωεςὶιθι.
2226 5881 2283 5928 ct

2379 4683 2688 4738 δουλεύειν
2718 4680 2826 4733 τὸν
2847 4676 3032 4732 αὐτὸν
3053 4675 3290 4728 πλείοσι
3315 4673 3558 4740 κυρίοις.
3600 4673 3744 4742 Ὅρα
3762 4668 3828 4740 δὴ
3855 4667 3945 4722 καὶ

2379 4775 2436 4825 ὲν
2469 4771 2792 4834 τούτοιςτὸσα
2822 4765 3154 4838 συναρπάζει
3175 4805 3190 4829 ,
3225 4763 3452 4833 δεόμενα
3477 4763 3576 4814 οὐκ
3604 4761 3945 4828 εὐκαταφρο-

2380 4866 2538 4934 νήτου
2567 4862 2879 4929 ἐξετάσεως,
2903 4857 3040 4912 ἀλλὰ
3063 4858 3157 4910 καὶ
3184 4856 3492 4925 ἐπιστήμης
3515 4849 3829 4920 βαθυτέρων
3854 4846 3946 4898 καὶ

2381 4942 2825 5026 ἆπορρητοτέρων
2857 4949 3106 5022 περὶτῆς
3143 4946 3252 5000 τῶν
3274 4939 3410 4999 ὅλων
3443 4941 3785 5013 πραγμάτων
3815 4938 3944 4991 διοι-

2381 5047 2610 5116 κήσεως.
2633 5045 2707 5096 Τὸ
2733 5043 2861 5114 γὰρ,
2893 5031 3069 5096 πάντα
3093 5039 3235 5092 κατὰ
3262 5035 3488 5107 γνώμην
3507 5030 3823 5087 διοικεῖσθαι
3854 5031 3942 5085 τοῦ

2382 5134 2535 5198 Θεοῦ,
2570 5134 2688 5198 πῶς
2709 5134 2943 5204 λέγεται,
2973 5129 3314 5197 ἐξεταστέον·
3347 5126 3441 5180 καὶ
3468 5125 3701 5194 πότερον
3729 5122 3788 5176 τὸ
3820 5122 3945 5176 διοι-

2381 5209 2591 5278 κεῖσθαι
2625 5223 2814 5292 φθάνει
2851 5221 2943 5276 καὶ
2987 5219 3078 5271 ἐπὶ
3109 5217 3179 5270 τὰ
3219 5215 3639 5287 ἁμαρτανόμενα
3682 5210 3718 5280 ἢ
3752 5211 3850 5280 μή.
3886 5212 3943 5262 Εἰ

2385 5315 2616 5387 μὲνγὰρ
2643 5314 2830 5384 φθάνει
2855 5310 2916 5363 τὸ
2955 5307 3266 5361 διοικεῖσθαι
3303 5305 3395 5358 καὶ
3421 5303 3516 5356 ἐπὶ
3540 5300 3610 5354 τὰ
3632 5297 3941 5370 ἁμαρτανό-

2386 5426 2520 5479 μενα
2546 5409 2606 5460 οὐ
2637 5407 2792 5478 μόνον
2823 5405 2880 5455 ὲν
2903 5398 3206 5471 ἀνθρώποις
3227 5439 3244 5463 ,
3277 5394 3411 5478 αλλὰ
3451 5394 3546 5446 καὶ
3572 5392 3788 5462 δαίμοσι
3809 5427 3825 5450 .
3856 5389 3942 5440 καὶ

2383 5473 2433 5551 ἐι
2450 5473 2649 5587 alain
2670 5495 2794 5547 ἄλλο
2837 5492 2944 5544 τῶν
2981 5490 3086 5556 ἔξω
3127 5473 3387 5559 σωμάτων
3420 5485 3661 5554 πέφυκεν
3694 5479 3938 5550 ἁμαρτά.

2384 5638 2606 5734 Spem...
2632 5663 2911 5734 δαίμονας,

2455 5737 2562 5803 (95)
2588 5721 2765 5789 Codc'x
2792 5721 3060 5792 Julianus.
3088 5730 3239 5800 φασί,
3274 5727 3542 5785 Ηωεοῑιει.
3571 5737 3630 5779 et
3657 5721 3937 5792 Spitaces.1

2385 5806 2566 5946 φηὶξέ)
2585 5871 2854 5938 “mehei.
2870 5881 2924 5930 et
2942 5851 3229 5942 Spencer.,
3251 5870 3360 5923 εἴτε
3374 5878 3563 5924 errore
3593 5857 3928 5935 ιῐροὲτδριὶ.
