4076 6312
200 469 330 525 illi?

1330 468 1606 528 CONTRA
1639 470 1911 528 CELSUM
1943 471 2070 539 LIB.
2113 472 2223 526 Vll.

3233 473 3379 528 '15l8

196 603 306 640 νειν
328 603 340 615 ·
388 581 566 657 ὁράτω
606 587 703 659 τὴν
740 586 964 641 ἀτοπίαν
1005 588 1034 639 ὁ
1073 586 1226 640 τοῦτο
1255 587 1426 659 λέγων
1453 588 1546 643 τοῦ
1573 591 1738 644 πάντα

1850 589 1943 644 Dei
1969 591 2194 645 arbitrio
2227 589 2524 659 dispensari
2567 609 2579 643 :
2610 591 2737 645 hinc
2763 592 2908 645 enim
2945 605 3281 661 consequens
3310 599 3395 643 est

196 675 332 728 κατὰ
359 675 580 747 γνώμην
620 676 928 730 διοικεῖσθαι
970 677 1064 731 τοῦ
1110 677 1240 731 Θεοῦ
1263 697 1274 709 ·
1327 681 1604 734 ἀκολουθεῖ
1634 683 1742 752 γὰρ

193 765 271 836 τῷ
296 765 434 836 λόγῳ
460 767 551 818 καὶ
572 766 638 819 τὰ
663 768 1075 837 ἁμαρτανόμενα
1099 772 1192 822 καὶ
1217 771 1390 825 πάντα
1417 770 1482 822 τὰ
1510 770 1615 823 ἀπὸ
1646 789 1743 824 κα-

196 857 318 921 κίας
361 859 500 911 κατά
545 859 762 934 γνώμην
806 861 1112 915 διοικεῖσθαι
1164 863 1255 916 τοῦ
1295 863 1465 916 Θεοῦ⁶
1501 864 1637 934 ὅπερ
1679 867 1740 918 ού
1782 924 1786 928 ,

194 949 384 1003 ταύτόν
412 952 524 1002 ἐστι
564 951 671 1021 τῷ·
706 953 766 1004 ού
800 952 1094 1016 κωλύοντος
1124 954 1216 1007 τοῦ
1256 955 1385 1007 Θεοῦ
1423 957 1643 1024 γίνεται.
1679 960 1741 1010 Ei

192 1039 250 1090 δὲ
276 1041 366 1092 καὶ⁴
387 1042 584 1112 κυρίως
608 1060 688 1104 τις
721 1044 903 1096 ἀκούοι
932 1044 1024 1097 τοῦ
1063 1045 1390 1110 διοικεῖτθαι;
1425 1049 1742 1103 διοικεῖσθαι

197 1131 294 1198 μὲν
320 1132 462 1200 λέγει
497 1134 601 1204 (97)
632 1135 696 1187 τὰ
720 1136 824 1188 ἀπὸ
867 1138 1061 1200 κακίας
1099 1139 1464 1208 διοικούμενα·
1503 1142 1743 1211 δηλονότι

193 1224 366 1276 πάντα
399 1225 538 1278 κατὰ
557 1227 776 1299 γνώμην
802 1229 1076 1283 διοικεῖται
1101 1231 1194 1284 τοῦ
1220 1233 1375 1296 Θεοῦ,
1412 1235 1504 1286 καὶ
1541 1236 1600 1288 ού
1638 1254 1742 1289 πα-

195 1321 414 1386 ρανομεῖ
440 1320 517 1381 εἰς
545 1319 640 1390 τὴν
671 1321 931 1392 διοίκησιν
957 1323 1049 1375 τοῦ
1075 1324 1204 1376 δεοῦ
1245 1330 1349 1389 πᾶς
1378 1329 1703 1399 ἁμαρτάνων
1726 1349 1739 1361 ·

193 1407 254 1458 τὸ
280 1407 324 1458 δ’
365 1409 544 1477 ὅμοιον
578 1411 672 1464 καὶ·
704 1414 826 1484 περὶ
859 1415 1120 1484 Προνοίας
1145 1417 1502 1484 διασταλτέον,
1535 1424 1627 1474 καὶ
1657 1423 1744 1475 λε-

199 1500 370 1562 κτέον,
414 1502 575 1555 ὅτιτὸ
598 1543 612 1565 ,
643 1506 816 1559 Πᾶσα
850 1508 918 1571 ἐξ
953 1509 1183 1562 ἐκείνου
1208 1513 1467 1578 πρό-(λιιι,
1497 1516 1744 1585 σημαίνει

193 1590 292 1658 μέν
323 1608 374 1642 τι
418 1593 611 1663 ἀληθὲς
630 1637 643 1654 ,
673 1598 760 1648 ὅτε
790 1599 821 1667 ἡ
856 1599 1078 1670 πρόνοια
1104 1603 1383 1655 σπουδαῖόν
1413 1607 1585 1656 ἐστιν·
1618 1609 1666 1657 εἰ
1701 1608 1744 1673 δέ

189 1681 519 1748 ᾁπαξαπλῶς
560 1688 734 1740 πάντα
774 1691 842 1741 τὰ
875 1693 1127 1761 γινόμενα
1173 1695 1311 1747 κατὰ
1344 1697 1451 1756 (98)
1494 1698 1745 1766 πρόνοιαν

187 1769 326 1826 εἷναι
351 1777 606 1846 φήσομεν,
639 1779 740 1832 κᾶν
781 1783 963 1844 κακῶς
1005 1801 1056 1835 τι
1084 1785 1328 1855 γίνηται,
1365 1787 1557 1856 ψεῦδος
1595 1789 1744 1844 ἔσται

183 1863 279 1926 τὸ,
314 1863 485 1920 Πᾶσα
523 1867 592 1933 ἐξ
634 1870 868 1925 ἐκείνου
907 1875 1181 1938 πρόνοια·
1215 1879 1262 1928 εἰ
1306 1877 1379 1948 μὴ
1421 1879 1528 1948 ἄρα
1555 1882 1648 1933 καὶ
1678 1882 1745 1933 τὰ

1846 695 1903 737 ut
1936 692 2156 754 peccata
2199 681 2408 745 omnia,
2458 685 2529 735 ct'
2559 681 2818 752 quidquid
2855 697 2922 737 ex
2955 684 3088 737 vitio
3128 682 3405 742 nascitur,

1843 790 1940 844 pro
1992 775 2084 829 Dei
2145 784 2277 829 nutu
2314 774 2792 839 administrentur;
2832 775 2976 842 quod
3010 774 3226 841 quidem
3289 787 3396 826 non

1845 868 1984 921 idem
2017 874 2102 919 est
2157 880 2221 920 ac
2276 863 2321 919 si
2373 864 2492 931 quis
2542 864 2748 918 diceret
2779 865 2893 917 haec
2927 864 3040 918 fieri
3072 880 3176 916 om
3213 862 3401 931 probi-

1843 960 2003 1014 bente
2034 959 2163 1014 Deo.
2205 957 2340 1012 Nam
2374 959 2417 1010 si
2447 957 2568 1026 quis
2596 958 2816 1024 proprio
2853 971 3015 1010 sensu
3053 955 3398 1007 administra-

1845 1051 2045 1104 tionem
2071 1050 2344 1116 acceperit
2370 1063 2431 1102 ac
2461 1050 2662 1102 dixerit
2691 1062 2751 1101 ea
2775 1087 2790 1110 ,
2836 1062 2957 1115 quae
3005 1056 3301 1098 nascuntur
3329 1059 3399 1098 ex

1844 1141 2008 1205 vitio,
2037 1139 2432 1202 administrari,
2460 1140 2678 1193 evidens
2702 1147 2785 1192 est
2809 1154 2904 1205 pro
2939 1136 3028 1190 Dei
3068 1147 3198 1189 nutu
3221 1135 3397 1189 admi~

1846 1229 2062 1283 nistrari
2113 1229 2327 1292 omnia;
2371 1229 2601 1297 proinde
2647 1229 2698 1281 iu
2746 1227 2837 1281 Dei
2873 1226 3396 1279 administrationem

1846 1321 1980 1374 nihil
2010 1335 2232 1389 peccare
2274 1335 2395 1373 eum
2434 1320 2523 1389 qui
2561 1327 2764 1389 peccat.
2806 1317 2881 1371 De
2922 1317 3266 1370 Providentia
3306 1332 3398 1369 ea-

1848 1412 1966 1465 dem
2011 1421 2095 1464 est
2132 1413 2432 1467 adhibenda
2483 1409 2785 1464 distinctio.
2834 1408 2962 1461 Nam
3001 1409 3112 1462 haec
3152 1425 3165 1461 :
3214 1407 3400 1462 Omnis

1847 1519 1912 1555 ea:
1949 1503 2042 1555 illo
2074 1504 2424 1570 prouidentia,
2465 1501 2668 1568 aliquid
2705 1516 2892 1556 verum
2919 1500 3253 1570 signiﬁcant,
3279 1514 3400 1553 cum

1846 1595 2207 1648 Providentia:
2253 1593 2384 1647 nihil
2429 1593 2527 1646 nisi
2557 1592 2762 1661 justum
2811 1594 3118 1647 ascribitur.
3170 1594 3226 1647 Si
3274 1608 3403 1648 vero

1847 1690 2142 1756 generatim
2169 1686 2466 1740 dixerimus
2489 1687 2746 1752 quidquid
2784 1687 2861 1746 lit,
2889 1686 2938 1738 id
2963 1675 3027 1739 ex
3064 1687 3402 1754 providentia

1848 1777 2222 1838 ﬁeri,etiamsi
2254 1775 2454 1828 malum
2490 1775 2581 1838 sit,
2621 1775 2816 1826 falsum
2859 1786 2940 1828 est
2970 1791 3175 1831 omnem
3212 1794 3275 1831 ea:
3309 1777 3415 1830 illo-

1848 1886 1958 1923 ωδε
1992 1869 2402 1938 prouidentiam;
2442 1867 2544 1920 nisi
2586 1864 2722 1917 forte
2775 1865 3148 1935 intelligatur,
3181 1885 3300 1939 quae
3335 1883 3405 1925 ex

184 1956 306 2005 κατ’
335 1957 754 2031 ἐπακολόύθησιν
805 1962 909 2015 τῶν
941 1966 1002 2016 ἐκ
1037 1967 1287 2031 προνοίας
1328 1970 1461 2022 Θεοῦ
1491 1971 1638 2039 λέγοι
1663 1991 1738 2035 τις

1848 1960 2105 2040 operibus
2139 1959 2490 2027 providentiae
2519 1958 2610 2010 Dei
2650 1967 3070 2026 consequuntur,
3103 1974 3162 2012 ea
3188 1977 3250 2014 ex
3277 1975 3403 2030 pro-

184 2044 324 2100 εἶναι
371 2050 435 2102 ὲκ
470 2051 720 2121 προνοίας
757 2053 908 2106 Θεοῦ.
964 2056 1334 2123 Ἀποφαίνεται
1376 2059 1430 2110 δὲ
1464 2062 1590 2124 καὶ,
1627 2062 1660 2114 ὅ
1688 2080 1744 2114 τι

183 2155 297 2207 περ
324 2140 398 2193 ἂν
425 2137 467 2212 ᾖ
496 2142 566 2195 ἐν
594 2143 716 2210 τοῖς
750 2143 934 2210 ὅλοις,
963 2145 1081 2198 εἴτε
1123 2148 1267 2199 Θεοῦ
1297 2149 1490 2217 ἔργον,
1517 2152 1619 2203 εἴτ’
1652 2153 1746 2220 ἀτι-

184 2231 395 2298 τέλων,
421 2233 537 2286 εἴτε
568 2234 770 2287 ἄλλων
798 2234 1111 2304 δαιμόνων,
1139 2237 1260 2290 εἴτε
1300 2241 1526 2307 ἡρώων,
1556 2242 1746 2295 πάντα

182 2321 370 2374 ’ταῦτα
397 2323 520 2393 ἔχει
545 2325 729 2393 νόμον
754 2326 820 2378 ἐκ
850 2327 954 2378 τοῦ
978 2331 1255 2396 μεγίστου
1287 2331 1432 2383 Θεοῦ
1455 2349 1468 2360 ο
1504 2334 1600 2386 καὶ
1635 2334 1750 2385 οὐκ·

180 2415 380 2483 ἀληθῆ
414 2435 477 2485 γε
506 2420 688 2486 λόγον
716 2420 1125 2487 ἀποφαίνεται.
1173 2421 1307 2473 Οὐδὲ
1334 2424 1440 2493 γὰρ
1477 2423 1547 2476 τὰ
1575 2442 1748 2496 παρα-

182 2504 447 2575 νομοῦντα
477 2509 712 2579 ἑπόμενα
741 2510 887 2580 νόμῳ
935 2509 1010 2586 τῷ
1052 2511 1158 2564 ἀπὸ
1202 2513 1454 2581 μεγίστου
1482 2514 1616 2566 Θεοῦ
1646 2533 1749 2567 πα-

184 2601 431 2667 ρανομεῖ.
469 2600 805 2670 Παρανομεῖν
844 2601 898 2652 δὲ
932 2603 959 2652 ὁ
1001 2602 1155 2670 λόγος
1194 2602 1457 2655 δείκνυσιν
1499 2605 1557 2655 ού
1591 2607 1747 2674 μόνον

180 2685 495 2757 ἀνθρώπους
527 2687 779 2755 φαύλους,
801 2689 934 2742 ἀλλὰ
962 2691 1053 2742 καὶ
1081 2693 1205 2753 τοὺς
1227 2691 1461 2760 φαύλους
1491 2693 1748 2764 δαίμονας

181 2780 278 2831 καὶ
308 2780 434 2841 τοὺς
461 2779 694 2848 φαύλους
725 2781 1007 2849 ἀγγέλους.

251 2869 486 2932 Φαύλους
541 2871 596 2923 δὲ
645 2871 901 2941 δαίμονας
952 2876 1012 2926 ού
1068 2877 1213 2944 μόνοι
1263 2877 1489 2948 λέγομεν
1540 2882 1698 2952 ἡμεῖς
1727 2921 1741 2942 ,

183 2961 319 3015 ἀλλά
341 2963 433 3015 καὶ
458 2963 635 3032 σχεδὸν
665 2966 880 3027 πάντες,
901 2965 1011 3018 ὅσοι
1039 2967 1292 3038 δαίμονας
1322 2970 1562 3026 τιθέασιν
1585 2968 1741 3025 εἶναι.

185 3055 262 3106 Ut)
294 3055 468 3108 πάντα
493 3051 583 3108 οὖν
606 3053 718 3126 ἔχει
743 3058 904 3127 νόμον
935 3059 996 3109 ὲκ
1020 3057 1113 3110 τοῦ
1146 3061 1396 3128 μεγίστου
1425 3061 1579 3116 Θεοῦ.
1607 3064 1744 3116 ’Ὀσα

183 3142 293 3214 γὰρ
335 3146 462 3215 παρ’
495 3145 627 3198 ἰδίαν
677 3147 1022 3219 ἀπροσεξίαν,
1063 3151 1275 3212 κακίαν,
1319 3152 1351 3220 ἢ
1395 3153 1675 3224 πονηρίαν,
1710 3155 1741 3224 ἢ

176 3233 400 3302 ἄγνοιαν
457 3235 550 3288 τοῦ
625 3237 819 3297 καλοῦ.
871 3239 1266 3292 ἀποπέπτωκεν
1315 3242 1404 3294 τοῦ
1464 3243 1606 3297 θείου
1656 3247 1742 3298 νό-

1845 2037 2082 2103 videutia
2121 2050 2209 2102 Dci
2247 2050 2379 2102 ﬁeri.
2417 2047 2656 2104 Aﬂirmat
2694 2049 2855 2101 etiam
2879 2089 2892 2111 ,
2922 2037 3180 2118 quidquid
3207 2051 3266 2118 ﬁt
3298 2052 3406 2105 sive

1844 2157 1876 2193 a
1906 2140 2032 2202 Deo,
2065 2141 2168 2194 sive
2199 2140 2264 2192 ab
2288 2140 2506 2207 angelis,
2536 2141 2640 2191 sive
2662 2140 2724 2191 ab
2762 2140 2883 2193 aliis
2920 2141 3266 2207 (immanibus,
3297 2144 3405 2196 sire

1845 2233 1908 2284 ab
1942 2215 2216 2291 heroibus,
2267 2231 2375 2282 hare
2412 2231 2587 2282 omnia
2639 2229 2803 2298 legem
2850 2231 3037 2285 habere
3079 2233 3180 2284 sibi
3221 2251 3252 2285 α
3296 2234 3402 2288 Deo

1847 2324 2073 2375 maxime
2121 2323 2499 2388 prrcscriptam.
2555 2319 2660 2374 Sed
2699 2320 2750 2372 id
2790 2335 3007 2391 quoque
3065 2315 3258 2391 falsum
3292 2339 3400 2381 est.

1847 2417 2029 2483 Neque
2049 2413 2192 2468 enim
2211 2413 2416 2466 natura!
2434 2427 2551 2481 quae
2565 2421 2810 2480 peccant,
2843 2411 2931 2466 Dei
2962 2412 3132 2482 legem
3162 2429 3406 2485 sequun-

1851 2516 1936 2557 tur
1967 2519 2090 2558 cutu
2121 2511 2366 2571 peccant.
2416 2500 2573 2573 743
2604 2502 2764 2570 Atqui
2797 2503 3072 2569 Scriptura
3108 2505 3264 2560 docet
3296 2523 3400 2560 ιιοιι

1853 2593 2026 2646 solum
2066 2591 2344 2654 homines,
2375 2593 2470 2646 sed
2512 2601 2568 2646 et
2613 2591 2784 2645 malos
2823 2592 3094 2648 daemones
3129 2593 3404 2666 malosque

1848 2685 2067 2755 angelos
2088 2699 2337 2756 peccare.

1918 2863 2004 2919 69.
2032 2861 2215 2931 Neque
2247 2877 2378 2962 VﬂO
2401 2878 2498 2918 nos
2523 2864 2619 2918 soli
2649 2865 2822 2920 malos
2857 2867 3124 2923 daemones
3148 2868 3401 2939 dicimus,

1848 2959 1942 3011 sed
1973 2971 2142 3026 prope
2171 2955 2362 3026 omnes
2389 2955 2462 3008 illi
2495 2963 2760 3022 quotquot
2799 2959 3068 3013 daemones
3110 2975 3230 3015 esse
3278 2978 3402 3018 cre-

1848 2969 1942 3011 sed
1973 2971 2142 3026 prope
2171 2969 2332 3009 omne
2389 2969 2461 3008 uu
2495 2969 2760 3022 quotquot
2799 2969 3068 3013 daemones
3110 2975 3230 3015 esse
3278 2978 3398 3018 cre-

1847 3049 1997 3102 dunt.
2033 3045 2148 3101 Non
2183 2969 2366 3124 omni;
2389 3047 2550 3116 igitur
2601 3049 2773 3118 legem
2819 3064 2847 3101 a
2885 3049 2994 3103 Deo
3027 3053 3263 3107 maximo
3293 3055 3398 3110 sibi

1847 3142 2214 3209 praescriptam
2238 3140 2456 3194 habent.
2488 3138 2743 3207 Quisquis
2771 3141 2916 3194 enim
2952 3143 3064 3197 sive
3098 3144 3402 3216 incogitan-

1851 3233 1940 3296 lia,
1964 3235 2083 3300 sive
2110 3233 2238 3287 vitio
2267 3241 2319 3286 et
2351 3231 2580 3294 malitia,
2614 3233 2726 3286 sive
2751 3231 2877 3286 boni
2915 3233 3221 3304 ignorantia
3254 3252 3283 3291 a
3317 3238 3400 3292 di-

176 3344 283 3398 μου
306 3326 436 3397 (99),
466 3328 564 3380 οὐκ
587 3329 698 3399 ἔχει
731 3329 820 3381 τὸν
855 3331 1015 3399 νόμον
1047 3332 1139 3384 τοῦ
1167 3332 1322 3394 Θεοῦ,
1358 3334 1490 3400 ἀλλ’,
1511 3337 1596 3390 ἵνα
1624 3339 1738 3391 ὀνο-

1846 3314 1964 3380 vina
1997 3327 2108 3393 lege
2146 3324 2414 3388 discessit,
2442 3324 2487 3378 is
2523 3339 2626 3377 non
2663 3324 2754 3378 Dei
2793 3325 2986 3395 legem,
3021 3327 3139 3392 sed,
3174 3335 3238 3380 ut
3260 3343 3401 3382 novo

176 3417 338 3487 μάσω
375 3419 541 3489 καινῷ
567 3420 785 3490 ὀνόματι
841 3423 932 3475 καὶ
967 3422 1041 3492 τῷ
1073 3423 1211 3478 κατά
1260 3426 1356 3497 τὴν
1389 3428 1626 3499 Γραφὴν,
1654 3431 1744 3483 τὸν

172 3508 339 3576 νόμον
364 3509 476 3577 ἔχει
497 3511 595 3579 τῆς
624 3512 914 3582 ἁμαρτίας.
943 3513 1097 3566 Κατά
1123 3516 1218 3585 μὲν
1248 3514 1338 3570 οὖν
1366 3521 1488 3582 τοὺς
1520 3521 1742 3586 πολλοὺς

169 3598 283 3650 τῶν
317 3599 568 3652 τιθέντων
595 3603 730 3654 εἶναι
754 3601 1032 3671 δαίμονας,
1067 3605 1158 3657 καὶ
1186 3607 1234 3658 οί
1268 3608 1456 3674 φαῦλοι
1492 3611 1742 3682 δαίμονες

168 3691 274 3743 οὐκ
313 3690 492 3762 έχουσι
524 3691 612 3745 τὸν
657 3692 762 3745 ἀπὸ
793 3693 924 3745 Θεοῦ
957 3695 1138 3766 νόμον,
1169 3697 1301 3750 ἀλλά
1343 3703 1733 3772 παρανομοῦσι·

171 3783 316 3835 κατὰ
353 3783 409 3834 δὲ
452 3784 616 3852 ἡμᾶς,
665 3785 858 3847 πάντες
906 3786 1174 3857 δαίμονες,
1226 3791 1592 3856 ἀποπεσόντες
1640 3797 1760 3866 τῆς·

169 3875 270 3926 ἐπὶ
301 3874 362 3926 τὸ
403 3874 602 3942 ἀγαθὸν
639 3875 782 3940 ὁδοῦ,
829 3881 1090 3951 πρότερον
1135 3883 1232 3935 ούκ
1278 3882 1429 3947 ὄντες
1463 3886 1732 3956 δαίμονες·

170 3967 271 4020 καὶ
301 3967 444 4020 ἔστιν
469 3965 602 4030 εἶδος
626 3967 732 4021 τῶν
786 3970 1122 4027 ἐκπεσόντων
1158 3973 1291 4027 Θεοῦ
1323 3977 1383 4028 τὸ
1413 3976 1520 4029 τῶν
1547 3978 1734 4049 δαιμός⁵

167 4077 299 4111 νων.
319 4059 515 4130 Διόπερ
535 4059 605 4112 -οὐ
631 4059 734 4130 χρὴ
769 4059 1086 4130 θεραπεύειν
1111 4064 1385 4135 δαίμονας,
1415 4069 1562 4132 ὅστις
1590 4071 1734 4122 σέϐει

165 4150 324 4203 Θεόν.
354 4150 612 4222 Δηλοῦται
641 4151 698 4204 δὲ
729 4155 796 4203 τά
825 4153 954 4222 περὶ
981 4155 1104 4218 τοὺς
1132 4145 1389 4227 δαίμονας
1417 4161 1510 4212 καὶ
1537 4162 1600 4214 ἐκ
1627 4162 1734 4214 τῶν

165 4241 476 4295 καλούντων
505 4243 692 4306 αὐτοὺς
712 4243 731 4312 (
739 4243 788 4312 1)
807 4244 896 4295 ἐπὶ
915 4247 1024 4307 τοῖς
1039 4246 1450 4318 ὀνομαζομένοις
1475 4252 1730 4323 φίλτροις,

162 4333 202 4402 ἢ
261 4335 558 4404 μισήτροις,
615 4335 646 4405 ἢ
707 4335 798 4387 ἐπὶ
855 4335 1117 4388 κωλύσεσι
1162 4340 1430 4409 πράξεων,
1473 4343 1506 4412 ἢ
1562 4343 1732 4398 ἄλλων

162 4421 422 4474 τοιούτων
459 4425 682 4494 μυρίων·
724 4424 864 4493 άπερ
905 4425 1144 4476 ποιοῦσιν
1193 4429 1242 4478 οί
1285 4429 1349 4480 δι’
1379 4432 1599 4500 ἐπῳδῶν
1641 4437 1733 4486 καὶ

166 4514 514 4581 μαηανειῶν
548 4513 917 4596 μεμαθηκότες
944 4511 1127 4565 καλεῖν
1166 4517 1260 4567 καὶ
1298 4517 1594 4586 ἐπάγεσθαι
1619 4523 1755 4576 δαί-·

164 4620 339 4672 μονας
376 4605 456 4673 ἐφ’
487 4605 523 4658 ἃ.
564 4606 856 4676 βούλονται.
896 4604 1089 4674 Διόπερ
1126 4607 1158 4675 ὴ
1202 4608 1415 4662 πάντων
1464 4611 1728 4681 δαιμόνων

159 4692 432 4762 θεραπεία
463 4694 710 4765 ἀλλοτρία
737 4694 888 4764 ἡμῶν
923 4695 1056 4754 ἐστι,
1089 4693 1195 4746 τῶν
1224 4695 1488 4750 σεϐόντων
1517 4702 1605 4753 τὸν
1635 4704 1728 4756 ἐπὶ

158 4786 305 4837 πᾶσι
331 4784 480 4836 Θεόνο
517 4786 611 4838 καὶ
633 4784 909 4855 θεραπεία.
927 4784 1191 4854 δαιμόνων
1219 4786 1365 4838 ἐστὶν
1399 4790 1431 4858 ἡ
1463 4789 1725 4862 θεραπεία

151 4875 274 4929 τῶν
312 4875 673 4946 νομιζομένων
703 4877 778 4946 (2)
818 4875 970 4929 θεῶν·
997 4874 1221 4940 Πάντες
1253 4875 1360 4947 γὰρ
1381 4881 1435 4930 οἱ
1457 4880 1576 4933 θεοὶ
1607 4882 1724 4936 τῶν

153 4967 356 5021 ἐθνῶν
384 4968 671 5038 δαιμόνια.
712 4969 874 5039 Δῆλον
920 4968 976 5021 δὲ
1017 4967 1109 5018 καὶ
1139 4966 1295 5018 τοῦτο
1324 4969 1390 5020 ἐκ
1427 4969 1518 5022 τοῦ
1547 4974 1624 5034 είς
1653 4974 1722 5031 τὰ

150 5058 416 5111 δοκοῦντα
462 5059 816 5132 ἐνεργέστερα
860 5061 967 5112 τῶν
1018 5058 1380 5130 νομιζομένων
1431 5062 1586 5131 ἱερῶν
1619 5081 1717 5116 κα-

148 5150 435 5214 τακλίσεις
463 5151 536 5222 (5)
583 5152 904 5223 περιέργους
961 5151 1254 5220 γεγονέναι,
1306 5153 1398 5204 καὶ
1442 5154 1581 5208 κατά
1619 5156 1718 5218 τὰς

147 5243 336 5312 ἀρχὰς
361 5243 458 5311 τῆς
503 5245 758 5314 ἱδρύσεως
798 5245 906 5298 τῶν
947 5243 1160 5297 τοιῶνδε
1203 5243 1402 5309 ξοάνων
1435 5247 1526 5298 καὶ
1558 5247 1712 5299 νεῶν·

225 5387 272 5417 ⁸⁷
307 5384 458 5439 llum.
487 5401 604 5454 vm,
649 5390 705 5443 2'.
746 5388 829 5450 ,⁸⁸
869 5389 1012 5444 Psal.
1045 5405 1168 5454 xcv,
1200 5388 1268 5450 5.‘

225 5501 337 5570 (97)
369 5501 530 5577 Lego,
579 5505 626 5556 εί
669 5505 725 5577 δὲ
762 5507 963 5577 κυρίως
1003 5525 1086 5570 τις
1133 5508 1317 5561 ἀκούοι
1363 5504 1453 5558 τοῦ
1499 5505 1705 5558 διοικεῖ-

141 5520 337 5628 celi“)
372 5520 530 5625 ιῖρέο,
579 5520 626 5556 ει
669 5520 725 5558 οε
762 5520 963 5577 κυρίως
1003 5525 1076 5570 τις

123 5623 129 5633 ,
219 5591 309 5646 αᾼιε
326 5589 416 5646 κα..
471 5575 749 5646 ιοικεῖσθαι
786 5580 881 5646 μὲν
912 5577 1076 5644 λέγοι.

221 5643 338 5709 (98)
369 5643 478 5696 Vox
531 5645 675 5696 κατά
726 5643 877 5700 deest
922 5643 1161 5702 iu’antea
1192 5647 1368 5711 editis,
1411 5647 1505 5702 sed
1548 5647 1704 5700 resti—

142 5714 325 5767 luitur
347 5729 377 5768 e
407 5715 588 5766 codice
626 5713 854 5768 Joltauo.

219 5783 334 5868 ιειθ)
369 5783 534 5838 (Ἰοδά-
573 5783 706 5863 “98-
732 5793 786 5868 ει
807 5786 1154 5868 βεεὲ¹εεηξίεο
1187 5789 1354 5860 κακίᾳ
1383 5787 1415 5868 ἢ
1449 5786 1695 5868 eomas.

132 5853 174 5925 ἢ
204 5854 272 5908 δι’
301 5854 518 5925 ᾇγνοιαν
551 5853 642 5906 τοῦ
670 5853 855 5916 καλοῦ,
894 5857 1295 5912 ἀποπέπτωκεν
1325 5853 1416 5911 τοῦ
1446 5853 1698 5910 θείούνόι

134 5923 272 5996 μου.
303 5923 442 5979 L‘iltri
474 5934 652 5977 autem
681 5926 825 5986 editi,
863 5927 1110 6000 κακίανῆ
1140 5928 1394 6002 πονηρίαν
1422 5929 1453 5997 ἦ
1483 5929 1698 5995 ἄγνοιαν

1807 5787 1958 5850 editi,
1993 5786 2294 5856 ὀνομαζομέ

1845 3429 1900 3474 ει
1929 3417 2220 3485 Scripturis
2257 3417 2456 3470 usitato
2478 3416 2736 3470 vocabulo
2764 3425 2882 3470 utar
2903 3416 2969 3481 ⁸⁷,
2999 3420 3204 3487 peccati
3231 3419 3400 3489 legem

1847 3510 2026 3586 habet.
2053 3502 2238 3577 Itaque
2262 3522 2328 3561 ex
2358 3507 2615 3576 opinione
2659 3506 2946 3560 multorum
2998 3508 3090 3577 qui
3133 3508 3404 3565 daemones

1844 3583 1972 3657 esse.
1997 3611 2262 3664 statuunt,
2301 3599 2426 3655 mali
2459 3614 2674 3670 quoque
2703 3600 3017 3654 daemonesa
3045 3603 3154 3656 Deo
3184 3618 3286 3656 non
3319 3604 3400 3657 le-

1813 3710 1962 3767 ‘gem
1991 3696 2211 3755 habent,
2247 3695 2341 3747 sed
2383 3693 2449 3745 ab
2487 3690 2574 3744 illa
2607 3691 2946 3754 desciscunt;
3000 3708 3098 3746 nos
3133 3708 3263 3747 vero
3309 3696 3400 3748 tri-

1843 3787 2056 3840 buimus
2079 3787 2132 3839 id
2159 3785 2411 3838 omnibus
2442 3784 2794 3846 daemonibus,
2831 3783 2923 3851 qui
2951 3799 3072 3836 cum
3099 3784 3226 3837 olim
3258 3784 3399 3840 tales

1841 3895 1944 3933 nou
1969 3886 2172 3942 essent,
2201 3877 2469 3929 darmones
2501 3873 2624 3927 l'acti
2654 3881 2794 3933 sunt,
2832 3889 2894 3926 ex
2925 3888 3032 3941 quo
3070 3889 3098 3926 a
3138 3875 3244 3938 via,
3274 3887 3396 3945 quas

1835 3974 1900 4024 ad
1946 3969 2141 4024 bonum
2197 3969 2459 4038 perducit,
2517 3968 2844 4020 abcrravere
2871 3981 2885 4016 :
2917 3965 2987 4018 ita
3033 3951 3090 4019 ut
3122 3962 3394 4022 daemones

1836 4045 2044 4129 species
2073 4061 2179 4114 sint
2204 4043 2517 4112 naturarum
2534 4071 2652 4125 quaa
2685 4070 2713 4107 a
2746 4054 2850 4109 Deo
2881 4056 3214 4110 exciderunt.
3243 4059 3391 4124 Qua-

1833 4164 2056 4221 propter
2088 4167 2191 4206 non
2217 4160 2427 4216 oportet
2475 4149 2568 4202 Dei
2621 4147 2882 4200 cultorem
2911 4149 3244 4203 daemonibus
3275 4153 3390 4204 cul-

1836 4254 1950 4298 tum
1981 4243 2211 4298 deferre.
2238 4242 2344 4317 Est.
2366 4252 2424 4296 et
2453 4240 2555 4294 alia
2575 4240 2876 4294 daemonum
2896 4238 3002 4290 vim
3029 4224 3388 4311 cognoscendi

1837 4335 2018 4403 ratio:
2056 4349 2246 4402 nempe
2277 4334 2319 4386 si
2354 4333 2729 4387 consideretur
2754 4323 2846 4383 eos
2886 4344 2915 4381 a
2949 4331 3270 4398 quibusdam
3301 4349 3391 4388 vo-

1835 4428 1972 4489 cari,
2007 4428 2064 4480 ut
2089 4440 2240 4479 amor
2283 4435 2377 4478 aut
2423 4426 2604 4478 odium
2659 4423 2973 4492 inspiretur,
3021 4433 3112 4476 aut
3145 4427 3385 4492 quaedam

1833 4496 2074 4572 actiones
2125 4519 2527 4584 impediantur,
2588 4524 2680 4566 aut
2741 4515 3020 4566 innumera
3081 4515 3388 4584 huiusmodi

1833 4611 1934 4671 alia
1973 4611 2124 4671 ﬁant,
2149 4624 2374 4678 quorum
2409 4617 2658 4660 auctores
2688 4615 2814 4658 suut
2840 4605 2896 4665 ii,
2923 4606 3013 4670 qui
3053 4608 3389 4662 carminibus

1834 4699 2164 4771 magicisque
2192 4697 2652 4752 incantationibus
2685 4706 2881 4748 norunt
2914 4696 3170 4749 invocare
3212 4707 3267 4750 et
3294 4713 3382 4768 ar-

1830 4805 2043 4846 cessere
2076 4791 2352 4843 daamones
2403 4787 2566 4840 simul
2595 4795 2758 4853 atque
2795 4783 3004 4836 libitum
3054 4793 3154 4838 est.
3206 4786 3406 4851 Quare,

1827 4882 2065 4936 omnium
2089 4882 2392 4933 daemonum
2409 4878 2582 4931 cultus
2598 4879 2808 4931 alienus
2849 4887 2934 4931 cst
2957 4893 2991 4928 ε
3011 4875 3164 4928 nobis
3185 4892 3383 4948 summi

1831 4975 1920 5027 Dei
1949 4973 2261 5037 cultoribus,
2292 4981 2345 5023 et
2373 4971 2550 5023 cultus
2573 4971 2874 5022 da'mouum
2898 4968 3173 5022 cultusest
3193 4982 3381 5023 eorum

1825 5067 1915 5134 qui
1949 5067 2022 5118 dii
2049 5065 2315 5118 habentur
2345 5077 2360 5115 :
2391 5060 2582 5115 Omnes
2611 5060 2754 5114 enim
2786 5060 2859 5110 dii
2905 5059 3134 5126 gentium
3182 5059 3382 5111 dcemo~

1824 5159 1913 5209 nia
1944 5156 2008 5210 ⁸⁸.
2044 5156 2154 5208 Hoc
2194 5155 2353 5208 etiam
2385 5155 2508 5206 inde
2537 5153 2725 5220 liquet,
2774 5153 2917 5218 quod
2959 5150 3010 5201 in
3041 5151 3212 5204 sacris
3258 5166 3379 5217 qum

1823 5247 2123 5303 eﬂlcaciora
2153 5249 2474 5302 videbantur
2488 5259 2702 5300 arcanae
2733 5242 2987 5298 adhibita:
3021 5241 3221 5296 fuerint
3247 5257 3376 5296 evo-

1811 5505 1918 5558 τῶν
1954 5506 2134 5560 καλῶν
2159 5504 2553 5574 ἀποπέπτωκεν
2579 5501 2671 5554 τοῦ
2689 5501 2845 5574 θείου
2874 5501 3056 5574 νόμον.

1881 5577 1954 5645 (l)
1981 5577 2150 5631 Codd.
2178 5578 2308 5645 Reg.
2336 5584 2390 5628 et
2419 5573 2606 5635 Bas‘il.,
2641 5571 2854 5635 αὐτούς.
2896 5569 3048 5627 Libb.
3078 5571 3228 5636 editi,
3255 5569 3369 5625 δαί-

1812 5661 2155 5778 μοῖῗῗοϐοόᾶ.
2184 5714 2427 5768 Vatican.
2455 5721 2508 5765 et
2533 5711 2722 5779 Basil.,
2761 5711 3142 5785 νομιζομένων.
3203 5709 3362 5765 Ιιίιιιι.

1877 5802 1958 5850 ιιι,
1993 5802 2423 5856 ονομαςομενων.

1875 5857 1950 5925 (5)
1977 5859 2384 5919 Κατακλϊσεις.
2430 5850 2749 5925 Legendum
2790 5854 2998 5925 videtur
3031 5857 3134 5906 hoc
3159 5850 3278 5906 loco
3307 5855 3364 5904 et

1806 5928 1961 5994 paulo
1995 5941 2136 5992 post,
2169 5924 2584 5994 κατακηλήσεις,
2623 5925 2701 5976 vel
2737 5924 3117 5996 κατακλήσεις.
