4076 6312
193 433 332 490 1555

1345 433 1621 490 CONTRA
1668 435 1939 491 CELSUM
1977 437 2104 491 LIB.
2145 435 2301 503 Vlll._

3258 436 3390 493 £531

193 571 360 608 σαντα
392 554 500 626 ('58)
527 553 592 608 τὰ
630 557 756 626 περὶ
781 553 872 607 τοῦ
905 552 1094 624 Ἰησοῦ,
1126 554 1218 606 καὶ
1260 553 1395 622 πρὸς
1448 554 1607 606 αὐτὸν
1654 554 1732 606 τὸν

1841 566 1961 610 erat
1988 556 2242 620 Verbum,
2271 554 2524 609 universo
2554 557 2751 610 mundo
2780 563 3096 626 praesentem
3128 554 3391 620 exhibuit,

190 646 284 698 ἐπὶ
305 646 541 717 σωτηρίᾳ
561 645 651 698 τοῦ
669 647 852 714 γένους
875 645 1027 717 ἡμῶν
1053 647 1211 699 παντὶ
1225 645 1300 715 τῷ
1327 645 1514 715 κόσμῳ
1534 645 1741 718 ἀθρόως

187 735 378 790 ἑαυτὸν
409 736 538 789 ὄντα
561 737 727 806 Λόγον
754 736 828 800 ὡς
858 737 1082 800 ἕκαστος
1109 739 1272 807 χωρεῖ
1299 737 1670 790 ἐπιδεδωκὸτα.

258 829 412 894 Δόξαι
463 829 507 881 δ’
565 828 630 882 ἄν
674 846 757 893 τις
808 830 934 900 esse
994 829 1199 893 τούτοις
1245 828 1467 883 πιθανόν
1516 848 1567 883 τι
1618 830 1739 884 καθ’

183 918 343 991 ἡμῶν
371 919 545 986 λέγειν
570 920 626 974 έν
656 919 763 990 τῷ·
791 922 859 973 El
892 919 1001 990 μὲν
1032 921 1106 989 δὴ
1130 921 1360 989 μηδένα
1392 922 1582 976 ἄλλον
1617 924 1742 978 ἐθε-

177 1009 445 1078 ράπευον
467 1006 626 1082 οὗτοι
652 1011 814 1079 πλὴν
849 1012 954 1065 ἕνα
987 1014 1149 1076 Θεὸν,
1193 1010 1270 1084 ἦν
1304 1012 1394 1067 ἄν’
1416 1032 1504 1080 τις
1544 1018 1743 1082 αὐτοῖς

151 1155 157 1159 _
187 1101 330 1168 ἴσως
363 1101 512 1170 πρὸς
536 1101 676 1169 τοὺς
707 1101 931 1168 ἄλλους
964 1102 1179 1168 ἀτενὴς
1210 1106 1388 1174 λόγος
1432 1105 1540 1175 (59)
1562 1121 1574 1133 ·
1606 1108 1744 1159 νυνὶ

184 1193 255 1247 δὲ
272 1193 378 1247 τὸν
401 1195 653 1263 ἔναγχος
670 1191 930 1262 φανέντα
948 1195 1157 1246 τοῦτον
1175 1197 1738 1264 ὑπερθρησκεύουσι,

185 1285 284 1338 καί
313 1285 458 1355 ὅμως
491 1277 668 1341 οὐδὲν
711 1277 1078 1353 πλημμελεῖν
1123 1285 1425 1354 νομίζουσι
1459 1288 1590 1355 περὶ
1639 1289 1743 1340 τὸν

188 1372 365 1438 Θεὸν,
410 1376 462 1427 εὶ
507 1373 605 1426 καὶ
655 1371 953 1439 ὑπηρέτης
995 1374 1176 1427 αὐτοῦ
1225 1373 1737 1442 θεραπευθήσεται.

185 1465 414 1518 Λεκτέον
431 1467 486 1518 δὲ
514 1466 603 1518 καὶ
631 1465 765 1537 πρὸς
787 1464 958 1527 τοῦτο,
985 1465 1085 1529 ὃτι,
1108 1466 1262 1536 εἴπερ
1292 1468 1527 1537 νενοήκει
1554 1469 1580 1520 ὁ
1603 1467 1740 1537 Κέλ-

181 1572 274 1618 σος
328 1556 414 1608 τό·
457 1556 593 1633 Ἐγὼ
619 1556 738 1610 ⁵καὶ
791 1559 824 1610 ό
859 1555 1058 1623 Πατὴρ
1101 1556 1171 1610 ἓν
1218 1558 1432 1627 ἐσμεν·
1473 1560 1564 1612 κα)⁸
1591 1558 1650 1611 τὸ
1684 1559 1741 1612 έν

177 1645 313 1717 εὐχῇ
347 1648 628 1717 εἰρημένον
661 1647 764 1701 ὑπὸ
800 1647 894 1699 τοῦ
939 1647 1065 1701 Υίοῦ
1099 1647 1192 1699 τοῦ
1233 1648 1364 1701 Θεοῦ
1399 1651 1456 1703 ἐν
1499 1649 1607 1720 τῷν
1650 1651 1742 1716 Ὠς

177 1739 296 1808 ἐγὼ
333 1740 430 1792 καὶ
473 1740 558 1794 σὺ
592 1739 662 1794 ἐν
679 1740 863 1810 ἐσμεν
894 1739 1024 1809 (40),
1057 1740 1154 1792 οὐκ
1192 1739 1272 1821 ἂι(
1293 1739 1425 1810 ᾤετο
1467 1743 1611 1813 ἡμᾶς
1650 1742 1740 1794 καὶ

178 1828 336 1882 ἄλλον
368 1829 685 1900 θεραπεύειν
717 1827 864 1900 παρὰ
914 1828 1004 1882 τὸν
1051 1828 1143 1881 ἐπὶ
1186 1830 1314 1880 πᾶσι
1353 1831 1501 1882 Θεόν.
1551 1831 1602 1881 '0
1630 1830 1740 1899 γὰρ

1843 657 2002 717 prout
2024 650 2253 719 quisque
2281 664 2474 718 capere
2513 657 2742 720 poterat.

1915 822 2002 878 12.
2037 824 2096 876 ιη
2133 825 2199 879 iis
2225 839 2342 894 quae
2371 835 2668 893 sequuntur
2699 823 2930 880 fortasse
2973 825 3233 896 suspicari
3268 827 3392 896 quis

1841 926 2018 985 posset
2047 917 2248 986 aliquid
2275 927 2459 972 contra
2493 932 2589 973 nos
2614 917 2889 987 probabile
2919 919 3054 972 dici:
3087 917 3143 972 Si
3167 919 3388 982 nullum,

1844 1007 2036 1074 inquit,
2071 1006 2233 1060 alium
2270 1008 2431 1062 Deum
2458 1009 2679 1061 colerent
2712 1008 2798 1060 isti
2823 1025 2980 1075 quam
3009 1026 3167 1062 unum
3200 1015 3385 1068 Deum,

1841 1108 1973 1151 esset
2021 1098 2128 1152 illis
2173 1100 2407 1169 fortasse.
2437 1102 2778 1154 contra'alios
2814 1101 3002 1153 'ualida
3054 1103 3204 1154 ratio.
3236 1098 3392 1152 Nunc

1841 1199 2054 1256 autem,
2099 1208 2215 1244 cum
2274 1191 2536 1245 hominem
2590 1194 2881 1260 nuperrime
2931 1204 3172 1246 exortum
3233 1209 3391 1260 supra

1840 1285 2051 1338 modum
2083 1282 2291 1348 colunt,
2323 1285 2451 1337 nihil
2479 1294 2650 1338 tamen
2686 1285 2742 1338 in
2773 1283 2938 1338 Deum
2963 1301 3186 1354 peccare
3217 1301 3270 1337 se
3292 1301 3392 1352 pu-

1841 1384 1951 1427 tant
1977 1414 1992 1435 ,
2023 1374 2140 1427 licet
2171 1375 2284 1444 ejus
2311 1377 2605 1427 ministrant
2641 1374 2835 1428 colant.
2869 1376 2949 1428 Ad
2984 1376 3083 1429 hoc
3111 1376 3271 1447 etiam
3307 1388 3392 1426 re-

1842 1462 2249 1532 spondendum,
2281 1464 2326 1518 si
2376 1464 2530 1519 Celso
2576 1475 2916 1535 perspectum
2961 1465 3152 1520 fuisset
3200 1465 3340 1519 istud
3367 1486 3383 1518 :

1844 1554 1954 1623 Ego
1993 1564 2040 1607 et
2067 1552 2229 1606 Pater
2263 1570 2421 1607 unum
2455 1572 2635 1609 sumus
2664 1557 2712 1621 ¹,
2742 1567 2794 1610 et
2823 1556 3098 1612 hoc’aliud
3132 1558 3272 1627 quod
3297 1555 3386 1611 Fi-

1841 1647 1942 1700 lius
1966 1647 2055 1700 Dei
2083 1647 2226 1700 inter
2246 1646 2571 1715 precandum
2598 1646 2732 1698 dixit
2751 1664 2765 1700 :
2787 1646 2933 1702 Sicut
2959 1666 3052 1725 ego
3071 1660 3116 1704 et
3151 1659 3207 1702 tu
3228 1665 3388 1702 unum

1839 1755 2016 1793 sumus
2043 1739 2088 1802 ',
2110 1753 2217 1792 non
2245 1739 2346 1792 sibi
2372 1753 2492 1792 eum
2511 1737 2848 1790 inducturum
2875 1740 3107 1795 fuissein
3128 1743 3384 1798 animum.

1842 1829 2006 1883 alium
2040 1844 2070 1882 a
2099 1830 2252 1884 nobis
2278 1845 2439 1899 quam
2469 1847 2735 1886 summum
2766 1830 2930 1885 Deum
2965 1830 3092 1884 coli.
3123 1831 3255 1885 Nam
3280 1830 3389 1886 Pa-

180 1919 400 1988 Πατὴρ,
433 1922 614 1992 φησὶν,
644 1923 714 1975 ἐν
743 1921 889 1990 ἐμοὶ,
937 1920 1094 1990 κάγὼ
1125 1921 1194 1974 ἐν
1217 1920 1295 1986 τῷ
1327 1921 1531 1989 Πατρί.
1573 1923 1635 1974 Ei
1684 1921 1732 1974 δέ

1843 1930 1942 1987 ter,
1976 1921 2166 1990 inquit,
2191 1922 2245 1974 in
2272 1939 2349 1975 me
2371 1933 2538 1992 etego
2572 1922 2627 1975 in
2658 1920 2819 1975 Patre
2848 1909 2889 1976 ’.
2922 1920 3074 1985 Quod
3103 1921 3148 1976 si
3180 1922 3300 1991 quis
3321 1940 3383 1977 ex

177 2027 262 2073 τις
286 2013 350 2064 ἐκ
375 2011 573 2066 τούτων
604 2014 720 2085 (41),
746 2011 1256 2084 περισπασθήσεται.
1298 2013 1370 2083 μή
1402 2029 1477 2081 πη
1510 2013 1737 2083 αὐτομο-

173 2101 373 2173 λοῦμεν
406 2104 540 2175 πρὸς
570 2107 693 2168 τοὺς
713 2084 1062 2176 ἀναιροῦντας
1100 2104 1192 2157 δύο
1241 2100 1375 2158 εἶναι
1419 2105 1736 2170 ὑποστάσεις

174 2195 392 2268 Πατέρα
423 2197 516 2250 καὶ
549 2198 698 2264 Υἰόγν·
743 2196 1090 2267 ἐπιστησάτω
1123 2195 1200 2266 τῷ
1219 2213 1231 2225 ·
1261 2190 1370 2251 ’Ἦν
1394 2194 1461 2247 δὲ
1498 2194 1737 2249 πάντων

169 2274 292 2341 τῶν
339 2287 789 2342 πιστευσάντων
812 2291 864 2357 ,ἡ
909 2286 1116 2356 καρδία
1152 2287 1250 2341 καὶ
1299 2287 1338 2354 ἡ
1390 2285 1557 2354 ψυχὴ
1603 2288 1732 2359 μία,

167 2377 259 2432 ἵνα
289 2379 535 2452 θεωρήσῃ
563 2381 649 2433 τό·
695 2381 834 2450 Ἐγὼ
875 2380 970 2433 καὶ
999 2383 1030 2433 ό
1056 2378 1349 2452 Πατὴρ’ἒν
1367 2379 1569 2448 ἐσμεν.
1599 2380 1734 2433 Ἕνα

170 2397 259 2432 ινα
289 2397 535 2452 υεωρησῃ
563 2397 649 2433 το·
701 2397 834 2450 Ero)
875 2397 970 2433 και
999 2397 1029 2433 ο
1056 2397 1202 2433 uar’
1256 2397 1349 2432 εν
1367 2397 1569 2448 εσμεν.
1625 2397 1732 2433 ινα

165 2465 265 2524 οὖν
286 2470 436 2534 Θεὸν,
457 2470 532 2533 ὡς
553 2469 986 2540 ἀποδεδώκαμεν,
1014 2469 1116 2522 τὸν·
1137 2397 1354 2540 Πξῖέρα
1381 2470 1472 2521 καὶ
1493 2468 1582 2521 τὸν
1606 2469 1732 2523 Υίὸν

163 2561 561 2633 θεραπεύομενο
583 2564 674 2617 καὶ
692 2563 838 2634 μένει
856 2565 984 2633 ἡμῖν
1003 2564 1030 2614 ὁ
1051 2562 1183 2634 πρὸς
1200 2564 1321 2625 τοὺς
1340 2563 1528 2626 ἄλλους
1543 2563 1733 2633 ἀτενὴς

163 2651 341 2721 λόγος·
365 2655 455 2706 καὶ
474 2654 534 2705 οὐ
556 2655 644 2706 τὸν
665 2654 886 2724 ἔναγχὸς
908 2671 969 2722 γε
993 2653 1240 2721 φανέντα,
1264 2654 1338 2717 ὡς
1360 2654 1616 2725 πρότερον
1635 2654 1733 2705 οὐκ

161 2745 317 2810 ὄντα,
348 2738 877 2818 ὑπερθρησὸιεῦομεν.
906 2745 1062 2816 Αὑτῷ
1091 2745 1198 2816 γὰρ
1230 2746 1525 2818 πειθόμεθα
1556 2744 1632 2816 τῷ
1656 2747 1733 2797 εί-

141 2837 339 2900 ,πόντν
361 2839 508 2906 Πρὶν
535 2839 784 2907 Ἀϐραὰμ
800 2837 1075 2913 ’γενέσθαι
1101 2836 1214 2907 ἐγώ
1233 2840 1365 2908 ειμι·
1391 2840 1482 2892 καὶ
1502 2838 1727 2906 λέγοντι·

171 2930 318 3001 Ἐγώ
349 2933 462 3000 ειμι
486 2933 524 3000 η
546 2930 824 2997 ἀλήθεια·
858 2932 951 2984 καὶ
981 2932 1077 3002 οὐχ
1103 2931 1243 2985 οὕτω
1279 2949 1363 2994 τις
1404 2933 1557 3002 ἡμῶν
1587 2933 1731 2984 ἐστιν

160 3024 514 3096 ἀνδράποδον,
551 3025 626 3088 ὡς
658 3024 881 3089 οἴεσθαι,
935 3024 1077 3095 ὃτιή
1119 3025 1217 3094 τῆς
1274 3023 1530 3095 ἀληθείας
1579 3023 1732 3078 οὐσία

161 3116 274 3188 πρὸ
300 3116 407 3170 τῶν
428 3117 631 3188 χρόνων
658 3118 757 3188 τῆς
781 3115 873 3170 τοῦ
901 3116 1134 3188 Χριστοῦ
1175 3118 1490 3186 ἐπιφανείας
1513 3118 1614 3171 οὑκ
1639 3113 1726 3188 ἦν.

157 3207 543 3280 Θρησκεύομεν
573 3205 664 3264 οὖν
686 3210 778 3263 τὸν
824 3210 1040 3281 Πατέρα
1077 3209 1174 3280 τῆς
1212 3209 1464 3281 ἀληθείας
1501 3213 1593 3264 καὶ
1639 3211 1730 3263 τὸν

159 3277 293 3354 Υὲδὲθ
319 3301 413 3371 τὴν
436 3277 689 3372 ἀλήθειαν
715 3301 846 3371 (42),
863 3277 1002 3356 ,ὄντα
1039 3277 1141 3355 δύο-
1166 3305 1233 3372 τῇ
1275 3277 1562 3382 ὑποστάσει
1589 3303 1730 3375 πρά-ι
1755 3277 1796 3336 C

158 3408 370 3462 γματα,
408 3391 465 3443 ἓν
493 3392 548 3443 δὲ
574 3395 638 3462 τῇ
671 3394 910 3464 ὁμονοίᾳ,
962 3393 1053 3446 καὶ
1091 3395 1158 3464 τῇ
1202 3394 1504 3466 συμφωνίᾳ,
1538 3396 1629 3447 καὶ
1658 3394 1733 3464 τῇ

157 3482 471 3549 ταυτότητι
509 3481 605 3534 τοῦ
651 3481 988 3553 βουλήματος
1011 3501 1024 3514 ο
1061 3485 1136 3548 ὡς
1178 3486 1268 3539 τὸν
1314 3486 1592 3557 ἑωρακότα
1640 3486 1732 3540 τὸν

157 3570 311 3638 Υίδν,
343 3571 468 3625 ὄντα
496 3573 855 3642 ἀπαύγασμα
894 3571 1004 3636 τῆς
1045 3573 1225 3641 δόξης
1254 3574 1353 3626 καὶ
1395 3572 1732 3644 χαρακτῆρα

155 3663 706 3738 τῆςγύποστάσεως
762 3663 857 3717 τοῦ
905 3663 1060 3730 Θεοῦ,
1109 3665 1406 3736 ἑωρακέναι
1449 3668 1528 3719 ἐν’
1559 3666 1726 3738 αὐτῷ,

162 3712 264 3733 υ.»
321 3712 697 3730 vnn—"ws
913 3712 1060 3730 πη,
1111 3712 1406 3736 “rm-m—
1450 3712 1499 3719 --

148 3755 274 3812 ὄπι
292 3712 467 3811 xiston
493 3756 772 3828 τοῦ,Θεοῦ,
803 3756 890 3809 τὸν
921 3755 1069 3808 Θεόν.
1538 3756 1540 3760 ’

227 3844 340 3903 Εἶτ’
392 3849 564 3904 οίεται
615 3850 682 3904 ἐκ
727 3848 833 3903 τοῦ
871 3849 1218 3917 θρησκεύειν
1251 3845 1408 3916 ἡμᾶς
1441 3848 1591 3916 μετὰ
1621 3848 1725 3902 τοῦ

125 4005 127 4008 ς
155 3943 309 3998 Θεοῦ
341 3943 448 3998 τὸν
482 3943 616 3997 Υἱὸν
643 3943 826 4017 αὐτοῦ
845 3940 1194 4008 ἀκολουθεῖν
1216 3940 1358 4008 ἡμῖν
1385 3939 1450 3992 τὸ
1479 3940 1576 3993 καὶ
1593 3937 1723 3993 καθ’

150 4033 316 4104 ἡμᾶς
339 4037 410 4089 οὐ
433 4037 622 4104 μόνον
661 4035 766 4090 τὸν
808 4034 974 4101 Θεὸν,
1008 4034 1166 4089 ἀλλὰ
1192 4032 1289 4086 καὶ
1329 4032 1469 4098 τοὺς
1503 4032 1722 4101 ὑπηρέ-

149 4143 266 4192 τας
307 4129 489 4181 αὑτοῦ
539 4130 980 4197 θεραπεύεσθαι.
1016 4129 1077 4180 Εἰ
1125 4128 1222 4198 μὲν
1270 4122 1362 4181 οῦν
1419 4127 1554 4180 ἐνόει
1597 4127 1726 4190 τοὺς

146 4215 372 4287 ἀληθῶς
412 4217 687 4288 ὑπηρέτας
732 4219 824 4272 τοῦ
867 4219 1000 4272 Θεοῦ
1037 4218 1173 4289 μετά
1205 4220 1296 4272 τὸν
1333 4218 1607 4290 Μονογενῆ
1630 4219 1722 4272 τοῦ

147 4306 312 4372 Θεοῦ,
343 4309 434 4361 τὸν
465 4309 721 4380 Γαϐριὴλ,
774 4311 866 4362 καὶ
906 4311 996 4363 τὸν
1041 4310 1276 4379 Μιχαὴλ,
1323 4311 1415 4364 καὶ
1453 4312 1576 4373 τοὺς
1614 4311 1724 4364 λοι-

151 4401 293 4465 «ob;
319 4398 597 4468 ἀγγέλους,
631 4390 996 4469 ἀρχαγγέλους
1022 4399 1153 4470 (45),
1187 4400 1281 4451 καὶ
1321 4397 1539 4461 τούτους
1571 4399 1723 4468 ἔλεγε

146 4489 266 4545 δεῖν
290 4487 709 4560 θεραπεύεσθαι·
744 4489 877 4551 ἴσως
901 4488 966 4541 ἂν
993 4488 1053 4540 τὺ
1093 4489 1221 4558 περὶ
1257 4487 1348 4540 τοῦ
1381 4490 1722 4556 θεραπεύειν

147 4580 319 4635 αὐτοῦ
351 4579 742 4652 σημαινόμενον
769 4579 1164 4650 ἐκκαθήραντες
1189 4578 1320 4649 (44),
1350 4579 1444 4632 καὶ
1483 4579 1589 4634 τῶν
1625 4578 1719 4633 τοῦ

224 4721 243 4753 ¹
276 4718 428 4774 Joan.
453 4733 506 4782 ι,
537 4717 625 4772 50.
710 4719 731 4748 ²
756 4714 911 4771 Joan.
938 4731 1069 4770 xvn.
1102 4715 1193 4771 92.

147 4806 272 4854 vm,
300 4790 389 4843 58.
461 4789 482 4820 ⁷
515 4785 669 4842 Joan.
704 4802 814 4851 xw,
846 4785 900 4841 6.
974 4787 997 4817 ⁸
1035 4785 1198 4840 Hebr.
1234 4804 1271 4851 ι,
1294 4789 1347 4842 5‘.

1294 4719 1490 4799 :Joan.
1518 4733 1633 4782 xw,
1665 4719 1755 4799 υ,
1792 4732 1845 4774 et
1873 4736 2004 4788 xvii,
2032 4719 2124 4774 21.
2198 4719 2221 4750 ⁸
2250 4721 2476 4785 Act.1v,
2503 4719 2593 4773 52.

1835 2014 1920 2068 his
1948 2013 2222 2069 verebitur
2251 2029 2319 2068 ne
2346 2014 2414 2069 ad
2435 2013 2570 2070 illos-
2589 2015 3018 2084 translugiamus,
3053 2015 3142 2085 qui
3172 2015 3386 2070 Patrem

1835 2113 1890 2160 et
1938 2105 2133 2160 Filium
2171 2105 2305 2160 duas
2339 2106 2654 2177 hypostases
2703 2121 2819 2167 esse
2855 2115 3092 2176 negant,
3145 2106 3390 2160 advertat

1836 2195 2074 2250 animum
2110 2197 2178 2250 ad
2223 2197 2365 2251 istud
2394 2215 2419 2251 ε’
2461 2196 2591 2252 Erat
2646 2201 2876 2252 omnium
2921 2198 3241 2253 credentium
3290 2212 3382 2250 cor

1835 2305 1994 2342 unum
2019 2299 2065 2342 et
2081 2289 2258 2342 anima
2281 2305 2384 2342 una
2402 2289 2443 2356 ⁸,
2463 2299 2524 2344 ut
2545 2291 2809 2362 intelligat
2829 2292 2959 2361 quid
2986 2291 3086 2346 sibi
3104 2288 3384 2346 velitboc:

1834 2379 1950 2450 Ego
1982 2389 2032 2436 et
2069 2381 2233 2436 Pater
2264 2399 2423 2436 unum
2468 2399 2646 2437 sumus
2676 2383 2717 2437 ⁸.
2762 2383 2935 2439 Unum
2967 2366 3143 2453 igitur
3172 2383 3385 2445 Deum',

1835 2479 1894 2526 ut
1941 2464 2245 2541 explicavi,
2287 2474 2500 2530 Patrem
2557 2483 2611 2530 et
2665 2475 2858 2530 Filium
2910 2475 3174 2541 colimus,
3227 2485 3387 2544 atque
3437 2492 3452 2500 ·

1834 2564 1968 2618 adeo
1991 2565 2147 2621 nobis
2178 2574 2362 2621 manet
2396 2575 2584 2622 contra
2629 2568 2763 2622 alios
2795 2567 2971 2624 valida
3010 2567 3179 2635 ratio;
3215 2581 3385 2635 neque

1833 2642 2109 2714 hominem
2135 2659 2445 2728 nuperrime
2465 2671 2793 2737 exortumet
2818 2663 2908 2731 qui
2935 2671 3090 2718 antea
3124 2679 3225 2716 non
3248 2674 3382 2729 erat,

1835 2766 2046 2805 summa
2076 2754 2428 2808 veneratione
2476 2754 3196 2823 prosequim'ur.-Credimus
3241 2754 3382 2808 enim

1831 2843 2067 2897 dicenti:
2097 2843 2388 2912 Antequam
2435 2845 2696 2899 Abraham
2737 2846 2925 2915 ﬁeret,
2946 2845 3054 2914 {ego
3077 2861 3192 2898 sum
3214 2844 3253 2910 ⁶;
3282 2852 3378 2898 et:

1830 2932 1946 3002 Ego
2012 2950 2130 2988 sum
2183 2937 2376 2989 veritas
2434 2937 2479 2992 τ.
2545 2937 2731 3006 Neque
2786 2937 3072 3006 quisquam
3136 2946 3381 2990 nostrum

1830 3026 1986 3098 751
2028 3037 2136 3081 tam
2165 3027 2358 3096 abjecti
2387 3029 2586 3099 ingenii
2619 3039 2697 3084 est
2740 3038 2795 3081 ut
2822 3027 3095 3083 existimet
3134 3029 3383 3082 substan-

1831 3121 1961 3174 tiam
1993 3121 2241 3176 veritatis
2269 3137 2373 3176 non
2409 3131 2538 3175 ante
2570 3130 2808 3190 tempora
2839 3120 2929 3174 illa
2959 3119 3123 3175 fuisse
3143 3161 3157 3186 ,
3187 3121 3382 3189 quibus

1830 3209 2078 3266 Christus
2099 3212 2246 3266 visus
2281 3223 2385 3266 est.
2415 3211 2656 3266 Colimus
2705 3211 2869 3280 igitur
2893 3209 3109 3265 Patrem
3135 3211 3380 3264 veritatis

1829 3308 1883 3356 et
1906 3302 2100 3358 Filium
2135 3306 2438 3367 veritatem,
2465 3317 2580 3372 qua!
2607 3303 2723 3357 dua:
2751 3315 2836 3355 res
2861 3309 2986 3356 sunt
3011 3300 3180 3368 quoad
3207 3300 3381 3370 hypo-

1833 3394 2046 3458 stasim,
2079 3409 2184 3448 una
2220 3409 2349 3449 vero
2393 3375 2750 3448 consensione
2781 3401 2836 3448 et
2885 3391 3174 3446 concordia
3201 3402 3257 3445 et
3286 3406 3379 3443 vu-

1830 3483 2052 3539 lunlatis
2083 3486 2356 3538 identitate
2384 3504 2404 3551 ;
2431 3485 2508 3545 ita
2546 3493 2604 3539 ut
2638 3484 2727 3553 qui
2764 3485 2895 3539 vidit
2925 3483 3147 3548 Filium,
3180 3484 3269 3553 qui
3295 3494 3379 3538 est

1828 3577 2071 3646 splendor
2097 3577 2277 3646 gloria:
2309 3588 2354 3630 et
2383 3577 2554 3645 ﬁgura
2578 3578 2886 3632 substantiae
2919 3577 3079 3643 Dei‘,
3107 3576 3151 3632 is
3184 3576 3238 3630 in
3262 3576 3372 3643 illo,

1827 3672 1918 3740 qui
1946 3671 2038 3726 Dei
2075 3671 2251 3740 imago
2276 3679 2377 3735 est,
2407 3671 2601 3726 viderit
2639 3679 2695 3726 et
2721 3669 2957 3725 Patrem.

1897 3849 1987 3904 15.
2013 3848 2214 3904 Deinde
2241 3855 2393 3917 putat
2423 3864 2488 3902 ea:
2507 3864 2586 3911 eo,
2614 3848 2751 3916 quod
2775 3864 2893 3902 cum
2912 3846 3018 3901 Deo
3039 3845 3236 3901 Filium
3256 3849 3370 3918 eius

1825 3938 2084 4003 colamus,
2112 3956 2424 4011 consequens
2454 3956 2566 3993 esse
2592 3948 2648 3991 ut
2692 3955 2796 3991 non
2835 3938 3002 3992 De'um
3039 3939 3234 4001 solum,
3281 3945 3372 3994 sed

1823 4031 1980 4084 etiam
2006 4031 2118 4100 ejus
2143 4031 2412 4086 ministros
2439 4033 2680 4086 colendos
2711 4050 2822 4086 esse
2851 4034 3157 4087 sentiamus.
3194 4031 3251 4084 Si
3289 4031 3372 4084 in-

1824 4121 2121 4177 tellexisset
2153 4123 2370 4193 quinam
2425 4123 2534 4178 sint
2573 4131 2692 4192 post
2728 4121 2820 4176 Dei
2872 4121 3218 4190 Unigenitum
3245 4135 3371 4174 vere

1825 4214 2065 4270 ministri
2100 4215 2217 4282 Dei,
2252 4225 2308 4268 ut
2329 4214 2573 4278 Gabriel,
2608 4213 2865 4279 Michael,
2893 4225 2947 4268 et
2975 4214 3062 4268 alii
3087 4211 3260 4282 angeli
3291 4221 3372 4264 at-

1826 4322 1932 4375 que
1987 4307 2321 4378 archangeli,
2350 4317 2405 4361 et
2437 4321 2530 4363 eos
2556 4308 2815 4362 colendos
2836 4321 2956 4362 esse
2980 4305 3234 4370 dixisset;
3266 4302 3371 4356 ior-

1823 4408 1992 4461 tasse,
2028 4399 2336 4466 repurgatis
2357 4414 2476 4452 cum
2501 4399 2890 4470 signiﬁcatione
2922 4397 3065 4451 illius
3096 4395 3243 4448 vocis
3281 4410 3370 4446 ca-

1820 4489 1946 4555 lere,
1998 4498 2108 4541 tum
2160 4488 2281 4558 ejus
2327 4488 2416 4556 qui
2449 4488 2580 4543 colit
2620 4488 2834 4553 ofﬁciis,
2871 4490 2975 4543 hoc
3019 4488 3137 4542 loco
3167 4501 3268 4562 pro
3293 4485 3367 4538 rei

1784 4581 1787 4584 ’
1819 4588 2094 4633 momento
2121 4579 2418 4633 attulissem
2447 4595 2511 4634 ea
2540 4594 2662 4649 quae
2711 4579 2778 4633 de
2801 4579 2902 4634 hoc
2935 4587 3358 4648 argumentoas-

2696 4719 2716 4749 ⁸
2737 4717 2892 4773 Joan.
2925 4734 2978 4776 χ.
3002 4716 3090 4770 30.
3165 4717 3185 4747 ⁸
3210 4715 3364 4769 Joau.

225 4921 864 5008 (5ξ)11αραστήσαντα.
917 4920 1172 4976 Gelenius
1217 4919 1413 4991 legisse
1467 4924 1702 4993 videtur,

1825 4943 1960 4988 ivro;
2006 4925 2287 5008 πράξεως.
2316 4922 2616 5008 ¹ϐινοιίιιεμίιι
2653 4919 2912 5000 Explicat.
2933 4919 3176 5008 Βρεττίορὶ
3201 4936 3219 4972 ;
3247 4919 3365 4974 Non

147 4995 514 5064 συστήσαντα.
1032 5023 1033 5026 η

221 5059 338 5131 (ὅθ’)
364 5063 702 5119 Hceschelius
727 5065 778 5119 in
817 5071 989 5128 textu,
1022 5059 1216 5130 ἀγενὴς
1241 5059 1414 5126 λόγος,
1443 5063 1604 5117 male.
1627 5078 1638 5090 κ

249 5145 340 5216 40)
376 5147 469 5212 Ὠς
502 5147 615 5216 ἐγὼ
643 5148 740 5201 καὶ
776 5147 856 5201 σὺ
889 5146 958 5202 ἓν
1003 5146 1203 5214 ἐσμεν.
1252 5141 1478 5212 Vulgata
1511 5144 1704 5214 Biblia,

144 5215 335 5278 καθὼς
363 5218 520 5286 ἡμεῖς
539 5215 597 5270 ἓν
623 5220 808 5288 ἐσμεν.

221 5297 336 5367 (il)
361 5301 430 5420 lii
462 5298 528 5420 at
558 5317 650 5367 τις
683 5302 752 5356 ἐκ
795 5301 1040 5355 τούτων.
1098 5297 1226 5355 Vide
1266 5299 1571 5372 Origenian.
1611 5298 1705 5356 lib.

243 5383 389 5420 auats
420 5406 434 5420 .
506 5408 519 5420 .

145 5386 217 5432 ιι,
243 5378 434 5437 quaest.
465 5378 519 5420 2.

221 5452 340 5524 (49.)
363 5451 525 5524 -Υιὸν
565 5451 680 5524 τῂν
708 5454 1030 5524 ἀλήθειαν.
1069 5453 1405 5524 Horschelius
1432 5454 1485 5507 in
1533 5461 1703 5524 textu,

145 5535 204 5579 et
233 5520 400 5576 'codd.
436 5537 562 5575 mss.
590 5521 806 5588 Regius,
834 5520 1176 5586 Basileensis,
1202 5523 1490 5580 Vaticanus
1517 5535 1572 5577 et
1595 5522 1704 5575 Au-

145 5595 406 5667 glicanus
436 5592 664 5660 primus,
691 5591 819 5645 Υἱὸν
846 5596 947 5664 τῆς
971 5594 1239 5671 ᾁληθείας.

397 5673 741 5750 Ἀτῖέᾼους.
785 5678 1205 5750 ιξρχατγέλους.
1241 5670 1710 5750 ιιρεῶιόίνίόειυι·

145 5745 415 5818 ἀγγέλους
439 5745 530 5798 καὶ
567 5746 949 5814 ἁρχαγγέλους.

223 5830 337 5901 (Η)
389 5827 876 5901 Ἐκκαθήραντες,
919 5839 1022 5883 elo.
1067 5832 1259 5885 Guieto
1312 5833 1520 5884 videtur
1571 5830 1706 5901 forte

150 5897 500 5965 srrihcndutn
544 5897 937 5970 ἐκκαθήραντες
968 5901 1059 5955 καὶ
1101 5903 1159 5955 τὸ
1185 5902 1282 5972 τῆς
1310 5901 1404 5955 τοῦ
1446 5899 1704 5972 θεραπιύο

1807 5005 1969 5067 potest
2000 4990 2356 5067 idemrdiciyde
2399 4993 2615 5067 angelis,
2653 4991 2738 5067 qui
2781 5000 2842 5067 et.
2865 4990 3147 5067 intelligere
3195 5007 3366 5053 preces

1805 5059 2023 5134 possunt
2051 5077 2098 5118 et
2134 5065 2376 5131 beneﬁcia
2401 5059 2482 5134 ea?
2507 5061 2668 5113 animi
2704 5060 2928 5134 quadarn
2961 5059 3198 5134 libertate
3228 5077 3364 5134 pur-7

1810 5129 1969 5188 stare.
2009 5134 2121 5188 Hos
2164 5129 2282 5202 ergo
2315 5134 2402 5199 qui
2445 5129 3002 5202 honoreprosequitur
3047 5129 3242 5196 aliquo,
3273 5133 3362 5198 qui.

1808 5205 1964 5257 etiam
2004 5205 2202 5271 aliquid
2227 5201 2424 5256 eorum
2457 5201 2699 5271 bene/icio
2741 5215 2793 5250 se
2834 5209 3005 5271 sperat
3041 5215 3194 5271 posse
3238 5217 3360 5251 con:-

1808 5276 1976 5340 sequi,
2003 5268 2104 5327 non
2132 5284 2308 5338 peccat
2347 5274 2400 5325 in
2430 5273 2562 5323 hanc
2593 5269 2784 5340 legem;
2814 5269 2902 5320 sed
2933 5268 2975 5319 is
3015 5269 3362 5340 demttnILqui

1808 5337 1882 5395 eis
1921 5361 1983 5394 ea
2022 5345 2224 5406 tribuit,
2262 5359 2378 5413 qua:
2419 5355 2616 5413 summa
2649 5337 2754 5388 Deo
2779 5348 2902 5413 sunt
2946 5339 3176 5404 propria.
3221 5337 3357 5413 Nam

1810 5429 1908 5465 eoa:
1938 5413 2033 5464 Dei
2058 5415 2111 5465 in
2135 5416 2228 5466 hoc
2251 5409 2499 5479 pra'cepto
2525 5410 2578 5459 in
2604 5409 2911 5479 sumntitatis
2936 5424 3084 5459 sensu
3112 5410 3357 5460 sumenda

1811 5492 1908 5533 est.
1940 5481 2193 5550 Exempla
2228 5475 2333 5532 rem
2379 5479 2740 5550 “lustrabunt.
2776 5475 2894 5530 Non
2924 5485 3228 5540 peccat-unt,
3269 5491 3355 5550 qui

1810 5552 2038 5618 angelos.
2077 5547 2276 5621 quoties
2317 5550 2441 5615 ipsis
2481 5548 2742 5621 conspicui
2773 5562 3075 5621 apparuere,
3122 5547 3354 5595 venerati

1807 5616 1928 5672 sunt
1970 5616 2388 5684 procumbendo;
2430 5627 2483 5669 ut
2521 5616 2680 5669 Josue
2719 5634 2769 5680 ν,
2804 5616 2896 5674 14;
2931 5616 3115 5684 quippe
3157 5628 3272 5663 cum
3304 5625 3350 5664 et

1803 5691 2061 5755 prapltetis
2103 5692 2238 5742 idem
2281 5689 2442 5739 honos
2486 5689 2742 5738 exhibitus
2781 5689 2846 5739 sit
2879 5687 2988 5737 sine
3017 5691 3349 5755 peccrthgunt

1801 5749 1848 5811 ei
1878 5749 1965 5827 qui
2011 5760 2292 5827 putabatur:
2331 5756 2564 5818 Samuel,
2595 5757 2620 5808 I
2654 5757 2802 5810 Sam.
2829 5749 3025 5812 xxvm,
3199 5749 3348 5827 Elite;

1805 5827 1862 5880 ΙΙ
1890 5820 2021 5897 Reg:
2061 5845 2100 5892 ι.
2130 5827 2224 5891 13;
2263 5826 2398 5882 Dan.
2441 5843 2487 5890 ι,
2520 5827 2621 5890 ὀϐς
2672 5827 2758 5890 qui
2806 5832 3066 5897 munuset
3101 5820 3345 5872 libamina

1803 5893 2281 5963 rctat,'rcrerentia’
2307 5897 2506 5969 signum
2543 5911 2642 5949 non
2675 5905 2829 5957 rctat,
2858 5905 2908 5945 ut
2950 5893 3019 5943 ibi
3053 5901 3280 5945 notatum
3315 5907 3343 5942 ις
