4076 6312
740 441 882 504 ιδτυ

2209 437 2532 494 ORIGENIS

3819 445 3946 499 1540

740 581 888 618 num.
953 565 1056 619 Sed
1117 579 1235 620 cum
1278 564 1611 619 Salvatorem
1657 573 1963 633 spectamus
2017 571 2074 617 ut
2116 563 2282 617 Deum

2388 559 2533 629 αὑτῷ
2563 558 2865 630 πειθόμενοι
2909 558 3110 613 εἰπόντι
3157 560 3246 612 τό*
3279 560 3342 613 '0
3383 560 3603 628 Πατὴρ,
3646 563 3678 614 ὀ
3715 560 3949 630 πέμψεις

743 654 998 718 Verbum,
1032 658 1369 724 sapientiam,
1397 657 1674 725 justitiam,
1705 657 2010 721 veritatem,
2049 663 2159 707 tum
2204 655 2287 706 di—

741 748 914 800 t'iltltts
944 748 1088 798 illum
1112 749 1392 816 imperium
1415 749 1614 801 habere
1658 748 1709 799 in
1734 747 1912 799 omnia
1932 747 2030 800 sibi
2053 744 2288 811 subjecta

743 836 842 890 hoc
898 840 1146 903 nomine;
1198 853 1300 891 non
1334 854 1457 891 vero
1484 840 1643 890 etiam
1679 839 1729 890 in
1767 838 1928 890 Deum
1972 846 2026 889 et
2071 836 2286 888 Patrem

739 929 828 996 qui
862 929 912 979 in
946 929 1115 996 ipsmn
1153 929 1430 996 imperium
1461 930 1638 982 habet.
1659 928 1920 994 Quoniam
1949 947 2078 985 vero
2110 932 2289 985 invitis

742 1037 842 1071 non
867 1021 1168 1073 dominatur
1195 1021 1443 1085 Verbum,
1471 1031 1518 1073 et
1544 1037 1645 1073 non
1667 1020 1834 1073 solum
1861 1022 1998 1075 inter
2024 1023 2284 1084 homines,

739 1112 831 1161 sed
861 1111 1019 1162 etiam
1069 1111 1204 1164 inter
1241 1113 1461 1179 angelos
1493 1111 1734 1164 nonnulli
1776 1122 1902 1165 sunt
1943 1113 2136 1165 adhuc
2165 1114 2288 1168 mali

737 1201 931 1267 quibus
970 1201 1289 1254 accensendi
1347 1211 1471 1253 sunt
1503 1215 1688 1255 omnes
1723 1201 2014 1267 dremones,
2063 1204 2289 1256 dicimus

742 1294 975 1345 Verbum
1001 1295 1119 1347 istis
1137 1293 1370 1348 nondmn
1390 1293 1673 1358 daminari,
1694 1283 1955 1363 siqnidem
1978 1297 2289 1363 non:sponte

741 1387 811 1437 illi
841 1401 896 1437 se
928 1385 1247 1452 subjiciunt:
1283 1402 1587 1454 quanquam
1617 1387 1721 1440 alio
1765 1403 1922 1442 sensu
1951 1387 2111 1453 hujus
2140 1386 2289 1440 vocis

738 1478 1015 1541 dominari,
1042 1477 1145 1529 illis
1172 1477 1505 1535 dominatur;
1548 1479 1611 1530 ad
1643 1494 1762 1531 eum
1797 1477 1909 1530 fere
1926 1477 2151 1528 modum
2180 1491 2288 1544 quo

737 1569 963 1619 dicimus
995 1568 1261 1621 hominem
1289 1568 1471 1622 bestiis
1508 1569 1799 1628 dominari,
1821 1567 2065 1632 quamvis
2082 1572 2286 1620 eis'nou

735 1660 1040 1712 dominetur
1066 1660 1456 1727 persuadendo,
1491 1667 1543 1709 et
1574 1657 1638 1708 ad
1676 1671 1795 1708 eum
1841 1660 2058 1710 modum
2085 1675 2189 1725 quo
2236 1661 2285 1711 in

735 1751 992 1817 quosdam
1027 1751 1207 1803 leones
1241 1757 1288 1799 et
1317 1746 1558 1811 jmnenta
1596 1747 1876 1811 imperium
1901 1750 2108 1801 obtinet
2131 1751 2174 1801 is
2197 1752 2284 1818 qui

736 1840 822 1890 illa
852 1840 1054 1891 domuit
1093 1847 1145 1888 et
1178 1835 1584 1888 condam-facit:
1623 1847 1990 1890 verumtamen
2044 1839 2174 1890 nihil
2209 1842 2288 1891 in»

2384 670 2479 722 με,
2514 651 2722 720 μείζων
2742 669 2860 720 μου
2885 651 3033 703 ἐστί.
3074 652 3181 703 Καὶ
3221 651 3392 713 οὐδεὶς
3442 653 3597 721 ἡμῶν
3648 653 3816 715 οῦτως
3857 654 3948 722 ὲμ-

2390 743 2676 814 ὀρόντητός
2719 745 2890 805 ἐστιν,
2929 741 3002 803 ὡς
3041 741 3248 808 λέγειν·
3301 742 3500 814 Κύριός
3543 745 3661 794 ἐστι
3696 742 3790 794 τοῦ
3821 741 3945 795 Θεοῦ

2388 836 2416 886 ὁ
2442 834 2566 897 Υἱὸς
2590 834 2681 885 τοῦ
2709 831 3007 902 ἀνθρώπου.
3051 832 3280 901 Κρατεῖν
3304 831 3359 883 δέ
3401 849 3576 900 φαμεν
3604 831 3694 883 τὸν
3729 831 3946 901 Σωτῆρα

2393 925 2641 994 μάλιστα,
2668 925 2753 976 ὅτε
2783 923 2890 992 (57)
2924 922 3146 992 νοοῦμεν
3178 923 3336 974 αὑτὸν
3365 922 3496 974 Θεὸν
3522 922 3712 990 Λόγον,
3749 924 3840 974 καὶ
3867 938 3947 973 σο-

2390 1015 2535 1084 φίαν,
2584 1017 2678 1068 καὶ
2723 1015 3084 1086 δικαιοσύνην,
3126 1017 3217 1068 καὶ
3245 1012 3534 1084 ἀλήθειαν,
3585 1015 3801 1066 πάντων
3857 1014 3946 1082 μὲν

2388 1108 2494 1160 τῶν
2523 1109 2971 1177 ὑποτεταγμένων
3001 1107 3167 1177 αὑτῷ,
3201 1103 3334 1158 καθὸ
3401 1105 3570 1157 ταῦτά
3621 1105 3730 1172 (58)
3769 1106 3908 1157 ἐστιν
3929 1121 3942 1134 ·

2387 1199 2499 1251 ἀλλ’
2532 1199 2648 1266 οὐχὶ
2681 1198 2772 1250 καὶ
2799 1198 2889 1250 τοῦ
2930 1198 3255 1270 κρατοῦντας
3289 1197 3446 1249 αὑτὸν
3478 1196 3586 1266 (59)
3617 1197 3830 1268 Πατρὸς
3860 1195 3942 1248 καὶ

2387 1288 2539 1341 Θεοῦ.
2561 1285 2669 1340 Εἶτ’
2694 1289 2810 1341 ἐπεὶ
2833 1290 2929 1342 οὑκ
2961 1290 3197 1342 ἀκόντων
3219 1288 3386 1355 Λόγος
3412 1290 3618 1357 κρατεῖ,
3656 1288 3764 1339 εἰσὶ
3785 1287 3841 1338 δέ
3867 1304 3942 1338 τι-

2386 1398 2474 1444 νες
2503 1381 2579 1433 ἔτι
2606 1382 2886 1449 φαῦλοι,οὑ
2920 1383 3075 1452 μόνον
3108 1382 3398 1451 ἄνθρωποι,
3434 1381 3564 1434 ἀλλὰ
3599 1381 3691 1433 καὶ
3710 1381 3940 1448 ἄγγελοι.

2388 1473 2480 1524 καὶ
2520 1474 2712 1536 πάντες
2755 1474 3034 1544 δαίμονεςο
3071 1474 3271 1526 τούτων
3306 1473 3480 1542 φαμὲν
3517 1473 3675 1526 αὑτὸν
3712 1474 3786 1541 μὴ
3824 1490 3947 1543 κρα-

2386 1567 2493 1617 τεῖν
2526 1564 2620 1634 μέν
2667 1582 2769 1628 πω,
2819 1565 2939 1616 ἐπεὶ
2975 1565 3047 1635 μὴ
3089 1565 3304 1628 ἑκόντες
3343 1563 3574 1616 εἷκουσιν
3618 1563 3794 1631 αὑτῷ⁶
3829 1566 3941 1614 κατ’

2386 1650 2510 1702 ἄλλο
2539 1651 2592 1702 δὲ
2625 1654 3013 1724 σημαινόμενον
3036 1652 3128 1705 τοῦ
3151 1654 3403 1720 κρατεῖν,
3430 1654 3520 1706 καὶ
3542 1653 3717 1704 αὑτῶν
3736 1659 3941 1721 κρατεῖ,

2385 1743 2458 1806 ὡς
2478 1743 2582 1796 τῶν
2605 1745 2810 1812 ἀλόγων
2833 1745 2983 1809 ζώων
3005 1745 3179 1814 φαμὲν
3196 1746 3283 1798 τὸν
3298 1745 3577 1815 ἄνθρωπον
3595 1747 3834 1815 κρατεῖν,
3851 1746 3942 1812 οὐχ

2387 1837 2725 1903 ὑποτάξαντα
2775 1838 2950 1889 αὑτῶν
2982 1837 3040 1888 τὸ
3071 1837 3408 1906 ἡγεμονικὸν,
3461 1837 3535 1900 ὡς
3596 1836 3942 1895 τιθατσεύσας

733 1936 992 1980 tentatum
1020 1927 1290 1994 relinquit,
1314 1937 1368 1976 ut
1407 1927 1507 1978 sibi
1534 1943 1637 1979 non
1675 1929 2034 1995 obsequentes
2067 1946 2284 1999 ρει-δικι-

2388 1931 2576 1996 κρατεῖ
2589 1946 2745 1980 τινων
2766 1928 2989 1980 λεόντων
3007 1929 3096 1981 καὶ
3121 1928 3330 1998 κτηνῶν
3343 1927 3756 1998 δεδαμασμένων
3775 1945 3788 1956 ·
3814 1927 3943 1997 πλὴν

730 2019 855 2070 deat
883 2027 936 2071 et
969 2034 1063 2070 suo
1097 2017 1324 2082 imperio
1359 2017 1568 2068 snbdat.
1600 2016 1672 2069 Ex
1710 2019 1862 2070 nobis
1891 2019 2050 2087 igitur
2091 2020 2281 2071 falsum

730 2117 813 2160 est
854 2109 952 2162 hoc
980 2109 1120 2174 quod
1157 2108 1342 2162 Celsus
1371 2109 1518 2175 quasi
1551 2125 1712 2161 unum
1748 2124 1778 2162 e
1833 2111 2033 2163 nostris
2064 2113 2285 2179 dogma-

733 2199 874 2250 tibus
903 2199 1145 2249 addurit:
1181 2196 1367 2260 Ecquis
1401 2199 1535 2251 alius
1561 2199 1800 2252 dominus
1839 2201 1938 2252 erit
1978 2201 2110 2268 ejus,
2133 2218 2284 2268 penes

731 2305 877 2353 quem
904 2302 1020 2342 sunt
1045 2289 1255 2342 omnia?

802 2379 887 2434 16.
918 2381 1117 2433 Deinde
1147 2395 1253 2444 res,
1283 2381 1496 2448 Opinor,
1521 2376 1704 2434 rursus
1729 2381 2062 2436 confundens
2085 2397 2148 2436 ex
2178 2384 2283 2438 alia

732 2471 918 2524 ἰκετεεί
937 2479 1212 2524 mutuatur
1232 2474 1399 2526 istud:
1427 2473 1696 2536 Quomodo
1714 2472 1865 2524 multi
1886 2475 2022 2525 circa
2049 2487 2280 2540 puteum,

731 2574 778 2616 et
804 2563 979 2615 nullus
1023 2565 1074 2616 in
1097 2575 1305 2631 puteum
1336 2566 1640 2619 descendit?
1675 2564 1740 2617 Et
1772 2565 1906 2618 hoc:
1947 2564 2052 2618 Cur
2081 2576 2281 2620 tantum

729 2657 930 2708 itineris
948 2672 1182 2708 emensus
1210 2657 1424 2708 timidus
1457 2661 1547 2711 es?
1568 2675 1745 2720 erras;
1773 2668 1859 2711 et:
1887 2655 1978 2709 Est
1999 2661 2133 2711 enim
2157 2661 2283 2712 mihi

732 2742 956 2792 audacia
981 2753 1025 2793 et
1057 2743 1284 2810 gladius.
1319 2743 1556 2808 Quorum
1584 2745 1715 2797 nihil
1752 2761 1867 2806 nos.
1894 2747 1980 2813 qni
2010 2747 2076 2797 ad
2110 2748 2284 2801 Eccle-

732 2835 862 2884 siam
906 2849 933 2885 a
965 2834 1082 2887 solo
1125 2835 1339 2887 Christo
1386 2853 1576 2889 nomen
1612 2838 1896 2890 habentem
1928 2843 2279 2906 pertinetuus,

737 2940 915 2977 verum
947 2940 1065 2979 esse
1115 2926 1363 2980 diciums.
1396 2927 1517 2980 "me
1550 2928 1799 2994 pra-latus
1844 2930 1989 2981 addit
2027 2946 2146 2998 qua:
2179 2933 2279 2984 sibi

728 3017 1003 3068 existimat
1026 3028 1144 3070 esse
1160 3029 1542 3083 consentanea,
1576 3021 1666 3071 sed
1699 3021 1959 3098 ιιμςειιὶίιίι
1997 3019 2062 3074 ad
2096 3035 2283 3076 nosat-

732 3109 919 3162 tinent.
940 3108 1100 3164 Nobis
1116 3111 1255 3164 enim
1271 3110 1430 3182 754
1446 3113 1770 3179 propositum
1786 3123 1860 3166 est
1882 3130 1983 3168 non
1998 3116 2278 3181 quemdam

727 3202 905 3254 colere
941 3203 1102 3256 Deum
1133 3217 1290 3270 quem
1328 3218 1769 3269 supponeremns,
1798 3206 1888 3257 sed
1919 3207 2148 3274 eumqui
2181 3207 2280 3261 hoc
2307 3235 2347 3290 ο

731 3293 1036 3345 Universum
1079 3294 1332 3360 condidit
1360 3304 1414 3344 et
1471 3293 1730 3360 quidqttid
1790 3307 1888 3346 nec
1921 3297 2280 3351 sentiturtlec

732 3391 1081 3435 monstratur.
1136 3357 1380 3435 Viderint
1428 3383 1520 3444 illi,
1572 3387 1660 3449 qui
1689 3385 1828 3434 viam
1857 3385 2014 3436 aliam
2047 3387 2282 3455 aliasque

732 3473 954 3526 semitas
983 3472 1381 3539 ingrediuntur,
1414 3473 1609 3539 quique
1631 3475 1774 3526 hunc
1805 3487 2084 3540 negantes,
2120 3477 2281 3530 alium

735 3577 921 3617 I'CCCDS
944 3563 1229 3615 COIIIICIUIII
1261 3570 1313 3614 ει
1335 3562 1550 3615 nomine
1583 3573 1789 3617 tantum
1833 3565 1996 3619 DCIIII]
2029 3581 2283 3621 veneran-

715 3666 820 3738 tur
844 3656 1000 3723 quasi
1051 3655 1330 3708 conditore
1373 3659 1825 3723 praestantiorem,
1855 3668 1907 3712 et
1937 3659 1982 3712 si
2018 3662 2107 3728 qui
2159 3673 2284 3715 sunt

734 3747 824 3800 alii
858 3748 948 3816 qui
980 3747 1163 3800 dicant
1203 3746 1394 3800 Filium
1443 3749 1720 3801 fortiorem
1756 3765 1876 3802 esse
1913 3761 1968 3804 et
2007 3752 2280 3805 dominum

729 3837 849 3908 ejus
888 3853 1053 3907 penes
1082 3854 1238 3907 quem
1271 3850 1394 3893 sunt
1418 3839 1617 3892 omnia.
1638 3839 1786 3905 Quod
1817 3853 2022 3909 spectat
2047 3844 2112 3896 ad
2143 3845 2280 3897 istud

733 3939 1079 3997 prmceptum,
1117 3944 1217 3982 non
1267 3931 1474 3983 duobus
1499 3916 1733 3984 dominis
1767 3933 2106 3986 serviendum
2144 3950 2281 3998 esse,

724 4019 836 4087 jam
868 4022 1100 4076 diximus
1131 4023 1255 4090 quid
1276 4037 1341 4077 ea
1365 4025 1429 4076 de
1458 4039 1513 4076 re
1544 4025 1694 4088 nobis
1734 4027 2017 4078 videatur:
2056 4042 2185 4091 cum,
2206 4030 2298 4089 vi-,

730 4113 925 4167 delicet
963 4115 1297 4168 ostendimus
1319 4115 1502 4168 Jesum
1538 4127 1590 4170 et
1623 4116 1902 4169 Dominum
1933 4112 2132 4171 n'ullam
2164 4134 2283 4172 esse

732 4205 1008 4259 seditionis
1043 4221 1260 4260 causam
1289 4207 1413 4272 illis,
1447 4209 1536 4275 qui
1570 4223 1730 4276 supra
1764 4224 1978 4262 onmem
2007 4211 2280 4263 dominum

731 4297 941 4365 erigere
970 4312 1028 4350 se
1052 4298 1382 4365 proﬁtentes,
1405 4301 1502 4353 soli
1537 4301 1613 4352 illi
1645 4301 1869 4355 Domino
1895 4304 2161 4366 serviunt,
2191 4305 2280 4371 qui

736 4385 1001 4440 DeiFilius
1032 4397 1085 4440 et
1113 4388 1343 4441 Verbum
1379 4400 1481 4441 est.

804 4475 891 4530 I7.
935 4477 1060 4529 Post
1101 4477 1212 4529 haec
1241 4479 1541 4540 :IithIStts,
1577 4495 1668 4529 nos
1699 4481 1761 4529 ab
1808 4479 2089 4542 altaribus,

2389 2018 2562 2070 πάντα
2590 2023 2750 2082 ποιεῖ,
2787 2021 2870 2072 ἵνα
2899 2019 2990 2072 καὶ
3020 2020 3142 2082 τοὺς
3170 2021 3285 2071 νυνὶ
3317 2021 3388 2091 μὴ
3421 2019 3769 2089 πιθομένους
3803 2019 3944 2087 αὐτῷ

2388 2109 2850 2183 πείσας-κρατήσῃ
2874 2110 2968 2162 καὶ
2997 2109 3190 2162 αὐτῶν.
3222 2110 3355 2162 Καθ’
3380 2112 3525 2180 ἡμᾶς
3544 2109 3638 2164 οὖν
3673 2111 3867 2180 ψεῦδος
3887 2113 3944 2163 τὸ

2387 2199 2489 2252 ὑπὸ
2510 2201 2601 2252 τοῦ
2625 2201 2829 2268 Κέλσου
2849 2201 3154 2272 λεγόμενον,
3178 2202 3250 2265 ὼς
3267 2201 3353 2270 ὑφ’
3375 2202 3527 2272 ἡμῶν
3543 2203 3947 2273 ἀπαγγελλόμε-

2387 2307 2494 2354 νον,
2518 2293 2599 2354 τὸ,
2618 2293 2712 2357 Τίς
2731 2292 2919 2357 ἄλλος
2937 2294 3230 2359 κυριεύσει
3260 2292 3363 2345 τοῦ
3391 2293 3750 2359 κρατοῦντος
3771 2294 3942 2356 Θεοῦ;

2456 2377 2586 2443 Εἶτ’,
2643 2377 2826 2449 οἶμαι,
2886 2384 3044 2434 πάλιν
3079 2381 3288 2450 ,φύρων
3344 2384 3415 2436 τὰ
3469 2383 3794 2453 πράγματα,
3845 2385 3944 2437 ἀπὸ

2385 2471 2546 2542 ἄλλης
2562 2473 2816 2543 αἱρέσεως
2837 2474 2987 2544 φέρει
3015 2475 3092 2526 τό’
3121 2474 3252 2551 Πῶς
3271 2474 3482 2526 πολλοὶ
3507 2474 3637 2542 περὶ
3657 2475 3725 2527 τὸ
3749 2475 3941 2543 φρέαρ,

2385 2560 2482 2613 καὶ
2513 2561 2708 2627 οὐδεὶς
2736 2567 2823 2628 εἰς
2850 2564 2916 2616 τὸ
2940 2569 3122 2630 φρέαρ
3140 2579 3157 2625 ;
3184 2563 3277 2614 καὶ
3311 2563 3386 2614 τό·
3429 2563 3529 2614 Διά
3559 2563 3614 2614 τί
3652 2567 3948 2630 τοσαύτην·

2382 2653 2580 2704 ἀνύων
2625 2653 2800 2715 ὁδὸν,
2836 2652 3086 2719 ἄτολμος
3115 2649 3207 2717 si;
3247 2651 3533 2706 Λανθάνει
3578 2669 3652 2705 σε
3675 2670 3688 2680 ·
3741 2655 3830 2706 καὶ
3869 2657 3948 2716 τὸ,

2383 2742 2635 2809 Πάρεστι
2676 2741 2784 2811 γάρ
2831 2761 2931 2811 μοι
2963 2743 3180 2831 θίᾲτσος
3214 2744 3307 2796 καὶ
3340 2743 3620 2811 μάχαιραο
3651 2740 3752 2797 Ὧν
3795 2748 3944 2814 ἡμεῖς

2382 2835 2551 2896 οὐδὲν,
2598 2833 2648 2885 οἱ
2694 2833 2800 2898 ἀπὸ
2844 2834 2941 2903 τῆς
2987 2833 3270 2903 ἐπωνύμου
3326 2834 3559 2903 Χριστοῦ
3631 2836 3945 2904 Ἑκκλησίας

2385 2916 2563 2996 μόνου,
2594 2926 2769 2995 φαμὲν
2804 2921 2942 2978 εἶναι
2964 2925 3175 2996 ἀληθές.
3207 2925 3390 2978 Ταῦτα
3418 2926 3479 2995 δὴ
3510 2927 3784 2997 προειπὼν
3809 2927 3947 2979 δοκεί

2383 3016 2651 3070 ἀκόλουθα
2699 3017 2871 3087 ἑαυτῷ
2905 3017 3110 3084 λέγειν,
3147 3016 3216 3068 τὰ
3254 3017 3404 3069 οὐδὲν
3438 3017 3566 3069 ὅντα
3607 3018 3744 3088 πρὸς
3786 3020 3946 3087 ἡμᾶς.

2393 3107 2549 3178 Ἡμῖν
2581 3109 2675 3178 μὲν
2706 3109 2813 3178 γὰρ
2849 3109 2909 3160 τὸ
2944 3107 3302 3178 προκείμενόν
3333 3111 3477 3160 ἐστιν
3517 3110 3615 3161 οὑκ
3651 3110 3712 3171 ἐξ
3758 3111 3947 3162 ὑποθέο

2384 3197 2525 3262 σεώς
2561 3217 2679 3252 τινα
2719 3199 2893 3252 σέϐειν
2920 3199 3048 3251 Θεὸν
3073 3239 3086 3261 ,
3125 3198 3257 3251 ἀλλὰ
3296 3199 3385 3250 τὸν
3435 3199 3588 3251 τοῦδε
3625 3200 3718 3251 τοῦ
3759 3200 3950 3261 παντὸς

2389 3293 2482 3344 καὶ
2507 3292 2664 3344 ἄλλου
2711 3289 3012 3343 οὑτινοσοῦν
3049 3289 3400 3360 μὴάἰσθητοῦ
3437 3289 3569 3359 μηδὲ
3605 3289 3947 3361 δεικνυμένου

2383 3382 2726 3452 δημιουργόν.
2756 3381 3000 3433 Εἴσονται
3039 3380 3095 3432 δὲ
3129 3381 3178 3432 οἱ
3217 3379 3380 3448 ἄλλην
3407 3379 3521 3432 ὁδὸν
3555 3381 3650 3433 καὶ
3685 3381 3822 3433 ἄλλα
3862 3382 3948 3435 κέ-

2383 3474 2543 3525 λευθα
2578 3473 2911 3542 βαδίζοντες,
2951 3473 3044 3524 καὶ
3081 3471 3264 3523 τοῦτον
3308 3471 3406 3541 μὲν
3447 3471 3785 3541 ἀρνούμενοι,
3832 3490 3952 3526 και-

2384 3565 2573 3617 νοειδεῖ
2591 3562 2646 3614 δὲ
2673 3563 3052 3633 ἀναπλάσματι
3094 3565 3184 3615 καὶ
3207 3563 3435 3632 ,ὀνόματι
3473 3562 3628 3631 μόνον
3657 3563 3791 3616 Θεοῦ
3831 3565 3952 3617 ἑαυ-

2384 3657 2526 3717 τοὺς,
2554 3655 2626 3716 ὡς
2661 3654 2865 3724 μείζονι
2897 3651 3002 3706 τοῦ
3024 3653 3374 3725 δημιουργοῦ,
3408 3653 3807 3716 ὲ¹πιδεδωκότες,
3860 3657 3952 3707 καὶ

2385 3746 2538 3807 εἴτις
2570 3744 2654 3814 ἄρ’
2681 3745 2819 3808 ἐστὶ,
2847 3744 3017 3811 λέγων
3045 3744 3386 3815 ἰσχυρότερον
3416 3741 3552 3796 εἶναι
3575 3745 3665 3796 τὸν
3695 3745 3822 3795 Υἱὸν
3862 3748 3953 3796 καὶ

2386 3837 2583 3908 Κύριον
2595 3835 2684 3888 τοῦ
2703 3836 3023 3907 κρατοῦντος
3034 3834 3187 3888 Θεοῦ.
3204 3832 3640 3902 Ἀποδεδώκαμεν
3655 3835 3714 3886 δὲ
3733 3835 3824 3886 τὸν
3839 3853 3957 3902 φαι-

2385 3926 2602 3996 νόμενον
2633 3928 2760 3996 ἠμῖν
2784 3924 2936 3992 λόγον
2966 3925 3044 3985 εἰς
3066 3924 3126 3975 τὸ
3156 3922 3228 3993 μὴ
3261 3923 3368 3975 δεῖν
3380 3923 3500 3975 δυσ1⁵
3516 3923 3954 3992 κυρίοιςδουλεύ-

2385 4035 2481 4071 ειν·
2513 4017 2709 4086 ὅτεκκαὶ
2724 4017 3158 4085 παρεστήσαμεν,
3183 4014 3448 4084 μηδεμίαν
3473 4014 3657 4067 στάσιν
3699 4015 3827 4083 περὶ
3867 4016 3957 4070 τὸν

2397 4108 2599 4177 Ἰησοῦν
2617 4108 2706 4158 καὶ
2723 4107 2921 4175 Κύριον
2939 4105 3348 4158 ἀποδείκνυσθαι
3365 4104 3614 4170 δύνασθαι
3630 4108 3686 4158 ὲν
3701 4108 3817 4168 τοῖς
3835 4107 3957 4176 ὁμο-

2385 4197 2629 4264 λογοῦσιν
2654 4195 3184 4268 ὑπεραναὸεὸηκὲναι
3213 4196 3313 4266 μὲν
3347 4193 3519 4249 πάντα
3538 4198 3761 4268 Κύριον,
3807 4198 3953 4270 μόνῳ

2385 4291 2440 4342 δὲ
2474 4290 2658 4360 Κυρίῳ
2687 4289 2950 4344 δουλεύειν
2989 4288 3064 4366 τῷ
3088 4287 3200 4358 Υῑῷ
3223 4288 3316 4341 τοῦ
3343 4288 3477 4341 Θεοῦ
3509 4290 3599 4342 καὶ
3623 4289 3786 4359 Λόγῳ
3817 4292 3949 4360 (60).

2454 4482 2606 4536 Μετὰ
2647 4485 2815 4537 ταῦτα
2855 4483 2950 4537 δὲό
2991 4487 3191 4549 Κέλσος
3245 4487 3437 4556 φησὶν’
3497 4487 3678 4556 Ἠμᾶς
3705 4469 3950 4560 βωμοὺς

733 4568 939 4632 statuis,
984 4567 1186 4634 templis
1233 4568 1484 4634 erigendis
1546 4570 1841 4637 abhorrere,
1886 4574 2008 4640 quia
2053 4573 2181 4637 lucc,
2235 4583 2285 4627 ut

2393 4576 2490 4628 καὶ
2510 4575 2819 4645 ἀγάλματα
2849 4575 2944 4628 καὶ
2973 4575 3120 4641 νεὼς
3143 4575 3412 4644 ἱδρύσοαι
3446 4578 3704 4646 φεύγειν·
3731 4579 3869 4633 ἐπεὶ
3895 4583 3951 4631 τὸ

802 4722 911 4792 (57)
955 4724 1111 4776 "Ore.
1149 4722 1324 4778 Mallet
1353 4724 1576 4778 Guiclus
1604 4725 1704 4777 ὅτι.

827 4794 916 4859 58)
962 4794 1169 4848 Ταῦτα.
1206 4796 1345 4846 Idem
1384 4796 1561 4847 mallet
1586 4795 1824 4850 τοιαῦτα.

827 4796 916 4859 58)
962 4796 1169 4848 Ταῦτα.
1206 4796 1345 4846 Idem
1384 4796 1561 4847 mallet
1586 4796 1824 4850 τοιαῦτα.

801 4796 913 4938 ξὸυ)
953 4865 1428 4938 A_1'err._Subandi
1465 4869 1699 4938 κρατεῖν,
1737 4872 1784 4919 ni
1823 4869 1997 4938 legere
2031 4871 2184 4925 malis
2219 4867 2285 4924 αὖ

737 4936 821 5006 vel
839 4934 1202 5006 ναὺτοῦ,ν(]υο‹]
1235 4935 1465 5006 pendeat
1493 4934 1765 5006 a-Harpég.

805 5003 914 5073 (61!)
949 5005 1056 5056 Καὶ
1091 5006 1280 5073 Λόγῳ.
1309 5002 1432 5056 Haec
1457 5007 1509 5057 in
1543 5002 1694 5058 antea
1727 5009 1884 5061 editis
1920 5011 2115 5062 omissa
2143 5022 2289 5072 sunt,

732 5083 785 5126 et
825 5076 1177 5126 restituuntur
1207 5091 1236 5126 e
1272 5091 1401 5126 mss.
1697 5073 1710 5131 _'

806 5141 916 5214 (fil)
967 5142 1137 5209 Ἠμᾶς
1177 5143 1438 5212 βωμοὺς,
1471 5144 1580 5214 fatal
1611 5144 1949 5212 ἀγάλματα,
1995 5149 2091 5201 καὶ
2135 5150 2282 5214 νεὼς

733 5209 1006 5285 ἰδρύῇᾳθᾳι
1038 5209 1293 5285 φεύγειιῇ
1325 5225 1440 5285 etc._
1470 5213 1573 5266 Pro
1622 5209 1863 5285 ἱδρῦσθαι
1911 5220 2089 5270 mall‘et
2122 5209 2283 5274 Gate;

739 5292 818 5358 ttts
857 5279 1165 5358 ζὸρύεσθαι.ί
1193 5286 1343 5350 Apud
1373 5279 1695 5358 _III_in_utiuu[
1721 5288 1997 5358 I‘elicctn,_,
2029 5306 2145 5358 pag.
2195 5290 2280 5350 :5,

737 5348 988 5420 (latcihus
1049 5351 1186 5403 idem
1244 5348 1384 5419 quod
1418 5354 1604 5406 Celsus
1650 5355 1830 5420 objicit
1877 5375 1888 5408 :
1956 5348 2063 5409 Cur
2097 5348 2283 5411 int/las

737 5433 858 5469 aras
893 5419 1102 5483 habent,
1143 5423 1330 5487 templa
1393 5425 1569 5486 nulla,
1603 5419 1748 5476 nulla
1799 5442 1920 5478 nota
1957 5430 2284 5480 simulacra?

737 5487 834 5538 Cui
884 5489 1136 5563 Octavius
1187 5493 1370 5543 eadem
1421 5492 1531 5563 fere
1579 5498 1735 5547 modo
1782 5513 1841 5548 ac
1892 5498 2148 5563 Origenes
2199 5516 2284 5549 re-

741 5560 1010 5623 spondens
1043 5575 1164 5625 pag.
1191 5563 1277 5622 95,
1316 5563 1390 5613 ait
1417 5580 1430 5614 :
1462 5562 1668 5616 Putatis
1703 5577 1873 5618 autent
1904 5560 2285 5620 nos-ioccrdtare

737 5630 873 5692 quod
923 5629 1162 5690 colimus,
1199 5634 1242 5682 si
1299 5631 1513 5683 delubra
1563 5644 1611 5685 et
1678 5652 1797 5687 aras
1847 5652 1947 5686 non
1998 5637 2287 5690 habemus?

742 5699 891 5771 Quod
926 5699 1060 5748 enini
1087 5700 1435 5771 simulacrum
1473 5701 1575 5752 Deo
1611 5704 1837 5771 ﬁngant.
1880 5721 2026 5763 cum,
2073 5709 2116 5758 si
2153 5719 2286 5758 recte

741 5767 1020 5841 existimes,
1053 5769 1117 5818 sit
1148 5770 1240 5820 Dei
1276 5770 1426 5820 homo
1459 5772 1563 5832 ipse
1602 5767 1981 5826 simulacrum?
2021 5773 2283 5841 Templum

739 5839 875 5900 quod
907 5838 952 5888 ei
986 5851 1271 5904 exs‘ruam,
1300 5855 1412 5890 cum
1447 5851 1584 5893 totus
1625 5842 1703 5894 hic
1737 5845 1958 5895 mundus
1991 5845 2098 5913 ejus
2135 5838 2285 5914 opere

2394 4731 2681 4801 fabricatus
2737 4749 2852 4785 eum
2899 4749 3079 4800 capere
3103 4749 3232 4786 mon
3285 4732 3489 4800 possit?
3534 4731 3598 4783 Et
3630 4747 3752 4783 cum
3797 4734 3950 4785 hau

2393 4803 2552 4853 latius
2603 4818 2876 4862 maneam,
2925 4804 3065 4853 intra
3117 4819 3276 4854 unum
3321 4801 3592 4854 wdiculam
3641 4801 3744 4852 uim
3791 4811 3950 4854 (aut:

2395 4871 2682 4938 niajestatis
2714 4871 3020 4924 includam?
3059 4868 3245 4922 Nonne
3273 4871 3460 4921 melius
3504 4871 3557 4920 in
3584 4878 3767 4920 nostra
3803 4871 3952 4922 dedi:

2396 4948 2592 4992 candus
2624 4951 2698 4992 est
2731 4940 2939 4993 mente?
2971 4941 3025 4991 in
3073 4949 3249 4991 nostro
3293 4939 3396 4990 imo
3444 4939 3837 4990 consecrandus
3877 4953 3952 4991 est

2398 5013 2639 5076 pectore?
2680 5010 2945 5062 Arnobius
2982 5009 3132 5061 initio
3177 5008 3304 5064 libri
3348 5005 3486 5060 sexti
3532 5009 3781 5059 adrersus
3824 5024 3950 5075 ges-

2401 5091 2472 5131 tes
2496 5094 2513 5129 :
2544 5077 2607 5131 In
2651 5081 2748 5131 hac
2790 5081 2954 5137 enim,
2993 5079 3196 5146 inquity,
3229 5079 3512 5130 consuestis
3559 5090 3700 5140 parte
3749 5087 3950 5130 crimen

2391 5153 2537 5202 nobis
2564 5151 2849 5201 maximum
2881 5147 3158 5216 impietatis
3189 5147 3411 5216 afﬁgere,
3447 5147 3581 5215 quod
3620 5163 3786 5212 neque
3813 5152 3952 5200 n-des

2389 5235 2564 5271 sacras
2600 5219 2940 5270 venerationis
2971 5219 3039 5268 ad
3071 5219 3232 5287 adicio
3264 5227 3648 5280 construamus,
3678 5232 3788 5270 non
3820 5225 3948 5269 deo-

2391 5306 2507 5340 rum
2541 5287 2763 5355 alicujus
2796 5287 3134 5340 simulacrum
3166 5287 3538 5339 constituamus
3569 5297 3657 5338 aut
3690 5287 3947 5351 (armum,

2391 5375 2493 5409 non
2527 5359 2716 5408 altaria
2755 5357 3086 5421 fabricamus,
3111 5373 3213 5409 non
3239 5372 3379 5416 aras,
3410 5368 3514 5410 etc.
3549 5355 3675 5412 Ilico:
3709 5374 3810 5410 nos
3841 5374 3953 5409 ces-

2389 5443 2566 5479 samus
2596 5427 2668 5478 vel
2698 5427 3024 5494 exa'rliﬁcare
3048 5427 3120 5479 vel
3147 5427 3339 5494 facere,
3361 5437 3465 5479 etc.
3489 5425 3744 5492 Nunquid
3782 5428 3952 5480 Deum

2390 5495 2618 5547 delubris
2671 5508 2760 5549 aut
2809 5496 3116 5561 templorum
3169 5497 3636 5548 constructionibus
3702 5495 3952 5548 honora-

2393 5566 2547 5616 mus?
2585 5564 2894 5619 Lactantius
2929 5567 3019 5617 lib.
3052 5580 3111 5626 ll,
3146 5580 3258 5632 cap.
3287 5567 3320 5616 2
3349 5583 3362 5619 :
3399 5567 3537 5630 Quid
3569 5565 3664 5616 sibi
3710 5566 3956 5630 tempta?

2393 5635 2517 5701 quid
2541 5651 2647 5687 ora:
2679 5637 2890 5689 volunt?
2925 5636 3048 5702 quid
3085 5635 3305 5702 denique
3350 5638 3461 5703 ipsa
3501 5634 3793 5687 simulatra
3831 5648 3952 5703 qur:

2393 5713 2481 5755 aut
2544 5716 2866 5757 mortuorum
2914 5715 3002 5756 aut
3060 5702 3715 5757 absentiummonimenta
3781 5702 3954 5754 sunt!

2393 5774 2516 5825 Item
2550 5775 2602 5826 in
2635 5777 2737 5827 line
2760 5774 2879 5826 libri
2905 5773 2976 5825 De
3005 5777 3084 5827 ira
3109 5773 3240 5828 Dei:
3269 5773 3348 5828 Sit
3380 5775 3546 5834 nobis,
3580 5773 3780 5836 inquit,
3812 5769 3954 5824 Dens

2394 5859 2497 5896 non
2529 5844 2580 5898 in
2611 5846 2830 5914 templis,
2865 5845 2951 5898 sed
2988 5845 3040 5898 in
3072 5845 3227 5899 sorde
3259 5857 3430 5911 nostra
3459 5852 3819 5898 consecratus.
3845 5839 3958 5896 Ds-
