4076 6312
160 390 299 449 I565

1303 385 1582 445 CONTRA
1613 382 1891 444 CELSUM
1919 382 2048 444 ιω.
2086 383 2223 443 VIII.

3236 388 3376 442 I300

155 513 329 576 οὐδενὶ⁵
354 509 463 564 τῶν
499 505 768 580 δαιμόνων
801 507 1219 580 συνεστιώμεθα,
1254 508 1386 562 ἀλλὰ
1415 512 1524 572 τοῖς
1555 508 1717 570 θείοις

1820 523 2091 578 paremus,
2107 507 2254 563 nullo
2279 521 2404 562 cum
2434 507 2803 574 daemone,sed
2821 520 2941 561 cum
2957 505 3152 562 divinis
3175 502 3381 574 angelis

157 603 423 673 ἀγγέλοις.
449 602 559 656 Kal
581 603 691 672 γὰρ
727 601 1099 671 πᾶνκτίσμα
1119 601 1265 656 Θεοῦ
1296 599 1597 654 καλόνκαὶ
1627 601 1720 653 οὐ-

155 692 263 748 δὲν
291 695 650 760 ἀπόϐλητον,
670 695 793 763 μετ’
818 692 1204 762 εὐχαριστίας
1233 691 1712 759 λαμϐανόμενον·

159 782 444 853 ἁγιάζεται
472 783 580 856 γὰρ
604 783 700 837 διὰ
728 785 912 852 λόγου
936 782 1082 837 Θεοῦ
1111 781 1207 835 καὶ
1237 780 1574 846 ἐντεύξεως.
1605 779 1717 832 Οὐκ

118 927 120 929 .
157 874 223 928 ἂν
272 874 316 927 δ’
356 870 448 929 οὖν
507 873 688 940 καλὸν,
734 875 853 928 οὐδὲ
901 873 1120 929 δυνατδν
1150 871 1489 941 άγιάζεσθαι,
1523 869 1592 932 εἰ,
1643 867 1718 930 ὠς

155 966 361 1030 Κέλσος
417 967 622 1030 οἴεται,
669 965 886 1036 δαίμοσι
923 965 1096 1019 ταῦτα
1138 961 1205 1036 ἦν
1251 961 1714 1036 προστεταγμένα.

237 1059 331 1111 Ἐκ
383 1057 584 1111 τούτων
635 1058 691 1112 δὲ
750 1057 907 1130 δῆλον
933 1098 948 1123 ,
1005 1059 1086 1111 ὅτι
1143 1057 1238 1110 καὶ
1290 1055 1426 1128 πρὸς
1470 1054 1538 1123 τὰ
1591 1053 1719 1123 ἑξῆς

101 1149 118 1164 ⁸
153 1149 302 1220 αὐτῷ
361 1150 658 1221 λελεγμένα
706 1150 1096 1220 ἀπηντήσαμεν
1149 1146 1320 1210 οὕτως
1381 1145 1599 1217 ἔχοντα’
1654 1146 1721 1200 Ἦ

151 1242 361 1294 τοίνυν
385 1237 612 1309 οὐδαμῆ
640 1238 912 1309 οὐδαμῶς
928 1238 1197 1303 βιωτέον,
1219 1236 1362 1290 οὐδὲ
1393 1234 1534 1307 τῇδε
1551 1249 1720 1303 παρι-

151 1329 382 1396 τητέον,
454 1327 493 1396 ἢ
542 1327 648 1382 τὸν
694 1328 790 1381 ἐπὶ
834 1327 1031 1380 τοῖσδε
1075 1325 1443 1394 παρελθόντα
1479 1327 1564 1392 εις
1613 1325 1722 1379 τόν

150 1419 311 1483 βίον,
352 1419 592 1487 δαίμοσι
635 1419 760 1484 τοῖς
801 1418 874 1471 τὰ
904 1418 1002 1470 ἐπὶ
1042 1415 1151 1486 τῆς
1193 1416 1504 1485 εὶληχόσιν
1540 1417 1719 1486 εὐχα-

149 1506 483 1574 ριστητέον,
533 1507 632 1560 καὶ
681 1507 954 1575 ἀπαρχὰς
1007 1506 1106 1560 καὶ
1148 1506 1331 1575 εὐχὰς
1373 1505 1718 1574 ἀποδοτέον,

149 1598 262 1665 ἕως
304 1601 381 1653 ἂν
420 1598 622 1669 ζῶμεν,
669 1601 748 1665 ὡς
787 1597 862 1653 ἂν
898 1599 1327 1668 φιλανθρώπων
1363 1598 1560 1654 αὐτῶν
1587 1619 1722 1670 τυτ-

150 1688 454 1758 χὰνοιμεν.
502 1691 612 1744 Καὶ
671 1690 894 1760 βιωτέον
941 1688 1033 1746 οὖν
1081 1694 1234 1764 ἡμῖν,
1292 1693 1386 1746 καὶ
1428 1691 1569 1746 κατὰ
1631 1692 1720 1747 τὸν

151 1778 307 1846 λόγον
346 1778 439 1832 τοῦ
488 1779 622 1833 Θεοῦ
671 1779 908 1849 βιωτέον,
954 1783 1075 1837 ὅσον
1120 1776 1230 1836 οἶόν
1283 1800 1342 1836 τε
1385 1782 1478 1835 καὶ
1523 1782 1721 1835 δίδοται

150 1870 270 1920 κατ’
309 1868 469 1922 αὐτὸν
518 1869 696 1939 βιοῦψ
746 1871 941 1925 δίδοται
972 1871 1029 1924 δὲ
1071 1873 1163 1925 καὶ
1193 1873 1280 1926 ὅτε
1320 1872 1416 1924 εἰτ’
1446 1873 1715 1942 ἐσθίομεν,

151 1957 264 2010 εἴτε
307 1960 552 2030 πίνομεν,
588 1960 760 2014 πάντα
799 1963 878 2024 εἰς
918 1962 1072 2026 δόξαν
1119 1961 1252 2016 Θεοῦ
1294 1963 1572 2034 ποιοῦμεν.
1611 1964 1718 2016 Καὶ

149 2049 214 2103 οὐ
257 2053 614 2122 παραιτητέον
642 2055 770 2124 ἡμῖν
819 2054 879 2106 τὸ
925 2054 1156 2126 χρῆσθαι
1204 2055 1319 2126 μετ’
1372 2056 1718 2127 εὐχαριστίας

148 2139 254 2209 τῆς
289 2144 422 2211 πρὸς
450 2145 539 2197 τὸν
570 2146 826 2200 κτίσαντα
850 2151 960 2212 τοῖς
987 2149 1050 2201 δι’
1085 2150 1229 2220 ἡμᾶς
1261 2150 1424 2203 αὐτοῦ
1451 2152 1720 2222 ’δημιουρ-

149 2231 385 2301 γήμασι.
430 2234 538 2286 Καὶ
587 2235 680 2286 ἐπὶ
734 2239 906 2288 τοῖσδε
961 2240 1157 2307 μᾶλλον
1209 2241 1566 2312 παρήχθημεν
1616 2241 1719 2294 ὑπὸ

150 2319 246 2373 τοῦ
275 2321 409 2403 Θεοῦ
443 2325 521 2386 είς
568 2325 656 2377 τὸν
693 2323 861 2395 βίονῆ
895 2327 978 2395 ἐφ’
1022 2324 1102 2391 οἷς
1145 2329 1349 2392 Κέλσος
1380 2329 1582 2383 οἴεται·
1627 2333 1720 2384 καὶ

150 2415 252 2484 οὐχ
281 2415 614 2487 ὐποκείμεθά
643 2434 707 2486 γε
736 2417 1002 2487 δαίμοσιν,
1050 2419 1182 2472 ἀλλὰ
1212 2418 1289 2490 τῷ
1323 2420 1414 2471 ἐπὶ
1442 2422 1571 2473 πᾶσι
1601 2419 1719 2490 Θεῷ

151 2507 252 2562 διὰ.
287 2507 380 2559 τοῦ
434 2509 578 2578 ἡμᾶς
624 2507 1058 2580 προσαγαγόντος
1086 2508 1260 2581 Ἰησοῦ
1316 2508 1425 2562 τοῦ¹
1460 2509 1714 2581 Χριστοῦ.

153 2596 268 2650 Καὶ
315 2598 454 2651 κατὰ
507 2583 700 2667 νόμους
740 2598 849 2669 (I5)
886 2599 981 2668 μὲν
1010 2599 1143 2652 Θεοῦ
1171 2599 1344 2663 οὐδεὶς
1385 2600 1564 2670 εΰεηχε
1605 2599 1719 2652 δαί-

155 2703 277 2758 μων
310 2686 379 2738 τὰ
408 2689 500 2744 ἐπὶ
527 2688 658 2758 γῆς·
693 2689 780 2743 διὰ
814 2689 870 2742 δὲ
906 2688 1003 2760 τὴν
1033 2689 1181 2758 σφῶν
1207 2692 1545 2761 παρανομίαν
1574 2691 1712 2760 τάχα

157 2779 260 2850 μὲν
283 2779 462 2843 αὐτοῖς
492 2779 744 2832 διείλοντο
788 2778 898 2850 (14)
939 2779 1062 2842 τοὺς
1109 2780 1324 2845 τόπους,
1354 2780 1480 2834 ἔνθα
1516 2781 1718 2852 ἐρημία

153 2869 275 2921 ἐστὶ
300 2867 548 2936 γνώσεως
578 2869 711 2922 Θεοῦ
743 2870 836 2922 καὶ
872 2868 967 2922 τοῦ
989 2872 1109 2922 κατ’
1141 2870 1300 2925 αὐτὸν
1339 2871 1475 2940 βίου,
1526 2872 1558 2941 ἢ
1592 2872 1717 2924 ἔνθα

153 2959 320 3022 πολύς
347 2962 490 3014 ἐστιν
523 2961 551 3012 ὁ
579 2961 675 3030 τῆς
700 2961 982 3032 Θειότητος
1019 2961 1292 3030 ἀλλότριος
1311 2978 1324 2991 ο
1359 2963 1496 3032 τάχα
1525 2962 1602 3028 δὲ,
1641 2963 1718 3028 ὼς

153 3049 297 3117 ἄξιοι
323 3050 430 3104 τῶν
476 3051 727 3123 πονηρῶν
773 3051 1073 3105 ἐπιστάται·
1103 3053 1195 3104 καὶ
1236 3051 1488 3106 κολασταὶ
1517 3053 1713 3118 αὐτῶν,

153 3141 264 3195 ὑπὸ
298 3141 391 3195 τοῦ
423 3141 744 3206 διοικοῦντος
772 3143 838 3196 τὰ
866 3143 962 3196 ὅλα
996 3143 1167 3211 Λόγου
1205 3143 1505 3215 ἐτάχθησαν
1531 3144 1717 3216 ἄρχειν

150 3231 266 3287 τῶν
291 3233 515 3296 ἑαυτοὺς
545 3233 921 3298 ὐποταξάντων
952 3237 1016 3305 τῇ
1045 3234 1230 3306 κακίᾳ,
1262 3237 1355 3288 καὶ
1376 3236 1434 3288 οὐ
1465 3235 1542 3304 τῷ
1579 3235 1713 3306 Θεῷ.

152 3323 268 3375 Καὶ
307 3323 394 3376 διὰ
425 3322 646 3381 τοιαῦτα
679 3323 735 3377 δὲ
778 3324 982 3387 Κέλσος
1025 3324 1142 3395 μὲν,
1190 3327 1264 3388 ὡς
1315 3325 1523 3394 ἀγνοῶν
1566 3327 1716 3391 Θεὸν,

152 3412 226 3465 τὰ
255 3415 577 3484 χαριστήρια
600 3415 847 3484 δαίμοσιν
876 3414 1171 3467 ἀποδιδότω
1189 3433 1201 3445 ·
1237 3417 1394 3484 ἡμεῖς
1428 3416 1483 3468 δὲ
1509 3415 1586 3485 τῷ
1624 3417 1718 3468 τοῦ

152 3503 357 3566 παντὸς
411 3502 734 3573 Δημιουργῷ
783 3503 1240 3574 εὐχαριστοῦντες,
1269 3503 1402 3574 (I5),
1455 3505 1548 3556 καὶ
1593 3505 1720 3566 τοὺς

155 3593 274 3664 μετ’
305 3591 648 3662 εὐχαριστίας
671 3592 764 3644 καὶ
788 3592 950 3660 εὐχῆς
969 3591 1066 3662 τῆς
1094 3592 1183 3643 ἐπὶ
1200 3593 1309 3653 τοῖς
1331 3590 1527 3645 δοθεῖσι
1547 3609 1717 3662 προσ-

152 3681 453 3752 αγομένους
499 3679 1014 3750 ἄρτουςκέσθίομεν,
1063 3679 1219 3749 σῶμα
1271 3683 1590 3750 γενομένους
1632 3681 1719 3734 διὰ

152 3775 254 3845 τὴν
296 3771 458 3842 εὐχὴν
475 3761 647 3838 “iam
691 3787 746 3823 τι
789 3769 882 3824 καὶ
922 3769 1145 3838 ἁγιάζον
1181 3770 1307 3833 τοὺς
1354 3771 1489 3840 μετὰ
1534 3771 1718 3839 ὑγιοῦς

149 3862 464 3935 προθέσεως
491 3860 640 3932 αὐτῷ
668 3861 978 3933 χρωμένους
1013 3860 1144 3933 (16).

69 3961 76 3967 ·
149 3952 157 3954 ”
237 3952 398 4008 Ἀλλὰ
441 3951 536 4006 καὶ
581 3951 833 4023 ἀπαρχὰς
863 3951 1065 4018 Κέλσος
1116 3952 1213 4023 μὲν
1261 3952 1554 4023 δαιμονίοις
1590 3953 1718 4006 ἀνα-

152 4044 357 4098 τιθέναι
403 4042 684 4112 βούλεται,
731 4045 894 4113 ἡμεῖς
945 4043 1001 4096 δὲ
1043 4042 1120 4113 τῷ
1163 4043 1402 4097 εἰπόντι·
1444 4047 1717 4113 Βλαστη-

151 4135 318 4214 σάτω
364 4135 404 4201 ἡ
459 4133 537 4203 τῆ
575 4134 846 4202 βοτάνην
899 4135 1134 4202 χόρτου,
1192 4134 1444 4202 σπεῖρον
1483 4134 1717 4205 σπέρμα

152 4220 305 4276 κατὰ
332 4219 505 4290 γένος
535 4221 632 4273 καὶ
688 4221 813 4275 καθ’
843 4223 1176 4289 ὁμοιότητα,
1213 4224 1312 4275 καὶ
1343 4223 1548 4286 ιξύλον
1574 4223 1715 4292 κάρ-

149 4329 336 4382 πιμον
375 4310 587 4364 ποιοῦν
635 4312 881 4380 καρπὸν,
933 4308 1005 4366 οὗ
1061 4313 1124 4364 τὸ
1163 4314 1397 4382 σπέρμα
1425 4315 1610 4368 αὐτοῦ
1647 4317 1716 4369 ἐν

147 4403 314 4469 αὐτῷ
345 4404 494 4457 κατὰ
514 4402 682 4479 γένος
723 4403 820 4455 ἐπὶ
852 4401 963 4470 τῆς
1000 4403 1128 4472 τῆς.
1157 4397 1226 4473 Ὦ
1256 4405 1312 4457 δὲ
1335 4405 1431 4468 τὰς
1460 4408 1714 4480 ἀπαρχάς

1821 598 2120 667 epulamur.
2149 597 2287 652 Nam
2307 598 2474 651 omnis
2501 609 2746 652 creatura
2768 597 2860 652 Dei
2878 599 3010 650 bona
3031 606 3125 662 est,
3156 604 3210 649 et
3245 589 3377 646 nihil

1821 687 2158 757 rejiciendum
2185 689 2322 757 quod
2356 705 2472 741 cum
2518 690 2810 757 gratiarum
2838 689 3038 741 actione
3058 685 3375 754 percipitur;

1819 779 2180 846 sanctiﬁcatnr
2201 781 2335 833 enim
2363 795 2457 842 per
2484 779 2687 833 verbum
2712 778 2806 832 Dei
2821 789 2866 833 et
2890 778 3173 832 oralionem
3196 776 3262 827 “.
3280 776 3374 827 At-

1819 871 2033 939 quiuec
2065 871 2204 923 bona
2235 879 2400 935 esset,
2427 883 2525 926 nec
2546 867 3099 939 possetsanctilicari,
3121 867 3162 921 si
3183 866 3373 920 horum

1819 976 1972 1024 cura,
2005 970 2059 1013 ιιι
2091 969 2243 1029 putat
2264 960 2471 1024 Celsus,
2502 961 2833 1015 daemonibus
2853 959 3042 1014 luisset
3068 959 3372 1014 commissa.

1888 1054 1976 1108 55.
2009 1053 2084 1106 Ex
2116 1052 2200 1106 his
2231 1053 2403 1120 palam
2433 1061 2516 1106 est
2543 1041 2653 1118 iam
2684 1067 2711 1104 a
2745 1051 2898 1105 nobis
2928 1066 3231 1105 occursum
3258 1063 3378 1104 esse

1822 1145 1909 1212 iis,
1950 1158 2070 1213 qua:
2102 1153 2282 1212 postea
2329 1143 2459 1198 dicit
2504 1145 2586 1196 his
2630 1141 2763 1210 ipsis
2811 1143 3033 1196 verbis:
3073 1145 3175 1196 Aut
3217 1143 3380 1210 igitur

1820 1252 1924 1289 non
1945 1236 2211 1290 vivendum
2237 1235 2464 1297 omnino,
2495 1251 2586 1287 nec
2620 1235 2672 1286 in
2709 1234 2840 1286 hanc
2869 1236 3026 1287 vitam
3073 1235 3404 1288 veniendum-

1819 1335 1915 1390 est,
1943 1335 2033 1378 aut
2069 1325 2347 1378 venientem
2385 1326 2465 1377 his
2493 1312 2877 1377 conditionibus
2924 1333 3124 1391 oportet
3177 1327 3398 1380 denter

1821 1417 1993 1482 nibus,
2029 1417 2119 1486 qui
2158 1416 2376 1469 terrenis
2428 1417 2581 1469 rebus
2640 1425 2912 1482 praesunt,
2952 1421 3152 1485 gratias
3187 1399 3378 1487 agere,

1819 1507 2077 1574 primitias
2101 1515 2149 1560 et
2171 1523 2365 1575 preces,
2410 1506 2643 1573 quandiu
2667 1508 2914 1572 vivemus,
2943 1506 3151 1575 offerre,
3185 1515 3240 1560 ut
3261 1507 3377 1561 illos

1822 1597 2073 1665 beneﬁcos
2100 1599 2449 1664 experiamur.
2483 1597 2775 1651 Viveudum
2830 1607 2976 1652 certe
3016 1597 3171 1654 nobis
3209 1607 3262 1654 et
3309 1612 3377 1652 ex

1822 1686 1983 1743 Verbi
2018 1689 2110 1742 Dei
2144 1688 2457 1757 praescripto
2515 1687 2823 1752 vivendum,
2887 1696 3145 1755 quantum
3205 1689 3379 1757 possi-

1824 1779 1931 1834 bile
1955 1789 2036 1834 est
2056 1789 2108 1834 et
2137 1791 2400 1848 quantum
2431 1795 2498 1833 ex
2528 1779 2674 1837 illius,
2721 1779 3037 1849 praescripto
3067 1779 3250 1836 vivere
3281 1779 3380 1835 da-

1824 1881 1928 1926 tur.
1957 1871 2128 1925 Datur
2157 1881 2359 1935 autem,
2394 1887 2515 1925 cum
2555 1872 2676 1928 sive
2697 1872 3101 1936 manducemus,
3145 1871 3258 1925 sive
3294 1872 3380 1925 bi-

1817 1963 2028 2029 bamus,
2057 1963 2234 2016 omnia
2272 1965 2323 2017 in
2353 1963 2571 2033 gloriam
2608 1964 2698 2018 Dei
2726 1963 2951 2019 faciams
2982 1981 2998 2016 :
3031 1978 3199 2032 neque
3216 1965 3376 2018 etiam

1819 2055 2174 2109 recusandum
2202 2056 2359 2109 nobis
2382 2063 2466 2110 est
2493 2055 2569 2108 uti
2596 2055 2755 2109 rebus
2783 2064 3003 2125 propter
3030 2071 3126 2110 nos
3153 2057 3375 2117 creatis.

1818 2143 2022 2213 gratias
2051 2144 2260 2212 agendo
2295 2130 2758 2212 Cr’eatori.Atqne
2790 2144 2873 2196 bis
2903 2144 3082 2211 potius
3112 2143 3379 2197 conditio-

1819 2233 1996 2298 nibus,
2022 2249 2183 2303 quam
2213 2235 2315 2295 eis,
2351 2235 2546 2302 quibus
2568 2233 2759 2288 Celsus
2783 2235 3075 2297 existimat,
3113 2232 3252 2288 Deus
3279 2247 3377 2286 nos

1819 2323 1875 2377 in
1908 2325 2046 2381 hanc
2074 2325 2236 2379 vitam
2261 2327 2532 2395 produxit.
2560 2325 2667 2380 Nec
2694 2335 2824 2380 sane
2871 2327 3236 2390 daemonibus,
3282 2314 3376 2380 sed

1817 2424 2028 2468 summo
2061 2415 2171 2468 Deo
2203 2416 2404 2469 subditi
2432 2431 2618 2470 sumus
2647 2431 2742 2485 per
2762 2415 2945 2471 Iesum
2969 2417 3376 2487 Christum,qui

1819 2518 1917 2557 nos
1945 2504 2011 2558 ad
2044 2504 2190 2558 illum
2221 2505 2464 2560 adduxit.
2518 2504 2700 2574 Neque
2728 2521 2857 2560 vero
2908 2523 2973 2562 ex
3025 2508 3116 2562 Dei
3173 2508 3378 2579 legibus

1817 2593 1957 2648 ullus
1981 2594 2189 2678 daemon
2219 2597 2380 2650 rebus
2424 2596 2649 2650 terrenis
2681 2597 2968 2666 praesidet;
3003 2600 3095 2653 sed
3137 2614 3236 2668 pro
3281 2608 3376 2655 sua

1818 2687 2092 2756 impietate
2133 2689 2377 2758 quadam
2407 2687 2635 2744 fortasse
2667 2690 2769 2745 sibi
2801 2691 3078 2760 elegerunt
3129 2693 3247 2746 loca
3286 2693 3378 2748 ubi

1816 2768 1961 2837 nulla
1994 2790 2078 2861 est
2108 2781 2201 2836 Dei
2236 2782 2463 2849 vitaeque
2513 2781 2626 2836 Deo
2675 2793 2909 2852 acceptaa
2979 2783 3234 2852 cognitio,
3287 2794 3378 2836 aut

1818 2873 1907 2928 ubi
1942 2873 2094 2928 multi
2127 2884 2252 2928 sunt
2279 2874 2580 2927 divinitatis
2609 2873 2828 2939 hostes;
2866 2877 3005 2929 forte
3049 2873 3214 2929 etiam
3239 2888 3369 2944 quo—

1817 2965 1959 3019 niam
1991 2965 2132 3035 digni
2179 2972 2304 3018 sunt
2328 2965 2418 3032 qui
2455 2965 2610 3018 malis
2637 2965 2880 3034 praesint,
2907 2981 3104 3035 eosque
3131 2966 3374 3036 puniant,

1819 3051 2049 3109 Verbum
2081 3053 2225 3123 quod
2267 3055 2407 3124 regit
2439 3056 2619 3108 omnia
2654 3055 2798 3109 dedit
2840 3055 2944 3110 illis
2972 3057 3024 3110 in
3057 3071 3150 3112 eos
3175 3058 3379 3125 princi-

1817 3154 2027 3214 patum,
2065 3146 2153 3213 qui
2190 3145 2302 3199 vitii
2351 3146 2527 3215 potius
2580 3160 2741 3214 quam
2777 3145 2871 3200 Dei
2908 3147 3129 3216 imperio
3174 3163 3231 3201 se
3277 3148 3378 3218 ipsi

1822 3235 2191 3291 subdiderunt.
2219 3234 2407 3290 Celsus
2457 3237 2619 3306 igitur
2661 3251 2722 3292 ea
2768 3237 2834 3292 de
2887 3252 3076 3302 causa,
3105 3247 3163 3292 ut
3211 3239 3376 3293 Deum

1823 3328 2094 3396 ignorans,
2124 3327 2324 3396 gratias
2355 3317 2690 3381 daemonibus
2745 3336 2898 3396 agat;
2936 3342 3032 3382 nos
3075 3329 3164 3397 qui
3220 3329 3379 3399 bujus

1821 3416 2189 3470 universitatis
2220 3415 2492 3469 Couditori
2541 3417 2740 3486 gratias
2776 3417 3007 3486 agimus,
3040 3432 3162 3472 cum
3195 3417 3374 3485 preci-

1819 3505 1920 3558 bus
1946 3512 2000 3558 et
2025 3505 2322 3571 gratiarum
2359 3506 2575 3559 actione
2597 3506 2809 3560 oblatos
2841 3506 3050 3560 edimus
3074 3520 3261 3573 panes,
3282 3506 3375 3576 qui

1818 3600 2039 3661 propter
2065 3592 2363 3646 orationem
2406 3593 2540 3647 ﬁunt
2591 3608 2792 3663 corpus
2815 3594 3101 3662 quoddam.
3131 3581 3376 3650 sanctum

1817 3685 1958 3748 quod
2009 3696 2142 3737 sano
2194 3682 2470 3753 proposito
2524 3683 2978 3739 niauducautibus
3031 3685 3373 3740 sanctitatem

1819 3772 2067 3843 largitur.

1886 3947 1974 4000 54.
2011 3946 2285 4003 Primitias
2357 3966 2572 4019 quoque
2636 3953 2969 4008 dmmouibus
3025 3950 3220 4007 offerre
3263 3952 3376 4007 vult

1815 4034 2032 4100 Celsus;
2064 4047 2244 4091 at'nos
2268 4038 2342 4092 illi
2374 4041 2463 4107 qui
2499 4040 2632 4094 dixit
2665 4057 2678 4093 :
2712 4039 2974 4096 Germinet
3000 4050 3138 4095 terra
3163 4041 3372 4095 herbam

1817 4126 1941 4195 fani
1967 4127 2242 4196 facientem
2269 4145 2440 4182 semen
2483 4131 2763 4184 secundum
2817 4147 2977 4201 genus
3013 4141 3061 4185 et
3091 4132 3375 4185 secundum
3411 4199 3416 4211 ‘

1815 4217 2228 4294 similitudinem,
2265 4229 2312 4273 et
2336 4219 2534 4290 lignum
2561 4222 2889 4292 fructiferum
2912 4223 3107 4292 faciens
3122 4221 3372 4290 fructum,

1815 4312 1968 4380 cujus
2002 4327 2173 4365 semen
2217 4312 2270 4364 in
2297 4314 2567 4382 semetipso
2602 4315 2668 4366 sit
2719 4316 2997 4370 secundum
3034 4329 3193 4382 genus
3221 4330 3376 4382 super

1816 4403 2104 4456 terram“.
2124 4403 2218 4456 Cui
2256 4413 2435 4456 autem
2473 4403 2738 4469 primitias
2769 4404 2985 4469 damus,
3043 4406 3216 4460 eidem
3247 4404 3375 4460 leri-

146 4481 471 4565 ἆποδίδομεν
498 4492 631 4564 (17),
664 4493 835 4565 τούτῳ
860 4496 952 4577 καὶ
976 4495 1071 4558 τὰς
1106 4495 1269 4565 εὐχάς
1298 4497 1708 4569 άναπέμπομεν,

1819 4507 1935 4544 mus
1966 4506 2172 4559 preces,
2196 4493 2440 4544 habentes
2470 4493 3041 4561 pontiﬁcem-magnum
3061 4530 3076 4556 ,
3105 4494 3193 4562 qui
3221 4508 3374 4560 pene-

145 4587 396 4659 ἔχοντες
426 4586 697 4671 ἀρχιερέα
734 4588 944 4655 μέγαν,
995 4586 1391 4656 διεληλυθότα
1435 4591 1576 4657 τοὺς
1614 4593 1715 4646 οὐ-

140 4678 394 4750 ρανοὺς,
437 4676 678 4745 Ἰησοῦν
702 4676 803 4728 τὸν
835 4675 971 4728 Υὶὸν
1001 4675 1106 4728 τοῦ
1127 4678 1272 4732 Θεοῦ
1292 4695 1304 4708 ·
1336 4679 1432 4732 καὶ
1465 4681 1712 4747 κρατοῦ-

141 4769 410 4843 μεν-τῆς
451 4767 768 4837 ὁμολογίας
818 4766 920 4827 ἕως
972 4765 1036 4819 ἂν
1088 4765 1287 4838 ζῶμεν,
1337 4768 1711 4840 φιλανθρώπου

1818 4584 1968 4635 travit
1998 4582 2171 4645 malos.
2200 4580 2377 4634 Jesum
2411 4579 2607 4633 Filium
2629 4575 2818 4645 'Dei,et
2843 4582 2978 4637 banc
3007 4575 3233 4636 tenemus
3253 4599 3374 4637 con-

1817 4671 2157 4739 fessionem“
2192 4685 2288 4738 per
2319 4681 2483 4725 totam
2516 4673 2700 4736 vitam,
2743 4672 2869 4741 quia
2932 4673 3230 4728 beneﬁcum
3274 4687 3372 4728 ex-

1817 4753 2055 4830 perimur
2128 4763 2293 4817 Deum
2319 4772 2373 4816 et
2400 4761 2745 4831 Unigcnitum
2802 4766 2919 4833 ejus
2969 4766 3061 4835 qui
3114 4764 3269 4819 nobis
3316 4765 3370 4819 in

146 4860 510 4931 τυγχάνοντες
536 4857 627 4911 τοῦ
659 4856 816 4920 Θεοῦ,
846 4857 937 4909 καὶ
966 4855 1057 4909 τοῦ
1089 4859 1422 4927 Μονογενοῦς
1463 4860 1623 4912 αὐτοῦ
1655 4862 1717 4913 ἐν

1818 4853 1941 4907 Jcsu
1973 4853 2322 4921 conspicuum
2349 4869 2409 4908 se
2437 4856 2686 4924 praebuit.
2715 4856 2866 4922 Quod
2887 4858 2932 4911 si
2973 4857 3136 4910 etiam
3177 4868 3372 4921 magno

160 4947 517 5019 ἰησοῦ,.ήμῖν
561 4945 958 5017 φανερουμένου
996 4944 1125 5015 (I8).
1173 4947 1235 4998 El
1278 4946 1335 4999 δὲ
1374 4946 1464 4998 καὶ
1515 4945 1713 5014 πλῆθος

147 5038 426 5111 ποθοῦμεν
457 5033 532 5094 ὧν
572 5037 961 5109 φιλανθρώπων
986 5037 1268 5108 τυγχάνειν
1305 5036 1545 5107 θέλομεν,
1579 5055 1716 5108 μαν-

1819 4957 2042 4997 numero
2067 4944 2312 5011 cupimus
2361 4959 2504 5010 esse,
2531 4961 2667 5014 quos
2709 4945 2980 5000 beneﬁcos
3018 4942 3172 4998 nobis
3216 4942 3370 4998 volu-

1825 5053 1962 5104 mus,
2005 5039 2164 5110 767
2195 5039 2472 5102 docemur,
2505 5037 2670 5110 decies
2712 5035 2898 5089 millies
2943 5043 3154 5089 centena
3201 5032 3371 5088 millia

222 5194 271 5226 “
323 5193 345 5248 I
394 5194 534 5250 Tim.
585 5211 656 5260 tv,
693 5196 748 5264 4,
783 5195 836 5249 5.
915 5193 961 5225 ⁸³
1007 5160 1200 5248 Cenes.
1229 5208 1270 5258 ι,
1301 5191 1387 5245 II.
1462 5192 1506 5223 “
1541 5191 1701 5246 llebr.
1731 5208 1806 5256 tv.
1846 5193 1931 5250 14.

225 5370 342 5442 (I3)
369 5369 523 5442 Mss,
549 5373 764 5441 νόμους,
789 5375 971 5442 sicque
1001 5372 1053 5426 in
1085 5381 1231 5426 textu
1259 5371 1417 5426 habet
1456 5371 1708 5428 liaesche-

148 5441 264 5512 Iius
292 5441 489 5512 ηυξ-θα
520 5443 814 5512 marginem
849 5441 1033 5510 reiecit
1061 5444 1242 5512 νόμον.

224 5509 345 5579 (αὶ
367 5509 521 5579 ᾉεεη
555 5508 826 5579 διείλοντο,
857 5508 975 5566 libri
1005 5508 1163 5564 antea
1191 5511 1339 5571 editi,
1377 5512 1635 5564 διελόντα.

225 5575 347 5652 (1ῦῖ
368 5578 536 5652 Codd.
579 5576 712 5652 R523.
759 5591 812 5632 et
843 5581 1031 5646 Basil.,
1059 5580 1517 5652 εὐχαριστοῦντες.
1550 5581 1703 5635 Libb.

144 5651 328 5719 odit.,_
349 5647 779 5719 εὐαρεστοῦντες.

223 5717 341 5842 (ἑο)
372 5715 522 5782 υθέ-ν
577 5715 932 5786 χρωμένους.
980 5719 1135 5776 Libb.
1186 5721 1336 5787 editi,
1395 5721 1704 5792 χρωμένων,

223 5805 239 5841 1
298 5825 316 5842 ο
379 5839 384 5842 .
621 5804 624 5808 ³
1432 5835 1435 5838 .

147 5800 316 5846 male.
379 5839 384 5843 .
621 5804 624 5808 “
1432 5835 1435 5838 .

1887 5371 1998 5439 (l7)
2033 5369 2187 5439 Mss.,
2215 5367 2534 5439 ἀποδίδομεν
2560 5364 2876 5439 recte,_libb.
2905 5377 3030 5439 vero
3058 5362 3209 5427 editi,
3231 5362 3373 5439 ⁸ἀειιπο-

1812 5431 2056 5509 δίδωμεν.
2086 5438 2228 5509 infra
2271 5431 2647 5509 Ινιιιξειτίιιιίιιει,Δ
2669 5431 3044 5509 φιλανθρώπου
3079 5433 3370 5509 τυγχάνον-

1812 5525 1904 5570 τες
1942 5501 2146 5572 ’Θεοῦ,
2198 5507 2498 5576 Spencerus
2573 5501 2952 5574 φιλανθρώπου
3017 5501 3386 5570 τυγχάνοντος

1811 5575 1967 5630 Θεοῦ.

1883 5647 1993 5712 (18)
2027 5645 2220 5698 Αὐτοῦ
2254 5644 2324 5695 ἐν
2365 5642 2560 5710 Ἰησοῦ
2601 5644 2741 5712 ἡμῖν
2777 5641 3236 5712 φανερουμένου.
3294 5637 3368 5691 Ita

1813 5711 2011 5772 habent
2047 5714 2201 5767 codd.
2247 5714 2442 5779 Regius
2473 5725 2526 5766 ct
2577 5711 2922 5776 Basileensis,
2956 5711 3073 5779 libri
3103 5721 3230 5764 vero
3265 5720 3361 5761 su-

1815 5796 1897 5840 Iea
1927 5784 2076 5847 edili,
2111 5783 2270 5836 αὐτοῦ
2307 5777 2478 5853 Ἰησοῦ
2506 5785 2559 5834 ἐν
2587 5784 2716 5851 ἡμῖν
2748 5777 3163 5850 φανερουμένον.
