4076 6312
681 429 812 487 ιειι

2081 421 2401 482 οιιιοΕΝιε

3772 417 3908 472 ιδιε

680 551 780 621 ipsi
815 548 1026 604 oculum
1052 547 1328 613 effuderat,
1372 561 1480 604 non
1532 549 1705 604 solum
1764 559 1874 601 non
1927 542 2074 600 ultus
2126 554 2232 612 est,

2336 543 2428 596 τοῦ
2448 543 2538 595 τὸν
2565 539 2861 611 ὀφθαλμὸν,
2878 538 2938 592 οὐ
2959 538 3116 610 μόνον
3137 537 3235 591 οὐκ
3253 539 3520 608 ἠμύνατο,
3538 536 3677 591 ἀλλὰ
3697 538 3792 590 καὶ
3815 534 3909 588 οὐκ

681 641 945 695 sedilium
983 640 1289 695 salubribus
1317 639 1536 694 monitis
1574 642 1854 717 incantare
1904 651 2007 690 non
2052 636 2235 700 desiit,

682 734 853 786 donec
884 731 1236 800 philosophiae
1267 744 1486 799 operam
1520 729 1650 783 dare
1678 727 1972 797 persuasit.
2006 726 2072 781 Et
2094 726 2244 781 Zeno

681 823 880 880 dicenti
917 839 932 876 :
964 822 1264 892 Dispeream
1294 822 1347 875 ni
1395 821 1592 875 malum
1639 820 1733 873 tibi
1770 820 1993 883 dedero;
2027 833 2245 887 respon-

683 915 810 968 dit:
842 911 912 966 Et
965 927 1080 981 ego,
1140 913 1191 963 ni
1244 909 1369 963 mihi
1401 917 1449 962 te
1480 908 1705 960 amicum
1753 904 1955 973 fecero.
2006 903 2240 958 Necdum

687 1005 879 1073 loquor
906 1004 972 1057 de
1001 1002 1067 1056 iis
1095 1002 1185 1071 qui
1219 1002 1284 1056 ad
1323 1000 1452 1054 .lesu
1477 998 1778 1053 doctrinam
1833 995 2049 1049 formati
2100 993 2242 1048 istud

624 1089 629 1094 ’
681 1096 971 1150 audierunt
1004 1111 1017 1145 :
1047 1092 1258 1162 Diligite
1309 1091 1549 1144 inimicos
1594 1099 1816 1154 vestros,
1869 1099 1916 1142 et
1963 1098 2108 1142 orate
2149 1103 2242 1155 pro

678 1186 1092 1254 persequentibus
1112 1199 1220 1249 vos,
1243 1192 1299 1236 ut
1321 1183 1435 1236 sitis
1460 1182 1559 1249 ﬁlii
1583 1179 1759 1232 Patris
1785 1179 1939 1233 uestri
1953 1179 2042 1248 qui
2064 1181 2118 1232 in
2142 1193 2244 1231 cae—

680 1277 744 1332 lis
772 1265 882 1342 est,
909 1277 996 1346 qui
1019 1273 1182 1327 solem
1203 1289 1354 1326 suum
1378 1272 1505 1325 oriri
1529 1270 1655 1338 facit
1681 1285 1839 1339 super
1864 1269 2020 1322 bonos
2045 1276 2093 1322 et
2126 1284 2240 1322 ma-

679 1371 780 1433 los,
806 1375 854 1420 et
881 1365 1016 1435 pluit
1051 1379 1208 1431 super
1267 1362 1434 1427 iustos
1462 1373 1508 1415 et
1540 1360 1846 1430 injustas".
1905 1359 1972 1414 Et
2013 1359 2065 1426 in
2115 1373 2239 1428 pro-

680 1451 913 1521 pheticis
963 1448 1198 1518 eloquiis
1247 1450 1328 1502 sic
1402 1447 1640 1516 loquitur
1682 1447 1861 1517 justus
1919 1462 1932 1498 :
1995 1444 2239 1507 Domine,

681 1542 822 1596 Deus
850 1555 1015 1606 meus,
1051 1539 1095 1592 si
1129 1538 1228 1606 feci
1262 1538 1426 1600 istud,
1450 1539 1495 1591 si
1521 1545 1598 1591 est
1629 1537 1881 1606 iniquitas
1920 1535 1975 1590 in
1998 1535 2242 1589 manibus

679 1633 827 1695 meis,
857 1631 902 1684 si
936 1630 1141 1683 reddidi
1195 1627 1597 1681 retribuentibus
1629 1628 1757 1680 mihi
1790 1613 1952 1691 mala,
2006 1626 2242 1679 decidam

679 1723 852 1790 utique
872 1721 934 1772 ab
958 1719 1182 1772 inimicis
1213 1719 1338 1770 meis
1368 1719 1565 1771 inanis.
1601 1717 1955 1786 Persequatur
1999 1716 2242 1770 inimicus

679 1813 906 1864 animam
933 1827 1121 1876 meam,
1151 1818 1200 1864 et
1231 1809 1713 1878 comprehcndat,et
1732 1808 1993 1863 conculcet
2022 1808 2077 1860 in
2101 1816 2242 1860 terra

561 1929 568 1946 ς
680 1904 841 1956 vitam
869 1918 1035 1957 meam
1051 1902 1118 1955 ".

749 2162 840 2220 56.
865 2162 1046 2233 Neque
1073 2177 1199 2218 vero
1226 2161 1426 2232 angeli,
1457 2163 1547 2233 qui
1575 2161 1670 2217 Dei
1691 2172 1815 2217 sunt
1837 2160 1950 2216 veri
1979 2169 2232 2231 satrapa‘,

681 2255 955 2324 praesidtes,
991 2255 1343 2324 imperatores
1373 2264 1428 2307 et
1457 2261 1848 2321 procuratores,
1903 2251 2043 2306 mala
2094 2250 2233 2306 inle-

682 2355 830 2411 ruut,
855 2355 912 2400 ut
939 2355 1091 2415 putat
1120 2345 1328 2408 Celsus,
1363 2345 1430 2398 iis
1468 2361 1498 2399 a
1525 2345 1719 2412 quibus
1738 2354 1856 2398 orta
1887 2342 2020 2412 ipsis
2044 2349 2126 2396 est
2156 2342 2235 2395 in-

674 2438 843 2511 juria.
869 2437 1021 2504 Quod
1049 2435 1094 2490 si
1121 2435 1337 2505 quidam
1361 2435 1650 2498 daemones,
1680 2433 1843 2504 769
1877 2448 2012 2502 quos
2035 2434 2087 2487 in
2117 2433 2234 2484 ani-

680 2543 769 2584 mo
794 2527 981 2582 habuit
1008 2536 1062 2579 et
1084 2525 1294 2589 Celsus,
1329 2523 1466 2579 mala
1514 2523 1785 2588 inferunt,
1822 2523 1874 2576 id
1923 2523 2132 2577 faciunt
2178 2529 2236 2574 ut

679 2619 828 2682 mali,
855 2633 953 2671 nec
976 2624 1191 2684 accepta
1217 2633 1245 2670 a
1273 2615 1381 2670 Deo
1432 2613 1540 2668 ulla
1595 2612 1834 2682 satrapia
1884 2621 1978 2666 aut
2011 2611 2235 2681 imperio

679 2716 774 2761 aut
823 2705 1220 2776 procuratione.
1250 2707 1425 2774 Atque
1467 2707 1630 2760 etiam
1657 2719 1752 2759 eos
1791 2704 2010 2767 laedunt,
2042 2703 2132 2773 qui
2178 2719 2234 2758 se

681 2798 787 2853 illis
841 2795 1131 2864 subjiciunt
1192 2804 1352 2864 atque
1402 2795 1722 2850 submittunt
1776 2795 1928 2864 quasi
1981 2793 2232 2849 dominis.

681 2887 839 2952 llinc,
874 2896 932 2940 ut
965 2887 1199 2952 videtur,
1233 2886 1434 2941 accidit
1463 2895 1520 2940 ut
1551 2889 1642 2956 qui
1669 2886 1805 2941 cibis
1853 2901 1951 2956 per
1992 2886 2133 2957 leges
2155 2885 2233 2941 Io-

681 2991 869 3032 eorum
895 2976 1079 3033 vetitis
1121 2962 1381 3039 utuntur,
1401 2975 1445 3030 si
1479 2976 1812 3031 daemonibus
1872 2976 1978 3030 illis
2035 2976 2230 3030 subditi

684 3078 827 3135 sunt,
860 3082 1050 3137 pcenas
1082 3068 1244 3134 deut;
1273 3068 1353 3122 sin
1383 3069 1482 3122 sub
1527 3066 1633 3124 illis
1667 3084 1788 3126 non,
1812 3067 1940 3132 sint,
2000 3082 2098 3122 nec
2130 3067 2232 3122 loci

681 3160 1027 3218 dzemoniose
1047 3157 1588 3222 submisorint,soluti
1613 3171 1642 3210 a
1660 3172 1939 3228 poenarum
1963 3167 2105 3213 metu
2123 3159 2231 3212 daa-

682 3253 861 3308 monia
891 3251 977 3305 illa
996 3248 1437 3316 valerejubeaul;
1459 3263 1764 3318 quanquam
1791 3249 1838 3303 si
1861 3249 1981 3303 aliis
2002 3249 2231 3303 aliarum
2265 3227 2313 3286 (ἶ

683 3357 862 3397 rerum
883 3340 1187 3410 ignorantia
1205 3354 1262 3392 se
1290 3339 1654 3407 subjecerunt,
1681 3338 1891 3391 illorum
1923 3337 2111 3392 ultioni
2140 3338 2234 3393 ob-

682 3431 826 3487 noxii
856 3431 986 3485 sint.
1015 3430 1121 3483 Sed
1156 3427 1519 3490 Christianus,
1564 3442 1745 3490 verus,
1790 3428 2006 3497 inquam
2027 3469 2045 3495 ,
2078 3427 2234 3483 Chri—

681 3521 911 3585 stianus,
956 3521 1045 3590 qui
1093 3520 1257 3574 solius
1307 3517 1400 3572 Dei
1451 3517 1721 3588 Verbique
1755 3517 1874 3586 ejus
1921 3519 2148 3589 imperio
2176 3534 2235 3574 se

681 3613 886 3677 subdit,
919 3626 1042 3668 cum
1073 3610 1404 3664 damonibus
1431 3610 1775 3679 praestantior
1801 3611 1892 3676 sit,
1916 3609 2050 3663 nihil
2075 3626 2104 3664 a
2134 3611 2237 3665 dae.

681 3703 879 3757 moniis
904 3701 1010 3770 pati
1045 3708 1236 3769 potest.
1266 3697 1428 3767 Cujus
1455 3699 1528 3752 rei
1555 3714 1713 3753 causa
1763 3709 1846 3753 est
1869 3700 1992 3768 quia
2027 3709 2233 3752 castra—

682 3793 960 3847 metabitur
1008 3789 1222 3860 angelus
1289 3787 1498 3841 Domini
1564 3790 1618 3842 in
1665 3789 1886 3843 circuitu
1945 3790 2234 3842 timentium

679 3899 818 3946 eum,
856 3891 904 3935 et
940 3883 1118 3950 etu'piet
1157 3879 1323 3944 eos",
1352 3890 1407 3933 et
1444 3879 1559 3952 ejus
1580 3880 1802 3961 ungelus
1825 3921 1840 3945 ,
1892 3879 1985 3948 qui
2036 3896 2234 3949 semper

679 3975 814 4028 videt
855 3973 1040 4042 faciem
1080 3967 1258 4023 Patris
1285 3962 1581 4036 calatis",
1619 3971 1734 4039 ejus
1769 3985 1957 4040 preces
2001 3986 2105 4039 ’per
2156 3985 2236 4025 so-

679 4069 790 4122 lum
819 4067 1155 4122 sacerdotem
1183 4078 1433 4132 magnum
1459 4079 1671 4133 semper
1699 4065 2072 4119 universorum
2127 4067 2234 4121 Deo

679 4160 861 4225 offert,
895 4172 950 4214 et
982 4162 1098 4229 ipse
1121 4152 1374 4229 precatur
1403 4172 1524 4212 cum
1557 4170 1646 4221 eo,
1698 4157 1850 4226 cujus
1910 4157 2011 4224 ipsi
2083 4171 2230 4210 com-

679 4253 842 4306 missa
873 4266 1003 4304 cura
1027 4259 1130 4304 est.
1158 4249 1235 4303 Ne
1259 4249 1423 4318 igitur
1455 4263 1552 4304 nos
1576 4248 1828 4301 inanibus
1861 4247 2026 4300 larvis
2060 4256 2234 4300 terre-

681 4342 843 4394 laciat
871 4340 1076 4403 Celsus,
1106 4339 1360 4406 minitans
1391 4353 1489 4392 nos
1518 4338 1852 4392 dat-monibus
1875 4376 1891 4402 ,
1921 4350 2058 4405 quos
2083 4335 2232 4390 nihili

681 4431 947 4494 ducimus,
970 4429 1197 4482 luiturus
1214 4442 1416 4497 poenas.
1441 4427 1583 4481 Nihil
1604 4429 1750 4480 enim
1772 4426 1937 4496 Spreti
1965 4425 2235 4480 daemones

683 4532 873 4574 nocere
895 4528 1116 4588 possunt
1144 4519 1320 4585 nobis,
1345 4520 1436 4589 qui
1467 4518 1770 4574 consecrati
1795 4532 1981 4572 sumus
2016 4517 2090 4571 illi
2140 4517 2230 4587 qui

680 4611 823 4666 solus
840 4624 1026 4664 omnes
1047 4624 1144 4664 suo
1170 4611 1369 4665 auxilio
1401 4611 1592 4677 dignos
1616 4608 1870 4676 adjuvare
1893 4618 2086 4675 potest,
2115 4611 2234 4676 qui-

677 4713 782 4769 que
807 4708 1063 4769 pratterea
1119 4714 1248 4754 suos
1301 4699 1403 4770 piis
1432 4700 1483 4754 in
1521 4699 1668 4752 illum
1715 4697 1931 4768 angelos
1989 4698 2232 4767 praeﬁcit,

679 4797 859 4845 utnec
886 4789 1180 4843 adversarii
1213 4789 1409 4858 angeli,
1443 4804 1538 4843 nec
1594 4803 1780 4843 eorum
1839 4789 2112 4858 princeps,
2139 4802 2235 4841 vo-

679 4888 831 4934 catus
857 4879 1012 4947 hujus
1037 4879 1214 4932 seaculi
1231 4881 1465 4945 princeps
1484 4880 1551 4943 ",
1581 4879 1760 4934 facere
1788 4880 2079 4948 quidquam
2103 4893 2230 4947 pos-

680 4971 784 5023 sint
817 4969 1073 5024 adversus
1103 4983 1196 5022 eos
1223 4970 1312 5036 qui
1347 4971 1453 5022 Deo
1484 4970 1788 5025 consecrati
1822 4977 1972 5023 sunt.

2343 632 2618 686 ἐπαύσατο
2663 628 2979 698 κατεπᾴδων
3026 627 3194 698 αὐτῷ,
3237 628 3341 692 ἓως
3382 629 3544 682 αὐτὸν
3587 626 3759 698 πείσῃ
3802 625 3905 697 (2H

2345 722 2684 791 φιλοσοφεῖν·
2720 720 2901 789 Ζήνων
2926 717 2986 770 δὲ
3031 718 3166 789 πρὸς
3212 717 3304 770 τὸν
3345 715 3589 783 εἰπόντα,
3648 717 3906 770 Ἄπολοί-

2337 829 2480 881 μην,
2513 812 2621 865 ἐὰν
2666 807 2750 879 μή
2796 825 2870 864 σε
2912 807 3355 879 τιμωρήσωμαι]
3415 810 3553 879 ἐγὼ
3589 808 3680 873 δὲ,
3738 803 3908 868 εἷπεν,

2340 903 2450 956 ἐὰν
2477 901 2562 971 μή
2595 916 2667 954 σε
2715 902 2894 968 φίλον
2934 899 3273 969 κτήσωμαι]
3307 900 3417 954 Καὶ
3456 899 3578 953 οὐδὲ
3629 916 3718 952 πω
3770 898 3912 965 λέγω

2341 994 2467 1055 τοὺς
2525 991 2666 1044 κατὰ
2706 989 2805 1060 τὴν
2851 988 3196 1043 διδασκαλίαν
3230 988 3406 1061 Ἰησοῦ
3469 988 3906 1058 πεποιωμένους,

2343 1083 2437 1136 καὶ
2462 1080 2797 1142 ἀκούσαντας
2817 1077 2928 1143 τοῦ·
2977 1076 3254 1147 Ἁταπᾶτε
3272 1077 3413 1145 τοὺς
3440 1078 3693 1147 ἐχθροὺς
3722 1077 3905 1146 ὑμῶν,

2343 1175 2440 1228 καί
2481 1174 2890 1242 προσεύχεσθε
2919 1171 3070 1239 ὑπὲρ
3111 1170 3228 1224 τῶν
3248 1171 3691 1239 ἐπηρεαζόντων
3714 1169 3870 1237 ὑμᾶς
3890 1209 3904 1232 ,

2309 1252 2312 1258 ’
2344 1264 2499 1330 ὅπως
2537 1264 2793 1333 γένησθε
2818 1263 2936 1316 vlo‘t
2965 1261 3071 1314 τοῦ
3108 1260 3335 1329 Πατρός
3361 1261 3528 1330 ὑμῶν
3557 1260 3664 1314 τοῦ
3690 1261 3766 1312 ἐν
3791 1260 3909 1324 τοῖς

2343 1353 2637 1422 οὐρανοῖς,
2669 1353 2736 1420 ὃς
2769 1352 2878 1406 τὸν
2908 1352 3084 1420 ἣλιον
3111 1351 3294 1406 αὐτοῦ
3323 1351 3646 1406 ἀνατέλλει
3677 1351 3780 1404 ἐπὶ
3810 1365 3910 1405 zo-

2341 1446 2578 1514 νηροὺς
2613 1444 2711 1498 καί
2757 1443 3055 1512 ἀγαθοὺς,
3105 1441 3204 1496 καὶ
3247 1442 3453 1512 βρέχει
3495 1442 3596 1495 ἐπὶ
3639 1442 3909 1507 δικαίους

2342 1537 2438 1590 καὶ
2476 1536 2740 1602 ἀδίκους.
2778 1537 2889 1589 Καὶ
2925 1535 2982 1586 ἐν
3026 1536 3140 1596 τοῖς
3183 1534 3535 1604 προφητικοῖς
3571 1532 3631 1584 δὲ
3674 1533 3852 1600 λόγοις
3881 1535 3910 1586 6

2341 1632 2546 1696 δίκαιος
2566 1630 2787 1684 τοιαῦτά
2811 1647 2940 1702 φησι
2960 1646 2974 1660 θ
2996 1630 3173 1698 Κύριε
3197 1631 3231 1683 ὀ
3260 1629 3402 1695 Θεός
3420 1645 3559 1697 μου,
3581 1629 3634 1680 εί
3657 1627 3911 1694 ἐποίησα

2341 1722 2537 1785 τοῦτο,
2565 1723 2618 1775 el
2645 1722 2815 1775 ἔστιν
2854 1720 3046 1773 ἀδικία
3086 1720 3158 1773 ὲν
3189 1720 3360 1788 χερσί
3384 1738 3525 1789 μου,
3568 1722 3623 1773 εί
3659 1720 3911 1774 ἀνταπέ-

2343 1811 2502 1865 δωκα
2536 1812 2659 1878 τοῖς
2693 1811 3164 1866 ἆνταποδιδοῦσί
3184 1827 3282 1881 μοι
3329 1809 3483 1864 κακὰ
3505 1827 3518 1840 ο
3549 1809 3911 1880 ἀποπέσοιμι

2266 1903 2308 1956 Β
2337 1902 2450 1971 ἄρα
2486 1903 2603 1956 ἀπὸ
2637 1903 2754 1956 τῶν
2779 1904 3003 1972 ἐχθρῶν
3029 1920 3150 1972 μου
3198 1903 3390 1968 κενὸς,
3417 1902 3780 1966 καταδιώξαι
3803 1901 3911 1970 ἄρα

2336 1994 2370 2045 ό
2410 1991 2622 2061 ἐχθρὸς
2670 1993 2783 2061 τὴν
2812 1992 3037 2062 ψυχήν
3073 2011 3227 2063 μου,
3279 1993 3374 2045 καὶ
3429 1992 3780 2057 καταλάϐοι,
3816 1991 3911 2046 καὶ

2336 2083 2746 2151 καταπατῆσαι
2775 2087 2863 2152 είς
2900 2084 3017 2155 γῆν
3050 2085 3170 2153 τὴν
3195 2082 3345 2150 ζωήν
3368 2102 3488 2152 μου
3503 2085 3523 2136 .'

2421 2174 2580 2228 Ἀλλὰ
2616 2176 2734 2245 οὐχ,
2764 2175 2839 2240 ὡς
2869 2175 3039 2232 οίεται
3069 2175 3294 2238 Κέλσος,
3321 2175 3650 2245 βλάπτουσιν
3693 2175 3744 2227 oi
3785 2175 3909 2244 άλη-

2337 2262 2444 2326 θῶς
2501 2263 2797 2333 σατράπαι,
2856 2264 2950 2316 καὶ
2999 2262 3267 2333 ὕπαρχοι,
3310 2263 3405 2316 καὶ
3446 2264 3772 2331 στρατηγοὶ,
3820 2264 3908 2316 καὶ

2335 2353 2613 2423 ἐπίτροποι
2628 2353 2720 2405 τοῦ
2739 2353 2872 2406 Θεοῦ
2890 2353 3105 2419 ἄγγελοι
3119 2354 3243 2413 τοὺς
3259 2350 3576 2420 ὑϐρίζοντας
3589 2369 3604 2380 ·
3627 2351 3755 2404 είδέ
3769 2369 3908 2415 τινες

2337 2439 2631 2507 βλάπτουσι
2675 2439 2942 2509 δαίμονες,
2984 2437 3078 2501 οὓς
3119 2436 3425 2510 ἐφαντάσθη
3467 2439 3562 2491 καὶ
3605 2441 3635 2491 ὁ
3679 2439 3904 2504 Κέλσος,

2339 2530 2663 2599 βλάπτουσιν
2695 2531 2770 2594 ὡς
2803 2530 3013 2599 φαῦλοι,
3048 2515 3142 2584 καὶ
3176 2531 3441 2607 μηδεμίαν
3477 2531 3843 2602 σατραπείαν,
3875 2529 3904 2597 ἢ

2338 2625 2689 2694 στρατηγίαν,
2737 2622 2768 2692 ἢ
2830 2618 3129 2693 ἐπιτροπὴν
3200 2623 3333 2676 Θεοῦ
3398 2621 3901 2694 ἐγκεχειρισμένοιο

2336 2709 2428 2763 καὶ
2475 2711 2765 2780 βλάπτουσι
2803 2712 2930 2775 τοὺς
2977 2711 3364 2782 ὑποκειμένους
3407 2711 3590 2773 αὐτοῖς
3639 2713 3734 2762 καὶ
3779 2710 3905 2761 ὑπο-

2335 2801 2599 2868 τάξαντας
2652 2805 2875 2867 ἑαυτοὺς
2904 2804 2979 2866 ὡς
3011 2799 3295 2867 δεσπόταις
3327 2803 3576 2866 ἐκείνοις.
3612 2803 3772 2871 Τάχα
3803 2799 3905 2871 γάρ

2336 2894 2428 2945 καὶ
2467 2894 2554 2947 διὰ
2589 2893 2744 2948 τοῦτο
2776 2895 2825 2947 οἱ
2866 2894 3245 2948 καθ’ἐκαστον
3285 2894 3557 2962 τόπονείς
3590 2893 3662 2946 τὰ
3693 2910 3904 2962 νενομι-

2338 2982 2506 3052 σμένα
2551 2983 2813 3054 βρώματα
2848 2984 2922 3054 μὴ
2967 2984 3076 3037 δεῖν
3120 2983 3395 3037 ἐσθίεσθαι
3437 2984 3902 3053 παρανομοῦντες,

2334 3074 2384 3125 εί
2437 3073 2535 3142 μὲν
2567 3073 2674 3126 τῶν
2731 3073 2834 3126 ὑπὸ
2865 3076 2989 3135 τοὺς
3033 3073 3288 3143 δαίμονας
3329 3070 3438 3126 εἶεν
3477 3073 3741 3134 ἐκείνους,
3781 3072 3904 3141 βλά-

2340 3180 2591 3218 πτονται’
2626 3166 2674 3216 εἰ
2707 3164 2764 3216 δέ
2802 3181 2947 3227 τινες
2983 3163 3090 3218 τῶν
3118 3165 3216 3233 οὐχ
3250 3164 3340 3217 ὑπ’
3371 3163 3634 3225 ἐκείνους,
3661 3162 3783 3215 οὐδὲ
3813 3164 3907 3215 αὑ-

2340 3256 2464 3318 τοὺς
2497 3255 2855 3321 ὑποτάξαντες
2883 3255 2962 3326 τῷ
2995 3257 3086 3310 τοῦ
3116 3256 3280 3309 τόπου
3302 3255 3563 3326 δαιμονίῳ
3590 3255 3726 3322 (25),
3762 3254 3906 3307 ἐλεύ-

2340 3345 2484 3416 θεροι
2519 3345 2624 3399 ἀπὸ
2655 3345 2749 3399 τοῦ
2796 3347 2886 3400 ὑπ’
2922 3348 3143 3401 ἐκείνων
3194 3346 3417 3409 παθεῖν,
3469 3345 3659 3417 μακρὰ
3699 3348 3904 3414 χαίρειν

2340 3436 2578 3498 εἰπόντες
2603 3438 2713 3499 τοῖς
2742 3437 2961 3490 τοιοισδὶ
2992 3437 3313 3507 δαιμονίοις,
3345 3423 3634 3499 ἆλλοιςδιά
3655 3438 3756 3506 τὴν
3784 3437 3905 3507 περὶ

2339 3525 2473 3580 ἄλλα
2506 3525 2725 3595 ἄγνοιαν
2752 3529 2975 3593 ἑαυτοὺς
3008 3527 3389 3594 ὑποτάξαντες,
3425 3528 3516 3581 ὑπ’
3549 3528 3774 3581 ἐκείνων
3801 3528 3902 3581 πά-

2295 3681 2297 3684 ,
2341 3634 2488 3687 σχειν
2525 3618 2805 3672 δύνανται·
2844 3619 2958 3673 ἀλλ’
2989 3619 3058 3698 οὔ
3083 3618 3425 3691 Χριστιανὸς,
3458 3619 3488 3672 6
3520 3618 3737 3688 άληθῶς
3775 3619 3903 3686 Χρι-

2341 3709 2570 3772 στιανὸς,
2611 3711 2703 3763 καὶ
2734 3710 3003 3774 ὑποτάξας
3033 3699 3220 3773 ἐαυτὸν
3257 3711 3402 3780 μόνῳ
3433 3709 3511 3778 τῷ
3550 3708 3670 3779 Θεῷ
3703 3709 3801 3761 καὶ
3832 3708 3903 3778 τῷ

2338 3799 2493 3867 Λόγῳ
2539 3800 2722 3864 αὑτοῦ,
2763 3801 2922 3853 πάθοι
2959 3817 3012 3852 τι
3052 3800 3116 3854 ἂν
3162 3802 3267 3854 ὑπὸ
3311 3801 3419 3853 τῶν
3463 3800 3779 3870 δαιμονίων,
3813 3799 3901 3852 ἆτε

2340 3889 2599 3958 κρείττων
2641 3889 2907 3961 δαιμόνων
2953 3891 3264 3960 τυγχάνων·
3307 3890 3402 3944 καὶ
3436 3889 3495 3943 οὑ
3541 3889 3704 3942 πάθοι
3737 3889 3788 3956 γ’
3820 3887 3900 3950 ἂν,

2339 3979 2458 4030 ἐπεὶ
2491 3980 2853 4048 παρεμϐαλεῖ
2885 3981 3134 4050 ἅγγελος
3158 3981 3376 4047 Κυρίου
3417 3981 3620 4044 κύκλῳ
3655 3979 3776 4031 τῶν
3807 3996 3904 4046 po—

2341 4068 2640 4135 ϐουμὲνων
2670 4067 2871 4131 αὐτὸν,
2889 4068 2986 4122 καὶ
3005 4069 3254 4135 ῥύσεται
3285 4068 3525 4133 αὐτοὺς,
3553 4069 3649 4121 καὶ
3682 4071 3715 4121 ό
3740 4068 3903 4136 ἅττ-ε-

2341 4161 2450 4222 λος
2472 4157 2656 4222 αὑτοῦ,
2690 4157 2786 4210 διὰ
2814 4158 3037 4224 παντὸς
3064 4158 3313 4222 ,ϐλέπων
3345 4159 3410 4212 τὸ
3445 4160 3770 4226 πρόσωπον
3804 4159 3903 4211 τοῦ

2341 4247 2410 4299 ἐν
2443 4247 2718 4315 οὐρανοῖς
2741 4248 2990 4316 Πατρός,
3021 4249 3105 4300 άεὶ
3135 4249 3232 4312 τὰς
3266 4247 3428 4320 εὐχὰς
3448 4248 3613 4301 αὑτοῦ
3650 4250 3902 4319 ἀναφέρει

2339 4335 2426 4388 διά
2458 4336 2550 4388 τοῦ
2589 4337 2746 4406 μόνου
2774 4338 3069 4409 ἀρχιερέως
3101 4338 3178 4409 τῷ
3206 4338 3324 4409 Θεῷ
3355 4338 3460 4391 τῶν
3491 4338 3650 4402 ὅλων,
3688 4341 3783 4391 καὶ
3812 4339 3902 4390 αὑ-

2339 4424 2428 4488 τὸς
2459 4427 2842 4496 συνευχόμενος
2864 4427 2939 4497 τῷ
2963 4428 3053 4482 ὑπ’
3081 4426 3243 4481 αὐτοῦ
3271 4429 3751 4499 ἐπιτροπευομένῳ
3777 4427 3900 4498 (26).

2267 4567 2309 4619 D
2340 4516 2428 4587 Μὴ
2462 4517 2908 4590 μορμολυττέσθω
2940 4518 3114 4572 τοίνυν
3151 4520 3294 4590 ἡμᾶς
3333 4520 3361 4570 6
3400 4518 3627 4589 Κέλσος,
3669 4517 3902 4570 ἀπειλῶν

2322 4608 2434 4678 τὴν
2462 4610 2568 4663 ἀπὸ
2600 4609 2705 4662 τῶν
2738 4610 3002 4680 δαιμόνων
3036 4610 3257 4682 βλάϐην,
3290 4611 3380 4678 ὑφ’
3413 4611 3566 4681 ἡμῶν
3599 4608 3902 4678 ἀμελουμέ-

2335 4715 2440 4750 νων
2458 4715 2471 4727 '
2500 4699 2649 4752 οὐδὲν
2673 4700 2780 4770 γὰρ
2811 4702 2941 4771 ἡμῖν
2974 4701 3223 4771 δαίμονες
3250 4702 3608 4772 ἀμελούμενοι
3640 4700 3813 4752 ποιεῖν
3838 4699 3897 4752 ἂν
3947 4718 3949 4720 ·

2334 4788 2600 4853 δύναιντο,
2637 4790 3013 4860 ἀνακειμένοις
3056 4792 3134 4862 τῷ
3169 4791 3314 4862 μόνῳ
3365 4791 3575 4861 βοηθεῖν
3616 4791 3754 4842 πᾶσι
3795 4791 3897 4851 eoi;

2285 4892 2288 4894 ⁷
2335 4877 2502 4942 ἀξίοις
2541 4879 2850 4950 δυναμένῳο
2887 4880 3162 4948 ἐφιστάντι
3195 4882 3239 4936 δ’
3271 4881 3424 4934 οὐδὲν
3454 4875 3614 4950 ἦττον
3649 4880 3742 4932 καὶ
3783 4879 3899 4942 rei»;

2339 4971 2498 5034 ἰδίους
2527 4972 2790 5038 ἀγγέλους
2828 4975 2939 5036 τοῖς
2973 4974 3050 5036 είς
3092 4973 3253 5027 αὐτὸν
3296 4971 3631 5037 εὐσεόοῠσιν,
3669 4973 3758 5025 ἵνα
3797 4990 3896 5042 μη-

679 5060 764 5112 δὲν
802 5062 851 5112 ol
882 5062 1106 5114 ἐναντίοι
1141 5060 1378 5129 ἄγγελοι,
1454 5063 1572 5132 μηδ’
1605 5062 1633 5113 6
1668 5062 1868 5115 τούτων
1922 5054 2136 5130 ἅρχων,
2190 5061 2477 5132 λεγόμενος
2509 5065 2612 5118 τοῦ
2649 5066 2862 5131 αἰῶνος
2912 5067 3021 5136 (27)
3073 5068 3306 5131 τούτου,
3347 5067 3585 5137 ἐνεργεῖν
3623 5067 3767 5121 κατὰ
3797 5066 3898 5120 τῶν

680 5153 1045 5222 ἀνακειμένων
1075 5154 1153 5224 τῷ
1185 5154 1301 5226 Θεῷ
1332 5155 1550 5225 δυνηθῇ.

755 5309 798 5340 ’³
821 5309 1007 5365 Matth.
1041 5328 1096 5378 ν,
1126 5313 1221 5379 44,
1257 5314 1349 5372 45.
1419 5317 1466 5348 ⁷⁸
1496 5316 1640 5370 Psal.
1673 5331 1768 5381 vn,
1796 5316 1849 5381 4,
1877 5317 1933 5384 5,
1967 5319 2019 5371 6.

759 5460 878 5534 (τι)
915 5465 1124 5532 Πείσῃ.
1167 5466 1259 5520 Sic
1301 5479 1449 5524 recte
1502 5485 1630 5524 mss.
1683 5470 1829 5524 Libri
1881 5479 2057 5524 autem
2104 5473 2234 5526 editi

683 5532 899 5611 habent,
923 5604 935 5611 Δ
957 5534 1151 5611 πείσει.
1188 5536 1350 5611 Paulo
1393 5547 1514 5611 post
1551 5541 1981 5611 τιμωρήσωμαι·
2019 5540 2126 5608 ἐγὼ
2154 5540 2231 5605 δὲ,

682 5600 853 5663 εἶπεν,
919 5603 1012 5656 ἐὰν
1054 5605 1125 5672 μή
1174 5620 1251 5656 σε.
1301 5600 1422 5661 Haec
1469 5600 1938 5664 desiderantur'in
1985 5600 2236 5664 omnibus

686 5688 838 5746 ιιιδεπ,
866 5672 1063 5746 sedab
1091 5672 1392 5746 llmschelio
1429 5678 1670 5746 suppleta
1717 5690 1842 5733 sunt
1871 5696 1900 5734 e
1950 5680 2236 5733 Plutarcho

686 5741 762 5793 De
790 5741 871 5792 ira
901 5743 1204 5794 cohibenda.

756 5810 868 5881 (25)
913 5811 996 5875 Τῷ
1025 5812 1127 5865 τοῦ
1162 5813 1344 5866 τόπου
1375 5813 1668 5895 δαιμονίῳ.
1701 5815 1843 5874 Vide
1866 5818 2023 5874 llucl.
2061 5817 2231 5890 0rig.,

2113 5319 2155 5349 ⁷⁵
2184 5319 2326 5374 Psal.
2354 5336 2543 5386 imm,
2578 5320 2630 5375 8.

2730 5324 2774 5356 ⁷⁸
2811 5323 2999 5377 Matth.
3034 5337 3191 5386 xvm,
3224 5319 3312 5372 lo.
3387 5319 3433 5352 τ’
3471 5319 3627 5376 Joan.
3663 5337 3777 5387 xxv,
3813 5321 3892 5375 30.

2339 5475 2518 5547 Ιίι).ιι,
2545 5492 2599 5547 q.
2633 5478 2686 5543 5,
2723 5477 2794 5530 De
2837 5476 3058 5547 angelis.

2409 5502 2431 5529 ι.
2461 5492 2518 5538 ιι,
2633 5492 2686 5543 δ,
2723 5492 2794 5530 ue
2837 5492 3058 5547 angens.
3266 5498 3271 5503 ’

2409 5545 2520 5623 (26)
2606 5548 2715 5623 ibi».
2747 5557 2920 5623 antea_
2943 5545 3094 5611 editi,
3125 5545 3203 5616 τῷ
3235 5545 3325 5599 ὑπ’
3352 5543 3896 5623 adﬁrmes-rumpo-

2343 5615 2628 5686 μένῳζεοό
2659 5629 2791 5669 mss.
2817 5624 2877 5667 ut
2909 5617 2961 5668 in
2983 5615 3183 5686 nostro
3223 5625 3391 5669 textu.
3425 5615 3596 5670 Paulo
3637 5615 3762 5686 post
3805 5615 3888 5686 dq-

2341 5680 2476 5738 bitat
2505 5685 2729 5756 Guietus
2762 5699 2937 5756 annon
2954 5683 3264 5756 Alegendum
3299 5687 3388 5754 sit,
3423 5686 3499 5756 μὴ
3543 5680 3886 5756 popualus»

2343 5756 2451 5808 σθω
2483 5755 2658 5808 τοίνυν
2694 5753 2830 5822 πρὸς
2859 5753 3026 5823 ἡμᾶς,
