4076 6312
213 429 355 489 1513

1389 432 1670 490 CONTRA
1707 437 1980 504 CELSUM
2017 439 2140 496 LIB.
2185 440 2314 498 Vill.

3318 452 3458 511 1878

285 543 395 602 Εἶτ’
430 548 834 621 ἐπιλαθόμενος,
856 552 937 605 ὅτι
961 529 1301 622 Χριπιανοῖς
1327 552 1480 606 λαλεῖ
1505 557 1631 617 τοῖς·
1645 556 1775 628 μόνη

1967 561 2055 615 57.
2084 561 2282 616 Deinde
2326 562 2526 618 oblitus
2559 563 2702 633 loqui
2732 579 2790 620 se
2832 564 3186 632 Christianis,
3221 570 3311 640 qui
3352 553 3484 627 soli.

208 639 291 712 τῷ
321 640 440 711 Θεῷ
480 640 568 694 διὰ
601 641 698 694 τοῦ
751 643 924 713 Ἰησοῦ
968 643 1299 714 εὐχομένοις,
1354 645 1448 697 καὶ
1497 647 1794 718 συμφόρων

206 730 276 784 τά
308 729 530 801 ἑτέρων,
569 731 662 784 καὶ¹
695 731 905 800 ἀλόγως
939 733 1284 803 Χριστιανοῖς
1313 736 1600 789 συνάπτων
1631 738 1789 802 αὐτὰ,

209 819 378 891 φησιν
400 836 414 850 '
465 821 604 874 Ἐὰν
625 820 742 889 μὲν
767 821 1082 889 βαρϐάρως
1118 822 1340 888 αὐτοὺς
1389 823 1640 893 ὀνομάζῃ
1680 843 1789 892 τις,

206 910 472 980 δύναμιν
509 911 760 975 ἕξουσιν
780 929 794 942 ·
834 912 942 966 ἐὰν
985 911 1054 965 δὲ
1091 912 1455 980 Ἑλληνικῶς
1484 913 1522 982 ἢ
1563 915 1793 984 Ῥωμαῖ·

208 1001 351 1068 κῶς,
385 1005 496 1056 οὐκ
528 1005 634 1056 ἐτι.
669 1002 942 1056 Δεικνύτω
989 1003 1097 1073 γάρ
1140 1003 1262 1056 τίνα
1307 1005 1466 1075 ἡμεῖς
1503 1004 1790 1080 βαρϐάρως

206 1091 570 1163 ὀνομάζομεν,
606 1093 680 1156 ὡς
715 1091 1007 1155 καλοῦντες
1039 1093 1199 1146 αὐτὸν
1243 1093 1335 1146 ἐπὶ
1370 1085 1622 1165 βοήθειαν
1643 1113 1656 1124 ο
1697 1098 1790 1149 καὶ

207 1184 484 1237 πειθέσθω
529 1183 663 1253 (28),
708 1185 885 1254 μάτην
935 1183 1058 1236 καθ’
1106 1182 1262 1254 ἡμῶν
1291 1184 1464 1238 ταῦτα
1507 1186 1788 1257 εἰρηκέναι

207 1274 303 1326 τὸν
327 1273 560 1326 Κέλσον·
593 1275 839 1341 ἐφιστάς,
868 1275 948 1326 ὅτι
975 1275 1021 1326 οἱ
1051 1273 1227 1326 λοιποὶ
1253 1273 1362 1344 (9.9)
1384 1275 1492 1327 τῶν
1529 1276 1790 1346 Χριστια-

205 1365 316 1422 νῶν
340 1366 462 1419 οὐδὲ
493 1368 604 1428 τοῖς
637 1367 695 1418 ὲν
728 1369 850 1429 ταῖς
883 1366 1054 1427 θείαις
1081 1366 1324 1436 Γραφαῖς
1367 1367 1642 1437 κειμένοις
1666 1367 1785 1419 ὀνό-

207 1471 344 1526 μασι
378 1458 470 1508 καὶ
501 1456 853 1526 τεταγμένοις
889 1456 980 1507 ἐπὶ
1004 1454 1099 1506 τοῦ
1133 1454 1268 1507 Θεοῦ
1307 1455 1542 1524 χρῶνται
1575 1457 1634 1508 ὲν
1668 1459 1786 1520 ταῖς

206 1549 428 1619 εῦχαῖςο
492 1547 606 1600 ἀλλ’
650 1548 700 1599 oi
751 1548 852 1618 μὲν
912 1546 1173 1616 Ἕλληνες
1232 1545 1581 1615 Ἑλληνικοῖς,
1627 1548 1675 1599 οἱ
1730 1548 1786 1610 δὲ

217 1641 476 1710 Ῥωμαῖοι
530 1640 876 1709 Ῥωμαϊκοῖς,
929 1639 1021 1691 καί¹
1055 1638 1226 1700 οὓτως
1258 1637 1485 1700 ἕκαστος
1518 1638 1656 1691 κατὰ
1686 1638 1784 1708 τὴν

203 1730 402 1784 ἑαυτοῦ
433 1730 709 1782 διάλεκτον
749 1727 966 1798 εὔχεται
997 1728 1076 1797 τῷ
1117 1727 1236 1798 Θεῷ
1285 1730 1377 1780 καὶ
1420 1729 1580 1799 ὑμνεῖ
1619 1730 1783 1781 αὐτὸν

203 1822 282 1885 ὡς
313 1821 532 1874 δύναται
551 1836 564 1850 '
601 1821 696 1874 καὶ
729 1821 757 1871 ὁ
794 1820 974 1889 πάσης
1002 1818 1280 1871 διαλέκτου
1311 1818 1512 1888 Κύριος
1537 1819 1645 1871 τῶν
1676 1820 1782 1872 ἀπὸ

1898 649 2006 706 Deo
2039 667 2137 720 per
2165 651 2346 707 Jesum
2381 654 2707 722 supplicant,
2746 656 2974 712 aliorum
3020 659 3220 726 placita
3265 657 3460 718 miscet

1892 751 1947 794 et
1977 743 2212 797 absurde
2241 744 2566 799 Christianis
2596 748 2820 802 ascribit
2847 766 2859 802 :
2887 748 2947 803 Si
2971 751 3088 820 quis
3117 749 3243 803 illos
3267 751 3460 806 barba-

1897 833 1986 892 ris,
2025 834 2220 902 inquit,
2257 837 2554 890 nominibus
2577 839 2933 906 appellaverit,
2963 849 3270 909 potestatem
3295 841 3456 896 [tabo-

1893 919 2056 986 bunt;
2089 923 2286 976 nullam
2331 941 2468 986 vero,
2515 928 2558 979 si
2604 919 2912 981 Graece‘aut
2959 927 3165 982 Latine.
3194 927 3457 984 Ostendat

1889 1013 2034 1065 enim
2084 1027 2308 1080 ecquem
2343 1023 2400 1067 ut
2432 1015 2635 1069 auxilio
2670 1016 2825 1071 nobis
2866 1016 2938 1070 sit
2979 1017 3293 1073 invocantes
3326 1020 3448 1072 har-

1891 1103 2024 1157 baro
2067 1104 2282 1157 nomine
2317 1105 2649 1174 appellemus
2678 1125 2692 1162 :
2719 1115 2774 1161 et
2819 1106 3018 1162 frustra
3063 1109 3178 1164 haec
3221 1123 3252 1164 a
3296 1109 3455 1165 Celso

1891 1193 2045 1247 nobis
2069 1193 2349 1262 ohjectari,
2382 1210 2697 1267 persuasum
2729 1199 2778 1252 ei
2806 1199 2877 1253 sit
2901 1201 2993 1269 qui
3021 1199 3458 1256 consideraverit

1891 1285 2124 1354 reliquos
2179 1285 2520 1341 Christianos
2566 1288 2708 1343 inter
2741 1291 3077 1358 precandum
3128 1307 3196 1344 ne
3223 1290 3294 1346 iis
3336 1293 3458 1360 qui-

1889 1368 2009 1422 dem
2049 1370 2269 1424 vocibus
2299 1373 2374 1425 uti
2415 1389 2538 1442 quae
2588 1374 2789 1430 divinis
2833 1377 2886 1430 in
2926 1377 3222 1445 Scripturis
3266 1380 3456 1449 posita:

1890 1458 2054 1512 Deum
2079 1461 2293 1528 proprio
2308 1463 2526 1516 nomine
2541 1463 2858 1533 designant;
2880 1467 2975 1521 sed
2989 1466 3031 1522 G
3042 1482 3209 1522 rtecos
3242 1468 3453 1536 Graece,

1889 1547 2159 1604 Romanos
2191 1551 2402 1621 Latine,
2426 1565 2480 1608 et
2513 1556 2594 1609 sic
2626 1555 2872 1624 singulas
2895 1567 3084 1627 gentes
3115 1558 3279 1613 Deum
3324 1575 3453 1630 pro-

1887 1640 2000 1707 pria
2030 1641 2209 1712 lingua
2243 1645 2457 1711 precari
2489 1633 2542 1700 et
2585 1645 2775 1702 laudes
2799 1652 2931 1716 «ejus
2963 1664 3061 1718 pro
3095 1650 3299 1705 viribus
3322 1665 3454 1705 con-

1884 1731 2194 1836 cielehrare
2223 1735 2463 1788 omnium
2495 1751 2624 1790 vero
2651 1737 2955 1806 linguarum
2977 1738 3263 1793 Dominum
3285 1757 3455 1796 exau-

1885 1823 1999 1877 dire
2027 1823 2348 1896 quac'unque
2383 1827 2562 1897 lingua
2599 1843 2908 1898 precemur,
2938 1831 3092 1899 quasi
3132 1847 3257 1896 una,
3287 1842 3341 1886 ut
3379 1832 3450 1886 ita

205 1915 386 1984 πάσης
416 1913 694 1965 διαλέκτου
720 1912 1022 1982 εὐχομένων
1062 1910 1268 1973 ἀκούει,
1301 1909 1377 1972 ὡς
1410 1911 1555 1979 μιᾶς,
1593 1911 1656 1962 ἵν’
1687 1911 1775 1962 οῦ-

1886 1914 2092 1984 loquar,
2125 1932 2224 1971 vox
2259 1929 2523 1986 quantum
2552 1920 2617 1974 ad
2650 1921 2955 1992 signiﬁcata
2981 1920 3220 1978 diversis
3255 1924 3452 1994 linguis

201 2020 312 2065 τως
361 2002 630 2072 ὀνομάσω,
680 2001 882 2070 φωνῆς,
935 2000 1032 2069 τῆς
1080 2000 1219 2052 κατὰ
1268 1997 1335 2050 τά
1387 1998 1779 2077 σημαινόμενα,

203 2092 438 2158 ἀκούων,
467 2092 622 2161 δηλου
633 2091 800 2160 μένης
825 2093 886 2142 ὲκ
908 2090 1016 2141 τῶν
1048 2089 1302 2142 ποικίλων
1324 2088 1615 2141 διαλέκτων
1647 2089 1778 2160 (50).

202 2185 282 2235 Οὐ
311 2184 418 2252 γάρ
448 2185 593 2234 ἐστιν
626 2182 653 2231 ό
687 2182 778 2232 ἐπὶ
812 2182 944 2233 πᾶσι
973 2179 1106 2242 Θεὸς
1143 2175 1223 2243 εἷς
1254 2197 1336 2242 τις
1364 2180 1471 2232 τῶν
1506 2179 1784 2252 κεκληρω-

206 2273 385 2344 μένων
417 2272 695 2324 διάλεκτόν
736 2290 858 2325 τινα
893 2271 1165 2342 βάρϐαρον
1194 2273 1227 2342 ἢ
1259 2270 1514 2342 Ἕλληνα,
1557 2273 1650 2325 καὶ
1683 2289 1784 2342 μη-

201 2364 322 2418 κέτι
357 2362 457 2425 τὰς
491 2361 682 2424 λοιπάς
724 2363 1119 2431 ἐπισταμένων,
1157 2363 1189 2431 ἢ
1230 2362 1426 2430 μηκέτι
1458 2361 1566 2412 τῶν
1602 2364 1659 2415 ὲν
1690 2363 1784 2415 άλ-

200 2455 323 2518 λαις
350 2455 648 2516 διαλέκτοις
679 2454 942 2521 λεγόντων
979 2450 1372 2524 φροντιζόντων
1410 2453 1541 2520 (51).
1571 2453 1576 2465 ’
1650 2500 1664 2509 ,

162 2582 167 2597 ;
276 2543 408 2600 Εἶτα
445 2546 581 2616 μετά
610 2546 798 2608 ταῦτα,
833 2546 950 2616 ἦτοι
993 2543 1218 2615 μηδενὸς
1248 2542 1485 2606 ἀκούσας
1521 2545 1776 2614 Χριστια-

200 2636 320 2700 νοῦ,
351 2637 384 2706 ἡ
427 2653 571 2698 τινος
608 2636 715 2688 ἀπὸ
745 2635 852 2688 τῶν
900 2635 1110 2686 πολλῶν
1145 2635 1460 2705 παρανόμου
1496 2635 1782 2687 καὶθάπαι-

198 2727 410 2790 δεύτου,
445 2729 577 2796 φησὶ
603 2729 727 2790 τοὺς
763 2727 1118 2797 Χριστιανοὺς
1140 2726 1318 2792 λέγειν
1337 2742 1350 2754 ο
1389 2725 1562 2786 Ἰδοὺ,
1593 2738 1782 2793 παρα-

201 2819 356 2884 στὰς
404 2817 482 2882 τῷ
533 2817 823 2886 ἀγάλματι
865 2818 969 2870 τοῦ
1014 2817 1167 2881 Διὸς,
1215 2817 1252 2884 ἢ
1295 2818 1694 2880 Ἀπόλλωνος,
1740 2817 1778 2884 ἢ

201 2909 343 2960 ὅτου
387 2905 607 2972 δήποτε
641 2905 786 2959 Θεοῦ
833 2906 965 2975 (52),
991 2903 1357 2972 βλασφηιιῶ,
1397 2904 1493 2955 καὶ
1533 2903 1775 2970 ραπίζω,

199 2997 300 3050 καί
337 2995 516 3050 οὐδέν
545 3013 621 3064 με
651 2997 966 3063 ἀμύνεται·
1009 2995 1108 3064 οὐχ
1137 2994 1298 3064 ὁρῶν,
1341 2995 1422 3045 ὅτι
1468 2996 1524 3046 ἐν
1555 2999 1619 3064 τῇ
1660 2996 1778 3067 θείᾳ

197 3086 489 3157 νομοθεσίᾳ
529 3087 920 3156 προστέτακται
968 3085 1106 3155 μετὰ
1153 3084 1260 3136 τῶν
1314 3083 1486 3137 ἄλλων
1535 3086 1642 3154 (55)
1685 3086 1777 3137 καὶ

193 3178 283 3241 τὸ,
313 3177 495 3242 Θεοὺς
520 3179 590 3229 οὐ
616 3161 1084 3246 ’κακολογήσειῳ
1114 3176 1200 3228 ἵνα
1240 3175 1312 3246 μὴ
1342 3174 1587 3244 ἐθίζηται
1621 3176 1776 3246 ἡμῶν

1883 2008 2242 2075 exprimatur.
2273 2009 2457 2079 Neque
2485 2012 2665 2082 77o
2691 2014 2834 2066 enim
2865 2013 3005 2069 Deus
3029 2029 3094 2068 ex
3121 2029 3309 2070 eorum
3347 2032 3450 2070 uu—

1885 2112 2036 2151 mero
2065 2107 2168 2161 est,
2202 2101 2295 2167 qui
2342 2101 2625 2154 barbaram
2659 2112 2751 2155 aut
2784 2103 3030 2158 Graecam
3065 2104 3301 2175 linguam
3331 2122 3448 2160 sor-

1886 2188 1966 2241 titi
1995 2198 2218 2244 caeteras
2252 2191 2523 2259 ignorant,
2562 2192 2802 2261 nihilque
2843 2204 3041 2249 curant
3071 2211 3172 2250 eos
3194 2197 3286 2266 qui
3325 2197 3449 2254 aliis

1883 2277 2078 2348 linguis
2107 2280 2417 2349 loquuntur.

1958 2539 2048 2593 58.
2083 2537 2299 2605 Postea,
2332 2541 2472 2609 quod
2503 2552 2596 2596 aut
2645 2557 2710 2596 ex
2763 2545 2978 2601 nemine
3010 2545 3324 2604 Christiano
3351 2560 3447 2606 aut

1883 2645 1949 2683 ex
1976 2631 2182 2699 vulgari
2213 2633 2466 2701 quopiam
2517 2635 2684 2700 impio
2723 2643 2778 2688 et
2815 2635 3070 2704 imperito
3111 2640 3340 2704 audivit,
3372 2643 3447 2696 ait

1881 2719 2226 2774 Christianos
2291 2722 2512 2782 dicere:
2545 2721 2680 2778 Ecce
2730 2726 2981 2782 accedens
3024 2729 3094 2782 ad
3147 2730 3295 2786 lovis
3353 2743 3446 2786 aut

1882 2808 2140 2876 Apollinis
2165 2819 2256 2862 aut
2285 2812 2562 2900 cujuslibet
2592 2815 2809 2869 alterius
2833 2818 2917 2870 dei
2940 2819 3302 2887 simulacrum,
3323 2840 3446 2878 cou-

1881 2899 2111 2952 tumeliis
2140 2900 2274 2953 illud
2296 2899 2496 2975 lacesso
2515 2905 2784 2975 alapisque
2806 2909 2965 2970 cado,
2997 2926 3088 2963 nec
3105 2921 3278 2966 tamen
3307 2915 3440 2967 ulci-

1880 2991 2064 3046 scitur.
2098 2990 2278 3045 Nescit
2313 2990 2562 3064 videlicet
2593 2997 2644 3048 in
2679 2997 2795 3066 lege
2821 2999 3000 3053 divina
3029 3001 3130 3070 legi
3159 3003 3299 3058 inter
3337 3005 3441 3060 alia

1880 3081 2017 3135 hanc
2051 3083 2469 3151 prohibitionem
2504 3104 2517 3138 :
2549 3086 2660 3139 Diis
2692 3104 2796 3141 non
2833 3090 3157 3159 deti-alces",
3192 3104 3246 3148 ut
3281 3111 3345 3150 ne
3378 3110 3440 3151 os

1883 3181 2122 3248 nostrum
2154 3186 2428 3228 assuescat
2458 3177 2705 3244 cuiquam
2732 3178 3056 3236 maledicere
3080 3200 3094 3234 :
3120 3185 3317 3253 quippe
3345 3189 3438 3257 qui

195 3268 260 3319 τὸ
300 3268 471 3336 στόμα
513 3266 787 3319 ὁντιναοῦν
834 3266 1170 3334 κακολογεῖν,
1221 3264 1544 3328 ἀκουόντων,
1589 3268 1775 3317 Εὐλο-

1879 3255 2208 3317 audierimus
2237 3284 2249 3319 ι
2279 3263 2597 3330 Benedicite,
2634 3276 2680 3319 et
2731 3267 2890 3321 nolite
2932 3268 3327 3340 maledicere",
3365 3255 3440 3328 vet

197 3357 372 3427 τεῐτε,
403 3359 502 3410 καὶ
524 3356 609 3426 μὴ
641 3355 976 3424 καταρᾶσθε
995 3375 1007 3387 ·
1043 3359 1133 3411 καὶ
1161 3356 1580 3426 διδασκομένων,
1613 3357 1693 3408 ὅτι
1725 3359 1772 3409 oi

194 3449 454 3515 λοίδοροι
477 3450 802 3512 ,ϐασιλείαν
832 3447 978 3500 Θεοῦ
999 3449 1066 3500 οὐ
1093 3440 1642 3515 κληρονομήσουσι.
1679 3448 1773 3510 Τίς

195 3540 238 3591 δ’
270 3540 441 3602 οὕτως
487 3542 543 3591 ἐν
577 3543 705 3610 ἡμῖν
753 3539 977 3608 ἠλίθιος,
1012 3539 1085 3600 ὡς
1113 3539 1285 3590 ταῦτα
1328 3539 1526 3607 λέγειν,
1563 3540 1654 3591 καὶ
1699 3539 1772 3610 μὴ

194 3630 346 3700 ὀρᾷν,
384 3629 465 3680 ὅτι
497 3629 643 3680 οὐδὲν
674 3627 894 3679 δύναται
931 3628 992 3678 τὸ
1031 3625 1239 3678 τοιοῦτο
1283 3626 1418 3697 πρὸς
1452 3628 1770 3697 καθαίρεσιν

194 3719 294 3788 τῆς
324 3718 449 3788 περὶ
477 3719 582 3770 τῶν
615 3717 982 3788 νομιζομένων
1005 3703 1141 3769 θεῶν
1161 3716 1512 3787 ὑπολήψεως;
1544 3719 1676 3769 ὅπου
1708 3735 1770 3785 γε

195 3812 289 3864 καὶ
331 3811 380 3862 οἱ
431 3810 605 3880 πάντῃ
652 3809 820 3871 ἄθεοι,
877 3808 969 3861 καὶ
1009 3807 1106 3878 τὴν
1155 3807 1416 3878 Πρόνοιαν
1468 3807 1767 3870 ἀνελόντες,

196 3903 287 3954 καὶ
320 3901 565 3971 σύστημα
598 3899 955 3970 νομιζομένων
984 3897 1283 3967 φιλοσόφων
1313 3897 1398 3950 διὰ
1428 3897 1535 3950 τῶν
1571 3897 1769 3968 μοχθη-

195 3992 304 4064 ρῶν
349 3991 629 4061 δογμάτων
670 3991 760 4043 καὶ
795 3989 1008 4042 ἀσεϐῶν
1041 3991 1420 4069 γεννήσαντες,
1459 3988 1568 4042 οὔτ’
1617 3990 1769 4042 αὐτοὶ

193 4083 522 4137 πεπόνθασιν
552 4078 625 4136 ὧν
659 4083 767 4152 (54)
803 4084 850 4134 οἱ
885 4082 1069 4135 πολλοὶ
1112 4083 1387 4152 νομίζουσι
1417 4080 1620 4144 κακῶν,
1655 4080 1766 4133 οὗθ’

191 4177 240 4229 0i
277 4173 345 4226 τὰ
383 4175 606 4225 ἐκείνων
641 4173 1014 4242 ἀσπασάμενοι
1052 4173 1298 4242 δόγματα
1320 4191 1332 4202 ·
1371 4174 1505 4226 ἀλλά
1536 4175 1642 4246 γάρ
1675 4177 1768 4228 καί

190 4264 477 4318 πλουτοῦσι
516 4266 606 4316 καὶ
648 4265 946 4331 ὑγιαίνουσι
977 4265 1046 4317 τά
1098 4264 1344 4335 σώματα.
1384 4267 1444 4317 Εἰ
1475 4266 1530 4318 δὲ
1565 4267 1766 4339 βλάϐην

187 4358 273 4420 τις
299 4356 452 4427 ζητεῖ
483 4357 540 4408 ὲν
570 4357 817 4421 ἐκείνοις,
840 4357 1037 4426 ὁράτω,
1063 4357 1144 4408 ὅτι
1169 4357 1383 4427 ἀληθῶς
1403 4359 1504 4410 εἰσι
1532 4359 1763 4430 βεϐλαμ-

189 4445 343 4516 μένοι
541 4445 672 4497 ῐῐοία
700 4445 807 4514 γάρ
840 4444 1037 4514 μείζων
1067 4444 1235 4514 βλάϐη
1263 4445 1354 4496 τοῦ
1387 4447 1460 4516 μὴ
1493 4452 1633 4500 νοεῖν
1657 4448 1763 4500 άπὸ

1878 3355 2228 3409 didicerimus
2260 3355 2385 3424 quia
2421 3355 2664 3409 maledici
2695 3373 2908 3426 regnum
2947 3358 3040 3412 Dei
3072 3377 3174 3413 non
3200 3366 3437 3430 posside-

1876 3447 2079 3500 bunt”.
2137 3445 2202 3499 Et
2249 3447 2369 3516 quis
2408 3447 2548 3500 inter
2598 3462 2696 3503 nos
2731 3449 2806 3503 ita
2841 3449 3063 3504 insanus
3093 3460 3175 3506 est
3219 3464 3276 3507 ut
3323 3457 3438 3513 hac

1874 3539 2038 3601 dicat,
2073 3552 2171 3592 nec
2204 3539 2387 3593 videat
2418 3539 2551 3592 nihil
2587 3539 2890 3608 hujusmodi
2920 3539 3144 3610 iniurias
3179 3546 3437 3612 prodesse

1851 3627 1938 3706 ‘ad
1974 3627 2326 3690 evellendam,
2371 3643 2489 3697 quae
2534 3632 2600 3684 de
2629 3630 2730 3684 diis
2777 3643 3038 3700 concepta
3073 3643 3177 3698 est,
3220 3636 3435 3704 opinio-

1872 3717 2028 3770 nem?
2061 3716 2183 3770 cu'm
2211 3717 2410 3769 fuerint
2445 3718 2694 3770 homines
2721 3719 2832 3785 qui,
2865 3719 2989 3774 licet
3020 3723 3241 3779 omnino
3263 3723 3428 3780 Deum

1871 3821 1973 3860 non
2007 3816 2362 3876 agnoscerent
2391 3815 2446 3859 et
2493 3807 2892 3862 Providentiam
2927 3810 3198 3876 tollerent,
3227 3820 3280 3866 et
3313 3827 3435 3882 pera
3465 3824 3470 3828 '

1871 3896 2090 3950 niciosis
2124 3896 2404 3964 impiisque
2437 3897 2710 3965 dogmatis
2742 3907 2920 3952 ortum
2966 3899 3222 3955 dederint
3269 3906 3432 3959 sectis

1868 3989 2222 4054 quorumdam
2270 3988 2364 4056 qui
2400 3988 2708 4058 philosophi
2759 3990 3047 4053 habentur,
3081 3993 3214 4045 nihil
3251 4002 3430 4048 tamen

1867 4091 2052 4131 eorum
2085 4077 2225 4146 passi
2257 4089 2382 4131 sunt
2412 4093 2533 4146 quze
2562 4077 2751 4146 vulgus
2785 4078 2920 4132 mala
2946 4078 3172 4144 judicat,
3209 4096 3308 4134 nec
3337 4082 3428 4149 qui

1867 4184 2052 4223 eorum
2088 4169 2433 4240 dogmatibus
2478 4170 2817 4223 adhaeserunt
2844 4187 2857 4222 :
2886 4170 2992 4222 imo
3048 4170 3317 4224 ditescunt
3372 4182 3429 4224 et

1866 4263 1983 4316 sani
2025 4278 2252 4330 corpore
2302 4271 2448 4316 sunt.
2490 4258 2807 4330 Quanquam
2854 4261 2899 4315 si
2945 4260 3326 4316 detrimentum
3373 4265 3424 4318 in

1865 4360 1972 4414 illis
2009 4371 2244 4429 quaeras,
2273 4357 2478 4410 videbis
2509 4371 2603 4410 eos
2639 4371 2764 4410 vere
2799 4356 3183 4410 detrimentum
3215 4373 3421 4426 passos.

1866 4451 1996 4504 Nam
2024 4450 2165 4519 quod
2206 4448 2376 4517 majus
2403 4447 2787 4502 detrimentum
2828 4457 2930 4510 est,
2960 4461 3118 4514 quam
3145 4461 3208 4500 ex
3239 4448 3424 4503 mundi

183 4537 289 4606 τῆς
334 4537 537 4602 τάξεως
579 4537 672 4589 τοῦ
724 4537 926 4607 κόσμου
974 4538 1064 4589 τὸν
1114 4539 1481 4607 πεποιηκότα;
1523 4538 1656 4589 Ποία
1703 4538 1758 4589 δὲ

1878 4540 2170 4594 :onditione
2200 4554 2303 4590 non
2341 4537 2640 4605 intelligere
2668 4536 3056 4589 Conditorem?
3094 4537 3288 4606 Ecqua:
3321 4539 3424 4593 mi-

182 4630 388 4702 χείρων
437 4630 776 4700 ταλαιπωρία
823 4629 913 4681 τοῦ
942 4628 1308 4696 τετυφλῶσθαι
1345 4627 1454 4696 (56)
1489 4628 1578 4679 τὸν
1612 4628 1753 4690 νοῦν,

181 4722 282 4776 καὶ
317 4723 392 4792 μὴ
428 4721 640 4791 βλέπειν
670 4721 761 4774 τδν
798 4721 997 4782 παντὸς
1036 4720 1124 4770 νοῦ
1164 4717 1489 4788 δημιουργὸν
1521 4719 1612 4769 καὶ
1648 4718 1756 4769 Πα-

178 4818 321 4890 τέρα
342 4835 356 4882 ;

1863 4631 2004 4685 seria
2036 4631 2206 4697 pejor,
2237 4643 2398 4695 quam
2443 4641 2583 4680 c:eca
2632 4635 2809 4678 mente
2836 4641 2954 4678 esse
2981 4636 3034 4678 et
3085 4643 3186 4680 non
3245 4629 3425 4683 videro

1862 4722 2121 4776 mentium
2151 4719 2389 4773 omnium
2426 4716 2675 4785 opiﬁcem
2703 4724 2756 4769 et
2793 4713 3048 4768 Patrem?

257 4973 306 5004 ⁷³
344 4970 512 5026 Exod.
570 4987 700 5037 χιιι,
741 4969 827 5024 ιε.
905 4970 950 5000 τ’
983 4969 1138 5022 Rom.
1170 4983 1268 5032 xu,
1305 4967 1391 5021 14.
1466 4967 1510 4997 ⁸ο
1553 4966 1570 5018 l
1611 4965 1733 5020 Cor.
1768 4981 1839 5028 vr,
1873 4965 1956 5019 ΙΟ.

255 5125 373 5192 (Ξῖ)
412 5125 652 5189 Αίῶνος.
681 5125 832 5178 Libb.
861 5124 984 5177 editi
1019 5124 1070 5176 in
1109 5121 1368 5192 margine,
1401 5119 1637 5192 κόσμου.

259 5188 373 5262 (‘28)
413 5195 578 5247 Codd.
610 5188 757 5262 ’ch.
784 5205 838 5248 et
868 5193 1056 5259 Basil.,
1087 5190 1372 5244 πειθέσθω.
1401 5188 1560 5243 Libb.
1593 5188 1743 5251 editi,

175 5263 461 5318 πυθέσθω.

255 5333 372 5402 (29)
411 5332 637 5385 Λοιποί.
692 5329 963 5400 Spencero
1018 5331 1229 5384 videtur
1283 5329 1602 5397 legendum,
1652 5326 1745 5378 λό-

243 5419 316 5454 οι.

174 5420 371 5537 γῑῖὲθ)
414 5467 531 5536 Τῆς
570 5467 729 5537 κατά
749 5468 818 5521 τὰ
857 5470 1288 5537 σημαινόμενα,
1313 5465 1588 5537 ἀκούων,
1636 5462 1741 5537 δη-

172 5534 490 5605 λοὺμένηςέ
529 5537 598 5588 ἐκ
661 5534 776 5587 τῶν
828 5534 1122 5591 ποικίλων·⁷
1158 5534 1502 5588 διαλέκτων.
1550 5534 1740 5605 Guieto

175 5604 310 5668 haec
333 5604 504 5661 aliena
530 5605 842 5660 etaddititia
869 5609 1136 5662 videntur.
1167 5608 1280 5673 Qua
1297 5607 1362 5658 de
1397 5618 1578 5665 causa,
1597 5604 1739 5671 igno-

176 5693 312 5737 rare
347 5692 430 5730 me
457 5674 652 5728 fateor.

253 5745 368 5819 (51)
411 5742 744 5819 liteschelius
777 5741 1029 5819 ill-9X1",
1059 5743 1214 5799 codd.
1244 5743 1458 5813 Regius,
1495 5741 1654 5796 Basil.
1686 5749 1734 5792 et

172 5807 291 5877 duo
325 5807 623 5904 A'nglicapi,
651 5807 976 5879 φροντίζειν.

1921 5115 2034 5191 (ζὸἓ)
2076 5113 2177 5170 Pro
2223 5113 2357 5167 Θεοῦ
2414 5111 2569 5191 codd.
2604 5111 2734 5181 Reg.
2759 5119 2810 5164 et
2841 5105 3164 5160 Basileensis
3217 5107 3416 5162 habent

1851 5187 2035 5325 τιῖἓῗέ)
2075 5254 2232 5308 Μετὰ
2291 5251 2407 5305 τῶν
2467 5251 2688 5303 ἄλλων.
2743 5247 2866 5300 Haec
2902 5246 3097 5299 desunt
3150 5246 3201 5299 in
3255 5257 3414 5300 antes

1853 5325 2034 5400 editis,
2064 5327 2173 5400 se_d_
2194 5325 2554 5400 restituuntur
2586 5336 2614 5371 e
2634 5333 2801 5400 _m‘ss._
2923 5376 2950 5400 τ

1919 5382 2228 5462 (54)Ῠοὗτ⁹
2269 5391 2435 5444 αὐτοὶ
2491 5393 2862 5462 πεπόνθαοςιν
3070 5382 3263 5438 Guicto
3330 5385 3413 5462 vi-

1847 5451 2229 5516 det‘ur'forsan
2288 5462 2664 5522 scribendum,
2715 5452 2823 5506 οὔτ’
2882 5451 3040 5505 αὐτοί
3094 5469 3146 5504 τι
3212 5452 3415 5504 πεπόν-

1848 5536 2000 5583 θασιν
2031 5525 2126 5582 ὧν.

1919 5600 2032 5670 (55)
2084 5600 2232 5655 Libb.
2282 5598 2407 5651 editi
2460 5598 2510 5648 in
2561 5597 2841 5662 margine,
2889 5593 3024 5644 εἰσὶν
3072 5591 3119 5641 οἱ
3171 5590 3407 5659 βεϐλαμμ-

1849 5671 2018 5738 μένοι.

1918 5739 2027 5808 (56)
2057 5739 2216 5792 Iidem
2251 5739 2300 5789 in
2340 5735 2602 5800 margine,
2629 5733 2719 5784 τοῦ
2749 5751 2804 5785 τε
2839 5729 3192 5800 τυφλοῦσθαι.
