  <div class='ocr_page' id='page_1' title='image "/cluster/home/n/w/nwhite01/storage/ocr_20150623/11/pst.000005711918/811.png"; bbox 0 0 4076 6312; ppageno 0'>
   <div class='ocr_carea' id='block_1_1' title="bbox 719 447 860 504">
    <p class='ocr_par' dir='ltr' id='par_1_1' title="bbox 719 447 860 504">
     <span class='ocr_line' id='line_1_1' title="bbox 719 447 860 504; baseline 0.028 -4"><span class='ocrx_word' id='word_1_1' title='bbox 719 447 860 504; x_wconf 69' lang='grc'>1579</span> 
     </span>
    </p>
   </div>
   <div class='ocr_carea' id='block_1_2' title="bbox 2165 439 2481 495">
    <p class='ocr_par' dir='ltr' id='par_1_2' title="bbox 2165 439 2481 495">
     <span class='ocr_line' id='line_1_2' title="bbox 2165 439 2481 495; baseline 0 0"><span class='ocrx_word' id='word_1_2' title='bbox 2165 439 2481 495; x_wconf 73' lang='lat' dir='ltr'><strong>ORIGENIS</strong></span> 
     </span>
    </p>
   </div>
   <div class='ocr_carea' id='block_1_3' title="bbox 3827 439 3957 494">
    <p class='ocr_par' dir='ltr' id='par_1_3' title="bbox 3827 439 3957 494">
     <span class='ocr_line' id='line_1_3' title="bbox 3827 439 3957 494; baseline 0 0"><span class='ocrx_word' id='word_1_3' title='bbox 3827 439 3957 494; x_wconf 68' lang='lat' dir='ltr'><strong>i580</strong></span> 
     </span>
    </p>
   </div>
   <div class='ocr_carea' id='block_1_4' title="bbox 720 532 2270 630">
    <p class='ocr_par' dir='ltr' id='par_1_4' title="bbox 720 532 2270 630">
     <span class='ocr_line' id='line_1_4' title="bbox 720 532 2270 630; baseline -0.008 -6"><span class='ocrx_word' id='word_1_4' title='bbox 720 571 804 624; x_wconf 76' lang='lat' dir='ltr'><strong>Ait</strong></span> <span class='ocrx_word' id='word_1_5' title='bbox 826 568 967 621; x_wconf 84' lang='lat' dir='ltr'><strong>enim</strong></span> <span class='ocrx_word' id='word_1_6' title='bbox 998 583 1010 618; x_wconf 83' lang='lat'><strong>:</strong></span> <span class='ocrx_word' id='word_1_7' title='bbox 1038 565 1140 628; x_wconf 84' lang='lat' dir='ltr'><strong>Qui</strong></span> <span class='ocrx_word' id='word_1_8' title='bbox 1181 565 1223 616; x_wconf 87' lang='lat' dir='ltr'><strong>si</strong></span> <span class='ocrx_word' id='word_1_9' title='bbox 1277 563 1482 616; x_wconf 80' lang='lat' dir='ltr'><strong>Baccho</strong></span> <span class='ocrx_word' id='word_1_10' title='bbox 1523 563 1620 630; x_wconf 85' lang='lat' dir='ltr'><strong>ipsi</strong></span> <span class='ocrx_word' id='word_1_11' title='bbox 1662 572 1748 614; x_wconf 83' lang='lat' dir='ltr'><strong>aut</strong></span> <span class='ocrx_word' id='word_1_12' title='bbox 1781 532 1998 615; x_wconf 71' lang='lat' dir='ltr'><strong>Herculi</strong></span> <span class='ocrx_word' id='word_1_13' title='bbox 2026 563 2270 629; x_wconf 71' lang='lat' dir='ltr'><strong>prarsenti</strong></span> 
     </span>
    </p>
   </div>
   <div class='ocr_carea' id='block_1_5' title="bbox 2373 532 3948 630">
    <p class='ocr_par' dir='ltr' id='par_1_5' title="bbox 2377 559 3948 629">
     <span class='ocr_line' id='line_1_5' title="bbox 2377 559 3948 629; baseline 0.001 -16"><span class='ocrx_word' id='word_1_14' title='bbox 2377 560 2562 613; x_wconf 83' lang='grc' dir='ltr'>αὐτόν</span> <span class='ocrx_word' id='word_1_15' title='bbox 2592 576 2655 627; x_wconf 73' lang='grc' dir='ltr'><strong>γε</strong></span> <span class='ocrx_word' id='word_1_16' title='bbox 2686 559 2794 629; x_wconf 63' lang='grc'>(46)</span> <span class='ocrx_word' id='word_1_17' title='bbox 2826 560 2930 612; x_wconf 79' lang='grc' dir='ltr'>τὸν</span> <span class='ocrx_word' id='word_1_18' title='bbox 2975 561 3268 613; x_wconf 78' lang='grc' dir='ltr'>Διόνυσον</span> <span class='ocrx_word' id='word_1_19' title='bbox 3301 561 3337 627; x_wconf 80' lang='grc' dir='ltr'><strong>ἢ</strong></span> <span class='ocrx_word' id='word_1_20' title='bbox 3368 561 3476 616; x_wconf 76' lang='grc' dir='ltr'>τὸν</span> <span class='ocrx_word' id='word_1_21' title='bbox 3525 560 3826 629; x_wconf 69' lang='grc' dir='ltr'>Ἡρακλέα</span> <span class='ocrx_word' id='word_1_22' title='bbox 3854 579 3948 615; x_wconf 72' lang='grc' dir='ltr'><strong>πα-</strong></span> 
     </span>
    </p>
   </div>
   <div class='ocr_carea' id='block_1_6' title="bbox 717 655 2275 720">
    <p class='ocr_par' dir='ltr' id='par_1_6' title="bbox 717 655 2275 720">
     <span class='ocr_line' id='line_1_6' title="bbox 717 655 2275 720; baseline -0.004 -6"><span class='ocrx_word' id='word_1_23' title='bbox 717 658 1034 714; x_wconf 70' lang='lat' dir='ltr'><strong>tont-iciatus</strong></span> <span class='ocrx_word' id='word_1_24' title='bbox 1062 673 1193 709; x_wconf 88' lang='lat' dir='ltr'><strong><em>esses</em></strong></span> <span class='ocrx_word' id='word_1_25' title='bbox 1247 656 1468 720; x_wconf 72' lang='lat' dir='ltr'><strong>fortasse</strong></span> <span class='ocrx_word' id='word_1_26' title='bbox 1495 671 1595 708; x_wconf 83' lang='lat' dir='ltr'><strong>non</strong></span> <span class='ocrx_word' id='word_1_27' title='bbox 1628 656 1776 708; x_wconf 72' lang='lat' dir='ltr'><strong>[tctus</strong></span> <span class='ocrx_word' id='word_1_28' title='bbox 1805 655 2147 708; x_wconf 77' lang='lat' dir='ltr'><strong><em>discessisses.</em></strong></span> <span class='ocrx_word' id='word_1_29' title='bbox 2176 655 2275 720; x_wconf 79' lang='lat' dir='ltr'><strong>Qui</strong></span> 
     </span>
    </p>
   </div>
   <div class='ocr_carea' id='block_1_7' title="bbox 723 745 2277 814">
    <p class='ocr_par' dir='ltr' id='par_1_7' title="bbox 723 745 2277 814">
     <span class='ocr_line' id='line_1_7' title="bbox 723 745 2277 814; baseline 0.001 -15"><span class='ocrx_word' id='word_1_30' title='bbox 723 747 951 803; x_wconf 69' lang='lat' dir='ltr'><strong>soluerit</strong></span> <span class='ocrx_word' id='word_1_31' title='bbox 975 747 1202 812; x_wconf 80' lang='lat' dir='ltr'><strong>explicet</strong></span> <span class='ocrx_word' id='word_1_32' title='bbox 1242 747 1513 814; x_wconf 77' lang='lat' dir='ltr'><strong>quomodo</strong></span> <span class='ocrx_word' id='word_1_33' title='bbox 1541 745 1737 798; x_wconf 83' lang='lat' dir='ltr'><strong>absens</strong></span> <span class='ocrx_word' id='word_1_34' title='bbox 1768 747 2046 814; x_wconf 84' lang='lat' dir='ltr'><strong>quidpiam</strong></span> <span class='ocrx_word' id='word_1_35' title='bbox 2088 748 2277 800; x_wconf 82' lang='lat' dir='ltr'><strong>audire</strong></span> 
     </span>
    </p>
   </div>
   <div class='ocr_carea' id='block_1_8' title="bbox 717 838 2276 911">
    <p class='ocr_par' dir='ltr' id='par_1_8' title="bbox 717 838 2276 911">
     <span class='ocr_line' id='line_1_8' title="bbox 717 838 2276 911; baseline 0.001 -18"><span class='ocrx_word' id='word_1_36' title='bbox 717 841 920 911; x_wconf 74' lang='lat' dir='ltr'><strong>possit;</strong></span> <span class='ocrx_word' id='word_1_37' title='bbox 953 855 1047 893; x_wconf 87' lang='lat' dir='ltr'><strong>cur</strong></span> <span class='ocrx_word' id='word_1_38' title='bbox 1074 839 1207 891; x_wconf 64' lang='lat' dir='ltr'><strong>abs-it</strong></span> <span class='ocrx_word' id='word_1_39' title='bbox 1236 839 1545 905; x_wconf 79' lang='lat' dir='ltr'><strong>aliquando,</strong></span> <span class='ocrx_word' id='word_1_40' title='bbox 1577 838 1864 904; x_wconf 79' lang='lat' dir='ltr'><strong>aliquando</strong></span> <span class='ocrx_word' id='word_1_41' title='bbox 1889 841 2050 905; x_wconf 89' lang='lat' dir='ltr'><strong>adsit,</strong></span> <span class='ocrx_word' id='word_1_42' title='bbox 2076 849 2128 894; x_wconf 89' lang='lat' dir='ltr'><strong>et</strong></span> <span class='ocrx_word' id='word_1_43' title='bbox 2149 842 2276 910; x_wconf 91' lang='lat' dir='ltr'><strong>quid</strong></span> 
     </span>
    </p>
   </div>
   <div class='ocr_carea' id='block_1_9' title="bbox 718 929 2278 999">
    <p class='ocr_par' dir='ltr' id='par_1_9' title="bbox 718 929 2278 999">
     <span class='ocr_line' id='line_1_9' title="bbox 718 929 2278 999; baseline 0.003 -15"><span class='ocrx_word' id='word_1_44' title='bbox 718 930 916 999; x_wconf 70' lang='lat' dir='ltr'><strong>negotii</strong></span> <span class='ocrx_word' id='word_1_45' title='bbox 953 938 1143 996; x_wconf 76' lang='lat' dir='ltr'><strong>urgeat</strong></span> <span class='ocrx_word' id='word_1_46' title='bbox 1177 929 1442 982; x_wconf 51' lang='lat' dir='ltr'><strong>immanes</strong></span> <span class='ocrx_word' id='word_1_47' title='bbox 1487 939 1541 980; x_wconf 88' lang='lat' dir='ltr'><strong>ut</strong></span> <span class='ocrx_word' id='word_1_48' title='bbox 1585 945 1615 983; x_wconf 91' lang='lat' dir='ltr'><strong>e</strong></span> <span class='ocrx_word' id='word_1_49' title='bbox 1657 931 1772 984; x_wconf 87' lang='lat' dir='ltr'><strong>loco</strong></span> <span class='ocrx_word' id='word_1_50' title='bbox 1804 931 1854 983; x_wconf 94' lang='lat' dir='ltr'><strong>in</strong></span> <span class='ocrx_word' id='word_1_51' title='bbox 1891 931 2063 985; x_wconf 92' lang='lat' dir='ltr'><strong>locum</strong></span> <span class='ocrx_word' id='word_1_52' title='bbox 2098 943 2278 988; x_wconf 86' lang='lat' dir='ltr'><strong>trans-</strong></span> 
     </span>
    </p>
   </div>
   <div class='ocr_carea' id='block_1_10' title="bbox 719 1021 2277 1090">
    <p class='ocr_par' dir='ltr' id='par_1_10' title="bbox 719 1021 2277 1090">
     <span class='ocr_line' id='line_1_10' title="bbox 719 1021 2277 1090; baseline 0.003 -16"><span class='ocrx_word' id='word_1_53' title='bbox 719 1025 974 1090; x_wconf 71' lang='lat' dir='ltr'><strong>migrent.</strong></span> <span class='ocrx_word' id='word_1_54' title='bbox 1010 1022 1137 1074; x_wconf 80' lang='lat' dir='ltr'><strong>Post</strong></span> <span class='ocrx_word' id='word_1_55' title='bbox 1163 1022 1274 1073; x_wconf 62' lang='lat' dir='ltr'><strong>lucc</strong></span> <span class='ocrx_word' id='word_1_56' title='bbox 1318 1021 1636 1075; x_wconf 77' lang='lat' dir='ltr'><strong>existimans</strong></span> <span class='ocrx_word' id='word_1_57' title='bbox 1681 1037 1878 1090; x_wconf 89' lang='lat' dir='ltr'><strong>corpus</strong></span> <span class='ocrx_word' id='word_1_58' title='bbox 1907 1022 2031 1079; x_wconf 83' lang='lat' dir='ltr'><strong>Jesu</strong></span> <span class='ocrx_word' id='word_1_59' title='bbox 2067 1026 2277 1079; x_wconf 77' lang='lat' dir='ltr'><strong>disten-</strong></span> 
     </span>
    </p>
   </div>
   <div class='ocr_carea' id='block_1_11' title="bbox 715 1113 2275 1180">
    <p class='ocr_par' dir='ltr' id='par_1_11' title="bbox 715 1113 2275 1180">
     <span class='ocr_line' id='line_1_11' title="bbox 715 1113 2275 1180; baseline 0.003 -13"><span class='ocrx_word' id='word_1_60' title='bbox 715 1123 832 1167; x_wconf 86' lang='lat' dir='ltr'><strong>tum</strong></span> <span class='ocrx_word' id='word_1_61' title='bbox 882 1126 934 1166; x_wconf 88' lang='lat' dir='ltr'><strong>ct</strong></span> <span class='ocrx_word' id='word_1_62' title='bbox 969 1115 1171 1167; x_wconf 70' lang='lat' dir='ltr'><strong>cruciat</strong></span> <span class='ocrx_word' id='word_1_63' title='bbox 1199 1129 1289 1178; x_wconf 92' lang='lat' dir='ltr'><strong>:m,</strong></span> <span class='ocrx_word' id='word_1_64' title='bbox 1345 1131 1449 1168; x_wconf 92' lang='lat' dir='ltr'><strong>non</strong></span> <span class='ocrx_word' id='word_1_65' title='bbox 1499 1123 1677 1167; x_wconf 90' lang='lat' dir='ltr'><strong>autem</strong></span> <span class='ocrx_word' id='word_1_66' title='bbox 1723 1113 1836 1180; x_wconf 86' lang='lat' dir='ltr'><strong>ejus</strong></span> <span class='ocrx_word' id='word_1_67' title='bbox 1873 1117 2212 1170; x_wconf 91' lang='lat' dir='ltr'><strong>divinitatem</strong></span> <span class='ocrx_word' id='word_1_68' title='bbox 2246 1133 2275 1171; x_wconf 94' lang='lat' dir='ltr'><strong>a</strong></span> 
     </span>
    </p>
   </div>
   <div class='ocr_carea' id='block_1_12' title="bbox 715 1204 2279 1275">
    <p class='ocr_par' dir='ltr' id='par_1_12' title="bbox 715 1204 2279 1275">
     <span class='ocr_line' id='line_1_12' title="bbox 715 1204 2279 1275; baseline 0.003 -18"><span class='ocrx_word' id='word_1_69' title='bbox 715 1204 867 1258; x_wconf 86' lang='lat' dir='ltr'><strong>nobis</strong></span> <span class='ocrx_word' id='word_1_70' title='bbox 892 1205 1057 1258; x_wconf 84' lang='lat' dir='ltr'><strong>Deum</strong></span> <span class='ocrx_word' id='word_1_71' title='bbox 1086 1207 1212 1270; x_wconf 78' lang='lat' dir='ltr'><strong>dici,</strong></span> <span class='ocrx_word' id='word_1_72' title='bbox 1239 1208 1332 1261; x_wconf 88' lang='lat' dir='ltr'><strong>sed</strong></span> <span class='ocrx_word' id='word_1_73' title='bbox 1356 1221 1454 1275; x_wconf 89' lang='lat' dir='ltr'><strong>pro</strong></span> <span class='ocrx_word' id='word_1_74' title='bbox 1478 1207 1582 1260; x_wconf 88' lang='lat' dir='ltr'><strong>Deo</strong></span> <span class='ocrx_word' id='word_1_75' title='bbox 1606 1207 1843 1260; x_wconf 85' lang='lat' dir='ltr'><strong>habitum</strong></span> <span class='ocrx_word' id='word_1_76' title='bbox 1875 1205 2040 1261; x_wconf 81' lang='lat' dir='ltr'><strong>fuisse</strong></span> <span class='ocrx_word' id='word_1_77' title='bbox 2061 1209 2279 1275; x_wconf 78' lang='lat' dir='ltr'><strong>quando</strong></span> 
     </span>
    </p>
   </div>
   <div class='ocr_carea' id='block_1_13' title="bbox 713 1295 2288 1365">
    <p class='ocr_par' dir='ltr' id='par_1_13' title="bbox 713 1295 2288 1365">
     <span class='ocr_line' id='line_1_13' title="bbox 713 1295 2288 1365; baseline -0.001 -15"><span class='ocrx_word' id='word_1_78' title='bbox 713 1298 1122 1354; x_wconf 84' lang='lat' dir='ltr'><strong>distendebatur</strong></span> <span class='ocrx_word' id='word_1_79' title='bbox 1151 1309 1206 1351; x_wconf 88' lang='lat' dir='ltr'><strong>et</strong></span> <span class='ocrx_word' id='word_1_80' title='bbox 1239 1298 1611 1361; x_wconf 82' lang='lat' dir='ltr'><strong>cruciabatur,</strong></span> <span class='ocrx_word' id='word_1_81' title='bbox 1641 1297 1716 1350; x_wconf 90' lang='lat' dir='ltr'><strong>ait</strong></span> <span class='ocrx_word' id='word_1_82' title='bbox 1751 1313 1762 1348; x_wconf 89' lang='lat'>:</span> <span class='ocrx_word' id='word_1_83' title='bbox 1794 1295 1898 1350; x_wconf 87' lang='lat' dir='ltr'><strong>Sed</strong></span> <span class='ocrx_word' id='word_1_84' title='bbox 1925 1298 2012 1365; x_wconf 88' lang='lat' dir='ltr'><strong>qui</strong></span> <span class='ocrx_word' id='word_1_85' title='bbox 2040 1313 2288 1364; x_wconf 57' lang='lat' dir='ltr'><strong>praesen--</strong></span> 
     </span>
    </p>
   </div>
   <div class='ocr_carea' id='block_1_14' title="bbox 716 1385 2275 1454">
    <p class='ocr_par' dir='ltr' id='par_1_14' title="bbox 716 1385 2275 1454">
     <span class='ocr_line' id='line_1_14' title="bbox 716 1385 2275 1454; baseline 0.001 -15"><span class='ocrx_word' id='word_1_86' title='bbox 716 1399 813 1441; x_wconf 72' lang='lat' dir='ltr'><strong>tem</strong></span> <span class='ocrx_word' id='word_1_87' title='bbox 843 1396 992 1439; x_wconf 78' lang='lat' dir='ltr'><strong>tuum</strong></span> <span class='ocrx_word' id='word_1_88' title='bbox 1025 1388 1190 1438; x_wconf 87' lang='lat' dir='ltr'><strong>Deum</strong></span> <span class='ocrx_word' id='word_1_89' title='bbox 1219 1387 1580 1440; x_wconf 72' lang='lat' dir='ltr'><strong>distenderant</strong></span> <span class='ocrx_word' id='word_1_90' title='bbox 1606 1385 1978 1454; x_wconf 79' lang='lat' dir='ltr'><strong>suppliciisque</strong></span> <span class='ocrx_word' id='word_1_91' title='bbox 2008 1389 2275 1440; x_wconf 82' lang='lat' dir='ltr'><strong>cruciave-</strong></span> 
     </span>
    </p>
   </div>
   <div class='ocr_carea' id='block_1_15' title="bbox 713 1477 2272 1547">
    <p class='ocr_par' dir='ltr' id='par_1_15' title="bbox 713 1477 2272 1547">
     <span class='ocr_line' id='line_1_15' title="bbox 713 1477 2272 1547; baseline 0.003 -18"><span class='ocrx_word' id='word_1_92' title='bbox 713 1489 858 1543; x_wconf 79' lang='lat' dir='ltr'><strong>ruut,</strong></span> <span class='ocrx_word' id='word_1_93' title='bbox 909 1479 968 1532; x_wconf 78' lang='lat' dir='ltr'><strong>ob</strong></span> <span class='ocrx_word' id='word_1_94' title='bbox 1018 1479 1275 1545; x_wconf 78' lang='lat' dir='ltr'><strong>ejusmodi</strong></span> <span class='ocrx_word' id='word_1_95' title='bbox 1324 1479 1530 1545; x_wconf 81' lang='lat' dir='ltr'><strong>facinus</strong></span> <span class='ocrx_word' id='word_1_96' title='bbox 1584 1477 1713 1532; x_wconf 80' lang='lat' dir='ltr'><strong>nihil</strong></span> <span class='ocrx_word' id='word_1_97' title='bbox 1760 1479 1891 1532; x_wconf 78' lang='lat' dir='ltr'><strong>ntali</strong></span> <span class='ocrx_word' id='word_1_98' title='bbox 1935 1481 2076 1547; x_wconf 80' lang='lat' dir='ltr'><strong>passi</strong></span> <span class='ocrx_word' id='word_1_99' title='bbox 2130 1493 2272 1534; x_wconf 81' lang='lat' dir='ltr'><strong>sunt.</strong></span> 
     </span>
    </p>
   </div>
   <div class='ocr_carea' id='block_1_16' title="bbox 715 1555 2276 1638">
    <p class='ocr_par' dir='ltr' id='par_1_16' title="bbox 715 1555 2276 1638">
     <span class='ocr_line' id='line_1_16' title="bbox 715 1555 2276 1638; baseline 0.004 -20"><span class='ocrx_word' id='word_1_100' title='bbox 715 1569 849 1624; x_wconf 81' lang='lat' dir='ltr'><strong>Cum</strong></span> <span class='ocrx_word' id='word_1_101' title='bbox 878 1555 1011 1624; x_wconf 74' lang='lat' dir='ltr'><strong>vero</strong></span> <span class='ocrx_word' id='word_1_102' title='bbox 1037 1571 1186 1638; x_wconf 91' lang='lat' dir='ltr'><strong>plura</strong></span> <span class='ocrx_word' id='word_1_103' title='bbox 1217 1570 1327 1638; x_wconf 84' lang='lat' dir='ltr'><strong>jam</strong></span> <span class='ocrx_word' id='word_1_104' title='bbox 1362 1571 1426 1623; x_wconf 90' lang='lat' dir='ltr'><strong>de</strong></span> <span class='ocrx_word' id='word_1_105' title='bbox 1458 1571 1522 1624; x_wconf 90' lang='lat' dir='ltr'><strong>iis</strong></span> <span class='ocrx_word' id='word_1_106' title='bbox 1549 1584 1667 1637; x_wconf 74' lang='lat' dir='ltr'><strong>qua:</strong></span> <span class='ocrx_word' id='word_1_107' title='bbox 1689 1567 1846 1624; x_wconf 85' lang='lat' dir='ltr'><strong>Jesus</strong></span> <span class='ocrx_word' id='word_1_108' title='bbox 1875 1579 1941 1623; x_wconf 91' lang='lat' dir='ltr'><strong>ut&#39;</strong></span> <span class='ocrx_word' id='word_1_109' title='bbox 1964 1572 2123 1626; x_wconf 90' lang='lat' dir='ltr'><strong>homo</strong></span> <span class='ocrx_word' id='word_1_110' title='bbox 2149 1585 2276 1636; x_wconf 86' lang='lat' dir='ltr'><strong>pas-</strong></span> 
     </span>
    </p>
   </div>
   <div class='ocr_carea' id='block_1_17' title="bbox 714 1645 2273 1728">
    <p class='ocr_par' dir='ltr' id='par_1_17' title="bbox 714 1645 2273 1728">
     <span class='ocr_line' id='line_1_17' title="bbox 714 1645 2273 1728; baseline -0.001 -12"><span class='ocrx_word' id='word_1_111' title='bbox 714 1677 804 1717; x_wconf 83' lang='lat' dir='ltr'><strong>sus</strong></span> <span class='ocrx_word' id='word_1_112' title='bbox 833 1672 914 1716; x_wconf 87' lang='lat' dir='ltr'><strong>est</strong></span> <span class='ocrx_word' id='word_1_113' title='bbox 941 1645 1382 1726; x_wconf 79' lang='lat' dir='ltr'><strong>disseruerimus,</strong></span> <span class='ocrx_word' id='word_1_114' title='bbox 1417 1663 1516 1716; x_wconf 80' lang='lat' dir='ltr'><strong>hac</strong></span> <span class='ocrx_word' id='word_1_115' title='bbox 1544 1665 1608 1716; x_wconf 91' lang='lat' dir='ltr'><strong>de</strong></span> <span class='ocrx_word' id='word_1_116' title='bbox 1647 1675 1704 1715; x_wconf 90' lang='lat' dir='ltr'><strong>re</strong></span> <span class='ocrx_word' id='word_1_117' title='bbox 1733 1676 1874 1714; x_wconf 92' lang='lat' dir='ltr'><strong>nunc</strong></span> <span class='ocrx_word' id='word_1_118' title='bbox 1910 1672 2088 1715; x_wconf 89' lang='lat' dir='ltr'><strong>tacere</strong></span> <span class='ocrx_word' id='word_1_119' title='bbox 2125 1661 2273 1728; x_wconf 86' lang='lat' dir='ltr'><strong>libet,</strong></span> 
     </span>
    </p>
   </div>
   <div class='ocr_carea' id='block_1_18' title="bbox 714 1749 2276 1819">
    <p class='ocr_par' dir='ltr' id='par_1_18' title="bbox 714 1749 2276 1819">
     <span class='ocr_line' id='line_1_18' title="bbox 714 1749 2276 1819; baseline 0.001 -15"><span class='ocrx_word' id='word_1_120' title='bbox 714 1767 780 1804; x_wconf 87' lang='lat' dir='ltr'><strong>ne</strong></span> <span class='ocrx_word' id='word_1_121' title='bbox 809 1755 992 1804; x_wconf 84' lang='lat' dir='ltr'><strong>eadem</strong></span> <span class='ocrx_word' id='word_1_122' title='bbox 1039 1751 1234 1819; x_wconf 64' lang='lat' dir='ltr'><strong>saepius</strong></span> <span class='ocrx_word' id='word_1_123' title='bbox 1286 1751 1481 1804; x_wconf 92' lang='lat' dir='ltr'><strong>iterare</strong></span> <span class='ocrx_word' id='word_1_124' title='bbox 1513 1751 1818 1806; x_wconf 87' lang='lat' dir='ltr'><strong>videamur.</strong></span> <span class='ocrx_word' id='word_1_125' title='bbox 1847 1749 2112 1815; x_wconf 86' lang='lat' dir='ltr'><strong>Quoniam</strong></span> <span class='ocrx_word' id='word_1_126' title='bbox 2149 1766 2276 1805; x_wconf 83' lang='lat' dir='ltr'><strong>vero</strong></span> 
     </span>
    </p>
   </div>
   <div class='ocr_carea' id='block_1_19' title="bbox 711 1839 2276 1910">
    <p class='ocr_par' dir='ltr' id='par_1_19' title="bbox 711 1839 2276 1910">
     <span class='ocr_line' id='line_1_19' title="bbox 711 1839 2276 1910; baseline 0.001 -17"><span class='ocrx_word' id='word_1_127' title='bbox 711 1842 810 1903; x_wconf 84' lang='lat' dir='ltr'><strong>ait,</strong></span> <span class='ocrx_word' id='word_1_128' title='bbox 845 1857 1004 1908; x_wconf 81' lang='lat' dir='ltr'><strong>neque</strong></span> <span class='ocrx_word' id='word_1_129' title='bbox 1027 1839 1179 1908; x_wconf 83' lang='lat' dir='ltr'><strong>longo</strong></span> <span class='ocrx_word' id='word_1_130' title='bbox 1204 1852 1316 1908; x_wconf 82' lang='lat' dir='ltr'><strong>post</strong></span> <span class='ocrx_word' id='word_1_131' title='bbox 1342 1850 1568 1909; x_wconf 82' lang='lat' dir='ltr'><strong>tempore</strong></span> <span class='ocrx_word' id='word_1_132' title='bbox 1612 1843 1893 1910; x_wconf 80' lang='lat' dir='ltr'><strong>quidquam</strong></span> <span class='ocrx_word' id='word_1_133' title='bbox 1921 1843 2047 1895; x_wconf 83' lang='lat' dir='ltr'><strong>ntali</strong></span> <span class='ocrx_word' id='word_1_134' title='bbox 2092 1858 2276 1909; x_wconf 86' lang='lat' dir='ltr'><strong>passos</strong></span> 
     </span>
    </p>
   </div>
   <div class='ocr_carea' id='block_1_20' title="bbox 2372 647 3956 718">
    <p class='ocr_par' dir='ltr' id='par_1_20' title="bbox 2372 647 3956 718">
     <span class='ocr_line' id='line_1_20' title="bbox 2372 647 3956 718; baseline 0 -17"><span class='ocrx_word' id='word_1_135' title='bbox 2372 650 2563 716; x_wconf 76' lang='grc' dir='ltr'>ρόντα</span> <span class='ocrx_word' id='word_1_136' title='bbox 2588 651 2638 700; x_wconf 80' lang='grc' dir='ltr'>εὶ</span> <span class='ocrx_word' id='word_1_137' title='bbox 2660 648 3072 716; x_wconf 78' lang='grc' dir='ltr'>ἐλοιδόρησας,</span> <span class='ocrx_word' id='word_1_138' title='bbox 3109 651 3219 702; x_wconf 83' lang='grc' dir='ltr'>οὐκ</span> <span class='ocrx_word' id='word_1_139' title='bbox 3244 647 3320 702; x_wconf 86' lang='grc' dir='ltr'>ἂν</span> <span class='ocrx_word' id='word_1_140' title='bbox 3343 650 3489 716; x_wconf 80' lang='grc' dir='ltr'>τσως</span> <span class='ocrx_word' id='word_1_141' title='bbox 3515 650 3744 718; x_wconf 73' lang='grc' dir='ltr'>χαίρων</span> <span class='ocrx_word' id='word_1_142' title='bbox 3771 649 3956 713; x_wconf 66' lang='grc' dir='ltr'>ἀπήλ-</span> 
     </span>
    </p>
   </div>
   <div class='ocr_carea' id='block_1_21' title="bbox 2378 739 3956 813">
    <p class='ocr_par' dir='ltr' id='par_1_21' title="bbox 2378 739 3956 813">
     <span class='ocr_line' id='line_1_21' title="bbox 2378 739 3956 813; baseline -0.001 -20"><span class='ocrx_word' id='word_1_143' title='bbox 2378 739 2590 804; x_wconf 81' lang='grc' dir='ltr'>λαξας.</span> <span class='ocrx_word' id='word_1_144' title='bbox 2622 740 2746 802; x_wconf 85' lang='grc' dir='ltr'><strong>Πῶς</strong></span> <span class='ocrx_word' id='word_1_145' title='bbox 2770 739 2826 791; x_wconf 83' lang='grc' dir='ltr'><strong>δὲ</strong></span> <span class='ocrx_word' id='word_1_146' title='bbox 2855 740 2947 792; x_wconf 75' lang='grc' dir='ltr'>καὶ</span> <span class='ocrx_word' id='word_1_147' title='bbox 2972 741 3157 794; x_wconf 80' lang='grc' dir='ltr'><strong>ἀκούοι</strong></span> <span class='ocrx_word' id='word_1_148' title='bbox 3180 758 3232 793; x_wconf 89' lang='grc' dir='ltr'><strong>τι</strong></span> <span class='ocrx_word' id='word_1_149' title='bbox 3251 743 3311 794; x_wconf 85' lang='grc' dir='ltr'>οὺ</span> <span class='ocrx_word' id='word_1_150' title='bbox 3337 741 3524 813; x_wconf 87' lang='grc' dir='ltr'>παρὼν</span> <span class='ocrx_word' id='word_1_151' title='bbox 3555 743 3688 813; x_wconf 75' lang='grc'>(47),</span> <span class='ocrx_word' id='word_1_152' title='bbox 3720 744 3751 794; x_wconf 78' lang='grc' dir='ltr'>ὁ</span> <span class='ocrx_word' id='word_1_153' title='bbox 3780 741 3956 811; x_wconf 76' lang='grc' dir='ltr'>βουλὸ-</span> 
     </span>
    </p>
   </div>
   <div class='ocr_carea' id='block_1_22' title="bbox 2381 830 3954 905">
    <p class='ocr_par' dir='ltr' id='par_1_22' title="bbox 2381 830 3954 905">
     <span class='ocr_line' id='line_1_22' title="bbox 2381 830 3954 905; baseline 0.005 -26"><span class='ocrx_word' id='word_1_154' title='bbox 2381 845 2540 897; x_wconf 82' lang='grc' dir='ltr'>μενος</span> <span class='ocrx_word' id='word_1_155' title='bbox 2573 830 3008 899; x_wconf 74' lang='grc' dir='ltr'>παραστησάτωο</span> <span class='ocrx_word' id='word_1_156' title='bbox 3045 834 3138 884; x_wconf 75' lang='grc' dir='ltr'><strong>καὶ</strong></span> <span class='ocrx_word' id='word_1_157' title='bbox 3173 833 3260 885; x_wconf 80' lang='grc' dir='ltr'><strong>διά</strong></span> <span class='ocrx_word' id='word_1_158' title='bbox 3297 834 3350 884; x_wconf 88' lang='grc' dir='ltr'><strong>τί</strong></span> <span class='ocrx_word' id='word_1_159' title='bbox 3394 834 3523 886; x_wconf 80' lang='grc' dir='ltr'>ποτὲ</span> <span class='ocrx_word' id='word_1_160' title='bbox 3559 835 3659 904; x_wconf 78' lang='grc' dir='ltr'>μὲν</span> <span class='ocrx_word' id='word_1_161' title='bbox 3701 835 3954 905; x_wconf 80' lang='grc' dir='ltr'>πάρεστι,</span> 
     </span>
    </p>
   </div>
   <div class='ocr_carea' id='block_1_23' title="bbox 2377 918 3956 996">
    <p class='ocr_par' dir='ltr' id='par_1_23' title="bbox 2377 918 3956 996">
     <span class='ocr_line' id='line_1_23' title="bbox 2377 918 3956 996; baseline -0.01 -14"><span class='ocrx_word' id='word_1_162' title='bbox 2377 918 2510 971; x_wconf 58' lang='grc' dir='ltr'>’ποτὲ</span> <span class='ocrx_word' id='word_1_163' title='bbox 2538 919 2594 972; x_wconf 77' lang='grc' dir='ltr'>δὲ</span> <span class='ocrx_word' id='word_1_164' title='bbox 2621 921 2679 972; x_wconf 71' lang='lat'><strong>0&#39;3</strong></span> <span class='ocrx_word' id='word_1_165' title='bbox 2712 920 2940 992; x_wconf 83' lang='grc' dir='ltr'>πάρεστι</span> <span class='ocrx_word' id='word_1_166' title='bbox 2964 939 2978 953; x_wconf 90' lang='grc'><strong>·</strong></span> <span class='ocrx_word' id='word_1_167' title='bbox 3015 923 3109 975; x_wconf 73' lang='grc' dir='ltr'><strong>καὶ</strong></span> <span class='ocrx_word' id='word_1_168' title='bbox 3136 923 3219 987; x_wconf 85' lang='grc' dir='ltr'><strong>τίς</strong></span> <span class='ocrx_word' id='word_1_169' title='bbox 3247 927 3279 995; x_wconf 84' lang='grc' dir='ltr'>ἡ</span> <span class='ocrx_word' id='word_1_170' title='bbox 3318 927 3670 996; x_wconf 79' lang='grc' dir='ltr'><strong>πραγματεία</strong></span> <span class='ocrx_word' id='word_1_171' title='bbox 3698 930 3818 990; x_wconf 87' lang='grc' dir='ltr'>τοῖς</span> <span class='ocrx_word' id='word_1_172' title='bbox 3844 928 3956 980; x_wconf 77' lang='grc' dir='ltr'>δαί-</span> 
     </span>
    </p>
   </div>
   <div class='ocr_carea' id='block_1_24' title="bbox 2383 1003 3956 1088">
    <p class='ocr_par' dir='ltr' id='par_1_24' title="bbox 2383 1003 3956 1088">
     <span class='ocr_line' id='line_1_24' title="bbox 2383 1003 3956 1088; baseline 0.006 -27"><span class='ocrx_word' id='word_1_173' title='bbox 2383 1026 2506 1078; x_wconf 91' lang='grc' dir='ltr'>μοσι</span> <span class='ocrx_word' id='word_1_174' title='bbox 2535 1009 2632 1080; x_wconf 84' lang='grc' dir='ltr'>τῆς</span> <span class='ocrx_word' id='word_1_175' title='bbox 2659 1013 3106 1080; x_wconf 75' lang='grc' dir='ltr'><strong>μεταναστάσεως</strong></span> <span class='ocrx_word' id='word_1_176' title='bbox 3134 1015 3242 1068; x_wconf 76' lang='grc' dir='ltr'>ἀπὸ</span> <span class='ocrx_word' id='word_1_177' title='bbox 3269 1016 3431 1069; x_wconf 85' lang='grc' dir='ltr'>τόπου</span> <span class='ocrx_word' id='word_1_178' title='bbox 3458 1003 3540 1080; x_wconf 79' lang='grc' dir='ltr'><strong>είς</strong></span> <span class='ocrx_word' id='word_1_179' title='bbox 3575 1019 3767 1071; x_wconf 83' lang='grc' dir='ltr'>τόπον.</span> <span class='ocrx_word' id='word_1_180' title='bbox 3807 1018 3956 1088; x_wconf 73' lang='grc' dir='ltr'><strong>Ἑξῆς</strong></span> 
     </span>
    </p>
   </div>
   <div class='ocr_carea' id='block_1_25' title="bbox 2378 1101 3957 1179">
    <p class='ocr_par' dir='ltr' id='par_1_25' title="bbox 2378 1101 3957 1179">
     <span class='ocr_line' id='line_1_25' title="bbox 2378 1101 3957 1179; baseline 0.007 -26"><span class='ocrx_word' id='word_1_181' title='bbox 2378 1101 2434 1153; x_wconf 79' lang='grc' dir='ltr'>δὲ</span> <span class='ocrx_word' id='word_1_182' title='bbox 2460 1101 2668 1166; x_wconf 76' lang='grc' dir='ltr'>τούτοις</span> <span class='ocrx_word' id='word_1_183' title='bbox 2706 1103 2874 1171; x_wconf 83' lang='grc' dir='ltr'><strong>λέγει,</strong></span> <span class='ocrx_word' id='word_1_184' title='bbox 2905 1107 3146 1176; x_wconf 78' lang='grc' dir='ltr'>οἰόμενος</span> <span class='ocrx_word' id='word_1_185' title='bbox 3173 1108 3234 1159; x_wconf 81' lang='grc' dir='ltr'>τὸ</span> <span class='ocrx_word' id='word_1_186' title='bbox 3265 1111 3715 1179; x_wconf 78' lang='grc' dir='ltr'>κατατεινόμενον</span> <span class='ocrx_word' id='word_1_187' title='bbox 3752 1113 3849 1164; x_wconf 73' lang='grc' dir='ltr'>καὶ</span> <span class='ocrx_word' id='word_1_188' title='bbox 3875 1131 3957 1164; x_wconf 75' lang='grc' dir='ltr'>κο-</span> 
     </span>
    </p>
   </div>
   <div class='ocr_carea' id='block_1_26' title="bbox 2361 1191 3956 1274">
    <p class='ocr_par' dir='ltr' id='par_1_26' title="bbox 2361 1191 3956 1274">
     <span class='ocr_line' id='line_1_26' title="bbox 2361 1191 3956 1274; baseline 0.007 -30"><span class='ocrx_word' id='word_1_189' title='bbox 2361 1191 2668 1264; x_wconf 78' lang='grc' dir='ltr'>λαζόμενον</span> <span class='ocrx_word' id='word_1_190' title='bbox 2727 1196 2884 1266; x_wconf 85' lang='grc' dir='ltr'>σῶμα</span> <span class='ocrx_word' id='word_1_191' title='bbox 2935 1198 3029 1252; x_wconf 90' lang='grc' dir='ltr'><strong>τοῦ</strong></span> <span class='ocrx_word' id='word_1_192' title='bbox 3087 1198 3283 1269; x_wconf 91' lang='grc' dir='ltr'>Ἰησοῦ,</span> <span class='ocrx_word' id='word_1_193' title='bbox 3325 1201 3418 1253; x_wconf 77' lang='grc' dir='ltr'>καὶ</span> <span class='ocrx_word' id='word_1_194' title='bbox 3460 1203 3521 1253; x_wconf 82' lang='grc' dir='ltr'><strong>οὐ</strong></span> <span class='ocrx_word' id='word_1_195' title='bbox 3555 1201 3656 1273; x_wconf 80' lang='grc' dir='ltr'>τὴν</span> <span class='ocrx_word' id='word_1_196' title='bbox 3710 1207 3772 1256; x_wconf 82' lang='grc' dir='ltr'><strong>ἐν</strong></span> <span class='ocrx_word' id='word_1_197' title='bbox 3819 1205 3956 1274; x_wconf 74' lang='grc' dir='ltr'><strong>αὖτῷ</strong></span> 
     </span>
    </p>
   </div>
   <div class='ocr_carea' id='block_1_27' title="bbox 2379 1283 3954 1359">
    <p class='ocr_par' dir='ltr' id='par_1_27' title="bbox 2379 1283 3954 1359">
     <span class='ocr_line' id='line_1_27' title="bbox 2379 1283 3954 1359; baseline 0.008 -23"><span class='ocrx_word' id='word_1_198' title='bbox 2379 1283 2604 1354; x_wconf 83' lang='grc' dir='ltr'>θεότητα</span> <span class='ocrx_word' id='word_1_199' title='bbox 2634 1286 2765 1357; x_wconf 72' lang='grc'>(48),</span> <span class='ocrx_word' id='word_1_200' title='bbox 2800 1288 2930 1340; x_wconf 84' lang='grc' dir='ltr'>Θεὸν</span> <span class='ocrx_word' id='word_1_201' title='bbox 2961 1292 3110 1359; x_wconf 83' lang='grc' dir='ltr'>ἡμᾶς</span> <span class='ocrx_word' id='word_1_202' title='bbox 3135 1290 3334 1358; x_wconf 88' lang='grc' dir='ltr'>λέγειν,</span> <span class='ocrx_word' id='word_1_203' title='bbox 3369 1294 3460 1345; x_wconf 79' lang='grc' dir='ltr'>καὶ</span> <span class='ocrx_word' id='word_1_204' title='bbox 3494 1295 3582 1346; x_wconf 85' lang='grc' dir='ltr'>ὅτε</span> <span class='ocrx_word' id='word_1_205' title='bbox 3614 1296 3954 1348; x_wconf 78' lang='grc' dir='ltr'>κατε-τείνετο</span> 
     </span>
    </p>
   </div>
   <div class='ocr_carea' id='block_1_28' title="bbox 2380 1376 3955 1466">
    <p class='ocr_par' dir='ltr' id='par_1_28' title="bbox 2380 1376 3955 1466">
     <span class='ocr_line' id='line_1_28' title="bbox 2380 1376 3955 1466; baseline 0.009 -40"><span class='ocrx_word' id='word_1_206' title='bbox 2380 1376 2513 1466; x_wconf 39' lang='lat' dir='ltr'><strong>aQ</strong></span> <span class='ocrx_word' id='word_1_207' title='bbox 2523 1377 2827 1442; x_wconf 78' lang='grc' dir='ltr'>ἐκολάζετο,</span> <span class='ocrx_word' id='word_1_208' title='bbox 2885 1380 3016 1434; x_wconf 78' lang='grc' dir='ltr'>Θεὸν</span> <span class='ocrx_word' id='word_1_209' title='bbox 3048 1382 3378 1452; x_wconf 80' lang='grc' dir='ltr'>νενομίσθαι,</span> <span class='ocrx_word' id='word_1_210' title='bbox 3414 1385 3516 1447; x_wconf 85' lang='grc' dir='ltr'>ὅτι,</span> <span class='ocrx_word' id='word_1_211' title='bbox 3557 1386 3672 1438; x_wconf 74' lang='grc' dir='ltr'><strong>Τὸν</strong></span> <span class='ocrx_word' id='word_1_212' title='bbox 3718 1387 3791 1439; x_wconf 78' lang='grc' dir='ltr'>δὲ</span> <span class='ocrx_word' id='word_1_213' title='bbox 3847 1390 3955 1440; x_wconf 66' lang='grc' dir='ltr'>σὺν</span> 
     </span>
    </p>
   </div>
   <div class='ocr_carea' id='block_1_29' title="bbox 2380 1466 3953 1544">
    <p class='ocr_par' dir='ltr' id='par_1_29' title="bbox 2380 1466 3953 1544">
     <span class='ocr_line' id='line_1_29' title="bbox 2380 1466 3953 1544; baseline 0.009 -27"><span class='ocrx_word' id='word_1_214' title='bbox 2380 1466 2528 1518; x_wconf 79' lang='grc' dir='ltr'>Θεὸν</span> <span class='ocrx_word' id='word_1_215' title='bbox 2585 1470 2852 1535; x_wconf 83' lang='grc' dir='ltr'>παρόντα</span> <span class='ocrx_word' id='word_1_216' title='bbox 2911 1473 3358 1539; x_wconf 75' lang='grc' dir='ltr'>κατατείνοντες</span> <span class='ocrx_word' id='word_1_217' title='bbox 3413 1476 3511 1528; x_wconf 79' lang='grc' dir='ltr'>καὶ</span> <span class='ocrx_word' id='word_1_218' title='bbox 3577 1476 3953 1544; x_wconf 67' lang='grc' dir='ltr'>κολάζοντες,</span> 
     </span>
    </p>
   </div>
   <div class='ocr_carea' id='block_1_30' title="bbox 2377 1557 3955 1632">
    <p class='ocr_par' dir='ltr' id='par_1_30' title="bbox 2377 1557 3955 1632">
     <span class='ocr_line' id='line_1_30' title="bbox 2377 1557 3955 1632; baseline 0.006 -23"><span class='ocrx_word' id='word_1_219' title='bbox 2377 1557 2559 1611; x_wconf 84' lang='grc' dir='ltr'>οὐδὲν</span> <span class='ocrx_word' id='word_1_220' title='bbox 2581 1562 2634 1611; x_wconf 77' lang='grc' dir='ltr'>οὶ</span> <span class='ocrx_word' id='word_1_221' title='bbox 2676 1559 2863 1614; x_wconf 84' lang='grc' dir='ltr'>ταῦτα</span> <span class='ocrx_word' id='word_1_222' title='bbox 2887 1562 3218 1632; x_wconf 78' lang='grc' dir='ltr'>δράσαντες</span> <span class='ocrx_word' id='word_1_223' title='bbox 3249 1567 3601 1622; x_wconf 75' lang='grc' dir='ltr'>πεπόνθασι.</span> <span class='ocrx_word' id='word_1_224' title='bbox 3641 1568 3875 1622; x_wconf 79' lang='grc' dir='ltr'>Πλείονα</span> <span class='ocrx_word' id='word_1_225' title='bbox 3905 1571 3955 1621; x_wconf 73' lang='grc' dir='ltr'>δὲ</span> 
     </span>
    </p>
   </div>
   <div class='ocr_carea' id='block_1_31' title="bbox 2378 1642 3954 1730">
    <p class='ocr_par' dir='ltr' id='par_1_31' title="bbox 2378 1642 3954 1730">
     <span class='ocr_line' id='line_1_31' title="bbox 2378 1642 3954 1730; baseline 0.008 -31"><span class='ocrx_word' id='word_1_226' title='bbox 2378 1648 2506 1717; x_wconf 71' lang='grc' dir='ltr'>περὶ</span> <span class='ocrx_word' id='word_1_227' title='bbox 2545 1642 2619 1702; x_wconf 82' lang='grc' dir='ltr'>ὧν</span> <span class='ocrx_word' id='word_1_228' title='bbox 2651 1651 2915 1705; x_wconf 84' lang='grc' dir='ltr'>πέπονθεν</span> <span class='ocrx_word' id='word_1_229' title='bbox 2952 1654 3305 1726; x_wconf 81' lang='grc' dir='ltr'>ἀνθρωπίνων</span> <span class='ocrx_word' id='word_1_230' title='bbox 3335 1661 3392 1712; x_wconf 85' lang='grc' dir='ltr'><strong>ἐν</strong></span> <span class='ocrx_word' id='word_1_231' title='bbox 3436 1662 3548 1723; x_wconf 91' lang='grc' dir='ltr'>τοῖς</span> <span class='ocrx_word' id='word_1_232' title='bbox 3583 1661 3848 1730; x_wconf 82' lang='grc' dir='ltr'><strong>ἀνωτέρω</strong></span> <span class='ocrx_word' id='word_1_233' title='bbox 3881 1665 3954 1713; x_wconf 78' lang='grc' dir='ltr'>εί-</span> 
     </span>
    </p>
   </div>
   <div class='ocr_carea' id='block_1_32' title="bbox 2377 1740 3956 1819">
    <p class='ocr_par' dir='ltr' id='par_1_32' title="bbox 2377 1740 3956 1819">
     <span class='ocr_line' id='line_1_32' title="bbox 2377 1740 3956 1819; baseline 0.009 -30"><span class='ocrx_word' id='word_1_234' title='bbox 2377 1740 2588 1802; x_wconf 79' lang='grc' dir='ltr'>πόντες,</span> <span class='ocrx_word' id='word_1_235' title='bbox 2637 1741 2730 1793; x_wconf 89' lang='grc' dir='ltr'><strong>νῦν</strong></span> <span class='ocrx_word' id='word_1_236' title='bbox 2773 1743 2987 1807; x_wconf 78' lang='grc' dir='ltr'>ἑκόντες</span> <span class='ocrx_word' id='word_1_237' title='bbox 3023 1748 3461 1819; x_wconf 78' lang='grc' dir='ltr'>παραπέμπομεν</span> <span class='ocrx_word' id='word_1_238' title='bbox 3501 1751 3594 1804; x_wconf 78' lang='grc' dir='ltr'><strong>τὸν</strong></span> <span class='ocrx_word' id='word_1_239' title='bbox 3637 1751 3823 1818; x_wconf 65' lang='grc' dir='ltr'>λόγοις</span> <span class='ocrx_word' id='word_1_240' title='bbox 3877 1754 3956 1805; x_wconf 75' lang='grc' dir='ltr'><strong>ἵνα</strong></span> 
     </span>
    </p>
   </div>
   <div class='ocr_carea' id='block_1_33' title="bbox 2382 1827 3954 1913">
    <p class='ocr_par' dir='ltr' id='par_1_33' title="bbox 2382 1827 3954 1913">
     <span class='ocr_line' id='line_1_33' title="bbox 2382 1827 3954 1913; baseline 0.012 -34"><span class='ocrx_word' id='word_1_241' title='bbox 2382 1827 2454 1899; x_wconf 80' lang='grc' dir='ltr'>μὴ</span> <span class='ocrx_word' id='word_1_242' title='bbox 2486 1830 2730 1901; x_wconf 83' lang='grc' dir='ltr'>δοκῶμεν</span> <span class='ocrx_word' id='word_1_243' title='bbox 2762 1832 3118 1904; x_wconf 88' lang='grc' dir='ltr'>παλιλλογεῖν.</span> <span class='ocrx_word' id='word_1_244' title='bbox 3164 1839 3315 1891; x_wconf 81' lang='grc' dir='ltr'>Ἐπεὶ</span> <span class='ocrx_word' id='word_1_245' title='bbox 3347 1841 3403 1893; x_wconf 85' lang='grc' dir='ltr'><strong>δέ</strong></span> <span class='ocrx_word' id='word_1_246' title='bbox 3437 1858 3592 1913; x_wconf 79' lang='grc' dir='ltr'>φησι,</span> <span class='ocrx_word' id='word_1_247' title='bbox 3623 1845 3788 1911; x_wconf 73' lang='grc' dir='ltr'>μηδὲ</span> <span class='ocrx_word' id='word_1_248' title='bbox 3819 1846 3954 1904; x_wconf 76' lang='grc' dir='ltr'>μετὰ</span> 
     </span>
    </p>
   </div>
   <div class='ocr_carea' id='block_1_34' title="bbox 711 1913 2270 2000">
    <p class='ocr_par' dir='ltr' id='par_1_34' title="bbox 711 1928 2270 1998">
     <span class='ocr_line' id='line_1_34' title="bbox 711 1928 2270 1998; baseline 0.001 -15"><span class='ocrx_word' id='word_1_249' title='bbox 711 1945 819 1983; x_wconf 82' lang='lat' dir='ltr'><strong>esse</strong></span> <span class='ocrx_word' id='word_1_250' title='bbox 853 1932 940 1998; x_wconf 88' lang='lat' dir='ltr'><strong>qui</strong></span> <span class='ocrx_word' id='word_1_251' title='bbox 980 1928 1162 1982; x_wconf 78' lang='lat' dir='ltr'><strong>Iesum</strong></span> <span class='ocrx_word' id='word_1_252' title='bbox 1197 1931 1448 1997; x_wconf 87' lang='lat' dir='ltr'><strong>supplicio</strong></span> <span class='ocrx_word' id='word_1_253' title='bbox 1482 1931 1786 1998; x_wconf 73' lang='lat' dir='ltr'><strong>aﬁ‘ecerunt,</strong></span> <span class='ocrx_word' id='word_1_254' title='bbox 1819 1930 1889 1982; x_wconf 82' lang='lat' dir='ltr'><strong>illi</strong></span> <span class='ocrx_word' id='word_1_255' title='bbox 1933 1939 1987 1981; x_wconf 90' lang='lat' dir='ltr'><strong>et</strong></span> <span class='ocrx_word' id='word_1_256' title='bbox 2028 1931 2270 1984; x_wconf 83' lang='lat' dir='ltr'><strong>omnibus</strong></span> 
     </span>
    </p>
   </div>
   <div class='ocr_carea' id='block_1_35' title="bbox 2373 1913 3953 2000">
    <p class='ocr_par' dir='ltr' id='par_1_35' title="bbox 2378 1921 3953 2000">
     <span class='ocr_line' id='line_1_35' title="bbox 2378 1921 3953 2000; baseline 0.01 -27"><span class='ocrx_word' id='word_1_257' title='bbox 2378 1921 2562 1976; x_wconf 78' lang='grc' dir='ltr'>ταῦτα</span> <span class='ocrx_word' id='word_1_258' title='bbox 2584 1923 2653 1975; x_wconf 82' lang='grc' dir='ltr'>ἐν</span> <span class='ocrx_word' id='word_1_259' title='bbox 2673 1925 2938 1989; x_wconf 80' lang='grc' dir='ltr'>τοσούτῳ</span> <span class='ocrx_word' id='word_1_260' title='bbox 2955 1927 3074 1994; x_wconf 81' lang='grc' dir='ltr'>,βίῳ</span> <span class='ocrx_word' id='word_1_261' title='bbox 3096 1929 3448 1983; x_wconf 76' lang='grc' dir='ltr'>πεπονθέναι</span> <span class='ocrx_word' id='word_1_262' title='bbox 3473 1949 3524 1984; x_wconf 89' lang='grc' dir='ltr'><strong>τι</strong></span> <span class='ocrx_word' id='word_1_263' title='bbox 3547 1934 3829 2000; x_wconf 77' lang='grc' dir='ltr'>τούτους,</span> <span class='ocrx_word' id='word_1_264' title='bbox 3858 1935 3953 1988; x_wconf 68' lang='grc' dir='ltr'>τὸν</span> 
     </span>
    </p>
   </div>
   <div class='ocr_carea' id='block_1_36' title="bbox 715 2017 2272 2088">
    <p class='ocr_par' dir='ltr' id='par_1_36' title="bbox 715 2017 2272 2088">
     <span class='ocr_line' id='line_1_36' title="bbox 715 2017 2272 2088; baseline 0.001 -18"><span class='ocrx_word' id='word_1_265' title='bbox 715 2021 954 2074; x_wconf 73' lang='lat' dir='ltr'><strong>discendi</strong></span> <span class='ocrx_word' id='word_1_266' title='bbox 985 2022 1191 2088; x_wconf 87' lang='lat' dir='ltr'><strong>cupidis</strong></span> <span class='ocrx_word' id='word_1_267' title='bbox 1233 2021 1579 2074; x_wconf 75' lang='lat' dir='ltr'><strong>ostendemus</strong></span> <span class='ocrx_word' id='word_1_268' title='bbox 1616 2020 1806 2072; x_wconf 87' lang='lat' dir='ltr'><strong>urbem</strong></span> <span class='ocrx_word' id='word_1_269' title='bbox 1847 2021 2016 2085; x_wconf 90' lang='lat' dir='ltr'><strong>illam,</strong></span> <span class='ocrx_word' id='word_1_270' title='bbox 2055 2021 2142 2072; x_wconf 88' lang='lat' dir='ltr'><strong>ubi</strong></span> <span class='ocrx_word' id='word_1_271' title='bbox 2177 2017 2272 2073; x_wconf 83' lang='lat' dir='ltr'><strong>Ju-</strong></span> 
     </span>
    </p>
   </div>
   <div class='ocr_carea' id='block_1_37' title="bbox 712 2106 2275 2177">
    <p class='ocr_par' dir='ltr' id='par_1_37' title="bbox 712 2106 2275 2177">
     <span class='ocr_line' id='line_1_37' title="bbox 712 2106 2275 2177; baseline 0.001 -17"><span class='ocrx_word' id='word_1_272' title='bbox 712 2110 948 2164; x_wconf 58' lang='lat' dir='ltr'><strong>darorum</strong></span> <span class='ocrx_word' id='word_1_273' title='bbox 981 2109 1210 2177; x_wconf 87' lang='lat' dir='ltr'><strong>populus</strong></span> <span class='ocrx_word' id='word_1_274' title='bbox 1243 2107 1424 2161; x_wconf 73' lang='lat' dir='ltr'><strong>Iesum</strong></span> <span class='ocrx_word' id='word_1_275' title='bbox 1469 2107 1615 2161; x_wconf 90' lang='lat' dir='ltr'><strong>cruci</strong></span> <span class='ocrx_word' id='word_1_276' title='bbox 1672 2106 1811 2177; x_wconf 84' lang='lat' dir='ltr'><strong>alIigi</strong></span> <span class='ocrx_word' id='word_1_277' title='bbox 1859 2109 2151 2174; x_wconf 75' lang='lat' dir='ltr'><strong>postulavit</strong></span> <span class='ocrx_word' id='word_1_278' title='bbox 2192 2109 2275 2162; x_wconf 85' lang='lat' dir='ltr'><strong>his</strong></span> 
     </span>
    </p>
   </div>
   <div class='ocr_carea' id='block_1_38' title="bbox 710 2197 2272 2266">
    <p class='ocr_par' dir='ltr' id='par_1_38' title="bbox 710 2197 2272 2266">
     <span class='ocr_line' id='line_1_38' title="bbox 710 2197 2272 2266; baseline 0.001 -15"><span class='ocrx_word' id='word_1_279' title='bbox 710 2199 1038 2252; x_wconf 80' lang='lat' dir='ltr'><strong>clamoribus</strong></span> <span class='ocrx_word' id='word_1_280' title='bbox 1070 2213 1084 2250; x_wconf 87' lang='lat'><strong>:</strong></span> <span class='ocrx_word' id='word_1_281' title='bbox 1113 2198 1392 2266; x_wconf 80' lang='lat' dir='ltr'><strong>Cruciﬁge,</strong></span> <span class='ocrx_word' id='word_1_282' title='bbox 1420 2197 1666 2265; x_wconf 81' lang='lat' dir='ltr'><strong>cruciﬁge</strong></span> <span class='ocrx_word' id='word_1_283' title='bbox 1693 2199 1890 2260; x_wconf 81' lang='lat' dir='ltr'><strong>eum”,</strong></span> <span class='ocrx_word' id='word_1_284' title='bbox 1929 2211 1983 2252; x_wconf 87' lang='lat' dir='ltr'><strong>et</strong></span> <span class='ocrx_word' id='word_1_285' title='bbox 2012 2199 2272 2253; x_wconf 90' lang='lat' dir='ltr'><strong>latronem</strong></span> 
     </span>
    </p>
   </div>
   <div class='ocr_carea' id='block_1_39' title="bbox 709 2287 2272 2356">
    <p class='ocr_par' dir='ltr' id='par_1_39' title="bbox 709 2287 2272 2356">
     <span class='ocr_line' id='line_1_39' title="bbox 709 2287 2272 2356; baseline 0 -14"><span class='ocrx_word' id='word_1_286' title='bbox 709 2291 988 2343; x_wconf 83' lang='lat' dir='ltr'><strong>seditionis</strong></span> <span class='ocrx_word' id='word_1_287' title='bbox 1014 2297 1068 2342; x_wconf 89' lang='lat' dir='ltr'><strong>et</strong></span> <span class='ocrx_word' id='word_1_288' title='bbox 1091 2287 1252 2341; x_wconf 63' lang='lat' dir='ltr'><strong>caedis</strong></span> <span class='ocrx_word' id='word_1_289' title='bbox 1279 2302 1428 2341; x_wconf 89' lang='lat' dir='ltr'><strong>reum</strong></span> <span class='ocrx_word' id='word_1_290' title='bbox 1460 2295 1857 2356; x_wconf 82' lang='lat' dir='ltr'><strong>proptereaque</strong></span> <span class='ocrx_word' id='word_1_291' title='bbox 1885 2288 2188 2355; x_wconf 83' lang='lat' dir='ltr'><strong>conjectum</strong></span> <span class='ocrx_word' id='word_1_292' title='bbox 2221 2291 2272 2342; x_wconf 93' lang='lat' dir='ltr'><strong>in</strong></span> 
     </span>
    </p>
   </div>
   <div class='ocr_carea' id='block_1_40' title="bbox 705 2376 2274 2447">
    <p class='ocr_par' dir='ltr' id='par_1_40' title="bbox 705 2376 2274 2447">
     <span class='ocr_line' id='line_1_40' title="bbox 705 2376 2274 2447; baseline -0.002 -14"><span class='ocrx_word' id='word_1_293' title='bbox 705 2393 980 2434; x_wconf 84' lang='lat' dir='ltr'><strong>carcerem</strong></span> <span class='ocrx_word' id='word_1_294' title='bbox 1013 2377 1208 2433; x_wconf 90' lang='lat' dir='ltr'><strong>dimitti</strong></span> <span class='ocrx_word' id='word_1_295' title='bbox 1243 2378 1584 2447; x_wconf 61' lang='lat' dir='ltr'><strong>prmoptavit,</strong></span> <span class='ocrx_word' id='word_1_296' title='bbox 1615 2376 1796 2433; x_wconf 78' lang='lat' dir='ltr'><strong>Jesum</strong></span> <span class='ocrx_word' id='word_1_297' title='bbox 1841 2392 1970 2431; x_wconf 84' lang='lat' dir='ltr'><strong>vero</strong></span> <span class='ocrx_word' id='word_1_298' title='bbox 2011 2393 2107 2446; x_wconf 88' lang='lat' dir='ltr'><strong>per</strong></span> <span class='ocrx_word' id='word_1_299' title='bbox 2138 2379 2274 2430; x_wconf 80' lang='lat' dir='ltr'><strong>invi-</strong></span> 
     </span>
    </p>
   </div>
   <div class='ocr_carea' id='block_1_41' title="bbox 706 2462 2270 2534">
    <p class='ocr_par' dir='ltr' id='par_1_41' title="bbox 706 2462 2270 2534">
     <span class='ocr_line' id='line_1_41' title="bbox 706 2462 2270 2534; baseline -0.005 -13"><span class='ocrx_word' id='word_1_300' title='bbox 706 2470 851 2521; x_wconf 83' lang='lat' dir='ltr'><strong>diam</strong></span> <span class='ocrx_word' id='word_1_301' title='bbox 881 2467 1136 2521; x_wconf 86' lang='lat' dir='ltr'><strong>traditum</strong></span> <span class='ocrx_word' id='word_1_302' title='bbox 1169 2462 1330 2534; x_wconf 80' lang='lat'><strong>773</strong></span> <span class='ocrx_word' id='word_1_303' title='bbox 1363 2463 1634 2534; x_wconf 78' lang='lat' dir='ltr'><strong>cruciﬁgi,</strong></span> <span class='ocrx_word' id='word_1_304' title='bbox 1669 2477 1774 2517; x_wconf 90' lang='lat' dir='ltr'><strong>non</strong></span> <span class='ocrx_word' id='word_1_305' title='bbox 1817 2464 1907 2516; x_wconf 91' lang='lat' dir='ltr'><strong>diu</strong></span> <span class='ocrx_word' id='word_1_306' title='bbox 1955 2471 2078 2531; x_wconf 90' lang='lat' dir='ltr'><strong>post</strong></span> <span class='ocrx_word' id='word_1_307' title='bbox 2121 2462 2270 2516; x_wconf 88' lang='lat' dir='ltr'><strong>obsi-</strong></span> 
     </span>
    </p>
   </div>
   <div class='ocr_carea' id='block_1_42' title="bbox 705 2550 2270 2624">
    <p class='ocr_par' dir='ltr' id='par_1_42' title="bbox 705 2550 2270 2624">
     <span class='ocr_line' id='line_1_42' title="bbox 705 2550 2270 2624; baseline -0.006 -13"><span class='ocrx_word' id='word_1_308' title='bbox 705 2557 1157 2624; x_wconf 81' lang='lat' dir='ltr'><strong>dionecinctam,</strong></span> <span class='ocrx_word' id='word_1_309' title='bbox 1189 2563 1243 2608; x_wconf 91' lang='lat' dir='ltr'><strong>et</strong></span> <span class='ocrx_word' id='word_1_310' title='bbox 1286 2554 1454 2606; x_wconf 86' lang='lat' dir='ltr'><strong>multo</strong></span> <span class='ocrx_word' id='word_1_311' title='bbox 1490 2561 1731 2620; x_wconf 82' lang='lat' dir='ltr'><strong>tempore</strong></span> <span class='ocrx_word' id='word_1_312' title='bbox 1777 2559 2140 2618; x_wconf 69' lang='lat' dir='ltr'><strong>expugnatam</strong></span> <span class='ocrx_word' id='word_1_313' title='bbox 2198 2550 2270 2602; x_wconf 87' lang='lat' dir='ltr'><strong>ita</strong></span> 
     </span>
    </p>
   </div>
   <div class='ocr_carea' id='block_1_43' title="bbox 706 2631 2266 2709">
    <p class='ocr_par' dir='ltr' id='par_1_43' title="bbox 706 2631 2266 2709">
     <span class='ocr_line' id='line_1_43' title="bbox 706 2631 2266 2709; baseline -0.009 -9"><span class='ocrx_word' id='word_1_314' title='bbox 706 2644 897 2709; x_wconf 76' lang='lat' dir='ltr'><strong>fuisse,</strong></span> <span class='ocrx_word' id='word_1_315' title='bbox 931 2654 1045 2696; x_wconf 87' lang='lat' dir='ltr'><strong>uta</strong></span> <span class='ocrx_word' id='word_1_316' title='bbox 1095 2631 1464 2694; x_wconf 81' lang='lat' dir='ltr'><strong>fundamentis</strong></span> <span class='ocrx_word' id='word_1_317' title='bbox 1494 2653 1684 2691; x_wconf 82' lang='lat' dir='ltr'><strong>eversa</strong></span> <span class='ocrx_word' id='word_1_318' title='bbox 1733 2645 1788 2691; x_wconf 88' lang='lat' dir='ltr'><strong>et</strong></span> <span class='ocrx_word' id='word_1_319' title='bbox 1832 2638 2042 2690; x_wconf 86' lang='lat' dir='ltr'><strong>deserta</strong></span> <span class='ocrx_word' id='word_1_320' title='bbox 2091 2635 2266 2686; x_wconf 85' lang='lat' dir='ltr'><strong>luerit.</strong></span> 
     </span>
    </p>
   </div>
   <div class='ocr_carea' id='block_1_44' title="bbox 707 2724 2267 2800">
    <p class='ocr_par' dir='ltr' id='par_1_44' title="bbox 707 2724 2267 2800">
     <span class='ocr_line' id='line_1_44' title="bbox 707 2724 2267 2800; baseline -0.009 -10"><span class='ocrx_word' id='word_1_321' title='bbox 707 2733 848 2790; x_wconf 85' lang='lat' dir='ltr'><strong>Nam</strong></span> <span class='ocrx_word' id='word_1_322' title='bbox 888 2733 1028 2790; x_wconf 87' lang='lat' dir='ltr'><strong>Deus</strong></span> <span class='ocrx_word' id='word_1_323' title='bbox 1054 2731 1210 2800; x_wconf 81' lang='lat' dir='ltr'><strong>hujus</strong></span> <span class='ocrx_word' id='word_1_324' title='bbox 1243 2730 1344 2785; x_wconf 90' lang='lat' dir='ltr'><strong>loci</strong></span> <span class='ocrx_word' id='word_1_325' title='bbox 1375 2729 1581 2784; x_wconf 85' lang='lat' dir='ltr'><strong>incolas</strong></span> <span class='ocrx_word' id='word_1_326' title='bbox 1602 2728 1865 2796; x_wconf 82' lang='lat' dir='ltr'><strong>judicavit</strong></span> <span class='ocrx_word' id='word_1_327' title='bbox 1888 2726 2154 2793; x_wconf 79' lang='lat' dir='ltr'><strong>indignos,</strong></span> <span class='ocrx_word' id='word_1_328' title='bbox 2179 2724 2267 2792; x_wconf 89' lang='lat' dir='ltr'><strong>qui</strong></span> 
     </span>
    </p>
   </div>
   <div class='ocr_carea' id='block_1_45' title="bbox 707 2815 2269 2886">
    <p class='ocr_par' dir='ltr' id='par_1_45' title="bbox 707 2815 2269 2886">
     <span class='ocr_line' id='line_1_45' title="bbox 707 2815 2269 2886; baseline -0.006 -12"><span class='ocrx_word' id='word_1_329' title='bbox 707 2825 794 2880; x_wconf 77' lang='lat' dir='ltr'><strong>vel</strong></span> <span class='ocrx_word' id='word_1_330' title='bbox 823 2836 1159 2878; x_wconf 87' lang='lat' dir='ltr'><strong>communem</strong></span> <span class='ocrx_word' id='word_1_331' title='bbox 1189 2821 1355 2874; x_wconf 82' lang='lat' dir='ltr'><strong>vitam</strong></span> <span class='ocrx_word' id='word_1_332' title='bbox 1385 2821 1630 2879; x_wconf 84' lang='lat' dir='ltr'><strong>viverent</strong></span> <span class='ocrx_word' id='word_1_333' title='bbox 1655 2835 1669 2871; x_wconf 89' lang='lat'><strong>:</strong></span> <span class='ocrx_word' id='word_1_334' title='bbox 1695 2832 2028 2886; x_wconf 87' lang='lat' dir='ltr'><strong>quanquam,</strong></span> <span class='ocrx_word' id='word_1_335' title='bbox 2055 2825 2114 2869; x_wconf 91' lang='lat' dir='ltr'><strong>ut</strong></span> <span class='ocrx_word' id='word_1_336' title='bbox 2143 2815 2269 2881; x_wconf 87' lang='lat' dir='ltr'><strong>quid</strong></span> 
     </span>
    </p>
   </div>
   <div class='ocr_carea' id='block_1_46' title="bbox 709 2907 2272 2976">
    <p class='ocr_par' dir='ltr' id='par_1_46' title="bbox 709 2907 2272 2976">
     <span class='ocr_line' id='line_1_46' title="bbox 709 2907 2272 2976; baseline -0.008 -7"><span class='ocrx_word' id='word_1_337' title='bbox 709 2911 1027 2969; x_wconf 85' lang='lat' dir='ltr'><strong>incredibile</strong></span> <span class='ocrx_word' id='word_1_338' title='bbox 1062 2912 1261 2973; x_wconf 92' lang='lat' dir='ltr'><strong>dicam,</strong></span> <span class='ocrx_word' id='word_1_339' title='bbox 1296 2910 1400 2963; x_wconf 85' lang='lat' dir='ltr'><strong>illis</strong></span> <span class='ocrx_word' id='word_1_340' title='bbox 1443 2909 1708 2976; x_wconf 87' lang='lat' dir='ltr'><strong>pepercit,</strong></span> <span class='ocrx_word' id='word_1_341' title='bbox 1739 2923 1862 2961; x_wconf 87' lang='lat' dir='ltr'><strong>cum</strong></span> <span class='ocrx_word' id='word_1_342' title='bbox 1895 2907 2130 2960; x_wconf 89' lang='lat' dir='ltr'><strong>inimicis</strong></span> <span class='ocrx_word' id='word_1_343' title='bbox 2162 2914 2272 2957; x_wconf 88' lang='lat' dir='ltr'><strong>tra-</strong></span> 
     </span>
    </p>
   </div>
   <div class='ocr_carea' id='block_1_47' title="bbox 708 3000 2272 3074">
    <p class='ocr_par' dir='ltr' id='par_1_47' title="bbox 708 3000 2272 3074">
     <span class='ocr_line' id='line_1_47' title="bbox 708 3000 2272 3074; baseline -0.005 -14"><span class='ocrx_word' id='word_1_344' title='bbox 708 3005 876 3070; x_wconf 87' lang='lat' dir='ltr'><strong>didit;</strong></span> <span class='ocrx_word' id='word_1_345' title='bbox 909 3005 1106 3072; x_wconf 81' lang='lat' dir='ltr'><strong>quippe</strong></span> <span class='ocrx_word' id='word_1_346' title='bbox 1134 3017 1268 3070; x_wconf 89' lang='lat' dir='ltr'><strong>quos</strong></span> <span class='ocrx_word' id='word_1_347' title='bbox 1299 3001 1503 3054; x_wconf 84' lang='lat' dir='ltr'><strong>videret</strong></span> <span class='ocrx_word' id='word_1_348' title='bbox 1542 3000 1684 3053; x_wconf 85' lang='lat' dir='ltr'><strong>nulla</strong></span> <span class='ocrx_word' id='word_1_349' title='bbox 1725 3015 1784 3054; x_wconf 91' lang='lat' dir='ltr'><strong>re</strong></span> <span class='ocrx_word' id='word_1_350' title='bbox 1811 3000 2069 3074; x_wconf 82' lang='lat' dir='ltr'><strong>_revocari</strong></span> <span class='ocrx_word' id='word_1_351' title='bbox 2113 3013 2272 3067; x_wconf 88' lang='lat' dir='ltr'><strong>posse</strong></span> 
     </span>
    </p>
   </div>
   <div class='ocr_carea' id='block_1_48' title="bbox 707 3077 2260 3162">
    <p class='ocr_par' dir='ltr' id='par_1_48' title="bbox 707 3077 2260 3162">
     <span class='ocr_line' id='line_1_48' title="bbox 707 3077 2260 3162; baseline -0.005 -11"><span class='ocrx_word' id='word_1_352' title='bbox 707 3099 774 3151; x_wconf 69' lang='lat' dir='ltr'><strong>ad</strong></span> <span class='ocrx_word' id='word_1_353' title='bbox 809 3097 1076 3151; x_wconf 86' lang='lat' dir='ltr'><strong>saniorem</strong></span> <span class='ocrx_word' id='word_1_354' title='bbox 1109 3095 1294 3158; x_wconf 71' lang='lat' dir='ltr'><strong>vitam,</strong></span> <span class='ocrx_word' id='word_1_355' title='bbox 1328 3104 1383 3146; x_wconf 89' lang='lat' dir='ltr'><strong>et</strong></span> <span class='ocrx_word' id='word_1_356' title='bbox 1414 3094 1464 3146; x_wconf 92' lang='lat' dir='ltr'><strong>in</strong></span> <span class='ocrx_word' id='word_1_357' title='bbox 1512 3094 1627 3148; x_wconf 89' lang='lat' dir='ltr'><strong>dies</strong></span> <span class='ocrx_word' id='word_1_358' title='bbox 1667 3077 1838 3162; x_wconf 79' lang='lat' dir='ltr'><strong>magis</strong></span> <span class='ocrx_word' id='word_1_359' title='bbox 1869 3105 1932 3145; x_wconf 88' lang='lat' dir='ltr'><strong>ac</strong></span> <span class='ocrx_word' id='word_1_360' title='bbox 1976 3092 2147 3159; x_wconf 84' lang='lat' dir='ltr'><strong>magis</strong></span> <span class='ocrx_word' id='word_1_361' title='bbox 2178 3104 2260 3144; x_wconf 84' lang='lat' dir='ltr'><strong>ne-</strong></span> 
     </span>
    </p>
   </div>
   <div class='ocr_carea' id='block_1_49' title="bbox 705 3181 2265 3257">
    <p class='ocr_par' dir='ltr' id='par_1_49' title="bbox 705 3181 2265 3257">
     <span class='ocr_line' id='line_1_49' title="bbox 705 3181 2265 3257; baseline -0.004 -18"><span class='ocrx_word' id='word_1_362' title='bbox 705 3188 872 3257; x_wconf 80' lang='lat' dir='ltr'><strong>quitia</strong></span> <span class='ocrx_word' id='word_1_363' title='bbox 904 3200 1171 3241; x_wconf 89' lang='lat' dir='ltr'><strong>crescere.</strong></span> <span class='ocrx_word' id='word_1_364' title='bbox 1219 3187 1394 3253; x_wconf 85' lang='lat' dir='ltr'><strong>Atque</strong></span> <span class='ocrx_word' id='word_1_365' title='bbox 1425 3186 1615 3238; x_wconf 85' lang='lat' dir='ltr'><strong>horum</strong></span> <span class='ocrx_word' id='word_1_366' title='bbox 1649 3183 1914 3236; x_wconf 87' lang='lat' dir='ltr'><strong>malorum</strong></span> <span class='ocrx_word' id='word_1_367' title='bbox 1956 3181 2063 3234; x_wconf 91' lang='lat' dir='ltr'><strong>illis</strong></span> <span class='ocrx_word' id='word_1_368' title='bbox 2107 3194 2265 3234; x_wconf 83' lang='lat' dir='ltr'><strong>causa</strong></span> 
     </span>
    </p>
   </div>
   <div class='ocr_carea' id='block_1_50' title="bbox 708 3271 2265 3347">
    <p class='ocr_par' dir='ltr' id='par_1_50' title="bbox 708 3271 2265 3347">
     <span class='ocr_line' id='line_1_50' title="bbox 708 3271 2265 3347; baseline -0.006 -16"><span class='ocrx_word' id='word_1_369' title='bbox 708 3279 808 3331; x_wconf 76' lang='lat' dir='ltr'><strong>fuit</strong></span> <span class='ocrx_word' id='word_1_370' title='bbox 831 3280 1051 3347; x_wconf 79' lang='lat' dir='ltr'><strong>sanguis</strong></span> <span class='ocrx_word' id='word_1_371' title='bbox 1079 3276 1206 3330; x_wconf 80' lang='lat' dir='ltr'><strong>Jesu</strong></span> <span class='ocrx_word' id='word_1_372' title='bbox 1240 3291 1333 3344; x_wconf 88' lang='lat' dir='ltr'><strong>per</strong></span> <span class='ocrx_word' id='word_1_373' title='bbox 1369 3291 1554 3329; x_wconf 88' lang='lat' dir='ltr'><strong>eorum</strong></span> <span class='ocrx_word' id='word_1_374' title='bbox 1587 3274 1816 3329; x_wconf 85' lang='lat' dir='ltr'><strong>insidias</strong></span> <span class='ocrx_word' id='word_1_375' title='bbox 1846 3271 2046 3324; x_wconf 73' lang='lat' dir='ltr'><strong>elfusus</strong></span> <span class='ocrx_word' id='word_1_376' title='bbox 2081 3271 2132 3322; x_wconf 93' lang='lat' dir='ltr'><strong>in</strong></span> <span class='ocrx_word' id='word_1_377' title='bbox 2161 3279 2265 3322; x_wconf 90' lang='lat' dir='ltr'><strong>ter-</strong></span> 
     </span>
    </p>
   </div>
   <div class='ocr_carea' id='block_1_51' title="bbox 711 3362 2271 3440">
    <p class='ocr_par' dir='ltr' id='par_1_51' title="bbox 711 3362 2271 3440">
     <span class='ocr_line' id='line_1_51' title="bbox 711 3362 2271 3440; baseline -0.004 -18"><span class='ocrx_word' id='word_1_378' title='bbox 711 3386 853 3433; x_wconf 86' lang='lat' dir='ltr'><strong>ram,</strong></span> <span class='ocrx_word' id='word_1_379' title='bbox 881 3386 998 3438; x_wconf 81' lang='lat' dir='ltr'><strong>quae</strong></span> <span class='ocrx_word' id='word_1_380' title='bbox 1026 3385 1131 3424; x_wconf 93' lang='lat' dir='ltr'><strong>non</strong></span> <span class='ocrx_word' id='word_1_381' title='bbox 1177 3368 1352 3440; x_wconf 84' lang='lat' dir='ltr'><strong>potuit</strong></span> <span class='ocrx_word' id='word_1_382' title='bbox 1385 3368 1619 3436; x_wconf 79' lang='lat' dir='ltr'><strong>amplius</strong></span> <span class='ocrx_word' id='word_1_383' title='bbox 1663 3380 1788 3420; x_wconf 86' lang='lat' dir='ltr'><strong>reos</strong></span> <span class='ocrx_word' id='word_1_384' title='bbox 1837 3365 1968 3418; x_wconf 89' lang='lat' dir='ltr'><strong>tanti</strong></span> <span class='ocrx_word' id='word_1_385' title='bbox 2016 3362 2271 3417; x_wconf 78' lang='lat' dir='ltr'><strong>facinoris</strong></span> 
     </span>
    </p>
   </div>
   <div class='ocr_carea' id='block_1_52' title="bbox 709 3461 1000 3516">
    <p class='ocr_par' dir='ltr' id='par_1_52' title="bbox 709 3461 1000 3516">
     <span class='ocr_line' id='line_1_52' title="bbox 709 3461 1000 3516; baseline -0.003 -1"><span class='ocrx_word' id='word_1_386' title='bbox 709 3461 1000 3516; x_wconf 82' lang='lat' dir='ltr'><strong>sustinere.</strong></span> 
     </span>
    </p>
   </div>
   <div class='ocr_carea' id='block_1_53' title="bbox 776 3733 2268 3804">
    <p class='ocr_par' dir='ltr' id='par_1_53' title="bbox 776 3733 2268 3804">
     <span class='ocr_line' id='line_1_53' title="bbox 776 3733 2268 3804; baseline -0.005 -12"><span class='ocrx_word' id='word_1_387' title='bbox 776 3739 869 3792; x_wconf 78' lang='grc'>4⁸5.</span> <span class='ocrx_word' id='word_1_388' title='bbox 913 3738 1112 3791; x_wconf 86' lang='lat' dir='ltr'><strong>Novum</strong></span> <span class='ocrx_word' id='word_1_389' title='bbox 1153 3737 1334 3804; x_wconf 82' lang='lat' dir='ltr'><strong>igitur,</strong></span> <span class='ocrx_word' id='word_1_390' title='bbox 1371 3749 1435 3788; x_wconf 81' lang='lat' dir='ltr'><strong>ex</strong></span> <span class='ocrx_word' id='word_1_391' title='bbox 1466 3749 1572 3803; x_wconf 91' lang='lat' dir='ltr'><strong>quo</strong></span> <span class='ocrx_word' id='word_1_392' title='bbox 1604 3733 1762 3788; x_wconf 83' lang='lat' dir='ltr'><strong>Jesus</strong></span> <span class='ocrx_word' id='word_1_393' title='bbox 1796 3747 1987 3802; x_wconf 88' lang='lat' dir='ltr'><strong>passus</strong></span> <span class='ocrx_word' id='word_1_394' title='bbox 2040 3740 2122 3786; x_wconf 90' lang='lat' dir='ltr'><strong>est</strong></span> <span class='ocrx_word' id='word_1_395' title='bbox 2146 3773 2161 3796; x_wconf 93' lang='lat'><strong>,</strong></span> <span class='ocrx_word' id='word_1_396' title='bbox 2212 3741 2268 3786; x_wconf 87' lang='lat' dir='ltr'><strong>et</strong></span> 
     </span>
    </p>
   </div>
   <div class='ocr_carea' id='block_1_54' title="bbox 709 3823 2268 3894">
    <p class='ocr_par' dir='ltr' id='par_1_54' title="bbox 709 3823 2268 3894">
     <span class='ocr_line' id='line_1_54' title="bbox 709 3823 2268 3894; baseline -0.006 -9"><span class='ocrx_word' id='word_1_397' title='bbox 709 3829 838 3885; x_wconf 86' lang='lat' dir='ltr'><strong>illud</strong></span> <span class='ocrx_word' id='word_1_398' title='bbox 874 3828 1104 3891; x_wconf 88' lang='lat' dir='ltr'><strong>accidit;</strong></span> <span class='ocrx_word' id='word_1_399' title='bbox 1143 3827 1271 3880; x_wconf 92' lang='lat' dir='ltr'><strong>illud</strong></span> <span class='ocrx_word' id='word_1_400' title='bbox 1316 3826 1460 3889; x_wconf 87' lang='lat' dir='ltr'><strong>dico,</strong></span> <span class='ocrx_word' id='word_1_401' title='bbox 1497 3824 1638 3894; x_wconf 81' lang='lat' dir='ltr'><strong>quod</strong></span> <span class='ocrx_word' id='word_1_402' title='bbox 1685 3837 1815 3892; x_wconf 78' lang='lat' dir='ltr'><strong>erga</strong></span> <span class='ocrx_word' id='word_1_403' title='bbox 1864 3824 2050 3876; x_wconf 90' lang='lat' dir='ltr'><strong>urbem</strong></span> <span class='ocrx_word' id='word_1_404' title='bbox 2075 3861 2090 3884; x_wconf 97' lang='lat'><strong>,</strong></span> <span class='ocrx_word' id='word_1_405' title='bbox 2126 3823 2268 3890; x_wconf 91' lang='lat' dir='ltr'><strong>quod</strong></span> 
     </span>
    </p>
   </div>
   <div class='ocr_carea' id='block_1_55' title="bbox 705 3904 2272 3992">
    <p class='ocr_par' dir='ltr' id='par_1_55' title="bbox 705 3904 2272 3992">
     <span class='ocr_line' id='line_1_55' title="bbox 705 3904 2272 3992; baseline -0.007 -17"><span class='ocrx_word' id='word_1_406' title='bbox 705 3937 834 3992; x_wconf 75' lang='lat' dir='ltr'><strong>erga</strong></span> <span class='ocrx_word' id='word_1_407' title='bbox 863 3929 1029 3975; x_wconf 90' lang='lat' dir='ltr'><strong>totam</strong></span> <span class='ocrx_word' id='word_1_408' title='bbox 1063 3927 1297 3989; x_wconf 73' lang='lat' dir='ltr'><strong>gentem,</strong></span> <span class='ocrx_word' id='word_1_409' title='bbox 1329 3916 1474 3986; x_wconf 89' lang='lat' dir='ltr'><strong>quod</strong></span> <span class='ocrx_word' id='word_1_410' title='bbox 1518 3904 1646 3987; x_wconf 63' lang='lat' dir='ltr'><strong>er&#39;éa</strong></span> <span class='ocrx_word' id='word_1_411' title='bbox 1681 3913 2051 3969; x_wconf 84' lang='lat' dir='ltr'><strong>Christianum</strong></span> <span class='ocrx_word' id='word_1_412' title='bbox 2103 3927 2272 3981; x_wconf 82' lang='lat' dir='ltr'><strong>popu-</strong></span> 
     </span>
    </p>
   </div>
   <div class='ocr_carea' id='block_1_56' title="bbox 708 4003 2270 4077">
    <p class='ocr_par' dir='ltr' id='par_1_56' title="bbox 708 4003 2270 4077">
     <span class='ocr_line' id='line_1_56' title="bbox 708 4003 2270 4077; baseline -0.005 -13"><span class='ocrx_word' id='word_1_413' title='bbox 708 4012 815 4064; x_wconf 90' lang='lat' dir='ltr'><strong>lum</strong></span> <span class='ocrx_word' id='word_1_414' title='bbox 851 4010 1066 4072; x_wconf 85' lang='lat' dir='ltr'><strong>accidit,</strong></span> <span class='ocrx_word' id='word_1_415' title='bbox 1099 4009 1186 4076; x_wconf 90' lang='lat' dir='ltr'><strong>qui</strong></span> <span class='ocrx_word' id='word_1_416' title='bbox 1222 4017 1442 4076; x_wconf 84' lang='lat' dir='ltr'><strong>repente</strong></span> <span class='ocrx_word' id='word_1_417' title='bbox 1477 4018 1530 4060; x_wconf 90' lang='lat' dir='ltr'><strong>et</strong></span> <span class='ocrx_word' id='word_1_418' title='bbox 1551 4007 1704 4077; x_wconf 76' lang='lat' dir='ltr'><strong>quasi</strong></span> <span class='ocrx_word' id='word_1_419' title='bbox 1729 4004 1888 4059; x_wconf 88' lang='lat' dir='ltr'><strong>simul</strong></span> <span class='ocrx_word' id='word_1_420' title='bbox 1921 4013 2074 4058; x_wconf 89' lang='lat' dir='ltr'><strong>ortus</strong></span> <span class='ocrx_word' id='word_1_421' title='bbox 2106 4003 2270 4056; x_wconf 79' lang='lat' dir='ltr'><strong>fuisse</strong></span> 
     </span>
    </p>
   </div>
   <div class='ocr_carea' id='block_1_57' title="bbox 707 4094 2266 4166">
    <p class='ocr_par' dir='ltr' id='par_1_57' title="bbox 707 4094 2266 4166">
     <span class='ocr_line' id='line_1_57' title="bbox 707 4094 2266 4166; baseline -0.004 -13"><span class='ocrx_word' id='word_1_422' title='bbox 707 4103 945 4156; x_wconf 79' lang='lat' dir='ltr'><strong>videtur.</strong></span> <span class='ocrx_word' id='word_1_423' title='bbox 977 4100 1183 4154; x_wconf 77' lang='lat' dir='ltr'><strong>Novum</strong></span> <span class='ocrx_word' id='word_1_424' title='bbox 1223 4109 1276 4152; x_wconf 88' lang='lat' dir='ltr'><strong>et</strong></span> <span class='ocrx_word' id='word_1_425' title='bbox 1310 4100 1457 4162; x_wconf 92' lang='lat' dir='ltr'><strong>illud,</strong></span> <span class='ocrx_word' id='word_1_426' title='bbox 1479 4103 1568 4166; x_wconf 89' lang='lat' dir='ltr'><strong>qui</strong></span> <span class='ocrx_word' id='word_1_427' title='bbox 1601 4113 1630 4150; x_wconf 86' lang='lat' dir='ltr'><strong>a</strong></span> <span class='ocrx_word' id='word_1_428' title='bbox 1661 4097 1753 4150; x_wconf 88' lang='lat' dir='ltr'><strong>Dei</strong></span> <span class='ocrx_word' id='word_1_429' title='bbox 1788 4095 2081 4149; x_wconf 67' lang='lat' dir='ltr'><strong>fmderibus</strong></span> <span class='ocrx_word' id='word_1_430' title='bbox 2109 4094 2266 4148; x_wconf 87' lang='lat' dir='ltr'><strong>alieni</strong></span> 
     </span>
    </p>
   </div>
   <div class='ocr_carea' id='block_1_58' title="bbox 705 4185 2270 4258">
    <p class='ocr_par' dir='ltr' id='par_1_58' title="bbox 705 4185 2270 4258">
     <span class='ocr_line' id='line_1_58' title="bbox 705 4185 2270 4258; baseline -0.004 -15"><span class='ocrx_word' id='word_1_431' title='bbox 705 4201 881 4255; x_wconf 86' lang='lat' dir='ltr'><strong>crant,</strong></span> <span class='ocrx_word' id='word_1_432' title='bbox 916 4192 1004 4258; x_wconf 90' lang='lat' dir='ltr'><strong>qui</strong></span> <span class='ocrx_word' id='word_1_433' title='bbox 1047 4191 1246 4243; x_wconf 88' lang='lat' dir='ltr'><strong>nullam</strong></span> <span class='ocrx_word' id='word_1_434' title='bbox 1282 4192 1332 4243; x_wconf 90' lang='lat' dir='ltr'><strong>in</strong></span> <span class='ocrx_word' id='word_1_435' title='bbox 1375 4187 1827 4258; x_wconf 88' lang='lat' dir='ltr'><strong>promissionibus</strong></span> <span class='ocrx_word' id='word_1_436' title='bbox 1859 4195 2069 4254; x_wconf 90' lang='lat' dir='ltr'><strong>partem</strong></span> <span class='ocrx_word' id='word_1_437' title='bbox 2108 4185 2270 4237; x_wconf 88' lang='lat' dir='ltr'><strong>habe-</strong></span> 
     </span>
    </p>
   </div>
   <div class='ocr_carea' id='block_1_59' title="bbox 706 4275 2267 4350">
    <p class='ocr_par' dir='ltr' id='par_1_59' title="bbox 706 4275 2267 4350">
     <span class='ocr_line' id='line_1_59' title="bbox 706 4275 2267 4350; baseline -0.006 -15"><span class='ocrx_word' id='word_1_438' title='bbox 706 4283 857 4344; x_wconf 84' lang='lat' dir='ltr'><strong>bant,</strong></span> <span class='ocrx_word' id='word_1_439' title='bbox 880 4282 970 4350; x_wconf 89' lang='lat' dir='ltr'><strong>qui</strong></span> <span class='ocrx_word' id='word_1_440' title='bbox 999 4280 1185 4348; x_wconf 85' lang='lat' dir='ltr'><strong>procul</strong></span> <span class='ocrx_word' id='word_1_441' title='bbox 1217 4295 1245 4332; x_wconf 90' lang='lat' dir='ltr'><strong>a</strong></span> <span class='ocrx_word' id='word_1_442' title='bbox 1278 4281 1502 4334; x_wconf 84' lang='lat' dir='ltr'><strong>veritate</strong></span> <span class='ocrx_word' id='word_1_443' title='bbox 1533 4289 1708 4341; x_wconf 86' lang='lat' dir='ltr'><strong>erant,</strong></span> <span class='ocrx_word' id='word_1_444' title='bbox 1739 4293 1834 4332; x_wconf 91' lang='lat' dir='ltr'><strong>eos</strong></span> <span class='ocrx_word' id='word_1_445' title='bbox 1863 4286 2041 4330; x_wconf 83' lang='lat' dir='ltr'><strong>tamen</strong></span> <span class='ocrx_word' id='word_1_446' title='bbox 2086 4275 2267 4328; x_wconf 82' lang='lat' dir='ltr'><strong>divina</strong></span> 
     </span>
    </p>
   </div>
   <div class='ocr_carea' id='block_1_60' title="bbox 707 4366 2268 4443">
    <p class='ocr_par' dir='ltr' id='par_1_60' title="bbox 707 4366 2268 4443">
     <span class='ocr_line' id='line_1_60' title="bbox 707 4366 2268 4443; baseline -0.004 -18"><span class='ocrx_word' id='word_1_447' title='bbox 707 4375 935 4443; x_wconf 86' lang='lat' dir='ltr'><strong>quadam</strong></span> <span class='ocrx_word' id='word_1_448' title='bbox 968 4375 1162 4425; x_wconf 75' lang='lat' dir='ltr'><strong>virtute</strong></span> <span class='ocrx_word' id='word_1_449' title='bbox 1217 4371 1469 4435; x_wconf 89' lang='lat' dir='ltr'><strong>amplecti</strong></span> <span class='ocrx_word' id='word_1_450' title='bbox 1526 4370 1832 4423; x_wconf 85' lang='lat' dir='ltr'><strong>veritatem.</strong></span> <span class='ocrx_word' id='word_1_451' title='bbox 1866 4367 1979 4421; x_wconf 84' lang='lat' dir='ltr'><strong>Hoc</strong></span> <span class='ocrx_word' id='word_1_452' title='bbox 2023 4366 2268 4436; x_wconf 82' lang='lat' dir='ltr'><strong>profecto</strong></span> 
     </span>
    </p>
   </div>
   <div class='ocr_carea' id='block_1_61' title="bbox 708 4457 2265 4532">
    <p class='ocr_par' dir='ltr' id='par_1_61' title="bbox 708 4457 2265 4532">
     <span class='ocr_line' id='line_1_61' title="bbox 708 4457 2265 4532; baseline -0.006 -16"><span class='ocrx_word' id='word_1_453' title='bbox 708 4480 809 4518; x_wconf 90' lang='lat' dir='ltr'><strong>non</strong></span> <span class='ocrx_word' id='word_1_454' title='bbox 841 4463 1146 4532; x_wconf 82' lang='lat' dir='ltr'><strong>impostoris</strong></span> <span class='ocrx_word' id='word_1_455' title='bbox 1173 4463 1421 4521; x_wconf 87' lang='lat' dir='ltr'><strong>hominis,</strong></span> <span class='ocrx_word' id='word_1_456' title='bbox 1445 4462 1535 4513; x_wconf 88' lang='lat' dir='ltr'><strong>sed</strong></span> <span class='ocrx_word' id='word_1_457' title='bbox 1570 4459 1660 4513; x_wconf 89' lang='lat' dir='ltr'><strong>Dei</strong></span> <span class='ocrx_word' id='word_1_458' title='bbox 1699 4468 1784 4513; x_wconf 89' lang='lat' dir='ltr'><strong>est</strong></span> <span class='ocrx_word' id='word_1_459' title='bbox 1805 4472 1958 4527; x_wconf 89' lang='lat' dir='ltr'><strong>opus,</strong></span> <span class='ocrx_word' id='word_1_460' title='bbox 1986 4457 2076 4526; x_wconf 90' lang='lat' dir='ltr'><strong>qui</strong></span> <span class='ocrx_word' id='word_1_461' title='bbox 2111 4471 2265 4509; x_wconf 89' lang='lat' dir='ltr'><strong>suum</strong></span> 
     </span>
    </p>
   </div>
   <div class='ocr_carea' id='block_1_62' title="bbox 2389 2013 3951 2090">
    <p class='ocr_par' dir='ltr' id='par_1_62' title="bbox 2389 2013 3951 2090">
     <span class='ocr_line' id='line_1_62' title="bbox 2389 2013 3951 2090; baseline 0.006 -25"><span class='ocrx_word' id='word_1_462' title='bbox 2389 2013 2629 2079; x_wconf 81' lang='grc' dir='ltr'>Ἰησοῦν</span> <span class='ocrx_word' id='word_1_463' title='bbox 2653 2013 3064 2080; x_wconf 73' lang='grc' dir='ltr'>κολάσαντας·</span> <span class='ocrx_word' id='word_1_464' title='bbox 3093 2018 3335 2088; x_wconf 82' lang='grc' dir='ltr'>δείξομεν</span> <span class='ocrx_word' id='word_1_465' title='bbox 3365 2019 3511 2090; x_wconf 80' lang='grc' dir='ltr'>αὑτῷ</span> <span class='ocrx_word' id='word_1_466' title='bbox 3541 2023 3642 2075; x_wconf 78' lang='grc' dir='ltr'>καὶ</span> <span class='ocrx_word' id='word_1_467' title='bbox 3677 2025 3817 2076; x_wconf 70' lang='lat' dir='ltr'><strong>stic:</strong></span> <span class='ocrx_word' id='word_1_468' title='bbox 3847 2026 3951 2085; x_wconf 80' lang='grc' dir='ltr'>τοῖς</span> 
     </span>
    </p>
   </div>
   <div class='ocr_carea' id='block_1_63' title="bbox 2378 2102 3948 2183">
    <p class='ocr_par' dir='ltr' id='par_1_63' title="bbox 2378 2102 3948 2183">
     <span class='ocr_line' id='line_1_63' title="bbox 2378 2102 3948 2183; baseline 0.008 -29"><span class='ocrx_word' id='word_1_469' title='bbox 2378 2102 2719 2173; x_wconf 83' lang='grc' dir='ltr'>βουλομένοις</span> <span class='ocrx_word' id='word_1_470' title='bbox 2770 2104 2982 2173; x_wconf 81' lang='grc' dir='ltr'>μαθεῖν,</span> <span class='ocrx_word' id='word_1_471' title='bbox 3018 2106 3097 2178; x_wconf 78' lang='grc' dir='ltr'><strong>δτι</strong></span> <span class='ocrx_word' id='word_1_472' title='bbox 3131 2110 3163 2178; x_wconf 79' lang='grc' dir='ltr'><strong>ἡ</strong></span> <span class='ocrx_word' id='word_1_473' title='bbox 3209 2109 3380 2173; x_wconf 73' lang='grc' dir='ltr'>πόλις,</span> <span class='ocrx_word' id='word_1_474' title='bbox 3431 2111 3489 2162; x_wconf 85' lang='grc' dir='ltr'><strong>ἐν</strong></span> <span class='ocrx_word' id='word_1_475' title='bbox 3589 2115 3619 2163; x_wconf 83' lang='grc' dir='ltr'>ὀ</span> <span class='ocrx_word' id='word_1_476' title='bbox 3658 2113 3774 2164; x_wconf 77' lang='grc' dir='ltr'><strong>τῶν</strong></span> <span class='ocrx_word' id='word_1_477' title='bbox 3828 2115 3948 2166; x_wconf 78' lang='grc' dir='ltr'>Ἰου-</span> 
     </span>
    </p>
   </div>
   <div class='ocr_carea' id='block_1_64' title="bbox 2374 2193 3946 2271">
    <p class='ocr_par' dir='ltr' id='par_1_64' title="bbox 2374 2193 3946 2271">
     <span class='ocr_line' id='line_1_64' title="bbox 2374 2193 3946 2271; baseline 0.006 -27"><span class='ocrx_word' id='word_1_478' title='bbox 2374 2193 2537 2245; x_wconf 81' lang='grc' dir='ltr'>δαίων</span> <span class='ocrx_word' id='word_1_479' title='bbox 2563 2193 2702 2256; x_wconf 89' lang='grc' dir='ltr'>λεὼς</span> <span class='ocrx_word' id='word_1_480' title='bbox 2729 2193 2926 2262; x_wconf 75' lang='grc' dir='ltr'>ἠξίωσε</span> <span class='ocrx_word' id='word_1_481' title='bbox 2956 2196 3047 2249; x_wconf 87' lang='grc' dir='ltr'><strong>τὸν</strong></span> <span class='ocrx_word' id='word_1_482' title='bbox 3093 2198 3295 2267; x_wconf 83' lang='grc' dir='ltr'>Ἰησοῦν</span> <span class='ocrx_word' id='word_1_483' title='bbox 3326 2200 3735 2271; x_wconf 77' lang='grc' dir='ltr'>σταυρωθῆναι,</span> <span class='ocrx_word' id='word_1_484' title='bbox 3764 2203 3946 2271; x_wconf 67' lang='grc' dir='ltr'>λέγων,</span> 
     </span>
    </p>
   </div>
   <div class='ocr_carea' id='block_1_65' title="bbox 2375 2283 3945 2359">
    <p class='ocr_par' dir='ltr' id='par_1_65' title="bbox 2375 2283 3945 2359">
     <span class='ocr_line' id='line_1_65' title="bbox 2375 2283 3945 2359; baseline 0.008 -28"><span class='ocrx_word' id='word_1_485' title='bbox 2375 2283 2661 2347; x_wconf 83' lang='grc' dir='ltr'><strong>Σταύρου,</strong></span> <span class='ocrx_word' id='word_1_486' title='bbox 2698 2283 2961 2349; x_wconf 84' lang='grc' dir='ltr'>σταύρου</span> <span class='ocrx_word' id='word_1_487' title='bbox 2990 2286 3174 2338; x_wconf 75' lang='grc' dir='ltr'>αὐτὸν</span> <span class='ocrx_word' id='word_1_488' title='bbox 3193 2325 3206 2346; x_wconf 91' lang='grc'><strong>,</strong></span> <span class='ocrx_word' id='word_1_489' title='bbox 3237 2288 3331 2339; x_wconf 80' lang='grc' dir='ltr'><strong>καὶ</strong></span> <span class='ocrx_word' id='word_1_490' title='bbox 3365 2291 3815 2359; x_wconf 75' lang='grc' dir='ltr'>προύτιμήσαντο</span> <span class='ocrx_word' id='word_1_491' title='bbox 3847 2291 3945 2358; x_wconf 64' lang='grc'>(59)</span> 
     </span>
    </p>
   </div>
   <div class='ocr_carea' id='block_1_66' title="bbox 2373 2373 3946 2449">
    <p class='ocr_par' dir='ltr' id='par_1_66' title="bbox 2373 2373 3946 2449">
     <span class='ocr_line' id='line_1_66' title="bbox 2373 2373 3946 2449; baseline 0.006 -26"><span class='ocrx_word' id='word_1_492' title='bbox 2373 2374 2462 2424; x_wconf 80' lang='grc' dir='ltr'><strong>τὸν</strong></span> <span class='ocrx_word' id='word_1_493' title='bbox 2491 2373 2691 2443; x_wconf 81' lang='grc' dir='ltr'>λῃστὴν</span> <span class='ocrx_word' id='word_1_494' title='bbox 2728 2375 2815 2428; x_wconf 81' lang='grc' dir='ltr'>διὰ</span> <span class='ocrx_word' id='word_1_495' title='bbox 2851 2377 3038 2427; x_wconf 86' lang='grc' dir='ltr'>στάσιν</span> <span class='ocrx_word' id='word_1_496' title='bbox 3082 2378 3175 2428; x_wconf 75' lang='grc' dir='ltr'><strong>καὶ</strong></span> <span class='ocrx_word' id='word_1_497' title='bbox 3209 2379 3366 2444; x_wconf 77' lang='grc' dir='ltr'>φόνον</span> <span class='ocrx_word' id='word_1_498' title='bbox 3415 2378 3685 2449; x_wconf 74' lang='grc' dir='ltr'>βληθέντα</span> <span class='ocrx_word' id='word_1_499' title='bbox 3723 2382 3807 2444; x_wconf 80' lang='grc' dir='ltr'><strong>είς</strong></span> <span class='ocrx_word' id='word_1_500' title='bbox 3858 2399 3946 2448; x_wconf 61' lang='lat' dir='ltr'><strong>gu-</strong></span> 
     </span>
    </p>
   </div>
   <div class='ocr_carea' id='block_1_67' title="bbox 2373 2461 3944 2540">
    <p class='ocr_par' dir='ltr' id='par_1_67' title="bbox 2373 2461 3944 2540">
     <span class='ocr_line' id='line_1_67' title="bbox 2373 2461 3944 2540; baseline 0.008 -28"><span class='ocrx_word' id='word_1_501' title='bbox 2373 2461 2540 2532; x_wconf 81' lang='grc' dir='ltr'>λακὴν</span> <span class='ocrx_word' id='word_1_502' title='bbox 2583 2463 2915 2533; x_wconf 82' lang='grc' dir='ltr'>ἀπολυθῆναι</span> <span class='ocrx_word' id='word_1_503' title='bbox 2947 2465 3154 2530; x_wconf 88' lang='grc' dir='ltr'>τοῦτον,</span> <span class='ocrx_word' id='word_1_504' title='bbox 3200 2469 3289 2519; x_wconf 83' lang='grc' dir='ltr'><strong>τὸν</strong></span> <span class='ocrx_word' id='word_1_505' title='bbox 3316 2469 3372 2521; x_wconf 81' lang='grc' dir='ltr'>δὲ</span> <span class='ocrx_word' id='word_1_506' title='bbox 3425 2471 3658 2539; x_wconf 78' lang='grc' dir='ltr'>Ἰησοῦν,</span> <span class='ocrx_word' id='word_1_507' title='bbox 3691 2472 3789 2524; x_wconf 70' lang='grc' dir='ltr'><strong>διὰ</strong></span> <span class='ocrx_word' id='word_1_508' title='bbox 3828 2473 3944 2540; x_wconf 69' lang='grc' dir='ltr'><strong>ιεθὸ-</strong></span> 
     </span>
    </p>
   </div>
   <div class='ocr_carea' id='block_1_68' title="bbox 2375 2555 3943 2630">
    <p class='ocr_par' dir='ltr' id='par_1_68' title="bbox 2375 2555 3943 2630">
     <span class='ocr_line' id='line_1_68' title="bbox 2375 2555 3943 2630; baseline 0.009 -27"><span class='ocrx_word' id='word_1_509' title='bbox 2375 2569 2462 2604; x_wconf 90' lang='grc' dir='ltr'><strong>νον</strong></span> <span class='ocrx_word' id='word_1_510' title='bbox 2512 2555 2917 2623; x_wconf 75' lang='grc' dir='ltr'>παραδοθέντα,</span> <span class='ocrx_word' id='word_1_511' title='bbox 2956 2557 3330 2627; x_wconf 74' lang='grc' dir='ltr'>σταυρωθῆναι</span> <span class='ocrx_word' id='word_1_512' title='bbox 3372 2559 3506 2629; x_wconf 73' lang='grc'>(50),</span> <span class='ocrx_word' id='word_1_513' title='bbox 3556 2565 3676 2630; x_wconf 75' lang='grc' dir='ltr'>μετ’</span> <span class='ocrx_word' id='word_1_514' title='bbox 3712 2563 3777 2615; x_wconf 74' lang='grc' dir='ltr'><strong>οὐ</strong></span> <span class='ocrx_word' id='word_1_515' title='bbox 3827 2566 3943 2617; x_wconf 60' lang='grc' dir='ltr'>πολὺ</span> 
     </span>
    </p>
   </div>
   <div class='ocr_carea' id='block_1_69' title="bbox 2373 2642 3945 2724">
    <p class='ocr_par' dir='ltr' id='par_1_69' title="bbox 2373 2642 3945 2724">
     <span class='ocr_line' id='line_1_69' title="bbox 2373 2642 3945 2724; baseline 0.006 -31"><span class='ocrx_word' id='word_1_516' title='bbox 2373 2642 2763 2716; x_wconf 82' lang='grc' dir='ltr'>ἐξεπολεμήθη,</span> <span class='ocrx_word' id='word_1_517' title='bbox 2813 2646 2904 2698; x_wconf 58' lang='grc' dir='ltr'><strong>καὶ⁵</strong></span> <span class='ocrx_word' id='word_1_518' title='bbox 2949 2647 3040 2698; x_wconf 76' lang='grc' dir='ltr'><strong>ἐπὶ</strong></span> <span class='ocrx_word' id='word_1_519' title='bbox 3081 2648 3330 2703; x_wconf 86' lang='grc' dir='ltr'>τοσοῦτον</span> <span class='ocrx_word' id='word_1_520' title='bbox 3376 2651 3749 2724; x_wconf 69' lang='grc' dir='ltr'>ἐπολιορκηθη</span> <span class='ocrx_word' id='word_1_521' title='bbox 3785 2656 3945 2724; x_wconf 67' lang='grc' dir='ltr'>χρόνῳ</span> 
     </span>
    </p>
   </div>
   <div class='ocr_carea' id='block_1_70' title="bbox 2372 2734 3941 2811">
    <p class='ocr_par' dir='ltr' id='par_1_70' title="bbox 2372 2734 3941 2811">
     <span class='ocr_line' id='line_1_70' title="bbox 2372 2734 3941 2811; baseline 0.008 -26"><span class='ocrx_word' id='word_1_522' title='bbox 2372 2734 2595 2800; x_wconf 85' lang='grc' dir='ltr'>πλείονι,</span> <span class='ocrx_word' id='word_1_523' title='bbox 2629 2735 2754 2788; x_wconf 81' lang='grc' dir='ltr'>ὥστ’</span> <span class='ocrx_word' id='word_1_524' title='bbox 2790 2739 2853 2790; x_wconf 84' lang='grc' dir='ltr'><strong>ἐκ</strong></span> <span class='ocrx_word' id='word_1_525' title='bbox 2885 2737 3101 2807; x_wconf 77' lang='grc' dir='ltr'>βάθρων</span> <span class='ocrx_word' id='word_1_526' title='bbox 3139 2741 3307 2810; x_wconf 80' lang='grc' dir='ltr'>αὐτὴν</span> <span class='ocrx_word' id='word_1_527' title='bbox 3340 2741 3642 2795; x_wconf 79' lang='grc' dir='ltr'>ἀνάστατον</span> <span class='ocrx_word' id='word_1_528' title='bbox 3676 2745 3941 2811; x_wconf 65' lang='grc' dir='ltr'>γενέσθαι.</span> 
     </span>
    </p>
   </div>
   <div class='ocr_carea' id='block_1_71' title="bbox 2372 2827 3943 2903">
    <p class='ocr_par' dir='ltr' id='par_1_71' title="bbox 2372 2827 3943 2903">
     <span class='ocr_line' id='line_1_71' title="bbox 2372 2827 3943 2903; baseline 0.003 -23"><span class='ocrx_word' id='word_1_529' title='bbox 2372 2827 2467 2880; x_wconf 77' lang='grc' dir='ltr'><strong>καὶ</strong></span> <span class='ocrx_word' id='word_1_530' title='bbox 2499 2829 2873 2900; x_wconf 75' lang='grc' dir='ltr'>ἐρημωθῆναι,</span> <span class='ocrx_word' id='word_1_531' title='bbox 2909 2831 3157 2895; x_wconf 78' lang='grc' dir='ltr'>ἀναξίους</span> <span class='ocrx_word' id='word_1_532' title='bbox 3189 2833 3464 2903; x_wconf 81' lang='grc' dir='ltr'>κρίνοντος</span> <span class='ocrx_word' id='word_1_533' title='bbox 3496 2835 3625 2897; x_wconf 72' lang='grc' dir='ltr'>τοὺς</span> <span class='ocrx_word' id='word_1_534' title='bbox 3654 2835 3752 2888; x_wconf 77' lang='grc' dir='ltr'><strong>τὸν</strong></span> <span class='ocrx_word' id='word_1_535' title='bbox 3795 2838 3943 2888; x_wconf 74' lang='grc' dir='ltr'>τόπον</span> 
     </span>
    </p>
   </div>
   <div class='ocr_carea' id='block_1_72' title="bbox 2372 2918 3940 2994">
    <p class='ocr_par' dir='ltr' id='par_1_72' title="bbox 2372 2918 3940 2994">
     <span class='ocr_line' id='line_1_72' title="bbox 2372 2918 3940 2994; baseline 0.004 -26"><span class='ocrx_word' id='word_1_536' title='bbox 2372 2918 2575 2970; x_wconf 84' lang='grc' dir='ltr'>ἐκεῖνον</span> <span class='ocrx_word' id='word_1_537' title='bbox 2617 2920 2896 2984; x_wconf 83' lang='grc' dir='ltr'>οἰκοῦντας</span> <span class='ocrx_word' id='word_1_538' title='bbox 2939 2920 3033 2972; x_wconf 80' lang='grc' dir='ltr'><strong>τοῦ</strong></span> <span class='ocrx_word' id='word_1_539' title='bbox 3077 2921 3210 2973; x_wconf 88' lang='grc' dir='ltr'>Θεοῦ</span> <span class='ocrx_word' id='word_1_540' title='bbox 3255 2922 3355 2991; x_wconf 81' lang='grc' dir='ltr'>τῆς</span> <span class='ocrx_word' id='word_1_541' title='bbox 3402 2924 3740 2994; x_wconf 80' lang='grc' dir='ltr'>κοινωτέρας</span> <span class='ocrx_word' id='word_1_542' title='bbox 3790 2924 3940 2993; x_wconf 73' lang='grc' dir='ltr'>ζωῆς.</span> 
     </span>
    </p>
   </div>
   <div class='ocr_carea' id='block_1_73' title="bbox 2370 3007 3942 3084">
    <p class='ocr_par' dir='ltr' id='par_1_73' title="bbox 2370 3007 3942 3084">
     <span class='ocr_line' id='line_1_73' title="bbox 2370 3007 3942 3084; baseline 0.006 -27"><span class='ocrx_word' id='word_1_543' title='bbox 2370 3007 2479 3058; x_wconf 73' lang='grc' dir='ltr'><strong>Καὶ</strong></span> <span class='ocrx_word' id='word_1_544' title='bbox 2513 3008 2822 3078; x_wconf 83' lang='grc' dir='ltr'>φειδόμενός</span> <span class='ocrx_word' id='word_1_545' title='bbox 2855 3028 2918 3077; x_wconf 91' lang='grc' dir='ltr'><strong>γε</strong></span> <span class='ocrx_word' id='word_1_546' title='bbox 2959 3011 3157 3074; x_wconf 82' lang='grc' dir='ltr'>αὐτῶν,</span> <span class='ocrx_word' id='word_1_547' title='bbox 3192 3013 3278 3065; x_wconf 88' lang='grc' dir='ltr'>ἵνα</span> <span class='ocrx_word' id='word_1_548' title='bbox 3313 3014 3629 3084; x_wconf 71' lang='grc' dir='ltr'>παραδόξως</span> <span class='ocrx_word' id='word_1_549' title='bbox 3665 3015 3831 3080; x_wconf 62' lang='grc' dir='ltr'>εἴπω,</span> <span class='ocrx_word' id='word_1_550' title='bbox 3861 3019 3942 3067; x_wconf 78' lang='grc' dir='ltr'>καὶ</span> 
     </span>
    </p>
   </div>
   <div class='ocr_carea' id='block_1_74' title="bbox 2368 3097 3941 3177">
    <p class='ocr_par' dir='ltr' id='par_1_74' title="bbox 2368 3097 3941 3177">
     <span class='ocr_line' id='line_1_74' title="bbox 2368 3097 3941 3177; baseline 0.006 -27"><span class='ocrx_word' id='word_1_551' title='bbox 2368 3097 2508 3167; x_wconf 84' lang='grc' dir='ltr'>ὀρῶν</span> <span class='ocrx_word' id='word_1_552' title='bbox 2540 3098 2772 3161; x_wconf 85' lang='grc' dir='ltr'>ἀνιάτως</span> <span class='ocrx_word' id='word_1_553' title='bbox 2812 3100 3031 3170; x_wconf 77' lang='grc' dir='ltr'>ἔχοντας</span> <span class='ocrx_word' id='word_1_554' title='bbox 3062 3103 3196 3173; x_wconf 82' lang='grc' dir='ltr'>πρὸς</span> <span class='ocrx_word' id='word_1_555' title='bbox 3228 3103 3323 3174; x_wconf 84' lang='grc' dir='ltr'><strong>τὴν</strong></span> <span class='ocrx_word' id='word_1_556' title='bbox 3352 3105 3444 3156; x_wconf 72' lang='grc' dir='ltr'><strong>ἐπὶ</strong></span> <span class='ocrx_word' id='word_1_557' title='bbox 3477 3105 3537 3156; x_wconf 82' lang='grc' dir='ltr'><strong>τὸ</strong></span> <span class='ocrx_word' id='word_1_558' title='bbox 3569 3108 3824 3174; x_wconf 86' lang='grc' dir='ltr'>κρεῖττον</span> <span class='ocrx_word' id='word_1_559' title='bbox 3855 3127 3941 3177; x_wconf 85' lang='grc' dir='ltr'>με·</span> 
     </span>
    </p>
   </div>
   <div class='ocr_carea' id='block_1_75' title="bbox 2372 3187 3942 3266">
    <p class='ocr_par' dir='ltr' id='par_1_75' title="bbox 2372 3187 3942 3266">
     <span class='ocr_line' id='line_1_75' title="bbox 2372 3187 3942 3266; baseline 0.007 -25"><span class='ocrx_word' id='word_1_560' title='bbox 2372 3187 2620 3258; x_wconf 79' lang='grc' dir='ltr'>ταδολὴν,</span> <span class='ocrx_word' id='word_1_561' title='bbox 2663 3190 2756 3242; x_wconf 79' lang='grc' dir='ltr'><strong>καὶ</strong></span> <span class='ocrx_word' id='word_1_562' title='bbox 2799 3191 3064 3262; x_wconf 83' lang='grc' dir='ltr'>ὁσημέραι</span> <span class='ocrx_word' id='word_1_563' title='bbox 3111 3192 3369 3257; x_wconf 77' lang='grc' dir='ltr'>αὔξοντας</span> <span class='ocrx_word' id='word_1_564' title='bbox 3410 3197 3466 3247; x_wconf 90' lang='grc' dir='ltr'><strong>ἐν</strong></span> <span class='ocrx_word' id='word_1_565' title='bbox 3511 3199 3577 3266; x_wconf 79' lang='grc' dir='ltr'>τῇ</span> <span class='ocrx_word' id='word_1_566' title='bbox 3613 3197 3715 3265; x_wconf 72' lang='grc' dir='ltr'>τῆς</span> <span class='ocrx_word' id='word_1_567' title='bbox 3759 3201 3942 3261; x_wconf 78' lang='grc' dir='ltr'>κακίας</span> 
     </span>
    </p>
   </div>
   <div class='ocr_carea' id='block_1_76' title="bbox 2377 3277 3942 3355">
    <p class='ocr_par' dir='ltr' id='par_1_76' title="bbox 2377 3277 3942 3355">
     <span class='ocr_line' id='line_1_76' title="bbox 2377 3277 3942 3355; baseline 0.007 -24"><span class='ocrx_word' id='word_1_568' title='bbox 2377 3277 2549 3349; x_wconf 86' lang='grc' dir='ltr'>χύσει,</span> <span class='ocrx_word' id='word_1_569' title='bbox 2579 3282 2893 3351; x_wconf 88' lang='grc' dir='ltr'>παρέδωκεν</span> <span class='ocrx_word' id='word_1_570' title='bbox 2926 3285 3118 3347; x_wconf 74' lang='grc' dir='ltr'>αὐτοὺς</span> <span class='ocrx_word' id='word_1_571' title='bbox 3148 3290 3258 3348; x_wconf 89' lang='grc' dir='ltr'>τοῖς</span> <span class='ocrx_word' id='word_1_572' title='bbox 3296 3285 3612 3355; x_wconf 87' lang='grc' dir='ltr'>πολεμοῦσι.</span> <span class='ocrx_word' id='word_1_573' title='bbox 3645 3289 3761 3342; x_wconf 72' lang='grc' dir='ltr'><strong>Καὶ</strong></span> <span class='ocrx_word' id='word_1_574' title='bbox 3785 3291 3942 3342; x_wconf 70' lang='grc' dir='ltr'>ταῦτα</span> 
     </span>
    </p>
   </div>
   <div class='ocr_carea' id='block_1_77' title="bbox 2375 3368 3943 3450">
    <p class='ocr_par' dir='ltr' id='par_1_77' title="bbox 2375 3368 3943 3450">
     <span class='ocr_line' id='line_1_77' title="bbox 2375 3368 3943 3450; baseline 0.004 -27"><span class='ocrx_word' id='word_1_575' title='bbox 2375 3369 2562 3438; x_wconf 83' lang='grc' dir='ltr'>γέγονε</span> <span class='ocrx_word' id='word_1_576' title='bbox 2615 3372 2704 3424; x_wconf 85' lang='grc' dir='ltr'>διὰ</span> <span class='ocrx_word' id='word_1_577' title='bbox 2757 3373 2818 3425; x_wconf 83' lang='grc' dir='ltr'><strong>τὸ</strong></span> <span class='ocrx_word' id='word_1_578' title='bbox 2863 3374 3088 3443; x_wconf 82' lang='grc' dir='ltr'>ἐκχυθὲν</span> <span class='ocrx_word' id='word_1_579' title='bbox 3127 3368 3265 3445; x_wconf 72' lang='grc' dir='ltr'>αἷμα</span> <span class='ocrx_word' id='word_1_580' title='bbox 3297 3376 3391 3429; x_wconf 86' lang='grc' dir='ltr'><strong>τοῦ</strong></span> <span class='ocrx_word' id='word_1_581' title='bbox 3441 3377 3618 3446; x_wconf 81' lang='grc' dir='ltr'>Ἰησοῦ</span> <span class='ocrx_word' id='word_1_582' title='bbox 3665 3380 3812 3433; x_wconf 88' lang='grc' dir='ltr'><strong>κατά</strong></span> <span class='ocrx_word' id='word_1_583' title='bbox 3856 3382 3943 3450; x_wconf 64' lang='grc' dir='ltr'><strong>τὴν</strong></span> 
     </span>
    </p>
   </div>
   <div class='ocr_carea' id='block_1_78' title="bbox 2373 3461 3942 3540">
    <p class='ocr_par' dir='ltr' id='par_1_78' title="bbox 2373 3461 3942 3540">
     <span class='ocr_line' id='line_1_78' title="bbox 2373 3461 3942 3540; baseline 0.008 -28"><span class='ocrx_word' id='word_1_584' title='bbox 2373 3461 2662 3533; x_wconf 78' lang='grc' dir='ltr'>ἐπιϐουλὴν</span> <span class='ocrx_word' id='word_1_585' title='bbox 2695 3463 2873 3518; x_wconf 84' lang='grc' dir='ltr'>αὐτῶν</span> <span class='ocrx_word' id='word_1_586' title='bbox 2917 3466 3008 3519; x_wconf 74' lang='grc' dir='ltr'><strong>ἐπὶ</strong></span> <span class='ocrx_word' id='word_1_587' title='bbox 3047 3467 3145 3537; x_wconf 76' lang='grc' dir='ltr'><strong>τὴν</strong></span> <span class='ocrx_word' id='word_1_588' title='bbox 3186 3467 3288 3537; x_wconf 79' lang='grc' dir='ltr'>γῆν</span> <span class='ocrx_word' id='word_1_589' title='bbox 3333 3467 3510 3522; x_wconf 83' lang='grc' dir='ltr'>αὐτῶν</span> <span class='ocrx_word' id='word_1_590' title='bbox 3545 3471 3749 3540; x_wconf 81' lang='grc' dir='ltr'>μηκέτι</span> <span class='ocrx_word' id='word_1_591' title='bbox 3793 3473 3942 3524; x_wconf 75' lang='grc' dir='ltr'>δυνα-</span> 
     </span>
    </p>
   </div>
   <div class='ocr_carea' id='block_1_79' title="bbox 2376 3554 3944 3633">
    <p class='ocr_par' dir='ltr' id='par_1_79' title="bbox 2376 3554 3944 3633">
     <span class='ocr_line' id='line_1_79' title="bbox 2376 3554 3944 3633; baseline 0.006 -27"><span class='ocrx_word' id='word_1_592' title='bbox 2376 3554 2540 3625; x_wconf 84' lang='grc' dir='ltr'>μένην</span> <span class='ocrx_word' id='word_1_593' title='bbox 2570 3559 2765 3626; x_wconf 85' lang='grc' dir='ltr'>χωρεῖν</span> <span class='ocrx_word' id='word_1_594' title='bbox 2790 3557 2915 3620; x_wconf 84' lang='grc' dir='ltr'>τοὺς</span> <span class='ocrx_word' id='word_1_595' title='bbox 2940 3558 3001 3610; x_wconf 83' lang='grc' dir='ltr'>τὸ</span> <span class='ocrx_word' id='word_1_596' title='bbox 3030 3556 3344 3628; x_wconf 82' lang='grc' dir='ltr'>τηλικοῦτον</span> <span class='ocrx_word' id='word_1_597' title='bbox 3377 3559 3507 3627; x_wconf 81' lang='grc' dir='ltr'>ἄγος</span> <span class='ocrx_word' id='word_1_598' title='bbox 3535 3561 3677 3614; x_wconf 84' lang='grc' dir='ltr'><strong>κατά</strong></span> <span class='ocrx_word' id='word_1_599' title='bbox 3713 3563 3810 3616; x_wconf 86' lang='grc' dir='ltr'><strong>τοῦ</strong></span> <span class='ocrx_word' id='word_1_600' title='bbox 3856 3564 3944 3633; x_wconf 84' lang='grc' dir='ltr'><strong>Ἰη-</strong></span> 
     </span>
    </p>
   </div>
   <div class='ocr_carea' id='block_1_80' title="bbox 2374 3645 3108 3718">
    <p class='ocr_par' dir='ltr' id='par_1_80' title="bbox 2374 3645 3108 3718">
     <span class='ocr_line' id='line_1_80' title="bbox 2374 3645 3108 3718; baseline 0.008 -21"><span class='ocrx_word' id='word_1_601' title='bbox 2374 3645 2466 3698; x_wconf 89' lang='grc' dir='ltr'><strong>σοῦ</strong></span> <span class='ocrx_word' id='word_1_602' title='bbox 2496 3647 2890 3718; x_wconf 74' lang='grc' dir='ltr'>τολμήσαντας.</span> <span class='ocrx_word' id='word_1_603' title='bbox 2973 3706 2976 3708; x_wconf 24' lang='grc' dir='ltr'><strong>ν</strong></span> <span class='ocrx_word' id='word_1_604' title='bbox 3076 3647 3108 3673; x_wconf 63' lang='grc'><strong>³</strong></span> 
     </span>
    </p>
   </div>
   <div class='ocr_carea' id='block_1_81' title="bbox 2443 3733 3944 3814">
    <p class='ocr_par' dir='ltr' id='par_1_81' title="bbox 2443 3733 3944 3814">
     <span class='ocr_line' id='line_1_81' title="bbox 2443 3733 3944 3814; baseline 0.004 -24"><span class='ocrx_word' id='word_1_605' title='bbox 2443 3737 2644 3791; x_wconf 83' lang='grc' dir='ltr'>Καινὸν</span> <span class='ocrx_word' id='word_1_606' title='bbox 2677 3735 2768 3792; x_wconf 83' lang='grc' dir='ltr'><strong>οὖν</strong></span> <span class='ocrx_word' id='word_1_607' title='bbox 2809 3740 3049 3807; x_wconf 81' lang='grc' dir='ltr'>γέγονεν,</span> <span class='ocrx_word' id='word_1_608' title='bbox 3090 3738 3148 3805; x_wconf 79' lang='grc' dir='ltr'>ἐξ</span> <span class='ocrx_word' id='word_1_609' title='bbox 3186 3733 3246 3792; x_wconf 75' lang='grc' dir='ltr'><strong>οὗ</strong></span> <span class='ocrx_word' id='word_1_610' title='bbox 3275 3739 3508 3793; x_wconf 88' lang='grc' dir='ltr'>πέπονθε</span> <span class='ocrx_word' id='word_1_611' title='bbox 3537 3742 3738 3811; x_wconf 83' lang='grc' dir='ltr'>χρόνου</span> <span class='ocrx_word' id='word_1_612' title='bbox 3777 3744 3806 3796; x_wconf 84' lang='grc' dir='ltr'>ὁ</span> <span class='ocrx_word' id='word_1_613' title='bbox 3845 3745 3944 3814; x_wconf 79' lang='grc' dir='ltr'><strong>Ἰη-</strong></span> 
     </span>
    </p>
   </div>
   <div class='ocr_carea' id='block_1_82' title="bbox 2374 3830 3944 3900">
    <p class='ocr_par' dir='ltr' id='par_1_82' title="bbox 2374 3830 3944 3900">
     <span class='ocr_line' id='line_1_82' title="bbox 2374 3830 3944 3900; baseline 0.002 -18"><span class='ocrx_word' id='word_1_614' title='bbox 2374 3831 2516 3892; x_wconf 89' lang='grc' dir='ltr'>σοῦς,</span> <span class='ocrx_word' id='word_1_615' title='bbox 2547 3832 2765 3883; x_wconf 80' lang='grc' dir='ltr'>κάκεῖνο</span> <span class='ocrx_word' id='word_1_616' title='bbox 2788 3847 2800 3858; x_wconf 89' lang='grc'><strong>·</strong></span> <span class='ocrx_word' id='word_1_617' title='bbox 2834 3830 2975 3898; x_wconf 88' lang='grc' dir='ltr'>λέγω</span> <span class='ocrx_word' id='word_1_618' title='bbox 3013 3830 3068 3882; x_wconf 82' lang='grc' dir='ltr'>δὲ</span> <span class='ocrx_word' id='word_1_619' title='bbox 3101 3831 3161 3882; x_wconf 80' lang='grc' dir='ltr'>τὸ</span> <span class='ocrx_word' id='word_1_620' title='bbox 3192 3830 3330 3884; x_wconf 85' lang='grc' dir='ltr'><strong>κατά</strong></span> <span class='ocrx_word' id='word_1_621' title='bbox 3355 3832 3454 3900; x_wconf 81' lang='grc' dir='ltr'>τὴν</span> <span class='ocrx_word' id='word_1_622' title='bbox 3487 3831 3662 3896; x_wconf 78' lang='grc' dir='ltr'>πόλιν,</span> <span class='ocrx_word' id='word_1_623' title='bbox 3698 3835 3796 3885; x_wconf 80' lang='grc' dir='ltr'>καὶ</span> <span class='ocrx_word' id='word_1_624' title='bbox 3840 3836 3944 3886; x_wconf 68' lang='grc' dir='ltr'><strong>πᾶν</strong></span> 
     </span>
    </p>
   </div>
   <div class='ocr_carea' id='block_1_83' title="bbox 2371 3921 3945 3993">
    <p class='ocr_par' dir='ltr' id='par_1_83' title="bbox 2371 3921 3945 3993">
     <span class='ocr_line' id='line_1_83' title="bbox 2371 3921 3945 3993; baseline 0.001 -19"><span class='ocrx_word' id='word_1_625' title='bbox 2371 3924 2430 3976; x_wconf 84' lang='grc' dir='ltr'><strong>τὸ</strong></span> <span class='ocrx_word' id='word_1_626' title='bbox 2460 3923 2599 3977; x_wconf 83' lang='grc' dir='ltr'>κατὰ</span> <span class='ocrx_word' id='word_1_627' title='bbox 2629 3923 2689 3976; x_wconf 80' lang='grc' dir='ltr'>τὸ</span> <span class='ocrx_word' id='word_1_628' title='bbox 2729 3922 2898 3986; x_wconf 74' lang='grc' dir='ltr'>ἔθνος,</span> <span class='ocrx_word' id='word_1_629' title='bbox 2935 3923 3026 3976; x_wconf 79' lang='grc' dir='ltr'>καὶ</span> <span class='ocrx_word' id='word_1_630' title='bbox 3058 3922 3119 3975; x_wconf 77' lang='grc' dir='ltr'>τὸ</span> <span class='ocrx_word' id='word_1_631' title='bbox 3162 3921 3303 3976; x_wconf 82' lang='grc' dir='ltr'>κατὰ</span> <span class='ocrx_word' id='word_1_632' title='bbox 3343 3922 3442 3993; x_wconf 86' lang='grc' dir='ltr'><strong>τὴν</strong></span> <span class='ocrx_word' id='word_1_633' title='bbox 3486 3922 3693 3993; x_wconf 80' lang='grc' dir='ltr'>ἀθρόαν</span> <span class='ocrx_word' id='word_1_634' title='bbox 3737 3925 3945 3993; x_wconf 76' lang='grc' dir='ltr'>γένεσιν</span> 
     </span>
    </p>
   </div>
   <div class='ocr_carea' id='block_1_84' title="bbox 2371 4013 3943 4088">
    <p class='ocr_par' dir='ltr' id='par_1_84' title="bbox 2371 4013 3943 4088">
     <span class='ocr_line' id='line_1_84' title="bbox 2371 4013 3943 4088; baseline 0.001 -21"><span class='ocrx_word' id='word_1_635' title='bbox 2371 4015 2555 4079; x_wconf 81' lang='grc' dir='ltr'>ἔθνους</span> <span class='ocrx_word' id='word_1_636' title='bbox 2584 4015 2921 4088; x_wconf 77' lang='grc' dir='ltr'>Χριστιανῶν</span> <span class='ocrx_word' id='word_1_637' title='bbox 2952 4015 3190 4085; x_wconf 79' lang='grc' dir='ltr'>ὡσπερεὶ</span> <span class='ocrx_word' id='word_1_638' title='bbox 3216 4013 3494 4083; x_wconf 85' lang='grc' dir='ltr'>τεχθέντος</span> <span class='ocrx_word' id='word_1_639' title='bbox 3525 4013 3799 4079; x_wconf 71' lang='grc' dir='ltr'>εἰσάπαξ·</span> <span class='ocrx_word' id='word_1_640' title='bbox 3827 4035 3943 4069; x_wconf 80' lang='grc' dir='ltr'>και-</span> 
     </span>
    </p>
   </div>
   <div class='ocr_carea' id='block_1_85' title="bbox 2371 4099 3941 4171">
    <p class='ocr_par' dir='ltr' id='par_1_85' title="bbox 2371 4099 3941 4171">
     <span class='ocr_line' id='line_1_85' title="bbox 2371 4099 3941 4171; baseline -0.001 -15"><span class='ocrx_word' id='word_1_641' title='bbox 2371 4104 2457 4156; x_wconf 79' lang='grc' dir='ltr'>νὸν</span> <span class='ocrx_word' id='word_1_642' title='bbox 2501 4104 2556 4156; x_wconf 82' lang='grc' dir='ltr'>δὲ</span> <span class='ocrx_word' id='word_1_643' title='bbox 2587 4104 2690 4155; x_wconf 68' lang='grc' dir='ltr'>ικαὶ</span> <span class='ocrx_word' id='word_1_644' title='bbox 2732 4103 2793 4154; x_wconf 83' lang='grc' dir='ltr'><strong>τὸ</strong></span> <span class='ocrx_word' id='word_1_645' title='bbox 2819 4104 2944 4164; x_wconf 81' lang='grc' dir='ltr'>τοὺς</span> <span class='ocrx_word' id='word_1_646' title='bbox 2978 4099 3158 4165; x_wconf 82' lang='grc' dir='ltr'>ξένους</span> <span class='ocrx_word' id='word_1_647' title='bbox 3190 4101 3297 4153; x_wconf 90' lang='grc' dir='ltr'><strong>τῶν</strong></span> <span class='ocrx_word' id='word_1_648' title='bbox 3336 4099 3611 4171; x_wconf 83' lang='grc' dir='ltr'>διαθηκῶν</span> <span class='ocrx_word' id='word_1_649' title='bbox 3648 4101 3748 4154; x_wconf 87' lang='grc' dir='ltr'><strong>τοῦ</strong></span> <span class='ocrx_word' id='word_1_650' title='bbox 3793 4102 3941 4164; x_wconf 68' lang='grc' dir='ltr'>Θεοί,</span> 
     </span>
    </p>
   </div>
   <div class='ocr_carea' id='block_1_86' title="bbox 2371 4191 3943 4265">
    <p class='ocr_par' dir='ltr' id='par_1_86' title="bbox 2371 4191 3943 4265">
     <span class='ocr_line' id='line_1_86' title="bbox 2371 4191 3943 4265; baseline -0.001 -18"><span class='ocrx_word' id='word_1_651' title='bbox 2371 4195 2464 4247; x_wconf 77' lang='grc' dir='ltr'><strong>καὶ</strong></span> <span class='ocrx_word' id='word_1_652' title='bbox 2505 4193 2816 4264; x_wconf 81' lang='grc' dir='ltr'>ἀλλοτρίους</span> <span class='ocrx_word' id='word_1_653' title='bbox 2857 4193 2963 4245; x_wconf 90' lang='grc' dir='ltr'><strong>τῶν</strong></span> <span class='ocrx_word' id='word_1_654' title='bbox 3006 4191 3363 4260; x_wconf 76' lang='grc' dir='ltr'>ἐπαγγελιῶν,</span> <span class='ocrx_word' id='word_1_655' title='bbox 3408 4193 3532 4254; x_wconf 74' lang='grc' dir='ltr'>τοὺς</span> <span class='ocrx_word' id='word_1_656' title='bbox 3585 4195 3814 4265; x_wconf 78' lang='grc' dir='ltr'>μακρὰν</span> <span class='ocrx_word' id='word_1_657' title='bbox 3856 4196 3943 4263; x_wconf 70' lang='grc' dir='ltr'>τῆς</span> 
     </span>
    </p>
   </div>
   <div class='ocr_carea' id='block_1_87' title="bbox 2370 4283 3939 4356">
    <p class='ocr_par' dir='ltr' id='par_1_87' title="bbox 2370 4283 3939 4356">
     <span class='ocr_line' id='line_1_87' title="bbox 2370 4283 3939 4356; baseline -0.001 -18"><span class='ocrx_word' id='word_1_658' title='bbox 2370 4285 2658 4354; x_wconf 85' lang='grc' dir='ltr'>ἀληθείας,</span> <span class='ocrx_word' id='word_1_659' title='bbox 2705 4285 2929 4354; x_wconf 84' lang='grc' dir='ltr'>δυνάμει</span> <span class='ocrx_word' id='word_1_660' title='bbox 2977 4284 3081 4336; x_wconf 73' lang='grc' dir='ltr'>τινὶ</span> <span class='ocrx_word' id='word_1_661' title='bbox 3130 4283 3249 4354; x_wconf 77' lang='grc' dir='ltr'>θείᾳ</span> <span class='ocrx_word' id='word_1_662' title='bbox 3305 4283 3711 4355; x_wconf 82' lang='grc' dir='ltr'>παραδέχεσθαι</span> <span class='ocrx_word' id='word_1_663' title='bbox 3757 4287 3939 4356; x_wconf 68' lang='grc' dir='ltr'>αὑτήν.</span> 
     </span>
    </p>
   </div>
   <div class='ocr_carea' id='block_1_88' title="bbox 2371 4371 3939 4446">
    <p class='ocr_par' dir='ltr' id='par_1_88' title="bbox 2371 4371 3939 4446">
     <span class='ocr_line' id='line_1_88' title="bbox 2371 4371 3939 4446; baseline 0.001 -20"><span class='ocrx_word' id='word_1_664' title='bbox 2371 4375 2552 4428; x_wconf 90' lang='grc' dir='ltr'>Ταῦτα</span> <span class='ocrx_word' id='word_1_665' title='bbox 2584 4376 2638 4428; x_wconf 83' lang='grc' dir='ltr'><strong>δὲ</strong></span> <span class='ocrx_word' id='word_1_666' title='bbox 2667 4376 2766 4428; x_wconf 81' lang='grc' dir='ltr'><strong>οὐκ</strong></span> <span class='ocrx_word' id='word_1_667' title='bbox 2799 4373 3084 4446; x_wconf 77' lang='grc' dir='ltr'>ἀνθρώπου</span> <span class='ocrx_word' id='word_1_668' title='bbox 3117 4376 3311 4445; x_wconf 89' lang='grc' dir='ltr'>γόητος</span> <span class='ocrx_word' id='word_1_669' title='bbox 3344 4371 3432 4446; x_wconf 82' lang='grc' dir='ltr'>ἧν,</span> <span class='ocrx_word' id='word_1_670' title='bbox 3467 4374 3584 4428; x_wconf 79' lang='grc' dir='ltr'>ἀλλ’</span> <span class='ocrx_word' id='word_1_671' title='bbox 3619 4375 3766 4445; x_wconf 83' lang='grc' dir='ltr'>ἔργα</span> <span class='ocrx_word' id='word_1_672' title='bbox 3794 4376 3939 4428; x_wconf 73' lang='grc' dir='ltr'>Θεοῦ.</span> 
     </span>
    </p>
   </div>
   <div class='ocr_carea' id='block_1_89' title="bbox 2371 4464 3941 4536">
    <p class='ocr_par' dir='ltr' id='par_1_89' title="bbox 2371 4464 3941 4536">
     <span class='ocr_line' id='line_1_89' title="bbox 2371 4464 3941 4536; baseline -0.002 -18"><span class='ocrx_word' id='word_1_673' title='bbox 2371 4465 2680 4536; x_wconf 78' lang='grc' dir='ltr'>πέμψαντος</span> <span class='ocrx_word' id='word_1_674' title='bbox 2719 4466 2823 4519; x_wconf 89' lang='grc' dir='ltr'><strong>τῶν</strong></span> <span class='ocrx_word' id='word_1_675' title='bbox 2861 4465 3025 4519; x_wconf 79' lang='grc' dir='ltr'>αὑτοῦ</span> <span class='ocrx_word' id='word_1_676' title='bbox 3077 4465 3432 4534; x_wconf 82' lang='grc' dir='ltr'>ἀγγελμάτων</span> <span class='ocrx_word' id='word_1_677' title='bbox 3479 4464 3592 4535; x_wconf 76' lang='lat' dir='ltr'><strong>(Si)</strong></span> <span class='ocrx_word' id='word_1_678' title='bbox 3641 4465 3815 4518; x_wconf 75' lang='grc' dir='ltr'>ἕνεκα</span> <span class='ocrx_word' id='word_1_679' title='bbox 3861 4468 3941 4518; x_wconf 71' lang='grc' dir='ltr'><strong>τιν</strong></span> 
     </span>
    </p>
   </div>
   <div class='ocr_carea' id='block_1_90' title="bbox 709 4547 2270 4626">
    <p class='ocr_par' dir='ltr' id='par_1_90' title="bbox 709 4547 2258 4624">
     <span class='ocr_line' id='line_1_90' title="bbox 709 4547 2258 4624; baseline -0.005 -16"><span class='ocrx_word' id='word_1_680' title='bbox 709 4557 876 4624; x_wconf 87' lang='lat' dir='ltr'><strong>ipsius</strong></span> <span class='ocrx_word' id='word_1_681' title='bbox 910 4556 1166 4619; x_wconf 80' lang='lat' dir='ltr'><strong>Verbum,</strong></span> <span class='ocrx_word' id='word_1_682' title='bbox 1202 4554 1344 4622; x_wconf 84' lang='lat' dir='ltr'><strong>quod</strong></span> <span class='ocrx_word' id='word_1_683' title='bbox 1373 4554 1423 4606; x_wconf 93' lang='lat' dir='ltr'><strong>in</strong></span> <span class='ocrx_word' id='word_1_684' title='bbox 1456 4550 1581 4606; x_wconf 86' lang='lat' dir='ltr'><strong>Jesu</strong></span> <span class='ocrx_word' id='word_1_685' title='bbox 1622 4559 1760 4614; x_wconf 84' lang='lat' dir='ltr'><strong>erat,</strong></span> <span class='ocrx_word' id='word_1_686' title='bbox 1794 4549 1963 4613; x_wconf 84' lang='lat' dir='ltr'><strong>misit,</strong></span> <span class='ocrx_word' id='word_1_687' title='bbox 2001 4557 2060 4602; x_wconf 90' lang='lat' dir='ltr'><strong>ut</strong></span> <span class='ocrx_word' id='word_1_688' title='bbox 2093 4547 2258 4617; x_wconf 88' lang='lat' dir='ltr'><strong>ipsius</strong></span> 
     </span>
    </p>
   </div>
   <div class='ocr_carea' id='block_1_91' title="bbox 2373 4547 3942 4626">
    <p class='ocr_par' dir='ltr' id='par_1_91' title="bbox 2373 4552 3942 4626">
     <span class='ocr_line' id='line_1_91' title="bbox 2373 4552 3942 4626; baseline -0.001 -19"><span class='ocrx_word' id='word_1_689' title='bbox 2373 4555 2526 4609; x_wconf 81' lang='grc' dir='ltr'>ιύτοῦ</span> <span class='ocrx_word' id='word_1_690' title='bbox 2552 4557 2609 4608; x_wconf 84' lang='grc' dir='ltr'><strong>ἐν</strong></span> <span class='ocrx_word' id='word_1_691' title='bbox 2641 4555 2719 4626; x_wconf 85' lang='grc' dir='ltr'>τῷ</span> <span class='ocrx_word' id='word_1_692' title='bbox 2757 4553 2931 4624; x_wconf 85' lang='grc' dir='ltr'>Ἰησοῦ</span> <span class='ocrx_word' id='word_1_693' title='bbox 2949 4555 3148 4621; x_wconf 80' lang='grc' dir='ltr'>Λόγον·</span> <span class='ocrx_word' id='word_1_694' title='bbox 3184 4555 3330 4623; x_wconf 84' lang='grc' dir='ltr'>ὅμως</span> <span class='ocrx_word' id='word_1_695' title='bbox 3356 4552 3692 4606; x_wconf 87' lang='grc' dir='ltr'>κολασθέντα</span> <span class='ocrx_word' id='word_1_696' title='bbox 3731 4555 3846 4625; x_wconf 73' lang='grc'>(59.)</span> <span class='ocrx_word' id='word_1_697' title='bbox 3875 4556 3942 4616; x_wconf 74' lang='grc' dir='ltr'>ὡς</span> 
     </span>
    </p>
   </div>
   <div class='ocr_carea' id='block_1_92' title="bbox 707 4636 2266 4709">
    <p class='ocr_par' dir='ltr' id='par_1_92' title="bbox 707 4636 2266 4709">
     <span class='ocr_line' id='line_1_92' title="bbox 707 4636 2266 4709; baseline -0.007 -8"><span class='ocrx_word' id='word_1_698' title='bbox 707 4648 954 4701; x_wconf 78' lang='lat' dir='ltr'><strong>mndata</strong></span> <span class='ocrx_word' id='word_1_699' title='bbox 988 4636 1353 4700; x_wconf 87' lang='lat' dir='ltr'><strong>annuntiaret.</strong></span> <span class='ocrx_word' id='word_1_700' title='bbox 1387 4643 1539 4709; x_wconf 87' lang='lat' dir='ltr'><strong>Quod</strong></span> <span class='ocrx_word' id='word_1_701' title='bbox 1560 4641 1646 4695; x_wconf 90' lang='lat' dir='ltr'><strong>hic</strong></span> <span class='ocrx_word' id='word_1_702' title='bbox 1677 4655 1815 4694; x_wconf 67' lang='lat' dir='ltr'><strong>saeva</strong></span> <span class='ocrx_word' id='word_1_703' title='bbox 1848 4637 2108 4708; x_wconf 86' lang='lat' dir='ltr'><strong>supplicia</strong></span> <span class='ocrx_word' id='word_1_704' title='bbox 2141 4653 2266 4707; x_wconf 90' lang='lat' dir='ltr'><strong>pas-</strong></span> 
     </span>
    </p>
   </div>
   <div class='ocr_carea' id='block_1_93' title="bbox 707 4731 2262 4806">
    <p class='ocr_par' dir='ltr' id='par_1_93' title="bbox 707 4731 2262 4806">
     <span class='ocr_line' id='line_1_93' title="bbox 707 4731 2262 4806; baseline -0.006 -15"><span class='ocrx_word' id='word_1_705' title='bbox 707 4753 797 4791; x_wconf 84' lang='lat' dir='ltr'><strong>sus</strong></span> <span class='ocrx_word' id='word_1_706' title='bbox 823 4747 906 4791; x_wconf 89' lang='lat' dir='ltr'><strong>cst</strong></span> <span class='ocrx_word' id='word_1_707' title='bbox 930 4737 1344 4806; x_wconf 79' lang='lat' dir='ltr'><strong>generosissitue</strong></span> <span class='ocrx_word' id='word_1_708' title='bbox 1377 4744 1430 4788; x_wconf 89' lang='lat' dir='ltr'><strong>et</strong></span> <span class='ocrx_word' id='word_1_709' title='bbox 1482 4732 1938 4795; x_wconf 84' lang='lat' dir='ltr'><strong>mansuetissime,</strong></span> <span class='ocrx_word' id='word_1_710' title='bbox 1971 4731 2022 4784; x_wconf 89' lang='lat' dir='ltr'><strong>id</strong></span> <span class='ocrx_word' id='word_1_711' title='bbox 2049 4731 2262 4799; x_wconf 88' lang='lat' dir='ltr'><strong>quidem</strong></span> 
     </span>
    </p>
   </div>
   <div class='ocr_carea' id='block_1_94' title="bbox 706 4822 2266 4895">
    <p class='ocr_par' dir='ltr' id='par_1_94' title="bbox 706 4822 2266 4895">
     <span class='ocr_line' id='line_1_94' title="bbox 706 4822 2266 4895; baseline -0.004 -15"><span class='ocrx_word' id='word_1_712' title='bbox 706 4843 914 4891; x_wconf 86' lang='lat' dir='ltr'><strong>eorum,</strong></span> <span class='ocrx_word' id='word_1_713' title='bbox 950 4828 1040 4895; x_wconf 90' lang='lat' dir='ltr'><strong>qui</strong></span> <span class='ocrx_word' id='word_1_714' title='bbox 1078 4842 1198 4880; x_wconf 90' lang='lat' dir='ltr'><strong>eum</strong></span> <span class='ocrx_word' id='word_1_715' title='bbox 1234 4824 1426 4892; x_wconf 86' lang='lat' dir='ltr'><strong>injuste</strong></span> <span class='ocrx_word' id='word_1_716' title='bbox 1453 4825 1857 4886; x_wconf 80' lang='lat' dir='ltr'><strong>cruciaverunt,</strong></span> <span class='ocrx_word' id='word_1_717' title='bbox 1881 4822 2266 4889; x_wconf 80' lang='lat' dir='ltr'><strong>arguitcrudc-</strong></span> 
     </span>
    </p>
   </div>
   <div class='ocr_carea' id='block_1_95' title="bbox 708 4910 2266 4982">
    <p class='ocr_par' dir='ltr' id='par_1_95' title="bbox 708 4910 2266 4982">
     <span class='ocr_line' id='line_1_95' title="bbox 708 4910 2266 4982; baseline -0.004 -14"><span class='ocrx_word' id='word_1_718' title='bbox 708 4918 930 4982; x_wconf 87' lang='lat' dir='ltr'><strong>litatem,</strong></span> <span class='ocrx_word' id='word_1_719' title='bbox 961 4915 1054 4968; x_wconf 88' lang='lat' dir='ltr'><strong>sed</strong></span> <span class='ocrx_word' id='word_1_720' title='bbox 1085 4915 1198 4967; x_wconf 78' lang='lat' dir='ltr'><strong>haec</strong></span> <span class='ocrx_word' id='word_1_721' title='bbox 1217 4913 1602 4981; x_wconf 87' lang='lat' dir='ltr'><strong>suppliciorum</strong></span> <span class='ocrx_word' id='word_1_722' title='bbox 1629 4912 1906 4980; x_wconf 87' lang='lat' dir='ltr'><strong>perpessio</strong></span> <span class='ocrx_word' id='word_1_723' title='bbox 1932 4910 2022 4964; x_wconf 90' lang='lat' dir='ltr'><strong>Dei</strong></span> <span class='ocrx_word' id='word_1_724' title='bbox 2044 4911 2266 4963; x_wconf 85' lang='lat' dir='ltr'><strong>manda-</strong></span> 
     </span>
    </p>
   </div>
   <div class='ocr_carea' id='block_1_96' title="bbox 708 5003 2263 5078">
    <p class='ocr_par' dir='ltr' id='par_1_96' title="bbox 708 5003 2263 5078">
     <span class='ocr_line' id='line_1_96' title="bbox 708 5003 2263 5078; baseline -0.003 -17"><span class='ocrx_word' id='word_1_725' title='bbox 708 5009 777 5062; x_wconf 81' lang='lat' dir='ltr'><strong>tis</strong></span> <span class='ocrx_word' id='word_1_726' title='bbox 804 5007 1096 5078; x_wconf 87' lang='lat' dir='ltr'><strong>perniciem</strong></span> <span class='ocrx_word' id='word_1_727' title='bbox 1129 5020 1234 5059; x_wconf 91' lang='lat' dir='ltr'><strong>non</strong></span> <span class='ocrx_word' id='word_1_728' title='bbox 1272 5004 1472 5068; x_wconf 85' lang='lat' dir='ltr'><strong>attulit,</strong></span> <span class='ocrx_word' id='word_1_729' title='bbox 1507 5003 1599 5058; x_wconf 88' lang='lat' dir='ltr'><strong>sed</strong></span> <span class='ocrx_word' id='word_1_730' title='bbox 1641 5003 1755 5068; x_wconf 90' lang='lat' dir='ltr'><strong>illa,</strong></span> <span class='ocrx_word' id='word_1_731' title='bbox 1786 5014 1844 5059; x_wconf 91' lang='lat' dir='ltr'><strong>ut</strong></span> <span class='ocrx_word' id='word_1_732' title='bbox 1877 5005 1950 5057; x_wconf 89' lang='lat' dir='ltr'><strong>ita</strong></span> <span class='ocrx_word' id='word_1_733' title='bbox 1977 5005 2184 5073; x_wconf 88' lang='lat' dir='ltr'><strong>loquar,</strong></span> <span class='ocrx_word' id='word_1_734' title='bbox 2210 5004 2263 5056; x_wconf 90' lang='lat' dir='ltr'><strong>in</strong></span> 
     </span>
    </p>
   </div>
   <div class='ocr_carea' id='block_1_97' title="bbox 776 5139 1294 5206">
    <p class='ocr_par' dir='ltr' id='par_1_97' title="bbox 776 5139 1294 5206">
     <span class='ocr_line' id='line_1_97' title="bbox 776 5139 1294 5206; baseline -0.004 -11"><span class='ocrx_word' id='word_1_735' title='bbox 776 5141 822 5174; x_wconf 75' lang='grc'><strong>⁸⁸</strong></span> <span class='ocrx_word' id='word_1_736' title='bbox 856 5141 985 5195; x_wconf 87' lang='lat' dir='ltr'><strong>Luc.</strong></span> <span class='ocrx_word' id='word_1_737' title='bbox 1009 5155 1165 5206; x_wconf 77' lang='lat' dir='ltr'><strong>nul,</strong></span> <span class='ocrx_word' id='word_1_738' title='bbox 1201 5139 1294 5194; x_wconf 75' lang='lat'><strong>2|.</strong></span> 
     </span>
    </p>
   </div>
   <div class='ocr_carea' id='block_1_98' title="bbox 774 5249 1957 5323">
    <p class='ocr_par' dir='ltr' id='par_1_98' title="bbox 774 5249 1957 5323">
     <span class='ocr_line' id='line_1_98' title="bbox 774 5249 1957 5323; baseline -0.001 -18"><span class='ocrx_word' id='word_1_739' title='bbox 774 5250 885 5323; x_wconf 74' lang='grc'>(46)</span> <span class='ocrx_word' id='word_1_740' title='bbox 927 5251 1261 5307; x_wconf 72' lang='lat' dir='ltr'><strong>Hceschelius</strong></span> <span class='ocrx_word' id='word_1_741' title='bbox 1294 5252 1346 5305; x_wconf 91' lang='lat' dir='ltr'><strong>iu</strong></span> <span class='ocrx_word' id='word_1_742' title='bbox 1383 5249 1554 5323; x_wconf 72' lang='lat' dir='ltr'><strong>textu,</strong></span> <span class='ocrx_word' id='word_1_743' title='bbox 1583 5252 1658 5314; x_wconf 87' lang='grc' dir='ltr'>ὼς</span> <span class='ocrx_word' id='word_1_744' title='bbox 1685 5251 1845 5304; x_wconf 78' lang='grc' dir='ltr'>αὐτόν</span> <span class='ocrx_word' id='word_1_745' title='bbox 1869 5267 1957 5318; x_wconf 85' lang='grc' dir='ltr'><strong>γε.</strong></span> 
     </span>
    </p>
   </div>
   <div class='ocr_carea' id='block_1_99' title="bbox 771 5322 1649 5418">
    <p class='ocr_par' dir='ltr' id='par_1_99' title="bbox 771 5322 1649 5418">
     <span class='ocr_line' id='line_1_99' title="bbox 771 5322 1649 5418; baseline 0 -44"><span class='ocrx_word' id='word_1_746' title='bbox 930 5323 1072 5418; x_wconf 57' lang='lat' dir='ltr'><strong>Idem</strong></span> <span class='ocrx_word' id='word_1_747' title='bbox 1099 5324 1151 5401; x_wconf 75' lang='lat' dir='ltr'><strong>in</strong></span> <span class='ocrx_word' id='word_1_748' title='bbox 1180 5331 1353 5418; x_wconf 65' lang='lat' dir='ltr'><strong>textu,</strong></span> <span class='ocrx_word' id='word_1_749' title='bbox 1378 5322 1649 5418; x_wconf 47' lang='grc' dir='ltr'>(παρόντα.</span> 
     </span>
    </p>
   </div>
   <div class='ocr_carea' id='block_1_100' title="bbox 779 5389 1647 5460">
    <p class='ocr_par' dir='ltr' id='par_1_100' title="bbox 779 5389 1647 5460">
     <span class='ocr_line' id='line_1_100' title="bbox 779 5389 1647 5460; baseline -0.002 -16"><span class='ocrx_word' id='word_1_750' title='bbox 779 5389 889 5460; x_wconf 70' lang='grc' dir='ltr'>με)</span> <span class='ocrx_word' id='word_1_751' title='bbox 929 5389 1070 5460; x_wconf 84' lang='lat' dir='ltr'><strong>Idem</strong></span> <span class='ocrx_word' id='word_1_752' title='bbox 1098 5391 1149 5442; x_wconf 90' lang='lat' dir='ltr'><strong>in</strong></span> <span class='ocrx_word' id='word_1_753' title='bbox 1180 5401 1347 5452; x_wconf 75' lang='lat' dir='ltr'><strong>textu,</strong></span> <span class='ocrx_word' id='word_1_754' title='bbox 1378 5389 1647 5460; x_wconf 76' lang='grc' dir='ltr'>θειότητα.</span> 
     </span>
    </p>
   </div>
   <div class='ocr_carea' id='block_1_101' title="bbox 775 5458 2261 5527">
    <p class='ocr_par' dir='ltr' id='par_1_101' title="bbox 775 5458 2261 5527">
     <span class='ocr_line' id='line_1_101' title="bbox 775 5458 2261 5527; baseline 0 -13"><span class='ocrx_word' id='word_1_755' title='bbox 775 5458 889 5527; x_wconf 74' lang='grc'>(49)</span> <span class='ocrx_word' id='word_1_756' title='bbox 928 5458 1037 5511; x_wconf 74' lang='grc' dir='ltr'><strong>Καὶ</strong></span> <span class='ocrx_word' id='word_1_757' title='bbox 1083 5458 1582 5527; x_wconf 80' lang='grc' dir='ltr'>προὺτιμήσαντὸ.</span> <span class='ocrx_word' id='word_1_758' title='bbox 1623 5459 1728 5512; x_wconf 79' lang='grc' dir='ltr'>Καί</span> <span class='ocrx_word' id='word_1_759' title='bbox 1783 5461 1929 5513; x_wconf 83' lang='lat' dir='ltr'><strong>deest</strong></span> <span class='ocrx_word' id='word_1_760' title='bbox 1995 5459 2047 5510; x_wconf 87' lang='lat' dir='ltr'><strong>in</strong></span> <span class='ocrx_word' id='word_1_761' title='bbox 2102 5467 2261 5514; x_wconf 84' lang='lat' dir='ltr'><strong>antea</strong></span> 
     </span>
    </p>
   </div>
   <div class='ocr_carea' id='block_1_102' title="bbox 698 5528 2263 5594">
    <p class='ocr_par' dir='ltr' id='par_1_102' title="bbox 698 5528 2263 5594">
     <span class='ocr_line' id='line_1_102' title="bbox 698 5528 2263 5594; baseline -0.001 -10"><span class='ocrx_word' id='word_1_762' title='bbox 698 5533 862 5592; x_wconf 77' lang='lat' dir='ltr'><strong>edit.,</strong></span> <span class='ocrx_word' id='word_1_763' title='bbox 891 5529 986 5582; x_wconf 86' lang='lat' dir='ltr'><strong>sed</strong></span> <span class='ocrx_word' id='word_1_764' title='bbox 1023 5529 1073 5580; x_wconf 89' lang='lat' dir='ltr'><strong>in</strong></span> <span class='ocrx_word' id='word_1_765' title='bbox 1123 5544 1294 5594; x_wconf 73' lang='lat' dir='ltr'><strong>marg.</strong></span> <span class='ocrx_word' id='word_1_766' title='bbox 1337 5531 1539 5582; x_wconf 89' lang='lat' dir='ltr'><strong>codicis</strong></span> <span class='ocrx_word' id='word_1_767' title='bbox 1570 5528 1766 5582; x_wconf 80' lang='lat' dir='ltr'><strong>Joliani</strong></span> <span class='ocrx_word' id='word_1_768' title='bbox 1804 5530 2126 5580; x_wconf 80' lang='lat' dir='ltr'><strong>restituitur.</strong></span> <span class='ocrx_word' id='word_1_769' title='bbox 2157 5529 2263 5583; x_wconf 86' lang='lat' dir='ltr'><strong>Bo-</strong></span> 
     </span>
    </p>
   </div>
   <div class='ocr_carea' id='block_1_103' title="bbox 700 5597 2086 5668">
    <p class='ocr_par' dir='ltr' id='par_1_103' title="bbox 700 5597 2086 5668">
     <span class='ocr_line' id='line_1_103' title="bbox 700 5597 2086 5668; baseline -0.003 -16"><span class='ocrx_word' id='word_1_770' title='bbox 700 5600 911 5656; x_wconf 57' lang='lat' dir='ltr'><strong>terello</strong></span> <span class='ocrx_word' id='word_1_771' title='bbox 942 5601 1156 5665; x_wconf 84' lang='lat' dir='ltr'><strong>insuper</strong></span> <span class='ocrx_word' id='word_1_772' title='bbox 1185 5600 1393 5668; x_wconf 74' lang='lat' dir='ltr'><strong>legend.</strong></span> <span class='ocrx_word' id='word_1_773' title='bbox 1422 5601 1632 5652; x_wconf 87' lang='lat' dir='ltr'><strong>videtur</strong></span> <span class='ocrx_word' id='word_1_774' title='bbox 1658 5597 2086 5668; x_wconf 81' lang='grc' dir='ltr'>προύτιμήσατο.</span> 
     </span>
    </p>
   </div>
   <div class='ocr_carea' id='block_1_104' title="bbox 771 5664 2262 5735">
    <p class='ocr_par' dir='ltr' id='par_1_104' title="bbox 771 5664 2262 5735">
     <span class='ocr_line' id='line_1_104' title="bbox 771 5664 2262 5735; baseline 0 -14"><span class='ocrx_word' id='word_1_775' title='bbox 771 5669 884 5735; x_wconf 83' lang='grc'>(50)</span> <span class='ocrx_word' id='word_1_776' title='bbox 922 5664 1358 5733; x_wconf 77' lang='grc' dir='ltr'>Σταυρωθῆναι.</span> <span class='ocrx_word' id='word_1_777' title='bbox 1400 5669 1452 5718; x_wconf 95' lang='lat' dir='ltr'><strong>Id</strong></span> <span class='ocrx_word' id='word_1_778' title='bbox 1493 5664 1827 5720; x_wconf 75' lang='lat' dir='ltr'><strong>desideratur</strong></span> <span class='ocrx_word' id='word_1_779' title='bbox 1861 5664 2105 5720; x_wconf 40' lang='lat' dir='ltr'><strong>in&#39;antea</strong></span> <span class='ocrx_word' id='word_1_780' title='bbox 2151 5668 2262 5722; x_wconf 90' lang='lat' dir='ltr'><strong>edi-</strong></span> 
     </span>
    </p>
   </div>
   <div class='ocr_carea' id='block_1_105' title="bbox 703 5735 1769 5804">
    <p class='ocr_par' dir='ltr' id='par_1_105' title="bbox 703 5735 1769 5804">
     <span class='ocr_line' id='line_1_105' title="bbox 703 5735 1769 5804; baseline -0.003 -12"><span class='ocrx_word' id='word_1_781' title='bbox 703 5736 798 5797; x_wconf 72' lang='lat' dir='ltr'><strong>tis,</strong></span> <span class='ocrx_word' id='word_1_782' title='bbox 835 5737 927 5790; x_wconf 88' lang='lat' dir='ltr'><strong>sed</strong></span> <span class='ocrx_word' id='word_1_783' title='bbox 956 5739 1231 5804; x_wconf 86' lang='lat' dir='ltr'><strong>suppletur</strong></span> <span class='ocrx_word' id='word_1_784' title='bbox 1256 5749 1286 5787; x_wconf 88' lang='lat' dir='ltr'><strong>e</strong></span> <span class='ocrx_word' id='word_1_785' title='bbox 1319 5735 1769 5789; x_wconf 78' lang='lat' dir='ltr'><strong>codice‘Joliano.</strong></span> 
     </span>
    </p>
   </div>
   <div class='ocr_carea' id='block_1_106' title="bbox 770 5803 2263 5881">
    <p class='ocr_par' dir='ltr' id='par_1_106' title="bbox 770 5803 2263 5881">
     <span class='ocr_line' id='line_1_106' title="bbox 770 5803 2263 5881; baseline 0 -23"><span class='ocrx_word' id='word_1_786' title='bbox 770 5805 884 5879; x_wconf 72' lang='lat'><strong>(51)</strong></span> <span class='ocrx_word' id='word_1_787' title='bbox 913 5803 1250 5881; x_wconf 39' lang='lat' dir='ltr'><strong>Mssgrecte,</strong></span> <span class='ocrx_word' id='word_1_788' title='bbox 1280 5804 1653 5881; x_wconf 69' lang='grc' dir='ltr'>ἀγγελμάτων.</span> <span class='ocrx_word' id='word_1_789' title='bbox 1699 5803 2062 5874; x_wconf 74' lang='lat' dir='ltr'><strong>Htrscbelius,</strong></span> <span class='ocrx_word' id='word_1_790' title='bbox 2105 5805 2263 5875; x_wconf 76' lang='grc' dir='ltr'>ἀγελ-</span> 
     </span>
    </p>
   </div>
   <div class='ocr_carea' id='block_1_107' title="bbox 2368 4644 3940 4718">
    <p class='ocr_par' dir='ltr' id='par_1_107' title="bbox 2368 4644 3940 4718">
     <span class='ocr_line' id='line_1_107' title="bbox 2368 4644 3940 4718; baseline 0.001 -19"><span class='ocrx_word' id='word_1_791' title='bbox 2368 4648 2465 4718; x_wconf 86' lang='grc' dir='ltr'>τὴν</span> <span class='ocrx_word' id='word_1_792' title='bbox 2493 4648 2749 4716; x_wconf 78' lang='grc' dir='ltr'>ὡμότητα</span> <span class='ocrx_word' id='word_1_793' title='bbox 2780 4644 3200 4715; x_wconf 84' lang='grc' dir='ltr'>κατηγορεῖσθαι</span> <span class='ocrx_word' id='word_1_794' title='bbox 3229 4644 3334 4708; x_wconf 86' lang='grc' dir='ltr'><strong>τῶν</strong></span> <span class='ocrx_word' id='word_1_795' title='bbox 3360 4644 3558 4707; x_wconf 80' lang='grc' dir='ltr'>ἀδίκως</span> <span class='ocrx_word' id='word_1_796' title='bbox 3589 4646 3762 4699; x_wconf 77' lang='grc' dir='ltr'>αὑτὸν</span> <span class='ocrx_word' id='word_1_797' title='bbox 3793 4647 3940 4700; x_wconf 74' lang='grc' dir='ltr'>κολα-</span> 
     </span>
    </p>
   </div>
   <div class='ocr_carea' id='block_1_108' title="bbox 2369 4733 3938 4805">
    <p class='ocr_par' dir='ltr' id='par_1_108' title="bbox 2369 4733 3938 4805">
     <span class='ocr_line' id='line_1_108' title="bbox 2369 4733 3938 4805; baseline 0.001 -17"><span class='ocrx_word' id='word_1_798' title='bbox 2369 4737 2594 4798; x_wconf 87' lang='grc' dir='ltr'>σάντων,</span> <span class='ocrx_word' id='word_1_799' title='bbox 2613 4738 2705 4788; x_wconf 70' lang='grc' dir='ltr'>καὶ</span> <span class='ocrx_word' id='word_1_800' title='bbox 2720 4735 3068 4805; x_wconf 85' lang='grc' dir='ltr'>ἀνδρειότατα</span> <span class='ocrx_word' id='word_1_801' title='bbox 3088 4733 3454 4803; x_wconf 81' lang='grc' dir='ltr'>ὑπομείναντα</span> <span class='ocrx_word' id='word_1_802' title='bbox 3475 4733 3568 4786; x_wconf 76' lang='grc' dir='ltr'><strong>καὶ</strong></span> <span class='ocrx_word' id='word_1_803' title='bbox 3595 4737 3740 4805; x_wconf 81' lang='grc' dir='ltr'><strong>μετά</strong></span> <span class='ocrx_word' id='word_1_804' title='bbox 3768 4738 3938 4802; x_wconf 61' lang='lat' dir='ltr'><strong>“xi-37,;</strong></span> 
     </span>
    </p>
   </div>
   <div class='ocr_carea' id='block_1_109' title="bbox 2367 4824 3934 4896">
    <p class='ocr_par' dir='ltr' id='par_1_109' title="bbox 2367 4824 3934 4896">
     <span class='ocr_line' id='line_1_109' title="bbox 2367 4824 3934 4896; baseline -0.003 -18"><span class='ocrx_word' id='word_1_805' title='bbox 2367 4827 2701 4896; x_wconf 82' lang='grc' dir='ltr'>πραότητος·</span> <span class='ocrx_word' id='word_1_806' title='bbox 2737 4826 2797 4877; x_wconf 88' lang='grc' dir='ltr'><strong>οὐ</strong></span> <span class='ocrx_word' id='word_1_807' title='bbox 2829 4824 3097 4896; x_wconf 87' lang='grc' dir='ltr'>διέφθειρε</span> <span class='ocrx_word' id='word_1_808' title='bbox 3123 4825 3179 4877; x_wconf 84' lang='grc' dir='ltr'>δὲ</span> <span class='ocrx_word' id='word_1_809' title='bbox 3214 4827 3247 4894; x_wconf 85' lang='grc' dir='ltr'>ἠ</span> <span class='ocrx_word' id='word_1_810' title='bbox 3279 4824 3497 4888; x_wconf 85' lang='grc' dir='ltr'>κόλασις</span> <span class='ocrx_word' id='word_1_811' title='bbox 3528 4826 3700 4878; x_wconf 80' lang='grc' dir='ltr'>αὑτοῦ</span> <span class='ocrx_word' id='word_1_812' title='bbox 3751 4829 3820 4878; x_wconf 85' lang='grc' dir='ltr'><strong>τά</strong></span> <span class='ocrx_word' id='word_1_813' title='bbox 3854 4824 3934 4876; x_wconf 72' lang='grc' dir='ltr'><strong>τοῦ</strong></span> 
     </span>
    </p>
   </div>
   <div class='ocr_carea' id='block_1_110' title="bbox 2366 4915 3936 4986">
    <p class='ocr_par' dir='ltr' id='par_1_110' title="bbox 2366 4915 3936 4986">
     <span class='ocr_line' id='line_1_110' title="bbox 2366 4915 3936 4986; baseline -0.002 -17"><span class='ocrx_word' id='word_1_814' title='bbox 2366 4916 2500 4969; x_wconf 88' lang='grc' dir='ltr'>Θεοῦ</span> <span class='ocrx_word' id='word_1_815' title='bbox 2546 4916 2884 4986; x_wconf 82' lang='grc' dir='ltr'>ἀγγέλματα,</span> <span class='ocrx_word' id='word_1_816' title='bbox 2927 4915 3067 4981; x_wconf 82' lang='grc' dir='ltr'>ἀλλ’,</span> <span class='ocrx_word' id='word_1_817' title='bbox 3093 4918 3142 4968; x_wconf 88' lang='grc' dir='ltr'>εἱ</span> <span class='ocrx_word' id='word_1_818' title='bbox 3179 4916 3260 4968; x_wconf 88' lang='grc' dir='ltr'><strong>δεῖ</strong></span> <span class='ocrx_word' id='word_1_819' title='bbox 3307 4915 3477 4979; x_wconf 78' lang='grc' dir='ltr'>οὕτως</span> <span class='ocrx_word' id='word_1_820' title='bbox 3522 4915 3823 4986; x_wconf 78' lang='grc' dir='ltr'>ὀνομάσαι,</span> <span class='ocrx_word' id='word_1_821' title='bbox 3868 4917 3936 4975; x_wconf 67' lang='lat' dir='ltr'><strong>si;</strong></span> 
     </span>
    </p>
   </div>
   <div class='ocr_carea' id='block_1_111' title="bbox 2366 5005 3935 5073">
    <p class='ocr_par' dir='ltr' id='par_1_111' title="bbox 2366 5005 3935 5073">
     <span class='ocr_line' id='line_1_111' title="bbox 2366 5005 3935 5073; baseline -0.001 -17"><span class='ocrx_word' id='word_1_822' title='bbox 2366 5005 2564 5071; x_wconf 85' lang='grc' dir='ltr'>γνῶσιν</span> <span class='ocrx_word' id='word_1_823' title='bbox 2606 5005 2716 5073; x_wconf 62' lang='grc'>(55)</span> <span class='ocrx_word' id='word_1_824' title='bbox 2757 5005 2894 5059; x_wconf 82' lang='grc' dir='ltr'><strong>αὐτά</strong></span> <span class='ocrx_word' id='word_1_825' title='bbox 2931 5006 3135 5072; x_wconf 65' lang='grc' dir='ltr'>ἤγαγεν</span> <span class='ocrx_word' id='word_1_826' title='bbox 3158 5022 3170 5035; x_wconf 94' lang='grc'><strong>·</strong></span> <span class='ocrx_word' id='word_1_827' title='bbox 3205 5006 3278 5069; x_wconf 86' lang='grc' dir='ltr'>ὡς</span> <span class='ocrx_word' id='word_1_828' title='bbox 3321 5006 3415 5058; x_wconf 74' lang='grc' dir='ltr'>καὶ</span> <span class='ocrx_word' id='word_1_829' title='bbox 3449 5005 3617 5068; x_wconf 80' lang='grc' dir='ltr'>αὐτὸς</span> <span class='ocrx_word' id='word_1_830' title='bbox 3649 5005 3935 5070; x_wconf 78' lang='grc' dir='ltr'>ἐδίδαξενό</span> 
     </span>
    </p>
   </div>
   <div class='ocr_carea' id='block_1_112' title="bbox 2370 5248 3290 5319">
    <p class='ocr_par' dir='ltr' id='par_1_112' title="bbox 2370 5248 3290 5319">
     <span class='ocr_line' id='line_1_112' title="bbox 2370 5248 3290 5319; baseline -0.005 -15"><span class='ocrx_word' id='word_1_831' title='bbox 2370 5266 2571 5319; x_wconf 81' lang='grc' dir='ltr'>μάτων,</span> <span class='ocrx_word' id='word_1_832' title='bbox 2606 5249 2932 5317; x_wconf 88' lang='lat' dir='ltr'><strong>Spencerus,</strong></span> <span class='ocrx_word' id='word_1_833' title='bbox 2961 5248 3290 5316; x_wconf 84' lang='grc' dir='ltr'>ἀγαλμάτων</span> 
     </span>
    </p>
   </div>
   <div class='ocr_carea' id='block_1_113' title="bbox 2437 5310 3930 5390">
    <p class='ocr_par' dir='ltr' id='par_1_113' title="bbox 2437 5310 3930 5390">
     <span class='ocr_line' id='line_1_113' title="bbox 2437 5310 3930 5390; baseline 0.001 -19"><span class='ocrx_word' id='word_1_834' title='bbox 2437 5310 2772 5390; x_wconf 54' lang='grc' dir='ltr'><strong>(52)’Ὅξιιως</strong></span> <span class='ocrx_word' id='word_1_835' title='bbox 2815 5310 3204 5390; x_wconf 63' lang='grc' dir='ltr'>κολασθέντα,</span> <span class='ocrx_word' id='word_1_836' title='bbox 3248 5328 3353 5369; x_wconf 90' lang='lat' dir='ltr'><strong>etc.</strong></span> <span class='ocrx_word' id='word_1_837' title='bbox 3387 5313 3462 5390; x_wconf 67' lang='lat' dir='ltr'><strong>Ita</strong></span> <span class='ocrx_word' id='word_1_838' title='bbox 3508 5310 3673 5390; x_wconf 69' lang='lat' dir='ltr'><strong>codd.</strong></span> <span class='ocrx_word' id='word_1_839' title='bbox 3716 5311 3930 5390; x_wconf 59' lang='grc' dir='ltr'>βοείας.</span> 
     </span>
    </p>
   </div>
   <div class='ocr_carea' id='block_1_114' title="bbox 2367 5382 3933 5454">
    <p class='ocr_par' dir='ltr' id='par_1_114' title="bbox 2367 5382 3933 5454">
     <span class='ocr_line' id='line_1_114' title="bbox 2367 5382 3933 5454; baseline -0.005 -13"><span class='ocrx_word' id='word_1_840' title='bbox 2367 5382 2686 5444; x_wconf 66' lang='grc' dir='ltr'>Βυὲίιιὲθιιεῖε</span> <span class='ocrx_word' id='word_1_841' title='bbox 2726 5382 2780 5439; x_wconf 86' lang='lat' dir='ltr'><strong>et</strong></span> <span class='ocrx_word' id='word_1_842' title='bbox 2838 5386 3123 5440; x_wconf 80' lang='lat' dir='ltr'><strong>Vaticanus</strong></span> <span class='ocrx_word' id='word_1_843' title='bbox 3172 5399 3396 5454; x_wconf 86' lang='lat' dir='ltr'><strong>quorum</strong></span> <span class='ocrx_word' id='word_1_844' title='bbox 3448 5382 3642 5442; x_wconf 85' lang='lat' dir='ltr'><strong>lectio.</strong></span> <span class='ocrx_word' id='word_1_845' title='bbox 3695 5384 3746 5437; x_wconf 85' lang='lat' dir='ltr'><strong>si</strong></span> <span class='ocrx_word' id='word_1_846' title='bbox 3798 5385 3933 5452; x_wconf 74' lang='grc' dir='ltr'>ὅμως</span> 
     </span>
    </p>
   </div>
   <div class='ocr_carea' id='block_1_115' title="bbox 2366 5453 3932 5525">
    <p class='ocr_par' dir='ltr' id='par_1_115' title="bbox 2366 5453 3932 5525">
     <span class='ocr_line' id='line_1_115' title="bbox 2366 5453 3932 5525; baseline -0.004 -14"><span class='ocrx_word' id='word_1_847' title='bbox 2366 5468 2602 5511; x_wconf 84' lang='lat' dir='ltr'><strong>mutetur</strong></span> <span class='ocrx_word' id='word_1_848' title='bbox 2633 5459 2684 5508; x_wconf 90' lang='lat' dir='ltr'><strong>in</strong></span> <span class='ocrx_word' id='word_1_849' title='bbox 2724 5454 2909 5525; x_wconf 83' lang='grc' dir='ltr'>ὠμῶς,</span> <span class='ocrx_word' id='word_1_850' title='bbox 2939 5457 3126 5525; x_wconf 83' lang='lat' dir='ltr'><strong>melior</strong></span> <span class='ocrx_word' id='word_1_851' title='bbox 3149 5453 3388 5525; x_wconf 30' lang='lat' dir='ltr'><strong>videtur‘</strong></span> <span class='ocrx_word' id='word_1_852' title='bbox 3413 5453 3583 5525; x_wconf 80' lang='lat' dir='ltr'><strong>altera</strong></span> <span class='ocrx_word' id='word_1_853' title='bbox 3611 5465 3793 5525; x_wconf 85' lang='lat' dir='ltr'><strong>quam</strong></span> <span class='ocrx_word' id='word_1_854' title='bbox 3819 5470 3932 5525; x_wconf 56' lang='grc' dir='ltr'>ιπη-</span> 
     </span>
    </p>
   </div>
   <div class='ocr_carea' id='block_1_116' title="bbox 2365 5521 3932 5594">
    <p class='ocr_par' dir='ltr' id='par_1_116' title="bbox 2365 5521 3932 5594">
     <span class='ocr_line' id='line_1_116' title="bbox 2365 5521 3932 5594; baseline -0.003 -16"><span class='ocrx_word' id='word_1_855' title='bbox 2365 5529 2536 5594; x_wconf 85' lang='lat' dir='ltr'><strong>pressi</strong></span> <span class='ocrx_word' id='word_1_856' title='bbox 2567 5529 2646 5579; x_wconf 87' lang='lat' dir='ltr'><strong>sic</strong></span> <span class='ocrx_word' id='word_1_857' title='bbox 2677 5521 2871 5578; x_wconf 74' lang='lat' dir='ltr'><strong>habent</strong></span> <span class='ocrx_word' id='word_1_858' title='bbox 2898 5542 2912 5577; x_wconf 89' lang='lat'><strong>:</strong></span> <span class='ocrx_word' id='word_1_859' title='bbox 2946 5524 3139 5594; x_wconf 84' lang='grc' dir='ltr'>Ὅμως</span> <span class='ocrx_word' id='word_1_860' title='bbox 3163 5521 3516 5594; x_wconf 79' lang='grc' dir='ltr'>κολασθέντος</span> <span class='ocrx_word' id='word_1_861' title='bbox 3547 5521 3638 5594; x_wconf 32' lang='grc' dir='ltr'>ὡς,</span> <span class='ocrx_word' id='word_1_862' title='bbox 3663 5523 3773 5592; x_wconf 77' lang='grc' dir='ltr'>τὴν</span> <span class='ocrx_word' id='word_1_863' title='bbox 3800 5523 3932 5590; x_wconf 54' lang='grc' dir='ltr'><strong>ὠμά</strong></span> 
     </span>
    </p>
   </div>
   <div class='ocr_carea' id='block_1_117' title="bbox 2363 5590 3930 5666">
    <p class='ocr_par' dir='ltr' id='par_1_117' title="bbox 2363 5590 3930 5666">
     <span class='ocr_line' id='line_1_117' title="bbox 2363 5590 3930 5666; baseline -0.004 -19"><span class='ocrx_word' id='word_1_864' title='bbox 2363 5590 2502 5666; x_wconf 77' lang='grc' dir='ltr'>τητα</span> <span class='ocrx_word' id='word_1_865' title='bbox 2534 5595 2950 5666; x_wconf 87' lang='grc' dir='ltr'>κατηγορεῖσθαι</span> <span class='ocrx_word' id='word_1_866' title='bbox 2991 5590 3100 5666; x_wconf 78' lang='grc' dir='ltr'><strong>τῶν</strong></span> <span class='ocrx_word' id='word_1_867' title='bbox 3127 5592 3324 5654; x_wconf 82' lang='grc' dir='ltr'>ἀδίκως</span> <span class='ocrx_word' id='word_1_868' title='bbox 3341 5591 3522 5666; x_wconf 65' lang='grc' dir='ltr'><strong>Δαὐτὸν</strong></span> <span class='ocrx_word' id='word_1_869' title='bbox 3556 5590 3930 5666; x_wconf 62' lang='grc' dir='ltr'>χαλασάντων,</span> 
     </span>
    </p>
   </div>
   <div class='ocr_carea' id='block_1_118' title="bbox 2365 5661 3932 5734">
    <p class='ocr_par' dir='ltr' id='par_1_118' title="bbox 2365 5661 3932 5734">
     <span class='ocr_line' id='line_1_118' title="bbox 2365 5661 3932 5734; baseline -0.003 -17"><span class='ocrx_word' id='word_1_870' title='bbox 2365 5661 2456 5718; x_wconf 75' lang='grc' dir='ltr'>καὶ</span> <span class='ocrx_word' id='word_1_871' title='bbox 2475 5661 2822 5734; x_wconf 73' lang='grc' dir='ltr'>ἀνδρειότατα</span> <span class='ocrx_word' id='word_1_872' title='bbox 2853 5663 3240 5734; x_wconf 74' lang='grc' dir='ltr'>ὑπομείναντος</span> <span class='ocrx_word' id='word_1_873' title='bbox 3271 5661 3364 5714; x_wconf 75' lang='grc' dir='ltr'>καὶ</span> <span class='ocrx_word' id='word_1_874' title='bbox 3396 5661 3535 5732; x_wconf 80' lang='grc' dir='ltr'>μετὰ</span> <span class='ocrx_word' id='word_1_875' title='bbox 3558 5661 3750 5733; x_wconf 80' lang='grc' dir='ltr'>πάσης</span> 
     </span>
    </p>
   </div>
   <div class='ocr_carea' id='block_1_119' title="bbox 2363 5730 3294 5805">
    <p class='ocr_par' dir='ltr' id='par_1_119' title="bbox 2363 5730 3294 5805">
     <span class='ocr_line' id='line_1_119' title="bbox 2363 5730 3294 5805; baseline 0 -20"><span class='ocrx_word' id='word_1_876' title='bbox 2363 5751 2547 5805; x_wconf 80' lang='grc' dir='ltr'>τητος·</span> <span class='ocrx_word' id='word_1_877' title='bbox 2666 5730 2973 5803; x_wconf 76' lang='grc' dir='ltr'>διέφθειρεν</span> <span class='ocrx_word' id='word_1_878' title='bbox 2985 5735 3024 5805; x_wconf 50' lang='lat' dir='ltr'><strong>fl;</strong></span> <span class='ocrx_word' id='word_1_879' title='bbox 3059 5730 3294 5805; x_wconf 76' lang='grc' dir='ltr'>κόλασις.</span> 
     </span>
    </p>
   </div>
   <div class='ocr_carea' id='block_1_120' title="bbox 2385 5800 3273 5884">
    <p class='ocr_par' dir='ltr' id='par_1_120' title="bbox 2385 5800 3273 5884">
     <span class='ocr_line' id='line_1_120' title="bbox 2385 5800 3273 5884; baseline -0.023 -20"><span class='ocrx_word' id='word_1_880' title='bbox 2385 5874 2400 5881; x_wconf 29' lang='grc' dir='ltr'><strong><em>θ</em></strong></span> <span class='ocrx_word' id='word_1_881' title='bbox 2418 5800 2547 5875; x_wconf 74' lang='grc'>’(55)</span> <span class='ocrx_word' id='word_1_882' title='bbox 2567 5800 2940 5884; x_wconf 22' lang='grc' dir='ltr'>οηιιωεςιιειιιιε,</span> <span class='ocrx_word' id='word_1_883' title='bbox 2967 5800 3042 5865; x_wconf 75' lang='grc' dir='ltr'>ὡς</span> <span class='ocrx_word' id='word_1_884' title='bbox 3076 5800 3273 5869; x_wconf 79' lang='grc' dir='ltr'>γνῶσιν</span> 
     </span>
    </p>
   </div>
  </div>
