4060 6308
1363 441 1640 498 comm
1677 440 1952 498 CELSUM
1987 415 2118 496 LIB.
2153 438 2286 495 vut.
2364 445 2366 448 τ

3255 439 3393 499 ιω

152 575 512 643 ρωῑόληται.
541 569 678 641 Φησὶ
709 568 766 621 δὲ
792 569 873 621 ὅτι
892 584 907 598 ’
932 565 1058 622 Κᾶν
1097 566 1284 635 ἡδονὴ
1315 562 1357 638 ᾗ
1399 567 1464 620 τὸ
1486 567 1717 636 ἀγαθὸν

1834 570 2005 622 minus
2032 547 2435 622 subveniendum
2453 571 2529 618 est
2558 571 2605 616 et
2629 561 3003 615 ostendendum
3023 560 3179 614 etiam
3207 560 3268 619 ab
3298 558 3389 625 iis,

157 666 264 719 καὶ
293 662 464 718 τοῦτο
488 659 677 731 φρονῇ
701 664 733 715 ὀ
754 659 880 748 χὑπὸ
910 659 1015 714 τοῦ
1047 658 1274 726 πάθους
1309 650 1725 728 κρατούμενος,

155 753 344 810 οὐδὲν
369 749 549 823 ἦττον
579 751 737 817 αὐτῷ
761 750 1118 821 βοηθητέον,
1153 751 1250 804 καὶ
1285 749 1726 818 παραδεικτὼν,

111 826 114 827 ν
154 848 254 900 ὄτι
282 847 376 900 καὶ
401 845 524 911 τοῖς
551 843 782 911 ἡδονὴν
805 841 1061 912 τάγαθὸν
1084 841 1181 897 καὶ
1213 839 1385 908 τέλος
1408 840 1729 910 τιθεμένοις

151 935 718 1005 ἀνομολοιῃούμενόν
741 934 870 987 ἐστι
895 930 1018 988 πᾶν
1057 932 1262 999 πάθος.
1317 934 1513 1005 Ἐχρῆν
1552 933 1727 987 τοίνυν

151 1028 257 1081 καὶ
282 1027 374 1079 τὸν
395 1027 619 1096 Κέλσον,
637 1024 785 1089 ἅπαξ
801 1023 1322 1097 παραδεξάμενοντά
1337 1027 1466 1096 περὶ
1481 1024 1597 1078 τῶν
1615 1024 1726 1095 (95)

150 1112 228 1171 εὖ
247 1114 601 1182 βιωσάντων
625 1115 888 1186 δόγματα,
918 1116 998 1183 ὡς
1022 1114 1599 1184 εὐδαιμονησόντων,
1621 1115 1727 1169 ,καὶ

149 1208 291 1276 περὶ
319 1206 434 1260 τῶν
454 1206 695 1270 ἀδίκων,
717 1208 796 1272 ὡς
826 1205 1075 1278 πάμπαν·
1105 1208 1363 1273 αιωνίοις
1386 1207 1590 1273 κακοῖς
1615 1223 1724 1261 συ-

147 1299 640 1368 σχεθησομένιιν,
685 1297 989 1372 ἀκολούθως
1039 1298 1216 1371 ἑαυή
1250 1303 1461 1362 ποιεῖν,
1507 1300 1633 1365 καὶ,
1674 1300 1723 1352 ει

146 1386 266 1443 οἷόν
295 1393 344 1442 τ’
362 1385 450 1462 ἦν,
477 1389 613 1459 μετά
641 1390 731 1442 τὸν
767 1390 1087 1462 φαινόμενον
1112 1390 1222 1462 (96)
1252 1390 1401 1462 αὐτῷ
1450 1388 1722 1463 προηγού-

1833 659 1923 729 qui
1955 674 2216 712 summum
2251 646 2438 710 bonum
2483 666 2530 708 et
2571 654 2727 722 ﬁnem
2765 653 2820 706 in
2866 651 3125 720 voluptate
3167 661 3388 718 pangat,

1833 750 2051 817 affectus
2089 765 2264 803 omnes
2321 747 2629 815 improbari.
2691 743 2923 809 Necesse
2970 743 3132 818 igitur
3171 750 3303 803 crat
3330 748 3391 794 ut

1833 837 2043 907 Celsus,
2067 852 2347 910 postquam
2372 839 2539 893 semel
2560 838 2950 907 approbaverat
2972 835 3084 889 haec
3112 835 3388 901 dogmata,

1821 934 2002 1004 justas
2043 922 2294 1002 felicitate
2345 930 2616 994 donandus
2662 946 2773 983 esse
2818 937 2868 981 et
2912 927 3134 996 injustas
3179 924 3388 980 (sternis

1829 1025 1990 1093 paeni:
2014 1023 2304 1095 cruciatum
2330 1022 2423 1086 iri,
2453 1029 2698 1090 pergeret
2725 1032 2887 1088 porro
2913 1028 2970 1070 ut
2997 1018 3308 1084 incmperat,
3333 1025 3388 1069 et.

1827 1125 1944 1188 post
1980 1115 2200 1169 allatum
2232 1117 2376 1182 quod
2410 1114 2509 1168 sibi
2537 1111 2870 1182 prmcipuum
2913 1109 3196 1164 videbatur
3228 1124 3387 1179 argu-
3441 1145 3448 1151 -

1830 1214 2088 1268 mentum,
2133 1206 2386 1273 probaret
2435 1203 2700 1272 siquidem
2749 1200 2971 1270 pnsset,
3031 1199 3385 1270 pluribusque

1829 1297 2180 1352 conﬁrmaret
2208 1298 2421 1366 iniquos
2455 1311 2583 1350 vere
2615 1295 2838 1350 aeternis
2866 1295 3042 1363 poenis
3080 1283 3413 1364 cruciatum"

1829 1387 1912 1450 iri,
1946 1395 2000 1441 et
2029 1387 2283 1441 felicitate
2324 1386 2604 1441 donandos
2633 1394 2755 1441 esse
2807 1386 2900 1455 qui
2936 1394 3085 1439 recte
3123 1384 3402 1455 vixerint.

151 1485 499 1566 μενονλόγον
541 1485 1044 1540 ἑπικατασκευάσαι
1077 1487 1171 1540 καὶ
1209 1486 1296 1541 διὰ
1345 1486 1604 1540 πλειόνων
1654 1483 1954 1549 ἀποδεῖξαι,
1991 1484 2074 1536 ὃτι
2128 1481 2342 1553 ἀληθῶς
2374 1484 2421 1535 οί
2463 1481 2633 1536 ἄδικοι
2667 1482 2898 1552 πάμπαν
2935 1470 3167 1541 αἰωνίοις
3202 1478 3385 1540 κακοῖς

148 1576 594 1647 συσχεθήσονται,
629 1579 722 1632 καὶ
751 1581 798 1632 οἱ
841 1576 898 1633 εὖ
928 1578 1219 1649 βιώσαντες
1251 1582 1712 1653 εὐδαιμονήσουσι.

202 1668 335 1719 ..Καὶ
358 1667 464 1740 γὰρ
491 1669 648 1742 ήμεῖς
667 1671 1087 1741 προηγουμένως
1110 1672 1228 1742 μὲν,
1257 1672 1344 1725 διὰ
1362 1673 1428 1725 τὰ
1459 1673 1720 1727 πείσαντα

143 1758 302 1826 ἡμᾶς
334 1759 506 1811 πολλά
548 1761 642 1813 καὶ
681 1761 860 1832 ςμυρία
901 1763 1039 1816 κατά
1087 1765 1504 1836 Χριστιανισμὸν
1550 1763 1718 1834 βιοῦν,

145 1848 362 1911 πάντας
379 1849 714 1921 ἀνθρώπους,
755 1853 852 1922 ὅση
881 1853 1126 1923 δύναμις,
1158 1854 1297 1918 ὅλοις
1326 1858 1436 1918 τοῖς
1465 1856 1724 1926 Χριστια-

144 1940 261 1994 νῶν
285 1940 463 2009 λόγοις
495 1943 726 2015 οἰκειοῦν
755 1943 1052 2015 βουλόμεθα
1069 1963 1082 1976 ο
1115 1947 1246 1999 ὅπου
1264 1946 1320 1999 δὲ
1345 1948 1724 2019 προκαταλαμ-

141 2031 483 2104 ϐανομένους
515 2034 841 2106 εὑρίσκομεν
859 2039 926 2107 τῇ
951 2038 1087 2108 πρὸς
1102 2039 1458 2109 Χριστιανοὺς
1477 2039 1719 2111 διαδολῇν

140 2121 229 2185 ὡς
265 2124 399 2193 μηδὲ
426 2125 534 2196 (97)
577 2128 832 2200 παρέχειν
868 2127 934 2180 τά
978 2121 1096 2182 ὦτα
1119 2169 1134 2193 ,
1170 2130 1436 2200 φαντασίᾳ
1459 2128 1551 2183 τοῦ
1589 2132 1720 2203 μηδὲ

139 2213 394 2276 εὐσεϐεῖς
425 2213 561 2269 εἶναι
604 2219 979 2287 Χριστιανοὺς,
1013 2223 1124 2284 τοῖς
1153 2221 1221 2274 τά
1246 2223 1340 2275 τοῦ
1370 2222 1512 2275 θείου
1547 2223 1718 2291 Λόγου

136 2305 420 2359 διδάσκειν
448 2309 934 2381 ἐπαγγελλομένοις
953 2311 1130 2374 τινάςο
1159 2314 1275 2366 ἐκεῖ
1297 2314 1435 2367 κατά
1461 2314 1521 2367 τὺ
1542 2315 1722 2385 φιλάν-

139 2398 372 2467 θρωπον
394 2437 409 2462 ,
434 2399 531 2468 ὅση
583 2399 841 2471 δύναμις,
878 2402 1142 2474 ίστάμεθα
1187 2401 1274 2457 ἵνα
1296 2446 1310 2470 ,
1351 2394 1453 2460 κᾶν
1493 2406 1560 2459 τά
1594 2408 1720 2477 περὶ

135 2486 367 2552 αἰωνίου
386 2487 658 2551 κολάσεως
689 2491 782 2542 ἐπὶ
812 2491 934 2553 τοὺς
961 2490 1290 2557 ἀσεϐοῦντας
1337 2494 1578 2564 δόγματα
1620 2512 1717 2548 κα-

135 2577 605 2643 τασκευάσαντες,
634 2580 1035 2652 παραδέξασθαι
1078 2585 1393 2655 ποιήσωμεν
1433 2586 1522 2639 τὸν
1564 2587 1718 2655 λόγον

135 2668 246 2720 καὶ
273 2668 399 2730 τοὺς
419 2669 493 2739 μή
520 2668 769 2734 θέλοντας
796 2673 1207 2750 Χριστιανίζειν.
1236 2674 1391 2728 Οὕτω
1407 2676 1462 2729 δὲ
1479 2677 1572 2731 καὶ
1593 2677 1718 2749 περὶ

133 2756 258 2811 τῶν
278 2753 337 2811 εὖ
371 2757 696 2827 βιωσάντῶιΓ
709 2765 912 2834 πεῖσμα
935 2765 1178 2834 ἐμποιεῖν
1204 2765 1446 2837 θέλομεν,
1465 2766 1714 2840 ὁρῶντες,

132 2849 229 2902 ὅτι
257 2849 426 2903 πολλά
454 2850 563 2905 τῶν
584 2854 722 2906 κατά
751 2855 839 2907 τὸν
869 2855 994 2925 ὑγιῆ
1023 2855 1134 2925 βίον
1163 2859 1255 2911 καὶ
1282 2860 1330 2911 oi
1360 2860 1460 2930 τῆς
1489 2861 1718 2924 πίστεως

133 2943 414 3015 ἀλλότριοι
439 2946 638 3016 ὁμοίως
663 2949 791 3018 ἡμῖν
826 2947 1086 3016 λέγουσιν.
1116 2949 1249 3002 Οὐδὲ
1282 2952 1390 3021 γὰρ
1419 2952 1516 3015 τὰς
1536 2953 1716 3017 κοινὰς

131 3035 356 3099 ἑννοίας
402 3037 528 3107 περὶ
564 3038 746 3092 καλῶν
782 3039 877 3094 καὶ
921 3039 1140 3095 δικαίων
1159 3081 1173 3105 ,
1226 3042 1321 3095 καὶ
1355 3043 1594 3115 αἰσχρῶν
1625 3045 1716 3098 καὶ

131 3127 365 3192 ἀδίκων,
400 3128 548 3202 εὖροι
574 3146 658 3193 τις
686 3130 751 3184 ἂν
794 3135 1010 3196 πάντως
1045 3133 1471 3200 ἀπολωλεκότας.
1512 3138 1716 3200 Πάντες

1897 1667 1986 1721 52.
2015 1665 2300 1720 Enimvero
2333 1651 2616 1732 nos.un
2657 1662 2826 1716 multa
2852 1647 2914 1717 et
2965 1662 3248 1716 innmnera
3295 1675 3405 1712 aro.

1825 1766 2078 1828 gumenta
2127 1756 2292 1808 vitam
2336 1768 2399 1807 ex
2444 1753 2866 1832 Christianismo
2895 1751 3115 1818 exigere
3155 1765 3383 1824 persua-

1826 1857 2037 1911 serunt,
2070 1854 2199 1900 ante
2237 1844 2426 1899 omnia.
2465 1843 2683 1912 quidem
2730 1858 2825 1912 pro
2871 1842 3078 1894 viribus
3121 1854 3383 1894 conamur

1825 1955 2013 1998 omnes
2048 1939 2318 1994 homines.
2350 1937 2424 1991 ad
2477 1937 2730 1992 universa
2793 1936 3229 1990 Christianorum
3287 1933 3385 1989 do-

1822 2040 2004 2108 gmata
2058 2028 2332 2084 credenda
2367 2027 2639 2094 excitare;
2679 2023 2772 2080 sed
2824 2041 2947 2079 cum
3001 2025 3291 2079 incidimus
3315 2023 3381 2079 'iu

1821 2116 2118 2194 quosdam,
2163 2135 2304 2188 quos
2361 2134 2563 2187 sparsae
2618 2127 2809 2172 contra
2844 2118 3008 2187 780
3047 2116 3412 2172 Christianos-

1821 2215 2103 2269 ealumnize
2143 2215 2212 2266 ita
2239 2219 2592 2280 occuparunt,
2621 2219 2701 2275 ut,
2728 2210 2853 2277 quia
2893 2211 3230 2264 induxerunt
3260 2210 3384 2264 ani.

1821 2321 1965 2360 mum
1990 2311 2235 2375 expertes
2263 2302 2479 2369 pietatis
2512 2317 2634 2357 esse
2660 2295 3024 2365 Christianos,
3056 2317 3122 2356 ne
3147 2298 3383 2378 commo-

1821 2397 1948 2453 dent
1978 2397 2190 2467 quidem
2220 2411 2381 2450 aures
2419 2397 2486 2449 iis
2516 2395 2626 2465 \qui
2678 2394 2837 2449 Verbi
2862 2381 2864 2383 ’
2892 2394 3064 2451 divini
3121 2396 3381 2466 mysteria

1821 2489 2015 2551 docere
2048 2489 2401 2558 pollicentur;
2437 2499 2570 2552 tum,
2608 2490 2751 2558 quod
2779 2490 3088 2564 communis
3123 2490 3379 2546 humani-

1824 2587 1906 2635 tas
1933 2581 2193 2648 postulat,
2213 2582 2407 2640 damus
2435 2595 2536 2649 pro,
2557 2568 2761 2635 viribus
2781 2594 3023 2648 operam,
3050 2589 3106 2634 ut
3136 2580 3378 2637 doctrina

1819 2670 1885 2725 de
1913 2673 2090 2741 penis
2121 2674 2342 2726 aeternis
2370 2674 2565 2742 impios
2608 2673 3054 2742 exspectantibus
3089 2668 3380 2729 conﬁrme-

1822 2771 1927 2826 tur,
1961 2772 2014 2817 et
2041 2764 2125 2817 vel
2153 2764 2222 2824 ab
2273 2765 2338 2819 iis
2395 2765 2728 2833 suscipiatur
2776 2764 2868 2832 qui
2913 2763 3212 2819 Christiani
3260 2763 3377 2820 ﬁeri

1819 2853 2028 2927 nolunt.
2061 2853 2151 2909 Sic
2177 2856 2341 2909 etiam
2379 2871 2474 2910 eos
2499 2856 2588 2924 qui
2641 2856 2777 2921 bene
2812 2857 3062 2911 vixerunt
3117 2856 3378 2916 felicitate

1817 2944 2070 2997 donatum
2121 2944 2186 2998 iri
2229 2946 2554 3014 persuadere
2598 2937 3173 3014 conamurfvidentes
3207 2948 3372 3004 multa

1819 3036 1885 3087 ad
1943 3034 2110 3088 vitam
2163 3046 2311 3091 recte
2377 3038 2780 3107 transige'ndam
2835 3039 3164 3108 pertinentia
3232 3041 3376 3098 dicta

1818 3126 1983 3181 fuisse
2010 3127 2078 3181 ab
2109 3127 2338 3184 inimicis
2368 3130 2510 3194 ﬁdei,
2544 3145 2662 3200 quire
2704 3133 2902 3202 nostris
2926 3137 3150 3190 omnino
3170 3136 3378 3196 similia

130 3213 238 3272 οὖν
266 3218 535 3290 ἂνθρωποι
555 3261 570 3284 ,
595 3207 844 3293 ’ὁρῶντες
875 3223 964 3276 τὸν
989 3223 1189 3294 κόσμον
1221 3225 1312 3278 καὶ
1346 3226 1442 3297 τήν
1484 3229 1541 3280 ἐν
1568 3227 1714 3296 αὐτῷ

1818 3227 1964 3271 sunt.
1991 3217 2169 3288 Neque
2192 3217 2613 3276 enim'homines
2643 3225 2899 3289 reperias,
2930 3224 2982 3277 in
3013 3225 3210 3292 quibus
3230 3239 3376 3278 cour-

129 3310 483 3380 τεταγμένην
510 3311 739 3382 οὐρανοῦ
773 3313 882 3386 (98)
916 3315 1010 3370 καὶ
1045 3314 1153 3373 τῶν
1181 3317 1236 3368 ὲν
1264 3319 1328 3388 τῇ
1373 3318 1603 3371 ἀπλανεῖ
1629 3318 1716 3370 κί-

128 3415 336 3468 νησιν,
376 3398 482 3451 τῶν
527 3417 588 3452 τε
627 3402 937 3473 φερομένων
972 3403 1228 3466 ἐναντίως
1269 3407 1335 3474 τῇ
1375 3404 1467 3458 τοῦ
1512 3405 1716 3475 κόσμου

130 3492 358 3560 κινήσει
386 3489 689 3561 λεγομένων
713 3492 1000 3564 πλανητῶν
1038 3493 1220 3559 τάξιν,
1248 3494 1481 3565 ὁρῶντες
1524 3494 1579 3546 δὲ
1622 3494 1717 3588 καὶ

129 3583 242 3653 τὴν
271 3582 378 3638 τῶν
401 3584 577 3655 ἀέρων
614 3585 724 3656 (99)
757 3587 850 3640 καὶ
883 3588 1017 3658 πρὸς
1037 3587 1097 3639 τὸ
1123 3588 1388 3659 χρήσιμον
1420 3585 1596 3659 ζώοις,
1622 3582 1717 3641 καὶ

134 3672 382 3744 μάλιστα
417 3672 722 3745 ἀνθρώποις
747 3715 763 3739 ,
799 3674 1022 3748 κρᾶσιν,
1051 3679 1143 3730 καί
1175 3678 1271 3748 τὴν
1310 3678 1567 3746 ἀφθονίαν
1608 3679 1715 3734 τῶν

125 3764 208 3817 δι’
259 3764 579 3836 ἀνθρώπους
646 3766 1227 3839 δεδημιουργημένων,
1285 3769 1715 3823 εὐλαϐείσθωσαν

129 3826 467 3927 δυσάρεστόν
504 3826 571 3911 τί
588 3826 806 3928 ποιῆσαι
833 3826 921 3928 et];
939 3826 1261 3931 Atii/£01)pr
1288 3859 1380 3912 τοῦ
1406 3860 1600 3924 παντὸς
1622 3862 1714 3913 καὶ

128 3946 250 3998 τῶν
273 3947 458 4016 ψυχῶν
481 3948 678 4012 αὐτῶν,
711 3952 805 4003 καὶ
834 3950 928 4002 τοῦ
959 3953 1016 4003 ὲν
1044 3952 1232 4015 αὐταῖς
1261 3952 1352 4004 νοῦ
1379 3953 1554 4004 αὐτῶν
1578 3970 1589 3982 ο
1619 3954 1714 4006 καὶ

132 4039 528 4094 πεπείσθωσαν
553 4042 980 4112 κολασθήσεσθαι
1015 4043 1114 4114 μὲν
1149 4045 1238 4096 ἐπὶ
1272 4047 1382 4107 τοῖς
1406 4045 1714 4114 ἁμαρτανο-

135 4127 348 4196 μένοις,
375 4129 703 4201 ἀχθήσεσθαι
751 4133 807 4185 δὲ
837 4134 1094 4201 ἀνάλογον
1143 4136 1252 4196 τοῖς
1298 4132 1712 4204 κατορθωθεῖσιν

128 4218 169 4288 ἢ
210 4220 325 4280 τοῖς
366 4220 710 4290 καθηκόντως
746 4223 1052 4276 ἀποδοθείσι
1112 4224 1289 4291 λόγοις
1319 4224 1422 4276 ὑπὸ
1457 4224 1551 4300 του
1593 4226 1711 4278 κατ’

119 4307 304 4373 ἀξίαν
348 4309 573 4365 ἕκαστον
610 4313 1016 4383 οὶκονομοῦντος
1049 4315 1124 4385 (1)
1150 4333 1163 4345 ”
1211 4316 1303 4381 καὶ
1336 4298 1712 4381 πεπείσθωσαν

130 4402 347 4465 πάντες
379 4402 672 4474 ἄνθρωποι,
709 4400 766 4457 εὖ
806 4405 903 4474 μὲν
935 4407 983 4457 οἱ
1015 4405 1167 4458 καλοὶ
1190 4407 1280 4459 ἐπὶ
1307 4411 1418 4471 τοῖς
1451 4408 1712 4477 βελτίοσιν

132 4489 572 4559 ἀπαλλάξοντες,
611 4496 771 4548 κακοὶ
805 4495 863 4548 δὲ
904 4496 1090 4560 κακῶς
1126 4497 1307 4562 πόνοις
1347 4499 1438 4552 καὶ
1463 4499 1752 4570 βασάνοιςς

1818 3324 2008 3364 muues
2046 3309 2373 3365 de-honesto
2394 3312 2668 3381 justoque,
2697 3316 2761 3367 de
2791 3314 2927 3383 turpi
2954 3325 3009 3367 et
3042 3314 3238 3382 injus'o
3275 3329 3379 3368 no-

1820 3400 1992 3454 tiones
2027 3415 2250 3469 prorsus
2283 3401 2474 3456 deleta:
2515 3401 2737 3458 fuerint.
2771 3400 2973 3456 Otitnes
3005 3403 3171 3474 igitur
3201 3403 3376 3458 homi-

1818 3507 1935 3558 nes,
1978 3492 2068 3560 qui
2101 3492 2360 3544 mundum
2403 3493 2590 3548 vident
2624 3504 3048 3562 constantesque
3081 3495 3131 3547 in
3161 3510 3224 3548 eo
3264 3510 3375 3551 cm-

1819 3579 1988 3633 lorum
2043 3583 2508 3649 inerrantiumque
2557 3583 2833 3637 stellarum
2877 3585 3286 3650 conversiones,
3320 3595 3374 3641 et

1817 3673 2063 3740 planetas
2095 3676 2459 3742 mundumque
2487 3653 2695 3731 moireri
2732 3677 2784 3730 in
2821 3678 3126 3732 contrarias
3145 3687 3371 3747 partes;

1815 3765 1905 3832 qui
1941 3766 2120 3818 vident
2156 3767 2298 3820 aeris
2331 3769 2646 3836 temperiem
2687 3785 2808 3823 cum
2852 3771 3230 3835 animantium,
3261 3782 3372 3827 tum

1817 3857 2046 3909 tuaxime
2071 3858 2349 3911 hominum
2379 3862 2852 3916 commoditatibus
2881 3842 3370 3930 accommodatam,

1812 3956 1867 4001 et
1902 3945 2239 4002 aﬂluentiam’
2263 3956 2440 4003 rerum
2484 3967 2601 4021 quae
2629 3952 2905 4008 hominum
2939 3969 3103 4008 causa
3142 3957 3372 4010 conditas

1813 4049 1975 4104 sunt,
2006 4051 2236 4095 caveant
2263 4043 2536 4112 quidpiam
2575 4047 2752 4101 facere
2781 4049 2923 4116 quod
2963 4048 3121 4116 hujus
3156 4051 3371 4102 univer-

1811 4129 2005 4195 sitatis,
2045 4131 2347 4186 animarum
2402 4137 2660 4202 ipsarmn,
2706 4146 2753 4190 et
2784 4139 2978 4191 mentis
3020 4154 3140 4205 qute
3178 4139 3228 4191 iu
3262 4139 3370 4194 illis

1811 4227 1915 4291 est,
1953 4221 2228 4278 Conditori
2279 4226 2604 4292 displiceat:
2643 4231 2747 4283 illis
2793 4230 3266 4295 persuasissimum
3299 4233 3370 4285 sit

1812 4327 1871 4366 se
1900 4314 1965 4366 de
1987 4317 2221 4382 peccatis
2252 4315 2480 4371 luituros
2521 4333 2727 4386 pcenas,
2765 4328 2818 4371 et
2844 4320 2910 4373 ab
2939 4333 3024 4384 eo,
3056 4321 3143 4389 qui
3187 4321 3368 4391 singu-

1813 4404 1889 4460 los
1921 4422 2016 4474 pro
2065 4407 2272 4459 meritis
2316 4408 2497 4471 habet,
2533 4425 2652 4461 cum
2710 4411 2838 4478 ipsis
2878 4416 3054 4464 actum
3090 4414 3174 4476 iri,
3210 4422 3367 4482 prout

1813 4498 1946 4551 bene
1969 4513 2024 4551 se
2044 4498 2371 4573 gesserintet
2387 4497 2575 4553 ciliciis
2597 4503 2761 4557 functi
2788 4504 3022 4570 fuerint;
3047 4522 3364 4575 persuasum

131 4574 643 4658 παραδοθησόμενοι
676 4588 766 4668 ἐπὶ
793 4590 904 4650 τοῖς
931 4571 1225 4661 ἀδικήμασι
1263 4592 1355 4645 καὶ
1385 4562 1502 4655 cui;
1547 4562 1704 4646 desit;

1818 4589 2063 4652 habeant,
2096 4589 2334 4656 inquam.
2363 4605 2453 4643 eos
2481 4592 2569 4660 qui
2607 4593 2743 4647 bene
2769 4597 2960 4649 morati
3004 4598 3254 4656 vixerint,
3296 4597 3363 4651 ad

131 4679 322 4749 γείαις
353 4679 442 4732 καὶ
483 4663 793 4743 ἀκολασίαις
818 4720 832 4744 ,
877 4681 955 4733 ἔτι
999 4682 1054 4735 δὲ
1092 4683 1184 4734 ἐπὶ
1223 4687 1287 4754 τῇ
1335 4685 1589 4756 ἀνανδρίᾳ
1618 4687 1707 4739 καὶ

132 4769 320 4853 δειλίᾳ
351 4768 447 4842 (2),
476 4771 567 4825 καὶ
589 4771 681 4825 ἐπὶ
707 4772 853 4845 πάσῃ
889 4776 952 4845 τῇ
974 4774 1270 4848 ἀφροσύνῃ.

221 5072 522 5147 (95)_Libb.
557 5089 713 5130 antea
737 5077 1324 5147 ριιῖιί,’·παραδέξασθαι
1370 5079 1593 5144 λέγοντα
1638 5077 1706 5130 τὰ

137 5143 277 5213 περ).
305 5141 432 5213 τῷν.
472 5153 603 5204 etc.,
632 5147 722 5200 sed
749 5141 882 5210 mss;
909 5159 965 5200 ut
1004 5141 1055 5200 in
1094 5141 1275 5200 nostro
1307 5141 1474 5200 textui.

220 5212 725 5281 (96).ᾏκολούθως
755 5213 944 5278 ἑαυτῷ
974 5217 1197 5279 ποιεῖν,
1243 5217 1339 5269 καὶ
1387 5220 1439 5270 εὶ
1481 5215 1608 5270 οἶόν
1655 5218 1703 5272 τ’

134 5280 530 5354 ἦνμετάητρν
557 5285 937 5352 φαινόμενον.
974 5286 1114 5349 Ηιερ,
1144 5287 1270 5339 licet
1306 5291 1629 5352 necessaria,
1650 5290 1700 5342 in

135 5352 312 5432 antea
346 5352 504 5406 editis
538 5355 740 5408 omissa
789 5364 933 5418 sunt,
978 5356 1069 5408 sed
1128 5357 1448 5424 supplentur
1498 5376 1528 5412 e
1571 5377 1722 5413 mssa

135 5422 466 5578 θυίὲἓιῖυέὶς
490 5492 666 5578 μηδέ,
717 5502 830 5578 εἰςἱ
851 5493 1028 5578 Mallet
1078 5495 1299 5578 Guiclus
1333 5494 1474 5578 hunc
1510 5499 1703 5578 verba:

139 5576 268 5616 rum
303 5563 540 5612 ordinem
570 5579 583 5613 :
608 5563 682 5624 ὼς
711 5565 841 5632 μηδὲ
875 5566 1130 5636 παρέχειν
1150 5565 1216 5618 τὰ
1235 5563 1346 5616 ὦτα
1376 5569 1486 5629 τοῖς
1517 5567 1584 5619 τά
1608 5566 1699 5618 τοῦ

140 5631 298 5685 θείου
347 5628 516 5695 Λόγου
558 5629 826 5686 διδάσκειν
876 5634 1392 5697 ἐπαγγελλομένοις,
1436 5637 1701 5697 φαντασίᾳ

140 5652 298 5685 υειου
347 5652 516 5695 ιιογου
558 5652 826 5686 οιοασκειν
876 5652 1392 5704 επαγγεΑΑομενοις,
1436 5652 1701 5704 φαντασίᾳ

137 5698 417 5776 τοῢμηδὲ
461 5699 702 5765 εὐσεϐεῖς
758 5699 894 5757 εἶναι
940 5703 1296 5776 Χριστιανούς
1354 5722 1534 5768 τινας,
1589 5708 1703 5758 ἐκεῖ

141 5769 311 5831 κατά,
339 5779 441 5826 etc.
992 5769 1004 5776 ’

230 5838 338 5912 (98)
369 5839 654 5909 Οἰερανοᾱ
709 5840 1042 5898 Ηαξεοιιθιίἰιε
1088 5844 1137 5900 in
1184 5852 1331 5898 textu
1375 5844 1567 5905 habet,
1613 5842 1698 5892 οὺ-

1811 4678 2080 4732 meliorem
2111 4689 2307 4734 sortem
2338 4684 2660 4738 transituros
2687 4702 2700 4751 ;
2729 4687 2896 4740 malos
2927 4695 3105 4740 autem
3139 4703 3246 4740 suae
3284 4689 3362 4739 in-

1810 4771 2198 4836 temperantiae,
2243 4773 2668 4840 incontinentim,
2722 4778 2964 4844 ignavia),
2998 4779 3358 4840 pusillanimi-

1810 4859 1952 4923 tatis,
1979 4861 2321 4930 iusipieutiae,
2349 4880 2536 4934 poenas
2563 4869 2924 4937 persoluturos
2944 4884 3080 4922 esse.

1841 5097 1965 5133 ανω.

1808 5097 1983 5218 ραῖἕ9)
2032 5151 2590 5225 ᾎέρωνηΒοιιετεΙΙιις
2630 5163 2794 5204 mutat
2828 5153 2878 5204 in
2917 5152 3095 5225 ὡρῶν,
3126 5170 3353 5225 sequens

1804 5236 1935 5272 vero
1965 5220 2054 5272 καί
2087 5222 2368 5273 delendum
2395 5220 2562 5287 putat.

1873 5291 1947 5361 (1)
1985 5291 2105 5361 Post
2131 5291 2534 5360 οἰκονομοῦντος
2585 5290 2794 5340 additur
2833 5290 2883 5361 in
2916 5304 3075 5345 antea
3109 5294 3265 5346 editis
3291 5294 3350 5346 ιε-

1803 5360 1950 5431 bris,
1990 5360 2175 5431 ἔπειτα
2209 5362 2464 5431 ἀνάλογον
2511 5362 2619 5419 τοῖς
2655 5360 3068 5429 κατορθωθεῖσιν
3101 5364 3131 5431 ἢ
3181 5363 3350 5428 καθη-

1801 5429 1999 5490 κόντως
2033 5430 2364 5482 ἀποδοθεῖσιν
2400 5430 2593 5499 ἔργοις,
2640 5431 2730 5481 sed
2768 5431 2877 5482 hurc
2925 5429 3181 5498 superﬂua
3231 5446 3347 5484 esse

1800 5501 1918 5564 quis
1953 5514 2054 5549 non
2097 5500 2236 5568 videt
2291 5505 2344 5551 et
2380 5515 2408 5551 e
2440 5499 2806 5565 superioribus
2857 5500 3032 5568 inepte
3084 5499 3347 5566 repetita?

1801 5569 1872 5621 Ea
1902 5569 2080 5636 itaque
2113 5567 2333 5620 Guietus
2370 5579 2420 5620 et
2455 5569 2762 5622 Bolterellus
2795 5567 2982 5622 merito
3013 5578 3339 5636 exptlttguttl,

1799 5646 1857 5688 ut
1921 5637 2121 5688 Variam
2179 5637 2458 5689 lectionem
2513 5654 2630 5705 qua:
2675 5655 2702 5690 ο
2747 5641 2984 5705 margine
3043 5641 3092 5690 in
3142 5646 3340 5692 textum

1799 5706 2090 5769 irrepserit.

1868 5775 1944 5842 (2)
1974 5773 2123 5841 Mss.,
2147 5772 2336 5844 δειλίᾳ.
2370 5773 2521 5831 Libb.
2562 5777 2714 5844 editi,
2744 5776 2946 5848 δηλείᾳ,
2975 5774 3127 5829 male.
