4060 6308
171 442 297 500 1611

1343 441 1618 496 CONTRA
1652 439 1927 498 CELSUM
1964 437 2088 494 LIB.
2126 440 2283 496 VIII-

3245 449 3390 507 1602

115 576 121 581 '
162 557 270 614 ὕνὼ
312 562 408 632 τῆς
442 561 700 633 Προνοίας
743 535 1006 631 διδόμενα
1030 559 1210 613 τέκνα.
1255 561 1362 612 Καὶ
1391 561 1450 612 οὐ
1489 560 1715 630 μάχεται

1821 559 1994 612 Indnti
2031 561 2174 612 enim
2217 569 2546 614 armaturam
2592 562 2684 617 Dei
2725 558 2930 618 stamus
2967 565 3031 629 ¹⁶,
3067 575 3124 619 ιιι
3172 565 3385 624 athleta
3458 615 3466 623 .

159 649 333 725 uina
378 653 453 724 τῷ
493 654 565 725 μὴ
603 649 876 707 πείθεσθαι
923 654 1069 723 ἡμᾶς
1113 654 1223 714 τοῖς
1259 651 1574 721 νεμομένοις
1621 652 1719 721 τὴν

1827 649 2058 718 pietatis.
2087 661 2284 716 contra
2315 651 2676 703 insidiantium
2713 656 3013 706 dmmouum
3045 671 3237 724 genus.

162 745 269 819 γῆν
302 745 618 816 δαιμονίοις
648 747 996 816 ὁπλισάμενοι
1027 746 1134 818 γὰρ
1157 748 1220 817 τῇ
1259 747 1523 817 πανοπλίᾳ
1558 745 1651 798 τοῦ
1691 745 1823 798 Θεοῦ
1865 743 2151 814 ἰστάμεθα,
2191 743 2265 806 ὡς
2299 743 2526 814 ἀθληταὶ
2563 745 2860 814 εὐσεϐείας,
2887 747 3019 820 πρὸς
3047 749 3106 803 τὸ
3131 749 3236 803 τῶν
3268 750 3387 803 ἑπι-

158 835 521 892 6ουλευόντων
559 840 687 909 ἡμῖν
719 837 987 907 δαιμόνων
1021 832 1193 904 γένος.

238 932 352 984 Κᾶν
397 931 471 1001 τῷ
518 930 707 983 ἑαυτοῦ
761 926 852 984 οῦν
911 930 1052 999 λόγῳ
1107 930 1336 982 πασσυδὶ
1377 932 1522 1001 ἡμᾶς
1585 932 1720 983 ἀπο-

164 1005 357 1095 πέμπῃ
383 1021 473 1074 τοῦ
509 1021 628 1090 βίου
649 1023 677 1072 ὁ
707 1022 928 1083 Κέλσος,
965 1021 1052 1084 ἵν’,
1082 1020 1155 1085 ὡς
1188 1022 1418 1092 νομίζει,
1458 1023 1712 1094 ὲρημωθῇ

163 1114 394 1182 πάμπαν
419 1112 510 1164 ἐπὶ
536 1111 637 1180 γῆς
663 1111 720 1162 τὸ
743 1110 978 1163 τοιοῦτον
1011 1110 1162 1181 ἡμῶν
1196 1111 1378 1179 γένος·
1413 1113 1523 1164 ἀλλ’
1556 1116 1713 1182 ἡμᾶς

158 1202 222 1254 ἐν
250 1206 357 1265 τοῖς
380 1201 469 1255 τοῦ
491 1202 926 1270 κτίσαντοςὴμᾶς
949 1201 1088 1276 κατὰ
1106 1203 1230 1272 τοὺς
1263 1200 1352 1254 τοῦ
1375 1201 1508 1254 Θεοῦ
1534 1201 1715 1271 βιώσο-

162 1309 265 1360 μεν
279 1302 491 1361 νόμους,
506 1292 750 1361 οὐδαμῶς
765 1291 1026 1344 δουλεύειν
1040 1292 1277 1355 θέλοντες
1287 1295 1398 1355 τοῖς
1414 1293 1510 1363 τῆς
1539 1295 1652 1362 ἁμα
1661 1310 1717 1360 ρ-

156 1382 280 1444 τίας
305 1385 500 1452 νόμοις,
527 1385 616 1435 καὶ
641 1385 898 1450 γυναῖκας
917 1421 931 1445 ,
958 1383 1050 1445 ἐὰν
1091 1382 1424 1454 βουλώμεθα,
1460 1383 1717 1452 ἀξόμεθα,

156 1476 259 1526 καὶ
282 1474 469 1537 παῖδας
484 1474 788 1544 διδομένους
809 1477 939 1544 ἡμῖν
957 1477 1012 1528 ὲν
1029 1477 1138 1539 τοῖς
1156 1478 1350 1546 γάμοις
1381 1479 1412 1547 ἡ
1421 1476 1533 1547 μῶν
1557 1476 1721 1546 ληψό-

161 1564 306 1634 μεθα
327 1580 339 1594 ο
369 1563 461 1617 ἐὰν
486 1562 542 1615 δὲ
563 1563 674 1633 δέῃ,
699 1563 791 1615 καὶ
821 1563 928 1614 τῶν
952 1564 1008 1616 ὲν
1027 1563 1102 1633 τῷ
1130 1563 1227 1633 βίῳ
1254 1563 1566 1634 μεθέξομεν,
1599 1565 1723 1616 ἀνε-

155 1656 376 1725 χόμενοι
401 1653 506 1707 τῶν
549 1653 984 1722 ἐπιτεταγμένων
1020 1654 1228 1717 κακῶν,
1275 1654 1350 1716 ὡς
1395 1645 1741 1725 πειρασμῶν

155 1746 260 1815 τῆς
303 1744 493 1814 ψυχῆς.
543 1742 726 1805 Οὕτως
761 1743 868 1813 γὰρ
911 1743 1030 1807 ἔθος
1074 1747 1184 1806 τοῖς
1223 1745 1385 1808 θείοις
1432 1746 1715 1816 ὀνομάζειν

1895 927 1984 980 56.
2009 925 2264 991 Quamvis
2293 924 2454 993 igitur
2477 941 2571 979 sua
2603 929 2867 982 sententia
2903 946 2998 984 nos
3023 933 3237 1001 ablegat
3269 933 3388 986 titti-

1821 1031 2008 1071 versos
2035 1032 2098 1069 ex
2136 1018 2235 1069 hac
2266 1019 2373 1069 vita
2401 1056 2432 1097 ,ι
2463 1026 2521 1070 ιιι
2551 1059 2562 1079 ,
2613 1004 3062 1086 qttetnadmodum
3110 1023 3342 1092 loquitur
3365 1065 3380 1090 ,

1821 1109 1952 1162 nihil
1988 1108 2155 1161 nostri
2204 1111 2388 1176 generi
2444 1109 2495 1161 iu
2539 1118 2682 1163 terra
2725 1112 3001 1178 supersit;
3065 1131 3164 1168 nos
3205 1115 3418 1171 tamen

1820 1199 1961 1252 inter
1982 1214 2074 1252 eos
2101 1199 2190 1268 qui
2236 1207 2482 1252 nostrum
2507 1200 2689 1253 colunt
2718 1202 3046 1256 conditorem
3077 1219 3142 1257 ex
3181 1206 3269 1260 Dei
3304 1207 3382 1262 le.-

1821 1293 1975 1361 gihus
2005 1293 2166 1345 vitam
2203 1305 2425 1358 agemus
2448 1333 2462 1354 ,
2496 1307 2609 1346 ‘ncc
2641 1309 2876 1359 unquam
2919 1297 3121 1360 peccati
3174 1296 3384 1368 Legibus

1820 1383 2334 1451 obtemperabimus;
2368 1384 2627 1436 ducemus
2658 1400 2854 1440 uxores
2879 1389 2920 1440 si
2952 1387 3134 1451 libeat,
3164 1398 3218 1442 et
3249 1389 3384 1444 libe-

1825 1482 1912 1529 ro’s
1945 1475 2064 1528 inde
2095 1474 2244 1528 nobis
2271 1474 2426 1527 datos
2452 1473 2826 1542 cnutriemuS;
2857 1477 2900 1531 si
2927 1494 3061 1546 opus
3085 1481 3175 1547 sit,
3198 1496 3380 1544 rerum

1825 1581 1944 1634 qua:
1972 1567 2023 1618 in
2053 1566 2151 1618 hac
2182 1565 2283 1617 vita
2322 1575 2441 1618 sunt
2466 1605 2480 1629 ,
2525 1567 2816 1635 participes
2851 1569 3074 1633 erimus,
3107 1581 3160 1624 et
3187 1571 3382 1639 adjun-

1824 1667 1908 1710 cta
1954 1656 2092 1710 mala
2133 1659 2516 1712 sustinebimus
2542 1701 2555 1723 ,
2593 1669 2649 1712 ιιι
2681 1661 2873 1729 anima:
2903 1662 3250 1716 tentationes.
3292 1661 3382 1717 Sic

1822 1747 1972 1803 enim‘
1995 1749 2169 1801 divina
2215 1749 2492 1818 Scriptura
2541 1751 2583 1782 ¹⁸
2619 1751 2755 1804 solet
2791 1754 3073 1806 nominare
3124 1754 3386 1810 humanos

154 1836 337 1905 λόγοις
378 1837 444 1889 τὰ
494 1833 850 1905 συμϐαίνοντα
889 1837 946 1890 ἐν
1008 1837 1310 1908 ἀνθρώποις
1334 1841 1450 1894 ’,ἐν
1489 1835 1602 1904 οἷς,
1645 1842 1715 1913 ὡς

1822 1852 2005 1901 casus,
2037 1838 2232 1906 quibus
2263 1841 2399 1892 sicut
2429 1854 2618 1894 aurtnu
2651 1840 2770 1908 igne
2801 1841 2863 1903 ⁸⁸,
2894 1841 2965 1894 ita
2999 1843 3231 1896 lmmana
3265 1845 3384 1897 ani-

153 1925 354 1995 χρυσὺς
378 1925 434 1976 ἐν
460 1924 612 1993 πυρὶ,
642 1926 674 1993 ὴ
711 1923 801 1974 τοῦ
827 1923 1107 1994 ἀνθρώπου
1145 1926 1534 2000 βασανιζομένη
1569 1929 1714 2000 ψυχὴ

153 2016 279 2084 ἦτοι
314 2015 612 2083 ἐλέγχεται,
658 2015 998 2087 ἢθαυμαστὴ
1035 2015 1170 2071 εἶναι
1211 2019 1581 2088 ἀναφαίνεται.
1608 2022 1716 2074 Καὶ

69 2122 76 2125 ·
153 2104 331 2168 οὕτως
352 2122 414 2173 γε
436 2106 568 2175 πρὸς
587 2105 622 2158 ἃ
648 2105 792 2172 λέγει
810 2107 952 2180 κακὰ
975 2107 1178 2172 Κέλσος
1200 2111 1713 2182 παρεσκευάσμεθα,

149 2183 301 2247 tam
336 2196 426 2247 και
463 2195 639 2263 λέγειν
671 2197 849 2271 ἡμᾶς’
882 2199 1214 2266 Δοκιμασόν
1242 2217 1345 2268 με,
1376 2203 1573 2269 Κύριε,
1614 2205 1712 2256 καὶ

148 2286 449 2353 πείρασόν
473 2303 568 2355 με,
599 2289 876 2354 πύρωσον
897 2289 1037 2355 τοὺς
1064 2293 1318 2359 νεφρούς
1340 2309 1457 2359 μου
1484 2292 1582 2345 καὶ
1606 2291 1719 2360 τὴν

118 2374 406 2446 ’καρδίαν
440 2391 587 2449 μου.“
627 2381 734 2433 Καὶ
780 2381 884 2451 γάρ
916 2381 1114 2448 οὐδεὶς
1144 2385 1540 2452 στεφανοῦται
1562 2427 1577 2450 ,
1613 2386 1719 2440 ἐὰν

141 2472 238 2541 μὴ
259 2473 515 2541 νομίμως
539 2471 770 2527 ἐνταῦθα
793 2475 884 2526 καὶ
904 2476 994 2562 ἐπὶ,
1014 2472 1114 2545 γῆς
1134 2477 1284 2544 μετὰ
1311 2478 1579 2545 σώματος
1610 2475 1716 2532 tot;

120 2564 269 2632 ,τῆς
318 2564 722 2631 ταπεινώσεως
764 2564 1020 2635 ἀθλήσῃ.
1068 2567 1209 2637 Πρὸς
1247 2568 1302 2620 δὲ
1345 2568 1553 2632 τούτοις
1598 2570 1719 2623 οὐδὲ

147 2656 475 2725 ἀποδίδομεν
505 2655 604 2718 τὰς
627 2657 980 2726 νομιζομένας
1013 2659 1307 2728 προσήκειν
1329 2659 1491 2728 τιμὰς
1523 2657 1603 2724 οἷς
1627 2660 1716 2711 λέ-

145 2765 241 2816 γει
288 2748 489 2810 Κέλσος
522 2746 592 2799 τὰ
635 2749 772 2818 τῇδε
797 2750 1203 2819 ἐπιτετράφθαι.
1236 2751 1435 2820 Κύριον
1476 2753 1584 2822 γὰρ
1627 2753 1716 2806 τὸν

144 2837 290 2890 Θεὸν
325 2838 478 2906 ἡμῶν
510 2839 912 2910 προσκυνοῦμεν
931 2881 944 2903 ,
992 2843 1084 2893 καὶ
1109 2841 1253 2910 αὐτῷ
1288 2842 1432 2912 μόνῳ
1464 2842 1717 2912 λατρεύο-

149 2943 260 2996 μεν
281 2967 295 2990 ,
327 2925 600 2996 εὐχόμενοι
648 2930 878 2999 μιμηταὶ
910 2929 1142 3000 Χριστοῦ
1183 2931 1499 2998 γίγνεσθαι·
1545 2933 1603 2995 ὃς
1641 2933 1717 3003 τῷ

145 3018 361 3072 εἰπόντι
388 3019 536 3089 αὐτῷ
561 3017 806 3090 διαϐόλῳ,
837 3019 1022 3072 Ταῦτά
1041 3036 1138 3073 σοι
1170 3020 1363 3074 πάντα
1389 3022 1577 3087 δώσω,
1611 3023 1718 3078 ἐὰν

144 3107 362 3162 πεσὼν
401 3109 833 3180 προσκυνήσῃς
873 3128 1002 3177 μοι,
1042 3106 1159 3163 εἷπε
1215 3112 1304 3164 τό·
1359 3115 1575 3195 Κύριον
1604 3114 1714 3184 (28)

1821 1946 1907 1984 tua
1947 1931 2250 1984 examinata
2276 1969 2291 1993 ,
2326 1941 2418 1981 aut
2453 1930 2872 1999 reprehensione
2903 1939 2995 1986 aut
3028 1934 3382 1990 admiratione

1818 2021 1972 2089 digna
2009 2020 2305 2086 iudicatur.
2360 2021 2405 2074 ls
2446 2011 2620 2090 igitur
2649 2030 2729 2075 est
2775 2035 2901 2091 erga
2939 2037 3032 2086 ea,
3073 2021 3235 2094 735
3260 2037 3383 2092 qua

1817 2111 2006 2165 Celsus
2034 2111 2170 2163 mala
2203 2120 2379 2174 vocat,
2415 2120 2598 2165 noster
2627 2114 2862 2178 animus,
2918 2123 2976 2166 ut
3007 2116 3175 2182 parati
3211 2115 3382 2168 simus

1821 2205 2002 2257 dicere
2032 2221 2044 2256 :
2096 2201 2268 2256 Proba
2307 2220 2385 2258 me
2406 2243 2420 2266 ,
2467 2202 2705 2267 Domine,
2735 2216 2782 2258 et
2805 2205 2944 2258 tenta
2986 2221 3212 2280 me,ure
3235 2221 3383 2260 renes

1817 2306 2040 2348 mearet
2090 2311 2179 2347 cor
2205 2310 2370 2347 meum
2402 2296 2464 2347 ".
2500 2294 2668 2360 Nemo
2708 2296 2849 2349 enim
2896 2296 3234 2348 coronabitttr
3279 2297 3381 2349 nisi
3447 2363 3452 2369 _

1816 2387 1905 2452 qui
1934 2387 2020 2440 hic
2049 2396 2104 2440 ct
2127 2385 2179 2438 in
2215 2395 2355 2446 terra
2374 2401 2494 2439 cum
2521 2386 2619 2438 hoc
2644 2401 2855 2454 corpore
2880 2385 3185 2438 humilitatis
3210 2385 3384 2453 legiti-

1821 2492 1900 2528 me
1927 2477 2196 2529 certaverit
2229 2476 2291 2546 ιδ.
2326 2475 2591 2527 Ριαιιειειι
2629 2489 2726 2527 nec
2770 2474 2973 2528 honore
2999 2489 3156 2542 quem
3196 2474 3385 2549 Celsus
3432 2543 3441 2562 '

1818 2565 2106 2619 convenire
2139 2574 2329 2633 putat,
2361 2565 2738 2631 prosequimur
2780 2579 2893 2631 eos,
2930 2581 3065 2632 quos
3110 2565 3186 2618 ait
3228 2565 3386 2632 hujus
3428 2587 3433 2595 ι

1820 2658 2000 2712 mundi
2051 2659 2209 2712 rebus
2230 2657 2518 2726 praefectos
2550 2671 2691 2710 esse.
2724 2655 2854 2710 Nam
2889 2657 3172 2711 Dominum
3215 2660 3382 2714 Deum

1819 2759 2060 2800 nostrum
2085 2748 2373 2801 adoramus
2400 2746 2559 2800 et’illi
2584 2745 2682 2799 soli
2704 2749 2993 2815 servimus,
3022 2760 3409 2818 optamusque,

1819 2837 1933 2891 ﬁeri
1967 2839 2265 2892 imitatores
2283 2831 2511 2905 .Christi,
2542 2837 2631 2905 qui
2661 2838 2871 2892 diabolo
2903 2841 3103 2897 dicenti
3132 2859 3145 2895 :
3183 2841 3379 2896 Omnia

1817 2927 1926 2981 hinc
1958 2928 2048 2980 tibi
2075 2929 2229 2993 dabo,
2261 2895 2534 2989 διῖχειιιίειιε
2568 2928 2868 2982 adoraveris
2909 2946 2990 2984 me
3017 2970 3031 2994 ,
3066 2933 3377 3000 reSpondit:

1821 3016 2101 3069 Dominum
2130 3016 2294 3069 Deum
2329 3019 2477 3090 tuum
2508 3016 2756 3070 adorabis
2789 3028 2835 3070 et
2871 3019 2946 3071 illi
2971 3020 3070 3072 soli
3102 3023 3290 3074 servies
3316 3021 3379 3075 ¹⁹.

1817 3107 1994 3173 Atque
2039 3107 2152 3160 Iure
2198 3096 2281 3161 est
2317 3113 2499 3160 causa
2551 3123 2648 3162 cur
2686 3108 2945 3162 honorem
2996 3125 3151 3177 quem
3194 3111 3380 3165 Celsus

139 3199 262 3254 τὸν
287 3201 430 3254 Θεόν
457 3214 572 3254 σου
612 3200 1085 3279 προσκυνήσεις,
1119 3203 1212 3255 καὶ
1238 3203 1394 3268 αὐτῷ
1423 3187 1589 3271 ,αόνῳ
1611 3208 1715 3257 λα-

1817 3195 2107 3279 convlenire
2137 3205 2314 3263 putat,
2350 3213 2455 3256 non
2481 3197 2788 3251 deferamus
2818 3199 2903 3256 iis.
2937 3215 3069 3267 quos
3104 3200 3178 3251 ait
3213 3200 3376 3255 rebus

136 3293 444 3360 τρεύσεις.
479 3293 586 3345 Καὶ
615 3292 703 3345 διὰ
724 3293 964 3361 τοῦτόγε
1001 3279 1097 3354 τὰς
1125 3295 1480 3363 νομιζομένας
1502 3296 1712 3365 προσή-

139 3399 272 3436 κειν
321 3383 484 3451 τιμὰς
513 3379 594 3446 οἷς
636 3401 766 3452 φησι
811 3384 1014 3446 Κέλσος
1066 3384 1132 3436 τὰ
1167 3386 1290 3456 τῇδε
1323 3385 1713 3456 ἐπιτετράφθαι

139 3473 252 3524 οὐκ
286 3473 635 3542 ἀποδίδομεν·
671 3473 790 3526 ἐπεὶ
833 3474 1006 3536 οὐδεὶς
1047 3470 1267 3528 δύναται
1303 3475 1445 3528 δυσὶ
1485 3478 1712 3544 κηρίοις

137 3562 492 3628 δουλεύειν
528 3562 620 3614 καὶ
665 3564 735 3616 οὐ
781 3563 1050 3632 δυνάμεθα
1086 3562 1204 3630 ἅμα
1238 3563 1358 3629 Θεῷ
1408 3564 1718 3618 δουλεύειν

136 3649 254 3704 καὶ
289 3648 596 3719 ξΜαμμωνᾷ,
619 3689 634 3711 ,
663 3650 759 3703 εἷθ’
807 3651 834 3703 ὃ
861 3651 913 3703 τί
957 3669 1084 3704 ποτε
1125 3652 1180 3704 ἓν
1217 3653 1248 3722 ἢ
1275 3653 1491 3706 πλείονα
1525 3655 1718 3708 καλου-

143 3741 320 3812 μένῳ.
361 3741 517 3794 Ἀλλὰ
549 3743 641 3796 καὶ
688 3745 735 3795 εί
769 3743 864 3795 διὰ
897 3742 1004 3811 τῆς
1046 3744 1432 3811 παραϐάσεως
1474 3747 1579 3799 τοῦ
1621 3748 1739 3801 νόο.

129 3847 268 3900 μου
300 3831 548 3900 ἀτιμάζει
585 3849 666 3895 τις
693 3832 1208 3904 τὸννομοθετοῦντα,
1241 3835 1405 3903 σαφὲς
1433 3837 1562 3905 ἡμῖν
1603 3836 1718 3904 φαί-

138 3939 305 3977 νεται
329 3947 361 3988 ,π-
390 3924 504 3986 ὅτι,
539 3924 629 3977 δύο
671 3924 849 3994 νόμων
891 3926 1233 3996 ἐναντιότητα
1277 3926 1410 3996 πρὸς
1451 3925 1710 3996 ἀλλήλους

135 4002 417 4086 ἑχόντων,
454 4014 546 4068 τοῦ
595 4015 758 4085 νόμου
801 4014 892 4067 τοῦ
942 4015 1075 4067 Θεοῦ
1124 4018 1214 4068 καὶ
1263 4016 1355 4067 τοῦ
1410 4017 1570 4085 νόμου
1618 4013 1710 4068 τοῦ

133 4104 476 4174 Παμμωνᾶ,
536 4101 889 4173 αἱρετώτερον
957 4103 1104 4173 ἡμᾶς
1162 4102 1248 4155 διὰ
1302 4102 1400 4187 τῇς
1460 4101 1713 4171 παραϐά-

136 4210 293 4256 σεως
327 4192 419 4246 τοῦ
461 4192 624 4262 νόμου
655 4191 746 4244 τοῦ
781 4194 1073 4262 Μαμμωνᾶ
1112 4193 1201 4244 τὸν
1235 4193 1560 4261 Μαμμωνᾶν
1594 4190 1712 4241 ἁτί-

1821 3271 1978 3356 ΙιιιῙιιίε
2008 3289 2189 3342 mundi
2228 3304 2478 3358 praeesse;
2517 3294 2642 3362 quia
2670 3305 2823 3344 nemo
2846 3299 3022 3358 potest
3049 3292 3246 3344 duobus
3279 3293 3380 3343 (lo-—

1819 3378 1974 3430 minis
2004 3378 2214 3440 servire,
2246 3387 2300 3432 et
2328 3394 2428 3433 non
2461 3381 2958 3448 possumusservire
2988 3379 3093 3432 Deo
3119 3391 3166 3432 et
3204 3380 3379 3435 Mam-

1817 3484 1986 3531 mome
2010 3470 2074 3530 ¹⁰,
2109 3469 2225 3522 sive
2260 3469 2374 3522 hate
2402 3485 2502 3523 vox
2538 3487 2698 3524 tmttm
2733 3471 2959 3537 aliquid,
2992 3471 3104 3523 sive
3133 3471 3281 3540 plura
3308 3475 3378 3528 si-

1813 3554 2051 3626 gniticet.
2079 3557 2343 3616 Praeterea
2376 3564 2417 3613 si
2445 3577 2536 3628 per
2559 3561 3043 3627 prwvaricalionem
3073 3559 3199 3628 legis
3225 3562 3377 3636 iulio-

1812 3657 2036 3727 noratur
2084 3649 2359 3718 legislator
2393 3652 2475 3725 “_,
2528 3649 2871 3717 perspicnmn
2928 3651 3082 3702 nobis
3119 3650 3330 3706 videtur
3357 3693 3375 3719 ,

1794 3737 2022 3794 'duabus
2069 3739 2296 3810 legibus,
2348 3741 2440 3795 Dei
2473 3741 2681 3795 scilicet
2717 3755 2770 3795 et
2800 3741 3152 3808 Maiumonm,
3185 3758 3370 3799 secum

1813 3829 2043 3884 invicem
2074 3827 2460 3898 pugnantibus,
2494 3832 2663 3885 satius
2696 3846 2818 3886 esse
2845 3847 2939 3900 per
2967 3836 3374 3902 prmvaricatio-

1817 3936 1936 3973 nem
1994 3919 2124 3988 legis
2162 3919 2470 3974 Mammonte
2520 3921 2878 3976 Mammonam
2932 3919 3279 3992 iulionorare,
3318 3940 3376 3982 ut

1823 4010 2087 4063 servanda
2135 4009 2228 4062 Dei
2279 4009 2393 4078 lege
2445 4009 2612 4064 Deum
2667 4013 3034 4079 honoremus;
3070 4031 3228 4085 quam
3279 4035 3376 4088 per

1818 4098 2318 4168 praevaricationem
2362 4100 2498 4167 legis
2542 4100 2636 4154 Dei
2689 4103 2853 4156 Deum
2908 4106 3268 4175 inhonorare,
3321 4119 3379 4165 ut

1820 4187 2085 4242 serVauda
2133 4187 2446 4242 Hammona:
2480 4189 2595 4258 lege
2629 4188 2989 4246 Mam’monam
3025 4195 3374 4254 bonoremus.

138 4287 381 4360 μάζειν,
454 4286 539 4338 ἵνα
607 4283 697 4337 διὰ
755 4284 856 4352 τῆς
919 4288 1197 4355 τηρήσεως
1265 4285 1356 4337 τοῦ
1420 4285 1583 4352 νόμου
1653 4281 1744 4335 τοῦ
1813 4281 1945 4335 Θεοῦ
1996 4282 2085 4335 τὸν
2132 4282 2260 4335 Θεὸν
2324 4285 2679 4355 τιμήλσωμεν.
2734 4287 2767 4356 ἢ
2836 4287 2923 4340 διὰ
2976 4288 3075 4359 τῆς
3132 4295 3379 4363 παραϐά-

137 4396 290 4441 σεως
323 4377 418 4430 τοῦ
453 4379 615 4449 νόμου
659 4377 752 4431 τοῦ
786 4377 1044 4432 Θεοῦτὸν
1082 4378 1213 4431 Θεὸν
1251 4379 1530 4448 ἀτιμάζειν
1553 4419 1568 4444 ,
1600 4378 1686 4433 ἵνα
1722 4379 1950 4450 τηρήσει
1986 4377 2078 4430 τοῦ
2111 4379 2274 4448 νόμου
2309 4379 2403 4432 τοῦ
2452 4382 2748 4452 Μαμμωνᾶ
2800 4383 2889 4436 τὸν
2946 4385 3267 4455 Μαμμωνᾶν
3299 4405 3379 4442 τι-

141 4475 226 4544 μή
235 4489 312 4526 σω
320 4489 436 4542 μεν.

193 4537 426 4630 ,Κέλσος
473 4567 568 4638 μὲν
616 4556 710 4621 οῦν
753 4565 919 4620 οῐεται
963 4565 1044 4632 τῷ
1082 4568 1200 4634 ,βίῳ
1245 4569 1613 4640 λειτουργεῖν
1642 4568 1713 4623 τὰ

1887 4569 1972 4622 57.
2007 4567 2164 4621 Putat
2193 4565 2384 4622 Celsus
2413 4567 2659 4641 homines
2690 4537 2844 4639 [angi
2868 4571 2984 4624 vita:
3012 4571 3186 4640 ofﬁciis
3216 4560 3376 4626 donec

135 4657 486 4727 πρέποντα,
530 4657 738 4728 μέχρις
781 4657 858 4712 ἂν
904 4658 1020 4712 τῶν
1053 4658 1290 4729 δεσμῶν
1326 4661 1712 4717 ἀπολυθῶσιν

134 4751 457 4821 ἄνθρωποι,
498 4751 633 4808 ἐπὰν
671 4751 812 4805 κατὰ
841 4750 910 4804 τὰ
942 4751 1301 4823 νενομισμένα
1349 4758 1462 4818 τοῖς
1500 4756 1710 4820 πολλοῖς

135 4843 251 4907 τὰς
284 4842 468 4907 θυσίας
492 4859 575 4907 τις
595 4842 827 4914 ἀποδιδῷ
851 4845 1062 4914 ἑκάστῳ
1084 4843 1190 4896 τῶν
1215 4845 1352 4897 κατὰ
1381 4845 1533 4898 πόλιν
1561 4864 1711 4915 νομι-

64 4925 76 4929 ’
138 4935 393 5006 ζομένων
426 4936 581 5002 θεῶν,
603 4937 663 4990 οὐ
692 4939 889 5007 νοήσας
921 4937 980 4988 τὺ
1005 4937 1215 5005 άληθῶς
1248 4937 1456 5005 πρέπον
1490 4937 1710 5006 ὐπὸ-τῆς

135 5025 410 5098 ἀκριϐοῦς
441 5026 719 5091 εὐσεϐείας
754 5027 1260 5097 ὐπολαμϐανόμενον
1283 5044 1296 5057 ·
1344 5030 1501 5098 ἡμεῖς
1524 5028 1578 5081 δέ
1604 5047 1708 5098 φα-

144 5131 259 5188 μεν
305 5115 382 5187 τῷ
415 5115 514 5188 βίῳ
559 5117 887 5188 λειτουργεῖν
935 5116 1068 5186 μετά
1109 5117 1214 5169 τῶν
1261 5119 1572 5188 πρεπόντων
1619 5121 1710 5174 τὸν

145 5207 499 5277 μεμνημένον
551 5207 634 5270 τίς
669 5225 728 5260 τε
783 5209 812 5260 ὁ
855 5206 1292 5276 δημιουργήσας,
1342 5209 1435 5260 καὶ
1486 5210 1602 5263 τίνα
1643 5210 1711 5264 τὰ

141 5295 517 5368 ἑκείνῳφίλα,
549 5301 641 5352 καὶ
669 5300 842 5351 πάντα
876 5297 1174 5365 πράττοντα
1200 5296 1334 5365 πρὸς
1365 5298 1423 5349 τὸ
1454 5299 1601 5366 φίλον
1633 5300 1711 5370 τῷ

141 5385 294 5458 Θεῷ.
325 5389 432 5441 Καὶ
459 5387 617 5442 πάλιν
650 5386 855 5449 Κέλσος
882 5386 976 5455 μὲν
1010 5385 1150 5437 θέλει
1176 5388 1325 5457 ἡμᾶς
1359 5390 1710 5459 εὐχαρίστους

140 5472 453 5549 εἶναιπρὸς
489 5479 612 5540 τοὺς
649 5477 770 5547 τῇδε
808 5476 1063 5546 δαίμονας
1087 5515 1101 5540 ,
1146 5477 1386 5546 οἰόμενος
1424 5480 1533 5550 (29)
1563 5482 1711 5552 ἡμᾶς

229 5595 280 5626 ’δ
315 5594 509 5661 Ephes.
534 5601 606 5656 vr,‘
641 5595 718 5647 Η.
820 5594 862 5624 ⁸⁸
902 5593 1013 5646 Jac.
1045 5610 1081 5655 ι.
1108 5593 1162 5647 2.
1267 5594 1340 5646 “l
1376 5595 1567 5659 Petra,
1605 5598 1658 5650 7.

1769 5598 1810 5627 ¹⁷
1851 5597 1988 5651 Psal.
2017 5610 2140 5658 xxv,
2188 5594 2245 5650 2.

147 5663 204 5700 ”
243 5664 431 5717 Hatth.
461 5679 534 5731 Iv,
559 5665 610 5730 9,
645 5665 728 5720 10.
801 5664 845 5695 ²⁹
887 5663 1070 5716 Matth.
1102 5664 1285 5725 \‘t,25.
1362 5667 1405 5696 ²¹
1448 5667 1604 5721 Rotn.
1633 5667 1807 5731 11,9.5.
1853 5692 1856 5695 -

1814 4660 2029 4713 vinculis
2065 4659 2207 4710 hisce
2241 4659 2549 4718 solvantur,
2580 4673 2701 4711 eum
2726 4700 2742 4723 ,
2780 4675 2848 4713 ex
2895 4660 3100 4730 legibus
3147 4664 3377 4732 receptis

1815 4749 1994 4817 vulgo,
2028 4763 2180 4800 sacra
2212 4749 2345 4799 tiunt
2375 4749 2600 4815 singulis
2633 4750 2722 4818 qui
2752 4750 2818 4803 ab
2855 4765 3174 4818 unoquoque
3205 4753 3255 4804 in
3285 4767 3375 4804 ur-

1811 4839 1972 4892 bibus
2000 4839 2075 4891 dii
2105 4853 2223 4892 esse
2255 4839 2570 4892 creduntur.
2600 4842 2669 4893 At
2697 4841 2876 4894 neseit
2893 4843 3161 4907 quodnam
3187 4853 3377 4896 verunt

1812 4931 1880 4982 sit
1925 4929 2157 4984 cilicium
2185 4933 2325 4998 quod
2354 4931 2526 4998 pietas
2562 4931 2786 4999 diligens
2816 4931 3069 4984 admittit.
3105 4930 3210 4985 Nos
3248 4947 3370 4987 eum

1810 5023 1931 5072 vita:
1965 5018 2160 5088 ciliciis
2186 5021 2331 5090 l'ungi
2368 5021 2595 5073 dicimus
2615 5060 2630 5084 ,
2659 5021 2749 5088 qui
2788 5035 2896 5089 prae
2923 5021 3094 5074 oculis
3125 5023 3286 5078 habet
3313 5034 3367 5079 et

1811 5111 1933 5178 quis
1959 5111 2211 5165 conditor
2236 5113 2339 5175 sit,
2370 5121 2425 5165 et
2464 5127 2583 5180 qua:
2609 5119 2762 5176 grata
2810 5110 2884 5162 illi
2920 5113 3052 5174 sint,
3087 5114 3289 5182 quique
3314 5103 3372 5171 id

1811 5204 1924 5271 agit
1961 5217 2175 5273 semper
2218 5213 2274 5256 ut
2329 5201 2439 5255 Deo
2481 5200 2713 5269 placeat.
2766 5199 2972 5253 Rursus
3034 5204 3143 5257 vult
3184 5204 3373 5273 Celsus

1813 5301 1966 5361 grato
2011 5294 2189 5344 animo
2219 5305 2318 5344 nos
2353 5303 2472 5344 esse
2515 5303 2640 5358 erga
2673 5290 2946 5345 dmmoues
2971 5329 2986 5354 ,
3040 5303 3234 5360 putans
3267 5295 3373 5350 illis

1818 5383 1999 5436 deberi
2031 5398 2079 5458 a.
2101 5382 2253 5435 nobis
2280 5382 2416 5450 grati
2450 5381 2614 5433 animi
2650 5380 3120 5450 signiﬁcationem.
3154 5385 3221 5438 At
3249 5400 3368 5449 nos,

1820 5479 2015 5547 quibus
2045 5488 2383 5547 perspectum
2417 5471 2499 5533 est
2540 5479 2668 5547 quid
2701 5479 2870 5533 virtus
2897 5483 3036 5550 grati
3063 5483 3225 5535 animi
3261 5483 3368 5545 sit,

2378 5596 2419 5626 ιε
2458 5575 2500 5648 ιι
2531 5595 2675 5652 Tim.
2713 5611 2772 5662 ιι,
2804 5597 2866 5663 5;
2903 5597 3130 5667 Philipp.
3163 5611 3244 5662 ιιι,
3279 5595 3368 5668 ει.

229 5778 342 5850 (313)
379 5777 716 5850 bibh.iautea
744 5776 895 5850 editi,
935 5771 1072 5850 εἷπεέ
1104 5776 1204 5850 Τόν
1229 5776 1454 5850 Κύριον.
1476 5789 1578 5835 etc.
1606 5779 1709 5835 Sed

1817 5779 1912 5833 ilex
1942 5778 2268 5832 Basilecnsis
2301 5786 2355 5830 ut
2389 5777 2442 5830 in
2477 5789 2665 5831 nostro
2705 5785 2875 5830 textu.

231 5847 344 5912 ('39)
377 5847 710 5902 Hmscbelius
745 5848 794 5900 ιιι
829 5849 995 5914 textu,
1027 5847 1335 5916 οἰομένους,⁷
1355 5850 1511 5904 male.
