4076 6312
174 476 317 535 1605

1337 472 1610 531 CONTRA
1650 474 1928 534 CELSUM
1969 475 2093 546 LIB.
2137 476 2271 533 VIII.

3278 481 3415 542 I600

173 596 528 668 ὀνομάζουσι
551 614 564 628 ·
606 597 701 651 καὶ
739 594 816 665 δὴ
843 592 1272 660 ἐπικαλοῦντες
1302 593 1524 660 αὐτοὺς
1560 592 1748 648 ἰῶνται

1859 596 2005 651 bonis
2022 597 2260 650 omnibus
2280 595 2484 665 aﬂluere
2500 611 2655 665 quam
2680 596 3073 653 calamitatibus
3096 600 3417 672 conﬂictari,

173 690 293 745 τῶν
317 690 514 760 μερῶν
543 688 614 743 τὰ
641 689 976 758 παθήματα.
1023 687 1084 740 Τί
1123 681 1236 740 οὖν
1262 686 1475 740 κωλύει
1507 687 1756 752 τούτους

173 759 367 836 τεκαὶ
422 779 564 846 τοὺς
615 780 839 844 ἄλλους
897 778 1304 848 δεξιούμενον,
1343 775 1420 829 ἂν
1445 774 1630 846 χρήζῃ
1669 794 1758 855 τις

171 875 466 944 ὑγιαίνειν
490 872 729 942 μᾶλλον
765 871 802 940 ἢ
831 872 1058 935 νοσεῖν,
1090 870 1188 924 καί
1213 869 1490 938 εὐτυχεῖν
1517 869 1758 937 μᾶλλον

171 962 214 1032 ἦ
249 961 590 1029 δυστυχεῖν,
643 961 740 1014 καὶ
793 959 1284 1025 βασανιστηρίων
1326 958 1425 1011 καὶ
1463 961 1758 1025 κολαστη-

168 1053 342 1121 ρίων,
375 1054 456 1118 ὠς
486 1052 713 1106 οἴονται
751 1051 883 1120 ('55),
918 1047 1335 1117 ἀπηλλάχθαι;
1383 1049 1493 1101 Καὶ
1524 1048 1611 1101 διὰ
1637 1046 1758 1099 τού-

171 1161 285 1197 των
315 1142 377 1214 δὴ
410 1124 666 1210 κατάγειν
697 1140 850 1211 ἡμῶν
889 1137 1225 1209 πειρώμενος
1251 1137 1346 1208 τὴν
1369 1137 1543 1207 ψυχὴν
1569 1140 1597 1190 6
1620 1136 1728 1189 Κέλ

173 1253 269 1300 σος
291 1237 382 1288 ἐπὶ
402 1236 526 1297 τοὺς
553 1233 830 1304 δαίμονας,
852 1231 926 1295 ὡς
944 1230 1202 1301 λαχόντας
1234 1231 1265 1300 ἡ
1274 1229 1391 1298 μῶν
1412 1230 1480 1282 τά
1504 1227 1754 1299 σώματα,

170 1329 271 1383 καὶ
285 1322 378 1383 ἕνα
391 1329 620 1382 ἕκαστον
649 1327 957 1379 ἐπιστατεῖν
984 1323 1416 1392 ἀποφαινόμενος
1450 1321 1613 1392 μέρος
1645 1319 1756 1390 (56)

169 1422 268 1476 τοῦ
299 1421 545 1493 σώματος
576 1420 752 1492 ἡμῶν,
782 1417 920 1471 θέλει
955 1419 1101 1489 ἡμᾶς
1141 1415 1412 1468 πιστεύειν
1438 1413 1545 1485 ,μὲν
1572 1408 1652 1477 οἷς
1676 1415 1760 1468 λέ-

169 1529 262 1581 γει
286 1508 598 1583 δαιμονίοις,
628 1513 720 1566 xci.
754 1509 1074 1581 θεραπεύειν
1102 1506 1242 1561 αὑτά
1262 1522 1273 1535 °
1312 1507 1400 1560 ἵνα
1427 1498 1758 1574 ὑγιαίνωμῗεν

175 1603 376 1674 μᾶλλον
413 1603 730 1674 ἥνοσῶμεν,
767 1602 860 1655 καὶ
895 1597 1206 1669 εὐτυχῶμεν
1246 1596 1445 1667 μᾶλλον
1489 1597 1522 1665 ἢ
1566 1595 1760 1647 δυστυ-

169 1695 379 1766 χῶμεν,
414 1695 508 1749 καὶ
540 1696 638 1764 ὅση
667 1693 920 1761 δύναμις,
960 1687 1421 1759 βασανιστηρίων,
1458 1686 1534 1747 ὠς
1564 1679 1676 1737 οἷόν
1695 1674 1769 1737 τέ

171 1787 340 1854 ἐστιν,
375 1784 794 1854 ἀπαλλαγῶμεν.
826 1781 1090 1834 Τοσοῦτον
1114 1778 1159 1831 δ’
1186 1778 1292 1850 ἄρα
1325 1776 1634 1845 κατέγνωκε
1658 1778 1756 1858 τῆς

169 1877 256 1941 εἰς
283 1877 372 1930 τὸν
405 1876 536 1929 Θεὸν
559 1875 665 1928 τῶν
690 1875 825 1928 ὅλων
850 1871 1105 1941 ἁσχίστου
1131 1869 1223 1922 καὶ
1247 1865 1546 1938 ἀδιαιρέτου
1571 1868 1752 1938 τιμῆς,

1859 689 1903 742 is
1933 688 2181 743 molestiis
2209 691 2490 759 poenisque,
2516 699 2769 758 quantum
2792 689 2906 755 fieri
2930 699 3119 756 potest,
3145 692 3420 765 liberetur,

1859 780 1978 834 illos
2009 781 2242 850 aliosque
2276 782 2470 834 honore
2513 781 2921 848 prosequendo?
2956 779 3047 835 His
3095 781 3285 840 Celsus
3329 800 3423 842 co-

1861 878 2022 924 natur
2056 870 2294 924 animam
2329 878 2576 925 nostram
2607 869 2684 924 ad
2710 868 2985 926 damonas
3021 873 3324 941 adducere,
3357 891 3424 934 ac

1859 959 1902 1012 si
1926 974 2152 1029 corpora
2194 968 2376 1014 nostra
2415 949 2605 1016 sortiti
2629 970 2834 1015 essent.
2867 961 3034 1015 Suam
3070 966 3264 1034 cuique
3296 982 3424 1035 par-

1861 1059 1965 1103 tem
1998 1050 2167 1104 nostri
2199 1050 2440 1119 corporis
2469 1049 2784 1104 attributam
2820 1066 2939 1106 esse
2969 1058 3281 1122 pronuntiat
3308 1099 3324 1121 ,
3363 1067 3423 1112 et

1865 1143 1975 1191 vult
2009 1139 2167 1192 fidem
2201 1153 2300 1192 nos
2333 1137 2442 1191 illis
2471 1137 2762 1208 adjungere
2792 1139 3106 1211 cultumque
3148 1146 3418 1210 tribuere,

1863 1241 1918 1284 ut
1947 1245 2080 1284 sano
2109 1231 2284 1300 magis
2315 1245 2474 1298 quam
2505 1246 2650 1298 aegro
2683 1245 2911 1301 corpore
2943 1235 3134 1301 simus,
3163 1252 3424 1305 prospere

1860 1321 2032 1390 magis
2079 1336 2239 1390 quam
2274 1309 2474 1374 misere
2523 1322 2774 1376 vivamus
2803 1364 2817 1387 ,
2866 1332 2918 1376 et
2954 1328 3133 1393 quoad
3163 1327 3279 1397 eius
3307 1327 3424 1382 ﬁeri

1861 1421 2037 1481 potest
2069 1411 2331 1472 molestiis
2357 1411 2668 1466 liberemur.
2703 1415 2891 1469 Cultus
2919 1416 3008 1470 ille
3045 1417 3161 1481 Dei,
3189 1413 3278 1486 ηιιί
3309 1419 3427 1472 cul-

1863 1512 1948 1555 tus
1977 1517 2074 1558 nec
2096 1502 2258 1557 dividi
2290 1517 2389 1556 nec
2412 1504 2651 1570 separari
2680 1497 2879 1574 poteSt,
2904 1507 3125 1561 adeoilli
3155 1507 3425 1575 displicet,

1860 1606 1918 1648 ut
1950 1610 2054 1648 non
2083 1599 2270 1649 credat
2296 1589 2485 1658 Deum,
2511 1609 2632 1647 cum
2664 1595 2811 1650 solus
2840 1598 3099 1651 adoratur
3122 1613 3428 1668 magnoque

1861 1687 2025 1758 786
2053 1689 2234 1741 animo
2257 1687 2477 1754 colitur,
2513 1701 2671 1755 posse
2706 1688 2778 1740 illi
2814 1687 2906 1758 qui
2934 1690 3107 1759 ipsum
3133 1691 3279 1756 colit,
3306 1705 3428 1759 pro-

1859 1787 1979 1844 pter
2009 1777 2062 1830 id
2098 1777 2270 1844 ipsum
2311 1779 2565 1833 virtutem
2601 1779 2763 1839 dare,
2797 1795 2917 1848 quae
2954 1782 3160 1835 sanctis
3207 1792 3426 1849 paratas

1859 1883 1890 1922 a
1922 1870 2252 1924 dwmonibus
2285 1869 2516 1925 insidias
2555 1871 2744 1924 reddat
2786 1871 2986 1926 irritas.
3023 1872 3136 1926 Non
3167 1873 3311 1928 enim
3339 1874 3425 1928 vi-

164 1967 248 2032 ὣς
281 1966 356 2038 μὴ
381 1966 628 2036 αὐτάρκη
661 1962 926 2016 πιστεύων
971 1960 1080 2029 (57)
1116 1959 1204 2012 τὸν
1233 1957 1363 2012 Θεὸν
1405 1957 1563 2028 μόνον
1589 1975 1748 2028 προσ-

1863 1960 1943 2013 dit
1970 1961 2243 2027 quomodo
2275 1961 2390 2015 haec
2417 1963 2620 2017 verba:
2664 1961 2731 2016 In
2779 1964 2986 2017 nomine
3033 1964 3185 2030 Jesu,
3221 1981 3248 2019 a
3285 1966 3429 2022 veris

165 2057 516 2126 κυνυύμινον,
560 2055 653 2106 καὶ
693 2049 1090 2124 μεγαλοφώνως
1144 2049 1451 2119 τιμώμενον
1494 2047 1752 2119 παρέχειν

167 2145 248 2218 τῷ
289 2145 512 2216 τιμῶντι
540 2143 636 2197 ἀπ’
666 2141 829 2195 αὐτοῦ
856 2140 949 2194 τοῦ
981 2138 1160 2192 σέϐειν
1204 2140 1362 2191 αὑτὸν
1390 2139 1616 2209 δύναμιν
1648 2157 1755 2192 κω-

163 2236 387 2306 λυτικὴν
417 2235 515 2307 τῆς
543 2234 650 2288 τῶν
679 2233 945 2305 δαιμόνων
979 2233 1118 2286 κατὰ
1145 2232 1236 2285 τοῦ
1264 2231 1408 2283 ὁσίου
1440 2231 1750 2300 ἐπιϐουλῆς.

1864 2049 2114 2104 ﬁdelibus
2153 2054 2495 2119 pronuntiata
2530 2039 2638 2109 non
2675 2071 2878 2124 paucos
2919 2071 2947 2108 a
2985 2057 3188 2110 morbis
3212 2100 3225 2123 ,
3258 2059 3431 2113 acia:-

1864 2140 2094 2195 mouicis
2124 2143 2533 2197 obsessionibus
2571 2145 2803 2214 aliisque
2839 2147 3198 2201 incommodis
3226 2147 3426 2203 libera-

1861 2230 2060 2284 verint.

161 2328 244 2380 Οὐ
282 2327 388 2399 γὰρ
413 2323 623 2396 ἑώρακε
650 2324 771 2377 τίνα
793 2323 991 2394 τρόπον
1034 2322 1096 2375 τὸ
1156 2323 1224 2375 ἐν
1281 2323 1521 2391 ὀνόματι
1580 2320 1686 2374 τοῦ
1725 2319 1924 2392 Ἰησοῦ
1957 2321 2061 2372 ὑπὸ
2117 2322 2224 2373 τῶν
2257 2324 2492 2395 γνησίως
2544 2327 2907 2382 πιστευόντων
2956 2327 3284 2401 καλούμενον
3327 2331 3422 2384 οὐκ

160 2419 379 2487 ὀλίγους
408 2419 516 2471 ἀπὸ
543 2417 710 2470 νόσων
735 2416 828 2470 καὶ
851 2415 1219 2486 δαιμονισμῶν
1252 2417 1344 2468 καὶ
1371 2417 1542 2469 ἄλλων
1599 2417 1967 2485 περιστάσεων
2003 2416 2206 2473 ἰάσατο.

236 2503 396 2574 Εἰκὸς
428 2512 495 2574 δ’,
542 2512 626 2562 ὃτι
662 2509 952 2576 γελάσεται
1004 2509 1102 2586 μὲν
1136 2511 1164 2561 6
1205 2509 1273 2561 τὰ
1319 2502 1526 2562 Κέλσου
1563 2511 1759 2563 ’ἀσπα-

157 2605 411 2677 ξόμενος,
441 2603 706 2672 λεγόντων
759 2601 937 2671 ἡμῶν,
988 2602 1098 2666 ὅτι,
1138 2601 1206 2654 ἐν
1249 2601 1328 2666 τῷ
1357 2602 1598 2670 ὀνόματι
1624 2601 1756 2654 ’τοῦ

167 2697 378 2766 Ἰησοῦ
425 2695 548 2748 πᾶν
583 2694 729 2762 γόνυ
773 2693 999 2762 κάμψει
1025 2693 1432 2759 ἐπουρανίων,
1477 2691 1596 2744 καὶι
1621 2692 1751 2744 ἐπιτ

153 2787 357 2856 τείων,
377 2783 473 2836 καὶ
490 2786 913 2852 καταχθονίων·
938 2783 1031 2836 καί
1068 2781 1234 2836 πᾶσα
1269 2781 1519 2850 γλῶσσα
1545 2782 1752 2849 ὑπάγε-

150 2873 351 2939 ταιτῷ
373 2873 876 2942 ἐξομολογεῖσθαι,
897 2871 992 2925 ὅτι
1019 2873 1226 2939 Κύριος
1249 2870 1484 2938 Ἰησοῦς
1500 2868 1754 2939 Χριστὸς

149 2970 251 3033 εἰς
277 2965 464 3031 δόξαν
504 2967 651 3020 Θεοῦ
688 2966 950 3032 Πατρός·
1001 2964 1242 3026 Γελάσας
1269 2963 1325 3016 δὲ
1355 2961 1754 3034 ἐναργεστέρας

150 3059 463 3125 ἀποδείξεις
487 3057 715 3128 λήψεται
743 3056 896 3110 ταῦθ’
929 3054 1099 3119 οὕτως
1129 3054 1272 3125 ἔχειν
1311 3055 1344 3125 ἢ
1383 3053 1510 3124 περὶ
1540 3047 1614 3108 ὧν
1638 3053 1754 3104 ὀνο-

153 3149 352 3220 μάτων
413 3151 615 3218 ἱστορεῖ
665 3146 756 3200 τοῦ
795 3145 1068 3217 Χνουμὴν,
1124 3145 1218 3197 καὶ
1261 3145 1353 3197 τοῦ
1400 3142 1749 3214 Χναχουμὴν,

1933 2510 2020 2566 59.
2058 2511 2274 2564 Ridebit
2304 2528 2400 2568 nos
2432 2513 2549 2568 sine
2575 2514 2738 2570 dubio
2759 2517 2898 2573 Celsi
2930 2525 3136 2574 assecla
3162 2529 3425 2578 dicentes:

1863 2600 1928 2654 In
1957 2604 2162 2656 nomine
2185 2603 2312 2658 .lcsu
2351 2621 2503 2659 omne
2537 2624 2670 2675 genu
2702 2610 2940 2676 ﬂectetur
2968 2613 3281 2678 calestium,
3321 2622 3430 2667 ter-

1859 2695 2105 2747 restrium
2164 2706 2212 2748 et
2252 2695 2621 2763 infernarum,
2673 2711 2719 2752 et
2774 2702 2941 2755 omnis
2991 2702 3173 2772 lingua
3215 2713 3430 2758 tenetur

1858 2785 2096 2850 conﬁteri
2123 2824 2139 2846 ,
2169 2774 2756 2858 quia‘DominusJesus
2783 2790 3023 2847 Christus
3054 2795 3109 2847 in
3155 2794 3323 2864 gloria
3349 2806 3448 2850 est-

1861 2872 1955 2924 Dei
1986 2870 2168 2927 Patris
2194 2875 2258 2926 ³³.
2301 2874 2496 2971 Κξιιοιιι
2528 2877 2686 2941 licet,
2726 2879 2912 2958 audiet
2957 2880 3116 2946 hujus
3148 2883 3224 2935 rei
3258 2882 3426 2937 multo

1856 2963 2090 3017 clariora
2122 2963 2438 3078 arguati'ei‘ta
2473 2982 2634 3033 quam
2664 2984 2785 3035 qua:
2819 2967 2976 3023 aﬂ’crt
3004 2970 3071 3023 de
3100 2971 3220 3026 istis
3253 2973 3428 3026 nomi-

1858 3054 2014 3078 ητις..-
2051 3053 2360 3078 l‘l....‘-.....-_.
2445 3057 2588 3078 l‘l__._
2607 3058 2660 3078 -L
2679 3073 2736 3078 ,Α
2764 3076 2789 3078 __
2810 3074 2860 3078 ,η
2949 3059 2988 3078 n
3037 3077 3050 3078 γ
3068 3070 3080 3078 .
3161 3060 3217 3078 α’
3292 3071 3305 3078 -
3406 3073 3419 3078 Α

1858 3054 2016 3107 nibus
2050 3053 2402 3134 Chnoumeu‘,
2444 3057 2867 3113 Chnachoumen
2896 3100 2911 3124 ,
2948 3059 3086 3114 Cnat
3108 3101 3124 3124 ,
3161 3060 3341 3128 Sicat,
3371 3073 3428 3119 et

1855 3144 2066 3196 cuzteris
2094 3141 2429 3215 Egyptians:
2453 3146 2662 3212 tabulae,
2691 3149 2886 3216 quibus
2910 3151 3424 3211 invocatismorhos

149 3244 259 3298 καὶ
284 3240 377 3294 τοῦ
429 3239 610 3302 Κνὰτ,
652 3239 746 3292 καὶ
777 3237 870 3290 τοῦ
904 3237 1072 3290 Σικὰτ
1101 3237 1207 3307 (58)
1235 3276 1248 3300 ,
1277 3235 1371 3288 καὶ
1409 3234 1514 3286 τῶν
1547 3232 1747 3285 λοιπῶν

1854 3233 2085 3311 partium
2113 3235 2297 3288 sanari
2338 3236 2673 3293 fabulantur.
2708 3239 2788 3294 Ac
2826 3240 2980 3307 vide,
3024 3247 3299 3311 quomodo
3325 3263 3426 3302 nos

146 3335 256 3389 τοῦ
281 3331 653 3401 Αἰγυπτιακοῦ
680 3327 1004 3396 καταλόγου,
1031 3330 1106 3392 ὡς
1135 3327 1500 3398 καλουμένων,
1534 3325 1627 3378 καὶ
1659 3327 1750 3377 lu)-

150 3425 339 3498 μένων
367 3423 584 3485 τάτῶν
628 3421 809 3491 μερῶν
861 3421 1176 3492 παθήματα.
1224 3419 1332 3474 Καὶ
1363 3419 1464 3489 ὅρα
1503 3435 1588 3486 γε,
1633 3416 1752 3468 τίνα

145 3514 359 3588 τρόπον
388 3515 534 3584 ἡμᾶς
566 3511 888 3582 ἀποτρέπων
917 3509 1193 3564 πιστεύειν
1223 3503 1316 3562 ἐπὶ
1342 3509 1432 3561 τὸν
1469 3507 1576 3560 τῶν
1616 3505 1751 3558 ὅλων

147 3606 290 3662 Θεὸν
312 3605 398 3658 διὰ
428 3602 602 3674 Ἰησοῦ
630 3601 724 3655 τοῦ
754 3601 1012 3672 Χριστοῦ,
1043 3603 1134 3653 ἐπὶ
1163 3601 1364 3666 πίστιν,
1415 3599 1504 3652 διὰ
1529 3599 1626 3669 τὴν
1657 3600 1749 3652 τοῦ

152 3698 408 3766 σώματος
460 3695 614 3766 ἡμῶν
676 3693 988 3764 θεραπείαν,
1053 3692 1208 3746 καλεῖ
1235 3691 1294 3755 ἒξ
1325 3692 1418 3744 καὶ
1458 3692 1750 3761 τριάκοντα

154 3789 508 3863 βαρϐαρικῶν
539 3789 845 3860 δαιμόνωνο
897 3786 992 3849 οὒς
1039 3785 1187 3856 μόνοι
1225 3785 1541 3852 Αἰγυπτίων
1587 3785 1749 3854 μάγοι

151 3883 468 3948 καλοῦντες,
527 3881 628 3934 οὐκ
679 3876 772 3933 οἶδ’
824 3880 993 3942 ὅπως,
1045 3875 1466 3945 ἐπαγγέλλονται
1519 3877 1649 3946 ἡμῖν
1683 3873 1750 3939 τὰ

151 3975 455 4048 κρείττονα.
495 3974 634 4045 Ὥρα
659 3972 704 4025 δ’
738 3972 889 4043 ἡμῖν,
923 3970 1063 4023 κατά
1093 3969 1182 4022 τὸν
1215 3966 1441 4029 Κέλσον,
1497 3982 1746 4037 μαγγαν-

151 4065 298 4120 εύειν
330 4064 563 4136 μᾶλλον,
614 4063 709 4118 καὶ
761 4061 1062 4133 γοητεύειν,
1112 4059 1254 4131 ἥπερ
1295 4055 1694 4128 Χριστιανίζειν
1729 4075 1743 4089 ο

152 4157 250 4209 καὶ
283 4156 494 4228 ἀπείρῳ
522 4154 630 4208 τινὶ
664 4152 882 4224 ἀριθμῷ
922 4151 1189 4221 δαιμόνων
1237 4150 1436 4221 μᾶλλον
1476 4146 1750 4202 πιστεύειν

150 4248 186 4319 ἢ
224 4246 304 4317 τῷ
330 4246 554 4300 αὐτόθεν
580 4246 832 4315 ἐμφανεῖ,
879 4244 971 4294 καὶ
1005 4242 1188 4306 ζῶντι,
1235 4244 1327 4294 καὶ
1367 4243 1585 4312 ὲναργεῖ
1631 4238 1749 4310 Θεῷ

152 4339 237 4410 τῷ
279 4341 373 4392 ἐπὶ
402 4340 556 4403 πᾶσι,
589 4336 678 4389 διὰ
709 4335 798 4389 τοῦ
849 4335 1014 4404 πολλῇ
1058 4334 1284 4403 δυνάμει
1331 4333 1750 4422 ’ἐπισπείραντος

148 4432 247 4488 τὸν
275 4431 512 4502 καθαρὸν
553 4426 651 4498 τῆς
699 4423 1000 4488 Θεοσεϐείας
1029 4425 1181 4492 λόγον
1214 4427 1279 4496 τῇ
1309 4423 1458 4493 πάσῃ
1513 4423 1618 4476 τῶν
1653 4425 1746 4476 άν-

147 4522 392 4596 θρὼπων
419 4519 738 4590 οἰκουμένῃ’
780 4518 840 4569 οὐ
879 4515 1148 4586 ψεύσομαι
1197 4515 1260 4586 δὴ
1309 4514 1618 4584 προστιθεὶς
1652 4513 1762 4566 καὶ

1854 3340 1882 3376 a
1921 3309 2025 3379 ﬁde
2060 3325 2112 3379 in
2146 3341 2414 3380 summum
2461 3328 2632 3382 Deum
2664 3345 2760 3399 per
2786 3324 2972 3386 Jesum
2999 3309 3280 3391 Christum
3328 3339 3426 3392 ha-
3463 3336 3466 3339 ’

1851 3418 2024 3473 henda
2065 3429 2347 3486 avertens,
2387 3421 2635 3476 hortetur
2667 3423 2734 3476 ad
2763 3423 3066 3479 habendam
3107 3442 3200 3489 sex
3232 3439 3288 3485 et
3324 3433 3422 3484 tri-

1852 3511 1997 3590 ginta
2027 3511 2274 3566 barbaris
2297 3513 2630 3570 daemonibus
2653 3509 2834 3582 tidem,
2858 3530 2995 3586 quos
3020 3520 3117 3574 soli
3142 3518 3420 3592 ίΕεγριῑο-

1853 3592 1986 3654 ιιιιιι
2014 3603 2154 3671 magi
2199 3605 2519 3659 invocantes
2549 3609 2730 3662 nescio
2765 3610 3056 3678 quomodo,
3096 3628 3290 3682 magna
3326 3633 3424 3670 uo-

1832 3691 2252 3775 _bis.commoda
2304 3697 2647 3764 pollicentur.
2717 3698 2895 3768 Ergo,
2937 3702 2980 3755 si
3030 3703 3187 3758 Celso
3239 3705 3419 3772 ﬁdes,

1850 3786 2028 3852 potius
2060 3786 2222 3840 fuerit
2249 3788 2354 3841 arti
2382 3790 2606 3858 magica:
2631 3794 3030 3864 prtestigiisque
3052 3812 3111 3850 se
3138 3797 3418 3868 addicere,

1849 3889 2009 3943 quam
2045 3874 2289 3946 religioni
2330 3876 2684 3945 Christianae,
2718 3890 2772 3935 et
2801 3881 3183 3946 innumerabili
3215 3887 3418 3953 daemo-

1850 3978 1977 4016 num
2007 3974 2236 4019 caterva:
2255 3963 2412 4019 fidem
2444 3967 2739 4037 adjungere
2763 3984 2924 4039 quam
2956 3971 3062 4027 Deo
3093 3989 3190 4041 per
3219 3989 3278 4030 se
3310 3991 3417 4031 ma-

1849 4053 2082 4121 nifesto,
2128 4054 2369 4130 viventi,
2410 4070 2626 4112 summo
2651 4099 2666 4124 ,
2706 4061 2992 4133 perspicue
3043 4065 3285 4121 revelato
3321 4083 3419 4136 per

1849 4159 1972 4199 eum
2003 4185 2015 4206 .
2045 4145 2144 4214 qui
2176 4160 2367 4219 magna
2400 4147 2602 4201 virtute
2635 4165 2816 4203 veram
2848 4153 3066 4220 pietatis
3095 4157 3235 4208 viam
3265 4173 3417 4212 com-

1851 4235 2172 4289 monstravit
2199 4237 2451 4291 omnibus
2476 4238 2652 4293 ubivis
2685 4248 2950 4295 terrarum
2985 4245 3311 4312 hominibus,
3339 4257 3414 4316 et,

1849 4327 1991 4395 quod
2018 4328 2215 4382 addere
2250 4344 2466 4396 possum
2506 4331 2624 4385 sine
2655 4333 2940 4388 mendacio
2961 4375 2975 4397 ,
3011 4336 3132 4391 aliis
3161 4339 3372 4394 naturis
3393 4382 3411 4409 ,

1850 4433 1968 4486 quat
2001 4421 2231 4473 rationis
2279 4430 2406 4474 sunt
2458 4423 2756 4494 participes
2784 4467 2799 4491 ,
2831 4441 3061 4497 quaeque
3102 4431 3416 4498 emendari,

1850 4511 2056 4573 curari,
2093 4523 2253 4580 atque
2286 4528 2313 4566 ιι
2345 4513 2494 4568 vitiis
2522 4517 2744 4570 avocari
2779 4517 3038 4586 indigent.

145 4591 352 4683 λέγων,
384 4615 466 4666 ὃτι
510 4612 602 4664 καὶ
649 4609 757 4662 τῶν
797 4607 970 4663 ἄλλων
1029 4605 1261 4675 λογικῶν
1314 4605 1424 4676 (59)
1465 4606 1558 4657 καὶ
1615 4603 1878 4673 δεομένων
1936 4601 2271 4672 διορθώσεως
2338 4607 2431 4658 καὶ
2477 4606 2772 4677 θεραπείας
2827 4609 2918 4661 καὶ
2967 4612 3266 4684 μεταϐολῆς
3313 4613 3414 4683 τῆς
3461 4591 3464 4595 ⁵

145 4709 266 4763 ἀπὸ
289 4709 390 4778 τῆς
419 4707 646 4769 κακίας.

275 4801 656 4871 ’Υπειὸόμενος
700 4797 828 4866 γοῦν
883 4797 912 4848 6
965 4796 1167 4856 Κέλσος
1227 4794 1316 4846 τὸν
1367 4794 1449 4856 είς
1511 4790 1741 4862 μαγείαν

1913 4787 2001 4843 60.
2043 4785 2384 4857 ρυῑψτυνωτ
2411 4790 2599 4846 Celsus
2628 4779 2910 4861 suspicans
2935 4809 3096 4862 quam
3123 4811 3189 4850 ex
3214 4797 3297 4851 his
3324 4799 3410 4853 di-

129 4898 366 4964 _6).t600v
397 4895 503 4948 τῶν
534 4892 602 4946 τὰ
629 4890 852 4944 τοιαῦτα
888 4886 1302 4959 μεμαθηκότων,
1332 4885 1424 4938 καὶ
1454 4882 1743 4952 συναισθη-

146 4969 269 5053 θείς
304 5006 419 5051 πως
449 4985 648 5056 βλάϐης
681 4983 809 5052 περὶ
845 4981 971 5044 τοὺς
999 4977 1288 5039 ἀκούοντας
1325 4975 1607 5045 ἐσομένης,
1641 4991 1742 5044 φη-

147 5081 243 5136 σίν
265 5097 279 5108 ·
329 5077 545 5131 Ἐκεῖνο
571 5075 775 5145 μέντοι
804 5071 1162 5142 φυλακτέον,
1191 5069 1349 5132 ὅπως
1367 5067 1450 5135 μή
1474 5083 1563 5131 τις
1589 5081 1740 5118 συν-

144 5171 240 5225 ὼν
271 5171 524 5234 τούτοις,
576 5166 652 5234 τῇ
687 5165 964 5234 θεραπείᾳ
987 5161 1062 5230 τῇ
1085 5160 1215 5227 περὶ
1261 5159 1413 5210 αὐτὰ
1442 5154 1739 5222 συντακῇ,

144 5246 665 5330 φιλοσωμαέῆσας
689 5271 751 5307 τε
778 5253 874 5307 καὶ
905 5251 1022 5305 τῶν
1062 5247 1410 5318 κρειττόνων
1439 5246 1741 5312 ἀποστρα-

468 5323 480 5342 ›

145 5337 312 5420 φεὶς,
364 5337 520 5414 λήθῃ
567 5344 926 5414 κπασχεθῇ.
967 5341 1090 5412 Χρὴ
1140 5340 1250 5411 γὰρ
1287 5339 1430 5404 ἴσως
1461 5339 1570 5391 οὐκ
1602 5338 1735 5390 dm-

227 5457 275 5491 ”
315 5454 550 5524 Philipp.
572 5470 646 5518 ιι,
687 5454 778 5516 10,
813 5453 902 5508 H.

229 5567 346 5642 (τε)
382 5567 474 5642 Ὡς
494 5565 858 5642 οἴονται.’ξ›ἰο
902 5565 1031 5620 libb.
1065 5545 1222 5616 antea
1260 5560 1426 5642 eam,
1446 5560 1732 5642 sednvide-

155 5630 254 5696 ιιιέ
275 5630 584 5706 legendum,
612 5635 689 5697 ὡς
716 5630 826 5686 οἶόν
848 5651 908 5706 τε
939 5653 952 5688 :
996 5651 1138 5706 natn_
1151 5630 1308 5706 paulo
1337 5631 1482 5706 infra
1535 5630 1726 5706 Qrige-

149 5697 470 5792 “habet,
505 5703 956 5775 βασανιστηρίων,
989 5697 1193 5767 ὼςοῖόν
1223 5700 1282 5753 τέ
1333 5701 1503 5765 ἐστιν,
1548 5699 1723 5755 ἀπαλ-

150 5782 439 5849 λαγῶμεν.
867 5843 879 5855 ⁹
1620 5839 1631 5850 ⁸

217 5851 348 5923 ’(56)
375 5845 529 5900 Libb.
564 5851 721 5898 antea
752 5843 909 5923 editi,
932 5843 1152 5923 μέρους,
1185 5850 1240 5923 at
1286 5842 1454 5895 codex
1501 5840 1726 5908 Regius,

152 5915 352 5997 μόρος,
384 5927 441 5976 et
491 5924 638 5972 recte
677 5915 893 5985 quidem
941 5923 1014 5991 ut
1039 5915 1300 5983 jungatur
1362 5925 1483 5966 cum
1528 5925 1729 5980 preecc-

1844 4881 2091 4950 sciplinis
2121 4874 2366 4934 lubricus
2407 4883 2479 4935 sit
2509 4883 2575 4935 ad
2614 4893 2785 4936 artem
2811 4885 3077 4954 magicam
3115 4886 3317 4956 lapsus,
3353 4876 3416 4944 et"

1844 4972 2025 5041 aliquo
2081 4973 2240 5026 modo
2291 4973 2533 5028 sentiens
2589 4985 2849 5042 quantum
2904 4975 3023 5029 illas
3071 4976 3408 5034 discentibus

1844 5063 2124 5131 impendat
2152 5062 2480 5130 periculum:
2513 5063 2810 5118 Cavendum
2848 5074 3020 5119 tamen
3048 5107 3063 5131 ,
3099 5067 3312 5136 inquit,
3346 5087 3408 5124 ne

1843 5155 1955 5223 quis
1991 5153 2205 5206 illarum
2257 5159 2430 5207 rerum
2465 5157 2734 5209 studiosus
2768 5156 2886 5224 plus
2916 5157 3074 5210 nimio
3103 5175 3157 5211 se
3186 5159 3290 5213 illis
3317 5162 3410 5214 de-

1842 5245 1971 5309 dat,
2001 5254 2048 5297 et
2080 5261 2254 5301 rerum
2290 5262 2657 5314 corporearum
2689 5263 2868 5300 amore
2900 5265 2925 5300 c
2986 5262 3083 5302 itus
3117 5265 3148 5302 a
3173 5251 3408 5305 meliori-

1843 5336 1938 5389 bus
1978 5344 2244 5389 arertatur
2269 5349 2314 5391 et
2341 5339 2553 5392 illorum
2586 5338 2941 5393 obliviscatur.
2996 5337 3230 5398 ’νοτίων
3266 5345 3404 5398 enim

1835 5558 1981 5611 deuti
2017 5558 2268 5612 ἕκαστον.

1907 5628 2020 5696 (57)
2054 5631 2379 5682 Πιστεύων.
2419 5627 2600 5681 Mallet
2643 5628 2864 5682 Bohere
2901 5645 2961 5683 us
3007 5646 3102 5682 πισ
3139 5628 3300 5696 εύειν,
3348 5637 3405 5685 et

1835 5711 1958 5750 mox
1993 5714 2093 5768 pro
2119 5696 2529 5768 μεγαλοφὼνως,
2562 5700 2865 5768 μεγαλοφρι
2891 5715 2976 5761 ιως

1903 5768 2014 5837 (38)
2043 5769 2378 5822 Hoeschelius
2406 5772 2454 5820 in
2491 5778 2639 5822 textu
2675 5786 2687 5820 :
2723 5771 2842 5822 Κὰτ
2877 5770 2968 5821 καὶ
2997 5769 3087 5820 τοῦ
3123 5768 3272 5820 Σίκτ.

1903 5837 2014 5908 (59)
2052 5840 2278 5892 ’Ἁλλων
2309 5837 2586 5906 λογικῶν.
2626 5839 2754 5890 Vide
2782 5838 3402 5908 HiuetiuurOrigeniauo-

1835 5923 1951 5983 rum
1978 5906 2072 5966 lib.
2103 5925 2163 5979 ιι,
2190 5920 2380 5979 quam.
2415 5909 2472 5979 5,
2507 5924 2656 5966 ιιυιιι.
2689 5908 2778 5978 20,
2810 5907 2874 5960 21
2913 5915 2967 5960 et
2990 5906 3081 5959 ἦ.
