4076 6312
723 422 861 482 1607

2201 415 2525 476 ORIGENIS

717 531 849 600 ﬁdes
890 530 1023 585 male
1051 531 1396 600 abrogaretur
1439 531 1563 586 viris
1607 529 1930 599 sapientibus
1955 570 1970 595 ,
2017 532 2109 600 qui
2135 531 2282 584 aiunt

2388 531 2556 585 στεῖν
2581 528 2836 598 ἀνδράσι
2870 528 3106 598 σοφοῖς,
3131 529 3189 583 οἳ
3218 529 3292 596 δή
3321 543 3492 599 φασι,
3538 527 3702 582 διότι
3729 526 3848 598 (40)
3873 527 3982 580 τῶν

717 624 1014 678 maximam
1035 623 1362 676 terrestrium
1391 621 1605 676 illorum
1640 623 1933 674 da'monum
1957 631 2157 688 partem
2195 637 2284 690 ge-

705 700 1008 768 nerationis
1034 713 1295 767 desiderio
1323 716 1626 781 ardentem,
1658 713 1934 782 sanguinis
1953 751 1970 776 ,
2001 713 2241 765 nidorum
2266 752 2281 777 ,

625 818 632 825 '
719 797 1163 873 conce’ntuumque
1193 804 1530 870 percupidum
1561 842 1576 866 ,
1621 803 1843 870 aliisque
1878 800 2180 867 hujustnodi
2211 817 2287 853 re-

720 896 814 946 bus
845 895 1243 958 deditissimum,
1282 911 1385 946 non
1411 895 1559 946 aliud
1591 893 1776 946 melius
1805 909 1953 961 posse
1990 910 2147 962 quant
2174 909 2285 945 cor-

717 1001 815 1051 pus
853 1001 1057 1048 curare,
1095 996 1305 1037 ventura
1349 985 1646 1038 hominibus
1681 986 1993 1054 urbibusque
2037 1003 2284 1050 promun-

721 1079 852 1128 tiare
874 1117 888 1140 ,
918 1086 962 1130 et
989 1093 1309 1146 qua-cunque
1341 1077 1585 1130 mortalia
1619 1087 1776 1142 sunt,
1821 1094 1882 1131 ea
1913 1076 2034 1130 illos
2067 1078 2196 1130 scire
2221 1093 2284 1130 ac

719 1186 890 1236 posse.
914 1168 1049 1223 Cum
1080 1170 1244 1238 igitur
1271 1170 1386 1232 ipso
1419 1157 1782 1241 Deiveritatis
1813 1170 2030 1224 inimico
2058 1169 2282 1235 latente,

721 1262 964 1316 lubricus
995 1264 1081 1317 hic
1112 1262 1295 1331 lapsus
1342 1264 1442 1326 sit,
1475 1273 1673 1330 quanto
1707 1263 1874 1316 satius
1925 1273 2009 1316 est
2055 1262 2282 1315 liberum

720 1355 787 1408 ab
829 1355 973 1409 omni
1020 1344 1168 1406 ntetu
1196 1393 1212 1417 ,
1249 1367 1317 1406 nc
1368 1354 1448 1406 vel
1499 1354 1760 1422 ejusmodi
1793 1341 2126 1406 dremonibus
2166 1351 2283 1420 plus

718 1445 886 1498 nitnio
914 1461 971 1498 se
997 1443 1194 1506 dedat,
1229 1446 1312 1500 vel
1348 1459 1525 1498 rerum
1563 1457 1948 1513 corporearum
1983 1459 2166 1498 amore
2191 1459 2283 1496 ca-

717 1548 842 1604 ptus
872 1525 1233 1591 antelioribus
1265 1547 1540 1590 avertatur
1569 1547 1624 1591 et
1653 1536 1813 1606 787
1841 1537 2053 1592 illorum
2087 1536 2285 1592 oblivi-

720 1636 927 1691 scatur,
959 1628 1195 1696 seipsunt
1231 1643 1446 1682 summo
1480 1628 1585 1681 Deo
1608 1631 1953 1681 committere
1975 1643 2066 1696 per
2095 1625 2281 1681 Jesum

720 1717 996 1772 Christum
1032 1719 1120 1786 qui
1156 1720 1318 1773 talem
1353 1718 1509 1772 nobis
1537 1718 1838 1772 doctrinam
1868 1718 2110 1781 tradidit,
2140 1729 2194 1772 et
2217 1719 2283 1773 ab

2381 622 2499 691 μὲν
2549 622 2854 691 περιγειων
2907 621 3203 691 δαιμόνων
3257 620 3325 674 τὸ
3385 619 3685 675 πλεῖστον
3751 621 3977 689 γενέσει

2386 712 2753 782 συντετηκὸς
2784 751 2798 775 ,
2856 713 2951 766 καὶ
3016 711 3488 781 προσηλωμένον
3562 713 3780 781 αἵματι
3816 750 3831 774 ,
3886 711 3975 766 καί

2386 799 2632 873 κνίσσῃ,
2660 802 2757 858 καὶ
2791 803 3124 874 μελῳδίαις,
3155 801 3253 856 καὶ
3281 801 3490 869 ἄλλοις
3519 804 3654 883 ,τισι
3683 803 3974 869 τοιούτοις

2387 896 2862 966 προσδεδεμένον
2879 936 2893 960 ,
2944 896 3208 964 κρεῖττον
3253 896 3435 951 οὐδὲν
3479 896 3712 950 δύναιτ’
3763 894 3844 948 ἂν
3877 894 3973 948 τοῦ

2386 986 2744 1055 θεραπεῦσαι
2763 986 2955 1055 σῶμα,
2981 985 3078 1038 καὶ
3091 974 3446 1055 μέλλουσαν
3471 988 3665 1054 τύχην
3682 983 3974 1051 ἀνθρώπῳ

2385 1076 2483 1130 καί
2533 1079 2706 1131 πόλει
2757 1077 3077 1158 προειπεῖν,
3127 1077 3226 1130 καὶ
3267 1076 3383 1129 ὅσα
3427 1077 3558 1143 περὶ
3598 1078 3709 1143 τὰς
3758 1076 3972 1141 θνητὰς

2385 1173 2628 1240 πράξεις
2659 1171 2844 1226 ταῦτα
2880 1172 3052 1225 ἴσασὶ
3081 1188 3142 1224 τε
3171 1171 3268 1223 καί
3297 1171 3605 1224 δύνανται.
3636 1171 3970 1240 Τηλικῦὺτῠυ

2385 1262 2474 1318 οὖν
2504 1265 2714 1336 ὀλίσθου
2760 1265 2886 1335 περὶ
2931 1265 3020 1316 τὸν
3071 1263 3233 1317 τόπον
3279 1262 3460 1326 ὄντος,
3491 1265 3567 1326 ὼς
3600 1264 3695 1316 καὶ
3725 1265 3756 1314 6
3788 1263 3970 1332 ἐχθρὸς

2383 1359 2448 1426 τῇ
2489 1354 2582 1407 τοῦ
2613 1354 2745 1408 Θεοῦ
2784 1353 3008 1424 ἀληθείᾳ
3053 1356 3346 1423 μαρτυρεῖ,
3389 1353 3537 1421 πόσῳ
3581 1354 3824 1422 βέλτιον,
3875 1370 3970 1420 χω-

2387 1448 2470 1518 ρὶς
2502 1447 2681 1518 πάσης
2710 1447 3022 1517 ὑφοράσεως
3042 1446 3192 1517 ὑπὲρ
3217 1444 3310 1498 τοῦ
3341 1447 3674 1514 συντακῆναι
3714 1448 3969 1508 τοιούτοις

2385 1541 2653 1610 δαίμοσιν,
2685 1538 2716 1609 ἢ
2754 1537 3217 1608 φιλοσωματῆσαι,
3271 1540 3364 1592 καὶ
3401 1539 3467 1591 τὰ
3509 1551 3805 1610 κρείττονα
3846 1543 3970 1590 ἀπο-

2388 1630 2706 1702 στραφῆναι,
2746 1630 2838 1680 καὶ
2869 1627 2973 1680 ὑπὸ
2996 1627 3163 1699 λήθης
3192 1629 3289 1699 τῆς
3306 1629 3414 1680 τῶν
3447 1631 3778 1700 κρειττόνων
3813 1647 3969 1682 κατα-

2388 1720 2662 1791 σχεθῆναι,
2707 1722 2766 1774 τὸ
2797 1722 2986 1774 ἑαυτὸν
3013 1720 3369 1792 ὲμπιστεῦσαι
3407 1722 3482 1791 τῷ
3517 1723 3611 1774 ἐπὶ
3657 1726 3797 1774 πᾶσι
3835 1720 3965 1790 Θεῷ,

721 1806 812 1861 illo
841 1824 962 1862 cum
991 1822 1154 1862 omne
1186 1809 1449 1862 auxilium
1487 1809 1794 1878 postulare,
1826 1818 1937 1861 tum
1971 1819 2280 1863 sanctorum

2387 1813 2470 1866 διὰ
2498 1812 2591 1866 τοῦ
2630 1814 2728 1884 τὴν
2752 1811 3004 1884 τοιαύτην
3050 1814 3179 1882 ἡμῖν
3241 1812 3585 1866 διδασκαλίαν
3636 1813 3966 1881 ὑποθεμένου

720 1899 1030 1969 angelorum
1055 1899 1437 1970 justorntnque
1475 1902 1776 1955 custodiam
1801 1940 1818 1966 ,
1852 1912 1909 1954 ut
1939 1917 1968 1954 ιι
2011 1902 2285 1954 terrestri-

2400 1905 2570 1974 Ἰησοῦ
2604 1904 2858 1973 Χριστοῦ,
2899 1905 2992 1956 καὶ
3031 1905 3126 1957 ἀπ’
3163 1904 3558 1957 ὲκείνουάίτεῖν
3605 1907 3796 1957 πᾶσαν
3844 1905 3964 1973 βοή-

721 1995 823 2050 bus
851 1996 952 2049 illis
986 2010 1083 2049 nos
1136 1997 1371 2048 liberant
1418 1995 1792 2059 daemonibus,
1841 1995 1934 2064 qui
1982 1994 2284 2049 carnalium

2387 1994 2555 2060 θειαν,
2584 1996 2676 2047 καὶ
2719 1994 2960 2065 φρουρὰν
2994 1993 3091 2065 τὴν
3132 1994 3239 2046 ἀπὸ
3279 1993 3449 2060 ἁγίων
3482 1993 3734 2061 ἀγγέλων
3763 1995 3858 2047 καὶ
3893 1994 3965 2046 δι-

722 2084 1057 2154 voluptatum
1094 2087 1363 2141 desiderio
1386 2087 1605 2154 ardent,
1637 2087 1898 2156 sanguine
1925 2096 1979 2140 et
2008 2085 2287 2141 nidoribus

722 2176 1081 2244 delectantur,
1106 2179 1378 2247 protervis
1403 2179 1690 2248 capiuntur
1719 2179 2098 2243 concentibus,
2136 2177 2286 2232 aliis-

720 2283 824 2338 que
852 2270 1158 2339 hujusmodi
1185 2271 1343 2324 rebus
1369 2270 1696 2324 deditissimi
1723 2279 1872 2334 sunt,
1897 2285 2136 2339 quosque
2164 2285 2286 2324 con-

718 2373 828 2420 stat
858 2368 938 2420 vel
968 2367 1134 2435 ipsius
1159 2363 1301 2419 Celsi
1335 2365 1678 2420 confessione
1720 2367 1852 2420 nihil
1877 2366 2068 2422 melius
2105 2381 2281 2435 posse,

717 2468 879 2528 quam
905 2472 1103 2526 corpus
1127 2472 1338 2523 sanare.
1369 2458 1479 2526 Ego
1496 2472 1628 2512 vero
1649 2473 1718 2512 ne
1746 2458 1796 2512 id
1821 2459 2035 2526 quidem
2064 2458 2284 2511 evidens

617 2564 622 2573 '
720 2563 840 2604 esse
862 2548 1249 2620 allirmaverim
1281 2589 1296 2615 ,
1333 2549 1598 2619 ejusmodi
1630 2549 1933 2612 daemones,
1969 2549 2283 2618 qualiscun-

721 2655 827 2712 que
860 2641 965 2695 illis
1013 2642 1281 2694 tribuatur
1322 2641 1504 2696 cultus
1529 2680 1545 2705 ,
1585 2655 1744 2710 posse
1783 2654 2008 2708 corpora
2044 2655 2278 2708 sanare;

721 2734 814 2788 sed
848 2732 1126 2786 medicina:
1152 2747 1253 2800 ope
1280 2732 1571 2800 quaerenda
1599 2742 1682 2786 est
1704 2731 1929 2795 sanitas,
1949 2731 1992 2786 si
2015 2733 2137 2801 quis
2155 2731 2282 2786 sitn-

720 2822 914 2893 plicem
941 2832 998 2877 et
1023 2838 1363 2878 communem
1395 2824 1559 2877 vitam
1605 2823 1735 2877 velit
1761 2824 1994 2890 ducere;
2024 2824 2068 2876 si
2099 2835 2278 2878 autem

722 2914 930 2984 vulgari
972 2916 1400 2984 przesmntiorem
1422 2954 1438 2980 ,
1491 2915 1691 2983 pietate
1733 2915 1785 2968 in
1814 2929 2085 2976 sttntmum
2110 2914 2281 2991 Deum

722 3016 777 3061 et
805 3005 939 3062 fusis
969 3008 1035 3062 ad
1061 3006 1208 3062 illum
1233 3007 1505 3077 precibus.

791 3280 882 3335 61.
906 3281 1024 3350 Ipse
1052 3279 1332 3334 enimvero
1349 3290 1531 3348 reputa
1553 3289 1754 3342 tecum,
1774 3286 1893 3332 utra
1911 3279 2282 3332 universorum

726 3373 856 3435 Deo,
891 3370 1044 3438 cujus
1091 3382 1332 3440 potestas
1388 3386 1498 3440 pra:
1553 3370 1794 3439 cujusvis
1834 3369 1939 3422 alia
1985 3373 2052 3425 ad
2105 3373 2284 3426 omnia

725 3462 959 3533 pertinet
1011 3469 1173 3531 atque
1219 3461 1355 3514 adeo
1384 3462 1450 3515 ad
1488 3459 1935 3515 benefaciendum
1983 3462 2286 3516 hominibus

725 3554 841 3606 sive
874 3566 1000 3622 erga
1031 3552 1289 3614 animam,
1316 3551 1429 3606 sive
1479 3564 1606 3623 erga
1640 3565 1856 3620 corpus.
1897 3553 2014 3607 sive
2037 3567 2162 3620 erga
2201 3566 2286 3607 res

725 3653 1040 3706 extraneas,
1065 3641 1283 3710 probari
1317 3642 1487 3713 magis
1532 3643 1700 3712 possit
1730 3641 1963 3706 aﬂectio,
1997 3643 2140 3696 illius
2193 3642 2284 3712 qui

727 3733 828 3802 ipsi
858 3748 916 3787 se
943 3735 994 3786 in
1027 3733 1279 3788 omnibus
1309 3733 1554 3796 devovet.
1573 3749 1640 3786 an
1663 3735 1780 3819 ejus
1803 3734 1893 3802 qui
1924 3733 2151 3810 sollicite
2183 3735 2290 3788 dte-

726 3839 944 3880 tnOnum
979 3827 1199 3880 nomina
1237 3826 1479 3895 inquirit,
1523 3834 1579 3879 et
1610 3841 1714 3893 qua
1744 3828 1945 3879 virtute
1997 3827 2126 3889 sint,
2160 3826 2287 3895 quid

729 3917 949 3981 faciant,
990 3916 1190 3985 quibus
1245 3915 1708 3970 incantationibus
1733 3927 2048 3978 evocentur,
2097 3916 2290 3984 quibus

729 4008 1064 4063 delectentur
1094 4007 1294 4072 herbis,
1327 4006 1420 4076 qui
1468 4017 1864 4061 consecrentur
1925 4006 2030 4061 illis
2060 4007 2287 4076 lapides,

727 4100 820 4169 qui
837 4101 1181 4154 characteres
1199 4101 1251 4153 in
1278 4100 1362 4154 his
1388 4098 1788 4168 insculpuntur,
1807 4099 1896 4167 qui
1928 4098 2291 4167 respondeant

729 4205 825 4244 seu
856 4191 1171 4260 sytnbolicis
1192 4187 1283 4244 seu
1317 4182 1644 4259 quibuslibet
1671 4191 1793 4243 aliis
1835 4190 2140 4244 daemonum
2178 4188 2289 4242 for-

732 4279 854 4333 mis.
896 4277 1242 4347 Perspicuum
1265 4289 1349 4333 est
1376 4278 1460 4334 vel
1494 4294 1682 4348 parum
1704 4261 2021 4349 intelligenti
2049 4278 2291 4334 aﬂ'ectio~

732 4385 854 4427 nem
889 4371 1033 4424 illam
1081 4371 1314 4425 hominis
1338 4372 1470 4426 recti
1504 4384 1559 4425 et
1589 4372 1809 4425 minime
1835 4371 2054 4438 curiosi,
2094 4373 2293 4441 quique

736 4464 840 4518 hoc
870 4464 986 4531 ipso
1013 4478 1070 4518 se
1093 4471 1264 4516 totum
1290 4476 1500 4517 summo
1532 4462 1639 4517 Deo
1678 4465 1992 4529 committit,
2010 4473 2288 4534 acceptam

2311 3220 2354 3276 C

2386 2085 2576 2151 καίων,
2597 2085 2660 2137 ἵν’
2692 2086 2838 2154 ἡμᾶς
2868 2085 3132 2156 ρύσωνται
3163 2084 3270 2138 ἀπὸ
3303 2083 3406 2136 τῶν
3440 2083 3738 2154 περιγείων
3785 2086 3964 2154 δαιμό-

2385 2191 2510 2239 νων,
2540 2175 2634 2227 καὶ
2661 2174 2869 2242 γενέσει
2901 2174 3321 2244 συντετηκότων,
3343 2173 3437 2226 καὶ
3453 2174 3648 2242 αἵματι
3665 2172 3764 2225 καὶ
3783 2173 3966 2242 κνίσσῃ

2365 2266 2836 2338 ’προσηλωμένων,
2871 2266 2964 2318 καὶ
2993 2265 3299 2328 ἀλλοκότοις
3331 2264 3619 2336 μελῳδίαις
3664 2265 3962 2334 ἀγομένων,

2384 2358 2479 2412 καὶ
2511 2357 2686 2427 ἄλλοις
2724 2357 2980 2420 τοιούτοις
3011 2355 3481 2427 προσδεδεμένων·
3523 2353 3962 2425 ὁμολογουμένοις

2388 2452 2506 2522 μὲν,
2536 2451 2630 2503 καὶ
2656 2449 2795 2504 κατὰ
2832 2449 2920 2502 τὸν
2949 2447 3175 2510 Κέλσον,
3199 2441 3442 2526 κρεῖττον
3476 2446 3632 2498 οὐδὲν
3657 2446 3962 2516 δυναμένων

2383 2541 2475 2596 τοῦ
2507 2540 2833 2614 θεραπεῦσαι
2866 2540 2925 2594 τὸ
2959 2538 3137 2610 σῶμα.
3195 2537 3333 2605 Ἐγὼ
3377 2537 3422 2590 δ’
3465 2538 3692 2607 εἴποιμ’
3739 2538 3806 2591 ἂν
3833 2579 3848 2602 ,
3893 2535 3961 2588 ὅτ’

2382 2634 2491 2690 οὐδ’
2550 2634 2776 2706 ἐναργές
2812 2635 2927 2687 ἐστι
2954 2634 3014 2686 τὸ
3040 2633 3166 2695 τοὺς
3217 2631 3473 2701 δαίμονας
3515 2628 3779 2691 τούτους,
3827 2632 3961 2690 ὅπως

2384 2727 2512 2781 msh
2541 2723 3035 2799 θεραπευομένους,
3080 2721 3338 2777 δύνασθαι
3388 2720 3716 2792 θεραπεύειν
3758 2721 3829 2774 τὰ
3866 2721 3961 2773 σώ-

2387 2833 2564 2889 ματαο
2593 2815 2727 2869 ἀλλὰ
2758 2814 2862 2886 χρὴ
2897 2814 2994 2886 τὴν
3018 2806 3312 2885 θεραπείαν
3338 2812 3446 2866 τῶν
3475 2812 3778 2881 σωμάτων,
3802 2812 3850 2863 εί
3872 2811 3960 2880 μὲν

2381 2905 2742 2977 ἁπλούστερον
2777 2901 3018 2974 βούλοιτό
3044 2919 3127 2965 τις
3158 2900 3256 2972 ζῇν
3297 2901 3390 2954 καὶ
3421 2901 3755 2970 κοινότερον,
3805 2899 3962 2967 ἐφόδῳ

2385 2998 2601 3069 ἰατρικῇ
2621 2995 2940 3067 θεραπεύειν
2962 3011 2976 3024 ο
3003 2995 3051 3047 εί
3075 2993 3131 3046 δὲ
3148 2992 3351 3063 βέλτιον
3380 2991 3531 3062 παρὰ
3559 2993 3689 3055 τοὺς
3717 2991 3956 3052 πολλοὺς,

2383 3087 2632 3159 εὐσεϐείᾳ
2663 3089 2728 3156 τῇ
2756 3087 2835 3149 είς
2861 3086 2950 3138 τὸν
2981 3085 3072 3138 ἐπὶ
3104 3085 3238 3137 πᾶσι
3265 3082 3397 3136 Θεὸν
3426 3081 3522 3134 καὶ
3541 3082 3664 3143 ταῖς
3695 3080 3813 3150 (41)
3837 3081 3959 3150 πρὸς

2385 3181 2589 3232 ἐκεῖνον
2613 3178 2818 3247 εὐχαῖς.

2460 3271 2567 3324 Καὶ
2605 3271 2668 3322 σὺ
2709 3268 2833 3339 ¹γὰρ
2887 3267 3160 3338 σκόπησον
3205 3265 3357 3335 παρὰ
3410 3263 3612 3332 σαυτῷ,
3667 3265 3824 3315 ποῖον
3868 3280 3961 3315 τια-

2387 3357 2661 3432 ραδέξεται
2692 3358 2889 3429 μᾶλλον
2912 3353 3042 3428 ἦθος
3072 3359 3100 3409 6
3125 3355 3219 3408 ἐπὶ
3251 3355 3387 3407 πᾶσι
3420 3353 3573 3416 Θεὸς,
3607 3353 3705 3406 καὶ
3737 3352 3962 3422 δυνάμε-

2385 3469 2475 3516 νος
2497 3451 2596 3505 ὅσα
2636 3450 2789 3514 ἄλλος
2841 3448 3014 3512 οὐδεὶς
3052 3448 3188 3519 πρὸς
3222 3447 3398 3500 πάντα
3433 3446 3524 3498 καὶ
3557 3444 3698 3516 πρὸς
3755 3445 3965 3515 εὐεργε-

2387 3544 2506 3595 σίαν
2528 3541 2856 3613 ἀνθρώπων,
2891 3540 2999 3594 εἴτε
3034 3541 3163 3611 περὶ
3222 3537 3418 3610 ψυχὴν,
3451 3537 3562 3590 εἴτε
3610 3536 3746 3606 περὶ
3790 3535 3962 3603 σῶμα,

2386 3635 2493 3686 εῐτε
2524 3634 2648 3705 περὶ
2677 3632 2745 3686 τὰ
2779 3618 2964 3695 ὲκτός·
2999 3631 3223 3702 πότερον
3268 3630 3358 3683 τὸν
3401 3628 3548 3699 αὺτῷ
3568 3629 3719 3698 περὶ
3753 3629 3962 3681 πάντων

2386 3725 2733 3796 ἀνακείμενον
2779 3724 2811 3796 ἢ
2853 3723 2944 3777 τὸν
2994 3720 3482 3793 περιεργαζόμενον
3530 3719 3804 3789 δαιμόνων
3858 3719 3964 3770 ὀνό-

2391 3834 2566 3888 ματα,
2609 3817 2704 3869 xui.
2740 3815 3012 3886 δυνάμεις,
3044 3815 3138 3867 καὶ
3164 3813 3420 3883 πράξεις,
3447 3811 3542 3863 καὶ
3587 3810 3802 3881 ἐπῳδὰς
3827 3850 3845 3872 ,
3880 3811 3962 3862 καί

2390 3909 2615 3980 βοτάνας
2660 3908 2864 3970 οἰκείας
2914 3907 3150 3977 δαίμοσι,
3209 3906 3301 3957 καὶ
3351 3903 3561 3966 λίθους,
3623 3904 3719 3955 καὶ
3771 3903 3873 3966 τὰς
3913 3906 3960 3955 ὲν

2388 4004 2568 4066 αὐτοῖς
2589 4000 2816 4068 γλυφὰς,
2843 3999 3192 4069 καταλλήλως
3214 4001 3334 4061 ταῖς
3365 3995 3836 4066 παραδεδομέναις
3859 3995 3960 4063 (4-2)

2389 4094 2496 4146 εῐτε
2539 4091 2886 4162 συμϐολικαῖς
2921 4089 3026 4143 εἴτε
3064 4088 3350 4142 ὁπώσποτε
3397 4091 3630 4159 μορφαῖς
3676 4087 3960 4156 δαιμόνων.

2402 4186 2559 4242 Ἀλλὰ
2587 4185 2739 4257 δῆλον
2765 4183 2842 4254 τῷ
2879 4183 2972 4236 καὶ
3009 4183 3096 4234 ἐπ’
3131 4181 3307 4250 ὀλίγον
3353 4180 3785 4251 παρακολουθεῖν
3809 4179 3963 4232 sua-

2393 4279 2559 4350 μένῳ,
2584 4278 2663 4330 ὅτι
2691 4276 2751 4329 τὸ
2777 4275 3048 4330 ἄπλαστον
3077 4274 3173 4345 μὲν
3203 4273 3297 4328 καὶ
3329 4273 3661 4345 ἀπερίεργον
3711 4267 3846 4343 ἦθος
3885 4271 3962 4323 διὰ

2388 4370 2545 4424 τοῦτο
2595 4370 2713 4440 Θεῷ
2755 4369 2832 4440 τῷ
2882 4370 2974 4422 ἐπὶ
3026 4370 3193 4422 πᾶσιν
3249 4366 3606 4446 ἀνακείμενον
3668 4363 3960 4419 ἀποδεκτὸν

2392 4463 2544 4518 ἔσται
2565 4463 2684 4533 Θεῷ
2713 4463 2805 4517 καί
2833 4464 2966 4515 πᾶσι
2995 4463 3106 4524 τοῖς
3140 4457 3332 4530 ἐκείνῳ
3353 4457 3746 4527 οἰκειουμένοις
3771 4475 3784 4486 ·
3821 4456 3883 4509 τὸ
3912 4454 3957 4506 δὲ

663 4628 667 4632 ¹
737 4555 844 4608 Deo
876 4554 990 4609 fore
1018 4556 1372 4623 omnibusque
1393 4553 1510 4624 ejus
1553 4552 1937 4620 familiaribus;
1995 4570 2114 4625 quas
2161 4571 2285 4611 vero

2388 4558 2452 4608 δι’
2482 4555 2668 4624 ὑγείαν
2720 4552 2988 4624 σώματος,
3042 4551 3136 4606 καὶ
3198 4549 3626 4620 φιλοσωματίαν,
3662 4551 3760 4602 καὶ
3788 4549 3884 4621 τὴν
3911 4549 3959 4600 ὲν

734 4655 952 4718 propter
990 4646 1270 4701 sanitatem
1299 4647 1544 4713 corporis
1573 4661 2069 4716 corporearumque
2106 4662 2283 4702 rerum

2396 4647 2577 4717 μέσοις
2614 4644 2930 4716 πράγμασιν
2954 4643 3228 4712 εὐτυχίαν,
3257 4638 3760 4715 περιεργαζόμενον
3785 4639 3960 4710 δαιμό-

733 4751 971 4816 amorem
1011 4747 1064 4790 et
1089 4741 1147 4788 ut
1177 4751 1262 4790 res
1285 4734 1656 4791 indiﬂ‘erentes
1685 4752 1938 4807 prospere
1968 4739 2282 4803 succedant,

735 4828 947 4883 curiose
977 4829 1264 4895 investigat
1284 4827 1584 4881 daemonum
1609 4829 1824 4883 nomina
1849 4829 2147 4900 quaeritque
2167 4831 2288 4898 qui-

734 4920 835 4974 bus
872 4916 1323 4971 incantationibus
1356 4917 1625 4974 daemones
1656 4920 1908 4974 conciliet
1934 4920 2057 4983 sibi,
2086 4935 2202 4975 eam
2229 4931 2286 4975 ut

737 5008 927 5064 malam
960 5018 1014 5062 et
1061 5007 1279 5076 impiam
1305 5017 1358 5060 et
1397 5007 1638 5070 daemone
1665 5009 1831 5078 magis
1857 5024 2017 5078 quam
2069 5010 2285 5065 homine

809 5162 1113 5234 (40)Διότι.
1165 5163 1473 5219 Boberellus
1530 5167 1712 5221 mallet
1765 5168 1866 5222 ὅτι.
1913 5169 2136 5232 Ibidem,

737 5234 1024 5357 ξῗῶιεόνων,
1087 5236 1217 5289 libb.
1269 5235 1399 5288 editi
1449 5237 1503 5290 in
1559 5236 1802 5306 margine
1839 5241 2065 5308 habent,
2099 5234 2293 5309 δαιμο-

810 5370 922 5446 (ιι)
949 5373 1059 5425 Καὶ
1105 5373 1259 5446 ταῖς.
1292 5374 1366 5427 lttt
1410 5375 1567 5438 codd.
1615 5376 1815 5446 Regius
1858 5389 1916 5432 et
1972 5380 2294 5436 Basileensis

742 5444 939 5498 rectius
962 5457 1119 5508 quam
1143 5445 1263 5496 libri
1297 5453 1453 5497 antea
1485 5446 1642 5510 editi,
1669 5444 1726 5500 ὲν
1753 5449 1894 5509 ταῖς.

723 5517 734 5571 ί
810 5511 925 5590 (422
952 5511 1312 5590 ,ἔφθειρεν-ν
1361 5513 1731 5590 nesapium,
1754 5520 1874 5579 ταῖς
1932 5519 2295 5590 περιδεδομέ-

744 5595 877 5659 ναις.
907 5580 1614 5659 ιίιιμ..ει1ἰιί,ηκαταλλήλιυς
1644 5589 1762 5659 ταῖς
1817 5580 2290 5659 παραδεδομέναις.

738 5647 1208 5789 grunnitus;
1231 5647 1514 5707 Bobcrello
1540 5647 1814 5742 [ciendum
1838 5647 2297 5741 νξᾶοιυτ,’καταλ-

795 5786 919 5870 με)
945 5787 1071 5845 Post
1094 5805 1269 5860 voces,
1299 5793 1328 5844 6
1373 5791 1597 5863 Ἰησοῦς,
1639 5793 1772 5851 libb.
1819 5806 1977 5864 antea
2025 5793 2158 5856 editi
2199 5797 2295 5856 ad-

2194 5185 2290 5238 pm
2337 5187 2339 5190 ‘

2387 4756 2491 4792 νων
2517 4737 2772 4807 ὀνόματα,
2803 4736 2896 4789 καὶ
2929 4733 3123 4806 ζητοῦν
3151 4733 3266 4798 πῶς
3315 4732 3540 4803 κηλήσει
3565 4731 3712 4784 τισὶν
3740 4732 3956 4802 ἐπῳδαῖς

2387 4830 2509 4892 τοὺς
2533 4828 2806 4898 δαίμονας,
2835 4827 2910 4889 ὼς
2930 4824 3218 4896 -μοχθηρὸν
3241 4824 3338 4878 καὶ
3361 4822 3576 4898 ασεδὲς,
3604 4823 3700 4875 καὶ
3734 4823 3956 4892 δαιμσνι·

2387 4921 2480 4973 κὸν
2813 4916 3150 4988 ἀνθρωπικὸν
3171 4955 3187 4980 ,
3223 4896 3538 4984 καταλείψει
3571 4916 3602 4967 6
3633 4913 3771 4977 Θεὸς
3795 4917 3829 4968 6
3868 4915 3956 4983 Ἰηο

2388 5008 2646 5082 σούς-μδ)
2673 5009 2843 5064 εἰλετο
2869 5013 2896 5064 6
2927 5009 2996 5064 τὰ
3024 5009 3196 5065 τοιάδε
3222 5007 3393 5078 λέγων
3424 5007 3642 5080 δαίμοσι
3663 5008 3955 5080 διασπαραο

2394 5171 2523 5234 dunt
2560 5173 2697 5226 intra
2724 5185 2890 5226 uncos
2931 5171 3105 5224 εἵλετο
3148 5173 3176 5223 6
3235 5167 3528 5239 sufenas
3591 5169 3794 5238 λέγων,
3853 5187 3956 5239 qs:

2400 5257 2523 5296 cum
2557 5242 2837 5307 evidenter
2857 5241 3272 5307 corrupta-sint,
3315 5237 3631 5294 Boherellus
3674 5237 3952 5307 legendum

2397 5321 2567 5382 putat,
2599 5305 2681 5374 οἷς
2724 5309 2895 5380 Ἰησοῦ
2919 5305 3091 5382 είλετο
3117 5311 3145 5363 6
3175 5308 3246 5382 ut
3276 5308 3452 5382 τριάρε
3483 5308 3695 5378 λέγων,
3725 5305 3952 5382 δαίμοσι-

2395 5377 2450 5434 id
2491 5392 2596 5444 est,
2634 5383 2703 5433 iis
2747 5377 2874 5444 quos
2929 5380 3060 5434 Jesu
3107 5377 3316 5449 prtefert'
3368 5380 3456 5432 ille
3500 5377 3595 5448 qui
3635 5381 3771 5433 talia
3819 5377 3953 5440 dicit,

2396 5451 2738 5520 dte-sortibus.
2779 5449 2888 5520 Ego
2927 5465 3055 5504 vero
3097 5451 3213 5504 hate
3271 5450 3300 5501 6
3346 5449 3553 5518 Ἰησοῦς
3602 5449 3780 5503 είλετο
3821 5452 3852 5502 6
3899 5451 3954 5500 dt

2397 5519 2577 5601 τοιάδε
2603 5520 2792 5601 λέγων,
2841 5529 2916 5601 ut.
2939 5520 3138 5601 spuria
3173 5527 3228 5601 et
3269 5521 3577 5601 peregrina,
3641 5522 3952 5601 negligant:

2399 5605 2520 5643 esse
2548 5587 2814 5645 duxerim.
2877 5589 3040 5645 Forte
3076 5589 3222 5644 istud
3269 5587 3328 5661 in
3359 5587 3623 5661 margine
3655 5587 3837 5642 fuerit
3871 5589 3956 5661 ali-

2439 5661 2614 5713 ttantlo
2647 5663 2981 5731 aduolat-um,
3031 5667 3085 5714 et
3115 5672 3298 5731 postea
3325 5659 3328 5661 ’
3356 5659 3409 5731 i_n
3470 5671 3682 5731 textum
3711 5659 3951 5731 irrepsit.

2445 5738 2560 5800 crte
2583 5743 2612 5782 a
2637 5729 2860 5784 Gelenio
2885 5744 2988 5783 non
3015 5729 3345 5800 agnoscitur.
3363 5729 3530 5800 Paulo
3555 5741 3683 5800 post
3710 5729 3952 5800 ηιξκιε·

2403 5798 2505 5855 lius
2531 5797 2586 5853 in
2619 5809 2762 5856 testu
2794 5801 2972 5866 habet,
3010 5797 3100 5870 ὑῷ⁹
3127 5800 3354 5856 ἑκάστου
3385 5797 3862 5870 smmum.
