4060 6308
144 546 151 549 _
201 499 347 558 £023

1346 505 1625 563 CONTRA
1660 461 1931 559 CELSUM
1970 502 2096 559 LIB.
2132 502 2266 559 vui.

279 615 340 668 Et
359 614 415 669 δὲ
439 614 686 684 βούλεται
703 618 888 688 ἡμᾶςὸ
907 620 1110 682 Κέλσος
1136 599 1232 673 καὶ,
1263 623 1585 691 στρατηγεῖν
1623 620 1721 672 ὐπὲ

1830 670 1834 678 .
1931 619 2019 672 74.
2047 619 2196 686 Quod
2225 619 2268 672 si
2301 617 2426 671 velit
2446 616 2635 672 Celsus
2660 619 2781 672 duci
2811 619 2972 675 etiam
2998 635 3028 674 a
3064 621 3220 676 nobis
3247 635 3404 679 exet

197 705 457 773 πατρίδος
480 706 576 776 (6),
600 707 750 772 ἵστω,
791 710 872 762 ὅτι
899 712 991 762 καὶ
1023 710 1191 762 ταῦτα
1225 710 1501 780 ποιοῦμεν,
1537 711 1596 762 οὐ
1626 710 1727 779 πρὸ

1859 709 2020 762 citum
2071 708 2136 761 ad
2173 706 2448 760 tutandam
2496 707 2747 775 patriam,
2787 707 2923 762 sciat
2973 709 3202 777 idipsum
3239 709 3401 780 79.

195 793 263 844 τὸ
282 793 565 861 βλέπεσθαι
601 797 705 850 ὑπὸ
728 799 832 850 τῶν
865 799 1161 870 ἀνθρώπων
1184 841 1197 864 ,
1227 801 1639 864 καὶ-κενοδοξεῖν
1671 800 1756 852 ἐπ’

1858 811 2071 866 quoque
2098 789 2127 848 ‘a
2166 796 2321 848 nobis
2360 795 2500 858 ﬁeri,
2533 795 2626 850 sed
2656 810 2759 849 non
2794 800 2851 848 ut
2884 797 2950 850 ab
2977 797 3283 852 hominibus
3315 800 3397 851 vi-

193 883 398 948 αὐτῶν,
444 885 612 938 ταῦτα
667 889 1006 957 πράττοντες.
1077 890 1178 940 Ἐν
1226 888 1332 960 γάρ
1390 887 1469 952 τῷ
1521 891 1727 954 κρυπτζ

1856 888 2081 940 deamur
2099 894 2150 938 et
2183 884 2303 936 inde
2326 883 2606 950 gloriolam
2634 894 2930 951 captemus.
2957 885 3086 939 Nam
3105 887 3158 938 in
3181 888 3396 963 abscon-

191 971 373 1039 ἡμῶν,
404 976 523 1025 κατ’
551 975 679 1028 αὐτὸ
700 977 1114 1056 τὺὴγεμονικὸν,
1147 977 1304 1047 εὐχαί
1329 980 1487 1038 εἰσιν,
1516 978 1757 1044 ἀναπεμ-

190 1061 427 1130 πόμεναι
460 1065 533 1142 ὡς
589 1065 694 1118 ἀπὸ
739 1068 944 1137 ἱερέων,
1003 1069 1140 1138 ὑπὲρ
1187 1069 1293 1120 τῶν
1329 1071 1383 1120 ὲν
1432 1071 1495 1137 τῇ
1534 1068 1751 1138 πατρίδι

188 1150 354 1219 ἡμῶν
384 1154 478 1223 (-7).
514 1157 825 1225 Χριστιανοὶ
855 1157 908 1209 δὲ
941 1157 1136 1226 μᾶλλον
1159 1158 1500 1226 εὐεργετοῦσι
1527 1159 1622 1219 τὰς
1644 1174 1750 1208 πα-

187 1241 380 1310 τρίδας
411 1244 443 1314 ἢ
481 1247 528 1296 οί
560 1246 731 1298 λοιποὶ
763 1246 867 1298 τῶν
898 1246 1213 1316 ἀνθρώπων,
1248 1248 1585 1308 παιδεύοντες
1627 1249 1751 1308 τοὺς

143 1372 152 1375 -
191 1330 420 1394 πολίτας
439 1371 452 1395 ,
487 1336 578 1387 καὶ
615 1335 854 1388 εὐσεϐεῖν
883 1336 1218 1400 διδάσκοντες
1258 1340 1337 1400 είς
1363 1338 1450 1390 τὸν
1480 1337 1584 1389 τῶν
1615 1337 1747 1389 ὅλων

183 1418 325 1473 Θεὸν
355 1421 446 1492 (8),
481 1425 945 1495 ἀναλαμϐάνοντες
974 1429 1052 1489 εἰς
1079 1426 1226 1478 θείαν
1256 1427 1374 1480 τινὰ
1408 1428 1497 1480 καὶ
1527 1426 1749 1495 ἐπουρά-

185 1507 496 1565 νιονπόλιν
546 1515 672 1577 τοὺς
721 1517 778 1567 ὲν
827 1520 945 1578 ταῖς
986 1510 1287 1586 ἐλαχίσταις
1336 1517 1519 1569 πόλεσι
1572 1517 1746 1580 καλῶς

173 1597 520 1669 βιώσανταςυ
558 1604 690 1673 πρὸς
717 1604 1027 1673 οὓς).έγοιτο
1072 1606 1134 1659 ἄν
1159 1624 1170 1635 ·
1222 1609 1321 1659 Ἐν
1353 1608 1427 1677 (9)
1459 1608 1746 1676 ἐλαχίστῃ

183 1691 360 1742 πόλει
399 1692 607 1758 πιστὸς
636 1693 864 1762 ἐγένου,
894 1691 1000 1764 ἧκε
1037 1697 1132 1748 καὶ
1166 1697 1263 1748 ἐπὶ
1299 1697 1410 1764 τὴν
1439 1698 1706 1766 μεγάλην
1729 1717 1740 1728 ·

182 1782 323 1832 ὅπου
365 1781 504 1848 Θεὸς
549 1784 694 1850 ἔστη
743 1784 810 1837 ἐν
853 1784 1168 1854 συναγωγῇ
1200 1787 1363 1850 θεῶν,
1397 1787 1648 1855 ἐνμέσῳ
1679 1788 1745 1840 δὲ

182 1871 363 1936 θεοὺς
401 1869 709 1939 διακρίνειε
763 1875 854 1928 καί
910 1892 966 1926 σε
1014 1877 1354 1946 συναριθμῶν
1398 1879 1577 1940 αὐτοῖς
1603 1918 1616 1941 ,
1653 1877 1744 1930 ἐὰν

1853 979 1962 1029 dita
1992 984 2174 1028 nostro
2199 984 2250 1025 et
2281 973 2468 1025 intima
2513 975 2898 1041 mente,‘quasi
2929 976 3251 1038 sacerdotes,
3273 977 3395 1028 l'nn-

1853 1067 2029 1119 dimus
2077 1063 2143 1114 ad
2179 1063 2342 1114 Deum
2377 1075 2565 1129 preces
2606 1077 2702 1130 pro
2750 1065 3050 1117 concivium
3088 1075 3392 1120 nostrorum

1852 1153 2048 1209 salute.
2068 1154 2205 1220 Quin
2238 1154 2426 1224 patria:
2457 1152 2627 1220 magis
2647 1163 2867 1220 prosunt
2890 1153 3206 1221 Christiani,
3227 1147 3390 1223 quam
3440 1156 3444 1159 ’

1852 1245 2040 1312 reliqui
2072 1247 2334 1300 homines.
2367 1248 2504 1300 Suos
2556 1246 2696 1298 enim
2731 1245 2875 1298 cives
2913 1246 3188 1314 erudiunt,-
3217 1247 3390 1314 pieta-

1853 1342 1955 1383 tem
1984 1333 2041 1384 in
2093 1334 2466 1404 universorum
2501 1333 2662 1386 Deum
2689 1334 2914 1402 docent,
2953 1346 3009 1388 et
3057 1335 3108 1387 itt
3155 1336 3389 1389 divinam

1848 1423 2129 1484 quamdam
2164 1438 2224 1475 ac
2271 1424 2542 1476 caelestem
2579 1423 2852 1476 civitatem
2892 1423 3123 1476 ei'ehunt
3171 1438 3266 1478 eos
3298 1424 3390 1492 qui

1848 1512 1899 1562 in
1925 1513 2159 1566 minimis
2188 1514 2304 1566 istis
2329 1515 2639 1570 civitatibus
2671 1523 2815 1567 recte
2857 1514 3062 1576 vivunt,
3092 1515 3390 1582 quibusque

1846 1600 1948 1653 dici
1986 1603 2155 1668 possit
2186 1620 2198 1654 :
2241 1602 2306 1656 In
2336 1606 2553 1656 minima
2587 1605 2734 1672 fuisti
2767 1604 2958 1671 ﬁdelis,
3004 1606 3117 1657 veni
3161 1604 3229 1654 ad
3275 1619 3391 1655 ma-

1845 1705 1997 1756 gnam
2018 1690 2176 1753 ",ubi
2213 1692 2346 1745 Deus
2368 1695 2505 1746 stetit
2530 1697 2582 1746 in
2606 1710 2866 1762 synogoga
2884 1695 3122 1758 deorum,
3145 1695 3196 1746 in
3219 1695 3387 1746 medio

1845 1789 2016 1832 autent
2047 1782 2168 1835 deos
2209 1784 2488 1851 dijudicat,
2534 1793 2688 1851 teque
2725 1785 2827 1838 illis
2860 1795 3197 1850 annumerat,
3232 1785 3386 1838 modo

1846 1886 1909 1922 ne
1950 1874 2181 1940 amplius
2232 1877 2366 1927 sicut
2399 1876 2550 1930 homo
2600 1877 2863 1942 moriaris,
2907 1887 2955 1931 et
2985 1877 3114 1931 sicut
3158 1892 3288 1930 unus
3321 1877 3383 1929 de

185 1961 390 2031 μηκέτι
433 1963 512 2027 ὠς
561 1963 863 2029 ἅνθρωπος
903 1944 1323 2032 ἀποθνῆσκῄς,
1371 1967 1506 2033 μηδ’
1550 1968 1628 2031 ὡς
1659 1965 1727 2032 εἷς

1842 1965 2160 2031 principibus
2194 1965 2351 2020 cadas
2369 1965 2434 2020 δ”.

182 2049 309 2103 τῶν
337 2053 637 2119 ἀρχόντων
664 2054 901 2120 πίπτῃς.

259 2137 555 2208 Προτρέπει
587 2140 630 2191 δ’
661 2142 802 2209 ἡμᾶς
837 2141 1035 2204 Κέλσος
1066 2143 1158 2194 καὶ
1193 2142 1287 2194 ἐπὶ
1313 2143 1374 2195 τὸ
1410 2142 1611 2210 ἄρχειν
1634 2144 1742 2212 τῆς

179 2229 486 2295 πατρίδος,
523 2229 628 2280 ἐὰν
659 2230 762 2297 δέῃ
786 2232 881 2283 καὶ
911 2231 1082 2284 τοῦτο
1115 2233 1302 2285 ποιεῖν
1325 2233 1533 2286 ἕνεκεν
1557 2252 1742 2302 σωτη-

166 2319 317 2386 ρίας
364 2319 558 2386 νόμων
597 2321 692 2372 καὶ
740 2323 1065 2387 εὐσεϐείας.
1137 2324 1320 2393 Ἡμεῖς
1370 2327 1424 2377 δὲ
1457 2327 1512 2377 ὲν
1541 2327 1739 2396 ἑκάστῃ

173 2411 334 2462 πόλει
366 2410 489 2462 ἄλλο
531 2410 777 2480 σύστημα
826 2413 1077 2482 πατρίδος
1097 2453 1110 2474 ,
1162 2415 1372 2466 κτισθὲν
1389 2415 1541 2485 Λόγῳ
1570 2417 1702 2469 Θεοῦ
1722 2459 1735 2482 ,

173 2498 549 2568 ἐπιστάμενοι,
578 2500 702 2562 τοὺς
733 2500 995 2563 δυνατοὺς
1017 2501 1156 2571 λόγῳ
1179 2502 1272 2556 καὶ
1305 2503 1403 2572 βίῳ
1431 2507 1572 2571 ὑγιεῖ
1599 2525 1740 2577 χρω-

176 2589 498 2658 μένουςῖὲπὶ
531 2590 590 2643 τὸ
620 2592 804 2661 ἄρχειν
851 2591 958 2661 (i0)
1021 2594 1348 2663 Ἐκκλησιῶν
1395 2597 1736 2665 παρακαλοῦ-

180 2695 289 2748 μεν
311 2696 323 2708 ’
362 2681 457 2732 οὐκ
502 2681 880 2750 ἀποδεχόμενοι
927 2684 1020 2750 μὲν
1053 2685 1176 2746 τοὺς
1198 2685 1530 2754 ’φιλάρχους,
1563 2687 1740 2755 βιαζό-

179 2786 335 2838 μενοι
377 2768 431 2820 δὲ
485 2772 607 2833 τοὺς
658 2770 744 2822 διὰ
795 2772 991 2842 πολλὴν
1051 2774 1370 2844 μετριότητα
1415 2775 1508 2844 τὴν
1555 2777 1735 2846 κοινὴν

171 2859 429 2930 φροντίδα
459 2859 558 2928 τῆς
602 2860 918 2931 Ἐκκλησίας
954 2863 1046 2915 τοῦ
1081 2863 1215 2917 Θεοῦ
1263 2866 1336 2934 μὴ
1386 2865 1732 2935 βουλομένους

171 2949 461 3020 προπετῶς
489 2947 859 3016 ἀναδέξασθαις
884 2954 992 3005 Καὶ
1012 2956 1057 3004 ot
1087 2955 1264 3017 καλῶς
1294 2957 1548 3026 ἄρχοντες
1578 2957 1734 3027 ἡμῶν

171 3037 489 3108 βιασθέντες
525 3041 858 3110 ὑπάρχουσι,
891 3042 980 3094 τοῦ
1017 3043 1247 3111 μεγάλου
1281 3045 1538 3113 βασιλέως
1565 3048 1731 3114 ἀναγ-

167 3126 449 3190 κάζοντος,
486 3128 543 3181 ὃν
603 3130 939 3201 πεπείσμεθα
999 3128 1134 3183 εἶναι
1193 3133 1311 3185 Υἱὺν
1355 3135 1512 3198 Θεοῦ,
1563 3135 1732 3204 Λόγον

1909 2133 1993 2186 75.
2029 2132 2136 2186 Nos
2161 2133 2319 2186 etiam
2354 2134 2422 2186 ad
2453 2135 2787 2203 magistratus
2813 2152 2905 2202 pro
2932 2138 3104 2204 patria
3143 2140 3384 2206 gerendos

1840 2227 2082 2279 hortatur
2115 2225 2298 2278 Celsus
2318 2265 2331 2284 .
2372 2227 2415 2278 si
2445 2228 2520 2286 ad
2542 2228 2758 2279 tuendas
2803 2227 2934 2295 leges
2961 2228 3301 2292 pietatemque
3330 2229 3384 2281 id

1837 2319 1976 2387 [acto
2010 2333 2136 2386 opus
2166 2327 2257 2369 est.
2293 2313 2394 2370 Sed
2425 2301 2523 2369 nos
2555 2317 2644 2384 qui
2691 2318 2887 2370 scimus
2917 2318 2971 2370 in
3004 2318 3221 2386 singulis
3249 2319 3380 2372 civi-

1838 2408 2033 2460 tatibus
2081 2407 2235 2458 aliam
2282 2421 2398 2459 esse
2438 2406 2659 2474 patriam
2707 2422 2737 2457 a
2777 2406 2948 2459 Verbo
2985 2405 3076 2459 Dei
3117 2408 3378 2461 constitu-

1837 2508 1961 2560 tam,
1986 2513 2078 2550 eos
2106 2507 2161 2551 ut
2183 2497 2444 2550 Ecclesias
2479 2506 2662 2566 regant
2692 2497 2990 2562 hortamur,
3010 2498 3099 2565 qui
3134 2507 3377 2566 potentes

1833 2603 2083 2641 sermone
2132 2597 2185 2641 et
2223 2603 2449 2656 quorum
2491 2602 2668 2640 mores
2701 2587 2815 2640 sani
2867 2597 3009 2641 sunt.
3061 2587 3161 2652 Qui
3203 2589 3376 2659 digni-

1835 2689 1969 2733 tates
2000 2686 2208 2739 amant,
2257 2693 2349 2731 eos
2398 2678 2771 2746 repudiamus;
2819 2677 3056 2746 cogimus
3097 2694 3222 2731 vero
3260 2679 3376 2733 illos

1830 2767 1918 2834 qui
1963 2783 2070 2835 pne
2114 2768 2276 2820 multa
2320 2766 2575 2819 modestia
2619 2782 2954 2818 communem
3001 2766 3248 2819 Ecclesia:
3281 2767 3373 2821 Dei

1833 2874 2013 2911 curam
2035 2858 2088 2912 in
2126 2875 2183 2913 se
2221 2857 2380 2911 facile
2417 2859 2652 2924 recipere
2687 2855 2888 2910 no!unt.
2913 2857 3090 2925 itaque
3107 2859 3195 2932 qui
3221 2857 3376 2912 nobis

1831 2953 2100 3020 sapienter
2130 2957 2382 3018 praesunt,
2415 2949 2466 3002 id
2503 2949 2575 3001 illi
2607 2947 2775 3001 coacti
2805 2939 3029 3010 [ειείιιιι”ι,
3072 2950 3268 3014 coacti,
3295 2949 3374 3002 in-

1830 3058 2014 3111 quam,
2045 3059 2073 3094 a
2112 3055 2302 3109 magno
2333 3039 2421 3092 illo
2445 3038 2607 3104 Rege,
2637 3053 2793 3105 quem
2822 3038 2912 3092 Dei
2949 3037 3139 3091 Filium
3173 3039 3334 3092 Deum
3356 3065 3370 3078 -

1829 3149 1931 3201 que
1966 3133 2193 3187 Verbum
2221 3148 2338 3186 esse
2363 3145 2673 3200 persuasum
2700 3131 2852 3184 nobis
2891 3139 2992 3185 est.
3024 3131 3175 3196 Quod
3200 3131 3244 3184 si
3268 3131 3362 3199 qui

167 3215 328 3268 Θεόν.
365 3218 469 3269 Καὶ
505 3220 550 3269 εί
585 3219 759 3282 καλῶς
789 3220 1040 3290 ἄρχουσιν
1072 3221 1178 3289 (Η)
1218 3223 1265 3273 οἱ
1298 3223 1549 3292 ἄρχοντες
1579 3226 1635 3276 ἐν
1663 3229 1725 3295 τῇ

1833 3226 1884 3275 in
1923 3223 2158 3276 Ecclesia
2215 3233 2469 3289 prmsunt,
2512 3224 2611 3275 hoc
2642 3231 2726 3276 est
2765 3223 3016 3278 Ecclesiae
3057 3224 3227 3278 vocati
3268 3239 3388 3275 an-t.

184 3306 499 3379 Ἐκκλησία,
540 3309 638 3378 τῆς
673 3309 809 3362 κατὰ
842 3310 971 3362 Θεὸν
1003 3311 1273 3379 πατρίδος,
1324 3312 1464 3380 λέγω
1523 3313 1579 3366 δὲ
1631 3317 1727 3386 τῆς

178 3395 504 3464 Ἑκκλησίας
527 3395 802 3468 λεγόμενοι
827 3401 1136 3470 προστάται,
1167 3403 1198 3471 ἢ
1226 3404 1316 3455 καὶ
1342 3404 1564 3472 ἄρχουσι
1589 3406 1726 3458 κατὰ

161 3485 244 3538 τὰ
284 3486 384 3537 ὑπὸ
434 3488 528 3540 τοῦ
555 3489 686 3540 Θεοῦ
729 3494 1186 3562 προστεταγμένα,
1216 3487 1365 3546 οὐδὲν
1399 3496 1544 3565 παρὰ
1571 3497 1726 3549 τοῦτο

168 3574 487 3644 μολύνονται
519 3578 622 3629 ὑπὸ
647 3578 753 3630 τῶν
780 3579 944 3632 θετῶν
977 3581 1172 3650 νόμων.
1208 3585 1314 3636 Καὶ
1347 3585 1724 3652 οὐφεύγοντές

102 3659 112 3664 ’
163 3680 238 3734 γε
269 3665 364 3729 τὰς
407 3668 714 3738 κοινοτέρας
752 3669 843 3722 τοῦ
888 3671 1002 3740 βίου
1044 3672 1376 3743 λειτουργίας
1413 3676 1722 3744 Χριστιανοὶ

161 3754 241 3806 τὰ
277 3751 496 3809 τοιαῦτα
548 3758 930 3824 περιίστανται,
982 3760 1114 3812 ἀλλὰ
1168 3763 1451 3831 τηροῦντες
1500 3766 1722 3826 ἑαυτοὺς

163 3840 414 3913 θειοτέρα
464 3844 554 3896 καὶ
606 3844 998 3915 ἀναγκαιοτέρα
1040 3847 1345 3918 λειτουργία
1403 3850 1720 3921 Ἐκκλησίας

162 3936 305 3990 Θεοῦ
349 3940 439 3990 ἐπὶ
473 3941 711 4010 σωτηρίᾳ
755 3941 1073 4015 ἀνθρώπων·
1123 3943 1215 3993 καὶ
1259 3941 1562 4007 ἀναγκαίως
1612 3941 1724 4010 ἅμα

160 4026 263 4080 καὶ
305 4029 522 4094 δικαίως
565 4029 874 4101 ἡγούμενοι,
909 4033 1001 4086 καὶ
1045 4035 1258 4086 πάντων
1292 4031 1721 4102 πεφροντικότες,

161 4116 277 4169 τῶν
326 4120 421 4186 μὲν
455 4121 618 4186 ἔνδον,
656 4125 720 4176 ἵν’
761 4125 1024 4194 ὁσημέραι
1071 4124 1273 4192 βέλτιον
1320 4122 1492 4191 βιῶσι,
1525 4121 1632 4173 τῶν
1668 4121 1722 4173 δὲ

161 4206 461 4262 δοκούντων
506 4210 626 4276 ἔξω,
695 4215 780 4267 ἵνα
823 4215 1080 4282 γένωνται
1130 4215 1188 4265 ἐν
1237 4217 1346 4276 τοῖς
1382 4215 1594 4280 σεμνοῖς
1627 4211 1723 4280 τῆς

241 4348 284 4379 ⁸⁸
319 4349 504 4402 Matth.
537 4365 661 4416 xxv,
690 4351 787 4416 2|;
820 4353 950 4406 Luc.
977 4369 1087 4416 χιχ,
1121 4346 1243 4406 17.’

161 4465 264 4537 lib.
294 4478 366 4537 tv,
401 4479 453 4530 p.
481 4464 623 4535 ὅθί),
655 4476 709 4518 ιιι
751 4467 879 4519 bella
925 4469 1068 4530 justa
1096 4479 1246 4537 atque
1273 4471 1515 4520 ordinata
1575 4468 1711 4520 inter

1833 3313 2049 3374 tistites,
2087 3312 2159 3364 illi
2194 3327 2310 3378 quae
2344 3313 2638 3364 secundum
2689 3315 2853 3367 Deum
2883 3324 2967 3368 est
2996 3317 3199 3382 patriae,
3231 3323 3374 3371 recte
3390 3373 3396 3384 ,_

1833 3412 2089 3468 przesunt,
2120 3411 2208 3452 aut
2239 3415 2301 3452 ex
2329 3400 2652 3468 przescriptis
2677 3417 2704 3453 a
2734 3403 2839 3456 Deo
2883 3403 3086 3472 legibus
3115 3413 3371 3471 prensum.

1832 3500 2114 3557 promet-ea
2145 3489 2216 3541 illi
2251 3489 2395 3543 nullo
2429 3490 2584 3542 modo
2614 3491 2681 3542 ab
2710 3490 2956 3545 humanis
2999 3493 3372 3545 contaminan-

1833 3592 1918 3632 tur
1949 3581 2173 3648 legibus.
2208 3578 2389 3647 Neque
2435 3582 2598 3632 etiam
2634 3597 2694 3634 ea
2728 3596 2890 3634 causa
2922 3582 3208 3636 Christiani
3256 3599 3369 3636 ma-

1827 3670 2083 3738 gistratus
2118 3681 2384 3732 recusant,
2417 3670 2558 3736 quod
2610 3668 2816 3735 publica
2852 3675 2971 3725 vitae
3001 3675 3178 3726 munia
3227 3673 3368 3727 refu-

1825 3759 2002 3826 gintil;
2044 3762 2134 3813 sed
2164 3761 2304 3827 quod
2345 3775 2404 3813 se
2452 3761 2704 3816 diviniori
2758 3773 2812 3816 ct
2857 3763 3026 3832 magis
3074 3766 3374 3818 necessario

1828 3849 2076 3902 Ecclesiae
2117 3851 2423 3904 ministerio
2468 3855 2534 3904 ad
2582 3855 2854 3908 hominum
2889 3855 3113 3908 salutem
3159 3869 3216 3908 se
3258 3870 3373 3908 ser-

1833 3948 1972 3991 vent.
2003 3934 2374 3992 Necessarium
2399 3942 2554 4007 simul
2579 3952 2634 4015 et
2655 3942 2855 4010 jnsunn
2888 3946 2987 4000 hoc
3017 3945 3370 3999 ministerium

1805 4037 1929 4080 est.
1972 4029 2221 4082 Omnium
2271 4046 2455 4084 curam
2492 4043 2725 4101 gerunt;
2774 4049 2961 4087 eorum
3015 4035 3228 4102 quidem
3279 4035 3369 4104 qui

1828 4129 1950 4172 sunt
1978 4120 2140 4186 intus,
2172 4131 2229 4173 ut
2263 4123 2312 4175 in
2363 4123 2475 4177 dies
2508 4123 2694 4181 melius
2739 4125 2953 4189 vivant;
3005 4139 3194 4178 eorum
3243 4140 3370 4179 vero

1829 4210 1918 4277 qui
1949 4218 2072 4262 sunt
2111 4221 2288 4275 extra,
2320 4206 2686 4281 utloquantur
2723 4224 2776 4267 et
2805 4213 3003 4268 faciant
3031 4228 3150 4283 quas
3173 4214 3371 4282 pietate

1283 4352 1327 4384 “
1361 4351 1499 4406 Psal.
1529 4366 1720 4417 Luxt,
1758 4350 1803 4414 Ι,
1832 4350 1878 4404 7.

1819 4468 1972 4519 codd.
2008 4466 2202 4534 llegins
2226 4476 2278 4518 et
2317 4464 2660 4534 Bisileensis,
2697 4465 2834 4519 male
2858 4479 3006 4534 vero,
3031 4464 3150 4534 libri
3207 4476 3362 4520 antea

163 4534 400 4603 homines
423 4533 689 4603 gerantur.
713 4537 755 4587 si
783 4541 988 4602 quando
1011 4538 1062 4588 id
1096 4533 1268 4597 iubeat
1296 4538 1570 4590 necessitas
1601 4552 1619 4587 :
1661 4548 1706 4587 et

1830 4536 1962 4597 :dili,
2003 4533 2207 4598 εξςίτὸν
2229 4535 2414 4588 πολιέα
2441 4534 2591 4588 Θεόν.
2620 4533 2730 4588 νον
2761 4537 2900 4588 enim
2929 4533 3140 4596 πολιεύς
3165 4549 3364 4603 εοεηο-

164 4603 304 4673 idem
328 4601 415 4655 ille
444 4601 815 4666 Tcrtutlianus,
863 4609 949 4673 qui
984 4607 1108 4656 alibi
1155 4608 1417 4670 supplicia
1461 4607 1709 4668 capitalia

162 4672 339 4723 minus
380 4675 595 4738 probare
634 4675 852 4735 videtur,
877 4672 1048 4735 dixit,
1075 4675 1258 4726 bonum
1289 4691 1418 4733 esse,
1461 4691 1576 4726 cum
1625 4692 1713 4736 pu-

163 4741 386 4809 rtitmtur
409 4752 666 4804 nocentes,
695 4759 838 4793 nemo
874 4755 1059 4809 negat,-
1105 4756 1148 4793 et
1182 4745 1242 4794 tle
1268 4745 1450 4794 militia
1477 4743 1707 4794 im'sitnt.

168 4807 476 4876 Nam'libro
499 4810 571 4862 De
593 4807 1208 4874 idololatria..gua'ritur,
1235 4813 1419 4879 inquit,
1444 4830 1511 4863 an
1533 4813 1710 4877 [ide/es

160 4881 237 4931 ad
258 4879 493 4946 militiam
531 4881 754 4930 converti
792 4883 1011 4946 possint,
1047 4891 1092 4932 et
1140 4899 1172 4932 a
1211 4882 1398 4933 militia
1430 4884 1496 4932 ad
1556 4881 1711 4946 ﬁdem

163 4947 412 5019 admiui._
439 4945 566 5019 Vide
605 4945 888 5015 Origenem
933 4963 1114 5003 contra
1149 4949 1376 5014 Celsum,
1427 4945 1705 5019 μλιεζὸϋηί,

163 5015 294 5077 ϐυἳ,
321 5017 442 5068 712.
479 5018 737 5070 Spartam.

237 5083 312 5152 (6)
347 5087 700 5154 Erparnrst’r
734 5086 881 5151 ὑπὲρ
935 5087 1227 5151 πατρίδος.
1284 5087 1358 5138 Ita
1409 5088 1542 5139 bene
1597 5103 1710 5137 mo-

163 5157 718 5208 uueratllaaschelius
763 5154 1061 5225 legentium;
1099 5171 1220 5207 nam
1252 5156 1408 5225 ὑπέρ,
1467 5155 1606 5225 quod
1655 5157 1704 5225 in

162 5231 325 5289 ante:
348 5225 505 5276 editis
533 5226 701 5289 deest,
729 5227 778 5276 iu
823 5223 1056 5289 margine
1083 5226 1281 5275 codicis
1316 5223 1508 5275 Juliani
1553 5224 1706 5274 resti-

1816 4617 2051 4656 mentmn
2083 4606 2182 4657 fuit
2215 4605 2384 4667 Jnvis,
2414 4615 2467 4656 ut
2507 4606 2666 4658 docet
2697 4605 2988 4657 Pausanias
3029 4605 3124 4656 lib.
3159 4619 3195 4664 Ι,
3224 4620 3274 4669 p.
3297 4604 3364 4658 57

1812 4683 1863 4725 et
1895 4690 1944 4740 ιι.
1977 4672 2063 4725 70.
2090 4674 2185 4726 Cui
2212 4688 2390 4742 autem
2424 4675 2511 4741 qui
2540 4674 2723 4742 legerit
2746 4689 2806 4726 ea
2842 4689 2960 4741 qua:
2991 4673 3147 4742 habet
3175 4671 3359 4741 Orige-

1814 4758 1905 4794 nes
1929 4744 2018 4795 lih.
2059 4759 2071 4795 l
2102 4755 2280 4794 contra
2309 4741 2514 4795 Celsum
2544 4741 2646 4794 erit
2675 4743 2963 4794 verisimile
2985 4743 3052 4792 ita
3079 4741 3144 4793 ab
3176 4745 3359 4794 eodem

1815 4811 2138 4877 appellatum
2163 4813 2327 4863 fuisse
2349 4827 2609 4863 summum
2627 4811 2825 4862 Deum?
2857 4810 3023 4861 Paulo
3053 4819 3171 4878 post
3201 4809 3356 4862 codd.

1813 4879 2009 4946 liegius
2039 4890 2094 4949 et
2123 4880 2536 4940 Basiteensisﬁv
2567 4878 3021 4949 ékaxiatgiibh.
3041 4879 3168 4930 editi
3202 4880 3361 4949 omit-

1813 4951 2030 5001 ιιιιιιὲν.
2061 4948 2324 5000 Caeterum
2375 4962 2439 4998 ex
2491 4945 2741 4999 memoria
2791 4945 2930 4997 'i-itat
2984 4945 3356 5015 Evangeliutn,

1809 5017 1961 5079 cujus
1985 5033 2088 5068 non
2125 5017 2302 5077 verba,
2345 5016 2436 5067 sed
2468 5028 2681 5066 sensum
2727 5015 2950 5081 profert.

1877 5086 1952 5150 (9)
1997 5084 2152 5136 Ἐάν.
2178 5084 2456 5136 ΒυΙιοτοιΙο
2491 5083 2770 5150 legendum
2815 5086 3043 5147 videtur,
3074 5084 3180 5138 ινα.

1879 5153 1984 5223 (l0)
2023 5153 2174 5207 Libb.
2209 5165 2363 5223 antea
2392 5152 2542 5223 editi,
2567 5153 2876 5223 χρωμένους
2922 5154 3106 5222 ἄρχειν
3155 5155 3246 5205 ἐπὶ
3297 5155 3356 5207 es

1808 5221 2016 5292 ἄρχειν,
2053 5234 2106 5272 at
2137 5223 2291 5274 codd.
2320 5221 2517 5290 Regius
2548 5221 3126 5301 etiiasileensisprius
3169 5223 3354 5294 ἄρχειν

1807 5291 1912 5344 non
1941 5302 2258 5357 agnoscunt,
2300 5305 2351 5342 et
2380 5305 2508 5343 sane
2540 5291 2725 5343 melius
2755 5307 2785 5345 e
2811 5302 2954 5343 textu
2984 5291 3207 5356 eiicitur.

1878 5359 1920 5428 (l
1941 5360 1986 5424 ι)
2013 5361 2122 5410 Καὶ
2149 5362 2200 5428 et
2229 5359 2424 5423 καλῶς
2448 5357 2758 5428 ἄρχουσιν,
2789 5371 2896 5412 etc.
2931 5358 3002 5411 ita
3060 5373 3203 5414 recte
3254 5362 3350 5415 ha-

1807 5429 1935 5480 bent
1966 5429 2129 5497 codd.
2167 5427 2365 5497 iiegins
2394 5427 2834 5497 etAllasileensis.
2879 5429 2936 5497 in
2992 5429 3140 5497 libris
3195 5443 3351 5482 antea

1803 5497 1962 5567 editis
1996 5496 2212 5567 legitur,
2236 5495 2330 5567 καὶ
2365 5499 2428 5567 st_
2446 5495 2704 5567 ἄρχουσιν,
2731 5500 2777 5567 ot
2805 5495 2981 5567 καλῶς
3005 5495 3259 5567 ἄρχοντες
3294 5501 3351 5551 ὲν

1801 5569 1865 5634 τῇ
1911 5565 2202 5634 Ἐκκλησία
2231 5564 2439 5634 ,[ῦπὸ]
2457 5565 2554 5634 τῆς
2585 5566 2721 5617 κατὰ
2747 5565 2877 5617 Θεὸν
2904 5564 3180 5634 πατρίδος,
3211 5567 3348 5633 λέγω

1799 5633 1979 5705 asp};
2019 5633 2336 5705 :Exxl‘qcia;
2366 5633 2701 5705 ἐκλεγόμενοι
2735 5636 2956 5705 ἄρχουσι
2971 5633 3120 5705 κατὰ
3148 5636 3217 5705 τά
3244 5636 3344 5687 ὑπῦ

1799 5702 1890 5754 τοῦ
1910 5700 2046 5776 Θεοῦ
2077 5700 2505 5776 προτεταγμένα,
2542 5700 2690 5776 οὐδεν
2728 5700 2874 5776 πάῥά
2900 5703 3054 5757 τοῦτο
3093 5702 3316 5774 μολύνον

1722 5791 1724 5794 ·
1801 5789 1890 5834 τες
1910 5771 2072 5824 τῶνδε
2097 5771 2203 5825 τῶν
2227 5771 2420 5842 νόμων.
2608 5772 2618 5778 ’
2643 5773 2652 5778 ’

165 5288 354 5341 tuitur.
400 5310 431 5361 rc
483 5292 596 5344 Non
658 5288 866 5361 possum
924 5288 1121 5353 autem,
1169 5292 1703 5358 inquitDoherellus,

162 5360 472 5414 consentire
507 5360 733 5416 Ilenrico
778 5362 998 5421 Valesio,
1025 5363 1113 5425 qui
1155 5362 1204 5412 in
1241 5366 1343 5412 tine
1399 5363 1704 5413 e’rratorum

165 5433 224 5497 et
251 5427 651 5497 oniissorumml
678 5433 1012 5483 Annnianum
1039 5429 1403 5481 Marcellinum
1422 5431 1470 5481 in
1489 5441 1699 5497 quarto,

161 5493 321 5567 dicit,
351 5503 666 5567 στρατηγεῖν
691 5502 775 5552 hic
801 5500 1025 5567 positum
1057 5509 1184 5565 puto
1212 5515 1346 5567 pro,
1386 5493 1704 5564 magistratu

166 5563 340 5636 fungi.
367 5563 462 5636 llic
493 5563 632 5618 enim
658 5563 920 5636 agitu'rtde
944 5563 1155 5621 militari
1186 5563 1517 5635 praefectura.
1551 5568 1618 5619 At
1639 5568 1705 5619 de

165 5632 314 5702 civili
347 5635 558 5687 demum
593 5632 938 5691 sub—initium
967 5632 1489 5702 numeri—sequentis.
1511 5657 1542 5702 οι

161 5774 203 5828 ⁸
238 5700 313 5768 (7)
350 5702 547 5772 Ἡμὼν.
581 5705 772 5761 Cui..-to
823 5707 1107 5776 placuisset
1156 5700 1364 5778 δήμων,
1421 5700 1545 5760 milii
1599 5718 1702 5758 non

206 5786 313 5824 οιΙΙ.

243 5840 314 5909 (8)
341 5842 440 5907 Εἰς
475 5841 574 5896 τὸν
608 5841 722 5895 τῶν
755 5843 909 5897 ὅλων
935 5846 1095 5901 Θεόν.
1135 5846 1220 5900 Sic
1269 5845 1465 5915 optime
1507 5843 1704 5898 habent
