4242 6168
1684 569 2459 701 PROLEGOMENA.

1726 749 2389 781 *ᾤ’-’⁵

1019 828 1265 907 [Hm]
1319 835 1870 923 EPISTULA
1942 828 2804 919 DEDICATORIA.

365 984 789 1041 Eminentissimo
833 999 903 1038 ac
956 977 1398 1037 reverendissimo
1436 975 1670 1048 Principi
1723 974 2001 1029 Dominico
2029 976 2081 1036 Α
2109 982 2158 1030 et
2185 986 2428 1046 magnam
2453 968 2696 1041 quidem,
2747 980 2891 1033 spem
2918 980 3020 1019 non
3048 964 3363 1036 implevisses
3413 962 3583 1017 solum
3609 1000 3622 1023 ,
3671 968 3723 1010 at

446 1080 725 1136 Passioneo
757 1079 824 1134 S.
863 1076 940 1131 R.
972 1073 1046 1129 E.
1075 1070 1350 1128 Cardinali
1379 1072 1559 1124 Petrus
1579 1080 1625 1125 et
1648 1067 2003 1140 Hieronymus
2112 1080 2416 1138 superasses
2438 1080 2456 1130 ;
2480 1060 2666 1133 legatio
2696 1056 2980 1127 apostolica
3011 1059 3232 1128 primum
3262 1055 3409 1127 apud
3444 1051 3726 1115 Helvetios,

448 1173 658 1229 Fratres
679 1170 974 1227 Ballerinii
1004 1163 1320 1236 Presbyteri
1353 1161 1675 1217 Veronenses.
2112 1159 2237 1213 dein
2279 1157 2418 1229 apud
2464 1152 2713 1210 Carolum
2749 1146 2852 1213 VI,
2902 1148 3154 1207 Caesarem
3181 1152 3476 1221 Augustum
3504 1145 3591 1200 tibi
3622 1160 3733 1197 crc-

2120 1250 2233 1305 dita
2262 1249 2360 1321 fuit
2391 1264 2407 1303 :
2430 1248 2483 1301 in
2500 1260 2603 1316 qua
2631 1241 2736 1295 dici
2765 1241 2850 1297 uia:
2875 1254 3060 1317 potest,
3083 1255 3204 1318 quot
3247 1242 3473 1299 subieris
3495 1239 3693 1294 labores
3721 1280 3735 1301 ,

374 1404 381 1407 .
451 1358 768 1414 Sermonum
803 1350 1002 1409 Sancti
1020 1347 1259 1405 Zenonis
1284 1343 1515 1415 Episcopi
1541 1341 1855 1396 Veronensis
1874 1340 2011 1393 inter
2117 1353 2243 1411 quot
2275 1340 2568 1414 prudentia:
2596 1346 2643 1391 et
2663 1334 2943 1406 diligentiae
2958 1339 3263 1395 documenta
3286 1336 3586 1402 reliqueris,
3614 1346 3738 1404 quot

380 1466 556 1506 omnes
573 1448 791 1503 Latinos
813 1444 1037 1507 Patres,
1063 1454 1288 1513 quorum
1318 1437 1577 1491 conciones
1593 1441 1893 1502 supersunt,
1917 1447 2014 1484 an—
2122 1436 2344 1505 denique
2364 1442 2410 1487 et
2424 1433 2669 1487 varietate
2686 1426 3055 1497 dissimillima,
3087 1443 3133 1487 ει
3154 1428 3504 1507 amplitudine
3526 1427 3740 1498 άὶηῑάι.

382 1542 659 1613 tiquissimi
696 1538 1071 1596 collectionem
1114 1533 1294 1587 multis
1321 1538 1468 1585 antea
1495 1541 1694 1594 semper
1720 1526 2019 1581 nominibus
2126 1530 2271 1592 lima,
2296 1537 2344 1583 et
2368 1525 2519 1580 rebus
2544 1520 2669 1590 ipsis
2698 1522 3072 1580 incurrentibus
3093 1522 3502 1597 impeditissima
3536 1522 3742 1594 negotia

384 1612 529 1706 apud
549 1635 729 1690 doctos
759 1643 810 1689 et
836 1631 1101 1693 eruditos,
1131 1626 1327 1680 nedum
1353 1620 1628 1677 catholicos
1651 1660 1666 1685 ,
1697 1619 1787 1673 sed
1811 1618 2022 1672 hetero-

2128 1637 2333 1677 summa
2360 1632 2480 1672 cum
2508 1614 2752 1684 facilitate
2788 1633 2848 1672 ac
2891 1619 3131 1690 felicitate
3172 1614 3513 1686 transegeris.
3566 1612 3749 1687 Neque

384 1729 559 1787 .doxos
581 1727 736 1782 etiam
761 1724 989 1793 miriﬁce
1020 1716 1468 1778 commendatam;
1495 1726 1629 1767 nunc
1654 1719 1827 1764 autem
1846 1752 1861 1775 ,
1889 1725 2027 1779 qua-
2131 1716 2271 1769 enim
2303 1713 2371 1766 iis
2396 1710 2456 1761 in
2480 1709 2767 1765 muneribus
2787 1711 3031 1765 honorem
3055 1753 3068 1776 ,
3098 1712 3178 1767 uel
3202 1712 3375 1767 otium
3397 1749 3412 1771 ,
3450 1706 3540 1761 sed
3565 1724 3695 1779 opus
3726 1752 3742 1776 ,

395 1837 613 1892 cumque
636 1836 728 1891 per
756 1833 852 1872 nos
880 1814 1137 1885 facultate
1169 1828 1230 1865 ac
1255 1809 1514 1881 diligentia
1558 1805 1731 1867 licuit,
1778 1802 2028 1872 plurium
2135 1798 2548 1892 sollicitudinem
2574 1840 2588 1866 ,
2620 1817 2873 1871 curasque
2900 1806 2990 1859 tibi
3016 1819 3320 1875 proponens
3348 1843 3365 1869 ,
3389 1800 3517 1855 illud
3546 1803 3752 1861 assiduo

397 1888 728 1985 antiquorum
750 1910 1009 1972 codicum,
1034 1923 1165 1977 quos
1190 1905 1410 1959 invenire
1428 1914 1475 1956 et
1496 1899 1733 1970 conferre
1753 1897 2032 1968 fortunate
2138 1897 2385 1952 uoluebas
2406 1888 2579 1985 animo
2603 1933 2617 1957 ,
2640 1910 2741 1964 qua
2764 1896 2844 1950 uia
2863 1913 3036 1969 posses
3064 1896 3278 1968 aliquid
3302 1895 3489 1953 indies
3513 1897 3753 1971 efﬁcere,

395 1977 598 2080 obtigit."
635 2022 730 2079 ope
750 2021 784 2058 α
814 2000 1056 2076 pluribus
1076 2007 1354 2069 purgatam
1381 1992 1597 2054 mendis,
1633 1990 1834 2056 aliquot
1858 1989 1915 2041 in
1945 1987 2033 2080 la-
2140 1988 2283 2059 quod
2304 1977 2641 2080 iri-Romanae
2666 1989 2820 2055 sedis,
2847 1989 2899 2043 in
2927 1988 3202 2045 catholica
3231 1989 3484 2047 Ecclesiae
3507 2034 3519 2055 ,
3553 2009 3613 2047 ac
3638 1993 3755 2050 reli-

394 2072 543 2156 cunis
571 2072 863 2171 suppletum
888 2135 905 2160 ,
932 2102 981 2149 et
1007 2089 1295 2161 segregatis
1321 2086 1552 2159 genuinis
1582 2101 1612 2136 a
1638 2080 1836 2152 spuriis
1864 2118 1881 2143 ,
1914 2077 2033 2149 pri-
2137 2082 2318 2152 gionis
2346 2072 2507 2171 decus
2528 2088 2572 2133 et
2601 2082 2873 2137 utilitatem
2896 2083 3101 2138 rediret.
3132 2082 3284 2141 Λευὶ
3314 2086 3636 2155 Αροειοιίεω
3657 2087 3760 2146 Le-

398 2165 943 2267 migeniwvnatiquue
968 2185 1094 2257 ﬁdei
1118 2182 1398 2246 redditam,
1428 2196 1460 2232 a
1489 2194 1589 2233 non
1619 2175 1892 2231 nullorum
1915 2182 2031 2225 tan-
2135 2168 2398 2242 gatinnis
2430 2165 2707 2231 llelvcticte
2732 2175 2883 2246 Tugii
2909 2175 3051 2232 edita
3077 2192 3169 2233 an.
3202 2194 3480 2237 unccxnx
3505 2223 3519 2246 ,
3560 2183 3612 2236 in
3638 2185 3758 2254 qui-

400 2264 515 2341 dem
541 2283 769 2340 censuris
798 2281 1115 2337 vindicatum
1139 2272 1436 2331 'luculenter
1461 2315 1477 2339 ,
1516 2271 1746 2328 sistimus
1771 2276 1892 2322 ante
1929 2273 1982 2318 te
2008 2303 2024 2329 ,
2137 2264 2253 2324 bus
2291 2264 2579 2341 priscorum
2609 2267 2823 2324 Patrum
2852 2272 2993 2327 zelus
3019 2315 3032 2335 ,
3063 2276 3325 2343 gravitas,
3356 2277 3606 2330 sanctitas
3636 2319 3650 2339 ,
3695 2296 3759 2333 ac

400 2379 820 2435 Eminentiuime
842 2374 1092 2443 Princeps
1124 2386 1146 2436 ;
1172 2379 1221 2424 et
1259 2377 1318 2423 ut
1346 2368 1400 2422 in
1425 2383 1536 2422 eam
1559 2363 1805 2434 conjicias
1829 2361 2025 2415 huma—
2058 2354 2105 2416 Β
2134 2357 2444 2433 disciplina
2483 2370 2583 2417 ate
2613 2362 2885 2434 impensius
2915 2362 3127 2419 exculta:
3154 2368 3485 2422 relucescunt
3509 2409 3523 2432 ,
3563 2369 3608 2422 si
3644 2372 3763 2438 quis

405 2474 538 2528 niter
568 2472 765 2537 oculos,
811 2466 1145 2533 eamdemque
1170 2464 1227 2516 in
1251 2459 1598 2531 patrocinium
1614 2472 1675 2510 ac
1702 2454 1857 2525 fidem
1877 2463 2029 2507 tuam
2134 2462 2355 2513 attente
2385 2454 2599 2529 legerit;
2629 2459 2878 2529 specimen
2901 2475 3076 2514 eorum
3102 2503 3116 2525 ,
3149 2479 3268 2531 quae
3292 2464 3558 2517 innuimus
3581 2506 3595 2526 ,
3628 2467 3755 2520 satis

415 2565 661 2637 recipias,
688 2563 844 2617 etiam
873 2569 1023 2629 atque
1048 2557 1203 2613 etiam
1236 2552 1464 2623 petimus
1496 2560 1544 2604 et
1563 2547 1921 2637 obsecramus.
1967 2539 2034 2597 Si

2138 2542 2413 2605 idoneum
2436 2548 2673 2605 inveniet.
2699 2547 2765 2604 At
2791 2550 2953 2605 nihilo
2980 2552 3144 2607 minus
3167 2554 3323 2627 (quis
3345 2554 3617 2608 crederet?
3643 2557 3661 2623 )
3691 2566 3765 2613 tot

423 2633 582 2727 porro
610 2651 815 2709 consilii
835 2650 995 2705 nostri
1025 2648 1280 2703 rationem
1314 2642 1522 2713 aperire
1545 2641 1624 2709 fas
1652 2646 1763 2703 est,
1790 2633 1923 2727 illud
1942 2647 2035 2688 co-
2142 2646 2198 2691 et
2239 2651 2347 2696 ιαηι
2389 2642 2650 2699 άὶιιιιιτηω
2668 2683 2683 2708 ,
2713 2657 2771 2695 ac
2792 2643 3154 2713 propemodum
3175 2645 3399 2699 assidua:
3422 2646 3759 2714 cogitationes

419 2725 694 2820 gitavimus
716 2786 732 2810 ,
776 2744 841 2797 ab
884 2742 1166 2797 editoribus
1191 2738 1447 2794 librorum
1485 2729 1740 2805 ejusmodi
1784 2725 2041 2820 Patronos

2145 2736 2200 2784 le
2235 2752 2342 2792 non
2374 2736 2449 2791 ita
2478 2735 2828 2791 distraxerunt
2855 2776 2870 2799 ,
2921 2747 2977 2791 ut
3000 2736 3183 2792 studiis
3208 2737 3434 2810 quietum
3461 2744 3507 2791 et
3538 2752 3763 2795 vacuum

419 2819 631 2911 optari,
682 2837 771 2903 qui
818 2852 922 2890 non
962 2834 1137 2888 minus
1183 2829 1248 2884 ob
1273 2825 1578 2899 dignitatem
1606 2830 1653 2876 et
1689 2819 2045 2874 auctoritatem

2148 2829 2395 2884 animum
2418 2829 2805 2901 postulantibus
2834 2870 2849 2895 ,
2881 2829 3010 2884 nihil
3034 2831 3276 2898 tribueres
3300 2848 3317 2885 :
3341 2830 3432 2886 sed
3450 2829 3704 2903 quidquid
3732 2851 3765 2887 α

417 2932 709 3006 patrocinio
741 2930 845 2985 sint
875 2969 894 2994 ,
925 2943 1080 2999 quam
1108 2922 1171 2979 ob
1201 2920 1554 2977 eruditionem
1582 2923 1734 3006 αιᾳιις
1761 2911 2050 2967 (“cuinam
2154 2925 2462 2981 muneribus
2485 2924 2707 2997 publicis
2732 2933 2998 2993 supererat
3026 2928 3285 2999 temporis,
3317 2933 3364 2981 te
3392 2933 3555 2980 totum
3578 2926 3633 2980 in
3655 2939 3771 2983 stu-

425 3036 738 3097 οοθηοεεετε
757 3019 1066 3092 “iudica”
1084 3016 1150 3071 άθ
1171 3029 1312 3068 ηουα
1337 3009 1565 3066 “mione
1587 3004 1804 3076 possit".
1827 3017 2053 3097 fufce‘i"
2156 3010 2251 3069 dia
2277 3019 2525 3091 colligere
2549 3061 2564 3083 ,
2593 3027 2642 3071 et
2671 3034 2804 3073 nunc
2832 3017 3045 3088 legendo
3071 3063 3086 3086 ,
3120 3037 3253 3075 nunc
3282 3023 3671 3076 commentando
3720 3034 3768 3079 et

427 3093 572 3191 tique
597 3114 897 3187 patrocinii,
926 3112 972 3166 si
995 3125 1128 3181 opus
1155 3107 1244 3174 sit,
1276 3105 1533 3160 rationem
1559 3101 1772 3171 afferre.
1798 3093 1922 3191 seu
1957 3094 2046 3148 du-
2158 3108 2432 3163 εενίὺίηαο
2457 3110 2714 3182 proﬁcere
2734 3125 2932 3182 semper
2957 3111 3155 3180 aliquid
3197 3114 3393 3167 naviter
3418 3113 3682 3181 studuisti,
3714 3127 3769 3171 ut

424 3187 619 3283 plicem
641 3208 777 3263 hanc
801 3205 1015 3261 laudem
1035 3200 1339 3257 desiderare
1357 3194 1565 3267 quidem
1583 3191 1639 3245 in
1640 3204 1760 3283 ἐιηο
1781 3187 1930 3283 facile
1957 3196 2054 3283 εξε.
2159 3212 2227 3252 ex
2249 3202 2485 3257 oratione
2510 3202 2566 3256 in
2596 3205 2778 3273 funere
2806 3205 2981 3275 magni
3013 3203 3231 3279 Eugenii
3256 3206 3535 3263 Sabandia:
3573 3210 3771 3282 princi-

425 3279 643 3377 sperare
660 3309 858 3365 autem,
888 3304 938 3352 et
957 3293 1195 3349 invenire
1211 3288 1610 3377 difﬁcillimum.
1631 3279 1903 3377 Ejusmodi
1925 3280 2059 3335 enim
2161 3288 2243 3357 pis
2269 3308 2302 3345 a
2331 3300 2380 3346 te
2408 3293 2707 3358 lucubrala,
2732 3296 3046 3365 summisque
3072 3298 3311 3353 laudibus
3335 3317 3367 3354 a
3386 3279 3626 3357 litteratis
3652 3304 3776 3359 doc-

428 3374 742 3470 },mumque
766 3406 850 3446 νει
876 3390 1120 3443 humana;
1147 3395 1294 3445 sunt,
1320 3391 1379 3435 ut
1404 3377 1495 3451 qui
1532 3375 1594 3431 ob
1621 3374 1836 3470 egregia!
1860 3382 2061 3426 natura?
2164 3378 2327 3447 lisque
2352 3386 2477 3439 viris
2504 3393 2765 3456 suscepta,
2788 3402 2879 3439 nec
2906 3403 3096 3458 nonem
3122 3390 3348 3446 laudatis
3368 3409 3535 3460 nuper
3556 3394 3772 3469 legatio-

435 3468 589 3547 dotes
617 3487 828 3560 optimis
857 3484 913 3537 in
940 3479 1128 3536 studiis
1158 3475 1438 3546 proficere,
1462 3482 1508 3525 et
1532 3469 1594 3525 ob
1622 3468 1926 3538 dignitatum
1937 3480 2062 3560 ‘gra-
2164 3471 2243 3527 nis
2263 3472 2545 3531 Helvetiae
2568 3473 2711 3529 Actis
2736 3476 2939 3546 aliquot
2954 3480 3180 3554 insignia
3207 3483 3281 3537 tui
3299 3484 3510 3555 ingenii,
3538 3468 3776 3552 eloquen-
3806 3516 3811 3519 -

433 3582 540 3638 dus
559 3557 743 3635 iisdem
770 3570 1093 3646 patrocinuri
1123 3576 1333 3643 possent
1356 3581 1375 3631 ;
1406 3563 1443 3617 ii
1469 3560 1694 3616 alterum
1708 3574 1851 3653 sane,
1879 3557 1947 3611 ad
1968 3572 2062 3626 pa-
2163 3562 2269 3627 tiae,
2303 3566 2659 3635 doctrinaeque
2680 3579 3009 3626 monumenta
3031 3576 3402 3630 continentibus
3428 3579 3681 3653 conjicere
3709 3581 3773 3637 li-

437 3672 724 3730 ιτοσίηίκηι
748 3665 893 3739 quod
924 3664 1181 3737 pertinet,
1225 3657 1382 3733 facile
1404 3662 1669 3726 prwstent,
1698 3650 1911 3705 alterum
1940 3662 2062 3702 vero
2164 3669 2261 3713 cet.
2290 3659 2428 3716 Hinc
2456 3660 2613 3715 etiam
2640 3660 2773 3714 nulli
2792 3662 3084 3735 industriae,
3114 3668 3248 3723 nulli
3271 3670 3497 3739 sumptui
3516 3650 3771 3743 parcens,

436 3783 624 3826 rerum
656 3761 1009 3837 gerendarum
1027 3754 1386 3829 procuratione
1404 3747 1641 3821 impediti
1662 3761 1804 3819 teque
1823 3756 2065 3817 praestare
2088 3751 2136 3813 ο
2167 3756 2432 3825 “quam,
2463 3752 2806 3824 αηάεηααηηε
2825 3756 3072 3827 cujusque
3109 3762 3309 3833 generi,
3344 3774 3398 3818 et
3436 3780 3457 3818 ί
3468 3764 3632 3820 odia-1,
3639 3784 3698 3822 us
3726 3776 3773 3822 et

442 3879 559 3919 non
587 3859 812 3930 possint.
867 3852 1031 3908 Nobis
1070 3858 1240 3905 autem
1272 3844 1453 3901 sedulo
1483 3840 1883 3913 inquirentibus,
1911 3855 2062 3895 nurn-
2167 3847 2319 3904 editi;
2349 3850 2494 3904 libris
2520 3890 2534 3914 ,
2572 3848 2850 3919 insignem,
2878 3850 3178 3909 immensam
3204 3897 3219 3922 ,
3264 3866 3311 3910 et
3346 3857 3411 3911 ab
3440 3858 3551 3931 ipso
3569 3862 3776 3931 quidem

441 3958 570 4030 quis
606 3959 741 4008 esset
768 3991 786 4015 ,
812 3948 899 4018 qui
924 3954 1098 4000 nostra
1119 3944 1216 3997 hac
1234 3949 1385 3996 cetate
1405 3949 1675 4006 utramque
1705 3949 1817 3987 eam
1856 3932 2062 3988 laudem
2166 3937 2435 3996 Bernardo
2464 3940 2531 3994 de
2559 3938 2901 4030 ontfaucon
2928 3943 3009 4017 (1)
3029 3948 3147 4018 jam
3169 3957 3287 4004 ante
3314 3950 3525 4020 triginta
3570 3968 3733 4006 annos
3759 3994 3776 4018 ,

444 4020 517 4110 sit
549 4054 882 4110 consecutus,
904 4050 960 4095 tu
980 4041 1155 4097 statim
1183 4033 1474 4097 oecurristi,
1511 4033 1565 4086 in
1589 4046 1693 4103 quo
1720 4030 1928 4085 summis
1949 4043 2063 4083 cum
2177 4035 2239 4089 ob
2263 4036 2510 4092 ducentos
2539 4020 2826 4105 pimsertiin
2850 4035 3060 4095 Graecos
3085 4042 3384 4097 lectissimos
3414 4041 3630 4099 Codices
3660 4046 3742 4100 exi
3758 4076 3775 4086 -

450 4140 803 4215 dignitatibus
851 4134 1071 4191 eximius
1101 4145 1301 4201 semper
1343 4126 1632 4182 studiorum
1660 4139 1805 4179 amor
1827 4132 1874 4178 el
1898 4121 2065 4178 cultus
2170 4129 2272 4182 mie
2291 4126 2704 4183 commendatam
2729 4170 2744 4195 ,
2774 4139 2820 4185 et
2854 4130 3071 4187 subinde
3096 4136 3259 4206 magis
3288 4137 3550 4208 magisque
3573 4149 3778 4193 auctam

451 4236 694 4295 emicuit.
739 4230 1037 4287 Enimvero.
1040 4228 1157 4299 jam
1182 4241 1214 4277 tt
1248 4220 1413 4292 prima
1429 4218 1773 4274 adOIescentia
1808 4215 2062 4288 politiori-
2169 4219 2524 4276 bibliothecam
2554 4219 2644 4273 tibi
2678 4224 3008 4294 comparasti,
3045 4242 3147 4280 non
3192 4228 3259 4281 ad
3306 4230 3688 4283 ostentationem
3731 4239 3778 4284 et

453 4331 577 4391 bus,
607 4341 670 4380 ac
698 4319 924 4378 subinde
949 4317 1112 4373 sacris
1138 4312 1424 4387 prtesertim
1445 4312 1497 4364 in
1523 4308 1815 4379 disciplinis
1843 4317 2067 4363 versatus
2172 4324 2533 4368 ornamentum
2552 4352 2567 4378 ,
2598 4315 3029 4382 quemadmodum
3062 4317 3290 4386 plerique
3316 4334 3517 4392 magna:
3546 4319 3776 4388 dignila.

455 4436 667 4478 summa
688 4431 810 4472 cum
832 4411 989 4466 laude
1012 4423 1032 4473 ;
1068 4409 1122 4462 in
1145 4405 1328 4478 quibus
1349 4403 1512 4459 multa
1534 4403 1720 4475 ingenii
1744 4418 1805 4455 ac
1824 4401 2071 4471 doctrina:
2174 4405 2238 4461 tis
2264 4406 2363 4460 viri
2389 4406 2445 4460 id
2475 4408 2720 4474 temporis
2748 4407 2945 4477 faciunt
2963 4450 2978 4473 ,
3022 4412 3111 4464 sed
3137 4420 3188 4463 ut
3213 4411 3265 4464 in
3295 4427 3356 4466 ea
3384 4411 3651 4468 subcisiuis
3679 4415 3777 4469 Ito-

456 4512 756 4588 specimina
794 4504 1030 4577 prtebens
1057 4543 1072 4568 ,
1123 4502 1389 4555 doctorum
1420 4498 1578 4553 uarias
1606 4512 1805 4566 quoque
1849 4496 2073 4552 nationis
2174 4498 2269 4560 ris,
2299 4514 2479 4553 somno
2506 4499 2677 4568 potius
2694 4516 2849 4571 quam
2878 4502 3054 4571 ofﬁcio
3085 4502 3341 4575 decerptis
3360 4549 3374 4573 ,
3410 4508 3567 4560 vitam
3596 4508 3777 4562 tradu-

460 4608 765 4667 Isominum,
788 4599 933 4672 queis
953 4595 1176 4651 utebaris
1201 4591 1543 4667 familiariter,
1585 4589 2075 4643 commendationem
2179 4606 2349 4646 ceres:
2381 4590 2600 4661 indeque
2631 4609 2725 4663 pro
2747 4595 2952 4666 egregia
2984 4597 3166 4650 mentis
3195 4606 3297 4651 tua:
3323 4598 3567 4666 facultate
3596 4600 3778 4655 miram

463 4712 516 4758 et
538 4711 771 4754 amorem
822 4691 916 4748 tibi
957 4686 1276 4752 conciliasti,
1326 4699 1444 4738 cum
1492 4682 1731 4738 maximis
1783 4680 2078 4736 muneribus
2182 4685 2334 4758 plane
2353 4702 2457 4741 non
2488 4695 2594 4739 tam
2623 4686 2875 4743 librorum
2900 4728 2914 4751 ,
2961 4705 3114 4761 quam
3138 4706 3344 4753 rerum,
3376 4708 3491 4762 qua:
3516 4692 3779 4747 iniisdem

464 4790 726 4853 obeundis
761 4786 998 4859 apprime
1042 4782 1253 4836 ίάοηεοδ
1281 4779 1514 4834 iuremus
1557 4792 1691 4831 ϐεδε*
1714 4816 1730 4843 ,
1782 4773 2081 4848 perdifﬁcili
2185 4783 2531 4842 continentur,
2561 4782 2796 4835 notitiam
2823 4797 2933 4854 prae
2958 4791 3006 4837 ω
3031 4782 3137 4854 fers
3157 4825 3171 4848 ,
3212 4784 3344 4839 adeo
3373 4794 3463 4853 ut,
3503 4784 3641 4855 quod
3663 4802 3785 4855 gra—

470 4884 747 4961 prooinciu
771 4879 863 4935 tibi
888 4894 922 4931 a
953 4875 1184 4930 Romano
1220 4871 1461 4944 pontiﬁce
1488 4869 1665 4923 statim
1689 4868 1962 4923 commissa
1985 4907 2000 4932 ,
2028 4867 2082 4921 in
2186 4873 2324 4927 vium
2349 4875 2578 4929 virorum
2603 4874 2892 4929 testimonio
2917 4874 3206 4946 accepimus
3228 4918 3240 4939 ,
3302 4876 3468 4944 ipsam
3512 4876 3784 4931 bibliothe-

473 4958 725 5048 Belgium
753 4969 1039 5027 submissus
1063 4982 1119 5021 es
1142 4981 1161 5019 :
1205 4962 1292 5017 ubi
1320 4976 1439 5016 cum
1468 4968 1874 5031 prteconceptam
1904 4958 1969 5012 de
1996 4966 2043 5011 te
2065 4997 2082 5025 ,

2192 4983 2325 5033 cam,
2356 4984 2509 5039 quam
2539 4968 2763 5038 parasti,
2795 4960 3021 5023 inituam
3048 4979 3267 5022 mentem
3303 4968 3627 5024 transtulisse
3652 4986 3785 5040 quo-

553 5095 639 5170 (1)
657 5168 669 5170 _
692 5085 1199 5170 ιρηΡῇεηξθιξτθῐιιιῑη
1223 5078 1425 5170 ﬁmi"?
1454 5078 1755 5170 neﬂj‘iof‘i:
2115 5081 2171 5144 Ι)
2194 5098 2283 5165 nes
2304 5084 2555 5170 Ise_habe_t.
2587 5086 2664 5169 vel
2686 5085 2967 5170 amicorum
2995 5100 3092 5170 ope
3120 5084 3349 5138 nancisci
3376 5094 3559 5153 potest,
3577 5086 3785 5170 quibus-

478 5150 674 5225 :miii'l
718 5163 813 5227 08,
843 5162 935 5217 lib.
964 5150 1187 5232 the-ap.
1220 5160 1275 5221 5,
1307 5168 1425 5222 pag.
1454 5151 1601 5232 Ξςξρ,
1645 5153 1759 5204 haec
1772 5150 2077 5232 “leguntur:
2186 5154 2267 5232 pis
2299 5154 2664 5232 litterarite_rei
2689 5173 2895 5226 operam
2926 5150 3199 5232 dantibus,
3231 5172 3322 5209 nec
3347 5150 3554 5229 rogatus
3575 5150 3780 5232 offerat.

481 5220 675 5299 Prima
695 5220 901 5290 Tabula
925 5220 1200 5304 speciniina
1228 5220 1415 5304 septem
1433 5222 1640 5304 cubilia
1667 5237 1730 5304 ea:
1766 5220 2083 5304 Bibliptlteca
2186 5222 2315 5304 item
2347 5228 2399 5304 in
2447 5220 2757 5304 praefatione
2787 5242 2909 5304 pug.
2946 5241 3083 5304 X_XI!,
3114 5225 3201 5280 ubi
3235 5220 3586 5304 regenEeutpr
3607 5220 3783 5304 fama

484 5289 846 5368 illustrissimi
883 5289 1123 5367 nobisque
1150 5289 1443 5352 anucissimi
1481 5295 1607 5369 uiri,
1658 5291 1915 5369 Dominici
1947 5289 2077 5369 Pus-
2185 5289 2525 5369 bibliotheca
2553 5298 2675 5369 _.din
2723 5289 2920 5369 quibus
2974 5289 3241 5369 habentur
3284 5296 3738 5369 GrmciMleices
3770 5341 3782 5363 ,

684 5394 701 5445 ;
721 5377 805 5445 qui
825 5392 986 5429 annos
1015 5361 1196 5445 uiginti
1211 5378 1428 5441 quatuor
1446 5367 1527 5420 vix
1554 5381 1822 5445 emensus,
1856 5361 2076 5445 ittcrefli-
2185 5364 2495 5445 liibliotheca
2541 5361 2883 5445 Illustrissimi
2914 5369 3122 5445 Abbatis
3162 5367 3417 5445 potninici
3471 5361 3779 5445 Passionei,

479 5431 784 5521 ⁷
807 5461 976 5521 rerum
995 5431 1482 5521 dis'eiplinarurnque
1501 5438 1728 5521 ἔρεψα..
1762 5433 1954 5521 Graecis
1980 5431 2082 5521 La-

2190 5436 2452 5521 librorum‘
2480 5440 2630 5521 capia
2670 5449 2715 5494 et
2756 5439 2947 5521 delectu
2973 5439 3209 5521 .insignis
3236 5481 3249 5500 ,
3300 5439 3545 5521 ducentos
3573 5431 3781 5521 circiter

749 5518 924 5593 litteris
946 5506 1179 5593 apprime
1205 5506 1433 5593 eruditus
1452 5554 1466 5574 ,
1494 5506 2083 5593 Biblimhecamquesunt

2188 5506 2392 5593 grumos
2413 5506 2625 5593 Codices
2646 5511 2866 5593 continet
2886 5528 2910 5593 :1
2914 5506 3227 5593 ‘aliquo'rum
3247 5512 3525 5583 specimina
3548 5510 3784 5593 dedimus

485 5575 763 5654 incro'sam
812 5575 1274 5663 Manus'criptorum
1322 5580 1675 5659 editorumqtte
1716 5575 2084 5663 egemplar‘ium

2188 5580 2277 5635 lib.
2309 5597 2360 5636 Iv
2387 5590 2434 5663 et
2484 5581 2539 5633 in
2552 5582 2860 5663 ‘éppendice
2887 5575 3339 5663 Calligt:aphoruttt
3370 5582 3784 5663 subscriptigues

485 5645 852 5737 comparavit,
890 5645 2083 5740 libroru'nidelectulcum'paucislmfufruuddnf-
2188 5668 2291 5708 non
2316 5651 2505 5707 nullas.
2551 5645 2761 5710 Siiliilia
2787 5645 3046 5723 ιθεςιιηιυιἵ
3068 5645 3134 5708 ἰιί
3161 5652 3473 5725 Appendice
3503 5645 3630 5721 pag.
3663 5648 3787 5701 5H).

488 5717 876 5801 Iittbratorum
903 5728 1176 5785 commodis
1196 5727 1266 5779 sic
1288 5717 1575 5795 advigilans
1595 5761 1610 5789 ,
1643 5728 1699 5773 ut
1728 5732 1841 5790 qua:
1889 5717 1964 5773 vel
1995 5733 2086 5791 pe-

466 5874 555 5953 4
1077 5821 1349 5881 PATBOL.
1404 5814 1520 5878 XI.
3208 5812 3240 5874 1

390 5371 415 5385 θ

223 5898 462 6054 ,ἝῬ
