4242 6168
467 300 528 360 tt
1097 268 1111 281 ’
1861 294 2403 355 PROLEGOMENA.
3709 295 3775 351 ιε

457 417 579 471 dam
609 416 759 470 modo
781 414 1043 481 videaris;
1071 415 1144 469 ita
1169 421 1403 487 prompte
1432 422 1480 469 et
1501 413 1703 487 copiose
1731 429 1833 469 non
1865 426 1970 469 tam
1997 398 2065 468 li-
2090 410 2146 474 Λ
2167 415 2314 480 velis,
2342 413 2432 482 qui
2451 420 2500 467 et
2526 424 2635 481 prie
2658 410 2964 471 auctoritate
2993 413 3339 485 patrocinium
3369 412 3534 469 eidem
3566 428 3775 466 accom-

464 511 580 565 bros
619 510 683 565 de
704 524 903 583 quaque
930 526 985 563 re
1015 515 1289 562 tractantes
1319 507 1541 573 indicas,
1574 524 1729 578 quant
1758 508 1887 578 ipsis
1916 506 2071 561 etiam

461 605 525 659 de
551 604 700 659 rebus
727 603 1092 659 sermocinaris
1121 611 1166 657 et
1206 601 1442 656 disseris.
1489 600 1777 671 Postquam
1805 616 1925 657 vero
1954 597 2068 654 Ro-

470 716 608 754 mam
633 699 828 753 accitus
848 741 862 765 ,
896 698 965 751 ad
986 697 1444 751 eminentissimum
1468 696 1599 751 illud
1624 736 1638 761 ,
1674 698 1813 751 unde
1841 696 1936 751 toti
1964 693 2072 751 Ec-

471 791 639 845 clesia:
667 788 942 859 prtefulges
967 830 982 853 ,
1015 787 1281 858 fastigium
1310 796 1508 841 evectus
1536 804 1589 841 es
1608 829 1622 853 ,
1654 804 1753 859 quo
1776 797 1824 842 te
1848 804 1949 842 non
1978 804 2073 844 an-

471 882 774 951 tiquissima:
799 897 859 936 ac
887 879 1228 936 celeberrimi:
1259 889 1361 933 tua:
1389 879 1606 950 familiar
1649 880 1926 945 nobilitas,
1971 896 2075 935 non

472 976 653 1049 ofﬁcia
683 974 702 1045 (
726 974 807 1029 his
839 974 977 1029 enim
1004 971 1533 1028 commendationibus
1554 1014 1570 1039 ,
1616 978 1733 1044 quae
1758 973 1848 1027 tibi
1880 973 1937 1028 in
1965 971 2075 1029 Pet-

471 1079 607 1124 trum
632 1068 867 1123 doctrina
886 1070 1119 1140 apprime
1142 1067 1394 1122 instructo
1416 1082 1737 1137 nequaquam
1764 1068 2072 1135 probantur,

472 1162 605 1218 nihil
631 1162 901 1233 indiguisti
925 1160 944 1233 )
971 1162 1062 1216 sed
1100 1171 1191 1215 tua
1230 1161 1284 1215 in
1315 1158 1668 1215 Christianam
1706 1160 2077 1232 rempublicam

473 1256 656 1309 merita
686 1261 1045 1327 promoverunt
1067 1270 1088 1320 ;
1133 1261 1430 1324 postquam,
1452 1253 1686 1324 inquam,
1711 1253 1808 1308 hoc
1830 1252 1886 1307 in
1906 1252 2079 1323 digni-

476 1347 596 1401 tatis
624 1344 792 1417 gradu
816 1345 1013 1400 locatus
1041 1361 1116 1409 es,
1142 1345 1232 1399 etsi
1254 1344 1509 1413 pluribus,
1537 1361 1692 1415 quam
1722 1362 1965 1415 umquam
1986 1362 2080 1400 au-

474 1445 590 1504 ten,
642 1434 861 1508 publicis
906 1436 1045 1491 curis
1068 1434 1139 1490 sis
1168 1435 1373 1491 assidue
1416 1436 1709 1502 distentus;
1758 1453 1860 1491 non
1909 1446 2081 1492 tamen

474 1536 749 1601 propterea
776 1528 1064 1584 valedixisti
1092 1529 1291 1599 penitus
1318 1528 1522 1591 litteris,
1543 1528 1632 1582 sed
1658 1537 1874 1585 veterem
1891 1545 2082 1585 morem

476 1619 718 1686 retinens,
745 1619 798 1675 in
828 1618 1129 1674 bibliotheca
1154 1628 1201 1675 et
1230 1620 1285 1675 in
1306 1619 1523 1675 lectione
1546 1623 1787 1690 frequens
1816 1637 1893 1689 es,
1924 1621 2083 1676 nihil-

479 1731 578 1782 que
598 1713 888 1787 jucundius
916 1712 1005 1769 tibi
1032 1714 1239 1773 accidit.
1264 1730 1418 1783 quam
1444 1713 1508 1769 de
1532 1712 1674 1768 libris
1695 1754 1710 1778 ,
1737 1722 1785 1769 et
1808 1714 2083 1769 humanio-

479 1805 642 1874 ribus,
672 1805 911 1872 eruditis,
936 1806 1197 1877 sacrisque
1224 1805 1511 1878 disciplinis
1537 1819 1840 1876 cognoscere
1869 1816 1917 1861 et
1941 1805 2071 1860 serio

480 1896 615 1951 bere.
650 1895 775 1952 Hcce
804 1896 976 1965 itaque
1002 1896 1175 1951 omnia
1199 1898 1404 1967 fuerunt
1426 1897 1480 1950 in
1493 1912 1669 1960 causa,
1710 1912 1804 1950 cur
1827 1911 1918 1950 nos
1944 1893 2077 1951 hanc

478 1990 541 2047 S.
573 1988 797 2045 Zenonis
831 1989 1109 2047 editionem
1146 1988 1235 2043 tibi
1290 1989 1688 2059 nuncupandum
1736 1988 2034 2043 duxerimus
2056 2030 2072 2055 ,

479 2092 745 2155 sperantes
768 2081 907 2153 fore,
944 2092 998 2135 ut
1030 2091 1085 2135 tu
1127 2098 1221 2153 pro
1250 2092 1353 2135 tant
1380 2081 1632 2150 praeclaro
1670 2081 1722 2135 in
1750 2080 1941 2153 Optima
1970 2091 2078 2135 stu-

476 2178 565 2233 dia
592 2194 651 2232 ac
674 2177 827 2232 libros
852 2179 1135 2246 prtesertim
1156 2174 1396 2247 antiquos
1424 2191 1599 2231 amore
1628 2190 1815 2230 manus
1845 2174 1940 2228 hoc
1964 2190 2078 2229 sus-

482 2271 645 2343 cipias
675 2270 1035 2338 libentissime,
1063 2279 1108 2325 et
1147 2278 1194 2325 te
1233 2280 1509 2341 patronum
1552 2268 1809 2344 ejusmodi
1842 2266 2081 2325 exhibere

644 2534 954 2613 [ιι-ιινι]
999 2522 1466 2652 BALL
1485 2517 2086 2651 ERINIC

2194 2523 2511 2649 {UM
2606 2521 3604 2656 ΡΗλἘΡΑΤΙΟ.

2173 504 2347 558 ntodes
2370 544 2387 572 ,
2430 512 2478 558 et
2506 518 2614 575 prta
2633 503 2867 557 doctrina
2896 504 3068 577 legens
3105 513 3261 573 atque
3281 505 3571 575 intelligens
3596 513 3779 558 aucto-

2171 611 2279 652 rem
2303 594 2573 665 antiquum
2598 634 2614 661 ,
2654 593 2901 649 disertum
2925 635 2939 658 ,
2978 593 3447 666 elegantissimum,
3503 594 3777 665 patrocinii

2173 702 2378 759 quoque
2395 687 2666 753 rationem,
2687 688 2731 741 si
2758 687 3188 751 occasioincidat,
3214 687 3285 741 sis
3301 686 3577 742 allaturus.
3605 685 3780 742 Unum

2173 780 2306 837 illud
2333 797 2426 836 nos
2448 780 2589 835 haud
2619 780 2877 836 modicum
2906 780 3153 839 sollicitos
3172 780 3354 846 habet,
3387 798 3490 835 non
3514 791 3779 838 auctorem

2174 875 2369 942 solum,
2395 872 2460 929 de
2486 877 2634 948 cujus
2653 873 2956 946 probatione
2974 873 3105 930 nihil
3123 874 3455 946 ambigimus,
3483 874 3575 930 sed
3597 892 3658 930 ea
3686 893 3781 945 pa-

2175 968 2322 1032 riter,
2358 983 2475 1037 σιω
2496 982 2594 1037 pro
2618 966 2795 1027 eodem
2822 967 2929 1029 sive
2951 967 3262 1024 vindicando
3284 1007 3302 1035 ,
3328 969 3438 1023 sive
3462 966 3778 1023 illustraudo

2178 1062 2381 1132 adjecta
2405 1078 2439 1115 a
2465 1060 2610 1117 nobis
2638 1071 2789 1126 sunt,
2828 1069 2876 1117 te
2914 1060 3155 1117 lectorem
3183 1070 3231 1115 et
3247 1060 3486 1133 judicent
3507 1075 3618 1116 esse
3646 1076 3774 1115 nac-

2182 1163 2321 1227 tura.
2367 1156 2430 1207 At
2453 1169 2570 1213 cum
2596 1155 2693 1207 hoc
2717 1153 2773 1207 in
2798 1162 2935 1208 metu
2963 1151 3056 1209 nos
3083 1160 3280 1208 recreat
3304 1159 3354 1207 et
3390 1152 3560 1221 reﬁcit
3595 1151 3773 1205 huma-

2180 1247 2316 1302 nitas
2342 1255 2429 1300 tua
2447 1288 2462 1312 ,
2494 1247 2845 1318 prteclaraque
2871 1247 2965 1301 illa
2995 1247 3195 1302 indoles
3226 1287 3241 1312 ,
3270 1261 3385 1317 qua
3411 1246 3781 1317 prtestantibus

2180 1338 2430 1410 quidquid
2458 1347 2697 1410 possunt,
2727 1341 2926 1395 animos
2947 1342 3106 1405 acuit,
3134 1355 3284 1411 opem
3308 1349 3358 1395 et
3383 1338 3673 1395 subsidium
3696 1355 3784 1394 ea:-

2182 1431 2319 1487 hibet
2342 1448 2361 1498 ;
2412 1441 2519 1486 tum
2545 1448 2665 1487 vero
2691 1448 2807 1501 quea
2830 1449 2925 1504 pro
2954 1433 3260 1501 infirmitate
3288 1442 3466 1488 nostra
3497 1433 3568 1488 ad
3588 1432 3650 1488 8.
3676 1432 3784 1487 An-

2184 1527 2371 1581 tistitis'
2387 1526 2639 1582 vindicias
2660 1527 2739 1581 vel
2763 1526 3161 1598 explicationem
3174 1525 3300 1581 huic
3312 1526 3530 1582 editioni
3550 1531 3783 1593 deerunt,

2184 1638 2248 1676 ea
2268 1637 2358 1692 per
2387 1629 2435 1675 te
2462 1636 2558 1693 pro
2587 1636 2794 1676 summa
2823 1620 3010 1691 peritia
3039 1630 3128 1676 tua
3149 1637 3300 1691 posse
3318 1620 3557 1693 cognosci
3576 1629 3624 1674 et
3654 1635 3786 1688 sup-

2188 1714 2320 1784 pleri
2346 1713 2475 1768 nihil
2510 1712 2723 1768 dubium
2760 1723 2858 1768 est.
2910 1713 3100 1783 Accipe
3137 1714 3296 1784 igitur
3320 1754 3335 1779 ,
3369 1712 3790 1768 Eminentissime

2191 1802 2466 1874 Princeps,
2495 1804 2590 1858 hoc
2612 1804 2751 1874 quod
2777 1803 3172 1860 tibi‘exhibemus
3199 1821 3350 1871 opus.
3369 1805 3600 1873 obsequii
3626 1802 3793 1859 nostri

2185 1904 2236 1951 et
2258 1895 2650 1952 devinctissimte
2674 1896 2729 1951 in
2752 1906 2799 1950 te
2821 1896 3097 1951 voluntatis
3125 1905 3305 1952 testem
3326 1912 3347 1963 ;
3374 1895 3611 1966 idemque
3630 1897 3677 1951 si
3697 1897 3794 1950 ini-

2176 2006 2284 2065 ‘nus
2311 2005 2373 2044 ea:
2393 1997 2589 2054 nostro,
2621 1998 2756 2045 certe
2783 2005 2849 2045 ea:
2870 1991 3097 2044 auctoris
3124 1990 3335 2045 nomine
3358 2005 3420 2043 ac
3448 1989 3647 2046 meritis
3676 1989 3792 2060 dig-

2187 2099 2311 2138 num
2335 2092 2431 2150 est,
2453 2082 2591 2151 quod
2621 2083 2753 2138 sicut
2786 2083 2912 2138 olim
2934 2082 3087 2139 Sixto
3124 2080 3186 2149 V,
3210 2097 3412 2136 summa
3432 2080 3689 2152 pontiﬁci,
3708 2080 3793 2134 cui

2188 2175 2355 2245 primo
2381 2175 2610 2230 dicatum
2639 2175 2764 2246 fuit,
2786 2175 2863 2231 ite
2885 2190 3023 2231 nunc
3054 2173 3146 2230 tibi
3172 2173 3432 2230 cardinali
3462 2172 3792 2244 Amplissimo

2187 2267 2526 2337 approbetur.

3638 2399 3762 2418 ﬁ

1969 2723 2359 2750 ἒ

557 2817 598 2878 Ι.
629 2820 774 2879 inter
799 2820 1048 2892 antiquos
1074 2816 1334 2877 Ecclesiae
1374 2816 1585 2885 Patres,
1634 2830 1860 2888 quorum
1916 2827 2089 2887 pauca

500 2915 745 2987 quaedam
778 2929 942 2985 opera
973 2912 1040 2969 ad
1072 2928 1169 2967 nos
1201 2916 1605 2983 pervenerunt,
1632 2906 1884 2979 perpauci
1904 2906 2091 2961 admo-

496 3008 623 3063 dum
660 3016 786 3062 sunt
811 3048 825 3071 ,
857 3005 946 3076 qui
977 3004 1106 3060 viris
1153 3003 1325 3060 doctis
1354 3018 1416 3059 ac
1442 3001 1664 3058 eruditis
1689 3016 1840 3072 mque
1866 2999 2085 3056 lauden-

494 3106 579 3157 tur
605 3115 668 3156 ac
695 3100 753 3157 S.
789 3096 938 3155 Zeno
968 3096 1252 3170 episcopus
1295 3096 1644 3165 Veronensis,
1673 3097 1726 3152 in
1773 3095 1927 3168 cujus
1961 3094 2091 3153 Ser-

496 3194 749 3250 monibus
773 3193 865 3248 alii
915 3190 1241 3264 eloquentiae.
1269 3190 1378 3245 vim
1426 3190 1834 3259 ubertatemque
1873 3183 2087 3243 dicendi

494 3290 853 3351 admirantur,
880 3288 969 3343 alii
1003 3285 1185 3342 Ιςιιίιιω
1213 3282 1536 3340 elocutionis
1572 3280 1855 3352 puritatem
1888 3279 2087 3352 ιιι-τειᾱὶ-

2207 2812 2401 2872 Veteris
2420 2815 2738 2873 Testamenti
2759 2832 2779 2883 ;
2808 2819 3005 2875 tertius
3032 2833 3318 2876 sermones
3340 2837 3395 2889 ι,
3419 2819 3485 2877 de
3502 2823 3650 2877 rebus
3668 2821 3795 2877 Tes-

2194 2910 2405 2965 tamenti
2433 2908 2571 2965 Novi
2602 2928 2620 2966 :
2651 2912 2703 2968 in
2731 2911 2869 2968 hanc
2890 2912 3036 2968 etiim
3067 2913 3356 2981 rationem,
3384 2929 3538 2970 suam
3566 2916 3796 2987 quisque

2193 2998 2332 3056 liber
2355 3002 2760 3073 inscriptionem
2783 3004 3025 3077 praefert.
3049 3004 3321 3076 Subiecta:
3343 3020 3506 3078 porro
3522 3008 3576 3063 in
3595 3008 3786 3066 eadem

2194 3094 2436 3153 editione
2458 3094 2694 3154 Zenonis
2720 3099 3041 3155 tractatibus
3069 3098 3304 3155 homilias
3329 3098 3386 3155 S.
3414 3097 3638 3155 Cmssrii
3662 3102 3798 3156 Are—

2195 3186 2459 3254 latensis,
2503 3200 2560 3245 et
2604 3189 2712 3245 alia
2744 3190 2991 3259 quaedam
3032 3204 3206 3261 pauca
3240 3206 3254 3243 :
3284 3175 3404 3246 Haec
3442 3200 3621 3246 autem
3668 3206 3795 3247 mox

2195 3278 2437 3336 clausula
2488 3280 2816 3351 appenditur
2860 3282 3017 3338 nobis
3065 3298 3403 3354 nequaquam
3452 3284 3793 3352 omittenda,

500 3390 629 3437 cant
657 3396 718 3435 ac
743 3378 1085 3451 elegantiam,
1115 3377 1359 3449 plerique
1385 3388 1513 3431 vero
1539 3389 1730 3431 omnes
1755 3389 1980 3429 acumen
2009 3374 2090 3428 in—
2118 3347 2165 3412 α
2194 3385 2317 3426 cum
2349 3387 2534 3428 verum
2562 3372 2818 3430 editionis
2862 3374 3052 3441 prodat
3075 3384 3352 3431 auctorem
3377 3419 3392 3443 ,
3424 3374 3723 3432 Guarinurn
3764 3391 3798 3434 a

492 3472 659 3545 genii,
687 3470 1081 3542 antiquitatem,
1108 3470 1447 3540 gravitatem,
1472 3468 1751 3539 pietatem,
1783 3482 1846 3523 ac
1871 3477 2091 3524 senten-
2198 3463 2406 3532 multis,
2437 3464 2530 3536 qui
2565 3464 2735 3535 ipsam
2774 3463 3068 3522 editionem
3099 3465 3171 3521 ob
3194 3467 3472 3524 raritatem
3504 3482 3612 3523 non
3645 3468 3798 3525 vide-

499 3564 691 3620 liarum
737 3563 1107 3635 doctrinm-que
1160 3563 1525 3633 pnestautiam
1569 3561 1973 3618 commendant.
2021 3561 2093 3618 At
2193 3564 2337 3623 ram.
2370 3570 2655 3626 perperam
2686 3558 3076 3625 existimatum.
3102 3558 3459 3616 nihilominus
3487 3570 3648 3632 atque
3669 3576 3801 3618 eum

504 3670 634 3710 vero
654 3652 855 3710 criticis
876 3652 941 3708 ad
973 3654 1150 3707 vivum
1174 3652 1354 3707 omnia
1381 3660 1438 3708 et
1461 3652 1670 3724 singula
1693 3652 2088 3719 resonantibus,

500 3763 663 3803 nemo
686 3761 823 3803 unus
843 3756 926 3802 est
957 3744 1217 3811 omnium,
1242 3745 1394 3817 cujus
1422 3746 1678 3815 operibus
1696 3744 1784 3818 (ad
1816 3753 2089 3801 auctorem

502 3841 772 3910 praecipue
799 3839 1142 3897 statuendum
1172 3838 1317 3912 quod
1347 3838 1601 3910 pertinet)
1642 3848 1719 3896 tot
1748 3839 2091 3898 difficultates

500 3932 725 4004 objecta:
770 3932 995 4001 fuerint,
1041 3940 1172 4004 quot
1210 3932 1467 3989 adversus
1506 3931 1820 3988 eorumdem
1868 3932 2091 3988 Sermo-

506 4044 633 4083 uum
666 4025 1040 4082 collectionem
1072 4021 1198 4079 hinc
1227 4031 1387 4093 atque
1418 4021 1540 4078 hinc
1569 4022 1789 4079 eductas
1810 4033 1861 4079 et
1894 4037 2093 4093 propo-

507 4122 638 4177 sitas
668 4117 892 4191 legimus
918 4138 929 4173 :
955 4117 1090 4174 adeo
1114 4118 1421 4188 ttt,~a|iquot
1446 4116 1568 4172 licet
1592 4115 1787 4172 eruditi
1818 4117 1868 4171 in
1900 4116 1963 4171 iis
1986 4114 2096 4173 dis-

500 4211 778 4267 solvendis
820 4214 1033 4265 naviter
1087 4208 1483 4274 laboraverint,
1540 4216 1715 4264 tamen
1769 4222 1874 4262 non
1922 4206 2096 4263 solum

512 4304 643 4359 nihil
674 4302 945 4373 potuerint
972 4298 1260 4368 conﬁcere,
1288 4298 1380 4354 sed
1413 4298 1729 4354 conﬁciendi
1751 4299 1914 4354 etiam
1942 4296 2097 4368 quid-

511 4397 677 4467 piam,
706 4394 848 4466 quod
876 4403 1050 4450 ratum
1082 4393 1171 4459 sit,
1201 4407 1350 4464 Spem
1377 4390 1495 4447 aliis
1524 4391 1635 4447 fere
1662 4406 1878 4447 omnem
1909 4391 2101 4462 praeci-

509 4490 657 4544 disse
712 4487 1012 4542 videantur.
1064 4484 1119 4539 Id
1170 4494 1347 4541 autem
1379 4483 1545 4556 (quod
1595 4484 1852 4539 hactenus
1896 4484 2098 4539 nemini

504 4582 556 4635 in
589 4579 949 4649 suspicionem
982 4576 1193 4630 venisse
1222 4576 1697 4646 deprehendimus)
1740 4592 1806 4631 ex
1836 4584 2101 4631 accuratae

504 4677 759 4735 editionis
788 4675 999 4731 defectu
1042 4674 1301 4745 originem
1332 4672 1497 4727 ducit.
1532 4671 1852 4727 Prodiertmt
1880 4670 2100 4742 quidem

2194 3657 2321 3704 ante
2350 3663 2524 3705 annos
2553 3648 2725 3705 ferme
2749 3651 3139 3722 quinquaginta
3159 3650 3365 3709 obiisse
3392 3652 3609 3708 aliunde
3666 3668 3802 3708 cou-

2194 3750 2341 3797 stare
2364 3742 2627 3811 potuerit:
2654 3744 2737 3799 Ad
2760 3743 2967 3799 laudem
2994 3755 3046 3800 et
3064 3745 3286 3816 gloriam
3311 3760 3529 3800 8m
3546 3757 3593 3801 et
3611 3745 3806 3800 indivi-

2197 3833 2316 3889 dua:
2345 3834 2631 3905 Trinitatis,
2655 3843 2704 3890 et
2725 3834 3032 3892 beatissima!
3068 3835 3295 3907 Virginis
3321 3833 3532 3903 larisa,
3554 3847 3602 3891 et
3620 3835 3800 3892 beato—

2197 3942 2315 3981 rum
2351 3927 2658 3999 pontiﬁcum
2685 3926 2910 3986 Zenonis
2937 3938 2985 3984 et
3014 3926 3230 3983 Ctesarii
3250 3937 3299 3984 et
3335 3930 3567 3983 omnium
3592 3938 3805 3984 unou-

2197 4034 2335 4084 rum,
2360 4035 2617 4075 serntones
2636 4020 2688 4074 in
2709 4020 2804 4075 hoc
2830 4019 3087 4076 volumine
3110 4020 3283 4092 positi,
3307 4030 3355 4075 et
3375 4037 3639 4092 nunquam
3666 4021 3808 4075 alias

2200 4111 2458 4182 impressi,
2510 4112 2841 4170 solertissime
2878 4115 3148 4184 recogniti,
3196 4123 3248 4170 et
3295 4114 3671 4170 studiosissime
3713 4128 3807 4184 per

2201 4205 2540 4260 venerabilem
2594 4204 2806 4261 Patrem
2853 4206 3119 4264 Albertum
3181 4206 3531 4263 Castellanum
3585 4208 3809 4263 Ordinis

2205 4296 2614 4353 Prtedicatorum
2664 4301 2895 4368 correcti,
2950 4318 3013 4356 ac
3063 4317 3155 4373 per
3194 4301 3507 4374 Magistrum
3550 4301 3811 4358 Iacobum

2205 4390 2269 4446 de
2295 4388 2467 4445 Leuco
2523 4393 2768 4462 impensis
2808 4392 3018 4449 Domini
3045 4393 3310 4450 Benedicti
3334 4395 3581 4452 Fontana
3634 4396 3809 4451 Vene-

2205 4483 2291 4537 tiis
2312 4482 2703 4555 diligentissime
2721 4486 2957 4557 impressi
2980 4504 3116 4545 auito
3136 4485 3351 4542 Domini
3374 4502 3701 4556 ICCCCCVIII,
3726 4485 3814 4541 die

2206 4589 2331 4630 xxxv
2352 4576 2595 4648 januarii
2633 4576 2849 4646 feliciter
2898 4578 3200 4648 expliciunt.
3232 4579 3363 4635 Haec
3414 4592 3593 4637 autem
3636 4580 3811 4637 editio

2207 4676 2458 4737 suscepta
2488 4669 2668 4724 statim
2689 4684 2719 4724 a
2757 4670 2957 4736 multis,
2990 4673 3244 4740 quamdiu
3273 4666 3380 4727 nan
3405 4684 3659 4730 accurate
3683 4684 3810 4742 per—

503 4770 733 4825 Zenonis
767 4774 1019 4822 tractatus
1048 4741 1275 4834 primum
1298 4763 1539 4821 Venetiis
1569 4781 1658 4817 an.
1692 4778 1883 4827 ιιιιγιιι,
1902 4741 1979 4818 ex
2014 4778 2095 4817 νει
2126 4741 2180 4801 Ῑ)
2209 4775 2370 4831 pensa
2384 4760 2505 4815 fuit.
2524 4763 2727 4817 Atcum
2746 4760 2935 4818 Sixtus
2955 4763 3598 4821 SeuensisBibliothecam
3615 4764 3808 4821 elaboo

508 4863 789 4918 tustissimo
812 4862 1017 4923 codice,
1046 4874 1204 4929 quem
1227 4856 1435 4929 jamdiu
1466 4856 1663 4912 autein
1697 4855 1970 4927 Episc0pii
2004 4856 2102 4912 Ve-

505 4953 755 5010 ronensis
784 4950 1109 5007 bibliotheca
1140 4949 1411 5005 Guarinus
1441 4948 1525 5003 vir
1550 4947 1936 5003 celeberrimus
1975 4961 2102 5003 nac-

508 5061 594 5103 tus
624 5046 829 5108 fuerat;
863 5043 976 5098 lucc
1003 5044 1147 5098 enim
1196 5042 1245 5095 in
1266 5039 1439 5097 fronte
1469 5041 1586 5112 ejus
1616 5039 1868 5096 editionis
1911 5040 2098 5112 legun-

505 5153 636 5195 tur:
672 5136 865 5192 Eximii
909 5145 961 5189 et
989 5135 1281 5189 excellentis
1325 5135 1419 5188 viri
1463 5132 1841 5204 prtzclarissimi
1881 5132 2103 5187 doctoris

505 5230 667 5285 sancti
692 5228 915 5283 Zenonis
956 5227 1182 5298 episcopi
1222 5223 1528 5281 Veronensis
1563 5240 1853 5281 sermonum
1900 5225 2106 5294 elegan-

515 5323 829 5377 tissimorum
870 5320 940 5372 ad
987 5319 1256 5388 populum,
1299 5326 1653 5387 excerptorum
1681 5332 1743 5371 ea:
1767 5315 2105 5370 vetustissimo

506 5414 763 5469 volumine
788 5411 1009 5467 Verona:
1037 5427 1069 5464 a
1089 5408 1323 5464 (iuorino
1362 5407 1637 5463 Veronensi
1668 5408 2104 5483 viroeloquentis-

506 5511 635 5564 sima
681 5510 731 5563 in
779 5506 1027 5580 episcOpii
1084 5504 1386 5560 Veronensis
1429 5503 1735 5559 bibliotheca
1776 5514 1997 5576 reperto.
2044 5504 2103 5560 In

510 5614 619 5658 tres
644 5600 734 5656 illa
756 5597 1038 5668 dispertita
1068 5597 1234 5653 libros
1264 5596 1383 5663 fuit,
1406 5612 1635 5667 quorum
1664 5597 1871 5667 primus
1891 5612 2101 5652 sertno-

508 5710 605 5750 nes
629 5692 1009 5762 complectitur
1036 5706 1141 5745 xm
1173 5731 1186 5756 ,
1234 5691 1321 5760 qui
1347 5699 1464 5744 sunt
1510 5690 1574 5744 de
1616 5689 1887 5744 virtutibus
1934 5697 1981 5744 et
2030 5689 2106 5742 vi“

514 5788 627 5853 nis;
679 5783 955 5841 secundus
999 5797 1282 5841 sermones
1328 5797 1570 5854 xxxvut,
1602 5783 1687 5855 qui
1712 5793 1830 5839 sunt
1870 5784 1933 5839 de
1958 5783 2105 5840 rebus

2208 4866 2446 4920 raturus,
2476 4855 2530 4911 in
2555 4872 2660 4925 qua
2687 4856 2757 4912 de
2783 4858 3009 4930 singulis
3036 4857 3424 4915 ecclesiasticis
3448 4854 3811 4926 scriptoribus

2206 4948 2464 5019 judicium
2497 4949 2649 5017 tulit,
2680 4950 2853 5006 editos
2878 4950 3113 5008 Zenonis
3150 4967 3432 5009 sermones
3473 4952 3543 5008 ad
3566 4948 3811 5007 calculos

2211 5042 2501 5108 revocavit,
2534 5051 2613 5097 tot
2632 5042 2977 5101 difﬁcultates
3005 5045 3214 5113 eduxit,
3244 5052 3305 5100 ut
3330 5045 3398 5101 de
3424 5044 3683 5101 editionis
3709 5039 3809 5099 de-

2212 5137 2353 5193 lectu
2382 5137 2517 5193 nihil
2553 5139 2875 5208 suspicatus,
2906 5138 3183 5197 Zenonem
3214 5141 3284 5196 ab
3312 5138 3811 5197 ecclesiasticarum

2210 5240 2492 5285 auctorum
2542 5230 2666 5287 albo
2708 5232 3122 5303 expungendum
3170 5230 3532 5287 contenderit.
3588 5222 3813 5286 Etenim

2210 5340 2333 5381 cum
2363 5341 2424 5380 ea
2456 5325 2623 5382 editio
2652 5335 2910 5384 tractatus
2940 5328 3141 5400 aliquot
3186 5327 3414 5385 aliorum
3461 5326 3808 5399 Scriptorum

2212 5416 2352 5472 inter
2401 5416 2739 5474 Zeuouianos
2781 5419 3014 5475 insertos
3042 5434 3108 5475 ac
3137 5417 3476 5476 intermistos
3513 5414 3807 5482 exhibe“.

2207 5508 2280 5562 ita
2304 5519 2357 5563 ut
2386 5524 2492 5563 non
2517 5510 2691 5564 solum
2720 5509 2853 5564 nihil
2879 5508 3211 5566 discriminis
3247 5509 3469 5580 aleret,
3500 5522 3610 5584 quo
3646 5494 3805 5558 alteri

2213 5601 2283 5657 ab
2308 5603 2494 5658 alteris
2520 5602 2813 5660 internosci
2854 5612 3072 5676 queant,
3104 5604 3198 5660 sed
3224 5619 3418 5663 omnes
3436 5605 3598 5661 etiam
3629 5602 3805 5667 νενω-

2215 5710 2318 5763 (llic
2350 5709 2446 5764 pro
2488 5692 2724 5753 Zenonis
2755 5694 2949 5754 ictibus
2978 5695 3236 5763 venditet,
3285 5713 3393 5754 uno
3421 5699 3669 5763 excepto.
3716 5677 3809 5751 «ιυί

2213 5784 2271 5843 S.
2306 5786 2590 5845 Gaudentii
2633 5785 2869 5849 Brixiani
2895 5788 3139 5865 episcopi
3165 5790 3384 5850 nomine
3432 5784 3805 5859 prcenotatut'r
