4242 6168
470 298 539 359 ts
1622 287 2189 359 BALLERINIORUM
2248 292 2640 355 putaram.
3753 302 3818 363 tt

460 417 792 484 vehemens,
830 429 928 471 seu
959 413 1142 487 potius
1170 413 1419 483 evidens,
1450 416 1591 488 quod
1625 433 1720 490 pro
1763 413 2087 486 quibusdam
2116 411 2166 473 Α
2202 411 2499 467 novissima
2526 411 2588 470 8.
2636 412 2916 479 Ambrosii
2947 413 3184 473 editione
3228 418 3482 491 cognosci
3502 418 3727 491 potest),
3760 428 3817 476 et

462 526 494 566 a
528 509 764 567 Zenone
805 506 1190 579 abjudicandis
1236 506 1579 569 sermonibus
1622 507 1888 567 subolevit
1927 522 2088 580 argu-

463 613 739 671 mentum,
771 616 998 658 causam
1051 601 1186 659 satis
1225 617 1432 672 :equam
1468 601 1717 677 prazbuit,
1772 609 1833 659 ut
1876 599 2093 657 caeteris

478 712 701 768 quoque
748 694 1006 750 omnibus
1052 693 1107 749 in
1142 693 1362 750 dubium
1414 696 1643 764 vocatis,
1672 711 1732 750 ea
1784 701 2098 749 moveretur

461 788 726 860 qumstio,
788 796 970 844 utrmn
1030 786 1091 843 S.
1154 785 1303 842 Zeno
1356 785 1689 844 Veronensis
1743 786 1910 843 fuerit
1965 800 2097 842 vere

467 882 716 952 scriptor
744 881 1051 953 aliquorum
1081 895 1390 938 sermonum
1424 881 1569 938 inter
1592 883 1890 955 scriptores
1920 879 2098 937 eccle-

458 974 726 1032 siasticos
768 972 1162 1040 recensendos,
1193 987 1288 1029 seu
1327 977 1609 1049 cujumam
1648 991 1762 1029 vere
1801 974 1907 1028 sint
1939 989 2100 1043 apem

459 1067 637 1123 sancti
655 1069 818 1140 hujus
838 1067 1040 1121 nomini
1060 1066 1340 1138 adscripta,
1362 1079 1420 1123 ut
1447 1068 1509 1122 P.
1536 1066 1893 1124 Mabillonius
1915 1065 2097 1139 loqui-

462 1171 556 1216 tur
590 1160 646 1216 in
681 1159 927 1217 Elenclto
954 1161 1340 1234 prazcipuarum
1374 1159 1764 1217 difﬁcultatum
1795 1161 1986 1217 saeculi
2012 1176 2094 1231 tu,

459 1269 608 1326 quas
638 1252 845 1309 eximio
868 1251 1023 1322 operi
1052 1255 1114 1307 de
1132 1252 1313 1307 studiis
1339 1249 1658 1307 Manasticis
1687 1250 1946 1322 subjecit.

560 1346 631 1402 ll.
677 1344 772 1401 lite
801 1344 1020 1417 quidem
1049 1343 1205 1399 edita:
1233 1344 1467 1417 primum
1496 1359 1526 1397 a
1561 1342 1719 1400 Sixto
1760 1342 2018 1407 Senensi,
2046 1351 2102 1401 et

468 1438 603 1495 dein
636 1437 706 1495 ab
734 1437 880 1503 aliis,
909 1435 999 1507 qui
1022 1435 1072 1491 in
1093 1435 1207 1508 ejus
1229 1437 1569 1494 transierunt
1598 1437 1956 1500 sententiam,
1976 1453 2100 1493 sus-

477 1540 662 1603 ceptae
691 1538 857 1601 atque
885 1526 1163 1584 inculcata:
1186 1527 1536 1585 difﬁcultates
1565 1537 1629 1583 ut
1656 1525 2005 1585 diluerentur
2032 1529 2101 1585 ab

470 1623 564 1692 iis,
592 1622 686 1697 qui
712 1637 812 1693 pro
835 1619 892 1679 8.
918 1617 1147 1676 Zenonis
1164 1621 1333 1693 gloria
1354 1620 1713 1697 laborabant,
1738 1619 1842 1675 alia
1866 1618 2101 1678 subinde

480 1696 732 1790 ejusdem
763 1712 932 1770 editio
973 1713 1071 1770 sub
1096 1713 1343 1770 cardinali
1375 1696 1701 1787 Augustino
1729 1710 1955 1771 Valerio
2000 1714 2102 1772 Ve-

2200 504 2374 575 ipsius
2399 505 2602 560 codicis
2624 515 2677 561 et
2705 507 2896 576 prima!
2927 508 3183 566 editionis
3234 511 3393 585 fidem
3418 512 3471 568 in
3512 527 3621 568 non
3654 512 3819 569 nullis

2203 593 2564 651 deserendum
2598 597 2837 668 putarint
2865 640 2879 666 ,
2917 609 2971 653 ιιι
3001 615 3069 656 ex
3110 599 3435 659 adnotandis
3460 617 3559 658 suo
3580 602 3698 658 loco
3725 618 3817 673 pa-

2207 690 2311 745 lam
2345 690 2457 746 fiet.
2492 692 2626 748 llinc
2656 710 2789 767 ergo
2821 695 2877 750 in
2904 694 3201 753 Veronensi
3226 697 3465 755 editione
3490 712 3553 754 ac
3594 696 3810 753 caeteris

2207 780 2334 839 inde
2361 782 2619 841 derivatis
2651 799 2854 856 praeter
2879 788 3159 846 confusam
3181 790 3657 863 perturbatamque
3678 788 3813 844 alie-

2208 892 2401 931 norum
2436 887 2765 937 tractatuum
2797 898 2919 938 cum
2948 883 3275 940 Zenonianis
3303 885 3638 949 mistionem,
3668 881 3817 937 arbi-

2207 968 2373 1024 traria
2414 970 2621 1041 aliquot
2653 971 2896 1031 locorum
2939 976 3317 1051 interpolatio,
3346 976 3549 1034 nemini
3581 982 3813 1031 caetero-

2207 1064 2360 1136 quin,
2393 1065 2535 1135 quod
2580 1065 2846 1125 hactenus
2891 1070 3207 1139 viderimus,
3237 1071 3307 1127 ob
3337 1072 3527 1145 prima:
3556 1065 3815 1124 editionis

2207 1156 2486 1215 raritatem
2535 1159 2864 1233 observata,
2918 1163 3208 1235 plurituum
3286 1162 3565 1220 oﬂ‘endere
3631 1159 3817 1215 debet.

2208 1249 2448 1307 Tandem
2499 1250 2602 1308 alia
2645 1270 2768 1311 cum
2816 1255 3002 1328 pr'nnte
3029 1297 3042 1321 ,
3077 1265 3186 1311 tum
3228 1255 3454 1328 reliquis
3484 1249 3821 1309 editionibus

2207 1344 2513 1400 communia
2549 1346 2844 1404 identidem
2869 1345 3136 1413 incidunt,
3157 1363 3277 1421 qua:
3300 1347 3405 1404 etsi
3424 1344 3491 1401 ad
3519 1346 3818 1400 Auctorem

2207 1434 2662 1509 dignoscendum,
2695 1439 2778 1493 vel
2809 1439 3048 1497 editores
3080 1435 3591 1512 reprehendendos,
3621 1434 3668 1490 si
3692 1431 3818 1505 qui-

2208 1528 2331 1586 dem
2365 1529 2417 1586 in
2444 1530 2602 1603 culpa
2651 1549 2758 1588 non
2788 1532 3022 1600 fuerint,
3056 1532 3188 1588 nihil
3241 1534 3593 1605 pertineant,
3638 1535 3823 1583 tamen

2216 1633 2481 1680 accuratae
2533 1625 2793 1682 editionis
2847 1624 3305 1683 commendationi
3368 1621 3668 1699 plurimum
3720 1620 3823 1677 de-

2208 1715 2451 1783 trahunt,
2482 1715 2691 1787 aliquot
2715 1717 2969 1773 nimirum
2997 1727 3176 1773 errata
3211 1734 3318 1774 non
3345 1716 3490 1773 levis
3520 1712 3822 1781 momenti,

478 1810 711 1869 ronensi
742 1806 983 1864 antistite
1022 1809 1455 1880 praestantissimo
1482 1807 1732 1865 Verona:
1762 1820 1955 1865 curata
2000 1809 2100 1865 fuit
2129 1809 2175 1870 B
2204 1824 2325 1880 qum
2346 1823 2678 1881 cognoscere
2697 1808 2854 1865 facile
2874 1820 2979 1877 est,
3005 1811 3280 1882 corrigere
3303 1824 3371 1863 ex
3395 1806 3640 1865 auctoris
3668 1818 3824 1860 men-

482 1918 636 1960 anno
680 1912 986 1969 Ihtxxxvt,
1029 1917 1182 1973 quam
1231 1901 1469 1975 Raphael
1518 1901 1731 1977 Bagata
1761 1910 1813 1956 et
1855 1901 2100 1974 Baptista

473 1997 739 2055 Perottus
766 2005 1019 2053 auctores
1049 1995 1165 2052 aliis
1207 1997 1460 2067 operibus
1511 1994 1642 2051 noti
1695 1992 1762 2050 ad
1788 1996 1987 2052 codicis
2018 2014 2101 2054 vc—

472 2091 600 2146 tusti
629 2132 645 2155 ,
693 2105 853 2161 quem
904 2097 987 2145 ter
1013 2089 1063 2143 in
1108 2088 1416 2159 pra'fatione
1461 2088 1774 2161 appellant,
1814 2093 2101 2162 exemplar

481 2183 685 2240 alicubi
718 2181 1078 2249 emendatam,
1108 2180 1350 2237 vindiciis
1374 2183 1508 2238 Satis
1538 2179 1685 2236 fusis
1730 2182 2101 2253 prmmunien.

471 2276 603 2333 dam
651 2283 940 2347 putarunt:
973 2288 1142 2345 eaque
1188 2288 1308 2329 mox
1356 2273 1411 2329 in
1443 2280 1691 2345 quatuor
1737 2269 2097 2331 Bibli0tltecae

473 2368 705 2426 Patrum
731 2365 1074 2428 cditiouibus,
1104 2374 1158 2420 at
1195 2348 1556 2438 negligentius
1583 2361 1871 2436 aliquanto
1892 2406 1908 2431 ,
1934 2382 2097 2437 repe-

477 2462 575 2516 tita
610 2460 750 2524 fuit,
779 2475 841 2515 ac
869 2458 1082 2513 tandem
1130 2470 1373 2530 separato
1417 2455 1709 2514 volumine
1755 2458 2097 2526 enucleatius

479 2568 679 2611 recusa
706 2552 909 2607 Patavii
935 2568 1020 2609 an.
1047 2565 1238 2608 uuccx.
1263 2552 1330 2607 At
1351 2552 1516 2609 multa
1550 2552 1679 2606 licet
1713 2564 1812 2619 pro
1841 2551 2095 2609 vindiciis

487 2646 695 2718 scripta
726 2644 953 2709 fuerint,
986 2659 1105 2698 cum
1136 2653 1307 2699 tamen
1342 2643 1455 2716 ipsa
1489 2645 1541 2699 in
1594 2640 1843 2699 editione
1896 2655 2097 2714 przeter

479 2738 647 2793 alium
695 2750 1002 2793 sermonum
1054 2734 1317 2803 ordinem,
1369 2751 1476 2804 quo
1528 2734 1623 2790 isti
1670 2733 1722 2787 in
1753 2730 1892 2788 duos
1923 2735 2094 2792 libros

478 2830 755 2887 distributi
798 2838 1114 2896 cernuntur,
1146 2828 1274 2884 nihil
1305 2837 1558 2885 occurrat
1592 2826 1744 2893 novi,
1774 2826 1867 2881 sed
1900 2844 2095 2886 omnes

490 2935 752 2983 tractatus
772 2940 924 2997 teque
955 2923 1061 2980 sint
1093 2923 1406 2995 perturbati,
1448 2921 1722 2995 permisti,
1754 2936 1817 2975 ac
1862 2938 1961 2993 pro
1991 2924 2095 2980 Ze-

498 3020 751 3076 nonianis
778 3018 1059 3084 divenditi,
1090 3017 1124 3073 ii
1154 3019 1346 3086 etiam,
1374 3033 1510 3089 quos
1541 3016 1755 3071 alienos
1784 3029 1909 3071 esse
1954 3017 2092 3074 Sixti

495 3119 809 3183 argumenta
830 3108 1172 3166 manifestum
1205 3112 1441 3165 fecerant
1473 3122 1873 3182 :qumcumqne
1901 3107 1955 3163 in
1981 3120 2086 3165 tam

2207 1910 2258 1956 te
2284 1898 2669 1957 difficillimum
2697 1943 2713 1969 ,
2746 1901 3053 1957 luxatioues
3097 1916 3204 1957 non
3238 1914 3430 1972 paucae
3455 1942 3470 1967 ,
3517 1912 3641 1970 quae
3683 1911 3829 1952 nunc

2205 1993 2526 2062 obscuram,
2556 2009 2701 2050 nunc
2730 2007 2976 2051 mancam
3006 1999 3062 2051 et
3107 1992 3248 2069 forte
3288 1992 3458 2048 etiam
3489 1991 3725 2046 alienam
3758 1991 3828 2047 ab

2204 2097 2425 2144 auctore
2456 2087 2785 2144 sententiam
2838 2085 3114 2153 referunt;
3154 2093 3213 2140 ut
3263 2084 3502 2155 proinde
3551 2081 3663 2140 dici
3700 2082 3824 2154 jure

2206 2179 2415 2249 possit,
2449 2181 2589 2236 inter
2613 2188 2689 2236 tot
2712 2179 3004 2247 editiones,
3033 2194 3155 2251 quae
3181 2174 3428 2233 Zenonis
3457 2193 3653 2233 nomen
3686 2191 3825 2247 pra:-

2205 2270 2410 2339 ferunt,
2448 2272 2647 2326 nullam
2676 2270 2938 2329 hactenus
2968 2268 3255 2342 prodiisse,
3289 2282 3416 2340 quae
3443 2269 3684 2328 Zenonis
3705 2268 3827 2326 θαι-ί

2204 2365 2278 2423 tio
2310 2381 2438 2422 vere
2464 2365 2533 2422 sit
2566 2380 2627 2421 ac
2656 2364 2922 2437 appellari
2953 2364 3168 2420 debeat.

2274 2457 2360 2515 ΙΙΙ.
2413 2459 2509 2515 His
2558 2459 2811 2515 omnibus
2866 2467 2924 2514 ut
2970 2456 3269 2514 remedium
3321 2456 3640 2525 aii‘erretur,
3680 2466 3821 2516 nova

2200 2552 2442 2621 paranda
2462 2550 2636 2606 fuerat
2664 2550 2855 2619 editio,
2884 2551 2936 2605 in
2967 2566 3091 2619 qua,
3126 2557 3187 2602 ut
3215 2560 3596 2606 accnrntarum
3621 2551 3817 2606 editio-

2201 2658 2328 2697 num
2360 2644 2500 2697 ratio
2548 2645 2818 2711 postulat,
2853 2640 3119 2709 separatis
3147 2637 3342 2692 alienis
3373 2655 3407 2693 a
3435 2643 3685 2711 genuinis
3712 2640 3816 2699 Ze-
3864 2702 3875 2707 ,

2199 2736 2358 2791 nonis
2380 2734 2749 2801 sermonibus,
2798 2732 3064 2805 suppletis
3093 2731 3319 2795 lacunis,
3356 2734 3575 2791 mendis
3597 2751 3813 2793 correc-

2201 2826 2268 2884 tis
2300 2837 2488 2883 sancto
2522 2826 2794 2897 Episcopo
2835 2842 2932 2882 sua
2975 2840 3139 2895 opera
3176 2821 3562 2896 redderentur,
3592 2838 3643 2884 et
3684 2845 3811 2888 auc-

2198 2922 2394 2978 toritas
2416 2921 2810 2977 vindicaretur.
2838 2920 2945 2976 Nos
2971 2921 3152 2994 itaque
3184 2917 3482 2976 editionem
3513 2923 3562 2979 id
3585 2927 3800 2995 generis

2196 3033 2226 3073 a
2266 3018 2441 3074 doctis
2466 3016 2674 3089 jamdiu
2704 3016 3000 3088 erpetitam
3028 3057 3043 3081 ,
3072 3024 3124 3070 et
3156 3013 3211 3070 8.
3243 3012 3481 3072 Zenonis
3523 3019 3717 3077 honori
3746 3021 3805 3078 in

2195 3110 2464 3181 integrum
2514 3108 2855 3165 restituendo
2906 3104 3368 3181 pernecessarirtm
3420 3122 3804 3179 parare,ante

484 3205 644 3262 malae
687 3219 864 3260 causa:
916 3202 1272 3274 patrocinium
1302 3202 1404 3257 dici
1455 3213 1719 3273 potuere,
1754 3216 1859 3255 non
1916 3202 2089 3258 solum
2119 3202 2166 3267 C
2197 3204 2401 3276 aliquot
2421 3218 2600 3260 annos
2628 3200 2981 3257 volvebamus
3013 3201 3063 3255 in
3092 3200 3274 3254 animo
3296 3215 3309 3253 :
3335 3209 3391 3255 at
3418 3215 3540 3257 cum
3566 3204 3618 3259 in
3641 3205 3801 3263 rebus

496 3298 628 3353 nihil
653 3296 1017 3367 profecerunt,
1044 3295 1137 3352 sed
1163 3295 1230 3351 ad
1256 3295 1683 3371 indignationem
1716 3294 1897 3366 potius
1920 3296 2087 3351 exsti-

489 3392 763 3449 mularunt
794 3406 899 3447 non
932 3390 1195 3447 nullorum
1235 3390 1465 3461 animos,
1495 3403 1830 3457 causamque
1886 3388 2081 3461 ipsam,

487 3502 606 3559 quae
636 3482 996 3542 imbecillibus
1026 3483 1181 3539 valde
1209 3485 1540 3555 argumentis
1562 3481 1830 3540 suffulciri
1862 3497 1926 3539 ac
1962 3498 2084 3541 sus-

484 3576 679 3633 tentari
717 3562 943 3644 debuit,
996 3575 1403 3631 imbecilliorem
1451 3577 1621 3631 multo
1646 3572 2083 3647 deterioremque

490 3684 611 3726 esse
634 3712 649 3735 ,
697 3685 857 3741 quam
898 3678 1055 3724 antea
1087 3666 1279 3735 fuerat,
1312 3667 1574 3738 aliquibus
1609 3681 1950 3741 persuasere.
1998 3667 2081 3723 Ad

492 3762 864 3822 difficultatum
892 3775 1054 3838 porro
1073 3760 1347 3817 cumulum
1378 3758 1475 3817 hac
1502 3759 1555 3843 in
1589 3759 1826 3816 editione
1852 3762 2084 3817 accessit

488 3857 649 3911 etiam
686 3864 920 3925 tempus,
970 3869 1077 3927 quo
1125 3851 1183 3909 S.
1216 3851 1486 3907 Zenonem
1541 3850 1791 3909 floruisse
1844 3850 2081 3907 editores

485 3955 793 4004 statuerunt
819 3965 832 4000 :
862 3940 1003 4020 quod
1027 3961 1148 4001 cum
1176 3944 1380 4015 aliquot
1399 3959 1712 4000 sermonum
1756 3942 2081 3999 testimoniis

485 4042 801 4097 adversetur
846 4037 1170 4104 manifeste,
1219 4053 1317 4110 pro
1371 4039 1623 4095 sedandis
1669 4037 2078 4107 repugnantium

482 4132 796 4193 criticorum
814 4130 1033 4196 animis,
1052 4144 1148 4185 eos
1170 4129 1222 4184 in
1253 4130 1453 4198 majora
1480 4130 1702 4187 dissidia
1726 4137 2075 4186 exacuernnt.

485 4228 582 4284 llis
597 4228 848 4283 omnibus
877 4226 942 4281 ad
962 4225 1318 4295 quaestionem
1346 4224 1413 4281 de
1432 4226 1666 4282 Auctore
1691 4222 2078 4294 pertinentibus

482 4319 626 4376 adde
657 4319 762 4376 alia
802 4332 909 4374 non
932 4316 1080 4372 nulla
1100 4358 1116 4384 ,
1162 4331 1284 4388 quae
1315 4315 1381 4373 ad
1412 4317 1665 4375 editionis
1698 4315 1867 4385 ipsius
1914 4314 2081 4371 decus

486 4411 887 4473 extenuandum
921 4426 1029 4466 non
1060 4408 1335 4465 minimum
1362 4410 1667 4481 conferunt.
1702 4410 1957 4465 Vetustns
1983 4424 2077 4464 co-

485 4508 617 4572 dex,
644 4522 805 4578 quem
835 4515 916 4561 ter
942 4504 997 4560 in
1040 4502 1352 4577 prtelatione
1391 4504 1713 4575 appellatum
1746 4501 2076 4569 notavimus,

2193 3298 2459 3373 ejusmodi
2492 3299 2612 3355 sine
2642 3296 3028 3366 manuscriptis
3048 3293 3241 3351 confici
3272 3294 3407 3351 nihil
3435 3296 3627 3368 possit,
3660 3300 3803 3357 inter

2190 3394 2478 3467 legendum
2514 3402 2696 3448 autem
2724 3392 2777 3448 in
2802 3391 3049 3448 notitiam
3077 3390 3413 3451 venissemus
3434 3394 3800 3468 antiquissimi

2187 3487 2416 3557 codicis,
2439 3503 2600 3560 quem
2627 3486 2979 3541 lientensium
3010 3483 3485 3542 Benediclinorum
3508 3488 3797 3546 bibliothe-

2184 3594 2262 3635 ca:
2290 3589 2418 3636 ante
2456 3593 2631 3634 annos
2660 3578 2833 3633 ferme
2884 3589 3187 3649 nongentos
3228 3577 3295 3634 ab
3328 3578 3623 3637 llincmaro
3676 3583 3791 3653 epi-

2186 3688 2351 3746 scopo
2373 3673 2519 3729 dono
2544 3671 2730 3727 datum
2750 3713 2764 3738 ,
2797 3670 2858 3726 P.
2885 3669 3192 3727 Ruinartius
3217 3668 3272 3727 in
3300 3682 3418 3726 acta
3452 3671 3509 3730 8.
3538 3673 3756 3731 Arcadii
3777 3717 3792 3742 ,

2182 3774 2237 3820 et
2290 3764 2351 3820 P.
2396 3762 2748 3819 Constantius
2797 3763 2848 3817 in
2906 3761 3160 3818 Veterum
3222 3758 3482 3820 Codicum
3537 3765 3793 3822 vindiciis

2184 3872 2305 3928 pag.
2334 3856 2556 3937 295,ae
2585 3856 2640 3909 in
2681 3854 2920 3911 editione
2970 3854 3157 3912 Hilarii
3211 3871 3332 3929 pag.
3377 3855 3485 3913 465
3534 3858 3794 3917 editionis

2184 3946 2541 4016 Veronensis,
2571 3947 2772 4018 aliique
2800 3950 2963 4003 etiam
3004 3946 3131 4002 alibi
3153 3962 3582 4005 commemorant
3615 3969 3626 4004 :
3657 3950 3791 4007 illud

2183 4040 2563 4111 cogitavimus,
2597 4054 2953 4111 quaecumque
2982 4037 3258 4108 diligentia
3291 4035 3348 4095 in‘
3371 4040 3493 4096 aliis
3522 4043 3791 4098 recentio-

2182 4132 2334 4187 ribus
2364 4132 2584 4204 quidem
2618 4130 2788 4186 tnulto
2821 4131 3203 4203 manuscriptis
3236 4130 3387 4188 libris
3433 4148 3463 4187 a
3494 4134 3649 4206 nobis
3677 4136 3792 4193 colo

2182 4225 2494 4292 locaretur,
2542 4239 2660 4280 eam
2690 4224 2878 4290 nihili,
2923 4225 3005 4281 vel
3058 4224 3263 4281 minimi
3297 4225 3536 4282 habitum
3592 4229 3688 4293 iri,
3738 4232 3789 4286 sl

2183 4328 2290 4375 tam
2335 4321 2616 4391 antiquum
2666 4317 2908 4374 codicem
2960 4318 3076 4375 orbi
3126 4319 3388 4374 litterario
3428 4320 3537 4390 jam
3590 4331 3781 4378 nutum

2185 4414 2504 4487 pneteriret.
2540 4410 2722 4481 Itaque
2753 4411 2953 4465 tamdiu
2983 4426 3010 4464 a
3035 4418 3411 4490 praeconeepto
3438 4427 3602 4483 opere
3629 4412 3793 4470 duxi.

2183 4521 2303 4562 mus
2328 4502 2793 4576 supersedendum
2815 4547 2830 4571 ,
2860 4503 3035 4573 quoad
3068 4503 3186 4575 ejus
3226 4504 3430 4561 codicis
3464 4508 3783 4583 consulendi

482 4598 630 4655 idem
673 4597 764 4654 ille
809 4595 1059 4663 videtur,
1109 4611 1265 4668 quem
1304 4597 1442 4651 inter
1474 4594 1777 4651 testimonia
1824 4603 2074 4650 uetustum
2102 4592 2157 4655 D
2182 4608 2236 4655 et
2273 4596 2587 4653 conferendi
2619 4596 2775 4667 copia
2807 4611 2901 4678 per
2930 4597 3163 4668 aliquem
3194 4596 3366 4653 ﬁeret.
3394 4596 3612 4655 interim
3645 4616 3778 4657 con.

484 4693 717 4749 codicem
736 4692 1139 4760 ntanuscripfum
1167 4690 1459 4746 monasterii
1481 4690 1645 4746 sancti
1663 4688 1881 4745 Zenonis
1906 4689 2078 4745 edito-

484 4805 575 4847 res
607 4795 822 4854 vocant,
871 4801 992 4843 cum
1014 4800 1078 4839 ex
1103 4783 1292 4840 eodem
1324 4783 1595 4856 Anonymi
1633 4781 1987 4855 fragmentum
2016 4780 2080 4835 de

490 4883 711 4941 Verona:
737 4878 978 4934 laudibus
1004 4875 1281 4948 proferunt
1305 4915 1318 4930 .
1339 4876 1435 4930 llic
1461 4886 1636 4929 autem
1661 4874 1829 4930 codex
1854 4890 1906 4928 ιιι
1933 4873 2077 4944 ejus-

484 4977 617 5033 tlem
642 4971 945 5031 Monasrerii
979 4970 1298 5027 bibliotheca
1322 4970 1576 5025 hactenus
1600 4968 1918 5034 custoditus,
1939 4984 2073 5037 prae.

492 5078 576 5124 ter
605 5081 761 5139 quam
788 5062 932 5136 quod
962 5063 1278 5119 recentioris
1309 5060 1477 5116 multo
1506 5070 1591 5119 est
1615 5060 1790 5115 relatis
1819 5061 2076 5140 (scriptus

490 5163 635 5218 enim
672 5161 770 5215 fuit
800 5158 1000 5215 sarculo
1026 5154 1142 5227 xv),
1174 5153 1471 5212 editoribus
1522 5154 1659 5209 adeo
1705 5153 1922 5209 modico
1960 5153 2080 5209 usui

492 5255 658 5309 fuisse
699 5249 1121 5325 deprehenditur
1143 5288 1159 5318 ,
1213 5259 1268 5304 ut
1299 5261 1465 5321 pauca
1492 5245 1737 5318 quaedam
1771 5246 1885 5302 loca
1908 5288 1924 5314 ,
1957 5261 2079 5317 qum

487 5346 547 5403 in
576 5345 741 5416 prima
762 5345 1001 5400 editione
1025 5353 1176 5399 erant
1197 5340 1623 5411 corruptissima,
1644 5339 1933 5395 emendare
1950 5353 2076 5394 cnn-

489 5436 649 5505 tenti,
681 5438 730 5491 in
755 5431 876 5491 aliis
904 5449 1014 5491 non
1054 5432 1227 5490 solum
1257 5434 1390 5489 nihil
1417 5430 1773 5499 confecerint,
1824 5432 1921 5487 sed
1954 5447 2075 5489 cum

482 5544 611 5587 eam
635 5528 736 5584 sibi
769 5525 963 5583 edendi
1008 5523 1266 5582 rationem
1309 5522 1619 5580 imitandam
1668 5521 2074 5595 praestituerint,

482 5637 591 5693 qua
620 5621 701 5677 usi
732 5619 945 5675 fuerant
970 5617 1028 5683 ii,
1051 5619 1141 5689 qui
1194 5617 1293 5672 sub
1322 5616 1576 5689 auspiciis
1605 5615 1744 5673 Sixti
1768 5615 1833 5682 Υ,
1860 5616 1916 5672 8.
1948 5614 2075 5670 Am-

483 5713 655 5770 brosii
685 5728 851 5783 opera
880 5726 1059 5781 nuper
1093 5709 1369 5767 ediderant
1396 5708 1535 5781 (haec
1565 5720 1745 5765 autem
1774 5708 2078 5785 cujusmodi

484 5807 685 5872 fuerit,
706 5804 957 5861 omnibus
978 5801 1150 5860 doctis
1178 5802 1313 5859 viris
1344 5802 1452 5873 jam
1481 5811 1668 5859 uotum
1693 5809 1779 5860 est
1824 5811 1984 5873 atque
2010 5817 2077 5861 ex

2190 4691 2325 4762 tigit,
2351 4701 2406 4744 ut
2424 4686 2658 4746 Marchio
2684 4686 2865 4760 Scipio
2892 4688 3132 4745 MalTeius
3174 4690 3335 4746 totius
3374 4691 3651 4749 litterariae
3679 4694 3787 4749 rei-

2188 4782 2418 4853 publicae
2438 4782 2604 4837 decus
2625 4779 3009 4849 clarissimum,
3041 4781 3308 4839 eruditum
3351 4784 3453 4839 iter
3479 4783 3530 4838 in
3553 4783 3782 4843 Galliam

2187 4874 2505 4945 susciperet.
2562 4873 2711 4929 Hanc
2755 4891 2883 4947 ergo
2943 4877 3283 4931 occasionem
3323 4886 3777 4947 peropportunam

2186 4967 2289 5023 rati
2318 4967 2372 5022 in
2417 4983 2570 5040 spem
2618 4968 2862 5023 veninms
2893 4967 3006 5025 fure
3027 5011 3040 5035 ,
3075 4977 3131 5023 ut
3156 4969 3248 5023 ille
3277 4968 3444 5025 codex
3472 4984 3634 5041 quam
3655 4971 3780 5029 dili-

2182 5062 2498 5133 gentissime
2519 5059 2860 5116 conferretur
2883 5077 3002 5117 curn
3030 5062 3206 5124 editis,
3238 5060 3469 5133 indeque
3507 5064 3750 5121 variante

2180 5152 2440 5210 lectiones
2460 5162 2728 5211 acctetera
2748 5164 2933 5210 notatn
2951 5155 3105 5224 digna
3123 5154 3577 5213 describerentur.
3597 5156 3783 5230 Itaque

2183 5247 2454 5304 litteratus
2477 5249 2566 5304 ille
2610 5249 2838 5303 eximius
2863 5249 3209 5315 omniumque
3237 5246 3545 5317 politiorum
3575 5252 3775 5308 artium
3802 5250 3809 5255 ’

2182 5354 2246 5396 ac
2270 5340 2673 5410 disciplinarum
2699 5338 2872 5394 fautor
2903 5338 3403 5410 prmstantissimuS,
3434 5354 3496 5395 ac
3518 5339 3575 5397 8.
3603 5340 3777 5400 Zeno-

2186 5432 2270 5487 nis
2295 5432 2540 5503 apprime
2570 5432 2873 5499 studiosus,
2904 5432 2989 5486 cui
3022 5441 3264 5485 nostrmn
3289 5432 3575 5489 consilium
3607 5438 3778 5494 maxi-

2184 5541 2271 5582 me
2294 5526 2638 5597 probabatur,
2654 5542 2774 5583 cum
2797 5525 3064 5581 Lutetiam
3081 5523 3413 5582 Parisiorum
3435 5529 3777 5600 accessisset,

2184 5617 2293 5690 egit
2315 5617 2497 5674 ‘statim
2523 5633 2645 5674 cum
2676 5619 2835 5675 docto
2864 5627 2918 5673 et
2944 5616 3205 5691 pernobili
3228 5619 3341 5673 viro
3366 5617 3570 5676 Joanne
3594 5619 3782 5676 ιευεδα

2184 5726 2307 5783 ques
2329 5710 2395 5765 de
2416 5709 2680 5791 Burigny;
2706 5712 2750 5766 is
2769 5721 2948 5768 autem
2974 5725 3095 5767 cum
3117 5708 3179 5770 D.
3203 5709 3489 5766 Fraucisco
3517 5708 3784 5785 Maillefer

2186 5819 2215 5860 a
2248 5803 2579 5863 Bibliotheca
2622 5805 2907 5863 Remensis
2937 5802 3277 5871 monasterii,
3308 5810 3365 5858 ut
3388 5815 3509 5861 eum
3536 5803 3788 5868 codicem
