4242 6168
448 282 515 338 i5
1396 275 1401 281 ’
1884 272 2423 335 PllOLEGOMENA.
3688 275 3758 333 i6

446 398 637 453 liceret
657 394 962 465 inspicere;
1010 399 1212 449 etcum
1239 391 1357 463 ejus
1387 390 1599 463 legendi
1626 390 2053 460 perhumanissi-
2079 393 2127 453 Α
2159 394 2220 450 S.
2256 395 2514 467 Remigio.
2545 392 2988 463 Haccdescriptio
3016 392 3239 448 codicis.

447 506 533 547 me
582 488 719 545 laeta
761 487 950 543 fuisset
990 485 1253 548 facultas,
1302 484 1546 541 Mal'feius
1596 493 1803 550 nonor,
1854 484 2049 540 eodem

445 582 656 640 Joanne
699 578 974 636 collatiooi
1020 594 1177 649 opem
1208 576 1416 633 ferente
1443 620 1455 640 ,
1487 576 1761 632 variantes
1792 576 2051 632 lectiones

447 675 660 745 aliaque
700 672 1046 728 considerato
1096 671 1255 742 digna
1303 686 1513 726 summa
1541 685 1664 725 cum
1712 670 1989 742 diligentia
2019 685 2050 725 e

448 767 635 824 codice
665 766 989 837 descripsit,
1022 780 1086 820 ac
1132 773 1191 819 ut
1236 765 1469 835 primum
1513 762 1779 820 Veronam
1833 764 2052 835 repetiit

449 862 629 915 omnia
662 859 819 916 nobis
842 840 1288 925 communicavit,
1322 864 1379 913 et
1406 865 1465 912 ut
1490 860 1640 928 operi
1673 856 1891 913 tandem
1935 872 2050 912 ma-

450 965 551 1006 nus
596 952 1033 1021 imponeremus,
1066 949 1267 1006 acriter
1310 951 1551 1020 impulit.
1584 950 1699 1006 Dici
1750 952 1840 1005 vix
1869 958 2050 1021 potest

453 1059 559 1114 qua
588 1044 871 1099 alacritate
897 1042 1202 1113 depositum
1242 1056 1307 1097 ac
1355 1043 1522 1098 ferme
1550 1042 1817 1113 alijcctum
1840 1041 2048 1113 jamdiu

442 1151 587 1213 opus
607 1137 787 1191 statim
815 1136 1171 1207 suscepimus.
1198 1134 1347 1190 Alios
1364 1135 1598 1202 codices,
1616 1135 1704 1206 qui
1732 1134 1832 1192 etsi
1861 1149 2076 1190 recen-.

452 1228 640 1295 tiores,
666 1243 773 1282 non
796 1227 929 1282 nihil
954 1238 1131 1283 tamen
1155 1226 1452 1296 adjumenti
1475 1228 1772 1298 saepissime
1792 1225 2045 1292 aﬂ'ernnt,

448 1336 577 1377 mox
607 1320 734 1376 hinc
760 1328 923 1391 atque
948 1319 1073 1376 hinc
1103 1319 1488 1391 exquirendos,
1520 1330 1717 1375 etcum
1743 1320 1899 1376 editis
1921 1335 2049 1374 con-

459 1415 713 1472 ferendos
733 1415 1042 1471 curavimus
1067 1430 1082 1479 ;
1116 1413 1496 1483 fortunateque
1517 1412 1735 1480 accidit,
1778 1422 1836 1467 ut
1864 1408 2049 1467 multis

450 1503 815 1566 huic'editioni
838 1506 1165 1573 faventibus,
1182 1506 1318 1561 alios
1329 1518 1451 1561 octo
1474 1521 1579 1561 non
1599 1505 1797 1560 inﬁma;
1811 1503 2051 1575 plerum-

450 1618 558 1672 que
588 1611 728 1657 ηοω)
758 1601 929 1656 libros
966 1608 1163 1669 prmter
1187 1614 1403 1654 omnem
1443 1613 1595 1668 spem
1624 1597 1851 1652 collatos
1891 1612 2048 1652 acce-

451 1697 692 1766 perimus
731 1695 896 1749 variis
934 1709 1002 1749 ex
1034 1692 1298 1763 partibus,
1332 1695 1421 1763 qui
1452 1706 1576 1746 cum
1628 1705 1879 1761 magnum
1926 1689 2050 1745 huic

2230 486 2295 541 V.
2339 486 2489 542 Nunc
2533 488 2602 543 de
2646 486 2851 543 codicis
2896 487 3216 557 antiquitate
3245 494 3300 542 et
3348 490 3660 557 prmstantia
3704 500 3762 543 ut

2158 595 2266 635 non
2299 580 2447 635 nulla
2474 579 2973 635 animadvertamus
2993 622 3009 647 ,
3042 580 3287 637 rubricas
3312 582 3573 653 quasdam
3618 600 3760 638 inar-

2156 672 2365 743 ginales
2417 671 2622 743 aliquot
2677 672 2996 729 tractatibus
3049 675 3266 745 antiqua
3300 717 3315 740 ,
3371 676 3466 731 sed
3522 677 3757 734 secunda

2159 779 2319 819 manu
2361 764 2635 834 appositas
2674 764 3024 822 considerare
3068 768 3300 822 maxime
3346 767 3605 838 interest,
3639 786 3760 841 qua:

2157 856 2259 910 etsi
2293 856 2407 910 suis
2446 872 2674 928 quaeque
2726 857 2861 912 locis
2910 858 2961 910 in
3011 856 3274 929 subjectis
3323 859 3760 919 adnotationibus

2160 948 2536 1005 recitabuntur
2587 940 3146 1019 explicabunturque,
3197 967 3381 1006 earum
3440 963 3616 1009 tamen
3673 954 3761 1012 hic

2165 1039 2470 1111 catalogum
2502 1041 2675 1097 oculis
2706 1041 2942 1110 ohjicere
2963 1082 2978 1107 ,
3013 1048 3069 1096 et
3107 1051 3315 1114 gratum
3344 1043 3634 1101 lectoribus
3660 1089 3675 1114 ,
3705 1056 3758 1104 et

2159 1143 2348 1189 nostro
2396 1135 2626 1190 consilio
2683 1136 2913 1207 perutile
2955 1134 3190 1191 futurum
3234 1144 3505 1206 putamus.
3557 1139 3650 1196 Ha:
3681 1141 3761 1197 ni-

2160 1225 2356 1280 mirum
2387 1225 2656 1296 ejusmodi
2698 1233 2856 1295 sunt,
2893 1237 2952 1282 ut
2982 1243 3104 1282 eum
3157 1228 3398 1286 codicem
3423 1272 3438 1298 ,
3472 1241 3756 1303 antequam

2157 1317 2212 1373 in
2243 1318 2517 1375 Hincmari
2548 1318 2834 1375 Remensis
2864 1335 3055 1375 manus
3084 1323 3329 1390 veniret,
3361 1322 3428 1378 ad
3460 1323 3758 1381 Ecclesium

2155 1411 2527 1468 Vcronensem
2556 1414 2884 1484 pertinuisse
2913 1456 2927 1481 ,
2958 1414 3185 1485 ejusque
3230 1415 3282 1470 in
3326 1431 3424 1471 usu
3474 1417 3613 1473 inter
3656 1434 3758 1490 pu-

2156 1504 2295 1561 blica
2327 1504 2698 1561 ecclesiastica
2745 1505 2926 1561 oflicia
2950 1506 3156 1577 jamdiu
3204 1505 3372 1564 fuisse
3419 1509 3758 1581 exploratum

2157 1593 2394 1663 faciant,
2445 1596 2587 1666 quod
2634 1595 2702 1652 ad
2746 1597 3235 1655 commendandam
3284 1600 3510 1671 hujusce
3554 1601 3759 1658 codicis

2157 1688 2533 1760 antiquitatem
2556 1731 2571 1758 ,
2604 1689 2980 1763 originemque
3003 1692 3503 1762 praestantissimam
3530 1692 3758 1750 demon-

450 1787 677 1844 editiOni
702 1788 868 1843 decus
887 1785 1122 1841 addituri
1144 1796 1289 1851 sunt,
1315 1794 1429 1840 tum
1452 1793 1696 1839 nostrum
1728 1786 1780 1839 in
1805 1800 1868 1841 ea
1900 1784 2053 1840 navi-
2083 1787 2132 1848 Β
2159 1781 2435 1836 strandam
2465 1781 2756 1851 plurimum
2806 1782 3036 1838 confert.
3091 1784 3194 1838 Eas
3238 1794 3419 1839 autem
3454 1796 3608 1840 uetas
3651 1800 3759 1841 non

451 1890 533 1937 ter
570 1878 887 1937 elaborandi
938 1876 1176 1933 studium
1216 1877 1525 1933 incitarunt.
1560 1877 1658 1932 llic
1688 1886 1867 1932 autem
1895 1887 2048 1932 ante-

450 1991 613 2047 quam
657 1976 924 2043 dicimus,
957 1973 1085 2046 quid
1117 1989 1213 2046 per
1244 1988 1342 2029 nos
1364 1974 1666 2044 praestitum
1703 1973 1795 2038 sit,
1828 1972 1897 2029 de
1920 1972 2051 2042 ipsis

448 2069 751 2132 codicibus,
782 2076 840 2123 ut
866 2080 1059 2122 omnes
1083 2064 1279 2121 eruditi
1308 2065 1455 2120 hisee
1474 2065 1527 2120 in
1557 2064 1811 2135 operibus
1830 2062 2049 2119 deside-

451 2176 575 2217 rare
600 2161 798 2225 solent,
847 2158 1080 2215 dicenda
1107 2166 1232 2213 sunt
1261 2156 1441 2228 aliqua
1474 2174 1487 2210 :
1518 2171 1751 2224 cumque
1779 2156 1920 2211 inter
1952 2155 2052 2211 hos

450 2256 861 2327 antiquissimus
881 2254 1164 2309 Remensis
1195 2251 1359 2307 totius
1374 2251 1591 2306 fabrica:
1615 2252 1821 2306 futurus
1844 2249 1914 2305 sit
1939 2249 2054 2305 vel-

451 2349 528 2405 uti
570 2348 716 2405 basis
755 2361 820 2403 ac
849 2344 1257 2402 fundamentum
1284 2387 1299 2412 ,
1344 2343 1733 2401 accuratiorem
1784 2344 1904 2414 ejus
1957 2342 2053 2399 de-

448 2444 800 2514 scriptionem
830 2442 881 2496 in
907 2441 1097 2511 primis
1128 2438 1488 2497 exhibendam
1520 2437 1678 2494 nobis
1704 2452 1826 2493 esse
1852 2436 2053 2493 intelli-

449 2552 648 2610 gtmus.

522 2629 611 2685 IV.
652 2629 816 2685 Liber
843 2635 926 2684 est
957 2628 1405 2683 membranaceus
1448 2627 1498 2681 in
1529 2626 1660 2682 folio
1705 2642 1870 2697 parvo
1909 2627 2053 2698 pagi-
2098 2600 2099 2605 η

450 2738 641 2780 narum
682 2721 786 2778 140
806 2763 821 2788 ,
849 2720 1161 2777 charactere
1182 2718 1249 2774 ad
1277 2720 1721 2791 typographicnm
1758 2720 2052 2777 accedente

450 2815 718 2887 scriptus,
746 2827 811 2869 ac
838 2812 1036 2883 duplici
1085 2826 1276 2878 manu,
1309 2825 1537 2881 quarum
1578 2812 1745 2868 altera
1775 2820 1946 2868 totum
1987 2814 2050 2869 li-

451 2908 606 2964 brum
636 2910 988 2978 primum,et
1039 2904 1166 2959 item
1217 2903 1513 2959 secundum
1562 2919 1732 2974 usque
1778 2905 1843 2960 ad
1891 2913 2049 2962 tract.

450 3016 563 3058 xxx
582 3042 597 3068 ,
626 2999 835 3055 latioris
860 2997 1109 3053 diametri
1136 2995 1333 3053 litteris
1375 2997 1661 3067 descripsit
1683 3041 1698 3063 ,
1732 3000 1898 3055 altera
1926 3016 2054 3057 vero
2144 3048 2147 3053 .

451 3094 649 3152 litteris
695 3093 941 3148 diametri
983 3090 1142 3162 paulo
1170 3090 1501 3161 angustioris
1526 3091 1763 3161 reliquos
1795 3102 2053 3149 tractatus

2156 1889 2255 1945 pro
2300 1880 2624 1929 tractatuum
2648 1916 2663 1941 ,
2691 1875 2886 1945 quibus
2912 1874 3087 1930 afﬁxa:
3130 1885 3255 1930 sunt
3278 1917 3292 1942 ,
3325 1876 3502 1939 serie,
3535 1875 3631 1932 sed
3663 1891 3764 1948 pro

2153 1965 2413 2023 festorum
2440 1983 2504 2023 ac
2532 1967 2784 2023 feriarum
2808 2010 2822 2032 ,
2854 1969 2905 2023 in
2934 1969 3129 2039 quibus
3150 1969 3356 2041 aliquot
3379 1968 3621 2025 Zenonis
3652 1979 3758 2025 tra-

2153 2067 2330 2115 ctatus
2360 2060 2501 2115 inter
2529 2075 2680 2115 sacra
2727 2058 2903 2115 ofﬁcia
2944 2060 3204 2116 reeitandi
3236 2070 3493 2117 notantur
3514 2104 3528 2128 ,
3564 2060 3757 2117 ordine

2154 2151 2547 2218 describemus,
2573 2150 2822 2208 indicatis
2850 2152 3184 2216 tractatibus,
3209 2154 3404 2225 quibus
3428 2154 3645 2210 easdem
3661 2168 3759 2210 suo

2156 2243 2277 2301 loco
2306 2246 2578 2317 snhjectas
2606 2257 2661 2303 et
2710 2249 3115 2304 commentariis
3165 2250 3460 2305 illustratus
3492 2251 3753 2308 invenies.

2226 2336 2509 2392 Tractatus
2536 2354 2593 2393 ut
2615 2381 2629 2403 ,
2664 2337 2756 2392 lib.
2795 2354 2865 2406 ιι,
2894 2338 3010 2395 hrc
3034 2339 3100 2394 ad
3129 2340 3424 2413 marginem
3453 2340 3617 2397 habet
3644 2360 3657 2397 :
3688 2340 3758 2397 In

2307 2430 2492 2486 Natali
2519 2431 2725 2487 Domini
2752 2433 2999 2503 fratribus
3044 2435 3259 2507 legenda
3287 2436 3340 2491 in
3381 2436 3616 2492 cubiculo
3642 2445 3757 2509 post

2301 2524 2636 2580 diaconorum
2663 2527 3031 2596 ingressionem
3059 2537 3179 2583 ante
3204 2530 3518 2600 pontiﬁcem.

2227 2614 2515 2670 Tractatus
2546 2631 2639 2671 xui
2664 2658 2679 2684 ,
2708 2616 2802 2672 lib.
2836 2633 2888 2673 r:
2925 2615 2993 2672 In
3018 2627 3199 2674 octava
3220 2618 3460 2687 Domini,
3495 2621 3758 2692 pontiﬁcis

2301 2725 2436 2763 nona
2464 2708 2634 2764 lectio.
2698 2700 2708 2715 ’

2229 2800 2511 2857 Tractatus
2534 2818 2678 2857 Lxxn
2700 2844 2714 2867 ,
2745 2801 2838 2859 lib.
2871 2818 2907 2858 ιι
2934 2820 2947 2857 :
2980 2802 3205 2859 Sabbato
3237 2805 3405 2873 primo
3433 2805 3587 2874 primi
3616 2822 3757 2861 men-

2299 2895 2371 2948 sis
2400 2911 2573 2949 coram
2617 2894 2875 2965 Pontiﬁce
2903 2906 3023 2951 ante
3053 2897 3430 2963 processionem
3466 2898 3755 2956 recitando.

2228 2985 2512 3040 Tractatus
2537 3002 2641 3041 xxx
2672 3003 2687 3040 :
2718 2984 2783 3040 In
2813 2987 2980 3057 primo
3004 2988 3235 3059 symbolo
3263 2988 3315 3043 in
3337 2990 3550 3044 umbone
3569 3007 3601 3045 a
3624 3007 3757 3061 pon-

2304 3080 2440 3148 ti/ice
2470 3081 2642 3151 pueris
2668 3080 2953 3136 recitando.

451 3187 704 3246 undecim
732 3185 984 3257 subjecit.
1018 3184 1200 3239 Primo
1225 3182 1354 3238 folio
1381 3181 1694 3253 majusculis
1723 3193 1779 3241 et
1802 3186 2056 3256 grandio-
2082 3168 2126 3230 (ἶ
2232 3172 2513 3229 Ττίιθιίηυε
2544 3189 2708 3228 in"
2742 3192 2754 3227 ³
2800 3173 3087 3230 “cenanda
3130 3175 3306 3247 Ρυενίε
3335 3185 3455 3231 “me
3497 3175 3750 3247 θαρίίδηεα

450 3281 603 3337 ribus
634 3279 825 3334 litteris
859 3277 975 3332 haec
1002 3277 1165 3331 verba
1194 3275 1451 3344 inscripta
1482 3277 1734 3346 leguntur
1760 3295 1774 3330 :
1807 3276 2058 3333 Hincma.

452 3388 543 3426 rus
572 3370 1003 3440 Archiepiscopus
1046 3367 1191 3423 dedit
1231 3367 1429 3423 Sancto
1469 3368 1704 3441 Remigio
1730 3384 1749 3424 :
1775 3370 1846 3425 ita
1876 3378 2057 3426 tamen

453 3473 518 3520 ut
542 3463 649 3519 duo
674 3463 847 3533 prima
874 3461 1040 3519 verba
1067 3460 1324 3529 inscripta
1355 3460 1553 3518 fuerint
1579 3461 1645 3518 ad
1672 3464 1831 3519 unius
1853 3464 2057 3536 paginae

456 3571 642 3612 vacare
666 3556 892 3621 calcem,
923 3553 1027 3611 tria
1052 3568 1182 3611 vero
1223 3554 1429 3625 reliqua
1459 3554 1526 3609 ad
1556 3555 1760 3612 calcem
1792 3557 2015 3613 alterius
2039 3601 2056 3626 ,

455 3665 579 3723 qua:
609 3664 639 3704 e
667 3649 888 3720 regione
914 3647 1090 3718 posita
1117 3656 1171 3702 et
1211 3647 1409 3716 scripta
1439 3648 1715 3715 cernitur;
1762 3649 2059 3721 eademque

455 3741 690 3801 formula
734 3739 927 3797 eodem
969 3737 1284 3794 charactere
1311 3752 1374 3793 ac
1404 3737 1457 3792 in
1499 3738 1743 3794 eamdem
1793 3741 2059 3797 rationem

455 3845 649 3909 quater
676 3832 903 3904 repetita
934 3830 1063 3887 alibi
1099 3830 1295 3902 legitur
1318 3873 1332 3897 ,
1367 3830 1617 3887 nimirum
1652 3840 1735 3887 ter
1773 3833 1826 3888 in
1876 3835 2060 3905 operis

456 3921 691 3984 decursu
712 3967 729 3993 ,
764 3932 1093 3997 postremum
1140 3923 1193 3977 in
1228 3923 1354 3979 line.
1390 3922 1445 3977 In
1493 3923 1668 3981 fronte
1710 3925 1830 3981 libri
1864 3942 2058 3983 recen-

458 4020 583 4076 tiori
606 4033 767 4074 manu
791 4024 847 4072 et
866 4016 1165 4072 minoribus
1186 4014 1381 4072 litteris
1406 4014 1521 4072 haec
1541 4018 1740 4088 scripta
1761 4028 2055 4089 apparent:

458 4110 614 4167 Liber
657 4109 841 4167 Sancti
891 4107 1113 4176 Remigii
1159 4106 1425 4163 Bernensis
1454 4109 1555 4163 vol.
1604 4110 1774 4177 amri,
1829 4119 1885 4166 et
1931 4094 2056 4167 dein

459 4204 565 4260 alia
586 4243 602 4268 ,
632 4217 696 4259 ac
718 4200 860 4257 forte
889 4200 1170 4255 vetustiori
1202 4214 1362 4255 manu
1389 4218 1401 4254 :
1433 4199 1647 4255 Librum
1674 4202 1855 4259 Sancti
1886 4203 2060 4259 Remi-

460 4300 533 4374 gii
561 4298 650 4368 qui
670 4297 713 4351 ei
743 4293 1009 4350 abstulerit
1033 4336 1048 4357 ,
1080 4296 1353 4348 anathema
1374 4295 1461 4350 sit.
1489 4295 1752 4352 Prmcedit
1779 4315 1946 4355 sermo
1976 4317 2060 4356 ve-

461 4391 704 4446 nerabilis
732 4387 977 4445 Coronati
1004 4387 1192 4442 notarii
1222 4388 1285 4442 de
1320 4386 1440 4442 Vita
1464 4388 1524 4446 S.
1558 4388 1806 4465 Episcopi
1836 4402 1884 4446 et
1925 4391 2060 4449 Con-

463 4483 673 4555 fessoris
714 4479 939 4535 Zenonis
960 4521 974 4547 ,
1000 4495 1161 4551 quam
1209 4482 1350 4537 inter
1393 4495 1742 4541 monumenta
1771 4486 2054 4554 dabimus;

2304 3283 2336 3319 a
2360 3265 2621 3337 pontiﬁce.

2233 3356 2518 3412 Tractatus
2547 3373 2753 3413 xxxvnt
2783 3374 2796 3410 :
2834 3356 2898 3411 In
2937 3358 3131 3429 pascha
3157 3359 3331 3430 pueris
3360 3368 3477 3430 post
3506 3358 3760 3433 baptisma

2304 3469 2336 3506 a
2366 3452 2612 3522 pontiﬁce
2641 3452 2925 3506 recitanda.

2233 3545 2518 3601 Tractatus
2542 3561 2611 3600 Lv
2635 3563 2648 3600 :
2684 3544 2752 3599 In
2781 3545 3023 3615 paschate
3050 3563 3227 3601 coram
3266 3547 3510 3617 pontiﬁce
3534 3547 3589 3602 in
3620 3547 3762 3603 cubi-

2310 3637 2428 3692 culo
2457 3637 2723 3691 rccitanda
2745 3646 2858 3708 post
2885 3637 3222 3694 diaconorum
3248 3640 3618 3709 ingressionem
3647 3641 3760 3711 ipso

2307 3731 2391 3787 die
2423 3732 2703 3803 paschalis.

2235 3826 2515 3882 Tractatus
2554 3842 2706 3881 xcv:
2751 3825 3038 3882 Recitanda
3080 3828 3136 3882 in
3174 3836 3425 3884 conventu
3468 3844 3501 3883 a
3546 3828 3762 3885 diacone

2240 3974 2245 3981 ,
2305 3919 2418 3990 ipso
2448 3918 2530 3973 die
2558 3919 2764 3990 paschte
2813 3935 2985 3974 coram
3016 3920 3296 3992 pontiﬁce,
3342 3930 3611 3991 postquam
3652 3921 3762 3991 ipse

2308 4030 2426 4067 cum
2451 4013 2752 4068 diaconibus
2771 4030 2804 4067 a
2825 4012 3064 4068 cubiculo
3098 4015 3417 4071 descenderit
3437 4025 3511 4086 ζει
3547 4016 3758 4081 sederit,

2309 4108 2556 4179 porrectis
2576 4107 2855 4162 secundant
2882 4124 3076 4163 morem
3123 4109 3272 4165 malis
3317 4126 3433 4164 cum
3476 4126 3604 4181 pace
3630 4122 3767 4182 prte-

2305 4200 2427 4253 stita
2439 4199 2634 4254 dicente
2646 4200 2888 4271 pontiﬁce
2908 4216 2928 4256 :
2943 4200 3183 4258 Surrexit
3207 4200 3463 4258 Christus.
3493 4202 3532 4274 ἡ
3554 4242 3569 4258 .
3601 4202 3719 4257 aliis
3744 4217 3764 4257 :

2307 4295 2376 4351 Et
2401 4296 2480 4352 itt.

2235 4387 2516 4443 Tractatus
2546 4404 2675 4443 XLIV
2701 4406 2715 4444 :
2745 4388 3118 4443 Asubdiacono
3141 4389 3195 4442 in
3221 4388 3437 4444 amboue
3460 4389 3755 4457 recitanda,

2306 4482 2428 4534 dum
2472 4498 2586 4536 cum
2613 4481 2863 4552 fratribus
2910 4483 3143 4553 pontifex
3182 4484 3235 4537 in
3264 4495 3512 4541 conventu
3558 4485 3763 4540 sederit.

460 4582 518 4632 et
546 4576 596 4629 in
628 4572 789 4642 hujus
820 4572 926 4627 line
952 4572 1121 4627 altera
1154 4572 1551 4644 posteriorique
1581 4592 1744 4632 manu
1770 4577 2013 4634 additum
2047 4598 2060 4635 :
2093 4561 2144 4622 Ῑ)
2244 4576 2530 4633 Tractatus
2557 4594 2627 4633 ιιι
2653 4595 2667 4630 :
2703 4575 2946 4632 Secunda
2985 4578 3119 4649 feria
3149 4579 3409 4657 pascltatis
3436 4580 3492 4633 in
3520 4589 3768 4634 conventu

463 4667 758 4724 Translatio
786 4667 901 4734 ejus
926 4674 1084 4719 restat
1108 4683 1125 4720 :
1156 4681 1277 4736 quin
1310 4667 1471 4721 verba
1500 4669 1905 4725 translationem
1934 4686 2063 4727 cor-

463 4762 613 4835 poris
659 4760 716 4816 S.
764 4756 999 4813 Zenonis
1044 4773 1186 4812 nono
1238 4757 1438 4812 sacculo
1486 4757 1707 4815 ineunte
1754 4770 2062 4832 peractam,

465 4869 569 4911 nec
594 4870 623 4908 a
652 4852 926 4910 Coronan
957 4855 1007 4908 in
1042 4854 1148 4908 vita
1176 4853 1504 4924 descriptam
1533 4856 1827 4913 insinuant.
1873 4858 2065 4929 Sequi-

466 4962 554 5007 tur
580 4952 860 5022 inscriptio
887 4950 1172 5006 Zezoniani
1216 4951 1397 5019 operis
1428 4950 1512 5006 his
1539 4952 1755 5007 verbis:
1794 4952 2065 5011 Tractatus

466 5046 529 5103 S.
563 5045 785 5101 Zenonis
824 5042 1131 5100 Veronensis
1166 5042 1430 5115 Episcopi.
1465 5042 1748 5101 Tractatus
1792 5055 1974 5103 autem
2008 5050 2061 5104 in

465 5137 603 5193 duos
631 5137 798 5191 libros
825 5136 1092 5206 dispertiti
1141 5144 1301 5203 sunt,
1332 5135 1549 5205 praefixa
1596 5137 1824 5208 singulis
1869 5147 2065 5196 tracta-

466 5239 619 5297 tuum
662 5229 865 5284 tabula.
912 5228 1124 5283 Primus
1168 5229 1412 5284 continet
1466 5237 1619 5285 tract.
1652 5231 1759 5295 6‘2,
1791 5233 2064 5290 secundus

464 5333 646 5378 autem
677 5322 735 5376 tl
762 5364 777 5388 ,
809 5332 879 5375 ex
916 5321 1112 5391 quibus
1136 5320 1385 5376 undecim
1419 5323 1672 5391 postremi
1702 5322 1809 5378 alio
1840 5326 2064 5382 minoris

469 5416 719 5473 diametri
757 5413 1072 5471 charactere
1113 5414 1182 5469 ab
1208 5414 1315 5469 alio
1338 5416 1619 5484 posteriori
1647 5400 1912 5487 scriptore
1940 5421 2070 5477 sub-

464 5510 594 5582 jeeti
638 5509 792 5566 fuere
815 5549 830 5574 ,
861 5517 921 5563 ut
948 5523 1093 5563 nunc
1136 5523 1309 5578 nuper
1335 5510 1663 5564 monuimus.
1695 5510 1857 5566 Tituli
1889 5522 2066 5567 autem

467 5600 770 5673 majusculo
800 5598 1071 5668 rubroque
1099 5598 1413 5655 charactere
1454 5597 1652 5671 depicti
1697 5608 1842 5656 sunt.
1874 5600 1932 5657 In
1965 5601 2070 5658 ﬁne

466 5690 884 5751 autem’codicis
913 5702 1216 5748 memorata
1262 5691 1469 5749 notatio
1514 5692 1714 5749 litteris
1755 5693 2069 5765 majusculis

461 5798 718 5860 expressa
769 5784 967 5858 legitur
1013 5801 1026 5836 :
1087 5781 1398 5841 Hincmarus
1452 5782 1871 5858 archiepiscopus
1926 5786 2069 5842 dedit

2314 4670 2561 4741 fratribus
2590 4685 2762 4724 coram
2789 4671 3030 4741 pontiﬁce
3049 4670 3316 4726 recitanda
3334 4682 3454 4726 ante
3473 4674 3765 4728 stationem.

2243 4763 2527 4819 Tractatus
2556 4779 2683 4818 XLIII
2708 4780 2723 4817 :
2754 4762 2835 4816 Ad
2865 4764 2925 4819 S.
2961 4763 3286 4832 Stephanum
3308 4766 3386 4833 ad,
3406 4777 3658 4838 martyres
3682 4783 3768 4821 se—

2313 4856 2481 4909 cunda
2512 4856 2644 4927 feria
2668 4854 2875 4927 pascha:
2899 4855 3116 4926 legenda
3143 4858 3197 4911 in
3222 4857 3465 4921 umbone,
3498 4867 3769 4927 antequam

2316 4949 2550 5019 pontifex
2577 4949 3017 5020 consignationem
3060 4950 3224 5004 sancti
3248 4950 3480 5022 Spiritus
3517 4949 3771 5007 celebrare

2319 5042 2555 5111 incipiat.

2240 5135 2524 5191 Tractatus
2552 5152 2585 5191 ι
2613 5154 2628 5193 :
2662 5134 2833 5191 Tertia
2862 5136 2996 5208 feria
3023 5139 3229 5205 pascha:
3247 5139 3302 5193 in
3322 5148 3573 5194 conventu
3594 5138 3772 5211 fratri-

2314 5230 2406 5283 bus
2426 5244 2603 5284 coram
2633 5230 2874 5300 pontiﬁce
2894 5229 3163 5285 recitando
3189 5242 3309 5286 ante
3332 5231 3623 5288 stationem.
3772 5230 3775 5233 ’

2245 5320 2530 5377 Tractatus
2576 5338 2626 5377 LI
2658 5340 2671 5376 :
2701 5322 2770 5376 In
2799 5320 3043 5395 paschale
3065 5334 3252 5396 quarta
3288 5325 3422 5396 feria
3440 5325 3495 5380 in
3520 5335 3768 5385 conventu

2316 5413 2594 5484 fratribus,
2618 5422 2725 5470 etc.
2746 5456 2762 5482 ,
2790 5425 2847 5469 ut
2872 5415 2924 5470 in
2952 5417 3218 5485 superiori
3248 5417 3481 5475 rubrica.

2245 5505 2529 5563 Tractatus
2555 5523 2697 5563 van
2722 5526 2734 5561 :
2771 5507 2965 5576 Quinta
2994 5510 3124 5581 feria
3154 5510 3363 5582 pascha:
3398 5513 3453 5568 in
3481 5524 3728 5571 conuentu
3748 5553 3763 5580 ,

2315 5607 2420 5657 etc.
2441 5641 2456 5666 ,
2485 5608 2545 5656 ut
2565 5617 2747 5671 supra.

2245 5692 2529 5750 Tractatus
2558 5710 2709 5751 xxxv
2741 5714 2752 5750 :
2783 5696 3075 5754 Recitanda
3101 5699 3275 5772 pueris
3302 5709 3420 5757 ante
3441 5700 3702 5774 baptisma
3734 5714 3771 5753 a

2315 5787 2557 5859 pontiﬁce
2585 5786 2641 5843 in
2676 5787 2993 5848 Pentecoste.
