4242 6168
481 217 548 272 Π
949 228 962 245 ‘
1714 210 2288 269 BALLERINIORUM
2331 215 2719 275 PREFATIO.
3772 229 3848 286 18

557 331 834 386 Tractatus
863 348 968 387 ως
1000 348 1013 382 τ
1045 329 1107 383 In
1140 328 1418 402 fest'vitttte
1465 328 1792 383 Sanctorum
1836 326 2009 381 Firmi
2053 337 2098 383 et
2125 328 2172 388 A
2203 330 2352 398 genti
2379 333 2612 402 scriptus
2639 345 2895 405 apparet,
2924 352 3045 393 cum
3066 378 3081 404 ,
3111 337 3309 396 eadem
3341 357 3474 400 voce
3509 341 3729 398 alicubi
3760 361 3850 405 rc.-

631 422 828 477 Rustici
857 421 1095 494 fratribus
1124 422 1411 474 recitanda.

485 514 570 571 Ex
597 514 681 571 bis
709 517 932 570 rubricis
961 516 1290 584 perspicuum
1330 527 1469 568 sane
1503 512 1601 578 fit,
1645 511 1974 566 Remensem
2004 527 2096 566 co-

489 607 662 666 dicem
686 607 749 662 ad
772 623 918 662 usum
944 608 1206 677 publicum
1232 605 1402 660 fuisse
1431 604 1679 674 alicujus
1711 602 1970 658 Ecclesia:
1993 645 2008 671 ,
2037 613 2096 658 ut

485 701 639 755 statis
662 700 965 772 quibusdam
991 700 1176 755 diebus
1202 714 1351 753 sacra
1377 697 1552 752 lectio
1581 698 1636 750 in
1663 696 1831 749 sacris
1860 697 2092 752 coetibus

485 792 730 849 habenda
759 793 954 848 exinde
981 803 1260 862 peteretur.
1290 791 1607 846 Ecclesium
1633 799 1816 844 autem
1841 831 1855 857 ,
1885 793 1966 846 cui
2000 791 2092 844 ille

483 888 604 943 usui
638 889 769 949 fuit.
797 903 899 942 non
930 887 1085 941 aliam
1107 901 1224 942 esse
1253 901 1412 955 quam
1439 883 1830 938 Vcroneusem
1850 927 1864 950 ,
1892 892 2093 953 prartcr

479 982 842 1053 conjecturam
866 1023 879 1047 ,
911 997 1029 1049 qua:
1055 997 1117 1036 ex
1137 981 1250 1050 ipso
1269 979 1491 1034 Zenone
1523 976 1776 1046 ejusdem
1802 978 1950 1033 urbis
1977 979 2090 1048 epi-

482 1091 652 1139 s«:opo
680 1075 800 1130 duci
835 1085 1040 1142 potest,
1073 1073 1188 1130 dum
1232 1075 1544 1143 praesertim
1583 1072 1814 1126 rubrica:
1856 1073 2086 1128 demou-

479 1176 660 1224 strant
682 1210 694 1232 ,
725 1168 892 1222 altera
923 1169 972 1221 in
1016 1175 1296 1221 tractatum
1328 1183 1458 1222 xuu
1482 1209 1496 1232 ,
1534 1166 1630 1220 lib.
1667 1184 1724 1230 ιι,
1760 1168 1845 1223 ubi
1879 1183 2088 1222 metuo-

481 1270 636 1316 ratur
680 1260 904 1316 ecclesia
955 1260 1017 1316 S.
1047 1259 1298 1331 Stephani
1339 1261 1407 1313 ad
1459 1259 1755 1330 Martyres,
1809 1261 1978 1316 altera
2032 1263 2086 1316 in

483 1362 773 1410 tractatum
819 1371 951 1418 Lxx,
995 1355 1080 1410 ubi
1123 1355 1416 1424 festivitatis
1459 1355 1571 1413 SS.
1605 1354 1774 1410 Firmi
1804 1366 1850 1410 et
1883 1356 2087 1411 Rustici

481 1446 541 1502 fit
572 1447 804 1511 mentio;
853 1463 968 1517 qua:
989 1446 1094 1502 duo
1115 1447 1279 1502 simul
1299 1448 1484 1516 juncta
1514 1448 1812 1504 Veronensi
1836 1449 2085 1504 ecclesia:

479 1539 641 1593 unice
683 1539 1036 1603 conveniunt,
1088 1537 1140 1592 in
1189 1553 1295 1608 qua
1340 1539 1571 1595 celebris
1621 1551 1676 1595 et
1726 1541 1947 1611 antiqua
1995 1550 2087 1596 est

479 1632 715 1687 ecclesia
744 1631 802 1686 S.
834 1631 1081 1704 Stephani
1100 1634 1168 1686 ad
1196 1631 1456 1703 Martyres
1477 1676 1492 1699 ,
1521 1643 1576 1688 et
1605 1645 1916 1690 sanctorum
1945 1649 2085 1688 mar-

2198 434 2456 480 currente
2484 470 2498 492 ,
2542 427 2853 499 frequentes
2904 431 3073 486 saltus
3119 445 3437 493 occurrant.
3498 437 3628 492 lloc
3685 455 3857 511 porro

2199 516 2404 574 codicis
2453 520 2661 576 initium
2699 533 2782 577 cst
2812 541 2823 576 :
2856 523 3100 594 Capitula
3140 526 3261 580 libri
3305 530 3468 599 primi
3500 529 3856 592 Sanctissimi

2199 609 2424 666 Zenonis
2447 613 2603 686 hujus
2634 613 2786 669 alma:
2813 616 3032 670 civitatis
3073 615 3291 674 Veronae
3318 621 3590 692 Episcopi
3627 632 3680 676 et
3707 624 3848 679 Doc-

2199 703 2326 756 toris
2353 705 2549 759 eximii.
2579 706 2695 761 Vox
2742 708 2896 779 hujus
2932 710 3110 780 ipsum
3153 713 3400 768 codicem
3443 721 3538 767 aut
3564 715 3843 783 scriptum

2198 793 2431 850 Veronae
2451 839 2464 863 ,
2501 809 2590 852 aut
2619 815 2645 852 a
2680 799 2978 856 Veronensi
3009 803 3192 872 aliquo
3223 806 3454 876 antiquo
3498 803 3704 858 codice
3733 808 3839 864 de-

2197 889 2428 944 rivatum
2479 891 2676 959 prodit.
2712 893 2874 949 Deest
2910 896 3076 964 “primi
3120 904 3388 953 tractatus
3438 895 3502 948 de
3547 893 3834 956 Pudicitia

2196 984 2368 1054 prima
2401 987 2614 1055 pagina,
2642 996 2696 1042 et
2716 1003 2744 1041 a
2770 989 2946 1043 verbis
2974 989 3172 1044 lubrica
3203 992 3440 1046 utilitate
3483 986 3711 1046 initium
3745 994 3834 1057 iit.

2198 1076 2253 1130 In
2289 1088 2570 1133 tractatum
2605 1081 2669 1133 de
2704 1079 2966 1135 Patientia
2997 1097 3105 1135 uno
3134 1092 3410 1137 contextu
3445 1081 3724 1142 insertum
3754 1106 3849 1152 εει

2129 1232 2142 1246 ἡ
2195 1169 2415 1239 longum
2446 1181 2679 1241 quatuor
2715 1173 3030 1244 paginarum
3065 1173 3448 1241 fragmentum
3483 1188 3559 1229 ex
3607 1184 3852 1250 tractatu

2193 1263 2245 1317 in
2278 1262 2481 1318 Psatm.
2509 1279 2714 1320 cxxvm
2737 1308 2750 1330 ,
2781 1265 2925 1336 quod
2964 1266 3198 1321 subinde
3228 1267 3283 1320 in
3317 1267 3446 1321 hoc
3475 1275 3728 1337 traCtatu
3753 1288 3858 1347 sub

2193 1354 2357 1410 ﬁnem
2387 1357 2590 1413 codicis
2620 1360 2894 1428 descripto
2924 1359 3212 1435 omittitur.
3246 1359 3301 1414 ld
3323 1369 3536 1415 autem
3581 1383 3649 1428 ex
3677 1393 3746 1436 εο
3772 1386 3854 1440 νε-

2191 1445 2350 1502 detur
2382 1450 2681 1518 profectum
2703 1493 2717 1517 ,
2742 1450 2886 1521 quod
2918 1451 3003 1506 hic
3027 1451 3199 1506 codex
3229 1467 3295 1506 ex
3326 1451 3548 1522 aliquo
3598 1480 3852 1546 exemplo

2190 1541 2353 1596 fuerit
2399 1554 2646 1612 sumptus
2674 1587 2688 1610 ,
2738 1546 2788 1598 in
2838 1560 2946 1615 quo
2991 1545 3398 1615 quaterttiolum
3456 1541 3837 1620 traCtatus-in

2190 1631 2392 1689 Psalm.
2431 1652 2669 1702 cxxvm,
2701 1645 2854 1692 extra
2896 1653 3050 1692 suum
3080 1639 3254 1693 locum
3281 1646 3699 1707 transpositam
3724 1694 3738 1717 ,
3769 1665 3826 1708 et

485 1737 660 1796 tyrum
695 1723 858 1778 Firmi
882 1736 927 1779 et
961 1724 1198 1790 Rustici,
1230 1742 1458 1797 quorum
1489 1744 1719 1799 corpora
1752 1730 1836 1782 hic
1864 1729 2083 1799 requie-
2111 1718 2160 1777 Β
2192 1729 2443 1784 tractatui
2471 1731 2534 1783 de
2563 1729 2827 1784 Patientia
2854 1746 3041 1785 errore
3070 1731 3254 1800 aliquo
3286 1729 3453 1784 fuerit
3481 1732 3774 1806 inligatum
3806 1784 3820 1806 ,

481 1830 671 1884 scunt,
705 1819 866 1875 festus
892 1820 1004 1875 dies
1031 1821 1261 1874 solemni
1288 1821 1391 1875 ritu
1423 1824 1650 1889 colitur,
1700 1831 1757 1876 ut
1802 1824 1852 1876 in
1889 1823 2082 1877 obser—

493 1913 789 1967 rationibus
824 1912 887 1966 ad
931 1913 1148 1967 easdem
1182 1914 1511 1983 marginales
1556 1915 1800 1970 rubricas
1831 1930 1928 1969 suo
1956 1915 2078 1970 loco

486 2007 654 2060 fusius
678 2005 1000 2060 docebimus.
1043 2006 1201 2061 Patet
1246 2008 1409 2078 igitur
1447 2008 1686 2063 codicem
1730 2007 1871 2062 hunc
1898 2008 2073 2063 Vero-

488 2100 664 2154 nensis
703 2099 953 2155 Ecclesia:
988 2100 1195 2170 jamdiu
1229 2100 1549 2171 inservisse,
1589 2113 1876 2173 antequam
1907 2102 2075 2158 Hinc-

484 2208 661 2247 marus
688 2209 752 2246 eo
793 2193 1063 2261 potiretur.
1114 2195 1255 2250 Hinc
1296 2206 1470 2249 autem
1504 2197 1874 2266 antiquitatem
1923 2197 2073 2268 ejus-

479 2283 600 2340 dem
628 2284 827 2340 codicis
870 2286 1120 2358 colligere
1165 2288 1315 2343 licet.
1363 2287 1416 2343 Si
1454 2289 1595 2344 enim
1631 2289 1716 2344 hic
1742 2289 1912 2346 codex
1944 2301 2072 2346 ante

479 2376 824 2432 llincmarum
863 2377 912 2431 in
961 2393 1058 2433 usu
1109 2379 1210 2434 fuit
1257 2379 1581 2436 Veronensis
1620 2381 1909 2448 Ecclesiae,
1956 2383 2068 2452 jam

481 2471 642 2525 etiam
684 2469 1056 2543 archiepisc0pi
1089 2481 1260 2528 :ntate
1300 2475 1659 2545 antiquiorem
1702 2475 1866 2530 fuisse
1900 2477 2075 2546 palam

483 2573 601 2627 est;
645 2581 815 2634 neque
862 2567 991 2626 enim
1021 2567 1247 2633 codici,
1283 2569 1373 2638 qui
1419 2570 1471 2623 in
1521 2571 1791 2625 llincmari
1840 2571 2070 2641 gratiam

482 2671 675 2711 recrns
707 2659 1177 2724 transcriberetur,
1215 2675 1311 2715 eas
1340 2660 1582 2717 rubricas
1613 2661 1943 2734 marginales
1969 2662 2075 2716 alia

475 2763 637 2803 manu
663 2764 924 2819 apponere
967 2766 1196 2808 necesse
1243 2751 1436 2808 fuisset
1463 2796 1479 2822 ,
1526 2755 1600 2810 uti
1646 2771 1779 2811 sane
1816 2757 2075 2826 apposita:

472 2841 593 2896 aliis
623 2843 674 2895 in
717 2841 982 2900 codicibus
1020 2861 1130 2900 non
1163 2847 1436 2917 leguntur.
1464 2846 1647 2916 Itaque
1675 2848 1855 2917 aliquo
1882 2849 2073 2903 saltem

472 2936 672 2991 seculo
715 2944 836 2992 ante
880 2937 1154 2994 Hincmari
1199 2947 1418 2992 aetatem
1463 2939 1603 2994 idem
1645 2941 1814 2994 codex
1861 2939 2077 2995 videtur

478 3028 641 3084 fuisse
667 3032 916 3100 scriptus,
947 3042 1003 3086 ut
1035 3031 1274 3102 proinde
1299 3030 1366 3084 ad
1397 3034 1652 3087 sacculum
1685 3034 1875 3088 saltem
1921 3044 2073 3090 oeta-

2187 1834 2244 1878 ut
2273 1840 2340 1879 ne
2381 1825 2430 1879 id
2465 1825 2828 1880 Tolentinatis
2854 1825 3205 1895 manusmipti
3232 1827 3588 1881 amanuensis
3611 1832 3812 1887 adver-

2186 1917 2338 1970 terit."
2364 1917 2628 1987 Equidem
2657 1918 2710 1972 id
2741 1918 2915 1987 ipsum
2943 1919 3099 1986 plane
3130 1920 3181 1971 in
3224 1933 3326 1972 ms.
3364 1916 3632 1973 Vaticano
3656 1924 3805 1977 acci-

2183 2007 2330 2063 disse
2358 2009 2663 2065 videbimus
2697 2010 2856 2080 paulo
2889 2019 3031 2080 post.
3061 2010 3222 2064 Liber
3249 2009 3518 2065 secundus
3566 2026 3682 2066 uno
3710 2028 3805 2069 co-

2183 2101 2416 2171 demque
2439 2103 2760 2157 charactere
2783 2148 2798 2168 ,
2832 2118 2939 2172 quo
2986 2110 3133 2157 totus
3172 2102 3346 2158 codex
3392 2102 3629 2171 scriptus
3674 2115 3754 2160 est
3789 2146 3802 2168 ,

2182 2194 2517 2250 additiouem
2553 2195 2718 2249 habet
2747 2194 2997 2249 undecim
3031 2194 3243 2250 illorum
3268 2201 3594 2248 tractatuum
3617 2237 3632 2260 ,
3663 2211 3800 2266 quos

2182 2288 2235 2343 in
2267 2289 2520 2345 Remensi
2553 2288 2657 2343 alia
2692 2304 2852 2343 manu
2881 2289 3121 2359 adjectus
3149 2288 3596 2352 observavimus;
3629 2299 3801 2344 et—so-

2182 2381 2292 2436 lum
2323 2383 2376 2436 in
2407 2383 2490 2438 his
2537 2391 2800 2436 tractatus
2827 2380 2890 2435 de
2919 2380 3102 2435 Livore
3131 2387 3180 2434 et
3227 2378 3434 2433 Invidia
3479 2378 3691 2436 divisus
3715 2389 3800 2434 est

2180 2474 2233 2528 in
2262 2475 2398 2529 duos
2419 2517 2435 2542 ,
2464 2475 2610 2545 quod
2638 2475 2815 2541 ipsum
2840 2475 2892 2529 in
2926 2474 3180 2530 Vaticano
3205 2471 3657 2543 deprehenditur.
3686 2473 3797 2528 Hos

2182 2578 2440 2624 tractatus
2487 2568 2776 2630 undecim,
2811 2569 2902 2636 qui
2951 2569 3022 2623 ob
3063 2575 3418 2621 memoratam
3465 2564 3792 2621 divisionem

2179 2661 2416 2716 evadunt
2443 2657 2757 2720 duodecim,
2785 2658 3029 2728 sequitur
3055 2665 3313 2712 tractatus
3336 2656 3399 2710 de
3426 2656 3574 2728 signa
3600 2668 3797 2713 sancta:

2180 2753 2362 2810 Crucis
2391 2772 2409 2809 :
2438 2764 2522 2810 est
2551 2763 2734 2808 autem
2766 2751 3002 2823 hymnus
3033 2759 3156 2807 octo
3199 2751 3546 2821 stropharum
3569 2792 3584 2814 ,
3627 2767 3792 2822 quem

2177 2866 2209 2904 e
2236 2848 2515 2904 Prudentii
2551 2846 2778 2916 longiori
2805 2846 3006 2918 hymno
3029 2846 3343 2914 decerptum
3386 2847 3438 2899 in
3469 2845 3792 2916 praefatione

2179 2943 2246 2997 ad
2276 2941 2649 3012 Appendicem
2681 2940 3070 2994 ostendemus:
3104 2948 3158 2995 et
3188 2940 3302 2994 hare
3331 2939 3534 2994 additio
3568 2940 3621 2995 in
3652 2940 3788 2994 duo-

2181 3035 2282 3090 bus
2307 3035 2426 3090 aliis
2455 3033 2720 3088 Vaticano
2761 3040 2922 3100 atque
2951 3032 3282 3101 Pompeiano
3308 3032 3587 3087 codicibus
3629 3047 3790 3104 repe-

473 3134 596 3174 vum
628 3112 888 3191 pertinere
927 3101 1047 3193 jure
1078 3122 1343 3179 credatur
1375 3142 1387 3176 :
1429 3134 1484 3178 et
1514 3124 1639 3181 hinc
1669 3126 1806 3181 forte
1855 3137 1977 3196 post
2006 3127 2064 3184 S.
2101 3101 2147 3165 C
2179 3127 2336 3182 ritur.
2369 3127 2507 3182 Tum
2556 3140 2688 3179 vero
2717 3123 2987 3179 secundus
3029 3125 3162 3179 liber
3191 3123 3291 3179 hac
3331 3124 3569 3179 clausula
3603 3127 3791 3179 termi-

471 3214 699 3269 Zenonis
731 3216 889 3270 vitam
917 3232 944 3270 a
974 3217 1258 3272 Coronato
1286 3215 1508 3272 Natario
1546 3227 1801 3290 scriptam
1835 3221 2070 3276 transla-

471 3309 638 3364 tionis
664 3311 730 3366 ab
754 3326 818 3367 eo
846 3313 1057 3368 omissa:
1088 3313 1151 3367 iit
1183 3313 1392 3367 mentio
1439 3313 1546 3368 illis
1573 3317 1751 3371 verbis
1777 3335 1790 3372 :
1825 3315 2070 3370 Transla-

471 3405 546 3456 tio
571 3405 681 3476 ejus
717 3416 901 3472 restat;
943 3422 1101 3476 quam
1147 3403 1483 3460 additionem
1511 3422 1632 3462 cum
1675 3407 1909 3463 secunda
1931 3450 1946 3474 ,
1977 3409 2072 3463 sed

471 3499 692 3566 antiqua
740 3507 912 3553 tamen
954 3515 1158 3564 manu,
1205 3498 1410 3553 smeulo
1459 3516 1599 3554 nono
1644 3500 1900 3565 ineunte,
1947 3515 2070 3555 cum

475 3591 563 3643 vix
594 3600 803 3659 peracta
837 3591 1022 3648 fuisset
1062 3591 1385 3654 translatio,
1416 3602 1468 3646 ct
1497 3604 1783 3664 antequam
1815 3594 1988 3650 codex
2018 3595 2070 3649 in

477 3681 747 3738 llincmari
789 3700 974 3740 manus
1015 3685 1265 3746 veniret,
1312 3682 1537 3739 Verona:
1587 3688 1885 3757 appositam
1937 3687 2070 3743 satis

478 3775 734 3830 credibile
758 3786 841 3832 est
864 3795 880 3844 ;
905 3787 1015 3833 tum
1043 3793 1176 3834 vero
1206 3780 1323 3847 ipse
1351 3779 1517 3834 codex
1549 3781 1714 3847 prima
1742 3796 1902 3834 manu
1923 3791 2072 3834 octa-

477 3882 546 3920 vo
591 3869 779 3923 saltem
829 3873 1026 3926 swculo
1077 3880 1334 3927 exaratos
1387 3871 1490 3925 dici
1528 3871 1705 3928 debet.
1735 3871 1872 3927 Cum
1908 3888 2071 3943 porro

477 3958 580 4014 hac
618 3962 667 4014 in
707 3962 966 4028 ecclesia,
1011 3965 1061 4018 in
1101 3981 1205 4033 qua
1251 3962 1310 4018 S.
1346 3963 1490 4019 Zeno
1536 3965 1707 4031 sedit,
1754 3974 1902 4020 tanto
1954 3967 2071 4019 usui

477 4051 674 4117 fuerit;
709 4055 936 4108 tnaxima
972 4055 1212 4125 profecto
1238 4072 1366 4111 cura
1399 4073 1465 4111 ex
1503 4059 1902 4128 exetnplarihns
1929 4059 2069 4112 anti-

474 4145 754 4214 quioribus
794 4151 1095 4216 exscriptus
1135 4149 1442 4204 credendus
1472 4159 1584 4216 est,
1623 4151 1766 4221 quod
1813 4164 2072 4219 pra‘stan-

482 4239 614 4291 tiam
661 4240 898 4307 ejusdem
968 4256 1090 4294 cum
1155 4253 1297 4295 tanta
1361 4245 1677 4313 antiquitate
1727 4244 2070 4312 conjunctam

478 4333 714 4384 maxime
732 4331 1094 4386 commendat.
1120 4333 1192 4387 De
1215 4333 1591 4403 antiquissimo
1612 4333 1862 4388 “emensi
1885 4333 2071 4389 codice

477 4423 760 4478 hactenus.
793 4423 943 4478 Nunc
969 4424 1037 4478 de
1079 4425 1304 4496 reliquis
1332 4426 1642 4496 singillatim
1670 4426 1922 4496 quidem,
1972 4426 2066 4482 sed

473 4514 716 4569 brevius.

551 4606 639 4659 Vl.
680 4605 813 4663 Cum
853 4609 995 4679 apud
1033 4611 1290 4667 Jacobum
1333 4613 1640 4682 Philippum
1686 4611 2075 4668 Thomasinum

477 4703 532 4756 in
579 4703 834 4758 Biblioth.
872 4705 1072 4760 Veneta
1123 4723 1252 4762 mss.
1289 4724 1410 4778 pag.
1444 4707 1510 4763 57
1555 4709 1883 4762 mentionem
1933 4709 2078 4763 nacd

474 4811 720 4851 essmnus
751 4797 952 4853 codicis
993 4797 1288 4854 Zenoniani
1308 4841 1323 4865 ,
1352 4801 1440 4870 qui
1473 4801 1524 4854 in
1555 4800 1878 4856 bibliotheca
1909 4800 2082 4856 Cleri-

476 4903 666 4944 corum
716 4889 1064 4960 Regulariutn
1094 4891 1492 4948 Tolentinatum
1520 4933 1535 4956 ,
1581 4893 1654 4947 uti
1707 4893 1945 4948 Venetiis
1983 4909 2080 4948 vo-

478 4992 638 5042 cant,
683 4981 1038 5047 servabatur,
1088 4999 1201 5038 rem
1252 4986 1603 5040 indicavimus
1647 4985 1733 5041 Jo.
1784 4986 2074 5043 Francisco

481 5074 764 5143 Seguierio
794 5073 1178 5142 Nemausensi,
1225 5079 1456 5133 indiviso
1487 5078 1559 5132 illi
1593 5077 1914 5133 Marchionis
1941 5077 2075 5133 Maf-

483 5164 570 5219 foii
600 5167 648 5219 in
677 5168 924 5223 litteratis
955 5169 1238 5225 itineribus
1267 5171 1484 5236 comiti,
1515 5173 1602 5241 qui
1633 5187 1753 5224 cum
1798 5187 1970 5242 nuper
2013 5188 2077 5228 ea

480 5259 538 5313 in
571 5259 699 5313 urbe
727 5269 907 5326 esset,
943 5277 1101 5332 opem
1137 5262 1342 5318 ferente
1381 5263 1443 5318 P.
1477 5261 1767 5318 Francisco
1800 5264 2080 5320 Berlendis

476 5353 680 5409 clerico
716 5355 947 5425 regulari
989 5356 1234 5423 ejusdem
1269 5359 1401 5422 loci,
1441 5358 1588 5412 illum
1616 5372 1738 5412 cum
1773 5360 1933 5414 editis
1961 5360 2080 5414 diti-

475 5446 798 5517 gentissime.
837 5448 1087 5502 contulit.
1141 5449 1584 5504 Membranaceus
1629 5449 1797 5505 codex
1841 5461 1924 5507 est
1965 5453 2078 5522 pul-

475 5538 844 5608 cherrimique
869 5543 1216 5604 characteris,
1236 5542 1434 5611 quique
1455 5542 1520 5594 ad
1546 5557 1638 5595 xut
1666 5541 1881 5598 circiter
1909 5559 2079 5600 swcu-

473 5631 585 5686 lum
619 5632 889 5701 pertinere
920 5642 1155 5700 putatur.
1189 5628 1475 5686 Lectiones
1496 5634 1560 5686 ad
1591 5633 1912 5690 Rcmensem
1944 5638 2074 5692 mul-

463 5713 589 5779 tum
622 5721 925 5788 accedunt;
957 5729 1013 5777 at
1056 5739 1084 5776 a
1126 5723 1348 5778 librario
1399 5723 1577 5779 minus
1606 5726 1776 5796 perito
1804 5737 1857 5782 et
1899 5712 2074 5786 indili-

2175 3231 2372 3275 natur:
2404 3218 2714 3289 Expliciunt
2739 3216 2800 3272 S.
2836 3215 3064 3272 Zenonis
3087 3216 3400 3271 sanctissimi
3432 3216 3652 3270 civitatis
3689 3215 3791 3270 Ve-

2173 3315 2409 3369 ronensis
2444 3313 2730 3381 Episcopi,
2761 3321 2808 3365 et
2848 3313 3071 3384 pastoris
3108 3312 3272 3381 ipsius
3316 3311 3536 3364 civitatis
3564 3310 3788 3383 diligen-

2177 3408 2379 3462 tissimi.
2416 3407 2542 3460 Haec
2573 3413 2751 3458 autem
2780 3403 3023 3459 clausula
3046 3403 3104 3483 in
3135 3403 3241 3456 alio
3264 3403 3441 3457 solum
3470 3401 3784 3456 monaSterii

2175 3498 2233 3555 S.
2283 3499 2519 3553 Zenonis
2571 3495 2939 3567 tuanuscripto
2980 3496 3193 3566 legitur.
3236 3495 3522 3550 Adduutur
3568 3495 3784 3550 tandem

2179 3595 2232 3649 iu
2261 3609 2327 3649 eo
2350 3593 2541 3648 codice
2575 3599 2832 3646 tractatus
2857 3590 2993 3654 duo,
3020 3591 3108 3661 qui
3137 3589 3190 3645 in
3220 3589 3434 3644 duobus
3463 3588 3582 3644 aliis
3610 3587 3786 3643 Zeno-

2180 3687 2354 3741 nianis
2381 3701 2517 3740 mss.
2543 3683 2668 3737 item
2693 3683 3102 3750 describuntur,
3127 3683 3264 3736 alter
3282 3681 3352 3738 de
3376 3682 3494 3736 Vita
3512 3724 3528 3748 ,
3560 3681 3698 3735 alter
3717 3679 3786 3736 de

2178 3780 2556 3836 Translatione
2583 3777 2640 3832 S.
2666 3774 2927 3842 Zenonis,
2953 3786 3008 3832 et
3027 3784 3155 3830 sunt
3183 3776 3270 3829 illa
3301 3774 3408 3829 duo
3433 3784 3784 3830 monumenta

2177 3889 2208 3928 a
2238 3874 2470 3945 quodam
2504 3867 2771 3923 monacho
2798 3867 3109 3923 Zenouiano
3133 3867 3440 3938 cnnscripta
3459 3909 3473 3933 ,
3500 3880 3622 3936 quae
3645 3881 3786 3919 mar-

2177 3965 2301 4020 chio
2331 3964 2514 4033 Scipio
2541 3960 2782 4015 Malleius
2825 3962 2968 4015 inter
2997 3959 3099 4014 alia
3130 3958 3490 4028 diplomaticac
3530 3956 3783 4012 Historiae

2178 4059 2420 4128 subjecta
2463 4055 2631 4112 edidit
2672 4069 2792 4124 pag.
2837 4055 2980 4114 520.
3010 4064 3065 4109 et
3095 4062 3322 4118 utraque
3361 4054 3414 4108 in
3456 4065 3587 4108 mss.
3618 4050 3782 4105 Pom-

2180 4155 2375 4225 peiano
2403 4165 2466 4205 ac
2501 4145 2815 4205 Zenouiano
2846 4147 3094 4204 similiter
3127 4153 3388 4214 prostant.

2252 4245 2359 4300 VII.
2401 4246 2457 4299 lu
2507 4244 2763 4298 Vaticana
2814 4241 3138 4297 bibliotheca
3179 4245 3413 4307 quatuor
3453 4235 3512 4291 S.
3546 4233 3783 4289 Zenonis

2177 4340 2393 4396 Codices
2435 4352 2556 4392 esse
2583 4336 2891 4404 accepimus
2921 4353 2934 4389 :
2961 4344 3017 4388 at
3039 4347 3159 4387 cum
3191 4331 3422 4396 numeri,
3457 4329 3652 4399 quibus
3683 4341 3782 4381 no-

2180 4426 2279 4486 tati
2299 4441 2446 4495 sunt,
2477 4442 2582 4483 non
2611 4426 2714 4480 nisi
2742 4426 2969 4480 duorum
2999 4429 3366 4493 suppeterent,
3400 4421 3629 4476 duorum
3658 4429 3779 4473 tan-

2103 4491 2154 4551 Β
2183 4535 2293 4580 tum
2341 4491 2686 4579 collationem
2734 4520 2890 4575 nobis
2950 4491 3290 4590 procuratum
3338 4531 3367 4569 a
3424 4515 3484 4569 P.
3544 4513 3782 4584 .losepho

2182 4617 2502 4674 Blauchinio
2553 4615 2897 4684 accepimus,
2958 4609 3200 4667 Vaticani
3245 4608 3384 4664 1255
3431 4617 3487 4663 et
3534 4605 3777 4661 Vaticani

2182 4712 2459 4769 Urbinatis
2487 4709 2612 4774 150,
2640 4725 2775 4779 quos
2807 4709 2858 4761 iu
2890 4707 3129 4762 editione
3157 4703 3214 4758 S.
3254 4701 3540 4759 Gaudentii
3571 4699 3774 4754 indica-

2183 4815 2332 4860 verat
2388 4803 2581 4858 Paulus
2629 4799 2924 4856 Galeardus
2979 4794 3282 4852 Canonicus
3333 4794 3636 4858 Brixianus,
3688 4793 3778 4860 qui

2183 4907 2446 4970 prmterea
2492 4894 2811 4950 testantibus
2864 4892 2964 4947 sibi
3007 4888 3294 4946 Francisco
3340 4885 3678 4950 Blauchinio,
3723 4892 3777 4938 et

2184 4992 2378 5048 Carolo
2414 4988 2626 5059 Majello
2666 4987 2922 5040 Romanis
2967 4982 3203 5054 praelatis
3239 4978 3652 5042 eruditissimis,
3680 4991 3776 5031 eos

2182 5099 2277 5138 xm
2318 5082 2518 5136 saeculo
2563 5077 2795 5149 scriptos
2823 5076 3127 5131 affirmavit.
3163 5072 3273 5128 Bos
3309 5083 3486 5126 autem
3525 5080 3774 5127 accurate

2182 5177 2408 5234 collatos
2437 5175 2639 5230 habere
2665 5173 2897 5227 maxime
2923 5171 3196 5225 intererat.
3229 5167 3360 5223 Cum
3390 5166 3533 5221 enim
3557 5165 3613 5220 hi
3643 5165 3777 5219 utri-

2180 5281 2288 5342 que
2319 5271 2582 5324 insertum
2615 5266 2848 5322 habeant
2885 5277 3193 5318 sermonem
3239 5261 3299 5317 S.
3347 5259 3652 5322 Gaudentii,
3685 5259 3779 5329 qui

2183 5362 2237 5416 in
2291 5361 2458 5431 prima
2500 5375 2712 5430 quoque
2761 5358 2818 5414 S.
2873 5356 3106 5411 Zenonis
3152 5353 3388 5410 editione
3432 5351 3570 5408 libro
3618 5352 3778 5406 tertio

2186 5454 2544 5526 pcnultimum
2576 5454 2752 5507 locum
2779 5451 2985 5506 obtinet
3015 5448 3178 5519 (unde
3204 5446 3443 5504 codicem
3484 5459 3511 5498 a
3539 5444 3776 5500 Guarino

2187 5547 2241 5602 in
2272 5546 2529 5616 episcopii
2560 5543 2885 5600 Veronensis
2918 5541 3240 5596 bibliotheca
3270 5541 3538 5594 inventum
3567 5536 3778 5590 duobus

2187 5640 2291 5696 illis
2325 5638 2650 5708 persimilem
2698 5633 3067 5708 agnoscimus)
3106 5635 3402 5708 maximum
3449 5622 3778 5712 desiderium

2188 5731 2489 5788 iitcessaret
2534 5719 2792 5789 videndi,
2843 5734 3024 5780 utrum
3071 5715 3174 5777 illis
3227 5726 3277 5778 in
3319 5714 3594 5774 codicibus
3637 5716 3778 5770 idem
