4242 6168
412 206 422 215 ’
443 252 511 311 ιθ
1828 234 2365 294 ιιιιοιιῖουιιιιιιιει.
3682 228 3750 282 si

442 378 765 427 tractatuum
800 365 936 424 ordo
967 362 1141 433 esset,
1170 378 1239 420 an
1271 365 1551 428 diversus,
1583 377 1645 417 ac
1673 360 1728 417 in
1758 359 2037 417 codicibus
2063 359 2120 421 Α
2143 366 2238 413 tat.
2281 355 2352 413 52
2399 358 2450 410 in
2498 369 2624 409 eum
2692 361 2980 409 tractatum
3028 351 3268 420 pluribus
3309 349 3741 405 observabimus.

440 460 684 532 reliquis,
714 458 872 530 idque
901 472 1232 529 cognoscere
1278 455 1344 512 ad
1384 453 1812 511 controversiam
1852 452 1954 509 hac
1984 452 2037 509 in

441 571 503 612 re
549 553 886 626 potissimam
939 568 1043 608 non
1098 560 1301 608 temere
1350 546 1704 605 decidendam
1749 546 2042 619 plurimum

445 646 768 718 pertinebat.
812 646 1126 711 Vaticanus,
1182 659 1341 715 quem
1385 642 1585 698 saeculo
1637 656 1730 698 xm
1778 641 2042 711 scriptum

445 748 633 795 censet
653 738 813 792 etiam
831 736 893 792 Ρ.
912 734 1180 806 Josephus
1201 735 1569 802 Blanehinius,
1597 733 2045 790 membranaceus

446 840 551 899 est,
580 840 635 886 et
670 829 876 887 Veneto
904 830 993 884 illo
1015 828 1119 885 PP.
1147 828 1467 883 clericorum
1494 826 1819 908 regularittm
1846 823 2045 880 Tolen-

451 926 679 982 tiuatom
708 925 878 980 multo
895 922 1252 985 emendatior.
1274 922 1364 990 qui
1384 930 1560 976 tamen
1578 935 1697 975 cum
1713 918 1806 974 eas
1817 928 2048 989 quatuor

451 1021 672 1091 paginas
694 1020 746 1074 in
765 1032 1067 1074 sermonem
1090 1017 1153 1072 de
1177 1013 1438 1070 Patientia
1463 1028 1741 1086 perperam
1772 1012 2046 1084 trajectas,

461 1113 819 1183 eumdemque
856 1111 1183 1167 Basilianum
1232 1117 1514 1165 tractatum
1549 1110 1600 1164 in
1628 1108 1764 1163 duos
1794 1106 2050 1178 disperti-

452 1214 564 1262 tum
609 1206 861 1262 similiter
885 1204 1101 1269 referat,
1131 1220 1198 1259 ex
1232 1204 1424 1259 eodem
1459 1202 1646 1259 Veneti
1675 1201 1817 1258 illius
1844 1201 2050 1258 codicis

452 1302 604 1357 fonte
633 1282 904 1374 proiectus
925 1309 1168 1370 apparet.
1200 1299 1344 1355 Idem
1373 1296 1668 1369 caeteroqui
1690 1297 1742 1351 in
1769 1294 1893 1363 hoc,
1924 1310 2050 1366 per-

450 1394 579 1458 inde
614 1408 680 1449 ac
707 1395 759 1449 in
793 1392 1015 1464 reliquis
1048 1407 1178 1447 mss.
1210 1391 1420 1447 exsisrit
1457 1397 1780 1446 tractatuum
1808 1388 1965 1454 ordo,
1996 1394 2053 1444 et

450 1488 628 1545 solum
660 1488 974 1544 traeiatibos
1004 1485 1254 1543 undecim
1287 1486 1337 1541 in
1366 1484 1620 1541 Itemeusi
1644 1484 1745 1539 alia
1766 1498 1925 1539 manu
1950 1483 2053 1539 sub

448 1583 611 1639 ﬁnem
642 1581 950 1651 descriptis,
980 1589 1035 1637 et
1065 1580 1311 1637 tractatui
1340 1580 1403 1635 de
1430 1580 1577 1650 signo
1611 1577 1797 1635 Crucis
1822 1575 2045 1646 subjici-

450 1684 555 1745 tur,
588 1690 708 1746 pag.
758 1674 887 1741 I97,
919 1683 1246 1730 memoratus
1273 1686 1454 1728 sermo
1492 1670 1560 1739 IS.
1597 1669 1876 1727 Gaudentii
1906 1667 2053 1723 Bris—

2148 448 2307 504 Ilisce
2333 447 2542 503 duobus
2569 444 2826 499 Romanis
2854 442 3133 499 codicibus
3159 438 3439 498 addendos
3463 457 3568 497 ms.
3601 440 3750 498 Basi-

2148 543 2265 598 licte
2286 542 2345 598 8.
2371 540 2516 596 Petri
2540 541 2591 596 in
2617 538 2876 594 Vaticano
2897 536 3129 606 scriptus
3151 536 3370 591 ineunte
3397 550 3496 590 xui
3527 535 3750 604 saeculo,

2147 636 2234 693 vcl
2290 636 2508 691 ineunte
2547 648 2655 701 xw,
2704 633 2946 702 signatus
2986 629 3162 684 littera
3196 625 3259 682 F.
3291 627 3381 692 55,
3426 641 3587 696 quem
3628 640 3752 681 cum

2152 737 2513 802 prostremom
2565 722 2720 781 nobis
2772 721 3105 793 sogge-setjit
3151 716 3542 775 humanissime
3596 712 3750 775 lusc-

2152 823 2288 894 phus
2320 819 2688 885 Blanchinius,
2717 832 2819 873 nec
2858 812 3181 886 procedente
3205 811 3317 882 jam
3358 809 3616 878 editione,
3666 820 3750 867 to-

2153 915 2258 972 tius
2278 913 2458 985 operis
2480 911 2825 968 collationem
2841 913 3160 978 chpectare
3179 920 3273 974 per
3300 912 3515 976 tempus
3543 904 3751 970 liceret,

2151 1006 2361 1077 aliquot
2407 1005 2581 1060 solum
2633 1010 2955 1057 tractatuum
3000 1008 3055 1054 et
3094 990 3460 1053 difﬁciliorqu
3512 992 3753 1053 locorum

2153 1098 2426 1153 variantes
2466 1094 2728 1150 lectiones
2752 1089 3140 1164 posmlavimns
3164 1098 3219 1145 et
3244 1084 3598 1143 obtinuimus.
3640 1086 3757 1142 Ca2-

2155 1199 2329 1247 terum
2370 1188 2511 1243 idem
2544 1184 2597 1241 in
2638 1185 2739 1243 hoc
2780 1198 2997 1256 quoque
3034 1180 3222 1239 codice
3251 1188 3573 1237 tractatuum
3621 1180 3758 1237 ordo

2154 1283 2412 1346 cernitur,
2465 1277 2654 1335 eadem
2700 1275 2983 1347 Appendix
3040 1289 3105 1330 ac
3154 1272 3207 1330 in
3264 1268 3555 1341 Remeusi;
3618 1270 3757 1330 tituli

2154 1382 2333 1429 autem
2359 1371 2458 1426 soli
2480 1367 2676 1426 alicubi
2707 1366 3039 1439 discrepant.
3070 1364 3148 1424 De
3175 1380 3306 1423 mss.
3336 1367 3577 1422 externis
3600 1367 3752 1422 satis.

2224 1460 2318 1522 IX.
2358 1465 2432 1521 De
2460 1458 2868 1521 Veronensibus
2897 1470 3077 1518 autem
3108 1472 3168 1517 ut
3195 1456 3455 1518 nonnulla
3486 1460 3755 1530 dicamus,

2157 1559 2298 1616 inter
2338 1573 2469 1613 mss.
2516 1555 2825 1612 monasterii
2854 1554 2911 1613 8.
2957 1548 3192 1610 Zenonis
3231 1553 3323 1610 ille
3370 1554 3617 1609 inventus
3650 1568 3755 1607 non

2156 1660 2259 1716 est,
2287 1666 2446 1722 quem
2479 1650 2672 1706 Petrus
2700 1648 2831 1704 Caio
2859 1642 3063 1705 ordinis
3092 1645 3513 1703 Praedicatorqu
3537 1646 3757 1702 ineunte

449 1736 603 1823 Ciani.
629 1736 693 1822 αἱ
733 1736 891 1822 Petro
935 1776 980 1822 et
1012 1765 1204 1832 Paulo,
1238 1776 1347 1820 tum
1382 1736 1502 1836 pag.
1539 1764 1662 1827 198,
1696 1764 1800 1819 alia
1843 1762 2048 1819 additio

2165 1742 2354 1799 saeculo
2392 1757 2483 1797 xtv
2513 1756 2571 1797 se
2599 1738 2795 1795 ibidem
2825 1736 3023 1795 vidisse
3054 1739 3107 1794 in
3141 1753 3274 1795 mss.
3299 1736 3664 1793 Collectaneis
3688 1737 3755 1792 ab

447 1860 527 1916 sic
553 1878 565 1915 :
598 1858 794 1929 Incipit
825 1858 885 1915 S.
929 1858 1101 1930 Vigilii
1126 1858 1356 1930 episcopi
1377 1859 1440 1912 de
1462 1857 1705 1912 laudibus
1731 1855 2053 1913 beatissimo-

448 1971 566 2008 rum
595 1962 883 2025 martyrum
927 1951 1171 2015 Sisinnii.
1220 1950 1505 2005 Alexandri
1545 1959 1591 2004 et
1622 1949 1885 2021 Martyrii,
1920 1964 2053 2018 quo-

452 2066 577 2104 runt
615 2048 845 2117 reliquid:
886 2062 978 2117 per
1014 2042 1269 2100 Iacobum
1325 2046 1491 2099 virum
1524 2043 1789 2098 Illustrem
1825 2041 1895 2096 ad
1922 2040 2055 2111 Epi-

448 2139 919 2212 scopuntJoannem
933 2138 1070 2193 urbis
1088 2135 1672 2208 Constantinopolitano:
1693 2146 2051 2208 pervenerunt.

453 2234 582 2290 Haec
606 2233 662 2289 S.
700 2231 873 2303 Vigilii
905 2230 1141 2301 episcopi
1174 2229 1475 2286 Tridentini
1506 2229 1735 2299 epistola
1762 2229 1853 2284 illa
1881 2226 2055 2284 estad

450 2327 511 2384 8.
551 2326 812 2383 Joannem
853 2322 1300 2398 Cbrysostomum
1350 2322 1587 2392 scripta,
1633 2337 1795 2392 quam
1837 2320 2055 2376 Bollan-

449 2422 609 2476 dista:
636 2435 701 2475 ex
741 2418 846 2474 alio
879 2418 1136 2473 Vaticano
1165 2416 1353 2473 codice
1388 2413 1531 2472 5574
1557 2415 1867 2472 ediderunt.
1899 2414 2051 2469 Vati-

452 2513 573 2567 cani
627 2509 798 2567 nostri
845 2511 1054 2565 initium
1096 2510 1199 2565 hoc
1244 2518 1361 2565 est:
1392 2506 1666 2564 Tractatus
1714 2507 1780 2563 S.
1832 2504 2059 2562 Zenonis

453 2602 787 2658 nobilissima:
832 2618 894 2655 oc
937 2600 1227 2673 magniﬁca:
1270 2600 1493 2655 civitatis
1546 2599 1702 2669 hujus
1752 2596 2060 2653 Veronensis

456 2694 706 2765 Episcopi
737 2704 783 2748 et
811 2685 1052 2748 Pastoris
1093 2690 1440 2758 sanctissimi;
1472 2706 1539 2746 ex
1581 2689 1778 2761 quibus
1818 2690 1863 2744 is
1888 2689 2060 2745 codex

460 2793 553 2841 aut
614 2782 975 2849 Veronensis,
1030 2793 1122 2837 aut
1162 2797 1194 2838 e
1243 2779 1546 2837 Veroncnsi
1588 2779 1894 2850 antiquiore
1929 2780 2059 2837 olim

458 2879 761 2950 descriptus
802 2877 1137 2946 agnoscitur.

528 2971 664 3028 VIII.
696 2969 1092 3040 Manuscriptus
1126 2968 1258 3024 liber
1277 2965 1510 3025 Urbinas
1550 2964 1782 3038 150,ηυί
1800 2966 2063 3023 Vaticano

461 3063 724 3121 hactenus
753 3060 1026 3131 descripto
1058 3060 1325 3130 posterior
1350 3059 1645 3130 aliquanto,
1690 3068 1747 3115 et
1790 3059 1930 3115 forte
1967 3073 2061 3113 sae-

460 3158 585 3213 culo
625 3172 715 3211 xiv
760 3165 1012 3210 exaratos
1063 3154 1125 3209 P.
1168 3152 1406 3225 Josepho
1452 3153 1769 3210 Blanchinio
1822 3153 2055 3221 videtur,
2088 3149 2135 3216 C

464 3249 906 3305 membranaeeus
927 3247 1054 3301 item
1071 3255 1174 3311 est,
1194 3260 1258 3301 ac
1288 3246 1474 3316 incipit
1494 3245 1575 3301 sic
1601 3264 1614 3301 :
1647 3245 1869 3302 Zenonis
1901 3244 2063 3301 Vero-

462 3341 633 3395 nensis
665 3339 909 3411 Episcopi
951 3336 1057 3392 Viri
1069 3338 1539 3409 sanctissimiatque
1553 3338 1835 3394 doctissimi
1851 3353 2016 3393 sermo
2043 3355 2060 3395 ι

465 3432 530 3487 de
591 3431 870 3485 Pudicitia.
932 3429 1141 3484 Alicubi
1202 3431 1406 3500 paginae
1452 3430 1696 3500 quaedam
1725 3430 2063 3500 [desideran—

466 3533 583 3591 tur,
627 3533 681 3577 at
721 3523 863 3579 idem
913 3535 1137 3593 prorsus
1169 3530 1492 3577 tractatuum
1520 3520 1686 3587 ordo,
1724 3537 1825 3578 nec
1861 3522 2064 3578 additio

463 3615 693 3671 habetur
732 3614 927 3686 Ilymni
965 3613 1027 3669 de
1073 3614 1218 3685 signo
1262 3609 1470 3679 Crucis,
1521 3612 1616 3669 sed
1657 3611 1743 3667 ha:
1798 3628 1920 3684 pag.
1959 3614 2066 3670 165

466 3718 615 3779 tergo
644 3722 825 3763 sermo
866 3706 1048 3763 Sancti
1077 3703 1382 3769 Gaudentii,
1417 3713 1468 3761 et
1505 3720 1626 3776 pag.
1658 3702 1761 3761 I48
1792 3705 1849 3761 8.
1888 3700 2067 3775 Vigilii

466 3800 771 3858 Tridentini
798 3799 1022 3870 epistola
1065 3794 1253 3853 iisdem
1286 3812 1411 3853 cum
1446 3797 1636 3864 titulis,
1667 3812 1802 3869 quos
1829 3813 1891 3852 ex
1926 3796 2065 3855 Vati-

468 3910 605 3951 cauo
644 3890 1052 3962 descripsimus,
1083 3897 1139 3946 et
1162 3897 1423 3960 prteterea
1454 3891 1689 3961 quinque
1712 3886 1970 3961 opuscula
2003 3888 2063 3947 8.

472 3986 784 4059 Hieronymi
830 3985 1049 4040 nomine
1094 3983 1374 4054 inscripta,
1420 3999 1543 4055 quae
1602 3984 1794 4054 partim
1850 3976 2067 4055 genuini

468 4080 589 4151 ejus
611 4088 737 4134 sunt
762 4078 921 4143 fetos,
959 4076 1151 4148 partim
1187 4076 1519 4148 supposititii
1553 4094 1566 4131 :
1609 4086 1720 4131 tum
1761 4076 1876 4132 haec
1921 4075 2071 4132 clau-

469 4172 588 4230 sula
619 4171 670 4226 in
705 4172 811 4227 line
848 4160 969 4225 libri
1005 4168 1249 4240 apposita
1278 4184 1293 4223 :
1342 4162 1493 4223 Finis
1522 4164 1706 4239 Operis
1735 4160 1799 4223 S.
1842 4164 2071 4223 Zenonis

470 4262 723 4337 Episcopi
764 4272 813 4317 et
861 4260 1199 4332 quarumdam
1228 4259 1452 4315 aliarum
1506 4276 1701 4315 rerum.
1743 4259 1873 4315 Dum
1911 4258 2074 4330 hujus

471 4356 676 4415 codicis
705 4352 934 4410 rubrica:
961 4351 1173 4408 duobus
1202 4351 1260 4408 S.
1296 4346 1533 4408 Zenonis
1573 4350 1894 4407 tractatibus
1935 4367 2074 4422 prm-

471 4451 595 4506 iixaa
624 4444 1101 4519 praetermittenda;
1133 4459 1242 4499 non
1281 4452 1427 4498 sunt.
1471 4438 1651 4499 Prima
1668 4442 1741 4519 _in
1781 4449 2071 4498 tractatum

2161 1832 2501 1892 Henschenio
2535 1832 2769 1888 laudatis
2800 1841 3046 1888 testatur.
3084 1828 3259 1887 Unum
3286 1837 3466 1885 tamen
3497 1829 3759 1900 posterio-

2159 1945 2273 1987 rem
2297 1927 2575 1998 aliquanto
2594 1940 2660 1982 ex
2678 1923 3006 1981 membranis
3017 1934 3381 1993 compactum,
3404 1931 3458 1977 et
3473 1920 3757 1991 scriptum,

2163 2031 2220 2077 ut
2241 2019 2472 2087 videtur,
2497 2018 2701 2073 smculo
2731 2033 2818 2082 xv,
2855 2017 2907 2072 in
2945 2015 3186 2088 ejusdem
3217 2012 3531 2070 monasterii
3570 2012 3761 2069 biblio-

2162 2113 2319 2170 theca
2340 2112 2661 2183 reperimus,
2692 2120 2744 2166 et
2768 2107 2910 2165 idem
2935 2108 3026 2165 ille
3063 2116 3169 2175 est,
3202 2122 3364 2180 quem
3387 2108 3624 2164 editores
3653 2105 3755 2162 \‘e-

2160 2216 2421 2260 ronenses
2449 2204 2703 2256 vetustum
2747 2199 3041 2271 appellant,
3091 2207 3150 2256 ut
3194 2197 3297 2253 hac
3342 2197 3394 2254 in
3443 2195 3760 2269 prtefatione

2163 2296 2323 2368 paulo
2362 2301 2490 2351 ante
2539 2293 2912 2349 indicavimus.
2966 2292 3112 2349 Idem
3163 2292 3215 2347 in
3253 2290 3356 2347 hoc
3402 2291 3589 2348 codice
3614 2308 3676 2348 ac
3708 2290 3760 2349 in

2163 2384 2375 2446 caeteris
2392 2387 2549 2456 ordo,
2580 2387 2719 2444 idem
2747 2394 3069 2443 tractatuum
3092 2386 3400 2443 additurum
3428 2401 3685 2442 numerus
3702 2401 3765 2445 ac

2164 2481 2218 2538 in
2248 2478 2527 2548 Remensi,
2558 2486 2615 2536 et
2640 2481 2814 2536 solum
2846 2478 3009 2546 tituli,
3037 2494 3131 2535 seu
3162 2478 3540 2551 inscriptiones
3565 2488 3764 2535 tracta-

2165 2582 2315 2631 tuum
2341 2573 2537 2630 alicubi
2568 2573 2753 2639 variae,
2784 2570 3089 2643 cujnsmodi
3132 2570 3314 2643 plures
3350 2572 3402 2626 in
3440 2572 3611 2643 prima
3645 2571 3763 2628 edi.

2168 2666 2333 2734 tione,
2363 2676 2470 2722 non
2499 2671 2680 2720 autem
2708 2662 2762 2719 in
2794 2670 2925 2719 mss.
2957 2663 3270 2719 memoratis
3301 2662 3568 2734 leguntur.
3596 2663 3764 2719 Trac-

2167 2766 2310 2814 tatus
2329 2757 2532 2828 excipit
2558 2757 2615 2813 S.
2637 2755 2872 2812 Zenonis
2893 2755 3007 2813 Vita
3027 2762 3083 2811 et
3103 2752 3493 2810 Translationis
3517 2753 3762 2823 historia,

2167 2868 2327 2924 quam
2379 2848 2724 2907 Zenonianus
2772 2845 3070 2905 monachos
3125 2848 3397 2912 exaravit;
3453 2843 3651 2903 deinde
3700 2861 3765 2903 ea

2167 2943 2432 3012 clausula,
2481 2942 2693 3013 qualem
2751 2940 2803 2995 in
2844 2939 2952 2995 line
2994 2938 3197 2995 codicis
3228 2932 3419 2995 Veneti
3458 2937 3762 3006 innuimus;

2167 3050 2231 3090 ac
2257 3035 2472 3091 tandem
2496 3034 2670 3089 aliena
2696 3049 2856 3087 manu
2899 3032 3258 3103 fragmentum
3298 3033 3587 3103 apponitur
3621 3026 3768 3105 Rhy-

2166 3127 2300 3184 tltmi
2328 3129 2391 3184 de
2424 3126 2640 3184 Verona:
2669 3126 2930 3193 laudibus,
2976 3142 3135 3198 quem
3162 3143 3192 3181 a
3223 3127 3456 3201 quodam
3484 3127 3769 3200 Anonymo

2168 3223 2429 3294 scriptum
2461 3221 2634 3293 Pipini
2665 3221 2997 3289 temporibus
3024 3218 3152 3275 ahbi
3178 3212 3442 3276 dicemus.
3475 3218 3532 3274 Ι).
3568 3216 3771 3276 Vares-

2169 3330 2265 3369 eos
2283 3310 2524 3385 ejusdem
2550 3312 2783 3368 ctenobii
2804 3310 3096 3367 monachus
3112 3316 3206 3367 eta
3227 3308 3547 3367 bibliotheca
3564 3313 3768 3370 codicis

2143 3408 2381 3473 .coplam
2410 3406 2559 3473 fecit,
2602 3403 2884 3475 eidemque
2912 3402 3242 3460 conferendo
3280 3419 3439 3473 Opem
3477 3400 3762 3475 impendit.

2246 3496 2312 3555 Χ.
2362 3500 2513 3555 Alius
2560 3498 2731 3553 codex
2771 3496 3089 3553 chartaceus
3136 3496 3235 3551 sub
3272 3495 3432 3551 linem
3472 3511 3542 3550 xv
3583 3496 3767 3552 sa-euli

2174 3594 2409 3663 pessimo
2436 3591 3062 3659 charactereexaratos,
3118 3584 3468 3644 miscellanea
3520 3590 3765 3661 quaedam

2175 3686 2450 3739 variorum
2489 3693 2770 3737 auctorum
2798 3681 3102 3749 continens,
3135 3690 3344 3752 septem
3384 3698 3663 3740 sermones
3701 3700 3768 3740 cx

2174 3775 2355 3847 aliquo
2381 3774 2567 3831 codice
2595 3773 2907 3830 Zeuoniano
2935 3780 3218 3846 excerptos
3255 3774 3433 3847 primo
3469 3772 3769 3833 locoexhi-

2175 3868 2285 3936 bet,
2316 3884 2378 3923 ex
2410 3867 2604 3938 quibus
2625 3881 2718 3922 sex
2750 3864 3021 3922 Zenonem
3056 3865 3253 3923 habent
3286 3875 3591 3937 auctorem,
3633 3870 3770 3927 alius

2174 3970 2354 4015 autem
2394 3975 2459 4016 ex
2501 3958 2814 4030 Appendice
2857 3964 3102 4029 sumptus
3140 3957 3280 4015 fuit:
3328 3960 3381 4016 hl
3419 3970 3599 4018 autem
3645 3971 3773 4019 sunt

2178 4052 2279 4107 hoc
2313 4051 2507 4108 ordine
2553 4051 2742 4121 scripti
2793 4067 2807 4107 :
2858 4048 2936 4105 De
2957 4051 3185 4107 Adtende
3206 4054 3316 4119 tibi,
3337 4069 3404 4109 ex
3424 4056 3767 4126 Appendice;

2175 4175 2247 4187 -—
2267 4143 2329 4200 de
2358 4142 2654 4211 Pudicitia;
2678 4175 2751 4187 -—
2786 4143 2851 4199 de
2899 4143 3259 4215 Continentia;
3285 4178 3357 4190 —
3385 4147 3449 4204 de
3490 4147 3773 4207 Nativitate

2175 4234 2420 4305 Domini;
2440 4267 2511 4277 —
2539 4234 2604 4291 de
2633 4236 2975 4305 Hnmilitate;
3002 4268 3074 4280 —
3113 4239 3178 4295 de
3216 4238 3355 4296 Jona
3399 4240 3648 4316 propheta
3664 4261 3772 4312 ;—-

2176 4332 2240 4389 de
2265 4333 2674 4389 Resurrectione.
2715 4348 2722 4359 '

2247 4420 2340 4482 XI.
2385 4426 2964 4502 Matiuscriptusliber,
2995 4444 3154 4500 quem
3186 4429 3636 4501 Sparaverianum
3677 4448 3772 4505 ap-

473 4541 545 4601 Η
575 4512 669 4597 lib.
698 4556 736 4595 tt
767 4556 782 4594 :
812 4536 1086 4595 Dominica
1113 4550 1171 4592 ιιι
1199 4537 1252 4590 in
1276 4512 1705 4608 Quadragesima,
1731 4532 1903 4590 Lectio
1940 4551 1976 4602 ι,
2011 4550 2062 4605 ιι,

2178 4518 2514 4592 pellabimus,
2548 4520 2704 4578 nobis
2730 4521 3007 4593 inspectus
3039 4537 3145 4577 non
3179 4522 3300 4590 fuit,
3329 4522 3424 4580 sed
3464 4524 3615 4581 illum
3649 4542 3773 4599 per-

470 4652 534 4693 ιιι
592 4633 862 4689 Tractatus
905 4633 967 4687 de
1005 4628 1167 4686 Juda.
1210 4630 1391 4685 Altera
1436 4630 1488 4683 in
1519 4637 1676 4683 tract.
1727 4624 1795 4684 l5
1825 4627 2070 4698 ejusdem

472 4730 569 4786 lib.
601 4744 672 4784 tt:
707 4726 750 4781 Τ
752 4736 976 4781 ructatus
1000 4725 1062 4780 de
1086 4722 1186 4779 Job
1215 4718 1389 4778 Lectio
1414 4719 1477 4775 Β.
1504 4719 1726 4777 Zenonis
1747 4719 1901 4791 hujus
1919 4718 2072 4779 Sedis

472 4819 741 4891 Episcopi.
772 4815 908 4874 Cum
938 4830 1069 4872 vero
1097 4831 1166 4871 ex
1197 4814 1298 4870 hac
1332 4820 1602 4884 postrema
1626 4809 1838 4868 rubrica
1866 4811 2069 4884 liquet,

473 4914 615 4969 hunc
641 4924 855 4983 quoque
879 4908 1120 4965 codicem
1142 4904 1208 4961 ad
1236 4906 1597 4983 Veronensem
1627 4901 1923 4961 Ecclesium
1950 4920 2073 4975 per-

473 4982 719 5071 tinuisse,
751 5003 835 5058 vel
867 5000 1043 5071 potius
1070 4997 1399 5067 exscriptum
1429 5010 1494 5050 ex
1521 4982 1702 5066 aliquo
1739 4996 2033 5052 vetustiore
2052 5034 2069 5065 ,

471 5096 564 5170 qui
587 5096 762 5153 eidem
797 5090 1054 5148 Ecclesiae
1081 5082 1199 5143 usui
1222 5092 1363 5142 esset
1389 5103 1403 5139 :
1438 5095 1548 5142 tum
1578 5100 1710 5142 vero
1738 5098 1804 5141 ex
1829 5085 2073 5157 utrisque

474 5191 644 5246 titulis
672 5187 846 5261 palam
886 5192 1001 5249 est,
1053 5180 1151 5236 hos
1189 5195 1468 5237 sermones
1520 5172 1661 5236 inter
1698 5194 1853 5235 sacra
1892 5178 2073 5235 cilicia

474 5282 638 5337 fuisse
668 5276 960 5349 aliquando
980 5274 1032 5330 in
1062 5269 1164 5329 hac
1192 5266 1426 5328 Ecclesia
1459 5266 1668 5343 publice
1692 5270 1887 5339 lectos,
1912 5271 2075 5343 idque

480 5378 751 5447 posterius
782 5373 1089 5436 invectum,
1121 5382 1281 5440 quam
1311 5364 1520 5422 scilicet
1549 5364 1832 5421 Remensis
1872 5362 2076 5422 codicis

476 5467 731 5529 rubricae,
774 5478 894 5533 qua:
934 5458 1077 5517 inter
1121 5458 1302 5532 plures
1346 5457 1400 5514 id
1448 5461 1663 5529 generis
1700 5456 2077 5513 adnotationes

478 5557 611 5615 nihil
640 5553 905 5628 ejusmodi
934 5550 1199 5619 referunt,
1232 5546 1593 5608 exsoleverint
1626 5570 1639 5607 :
1682 5558 1735 5608 et
1780 5550 1907 5607 hinc
1936 5548 2077 5608 forte

474 5651 767 5709 Bathcrins
797 5644 958 5721 hujus
986 5646 1131 5702 sedis
1160 5647 1447 5718 episcopus
1473 5660 1541 5701 ex
1561 5658 1812 5701 sermone
1841 5640 1905 5699 de
1932 5641 2076 5700 Juda

460 5761 552 5811 ter
580 5746 852 5828 quoddam
886 5744 1129 5806 Zenonis
1153 5743 1516 5833 testimonium
1544 5744 1793 5827 sumpsit,
1823 5755 1876 5800 ut
1905 5742 2073 5827 adno-

432 5907 461 5917 υ

2176 4613 2394 4668 celeber
2432 4624 2487 4668 et
2519 4613 2715 4668 nobilis
2756 4613 2839 4668 vir
2882 4612 3206 4671 Franciscos
3244 4613 3600 4687 Sparaverius
3639 4619 3772 4675 olim

2176 4714 2299 4760 cum
2328 4700 2488 4760 editis
2517 4704 2764 4773 contulit,
2786 4705 3163 4775 variantesque
3191 4708 3308 4779 ejus
3338 4708 3598 4768 lectiones
3619 4724 3774 4768 nota-

2183 4797 2259 4851 vit
2302 4795 2357 4851 in
2405 4796 2873 4853 observationibus
2907 4797 2975 4853 ad
3016 4794 3251 4857 Zenonis
3293 4816 3597 4872 sermones,
3638 4821 3774 4875 quas

2177 4900 2298 4944 cum
2339 4898 2537 4944 novam
2567 4887 2725 4957 hujus
2751 4888 3030 4961 scriptoris
3061 4892 3355 4949 editionem
3398 4896 3770 4965 meditaretur,

2178 4980 2279 5037 sub
2318 4984 2440 5036 vitae
2479 4983 2682 5037 exitum
2726 4981 3057 5050 Iocubravit,
3105 4984 3554 5059 imperfectasque
3597 4998 3773 5047 morte

2177 5070 2511 5144 interceptos
2542 5074 2779 5143 reliquit.
2803 5070 2969 5145 Cujus
3008 5069 3308 5132 ille’codex
3357 5073 3546 5146 fuerit,
3585 5092 3640 5136 et
3682 5083 3773 5142 tibi

2179 5174 2324 5218 nunc
2362 5168 2460 5230 sit,
2505 5161 2847 5233 ignoramus;
2877 5164 2979 5221 nisi
3008 5165 3147 5222 forte
3176 5164 3317 5223 idem
3344 5167 3436 5224 ille
3464 5169 3647 5229 haberi
3678 5172 3775 5230 de-

2180 5253 2333 5323 beat,
2362 5255 2535 5326 quiin
2573 5254 2876 5311 Sebastiani
2919 5255 3098 5311 Pisoni
3130 5257 3399 5328 junioris,
3449 5258 3800 5333 Veronensis,

2180 5347 2441 5419 episcOpi,
2472 5356 2527 5403 et
2554 5346 2875 5419 Sparaverio
2902 5348 3073 5404 coaevi
3107 5349 3258 5405 libris
3282 5352 3556 5410 exstitisse
3582 5354 3773 5427 prodi-

2186 5450 2270 5496 tus
2298 5454 2403 5506 est,
2434 5457 2533 5499 nec
2563 5450 2741 5499 tamen
2773 5454 2882 5514 quo
2914 5450 3035 5514 post
3075 5442 3193 5514 ejus
3225 5451 3453 5501 mortem
3500 5446 3773 5507 transierit

2186 5533 2428 5589 invenire
2457 5533 2624 5590 licuit.
2654 5533 2960 5606 Sparaverii
2983 5544 3164 5591 autem
3194 5534 3367 5593 codex
3392 5539 3631 5611 ejusdem
3659 5540 3775 5600 fere

2182 5629 2395 5700 generis
2424 5625 2589 5684 fuisse
2616 5629 2849 5698 videtur,
2889 5644 2952 5685 ac
2980 5614 3424 5690 metubranaeeus
3465 5632 3775 5693 monasterii

2179 5726 2234 5785 S.
2262 5721 2512 5807 Zenonis,
2543 5740 2666 5787 cum
2695 5731 2911 5801 easdem
2944 5744 3087 5817 saepe
3116 5742 3433 5827 tractatuum
3466 5732 3778 5817 inscriptio.
