4242 6168
443 184 511 240 2!
1654 178 2207 241 BALLERINIORUM
2250 182 2647 246 ΡΒᾹΞΡΑΤΙΟ.
3736 202 3808 256 ~22

442 315 548 357 nes
590 293 887 369 praeferat.
920 289 1062 345 Cum
1101 298 1274 389 tamen
1391 290 1663 364 aliquibus
1704 296 1997 389 discrepet,
2028 306 2085 354 et
2108 302 2165 363 Α
2187 301 2273 356 cui
2298 300 2467 358 dubio
2496 304 2721 362 codices
2750 306 2991 380 integros
3036 318 3095 368 et
3145 286 3407 370 Remensi
3441 310 3807 389 antiquiores,

438 394 701 449 diversas
725 383 1007 441 lectiones
1038 396 1139 436 non
1164 379 1349 438 nullibi
1371 382 1653 453 exhibeat,
1688 398 1744 442 ut
1772 387 1823 443 in
1852 382 2079 444 adnota-

439 484 691 547 tionibus
724 492 836 538 suo
866 474 998 533 loco
1022 473 1355 546 apponeudis
1384 475 1756 549 monebimus,
1790 496 1821 538 e
1864 479 2083 538 diverso

438 574 709 649 exemplo
738 568 1063 639 descriptus
1087 565 1214 622 satis
1243 552 1509 639 proditur.
1542 568 1723 644 Hujus
1749 584 1929 630 autem
1970 574 2084 631 lec-

395 649 403 654 ³
441 674 627 731 tiones
683 664 976 724 variantes
1016 658 1337 731 Sparaverio
1382 661 1690 733 debemus,
1743 666 1967 739 ejusque
2012 684 2082 724 ex

438 759 941 826 observationibus
973 754 1026 808 in
1070 751 1174 809 ﬁne
1202 753 1487 825 praesentis
1519 755 1817 817 voluminis
1841 759 2084 818 referen-

435 861 524 919 dis
556 859 689 916 ilias
718 848 1124 924 excerpsimus.

508 952 632 1011 XII.
665 947 916 1008 Tandem
952 938 1277 997 recentioris
1303 941 1520 1013 quidem
1548 948 1755 1017 anatis,
1799 947 1893 1004 sed
1923 950 2082 1004 accu-

430 1045 665 1109 ratioris
698 1037 908 1100 librarii
937 1031 1192 1092 codicem
1217 1034 1585 1107 suppeditavit
1609 1037 1814 1097 Comes
1844 1037 2081 1096 Alexan-

430 1145 535 1204 der
566 1137 898 1212 Pompeius,
941 1137 1006 1185 ιιι
1040 1126 1267 1198 proinde
1308 1127 1682 1199 Pompeianus
1721 1131 2082 1204 appellandus

433 1240 708 1306 deinceps
735 1232 829 1289 sit.
858 1228 939 1285 Ex
981 1218 1309 1293 Pellcgrina:
1351 1221 1601 1279 Familia:
1632 1232 1863 1282 stemate
1891 1267 1905 1290 ,
1932 1224 2081 1299 quod

434 1334 497 1389 in
528 1330 715 1387 fronte
740 1324 1016 1395 depictum
1047 1311 1252 1372 δαείω-θ
1292 1316 1545 1373 cernitur
1568 1333 1691 1374 cum
1724 1320 2081 1390 inscriptione

438 1419 730 1493 Peregrini
764 1407 1073 1489 Peregrinii,
1102 1409 1169 1463 ad
1211 1424 1339 1465 eum
1371 1410 1536 1482 hujus
1570 1411 1788 1469 familia:
1814 1412 2081 1469 illustrem

439 1518 632 1571 virum
650 1511 790 1567 olim
811 1502 1137 1580 pertinuisse
1164 1503 1552 1575 Cognoscitur,
1579 1507 1669 1577 qui
1692 1513 1817 1577 pest
1843 1507 2079 1565 medium

444 1624 524 1663 xv
558 1600 832 1661 szecnlum
861 1594 1056 1662 ﬂoruit,
1084 1605 1137 1651 et
1168 1595 1270 1651 sub
1308 1594 1455 1652 idem
1501 1608 1713 1668 tempus
1749 1594 1919 1653 codex
1948 1614 2079 1655 exa-

2187 406 2252 446 ex
2303 391 2501 462 quibus
2558 394 2667 453 illa:
2715 400 3101 471 supplerentur
3144 400 3472 472 sententiae,
3527 406 3599 463 ab
3629 407 3815 484 aliquo

2187 481 2379 539 saltem
2412 486 2640 559 antiquo
2665 492 2982 549 amanuensi
3007 491 3287 553 adhibitos
3312 496 3493 568 palam
3524 508 3644 570 est;
3675 481 3821 578 quod

2186 583 2449 644 quantum
2479 577 2727 636 conferat
2748 592 2863 639 tum
2890 585 2956 639 ad
3004 585 3359 644 collectionis
3387 587 3559 662 hujus
3585 577 3825 671 antiqui-

2189 676 2355 724 tatem
2409 671 2781 745 probandam,
2838 686 2949 733 tum
3000 679 3070 735 ad
3122 682 3544 745 ostendendum
3574 701 3825 754 veterum

2187 764 2582 833 exemplarium
2616 782 2924 839 numerum,
2953 786 3119 829 nemo
3145 780 3231 830 est
3270 775 3371 847 qui
3398 793 3515 838 non
3550 785 3750 845 videat.

2258 852 2402 910 XIV.
2446 856 2601 926 Quod
2648 858 2693 916 si
2736 860 2806 917 de
2851 862 2967 934 ipsa
2998 864 3355 925 collectionis
3395 876 3617 948 origine
3660 882 3820 939 valde

2185 948 2545 1018 probabiliter
2570 953 2842 1025 conjicere
2868 954 3054 1025 liceat,
3078 962 3224 1032 quod
3268 964 3344 1036 ad
3374 967 3551 1027 multa
3582 968 3714 1031 utile
3740 975 3820 1030 iu-

2187 1046 2368 1096 turum
2397 1054 2506 1109 est,
2542 1060 2661 1100 eam
2692 1048 2855 1118 paulo
2886 1061 3009 1121 post
3030 1051 3090 1108 S.
3120 1051 3383 1130 Episcopi
3401 1072 3666 1132 mortem,
3697 1065 3817 1136 ipso

2164 1143 2379 1204 quarto
2402 1136 2606 1192 szeculo
2644 1151 2879 1197 exeunte
2900 1138 2983 1197 vel
3006 1142 3229 1204 ineunte
3252 1151 3466 1222 quinto,
3498 1172 3567 1211 ex
3595 1158 3813 1212 schedis

2185 1226 2304 1295 ejus
2332 1223 2569 1283 Verona:
2603 1231 2809 1286 relictis
2840 1232 3091 1291 eductam
3135 1249 3301 1312 atque
3340 1258 3660 1316 expressam
3692 1265 3813 1306 cre-

2186 1316 2389 1375 dimus.
2418 1322 2718 1379 Auctorem
2751 1325 2971 1396 quidem
3002 1344 3121 1386 eam
3154 1349 3256 1390 uec
3286 1351 3527 1406 parasse,
3556 1354 3659 1395 nec
3687 1339 3809 1395 edi-

2186 1409 2367 1478 disse,
2419 1428 2707 1471 sermones
2754 1418 2976 1487 quidam
3031 1422 3377 1495 imperfecti,
3430 1430 3687 1500 repetiti,
3746 1448 3810 1488 ac

2189 1503 2366 1559 mutili
2411 1520 2637 1579 prorsus
2679 1512 2930 1567 suadent.
2978 1512 3094 1571 Una
3126 1520 3382 1576 nimirum
3414 1522 3500 1578 vel
3531 1525 3806 1597 praecipua

2186 1599 2327 1667 apud
2350 1609 2570 1656 veteres
2599 1600 2860 1659 Ecclesiae
2886 1606 3078 1665 Patres
3098 1626 3231 1668 cura
3259 1613 3384 1685 fuit,
3417 1631 3584 1687 Opera
3618 1618 3807 1676 adver-

444 1709 611 1756 ratns
642 1696 898 1768 apparet.
920 1688 1060 1745 Ordo
1082 1696 1458 1761 numerusque
1490 1699 1818 1746 tractatuum
1848 1688 1990 1747 idem
2017 1707 2082 1749 ac
2111 1702 2160 1763 Β
2188 1704 2281 1747 sus
2309 1692 2536 1760 Gentes,
2571 1695 2655 1751 vel
2695 1694 2986 1758 haareticos
3007 1703 3317 1779 lucubrata,
3341 1708 3555 1780 aliaque
3579 1709 3810 1769 histori-

449 1794 509 1848 in
558 1787 851 1846 Remensi.
899 1782 1122 1839 Additur
1163 1780 1403 1855 hymnus
1451 1782 1520 1838 de
1555 1784 1702 1858 signa
1745 1782 1945 1851 Crucis,
1989 1786 2081 1856 qui

450 1894 644 1941 tamen
678 1884 803 1938 sine
829 1879 937 1935 ulla
966 1878 1317 1950 inscriptione
1337 1918 1355 1947 ,
1384 1894 1497 1934 uno
1523 1887 1782 1935 contextu
1803 1893 1925 1935 cum
1956 1895 2079 1950 pos-

450 1989 638 2035 tremo
670 1970 927 2029 addititio
972 1978 1204 2026 tractatu
1246 1970 1420 2042 prima
1467 1987 1632 2025 manu
1681 1970 1951 2039 scriptus,
1995 1986 2082 2028 se-

450 2068 636 2126 cunda
661 2079 832 2120 manu
856 2061 1146 2119 distinctus
1170 2060 1481 2119 exhibetur.
1513 2060 1786 2119 Przeterea
1815 2061 1992 2119 Vitam
2017 2080 2082 2123 ac

450 2159 904 2219 Translationem
948 2156 1005 2212 S.
1066 2155 1301 2212 Zenonis
1358 2173 1389 2212 a
1444 2153 1716 2212 monacho
1769 2154 2083 2214 Zenoniano

453 2255 799 2317 lucubratas,
833 2253 889 2304 et
916 2246 1191 2320 Anonymi
1220 2245 1488 2317 Pipiniani
1519 2247 1904 2320 fragmentum,
1938 2260 1995 2306 ut
2025 2251 2080 2307 in

451 2361 562 2402 ms.
593 2339 925 2397 monasterii
951 2339 1009 2397 S.
1038 2339 1294 2408 Zenonis,
1324 2346 1613 2410 postrema:
1642 2342 1857 2412 pagina:
1884 2356 2078 2414 sugge-

455 2444 608 2493 runt.
642 2428 836 2490 Ilirutn
880 2431 1053 2488 videri
1082 2435 1252 2505 possit
1281 2434 1335 2487 in
1366 2435 1816 2504 praestantissima
1857 2437 2082 2507 capituli

462 2523 798 2585 Veronensis
850 2522 1198 2592 bibliotheca,
1248 2523 1303 2579 in
1350 2539 1454 2597 qua
1500 2530 1585 2580 tot
1623 2527 1818 2582 vetusti
1862 2528 2082 2586 codices

457 2622 759 2694 diligenter
786 2628 1089 2687 servantur,
1126 2617 1335 2674 nullum
1367 2618 1424 2673 S.
1464 2614 1701 2674 Zenonis
1728 2620 1970 2689 potuisse
2000 2635 2083 2676 re-

456 2720 661 2794 periri;
713 2727 767 2774 at
815 2733 939 2774 cum
993 2714 1088 2772 alii
1143 2731 1249 2772 non
1298 2715 1474 2786 pauci,
1514 2732 1651 2788 quos
1691 2716 1822 2772 olim
1874 2716 2078 2773 ibidem

453 2813 737 2872 exstitisse
762 2810 1052 2869 memoria:
1083 2809 1360 2881 proditum
1387 2819 1488 2876 est,
1534 2802 1905 2865 vicissitudine
1938 2818 2078 2866 tem-

453 2924 651 2983 porum
677 2904 1044 2979 deperierint,
1070 2903 1217 2960 inter
1244 2902 1344 2959 bos
1374 2904 1743 2960 transvolasse
1775 2918 1880 2960 ms.
1913 2905 2081 2961 libros

454 3001 518 3059 S.
543 2999 775 3057 Zenonis
804 2996 942 3055 nihil
985 2997 1335 3068 ambigimus.
1381 2994 1572 3051 Fuisse
1608 2994 1827 3067 quidem
1876 2996 2077 3055 ibidem

2185 1798 2269 1849 ca,
2299 1785 2660 1856 catechetica,
2695 1790 2777 1845 vel
2798 1792 2919 1849 aliis
2947 1797 3258 1857 nominibus
3283 1801 3437 1856 utilia
3462 1816 3528 1857 ac
3552 1817 3811 1861 necessa-

2185 1882 2266 1935 ria
2295 1880 2492 1937 litteris
2518 1883 2781 1942 mandare
2819 1898 2874 1944 et
2898 1888 3097 1959 edere;
3122 1894 3195 1950 de
3220 1894 3569 1952 sermonibus
3595 1908 3806 1968 autem,

2185 1973 2277 2043 qui
2307 1988 2335 2025 a
2360 1970 2554 2045 quovis
2584 1973 2853 2049 Episcopo
2890 1980 2958 2036 ad
2985 1986 3247 2054 populum
3277 1984 3619 2043 familiariter
3641 1987 3812 2048 habe-

2187 2063 2402 2133 bantur,
2427 2080 2535 2120 non
2580 2077 2723 2122 tanta
2746 2070 2952 2127 exstitit
2976 2073 3255 2145 cogitatio,
3272 2079 3477 2149 quippe
3495 2094 3632 2149 quos
3645 2081 3813 2141 nullis

2185 2150 2379 2211 litteris
2420 2162 2770 2230 consignatos
2786 2163 2859 2217 illi
2882 2162 2994 2221 fere
3014 2168 3325 2225 recitabant
3341 2185 3409 2225 ex
3424 2176 3811 2245 tcmpore,vel,

2185 2247 2231 2304 si
2262 2252 2667 2307 committerent
2696 2253 2913 2324 litteris,
2946 2273 3053 2312 non
3084 2266 3245 2318 tanto
3270 2261 3456 2317 studio
3480 2262 3807 2335 edolabant,

2188 2348 2247 2395 ut
2276 2341 2327 2395 in
2346 2342 2623 2413 publicum
2646 2348 2969 2404 emittendus
2991 2364 3310 2411 censerent.
3348 2351 3488 2410 Hinc
3518 2357 3660 2414 inter
3681 2359 3812 2418 inii-

2187 2434 2328 2489 nitos
2349 2437 2734 2508 propemodum
2768 2442 3177 2517 episcoporum,
3208 2463 3349 2521 quos
3366 2445 3663 2522 antiquitas
3694 2458 3810 2513 elo-

2186 2524 2420 2597 quentia:
2441 2528 2601 2583 etiam
2629 2529 2790 2593 laude
2814 2537 3188 2607 commendat,
3206 2554 3515 2610 sermones,
3533 2544 3691 2614 pauci
3711 2550 3808 2603 ad-

2186 2618 2406 2673 modum
2438 2619 2629 2691 scripti
2668 2623 2736 2676 ad
2775 2637 2874 2677 nos
2902 2638 3237 2696 pervenere,
3280 2638 3338 2685 et
3363 2645 3432 2685 ex
3461 2630 3529 2686 iis
3552 2648 3663 2689 non
3687 2650 3809 2694 om-

2188 2725 2284 2765 nes
2306 2709 2375 2765 ab
2412 2711 2546 2781 ipsis
2573 2713 2885 2768 auctoribus
2909 2714 3132 2772 collecti
3156 2727 3214 2775 et
3247 2716 3418 2786 editi;
3451 2721 3545 2778 sed
3582 2726 3805 2796 quidam

2186 2803 2240 2859 in
2269 2804 2487 2860 schedis
2515 2805 2714 2872 relicti,
2769 2806 2906 2863 alios
2938 2807 3218 2882 habuere,
3249 2815 3344 2886 qui
3375 2812 3496 2871 illos
3524 2827 3648 2888 post
3672 2836 3805 2891 auc:

2185 2907 2360 2953 torum
2384 2907 2615 2954 mortem
2643 2898 2977 2971 colligendos
2998 2912 3056 2957 et
3082 2903 3330 2963 edendos
3351 2920 3648 2966 curarunt..
3664 2910 3804 2971 Illud

2186 3004 2366 3049 autem
2410 2993 2553 3049 inter
2582 3009 2871 3050 sermones
2916 2994 3185 3055 collectos
3224 3011 3283 3057 et
3327 3001 3504 3057 editos
3551 3003 3619 3060 ab
3664 2997 3804 3077 ipsis

460 3094 695 3166 aliquem
722 3089 774 3148 id
803 3090 1032 3164 generis
1076 3087 1322 3146 codicem
1353 3100 1462 3143 non
1505 3093 1711 3142 tantum
1754 3089 1956 3159 conjici
1984 3106 2081 3162 po-

2185 3086 2520 3153 auctoribus,
2546 3094 2632 3139 aul
2658 3082 2728 3139 ab
2748 3084 2871 3140 aliis
2896 3084 3133 3144 interest
3157 3132 3174 3159 ,
3208 3091 3355 3162 quod
3394 3092 3553 3162 primi
3580 3096 3801 3163 generis

460 3195 570 3243 test
612 3202 677 3243 ex
715 3185 929 3242 Joanne
981 3183 1340 3256 presbytero,
1389 3180 1756 3236 mansionario
1812 3180 2080 3239 Ecclesia:

458 3276 814 3351 Veronensis,
842 3294 1007 3353 quem
1041 3278 1129 3349 (ut
1159 3276 1406 3348 pluribus
1442 3274 1826 3331 adnotabimus
1864 3276 2077 3334 disser-

460 3380 688 3444 tatione,
721 3380 897 3449 prima
937 3389 989 3429 c.
1030 3371 1085 3439 ὅ,
1123 3366 1151 3444 §
1180 3369 1220 3443 ι)
1252 3387 1359 3425 non
1406 3370 1531 3425 alibi
1560 3368 1796 3426 Zenonis
1827 3375 2080 3431 codicem

460 3470 662 3526 vidisse
678 3476 733 3526 et
753 3468 951 3541 legisse
978 3468 1113 3523 satis
1144 3463 1423 3537 probabile
1446 3475 1562 3530 est;
1594 3464 1689 3521 sed
1714 3464 1893 3536 palam
1916 3469 2081 3526 etiam

460 3562 581 3619 ﬁeri
626 3554 843 3619 videtur
885 3575 956 3616 ex
1001 3559 1244 3616 editione
1288 3552 1493 3613 Veneta
1544 3556 1604 3614 S.
1656 3557 1920 3629 Zenonis,
1960 3578 2083 3634 quae

462 3671 586 3713 cum
630 3655 831 3711 codicis
878 3653 1194 3710 meminerit
1249 3668 1278 3704 a
1309 3649 1553 3707 Guarino
1594 3651 1802 3708 inventi
1847 3656 1907 3710 in
1947 3654 2079 3728 Epi-

463 3748 627 3822 scopii
656 3744 964 3803 Veronensis
991 3744 1432 3811 bibliothecamee
1458 3741 1565 3797 alia
1589 3744 1852 3815 episcopii
1880 3745 2082 3803 biblio-

469 3839 625 3897 theca
655 3834 850 3897 tradita
879 3840 972 3906 sit,
1006 3854 1168 3913 quam
1196 3833 1421 3907 capituli
1446 3834 1777 3892 cathedralis
1804 3839 2077 3907 ecclesiae,

468 3935 523 3989 in
555 3936 655 3992 hac
699 3933 892 4005 procul
927 3928 1092 3990 dubio
1130 3930 1380 3988 codicem
1422 3930 1573 3985 illum
1605 3930 1884 3989 inventum
1914 3934 2083 3992 exsti-

464 4027 601 4083 tisse
623 4025 967 4083 arbitramur.
1259 4022 1273 4032 ”

540 4117 683 4178 ΧΙΙΙ.
722 4118 928 4177 Novem
974 4120 1157 4192 itaque
1206 4126 1338 4175 sunt
1385 4116 1629 4187 codices,
1680 4134 1820 4192 quos
1873 4121 2080 4179 habere

469 4214 719 4286 contigit,
749 4225 806 4270 et
834 4228 901 4270 eo
929 4213 1179 4270 utiliores
1207 4213 1380 4277 luere,
1412 4210 1559 4283 quod
1603 4213 1672 4285 (si
1698 4211 2077 4271 Zenonianum

470 4307 821 4363 cbartaceum
840 4304 1119 4381 excipias)
1146 4319 1341 4364 omnes
1384 4302 1443 4361 S.
1495 4302 1732 4363 Zenonis
1787 4323 2074 4366 sermones

473 4398 673 4473 singuli
698 4400 1030 4471 contineant,
1059 4404 1245 4473 sicque
1271 4413 1555 4456 sermones
1586 4414 1777 4456 omnes
1804 4415 1926 4457 cum
1953 4410 2077 4458 octo

2187 3191 2467 3233 sermones
2497 3178 2712 3249 integri,
2745 3177 3005 3248 aequales,
3031 3178 3321 3247 elaborati,
3349 3193 3403 3237 et
3428 3184 3684 3256 perpoliti
3711 3189 3801 3245 in-

2185 3270 2505 3339 veniuntur;
2529 3286 2653 3327 cum
2683 3284 2843 3325 nemo
2888 3267 3030 3326 nihil
3088 3272 3195 3329 nisi
3239 3271 3538 3346 perfectum
3575 3288 3627 3333 et
3664 3295 3801 3338 enu-

2185 3364 2779 3421 cleatiusviucubratuni
2810 3364 3067 3425 emittere
3093 3368 3267 3424 soleat
3296 3386 3309 3421 :
3343 3376 3399 3422 at
3443 3368 3660 3428 alterius
3702 3389 3799 3446 ge-

2187 3461 2335 3520 neris
2378 3463 2657 3518 orationes
2697 3475 2843 3532 smpe
2890 3463 3083 3532 rudes,
3130 3480 3534 3537 nonnumquam
3588 3472 3796 3530 mutila:

2185 3554 2622 3629 imperfectteque
2662 3564 2982 3612 cernuntur.
3043 3558 3228 3628 itaque
3252 3560 3356 3616 etsi
3402 3557 3459 3616 S.
3507 3556 3654 3619 Zeno
3682 3568 3793 3636 pri-

2186 3669 2306 3712 mus
2345 3655 2417 3710 sit
2442 3654 2758 3710 Latinorum
2802 3652 3027 3707 Patrum
3059 3654 3215 3725 cujus
3244 3668 3526 3713 sermones
3569 3659 3791 3741 prodig-

2186 3762 2333 3817 runt,
2363 3757 2421 3803 ut
2463 3748 2519 3803 in
2546 3745 2815 3820 prommio
2855 3745 2921 3800 ad
2964 3746 3187 3804 dissert.
3216 3747 3253 3802 2
3294 3748 3633 3820 ostendetur,
3677 3756 3794 3826 ipse

2187 3851 2366 3896 tamen
2399 3840 2541 3896 hanc
2572 3836 2953 3894 collectionem
3007 3838 3150 3895 haud
3194 3856 3417 3911 parasse
3461 3854 3516 3899 et
3550 3842 3791 3905 edidisse

2185 3928 2493 3990 credendus
2522 3939 2638 3997 est;
2670 3928 2769 3984 sed
2817 3944 2939 4000 qua:
2971 3929 3025 3985 in
3055 3947 3211 3987 usum
3242 3947 3559 3990 sermonum
3583 3976 3599 4003 ,
3654 3953 3792 4007 quos

2183 4022 2252 4083 ad
2278 4027 2537 4099 populum
2567 4023 3040 4094 frequentissimos
3071 4024 3279 4094 habuit,
3326 4038 3448 4093 post
3469 4040 3704 4088 mortem
3736 4032 3791 4090 in

2183 4120 2401 4178 schedis
2445 4118 2697 4192 reliquit,
2730 4130 2796 4172 ea
2851 4112 2920 4173 ab
2947 4115 3072 4175 aliis
3126 4121 3346 4175 inventa
3371 4162 3387 4189 ,
3436 4121 3508 4178 ob
3535 4124 3790 4187 eximiam

2185 4212 2373 4270 Sancti
2422 4211 2523 4267 viri
2572 4209 3031 4267 existimationem
3083 4210 3387 4284 colligenda
3425 4215 3636 4274 naviter
3663 4222 3782 4278 visa

2183 4315 2332 4377 sunt,
2366 4306 2529 4378 idque
2560 4312 2707 4362 tanta
2736 4305 2937 4360 factum
2965 4303 3267 4377 diligentia,
3318 4317 3374 4362 ut
3399 4308 3660 4382 quidquid
3691 4329 3781 4371 re-

2185 4401 2347 4474 periri
2398 4403 2594 4473 potuit,
2641 4400 2758 4456 sive
2803 4400 3124 4470 perfectum,
3177 4400 3293 4456 sive
3324 4400 3536 4474 minus,
3589 4416 3785 4481 totum,

474 4489 755 4551 codicibus
778 4494 1024 4551 conferre
1070 4493 1241 4559 licuit,
1296 4505 1497 4565 praeter
1531 4502 1793 4549 tractatus
1845 4495 2073 4566 aliquot,
2106 4490 2156 4550 D
2185 4496 2511 4553 collectione
2537 4504 2592 4552 et
2621 4492 2858 4550 editione
2889 4493 3108 4566 dignum
3141 4494 3447 4566 judicatum
3497 4498 3589 4568 sit,
3641 4500 3785 4575 frag-

478 4601 712 4659 quorum
737 4588 1007 4644 variantes
1036 4603 1136 4643 nec
1159 4586 1403 4643 Basilica:
1433 4584 1705 4642 Vaticana:
1744 4585 1917 4661 codex
1950 4604 2076 4643 sero

481 4680 772 4752 indicatus,
792 4697 895 4740 nec
920 4683 1274 4756 Sparaverius
1298 4723 1314 4745 ,
1346 4680 1719 4752 imperfectum
1750 4698 1884 4752 opus
1914 4682 2079 4738 relin-

478 4810 678 4866 quens,
711 4793 1140 4866 suppeditarunt.
1169 4787 1284 4845 Etsi
1311 4795 1492 4844 autem
1530 4788 1582 4843 bi
1610 4804 1799 4846 omnes
1826 4790 2065 4856 codices,

484 4907 596 4947 non
638 4890 798 4947 modo
823 4892 1111 4958 eumdem,
1163 4891 1254 4963 qui
1310 4890 1364 4946 in
1393 4888 1773 4960 antiquissimo
1820 4888 2079 4945 Remeusi

481 4983 744 5054 cernitur,
796 4999 1111 5042 sermonum
1169 4983 1415 5042 ordinem
1470 4991 1784 5053 sequantur,
1826 4981 1924 5038 sed
1973 4995 2081 5037 uno

483 5078 650 5134 etiam
672 5076 983 5134 charactere
998 5077 1355 5147 transcriptos
1367 5075 1657 5146 praelerant
1679 5082 1958 5141 tractatus,
1989 5076 2082 5146 qui

486 5169 687 5241 duplici
736 5186 900 5228 manu
947 5171 1003 5226 in
1057 5169 1311 5226 Remensi
1358 5169 1564 5224 exarati
1596 5169 1883 5241 leguntur:
1917 5184 2079 5225 nemo

494 5272 673 5318 Iaiuen
720 5278 785 5320 ex
831 5263 938 5320 hoc
966 5262 1217 5318 Remensi
1260 5271 1529 5333 tamquam
1572 5276 1640 5318 ex
1675 5262 1823 5318 fonte
1849 5269 2081 5319 caeteros

489 5353 806 5425 proﬂuxisse
859 5356 1063 5413 idcirco
1117 5356 1408 5413 existimet.
1498 5354 1642 5409 lino.
1686 5370 1815 5411 vero
1860 5371 1983 5410 cum
2023 5354 2078 5410 in

486 5446 745 5505 Remensi
770 5458 966 5521 praeter
990 5438 1258 5504 variantes
1290 5447 1555 5503 lectiones
1575 5456 1633 5504 et
1651 5447 1840 5503 titulos
1867 5448 2081 5503 varian-

485 5552 595 5609 tes,
626 5542 829 5613 aliquot
875 5540 1186 5598 idemtidem
1225 5540 1526 5596 sententias
1565 5555 1666 5596 suo
1696 5555 1939 5611 quasque
1968 5542 2085 5599 loco

486 5628 755 5693 notandas
797 5633 1049 5690 librarius
1092 5646 1189 5703 per
1224 5633 1417 5688 saltum
1446 5631 1790 5703 przeterierit,
1847 5648 1980 5704 quas
2029 5633 2084 5690 in

488 5731 619 5803 aliis
643 5728 1025 5816 manuscriptis
1053 5726 1329 5802 suppletas
1379 5726 1524 5793 nacti
1548 5742 1769 5797 sumus;
1796 5728 1932 5786 alios
1961 5744 2087 5802 pro-

2187 4600 2429 4646 mentum
2482 4588 2610 4645 licet
2646 4584 2906 4658 exiguum
2950 4600 3118 4657 esset,
3167 4588 3249 4645 vel
3303 4591 3668 4664 exordioium,
3701 4598 3786 4652 vel

2190 4685 2350 4742 unica
2379 4682 2541 4740 etiam
2572 4682 2850 4756 periodus.
2889 4680 3020 4753 Quae
3049 4684 3452 4745 animadversio
3474 4698 3783 4752 necessaria

2187 4793 2409 4848 omnino
2449 4790 2549 4848 fuit
2574 4791 2641 4848 ad
2665 4791 2992 4849 vindicanda
3020 4809 3128 4850 non
3152 4810 3343 4866 pauca,
3371 4812 3494 4868 qua:
3522 4798 3575 4854 in
3607 4799 3781 4858 Zeno-

2187 4886 2273 4940 nis
2304 4886 2622 4940 tractatibus
2666 4884 3003 4955 imperfecta,
3054 4889 3136 4944 vel
3187 4891 3373 4960 paucis
3413 4891 3637 4961 additis,
3686 4910 3785 4951 seu

2185 4981 2405 5035 mutatis
2430 5021 2445 5045 ,
2503 4979 2727 5035 totidem
2755 4980 2936 5036 verbis
2988 4982 3215 5051 repetita
3244 4984 3627 5042 meminimus:
3659 5002 3781 5067 qua:

2185 5072 2229 5125 si
2259 5072 2491 5142 ipsemet
2518 5070 2726 5126 Auctor
2755 5071 2961 5128 edenda
2990 5074 3306 5145 cogitasset,
3337 5074 3469 5131 nihil
3499 5078 3647 5133 dubii
3676 5088 3783 5146 est,

2184 5163 2313 5233 quin
2344 5164 2737 5235 suppressisset
2761 5164 3012 5236 repetita,
3033 5175 3230 5221 cratera
3257 5176 3437 5223 autem
3470 5169 3538 5224 ad
3569 5170 3785 5228 umbili-

2186 5269 2309 5311 cum
2336 5255 2683 5327 perduxisset
2719 5256 3172 5329 perpulissetque.
3205 5257 3343 5315 Hinc
3361 5260 3523 5316 etiam
3549 5260 3618 5317 de
3656 5276 3783 5319 cor-

2187 5349 2362 5420 ruptis
2388 5363 2499 5404 non
2539 5350 2702 5406 nullis
2730 5351 2900 5416 locis,
2937 5351 3135 5421 quibus
3181 5353 3316 5409 nulli
3361 5354 3577 5412 codices
3607 5371 3783 5414 reme-

2188 5441 2336 5498 dium
2363 5440 2580 5498 adierre
2619 5450 2930 5511 potuerunt,
2959 5443 3281 5514 conjectatio
3304 5448 3566 5513 exoritur,
3593 5448 3645 5503 id
3672 5464 3784 5506 non

2189 5535 2427 5591 omnium
2458 5537 2867 5592 amanuensium
2923 5538 2978 5591 in
3007 5537 3259 5594 eumdem
3299 5555 3538 5596 errorem
3565 5546 3784 5615 conspi-

2189 5631 2421 5686 rantimn
2456 5629 2587 5684 vitio
2614 5630 2887 5699 evenisse,
2913 5630 3010 5686 sed
3052 5632 3283 5703 quadam
3314 5636 3469 5705 primi
3499 5633 3636 5687 forte
3662 5637 3790 5694 Col-

2190 5724 2413 5790 iectoris
2453 5723 2802 5792 necessitate,
2852 5724 3098 5797 quicum
3126 5727 3306 5783 omnia
3336 5724 3598 5790 Zenonis,
3637 5739 3797 5801 qua.
