  <div class='ocr_page' id='page_1' title='image "/cluster/home/n/w/nwhite01/storage/ocr_20150623/11/hvd.32044096580402/017.png"; bbox 0 0 4242 6168; ppageno 0'>
   <div class='ocr_carea' id='block_1_1' title="bbox 452 251 3750 334">
    <p class='ocr_par' dir='ltr' id='par_1_1' title="bbox 452 251 3750 334">
     <span class='ocr_line' id='line_1_1' title="bbox 452 251 3750 334; baseline -0.007 -14"><span class='ocrx_word' id='word_1_1' title='bbox 452 265 522 320; x_wconf 76' lang='lat'><strong>‘25</strong></span> <span class='ocrx_word' id='word_1_2' title='bbox 1829 252 2199 309; x_wconf 76' lang='lat' dir='ltr'><strong>PROLEGOM</strong></span> <span class='ocrx_word' id='word_1_3' title='bbox 2210 251 2362 308; x_wconf 74' lang='lat' dir='ltr'><strong>ENA.</strong></span> <span class='ocrx_word' id='word_1_4' title='bbox 3507 332 3510 334; x_wconf 8' lang='grc' dir='ltr'><em>Ἴ</em></span> <span class='ocrx_word' id='word_1_5' title='bbox 3681 253 3750 307; x_wconf 64' lang='lat'><strong>9,4</strong></span> 
     </span>
    </p>
   </div>
   <div class='ocr_carea' id='block_1_2' title="bbox 450 335 3750 452">
    <p class='ocr_par' dir='ltr' id='par_1_2' title="bbox 450 364 3750 452">
     <span class='ocr_line' id='line_1_2' title="bbox 450 364 3750 452; baseline -0.005 -15"><span class='ocrx_word' id='word_1_6' title='bbox 450 394 682 452; x_wconf 89' lang='lat' dir='ltr'><strong>cumque</strong></span> <span class='ocrx_word' id='word_1_7' title='bbox 731 386 937 444; x_wconf 89' lang='lat' dir='ltr'><strong>essent,</strong></span> <span class='ocrx_word' id='word_1_8' title='bbox 996 376 1160 431; x_wconf 91' lang='lat' dir='ltr'><strong>etiam</strong></span> <span class='ocrx_word' id='word_1_9' title='bbox 1217 373 1516 444; x_wconf 86' lang='lat' dir='ltr'><strong>fragmenta</strong></span> <span class='ocrx_word' id='word_1_10' title='bbox 1541 411 1556 437; x_wconf 91' lang='lat'><strong>,</strong></span> <span class='ocrx_word' id='word_1_11' title='bbox 1588 368 1896 440; x_wconf 86' lang='lat' dir='ltr'><strong>colligenda</strong></span> <span class='ocrx_word' id='word_1_12' title='bbox 1945 367 2046 421; x_wconf 83' lang='lat' dir='ltr'><strong>sibi</strong></span> <span class='ocrx_word' id='word_1_13' title='bbox 2075 369 2126 426; x_wconf 82' lang='grc' dir='ltr'>Α</span> <span class='ocrx_word' id='word_1_14' title='bbox 2155 366 2222 420; x_wconf 89' lang='lat' dir='ltr'><strong>tis</strong></span> <span class='ocrx_word' id='word_1_15' title='bbox 2254 365 2536 420; x_wconf 87' lang='lat' dir='ltr'><strong>universos</strong></span> <span class='ocrx_word' id='word_1_16' title='bbox 2568 378 2850 420; x_wconf 84' lang='lat' dir='ltr'><strong>sermones</strong></span> <span class='ocrx_word' id='word_1_17' title='bbox 2891 364 3258 421; x_wconf 87' lang='lat' dir='ltr'><strong>divideremus</strong></span> <span class='ocrx_word' id='word_1_18' title='bbox 3304 367 3354 421; x_wconf 94' lang='lat' dir='ltr'><strong>in</strong></span> <span class='ocrx_word' id='word_1_19' title='bbox 3399 366 3566 422; x_wconf 88' lang='lat' dir='ltr'><strong>libros</strong></span> <span class='ocrx_word' id='word_1_20' title='bbox 3593 367 3750 423; x_wconf 81' lang='lat' dir='ltr'><strong>duos.</strong></span> 
     </span>
    </p>
   </div>
   <div class='ocr_carea' id='block_1_3' title="bbox 457 461 2051 544">
    <p class='ocr_par' dir='ltr' id='par_1_3' title="bbox 457 461 2051 544">
     <span class='ocr_line' id='line_1_3' title="bbox 457 461 2051 544; baseline -0.01 -15"><span class='ocrx_word' id='word_1_21' title='bbox 457 472 803 544; x_wconf 78' lang='lat' dir='ltr'><strong>sumpsisset,</strong></span> <span class='ocrx_word' id='word_1_22' title='bbox 835 470 996 539; x_wconf 86' lang='lat' dir='ltr'><strong>idque</strong></span> <span class='ocrx_word' id='word_1_23' title='bbox 1022 485 1088 524; x_wconf 84' lang='lat' dir='ltr'><strong>ex</strong></span> <span class='ocrx_word' id='word_1_24' title='bbox 1116 465 1334 523; x_wconf 90' lang='lat' dir='ltr'><strong>schedis</strong></span> <span class='ocrx_word' id='word_1_25' title='bbox 1351 480 1457 521; x_wconf 93' lang='lat' dir='ltr'><strong>non</strong></span> <span class='ocrx_word' id='word_1_26' title='bbox 1490 462 1681 519; x_wconf 90' lang='lat' dir='ltr'><strong>nullibi</strong></span> <span class='ocrx_word' id='word_1_27' title='bbox 1713 461 1932 527; x_wconf 78' lang='lat' dir='ltr'><strong>deletis,</strong></span> <span class='ocrx_word' id='word_1_28' title='bbox 1964 461 2051 514; x_wconf 86' lang='lat' dir='ltr'><strong>vel</strong></span> 
     </span>
    </p>
   </div>
   <div class='ocr_carea' id='block_1_4' title="bbox 452 553 2050 640">
    <p class='ocr_par' dir='ltr' id='par_1_4' title="bbox 452 553 2050 640">
     <span class='ocr_line' id='line_1_4' title="bbox 452 553 2050 640; baseline -0.009 -18"><span class='ocrx_word' id='word_1_29' title='bbox 452 568 505 622; x_wconf 91' lang='lat' dir='ltr'><strong>in</strong></span> <span class='ocrx_word' id='word_1_30' title='bbox 532 567 731 640; x_wconf 85' lang='lat' dir='ltr'><strong>quibus</strong></span> <span class='ocrx_word' id='word_1_31' title='bbox 753 564 1130 637; x_wconf 84' lang='lat' dir='ltr'><strong>superductae,</strong></span> <span class='ocrx_word' id='word_1_32' title='bbox 1162 570 1219 618; x_wconf 91' lang='lat' dir='ltr'><strong>ut</strong></span> <span class='ocrx_word' id='word_1_33' title='bbox 1248 561 1301 616; x_wconf 93' lang='lat' dir='ltr'><strong>in</strong></span> <span class='ocrx_word' id='word_1_34' title='bbox 1333 564 1508 631; x_wconf 89' lang='lat' dir='ltr'><strong>primo</strong></span> <span class='ocrx_word' id='word_1_35' title='bbox 1533 555 1784 626; x_wconf 85' lang='lat' dir='ltr'><strong>exemplo</strong></span> <span class='ocrx_word' id='word_1_36' title='bbox 1815 553 1929 615; x_wconf 86' lang='lat' dir='ltr'><strong>fieri</strong></span> <span class='ocrx_word' id='word_1_37' title='bbox 1959 567 2050 608; x_wconf 91' lang='lat' dir='ltr'><strong>so-</strong></span> 
     </span>
    </p>
   </div>
   <div class='ocr_carea' id='block_1_5' title="bbox 450 647 2054 726">
    <p class='ocr_par' dir='ltr' id='par_1_5' title="bbox 450 647 2054 726">
     <span class='ocr_line' id='line_1_5' title="bbox 450 647 2054 726; baseline -0.009 -12"><span class='ocrx_word' id='word_1_38' title='bbox 450 659 549 726; x_wconf 92' lang='lat' dir='ltr'><strong>let,</strong></span> <span class='ocrx_word' id='word_1_39' title='bbox 600 667 788 715; x_wconf 91' lang='lat' dir='ltr'><strong>essent</strong></span> <span class='ocrx_word' id='word_1_40' title='bbox 829 671 989 712; x_wconf 87' lang='lat' dir='ltr'><strong>voces</strong></span> <span class='ocrx_word' id='word_1_41' title='bbox 1015 697 1028 720; x_wconf 88' lang='lat'><strong>,</strong></span> <span class='ocrx_word' id='word_1_42' title='bbox 1062 664 1155 710; x_wconf 92' lang='lat' dir='ltr'><strong>aut</strong></span> <span class='ocrx_word' id='word_1_43' title='bbox 1201 654 1388 718; x_wconf 72' lang='lat' dir='ltr'><strong>lineae;</strong></span> <span class='ocrx_word' id='word_1_44' title='bbox 1440 649 1642 706; x_wconf 87' lang='lat' dir='ltr'><strong>alicubi</strong></span> <span class='ocrx_word' id='word_1_45' title='bbox 1696 663 1920 704; x_wconf 84' lang='lat' dir='ltr'><strong>necesse</strong></span> <span class='ocrx_word' id='word_1_46' title='bbox 1955 647 2054 701; x_wconf 86' lang='lat' dir='ltr'><strong>fuit</strong></span> 
     </span>
    </p>
   </div>
   <div class='ocr_carea' id='block_1_6' title="bbox 451 737 2052 821">
    <p class='ocr_par' dir='ltr' id='par_1_6' title="bbox 451 737 2052 821">
     <span class='ocr_line' id='line_1_6' title="bbox 451 737 2052 821; baseline -0.012 -14"><span class='ocrx_word' id='word_1_47' title='bbox 451 751 782 810; x_wconf 81' lang='lat' dir='ltr'><strong>exscribere.</strong></span> <span class='ocrx_word' id='word_1_48' title='bbox 815 765 935 821; x_wconf 77' lang='lat' dir='ltr'><strong>quae</strong></span> <span class='ocrx_word' id='word_1_49' title='bbox 985 763 1091 802; x_wconf 93' lang='lat' dir='ltr'><strong>non</strong></span> <span class='ocrx_word' id='word_1_50' title='bbox 1120 747 1258 801; x_wconf 83' lang='lat' dir='ltr'><strong>bene</strong></span> <span class='ocrx_word' id='word_1_51' title='bbox 1307 745 1637 815; x_wconf 80' lang='lat' dir='ltr'><strong>legerentur,</strong></span> <span class='ocrx_word' id='word_1_52' title='bbox 1673 741 1754 795; x_wconf 94' lang='lat' dir='ltr'><strong>vel</strong></span> <span class='ocrx_word' id='word_1_53' title='bbox 1785 740 1837 793; x_wconf 94' lang='lat' dir='ltr'><strong>in</strong></span> <span class='ocrx_word' id='word_1_54' title='bbox 1858 737 2052 808; x_wconf 86' lang='lat' dir='ltr'><strong>quibus</strong></span> 
     </span>
    </p>
   </div>
   <div class='ocr_carea' id='block_1_7' title="bbox 453 832 2055 910">
    <p class='ocr_par' dir='ltr' id='par_1_7' title="bbox 453 832 2055 910">
     <span class='ocr_line' id='line_1_7' title="bbox 453 832 2055 910; baseline -0.011 -9"><span class='ocrx_word' id='word_1_55' title='bbox 453 845 668 901; x_wconf 82' lang='lat' dir='ltr'><strong>deesset</strong></span> <span class='ocrx_word' id='word_1_56' title='bbox 697 843 836 899; x_wconf 89' lang='lat' dir='ltr'><strong>forte</strong></span> <span class='ocrx_word' id='word_1_57' title='bbox 865 839 1066 910; x_wconf 90' lang='lat' dir='ltr'><strong>aliquid</strong></span> <span class='ocrx_word' id='word_1_58' title='bbox 1094 858 1106 892; x_wconf 92' lang='lat'><strong>:</strong></span> <span class='ocrx_word' id='word_1_59' title='bbox 1153 837 1348 908; x_wconf 79' lang='lat' dir='ltr'><strong>quibus</strong></span> <span class='ocrx_word' id='word_1_60' title='bbox 1375 836 1445 892; x_wconf 91' lang='lat' dir='ltr'><strong>de</strong></span> <span class='ocrx_word' id='word_1_61' title='bbox 1476 835 1642 891; x_wconf 90' lang='lat' dir='ltr'><strong>rebus</strong></span> <span class='ocrx_word' id='word_1_62' title='bbox 1669 832 1870 890; x_wconf 78' lang='lat' dir='ltr'><strong>alicubi</strong></span> <span class='ocrx_word' id='word_1_63' title='bbox 1901 846 2055 886; x_wconf 89' lang='lat' dir='ltr'><strong>eum-</strong></span> 
     </span>
    </p>
   </div>
   <div class='ocr_carea' id='block_1_8' title="bbox 453 924 2052 998">
    <p class='ocr_par' dir='ltr' id='par_1_8' title="bbox 453 924 2052 998">
     <span class='ocr_line' id='line_1_8' title="bbox 453 924 2052 998; baseline -0.011 -5"><span class='ocrx_word' id='word_1_64' title='bbox 453 937 576 993; x_wconf 92' lang='lat' dir='ltr'><strong>dem</strong></span> <span class='ocrx_word' id='word_1_65' title='bbox 600 936 950 991; x_wconf 89' lang='lat' dir='ltr'><strong>collectorem</strong></span> <span class='ocrx_word' id='word_1_66' title='bbox 981 945 1190 998; x_wconf 90' lang='lat' dir='ltr'><strong>errare,</strong></span> <span class='ocrx_word' id='word_1_67' title='bbox 1225 944 1382 985; x_wconf 92' lang='lat' dir='ltr'><strong>unam</strong></span> <span class='ocrx_word' id='word_1_68' title='bbox 1410 942 1600 983; x_wconf 89' lang='lat' dir='ltr'><strong>vocem</strong></span> <span class='ocrx_word' id='word_1_69' title='bbox 1636 941 1733 994; x_wconf 87' lang='lat' dir='ltr'><strong>pro</strong></span> <span class='ocrx_word' id='word_1_70' title='bbox 1772 925 1877 978; x_wconf 89' lang='lat' dir='ltr'><strong>alia</strong></span> <span class='ocrx_word' id='word_1_71' title='bbox 1905 924 2052 992; x_wconf 87' lang='lat' dir='ltr'><strong>lege-</strong></span> 
     </span>
    </p>
   </div>
   <div class='ocr_carea' id='block_1_9' title="bbox 451 1017 2055 1094">
    <p class='ocr_par' dir='ltr' id='par_1_9' title="bbox 451 1017 2055 1094">
     <span class='ocr_line' id='line_1_9' title="bbox 451 1017 2055 1094; baseline -0.011 -7"><span class='ocrx_word' id='word_1_72' title='bbox 451 1047 532 1094; x_wconf 90' lang='lat' dir='ltr'><strong>re,</strong></span> <span class='ocrx_word' id='word_1_73' title='bbox 568 1029 814 1085; x_wconf 90' lang='lat' dir='ltr'><strong>mutilum</strong></span> <span class='ocrx_word' id='word_1_74' title='bbox 843 1028 1003 1080; x_wconf 89' lang='lat' dir='ltr'><strong>etiam</strong></span> <span class='ocrx_word' id='word_1_75' title='bbox 1034 1039 1252 1079; x_wconf 84' lang='lat' dir='ltr'><strong>sensum</strong></span> <span class='ocrx_word' id='word_1_76' title='bbox 1304 1020 1563 1075; x_wconf 82' lang='lat' dir='ltr'><strong>exhibere</strong></span> <span class='ocrx_word' id='word_1_77' title='bbox 1616 1017 1888 1088; x_wconf 82' lang='lat' dir='ltr'><strong>oportuit,</strong></span> <span class='ocrx_word' id='word_1_78' title='bbox 1919 1030 2055 1086; x_wconf 86' lang='lat' dir='ltr'><strong>quos</strong></span> 
     </span>
    </p>
   </div>
   <div class='ocr_carea' id='block_1_10' title="bbox 453 1115 2057 1190">
    <p class='ocr_par' dir='ltr' id='par_1_10' title="bbox 453 1115 2057 1190">
     <span class='ocr_line' id='line_1_10' title="bbox 453 1115 2057 1190; baseline -0.011 -9"><span class='ocrx_word' id='word_1_79' title='bbox 453 1125 700 1181; x_wconf 88' lang='lat' dir='ltr'><strong>defectus</strong></span> <span class='ocrx_word' id='word_1_80' title='bbox 737 1121 827 1175; x_wconf 90' lang='lat' dir='ltr'><strong>alii</strong></span> <span class='ocrx_word' id='word_1_81' title='bbox 875 1117 1205 1190; x_wconf 91' lang='lat' dir='ltr'><strong>posteriores</strong></span> <span class='ocrx_word' id='word_1_82' title='bbox 1232 1115 1437 1170; x_wconf 89' lang='lat' dir='ltr'><strong>librarii</strong></span> <span class='ocrx_word' id='word_1_83' title='bbox 1469 1122 1825 1183; x_wconf 82' lang='lat' dir='ltr'><strong>exceperunt,</strong></span> <span class='ocrx_word' id='word_1_84' title='bbox 1850 1119 1910 1165; x_wconf 92' lang='lat' dir='ltr'><strong>ut</strong></span> <span class='ocrx_word' id='word_1_85' title='bbox 1930 1123 2057 1180; x_wconf 92' lang='lat' dir='ltr'><strong>spes</strong></span> 
     </span>
    </p>
   </div>
   <div class='ocr_carea' id='block_1_11' title="bbox 454 1201 2057 1280">
    <p class='ocr_par' dir='ltr' id='par_1_11' title="bbox 454 1201 2057 1280">
     <span class='ocr_line' id='line_1_11' title="bbox 454 1201 2057 1280; baseline -0.011 -8"><span class='ocrx_word' id='word_1_86' title='bbox 454 1219 603 1272; x_wconf 88' lang='lat' dir='ltr'><strong>nulla</strong></span> <span class='ocrx_word' id='word_1_87' title='bbox 631 1217 703 1271; x_wconf 92' lang='lat' dir='ltr'><strong>sit</strong></span> <span class='ocrx_word' id='word_1_88' title='bbox 731 1216 864 1280; x_wconf 90' lang='lat' dir='ltr'><strong>fore,</strong></span> <span class='ocrx_word' id='word_1_89' title='bbox 898 1223 954 1266; x_wconf 93' lang='lat' dir='ltr'><strong>ut</strong></span> <span class='ocrx_word' id='word_1_90' title='bbox 997 1212 1092 1265; x_wconf 91' lang='lat' dir='ltr'><strong>ulli</strong></span> <span class='ocrx_word' id='word_1_91' title='bbox 1121 1209 1209 1264; x_wconf 93' lang='lat' dir='ltr'><strong>alii</strong></span> <span class='ocrx_word' id='word_1_92' title='bbox 1255 1209 1496 1271; x_wconf 77' lang='lat' dir='ltr'><strong>codices,</strong></span> <span class='ocrx_word' id='word_1_93' title='bbox 1541 1207 1632 1277; x_wconf 86' lang='lat' dir='ltr'><strong>qui</strong></span> <span class='ocrx_word' id='word_1_94' title='bbox 1676 1203 1816 1259; x_wconf 88' lang='lat' dir='ltr'><strong>forte</strong></span> <span class='ocrx_word' id='word_1_95' title='bbox 1858 1201 2057 1256; x_wconf 84' lang='lat' dir='ltr'><strong>alicubi</strong></span> 
     </span>
    </p>
   </div>
   <div class='ocr_carea' id='block_1_12' title="bbox 455 1298 2060 1380">
    <p class='ocr_par' dir='ltr' id='par_1_12' title="bbox 455 1298 2060 1380">
     <span class='ocr_line' id='line_1_12' title="bbox 455 1298 2060 1380; baseline -0.01 -12"><span class='ocrx_word' id='word_1_96' title='bbox 455 1321 692 1376; x_wconf 82' lang='lat' dir='ltr'><strong>exstant,</strong></span> <span class='ocrx_word' id='word_1_97' title='bbox 721 1309 1044 1380; x_wconf 81' lang='lat' dir='ltr'><strong>quibusdam</strong></span> <span class='ocrx_word' id='word_1_98' title='bbox 1093 1307 1227 1362; x_wconf 91' lang='lat' dir='ltr'><strong>locis</strong></span> <span class='ocrx_word' id='word_1_99' title='bbox 1255 1305 1596 1361; x_wconf 73' lang='lat' dir='ltr'><strong>medeantur.</strong></span> <span class='ocrx_word' id='word_1_100' title='bbox 1650 1301 1834 1372; x_wconf 84' lang='lat' dir='ltr'><strong>Itaque</strong></span> <span class='ocrx_word' id='word_1_101' title='bbox 1879 1300 1923 1353; x_wconf 89' lang='lat' dir='ltr'><strong>si</strong></span> <span class='ocrx_word' id='word_1_102' title='bbox 1957 1298 2060 1352; x_wconf 90' lang='lat' dir='ltr'><strong>hac</strong></span> 
     </span>
    </p>
   </div>
   <div class='ocr_carea' id='block_1_13' title="bbox 457 1393 2056 1474">
    <p class='ocr_par' dir='ltr' id='par_1_13' title="bbox 457 1393 2056 1474">
     <span class='ocr_line' id='line_1_13' title="bbox 457 1393 2056 1474; baseline -0.011 -12"><span class='ocrx_word' id='word_1_103' title='bbox 457 1407 510 1461; x_wconf 93' lang='lat' dir='ltr'><strong>in</strong></span> <span class='ocrx_word' id='word_1_104' title='bbox 536 1405 775 1462; x_wconf 90' lang='lat' dir='ltr'><strong>editione</strong></span> <span class='ocrx_word' id='word_1_105' title='bbox 828 1418 995 1474; x_wconf 87' lang='lat' dir='ltr'><strong>pauca</strong></span> <span class='ocrx_word' id='word_1_106' title='bbox 1026 1400 1272 1472; x_wconf 79' lang='lat' dir='ltr'><strong>quaedam</strong></span> <span class='ocrx_word' id='word_1_107' title='bbox 1306 1400 1419 1454; x_wconf 88' lang='lat' dir='ltr'><strong>loca</strong></span> <span class='ocrx_word' id='word_1_108' title='bbox 1471 1398 1648 1451; x_wconf 91' lang='lat' dir='ltr'><strong>minus</strong></span> <span class='ocrx_word' id='word_1_109' title='bbox 1684 1393 2056 1458; x_wconf 84' lang='lat' dir='ltr'><strong>satisfaciant,</strong></span> 
     </span>
    </p>
   </div>
   <div class='ocr_carea' id='block_1_14' title="bbox 456 1488 2061 1570">
    <p class='ocr_par' dir='ltr' id='par_1_14' title="bbox 456 1488 2061 1570">
     <span class='ocr_line' id='line_1_14' title="bbox 456 1488 2061 1570; baseline -0.009 -14"><span class='ocrx_word' id='word_1_110' title='bbox 456 1516 617 1556; x_wconf 92' lang='lat' dir='ltr'><strong>nemo</strong></span> <span class='ocrx_word' id='word_1_111' title='bbox 641 1499 692 1554; x_wconf 92' lang='lat' dir='ltr'><strong>id</strong></span> <span class='ocrx_word' id='word_1_112' title='bbox 726 1513 900 1570; x_wconf 91' lang='lat' dir='ltr'><strong>neque</strong></span> <span class='ocrx_word' id='word_1_113' title='bbox 930 1497 1155 1552; x_wconf 83' lang='lat' dir='ltr'><strong>Auctori</strong></span> <span class='ocrx_word' id='word_1_114' title='bbox 1200 1496 1333 1550; x_wconf 88' lang='lat' dir='ltr'><strong>vitio</strong></span> <span class='ocrx_word' id='word_1_115' title='bbox 1360 1493 1478 1559; x_wconf 90' lang='lat' dir='ltr'><strong>det,</strong></span> <span class='ocrx_word' id='word_1_116' title='bbox 1506 1507 1570 1548; x_wconf 90' lang='lat' dir='ltr'><strong>ac</strong></span> <span class='ocrx_word' id='word_1_117' title='bbox 1611 1492 1656 1546; x_wconf 91' lang='lat' dir='ltr'><strong>si</strong></span> <span class='ocrx_word' id='word_1_118' title='bbox 1708 1506 1814 1546; x_wconf 92' lang='lat' dir='ltr'><strong>non</strong></span> <span class='ocrx_word' id='word_1_119' title='bbox 1855 1489 1946 1544; x_wconf 88' lang='lat' dir='ltr'><strong>ille</strong></span> <span class='ocrx_word' id='word_1_120' title='bbox 1989 1488 2061 1542; x_wconf 91' lang='lat' dir='ltr'><strong>sit</strong></span> 
     </span>
    </p>
   </div>
   <div class='ocr_carea' id='block_1_15' title="bbox 456 1583 2056 1660">
    <p class='ocr_par' dir='ltr' id='par_1_15' title="bbox 456 1583 2056 1660">
     <span class='ocr_line' id='line_1_15' title="bbox 456 1583 2056 1660; baseline -0.008 -12"><span class='ocrx_word' id='word_1_121' title='bbox 456 1593 847 1650; x_wconf 82' lang='lat' dir='ltr'><strong>disertissimus</strong></span> <span class='ocrx_word' id='word_1_122' title='bbox 898 1599 953 1645; x_wconf 88' lang='lat' dir='ltr'><strong>et</strong></span> <span class='ocrx_word' id='word_1_123' title='bbox 997 1589 1315 1660; x_wconf 88' lang='lat' dir='ltr'><strong>perspicuus</strong></span> <span class='ocrx_word' id='word_1_124' title='bbox 1341 1592 1552 1651; x_wconf 88' lang='lat' dir='ltr'><strong>orator,</strong></span> <span class='ocrx_word' id='word_1_125' title='bbox 1582 1585 1797 1654; x_wconf 89' lang='lat' dir='ltr'><strong>qualem</strong></span> <span class='ocrx_word' id='word_1_126' title='bbox 1841 1583 1961 1637; x_wconf 90' lang='lat' dir='ltr'><strong>aliis</strong></span> <span class='ocrx_word' id='word_1_127' title='bbox 1993 1597 2056 1636; x_wconf 85' lang='lat' dir='ltr'><strong>ex</strong></span> 
     </span>
    </p>
   </div>
   <div class='ocr_carea' id='block_1_16' title="bbox 455 1674 2060 1755">
    <p class='ocr_par' dir='ltr' id='par_1_16' title="bbox 455 1674 2060 1755">
     <span class='ocr_line' id='line_1_16' title="bbox 455 1674 2060 1755; baseline -0.009 -12"><span class='ocrx_word' id='word_1_128' title='bbox 455 1688 773 1743; x_wconf 84' lang='lat' dir='ltr'><strong>tractatibus</strong></span> <span class='ocrx_word' id='word_1_129' title='bbox 820 1686 1236 1755; x_wconf 83' lang='lat' dir='ltr'><strong>cognoscimus;</strong></span> <span class='ocrx_word' id='word_1_130' title='bbox 1288 1695 1388 1735; x_wconf 91' lang='lat' dir='ltr'><strong>nec</strong></span> <span class='ocrx_word' id='word_1_131' title='bbox 1428 1679 1589 1734; x_wconf 85' lang='lat' dir='ltr'><strong>nobis</strong></span> <span class='ocrx_word' id='word_1_132' title='bbox 1616 1720 1630 1744; x_wconf 94' lang='lat'><strong>,</strong></span> <span class='ocrx_word' id='word_1_133' title='bbox 1673 1676 1764 1747; x_wconf 89' lang='lat' dir='ltr'><strong>qui</strong></span> <span class='ocrx_word' id='word_1_134' title='bbox 1804 1674 1850 1730; x_wconf 90' lang='lat' dir='ltr'><strong>si</strong></span> <span class='ocrx_word' id='word_1_135' title='bbox 1883 1674 2060 1730; x_wconf 90' lang='lat' dir='ltr'><strong>minus</strong></span> 
     </span>
    </p>
   </div>
   <div class='ocr_carea' id='block_1_17' title="bbox 2157 457 3757 533">
    <p class='ocr_par' dir='ltr' id='par_1_17' title="bbox 2157 457 3757 533">
     <span class='ocr_line' id='line_1_17' title="bbox 2157 457 3757 533; baseline 0.002 -19"><span class='ocrx_word' id='word_1_136' title='bbox 2157 458 2212 514; x_wconf 95' lang='lat' dir='ltr'><strong>ln</strong></span> <span class='ocrx_word' id='word_1_137' title='bbox 2245 458 2476 530; x_wconf 89' lang='lat' dir='ltr'><strong>primum</strong></span> <span class='ocrx_word' id='word_1_138' title='bbox 2520 457 2796 528; x_wconf 81' lang='lat' dir='ltr'><strong>longiores</strong></span> <span class='ocrx_word' id='word_1_139' title='bbox 2827 466 3088 514; x_wconf 89' lang='lat' dir='ltr'><strong>tractatus</strong></span> <span class='ocrx_word' id='word_1_140' title='bbox 3138 459 3473 528; x_wconf 91' lang='lat' dir='ltr'><strong>conjecimus</strong></span> <span class='ocrx_word' id='word_1_141' title='bbox 3520 461 3757 533; x_wconf 87' lang='lat' dir='ltr'><strong>(quibus</strong></span> 
     </span>
    </p>
   </div>
   <div class='ocr_carea' id='block_1_18' title="bbox 2155 551 3760 619">
    <p class='ocr_par' dir='ltr' id='par_1_18' title="bbox 2155 551 3760 619">
     <span class='ocr_line' id='line_1_18' title="bbox 2155 551 3760 619; baseline 0.003 -13"><span class='ocrx_word' id='word_1_142' title='bbox 2155 551 2200 606; x_wconf 88' lang='lat' dir='ltr'><strong>si</strong></span> <span class='ocrx_word' id='word_1_143' title='bbox 2249 551 2576 607; x_wconf 89' lang='lat' dir='ltr'><strong>inseruimus</strong></span> <span class='ocrx_word' id='word_1_144' title='bbox 2621 566 2785 604; x_wconf 91' lang='lat' dir='ltr'><strong>unum</strong></span> <span class='ocrx_word' id='word_1_145' title='bbox 2817 551 3196 607; x_wconf 87' lang='lat' dir='ltr'><strong>brevissimum</strong></span> <span class='ocrx_word' id='word_1_146' title='bbox 3229 553 3293 605; x_wconf 86' lang='lat' dir='ltr'><strong>de</strong></span> <span class='ocrx_word' id='word_1_147' title='bbox 3337 553 3590 619; x_wconf 74' lang='lat' dir='ltr'><strong>Avaritia,</strong></span> <span class='ocrx_word' id='word_1_148' title='bbox 3638 554 3760 611; x_wconf 88' lang='lat' dir='ltr'><strong>ideo</strong></span> 
     </span>
    </p>
   </div>
   <div class='ocr_carea' id='block_1_19' title="bbox 2157 643 3757 718">
    <p class='ocr_par' dir='ltr' id='par_1_19' title="bbox 2157 643 3757 718">
     <span class='ocr_line' id='line_1_19' title="bbox 2157 643 3757 718; baseline 0.003 -20"><span class='ocrx_word' id='word_1_149' title='bbox 2157 644 2506 710; x_wconf 89' lang='lat' dir='ltr'><strong>inseruimus,</strong></span> <span class='ocrx_word' id='word_1_150' title='bbox 2539 644 2683 715; x_wconf 88' lang='lat' dir='ltr'><strong>quod</strong></span> <span class='ocrx_word' id='word_1_151' title='bbox 2712 645 2862 699; x_wconf 82' lang='lat' dir='ltr'><strong>illum</strong></span> <span class='ocrx_word' id='word_1_152' title='bbox 2887 659 2914 696; x_wconf 90' lang='lat' dir='ltr'><strong>a</strong></span> <span class='ocrx_word' id='word_1_153' title='bbox 2943 643 3155 700; x_wconf 88' lang='lat' dir='ltr'><strong>duobus</strong></span> <span class='ocrx_word' id='word_1_154' title='bbox 3183 644 3428 714; x_wconf 87' lang='lat' dir='ltr'><strong>ejusdem</strong></span> <span class='ocrx_word' id='word_1_155' title='bbox 3451 649 3757 718; x_wconf 75' lang='lat' dir='ltr'><strong>argumenti</strong></span> 
     </span>
    </p>
   </div>
   <div class='ocr_carea' id='block_1_20' title="bbox 2155 737 3760 810">
    <p class='ocr_par' dir='ltr' id='par_1_20' title="bbox 2155 737 3760 810">
     <span class='ocr_line' id='line_1_20' title="bbox 2155 737 3760 810; baseline 0.001 -17"><span class='ocrx_word' id='word_1_156' title='bbox 2155 737 2444 808; x_wconf 87' lang='lat' dir='ltr'><strong>sejungere</strong></span> <span class='ocrx_word' id='word_1_157' title='bbox 2472 752 2684 808; x_wconf 73' lang='lat' dir='ltr'><strong>aequum</strong></span> <span class='ocrx_word' id='word_1_158' title='bbox 2713 753 2818 792; x_wconf 93' lang='lat' dir='ltr'><strong>non</strong></span> <span class='ocrx_word' id='word_1_159' title='bbox 2848 737 2985 810; x_wconf 90' lang='lat' dir='ltr'><strong>fuit)</strong></span> <span class='ocrx_word' id='word_1_160' title='bbox 3018 747 3071 793; x_wconf 91' lang='lat' dir='ltr'><strong>et</strong></span> <span class='ocrx_word' id='word_1_161' title='bbox 3101 738 3155 792; x_wconf 90' lang='lat' dir='ltr'><strong>bi</strong></span> <span class='ocrx_word' id='word_1_162' title='bbox 3192 749 3318 793; x_wconf 91' lang='lat' dir='ltr'><strong>sunt</strong></span> <span class='ocrx_word' id='word_1_163' title='bbox 3343 755 3533 794; x_wconf 90' lang='lat' dir='ltr'><strong>omnes</strong></span> <span class='ocrx_word' id='word_1_164' title='bbox 3563 749 3760 795; x_wconf 82' lang='lat' dir='ltr'><strong>tracta-</strong></span> 
     </span>
    </p>
   </div>
   <div class='ocr_carea' id='block_1_21' title="bbox 2159 831 3760 911">
    <p class='ocr_par' dir='ltr' id='par_1_21' title="bbox 2159 831 3760 911">
     <span class='ocr_line' id='line_1_21' title="bbox 2159 831 3760 911; baseline 0.001 -26"><span class='ocrx_word' id='word_1_165' title='bbox 2159 841 2244 885; x_wconf 91' lang='lat' dir='ltr'><strong>tus</strong></span> <span class='ocrx_word' id='word_1_166' title='bbox 2281 832 2349 886; x_wconf 91' lang='lat' dir='ltr'><strong>de</strong></span> <span class='ocrx_word' id='word_1_167' title='bbox 2383 832 2676 887; x_wconf 87' lang='lat' dir='ltr'><strong>virtutibus</strong></span> <span class='ocrx_word' id='word_1_168' title='bbox 2700 843 2754 886; x_wconf 93' lang='lat' dir='ltr'><strong>et</strong></span> <span class='ocrx_word' id='word_1_169' title='bbox 2778 831 2942 891; x_wconf 80' lang='lat' dir='ltr'><strong>vitiis.</strong></span> <span class='ocrx_word' id='word_1_170' title='bbox 2988 846 3110 885; x_wconf 93' lang='lat' dir='ltr'><strong>cum</strong></span> <span class='ocrx_word' id='word_1_171' title='bbox 3141 841 3370 900; x_wconf 68' lang='lat' dir='ltr'><strong>quatuor</strong></span> <span class='ocrx_word' id='word_1_172' title='bbox 3400 831 3521 885; x_wconf 74' lang='lat' dir='ltr'><strong>aliis</strong></span> <span class='ocrx_word' id='word_1_173' title='bbox 3555 832 3760 911; x_wconf 83' lang='lat' dir='ltr'><strong>longio-</strong></span> 
     </span>
    </p>
   </div>
   <div class='ocr_carea' id='block_1_22' title="bbox 2160 921 3758 992">
    <p class='ocr_par' dir='ltr' id='par_1_22' title="bbox 2160 921 3758 992">
     <span class='ocr_line' id='line_1_22' title="bbox 2160 921 3758 992; baseline 0.001 -15"><span class='ocrx_word' id='word_1_174' title='bbox 2160 924 2330 988; x_wconf 90' lang='lat' dir='ltr'><strong>ribus,</strong></span> <span class='ocrx_word' id='word_1_175' title='bbox 2384 938 2521 992; x_wconf 89' lang='lat' dir='ltr'><strong>quos</strong></span> <span class='ocrx_word' id='word_1_176' title='bbox 2567 922 2667 976; x_wconf 89' lang='lat' dir='ltr'><strong>sub</strong></span> <span class='ocrx_word' id='word_1_177' title='bbox 2715 923 2875 979; x_wconf 90' lang='lat' dir='ltr'><strong>finem</strong></span> <span class='ocrx_word' id='word_1_178' title='bbox 2907 921 3148 991; x_wconf 85' lang='lat' dir='ltr'><strong>ejusdem</strong></span> <span class='ocrx_word' id='word_1_179' title='bbox 3208 922 3331 977; x_wconf 89' lang='lat' dir='ltr'><strong>libri</strong></span> <span class='ocrx_word' id='word_1_180' title='bbox 3377 922 3650 977; x_wconf 90' lang='lat' dir='ltr'><strong>dabimus.</strong></span> <span class='ocrx_word' id='word_1_181' title='bbox 3699 924 3758 979; x_wconf 86' lang='lat' dir='ltr'><strong>In</strong></span> 
     </span>
    </p>
   </div>
   <div class='ocr_carea' id='block_1_23' title="bbox 2161 1015 3757 1072">
    <p class='ocr_par' dir='ltr' id='par_1_23' title="bbox 2161 1015 3757 1072">
     <span class='ocr_line' id='line_1_23' title="bbox 2161 1015 3757 1072; baseline 0.001 -1"><span class='ocrx_word' id='word_1_182' title='bbox 2161 1015 2402 1071; x_wconf 91' lang='lat' dir='ltr'><strong>secundo</strong></span> <span class='ocrx_word' id='word_1_183' title='bbox 2428 1027 2608 1071; x_wconf 91' lang='lat' dir='ltr'><strong>autem</strong></span> <span class='ocrx_word' id='word_1_184' title='bbox 2640 1015 2774 1070; x_wconf 92' lang='lat' dir='ltr'><strong>libro</strong></span> <span class='ocrx_word' id='word_1_185' title='bbox 2806 1016 3084 1072; x_wconf 84' lang='lat' dir='ltr'><strong>breviores</strong></span> <span class='ocrx_word' id='word_1_186' title='bbox 3131 1026 3392 1071; x_wconf 90' lang='lat' dir='ltr'><strong>tractatus</strong></span> <span class='ocrx_word' id='word_1_187' title='bbox 3438 1015 3757 1072; x_wconf 86' lang='lat' dir='ltr'><strong>describen-</strong></span> 
     </span>
    </p>
   </div>
   <div class='ocr_carea' id='block_1_24' title="bbox 2164 1110 3760 1180">
    <p class='ocr_par' dir='ltr' id='par_1_24' title="bbox 2164 1110 3760 1180">
     <span class='ocr_line' id='line_1_24' title="bbox 2164 1110 3760 1180; baseline 0.001 -15"><span class='ocrx_word' id='word_1_188' title='bbox 2164 1121 2271 1176; x_wconf 89' lang='lat' dir='ltr'><strong>tur,</strong></span> <span class='ocrx_word' id='word_1_189' title='bbox 2297 1111 2388 1180; x_wconf 85' lang='lat' dir='ltr'><strong>qui</strong></span> <span class='ocrx_word' id='word_1_190' title='bbox 2429 1113 2531 1166; x_wconf 91' lang='lat' dir='ltr'><strong>etsi</strong></span> <span class='ocrx_word' id='word_1_191' title='bbox 2562 1112 2746 1180; x_wconf 88' lang='lat' dir='ltr'><strong>plures</strong></span> <span class='ocrx_word' id='word_1_192' title='bbox 2776 1125 3030 1176; x_wconf 91' lang='lat' dir='ltr'><strong>numero,</strong></span> <span class='ocrx_word' id='word_1_193' title='bbox 3062 1110 3342 1166; x_wconf 81' lang='lat' dir='ltr'><strong>brevitatis</strong></span> <span class='ocrx_word' id='word_1_194' title='bbox 3385 1121 3560 1166; x_wconf 88' lang='lat' dir='ltr'><strong>tamen</strong></span> <span class='ocrx_word' id='word_1_195' title='bbox 3599 1127 3760 1166; x_wconf 90' lang='lat' dir='ltr'><strong>causa</strong></span> 
     </span>
    </p>
   </div>
   <div class='ocr_carea' id='block_1_25' title="bbox 2162 1204 3760 1275">
    <p class='ocr_par' dir='ltr' id='par_1_25' title="bbox 2162 1204 3760 1275">
     <span class='ocr_line' id='line_1_25' title="bbox 2162 1204 3760 1275; baseline 0 -16"><span class='ocrx_word' id='word_1_196' title='bbox 2162 1204 2498 1274; x_wconf 83' lang='lat' dir='ltr'><strong>longioribus</strong></span> <span class='ocrx_word' id='word_1_197' title='bbox 2530 1206 2633 1259; x_wconf 89' lang='lat' dir='ltr'><strong>illis</strong></span> <span class='ocrx_word' id='word_1_198' title='bbox 2664 1205 2806 1260; x_wconf 88' lang='lat' dir='ltr'><strong>mole</strong></span> <span class='ocrx_word' id='word_1_199' title='bbox 2849 1205 3084 1275; x_wconf 71' lang='lat' dir='ltr'><strong>aequiles</strong></span> <span class='ocrx_word' id='word_1_200' title='bbox 3129 1204 3243 1260; x_wconf 87' lang='lat' dir='ltr'><strong>fere</strong></span> <span class='ocrx_word' id='word_1_201' title='bbox 3279 1215 3408 1259; x_wconf 90' lang='lat' dir='ltr'><strong>sunt</strong></span> <span class='ocrx_word' id='word_1_202' title='bbox 3439 1220 3454 1259; x_wconf 89' lang='lat'><strong>:</strong></span> <span class='ocrx_word' id='word_1_203' title='bbox 3503 1214 3558 1260; x_wconf 91' lang='lat' dir='ltr'><strong>et</strong></span> <span class='ocrx_word' id='word_1_204' title='bbox 3585 1205 3760 1274; x_wconf 90' lang='lat' dir='ltr'><strong>primo</strong></span> 
     </span>
    </p>
   </div>
   <div class='ocr_carea' id='block_1_26' title="bbox 2163 1298 3763 1370">
    <p class='ocr_par' dir='ltr' id='par_1_26' title="bbox 2163 1298 3763 1370">
     <span class='ocr_line' id='line_1_26' title="bbox 2163 1298 3763 1370; baseline 0.001 -20"><span class='ocrx_word' id='word_1_205' title='bbox 2163 1298 2380 1368; x_wconf 89' lang='lat' dir='ltr'><strong>quidem</strong></span> <span class='ocrx_word' id='word_1_206' title='bbox 2439 1307 2707 1368; x_wconf 83' lang='lat' dir='ltr'><strong>ponentur</strong></span> <span class='ocrx_word' id='word_1_207' title='bbox 2752 1300 2843 1370; x_wconf 88' lang='lat' dir='ltr'><strong>qui</strong></span> <span class='ocrx_word' id='word_1_208' title='bbox 2891 1300 2957 1353; x_wconf 90' lang='lat' dir='ltr'><strong>ad</strong></span> <span class='ocrx_word' id='word_1_209' title='bbox 2989 1299 3261 1354; x_wconf 87' lang='lat' dir='ltr'><strong>Christum</strong></span> <span class='ocrx_word' id='word_1_210' title='bbox 3305 1301 3469 1353; x_wconf 89' lang='lat' dir='ltr'><strong>Deum</strong></span> <span class='ocrx_word' id='word_1_211' title='bbox 3500 1311 3552 1354; x_wconf 90' lang='lat' dir='ltr'><strong>et</strong></span> <span class='ocrx_word' id='word_1_212' title='bbox 3586 1299 3763 1352; x_wconf 86' lang='lat' dir='ltr'><strong>homi-</strong></span> 
     </span>
    </p>
   </div>
   <div class='ocr_carea' id='block_1_27' title="bbox 2165 1390 3765 1461">
    <p class='ocr_par' dir='ltr' id='par_1_27' title="bbox 2165 1390 3765 1461">
     <span class='ocr_line' id='line_1_27' title="bbox 2165 1390 3765 1461; baseline -0.002 -15"><span class='ocrx_word' id='word_1_213' title='bbox 2165 1406 2287 1446; x_wconf 92' lang='lat' dir='ltr'><strong>nem</strong></span> <span class='ocrx_word' id='word_1_214' title='bbox 2341 1391 2649 1461; x_wconf 86' lang='lat' dir='ltr'><strong>pertinent,</strong></span> <span class='ocrx_word' id='word_1_215' title='bbox 2693 1401 2804 1446; x_wconf 90' lang='lat' dir='ltr'><strong>tum</strong></span> <span class='ocrx_word' id='word_1_216' title='bbox 2845 1392 2920 1446; x_wconf 92' lang='lat' dir='ltr'><strong>illi</strong></span> <span class='ocrx_word' id='word_1_217' title='bbox 2967 1392 3035 1446; x_wconf 91' lang='lat' dir='ltr'><strong>de</strong></span> <span class='ocrx_word' id='word_1_218' title='bbox 3089 1392 3300 1446; x_wconf 82' lang='lat' dir='ltr'><strong>Sanctis</strong></span> <span class='ocrx_word' id='word_1_219' title='bbox 3335 1391 3543 1447; x_wconf 88' lang='lat' dir='ltr'><strong>Veteris</strong></span> <span class='ocrx_word' id='word_1_220' title='bbox 3572 1390 3765 1446; x_wconf 88' lang='lat' dir='ltr'><strong>Testa-</strong></span> 
     </span>
    </p>
   </div>
   <div class='ocr_carea' id='block_1_28' title="bbox 2165 1483 3765 1554">
    <p class='ocr_par' dir='ltr' id='par_1_28' title="bbox 2165 1483 3765 1554">
     <span class='ocr_line' id='line_1_28' title="bbox 2165 1483 3765 1554; baseline 0 -16"><span class='ocrx_word' id='word_1_221' title='bbox 2165 1483 2353 1548; x_wconf 90' lang='lat' dir='ltr'><strong>menti,</strong></span> <span class='ocrx_word' id='word_1_222' title='bbox 2389 1497 2452 1537; x_wconf 88' lang='lat' dir='ltr'><strong>ac</strong></span> <span class='ocrx_word' id='word_1_223' title='bbox 2481 1483 2696 1538; x_wconf 89' lang='lat' dir='ltr'><strong>tandem</strong></span> <span class='ocrx_word' id='word_1_224' title='bbox 2718 1491 2978 1538; x_wconf 88' lang='lat' dir='ltr'><strong>tractatus</strong></span> <span class='ocrx_word' id='word_1_225' title='bbox 3010 1484 3078 1540; x_wconf 91' lang='lat' dir='ltr'><strong>de</strong></span> <span class='ocrx_word' id='word_1_226' title='bbox 3113 1485 3168 1539; x_wconf 90' lang='lat' dir='ltr'><strong>S.</strong></span> <span class='ocrx_word' id='word_1_227' title='bbox 3203 1483 3438 1539; x_wconf 87' lang='lat' dir='ltr'><strong>Arcadio</strong></span> <span class='ocrx_word' id='word_1_228' title='bbox 3460 1526 3474 1549; x_wconf 92' lang='lat'><strong>,</strong></span> <span class='ocrx_word' id='word_1_229' title='bbox 3507 1485 3597 1554; x_wconf 88' lang='lat' dir='ltr'><strong>qui</strong></span> <span class='ocrx_word' id='word_1_230' title='bbox 3627 1498 3765 1538; x_wconf 88' lang='lat' dir='ltr'><strong>unus</strong></span> 
     </span>
    </p>
   </div>
   <div class='ocr_carea' id='block_1_29' title="bbox 2164 1557 3766 1648">
    <p class='ocr_par' dir='ltr' id='par_1_29' title="bbox 2164 1557 3766 1648">
     <span class='ocr_line' id='line_1_29' title="bbox 2164 1557 3766 1648; baseline -0.001 -17"><span class='ocrx_word' id='word_1_231' title='bbox 2164 1592 2233 1632; x_wconf 84' lang='lat' dir='ltr'><strong>ex</strong></span> <span class='ocrx_word' id='word_1_232' title='bbox 2273 1575 2409 1630; x_wconf 87' lang='lat' dir='ltr'><strong>Novi</strong></span> <span class='ocrx_word' id='word_1_233' title='bbox 2455 1575 2794 1630; x_wconf 89' lang='lat' dir='ltr'><strong>Testatnenti</strong></span> <span class='ocrx_word' id='word_1_234' title='bbox 2861 1576 3184 1648; x_wconf 81' lang='lat' dir='ltr'><strong>Martyrilius</strong></span> <span class='ocrx_word' id='word_1_235' title='bbox 3230 1593 3260 1631; x_wconf 83' lang='lat' dir='ltr'><strong>at</strong></span> <span class='ocrx_word' id='word_1_236' title='bbox 3308 1578 3366 1632; x_wconf 88' lang='lat' dir='ltr'><strong>S.</strong></span> <span class='ocrx_word' id='word_1_237' title='bbox 3399 1557 3620 1632; x_wconf 77' lang='lat' dir='ltr'><strong>Zenone</strong></span> <span class='ocrx_word' id='word_1_238' title='bbox 3651 1577 3766 1630; x_wconf 83' lang='lat' dir='ltr'><strong>laut-</strong></span> 
     </span>
    </p>
   </div>
   <div class='ocr_carea' id='block_1_30' title="bbox 2163 1668 3765 1737">
    <p class='ocr_par' dir='ltr' id='par_1_30' title="bbox 2163 1668 3765 1737">
     <span class='ocr_line' id='line_1_30' title="bbox 2163 1668 3765 1737; baseline 0.001 -13"><span class='ocrx_word' id='word_1_239' title='bbox 2163 1669 2323 1724; x_wconf 90' lang='lat' dir='ltr'><strong>datus</strong></span> <span class='ocrx_word' id='word_1_240' title='bbox 2349 1668 2642 1724; x_wconf 89' lang='lat' dir='ltr'><strong>invenitur.</strong></span> <span class='ocrx_word' id='word_1_241' title='bbox 2699 1669 3004 1737; x_wconf 85' lang='lat' dir='ltr'><strong>Sequemur</strong></span> <span class='ocrx_word' id='word_1_242' title='bbox 3051 1678 3468 1726; x_wconf 42' lang='lat' dir='ltr'><strong>tractatus&#39;non</strong></span> <span class='ocrx_word' id='word_1_243' title='bbox 3521 1671 3652 1726; x_wconf 93' lang='lat' dir='ltr'><strong>nulli</strong></span> <span class='ocrx_word' id='word_1_244' title='bbox 3712 1671 3765 1725; x_wconf 90' lang='lat' dir='ltr'><strong>in</strong></span> 
     </span>
    </p>
   </div>
   <div class='ocr_carea' id='block_1_31' title="bbox 456 1750 3759 1842">
    <p class='ocr_par' dir='ltr' id='par_1_31' title="bbox 456 1750 3759 1842">
     <span class='ocr_line' id='line_1_31' title="bbox 456 1750 3759 1842; baseline -0.006 -8"><span class='ocrx_word' id='word_1_245' title='bbox 456 1779 817 1842; x_wconf 80' lang='lat' dir='ltr'><strong>correximus,</strong></span> <span class='ocrx_word' id='word_1_246' title='bbox 847 1750 1131 1831; x_wconf 76' lang='lat' dir='ltr'><strong>codicibus</strong></span> <span class='ocrx_word' id='word_1_247' title='bbox 1161 1773 1290 1828; x_wconf 85' lang='lat' dir='ltr'><strong>nihil</strong></span> <span class='ocrx_word' id='word_1_248' title='bbox 1341 1768 1766 1842; x_wconf 89' lang='lat' dir='ltr'><strong>opitulantibus,</strong></span> <span class='ocrx_word' id='word_1_249' title='bbox 1815 1784 1880 1822; x_wconf 81' lang='lat' dir='ltr'><strong>ex</strong></span> <span class='ocrx_word' id='word_1_250' title='bbox 1913 1767 2057 1822; x_wconf 89' lang='lat' dir='ltr'><strong>arbi-</strong></span> <span class='ocrx_word' id='word_1_251' title='bbox 2087 1765 2135 1824; x_wconf 92' lang='lat' dir='ltr'><strong>B</strong></span> <span class='ocrx_word' id='word_1_252' title='bbox 2161 1761 2380 1833; x_wconf 80' lang='lat' dir='ltr'><strong>aliquod</strong></span> <span class='ocrx_word' id='word_1_253' title='bbox 2414 1761 2709 1830; x_wconf 73' lang='lat' dir='ltr'><strong>Scriptura:</strong></span> <span class='ocrx_word' id='word_1_254' title='bbox 2761 1750 3159 1827; x_wconf 77' lang='lat' dir='ltr'><strong>testimonium;</strong></span> <span class='ocrx_word' id='word_1_255' title='bbox 3215 1776 3280 1817; x_wconf 89' lang='lat' dir='ltr'><strong>ac</strong></span> <span class='ocrx_word' id='word_1_256' title='bbox 3327 1771 3602 1831; x_wconf 86' lang='lat' dir='ltr'><strong>postremo</strong></span> <span class='ocrx_word' id='word_1_257' title='bbox 3628 1762 3759 1815; x_wconf 91' lang='lat' dir='ltr'><strong>sub-</strong></span> 
     </span>
    </p>
   </div>
   <div class='ocr_carea' id='block_1_32' title="bbox 457 1861 2056 1935">
    <p class='ocr_par' dir='ltr' id='par_1_32' title="bbox 457 1861 2056 1935">
     <span class='ocr_line' id='line_1_32' title="bbox 457 1861 2056 1935; baseline -0.009 -7"><span class='ocrx_word' id='word_1_258' title='bbox 457 1874 563 1930; x_wconf 92' lang='lat' dir='ltr'><strong>trio</strong></span> <span class='ocrx_word' id='word_1_259' title='bbox 594 1886 785 1927; x_wconf 92' lang='lat' dir='ltr'><strong>manus</strong></span> <span class='ocrx_word' id='word_1_260' title='bbox 804 1869 1012 1926; x_wconf 83' lang='lat' dir='ltr'><strong>inferre</strong></span> <span class='ocrx_word' id='word_1_261' title='bbox 1036 1870 1085 1923; x_wconf 94' lang='lat' dir='ltr'><strong>in</strong></span> <span class='ocrx_word' id='word_1_262' title='bbox 1117 1877 1320 1923; x_wconf 83' lang='lat' dir='ltr'><strong>textum</strong></span> <span class='ocrx_word' id='word_1_263' title='bbox 1357 1877 1697 1935; x_wconf 82' lang='lat' dir='ltr'><strong>nequaquam</strong></span> <span class='ocrx_word' id='word_1_264' title='bbox 1723 1861 2008 1917; x_wconf 88' lang='lat' dir='ltr'><strong>debuimus</strong></span> <span class='ocrx_word' id='word_1_265' title='bbox 2043 1877 2056 1914; x_wconf 91' lang='lat'><strong>:</strong></span> 
     </span>
    </p>
   </div>
   <div class='ocr_carea' id='block_1_33' title="bbox 458 1953 2063 2026">
    <p class='ocr_par' dir='ltr' id='par_1_33' title="bbox 458 1953 2063 2026">
     <span class='ocr_line' id='line_1_33' title="bbox 458 1953 2063 2026; baseline -0.009 -5"><span class='ocrx_word' id='word_1_266' title='bbox 458 1965 554 2021; x_wconf 91' lang='lat' dir='ltr'><strong>sed</strong></span> <span class='ocrx_word' id='word_1_267' title='bbox 584 1963 650 2019; x_wconf 91' lang='lat' dir='ltr'><strong>ad</strong></span> <span class='ocrx_word' id='word_1_268' title='bbox 697 1961 1038 2018; x_wconf 90' lang='lat' dir='ltr'><strong>collectionis</strong></span> <span class='ocrx_word' id='word_1_269' title='bbox 1091 1962 1378 2022; x_wconf 90' lang='lat' dir='ltr'><strong>rationem,</strong></span> <span class='ocrx_word' id='word_1_270' title='bbox 1428 1971 1587 2026; x_wconf 88' lang='lat' dir='ltr'><strong>quam</strong></span> <span class='ocrx_word' id='word_1_271' title='bbox 1635 1954 1891 2018; x_wconf 80' lang='lat' dir='ltr'><strong>diximus,</strong></span> <span class='ocrx_word' id='word_1_272' title='bbox 1947 1953 2063 2007; x_wconf 87' lang='lat' dir='ltr'><strong>ani-</strong></span> 
     </span>
    </p>
   </div>
   <div class='ocr_carea' id='block_1_34' title="bbox 461 2043 2063 2122">
    <p class='ocr_par' dir='ltr' id='par_1_34' title="bbox 461 2043 2063 2122">
     <span class='ocr_line' id='line_1_34' title="bbox 461 2043 2063 2122; baseline -0.007 -10"><span class='ocrx_word' id='word_1_273' title='bbox 461 2071 606 2112; x_wconf 91' lang='lat' dir='ltr'><strong>mum</strong></span> <span class='ocrx_word' id='word_1_274' title='bbox 637 2063 880 2120; x_wconf 83' lang='lat' dir='ltr'><strong>revocet,</strong></span> <span class='ocrx_word' id='word_1_275' title='bbox 928 2060 984 2108; x_wconf 89' lang='lat' dir='ltr'><strong>et</strong></span> <span class='ocrx_word' id='word_1_276' title='bbox 1013 2065 1228 2122; x_wconf 77' lang='lat' dir='ltr'><strong>aequum</strong></span> <span class='ocrx_word' id='word_1_277' title='bbox 1254 2063 1377 2104; x_wconf 90' lang='lat' dir='ltr'><strong>cum</strong></span> <span class='ocrx_word' id='word_1_278' title='bbox 1423 2047 1494 2102; x_wconf 90' lang='lat' dir='ltr'><strong>de</strong></span> <span class='ocrx_word' id='word_1_279' title='bbox 1543 2048 1776 2101; x_wconf 89' lang='lat' dir='ltr'><strong>Auctore</strong></span> <span class='ocrx_word' id='word_1_280' title='bbox 1804 2086 1819 2111; x_wconf 93' lang='lat'><strong>,</strong></span> <span class='ocrx_word' id='word_1_281' title='bbox 1854 2053 1964 2098; x_wconf 92' lang='lat' dir='ltr'><strong>tum</strong></span> <span class='ocrx_word' id='word_1_282' title='bbox 1994 2043 2063 2100; x_wconf 90' lang='lat' dir='ltr'><strong>de</strong></span> 
     </span>
    </p>
   </div>
   <div class='ocr_carea' id='block_1_35' title="bbox 461 2136 2061 2219">
    <p class='ocr_par' dir='ltr' id='par_1_35' title="bbox 461 2136 2061 2219">
     <span class='ocr_line' id='line_1_35' title="bbox 461 2136 2061 2219; baseline -0.009 -13"><span class='ocrx_word' id='word_1_283' title='bbox 461 2151 637 2219; x_wconf 91' lang='lat' dir='ltr'><strong>nobis,</strong></span> <span class='ocrx_word' id='word_1_284' title='bbox 693 2150 801 2204; x_wconf 91' lang='lat' dir='ltr'><strong>imo</strong></span> <span class='ocrx_word' id='word_1_285' title='bbox 851 2147 1015 2202; x_wconf 89' lang='lat' dir='ltr'><strong>etiam</strong></span> <span class='ocrx_word' id='word_1_286' title='bbox 1063 2145 1133 2200; x_wconf 91' lang='lat' dir='ltr'><strong>de</strong></span> <span class='ocrx_word' id='word_1_287' title='bbox 1176 2143 1296 2215; x_wconf 92' lang='lat' dir='ltr'><strong>ipso</strong></span> <span class='ocrx_word' id='word_1_288' title='bbox 1338 2141 1562 2212; x_wconf 90' lang='lat' dir='ltr'><strong>antiquo</strong></span> <span class='ocrx_word' id='word_1_289' title='bbox 1587 2139 1888 2195; x_wconf 90' lang='lat' dir='ltr'><strong>collectore</strong></span> <span class='ocrx_word' id='word_1_290' title='bbox 1913 2136 2061 2206; x_wconf 88' lang='lat' dir='ltr'><strong>judi-</strong></span> 
     </span>
    </p>
   </div>
   <div class='ocr_carea' id='block_1_36' title="bbox 461 2240 794 2300">
    <p class='ocr_par' dir='ltr' id='par_1_36' title="bbox 461 2240 794 2300">
     <span class='ocr_line' id='line_1_36' title="bbox 461 2240 794 2300; baseline -0.015 0"><span class='ocrx_word' id='word_1_291' title='bbox 461 2243 606 2300; x_wconf 91' lang='lat' dir='ltr'><strong>cium</strong></span> <span class='ocrx_word' id='word_1_292' title='bbox 638 2240 794 2297; x_wconf 89' lang='lat' dir='ltr'><strong>ferat.</strong></span> 
     </span>
    </p>
   </div>
   <div class='ocr_carea' id='block_1_37' title="bbox 533 2321 2064 2400">
    <p class='ocr_par' dir='ltr' id='par_1_37' title="bbox 533 2321 2064 2400">
     <span class='ocr_line' id='line_1_37' title="bbox 533 2321 2064 2400; baseline -0.01 -10"><span class='ocrx_word' id='word_1_293' title='bbox 533 2333 650 2390; x_wconf 82' lang='lat' dir='ltr'><strong>XV.</strong></span> <span class='ocrx_word' id='word_1_294' title='bbox 694 2333 830 2388; x_wconf 82' lang='lat' dir='ltr'><strong>Hinc</strong></span> <span class='ocrx_word' id='word_1_295' title='bbox 873 2341 1054 2386; x_wconf 90' lang='lat' dir='ltr'><strong>autem</strong></span> <span class='ocrx_word' id='word_1_296' title='bbox 1096 2328 1329 2400; x_wconf 86' lang='lat' dir='ltr'><strong>cognitis</strong></span> <span class='ocrx_word' id='word_1_297' title='bbox 1354 2340 1477 2398; x_wconf 80' lang='lat' dir='ltr'><strong>quae</strong></span> <span class='ocrx_word' id='word_1_298' title='bbox 1525 2323 1592 2380; x_wconf 92' lang='lat' dir='ltr'><strong>ad</strong></span> <span class='ocrx_word' id='word_1_299' title='bbox 1643 2323 1864 2378; x_wconf 89' lang='lat' dir='ltr'><strong>codices</strong></span> <span class='ocrx_word' id='word_1_300' title='bbox 1893 2321 2064 2392; x_wconf 86' lang='lat' dir='ltr'><strong>perti-</strong></span> 
     </span>
    </p>
   </div>
   <div class='ocr_carea' id='block_1_38' title="bbox 460 2415 2064 2498">
    <p class='ocr_par' dir='ltr' id='par_1_38' title="bbox 460 2415 2064 2498">
     <span class='ocr_line' id='line_1_38' title="bbox 460 2415 2064 2498; baseline -0.011 -14"><span class='ocrx_word' id='word_1_301' title='bbox 460 2438 617 2494; x_wconf 91' lang='lat' dir='ltr'><strong>nent,</strong></span> <span class='ocrx_word' id='word_1_302' title='bbox 645 2435 904 2498; x_wconf 85' lang='lat' dir='ltr'><strong>quantum</strong></span> <span class='ocrx_word' id='word_1_303' title='bbox 938 2423 1294 2479; x_wconf 87' lang='lat' dir='ltr'><strong>nihilominus</strong></span> <span class='ocrx_word' id='word_1_304' title='bbox 1320 2435 1386 2476; x_wconf 81' lang='lat' dir='ltr'><strong>ex</strong></span> <span class='ocrx_word' id='word_1_305' title='bbox 1430 2418 1514 2473; x_wconf 89' lang='lat' dir='ltr'><strong>his</strong></span> <span class='ocrx_word' id='word_1_306' title='bbox 1536 2415 1928 2489; x_wconf 79' lang='lat' dir='ltr'><strong>profecerimus</strong></span> <span class='ocrx_word' id='word_1_307' title='bbox 1953 2423 2064 2468; x_wconf 89' lang='lat' dir='ltr'><strong>tum</strong></span> 
     </span>
    </p>
   </div>
   <div class='ocr_carea' id='block_1_39' title="bbox 461 2507 2067 2585">
    <p class='ocr_par' dir='ltr' id='par_1_39' title="bbox 461 2507 2067 2585">
     <span class='ocr_line' id='line_1_39' title="bbox 461 2507 2067 2585; baseline -0.009 -11"><span class='ocrx_word' id='word_1_308' title='bbox 461 2517 530 2574; x_wconf 91' lang='lat' dir='ltr'><strong>ad</strong></span> <span class='ocrx_word' id='word_1_309' title='bbox 557 2515 1010 2573; x_wconf 90' lang='lat' dir='ltr'><strong>internoscendos</strong></span> <span class='ocrx_word' id='word_1_310' title='bbox 1039 2514 1306 2585; x_wconf 85' lang='lat' dir='ltr'><strong>genuinos</strong></span> <span class='ocrx_word' id='word_1_311' title='bbox 1354 2511 1411 2567; x_wconf 92' lang='lat' dir='ltr'><strong>S.</strong></span> <span class='ocrx_word' id='word_1_312' title='bbox 1460 2507 1695 2564; x_wconf 88' lang='lat' dir='ltr'><strong>Zenonis</strong></span> <span class='ocrx_word' id='word_1_313' title='bbox 1724 2518 2006 2561; x_wconf 89' lang='lat' dir='ltr'><strong>sermones</strong></span> <span class='ocrx_word' id='word_1_314' title='bbox 2037 2519 2067 2559; x_wconf 88' lang='lat' dir='ltr'><strong>a</strong></span> 
     </span>
    </p>
   </div>
   <div class='ocr_carea' id='block_1_40' title="bbox 463 2597 2069 2680">
    <p class='ocr_par' dir='ltr' id='par_1_40' title="bbox 463 2597 2069 2680">
     <span class='ocr_line' id='line_1_40' title="bbox 463 2597 2069 2680; baseline -0.011 -14"><span class='ocrx_word' id='word_1_315' title='bbox 463 2608 847 2680; x_wconf 90' lang='lat' dir='ltr'><strong>supposititiis,</strong></span> <span class='ocrx_word' id='word_1_316' title='bbox 877 2617 989 2660; x_wconf 92' lang='lat' dir='ltr'><strong>tum</strong></span> <span class='ocrx_word' id='word_1_317' title='bbox 1020 2606 1087 2660; x_wconf 89' lang='lat' dir='ltr'><strong>ad</strong></span> <span class='ocrx_word' id='word_1_318' title='bbox 1117 2604 1286 2660; x_wconf 86' lang='lat' dir='ltr'><strong>multa</strong></span> <span class='ocrx_word' id='word_1_319' title='bbox 1319 2603 1436 2657; x_wconf 87' lang='lat' dir='ltr'><strong>loca</strong></span> <span class='ocrx_word' id='word_1_320' title='bbox 1461 2597 1822 2666; x_wconf 86' lang='lat' dir='ltr'><strong>emendanda,</strong></span> <span class='ocrx_word' id='word_1_321' title='bbox 1851 2597 2069 2652; x_wconf 87' lang='lat' dir='ltr'><strong>varian-</strong></span> 
     </span>
    </p>
   </div>
   <div class='ocr_carea' id='block_1_41' title="bbox 469 2690 2074 2773">
    <p class='ocr_par' dir='ltr' id='par_1_41' title="bbox 469 2690 2074 2773">
     <span class='ocr_line' id='line_1_41' title="bbox 469 2690 2074 2773; baseline -0.009 -15"><span class='ocrx_word' id='word_1_322' title='bbox 469 2712 660 2773; x_wconf 89' lang='lat' dir='ltr'><strong>tesque</strong></span> <span class='ocrx_word' id='word_1_323' title='bbox 711 2700 974 2756; x_wconf 90' lang='lat' dir='ltr'><strong>lectiones</strong></span> <span class='ocrx_word' id='word_1_324' title='bbox 1015 2697 1345 2768; x_wconf 88' lang='lat' dir='ltr'><strong>insigniores</strong></span> <span class='ocrx_word' id='word_1_325' title='bbox 1387 2695 1438 2750; x_wconf 93' lang='lat' dir='ltr'><strong>in</strong></span> <span class='ocrx_word' id='word_1_326' title='bbox 1471 2690 2074 2749; x_wconf 17' lang='lat' dir='ltr'><strong>adnotationibusvcui-</strong></span> 
     </span>
    </p>
   </div>
   <div class='ocr_carea' id='block_1_42' title="bbox 466 2784 2072 2863">
    <p class='ocr_par' dir='ltr' id='par_1_42' title="bbox 466 2784 2072 2863">
     <span class='ocr_line' id='line_1_42' title="bbox 466 2784 2072 2863; baseline -0.008 -14"><span class='ocrx_word' id='word_1_327' title='bbox 466 2809 572 2863; x_wconf 90' lang='lat' dir='ltr'><strong>que</strong></span> <span class='ocrx_word' id='word_1_328' title='bbox 616 2792 868 2848; x_wconf 90' lang='lat' dir='ltr'><strong>tractatui</strong></span> <span class='ocrx_word' id='word_1_329' title='bbox 912 2791 1171 2860; x_wconf 90' lang='lat' dir='ltr'><strong>subjectis</strong></span> <span class='ocrx_word' id='word_1_330' title='bbox 1218 2785 1632 2851; x_wconf 84' lang='lat' dir='ltr'><strong>describendas,</strong></span> <span class='ocrx_word' id='word_1_331' title='bbox 1689 2799 1755 2840; x_wconf 82' lang='lat' dir='ltr'><strong>ex</strong></span> <span class='ocrx_word' id='word_1_332' title='bbox 1812 2784 2072 2838; x_wconf 85' lang='lat' dir='ltr'><strong>disserta-</strong></span> 
     </span>
    </p>
   </div>
   <div class='ocr_carea' id='block_1_43' title="bbox 467 2873 2074 2952">
    <p class='ocr_par' dir='ltr' id='par_1_43' title="bbox 467 2873 2074 2952">
     <span class='ocr_line' id='line_1_43' title="bbox 467 2873 2074 2952; baseline -0.007 -13"><span class='ocrx_word' id='word_1_333' title='bbox 467 2883 709 2940; x_wconf 92' lang='lat' dir='ltr'><strong>tionibus</strong></span> <span class='ocrx_word' id='word_1_334' title='bbox 737 2892 902 2952; x_wconf 90' lang='lat' dir='ltr'><strong>atque</strong></span> <span class='ocrx_word' id='word_1_335' title='bbox 931 2877 1375 2934; x_wconf 81' lang='lat' dir='ltr'><strong>aantationibus</strong></span> <span class='ocrx_word' id='word_1_336' title='bbox 1417 2877 1550 2946; x_wconf 86' lang='lat' dir='ltr'><strong>ipsis</strong></span> <span class='ocrx_word' id='word_1_337' title='bbox 1588 2875 1812 2946; x_wconf 89' lang='lat' dir='ltr'><strong>patebit.</strong></span> <span class='ocrx_word' id='word_1_338' title='bbox 1842 2873 1994 2929; x_wconf 90' lang='lat' dir='ltr'><strong>Nunc</strong></span> <span class='ocrx_word' id='word_1_339' title='bbox 2015 2883 2074 2928; x_wconf 89' lang='lat' dir='ltr'><strong>ttt</strong></span> 
     </span>
    </p>
   </div>
   <div class='ocr_carea' id='block_1_44' title="bbox 465 2967 2074 3042">
    <p class='ocr_par' dir='ltr' id='par_1_44' title="bbox 465 2967 2074 3042">
     <span class='ocr_line' id='line_1_44' title="bbox 465 2967 2074 3042; baseline -0.007 -9"><span class='ocrx_word' id='word_1_340' title='bbox 465 2977 536 3033; x_wconf 90' lang='lat' dir='ltr'><strong>de</strong></span> <span class='ocrx_word' id='word_1_341' title='bbox 569 2977 733 3031; x_wconf 90' lang='lat' dir='ltr'><strong>totius</strong></span> <span class='ocrx_word' id='word_1_342' title='bbox 784 2972 1043 3036; x_wconf 85' lang='lat' dir='ltr'><strong>editionis</strong></span> <span class='ocrx_word' id='word_1_343' title='bbox 1071 2971 1360 3042; x_wconf 90' lang='lat' dir='ltr'><strong>partitione</strong></span> <span class='ocrx_word' id='word_1_344' title='bbox 1403 2984 1466 3024; x_wconf 87' lang='lat' dir='ltr'><strong>ac</strong></span> <span class='ocrx_word' id='word_1_345' title='bbox 1510 2968 1704 3024; x_wconf 89' lang='lat' dir='ltr'><strong>ordine</strong></span> <span class='ocrx_word' id='word_1_346' title='bbox 1743 2967 1921 3038; x_wconf 88' lang='lat' dir='ltr'><strong>deque</strong></span> <span class='ocrx_word' id='word_1_347' title='bbox 1951 2967 2074 3022; x_wconf 91' lang='lat' dir='ltr'><strong>aliis</strong></span> 
     </span>
    </p>
   </div>
   <div class='ocr_carea' id='block_1_45' title="bbox 466 3059 2070 3140">
    <p class='ocr_par' dir='ltr' id='par_1_45' title="bbox 466 3059 2070 3140">
     <span class='ocr_line' id='line_1_45' title="bbox 466 3059 2070 3140; baseline -0.007 -16"><span class='ocrx_word' id='word_1_348' title='bbox 466 3084 568 3140; x_wconf 91' lang='lat' dir='ltr'><strong>per</strong></span> <span class='ocrx_word' id='word_1_349' title='bbox 591 3082 692 3123; x_wconf 92' lang='lat' dir='ltr'><strong>nos</strong></span> <span class='ocrx_word' id='word_1_350' title='bbox 724 3066 980 3135; x_wconf 78' lang='lat' dir='ltr'><strong>praestitis</strong></span> <span class='ocrx_word' id='word_1_351' title='bbox 1011 3065 1285 3130; x_wconf 87' lang='lat' dir='ltr'><strong>dicamus,</strong></span> <span class='ocrx_word' id='word_1_352' title='bbox 1313 3062 1358 3116; x_wconf 94' lang='lat' dir='ltr'><strong>si</strong></span> <span class='ocrx_word' id='word_1_353' title='bbox 1386 3061 1564 3132; x_wconf 90' lang='lat' dir='ltr'><strong>primo</strong></span> <span class='ocrx_word' id='word_1_354' title='bbox 1594 3074 1771 3130; x_wconf 92' lang='lat' dir='ltr'><strong>neque</strong></span> <span class='ocrx_word' id='word_1_355' title='bbox 1798 3059 2070 3126; x_wconf 86' lang='lat' dir='ltr'><strong>codicum,</strong></span> 
     </span>
    </p>
   </div>
   <div class='ocr_carea' id='block_1_46' title="bbox 2161 1854 3769 1925">
    <p class='ocr_par' dir='ltr' id='par_1_46' title="bbox 2161 1854 3769 1925">
     <span class='ocr_line' id='line_1_46' title="bbox 2161 1854 3769 1925; baseline -0.002 -16"><span class='ocrx_word' id='word_1_356' title='bbox 2161 1855 2423 1925; x_wconf 85' lang='lat' dir='ltr'><strong>jicientur</strong></span> <span class='ocrx_word' id='word_1_357' title='bbox 2452 1855 2740 1910; x_wconf 85' lang='lat' dir='ltr'><strong>Paschales</strong></span> <span class='ocrx_word' id='word_1_358' title='bbox 2780 1854 2932 1908; x_wconf 89' lang='lat' dir='ltr'><strong>multi</strong></span> <span class='ocrx_word' id='word_1_359' title='bbox 2981 1865 3036 1909; x_wconf 90' lang='lat' dir='ltr'><strong>et</strong></span> <span class='ocrx_word' id='word_1_360' title='bbox 3078 1854 3271 1909; x_wconf 89' lang='lat' dir='ltr'><strong>breves</strong></span> <span class='ocrx_word' id='word_1_361' title='bbox 3303 1862 3562 1908; x_wconf 88' lang='lat' dir='ltr'><strong>tractatus</strong></span> <span class='ocrx_word' id='word_1_362' title='bbox 3585 1896 3598 1918; x_wconf 94' lang='lat'><strong>,</strong></span> <span class='ocrx_word' id='word_1_363' title='bbox 3631 1867 3769 1924; x_wconf 86' lang='lat' dir='ltr'><strong>quos</strong></span> 
     </span>
    </p>
   </div>
   <div class='ocr_carea' id='block_1_47' title="bbox 2168 1931 3768 2021">
    <p class='ocr_par' dir='ltr' id='par_1_47' title="bbox 2168 1931 3768 2021">
     <span class='ocr_line' id='line_1_47' title="bbox 2168 1931 3768 2021; baseline -0.001 -18"><span class='ocrx_word' id='word_1_364' title='bbox 2168 1949 2440 2021; x_wconf 71' lang='lat' dir='ltr'><strong>praecipua</strong></span> <span class='ocrx_word' id='word_1_365' title='bbox 2472 1946 2844 2002; x_wconf 82' lang='lat' dir='ltr'><strong>admoaitione</strong></span> <span class='ocrx_word' id='word_1_366' title='bbox 2874 1931 3098 2002; x_wconf 84' lang='lat' dir='ltr'><strong>omnino</strong></span> <span class='ocrx_word' id='word_1_367' title='bbox 3147 1947 3371 2018; x_wconf 88' lang='lat' dir='ltr'><strong>legenda</strong></span> <span class='ocrx_word' id='word_1_368' title='bbox 3402 1946 3768 2016; x_wconf 83' lang='lat' dir='ltr'><strong>praemunien-</strong></span> 
     </span>
    </p>
   </div>
   <div class='ocr_carea' id='block_1_48' title="bbox 2167 2039 3769 2111">
    <p class='ocr_par' dir='ltr' id='par_1_48' title="bbox 2167 2039 3769 2111">
     <span class='ocr_line' id='line_1_48' title="bbox 2167 2039 3769 2111; baseline -0.004 -11"><span class='ocrx_word' id='word_1_369' title='bbox 2167 2045 2267 2100; x_wconf 90' lang='lat' dir='ltr'><strong>dos</strong></span> <span class='ocrx_word' id='word_1_370' title='bbox 2315 2041 2646 2096; x_wconf 82' lang='lat' dir='ltr'><strong>censuimus.</strong></span> <span class='ocrx_word' id='word_1_371' title='bbox 2698 2040 2774 2095; x_wconf 89' lang='lat' dir='ltr'><strong>Ne</strong></span> <span class='ocrx_word' id='word_1_372' title='bbox 2821 2041 2942 2111; x_wconf 89' lang='lat' dir='ltr'><strong>quis</strong></span> <span class='ocrx_word' id='word_1_373' title='bbox 2970 2056 3099 2096; x_wconf 87' lang='lat' dir='ltr'><strong>vero</strong></span> <span class='ocrx_word' id='word_1_374' title='bbox 3127 2040 3371 2096; x_wconf 90' lang='lat' dir='ltr'><strong>codicum</strong></span> <span class='ocrx_word' id='word_1_375' title='bbox 3415 2051 3469 2095; x_wconf 90' lang='lat' dir='ltr'><strong>et</strong></span> <span class='ocrx_word' id='word_1_376' title='bbox 3515 2039 3769 2096; x_wconf 86' lang='lat' dir='ltr'><strong>editionis</strong></span> 
     </span>
    </p>
   </div>
   <div class='ocr_carea' id='block_1_49' title="bbox 2173 2132 3766 2206">
    <p class='ocr_par' dir='ltr' id='par_1_49' title="bbox 2173 2132 3766 2206">
     <span class='ocr_line' id='line_1_49' title="bbox 2173 2132 3766 2206; baseline 0 -18"><span class='ocrx_word' id='word_1_377' title='bbox 2173 2135 2522 2201; x_wconf 81' lang='lat' dir='ltr'><strong>Veronensis,</strong></span> <span class='ocrx_word' id='word_1_378' title='bbox 2554 2151 2673 2206; x_wconf 75' lang='lat' dir='ltr'><strong>quae</strong></span> <span class='ocrx_word' id='word_1_379' title='bbox 2701 2133 2860 2205; x_wconf 87' lang='lat' dir='ltr'><strong>vulgo</strong></span> <span class='ocrx_word' id='word_1_380' title='bbox 2887 2135 3174 2204; x_wconf 86' lang='lat' dir='ltr'><strong>allegatur,</strong></span> <span class='ocrx_word' id='word_1_381' title='bbox 3200 2132 3444 2189; x_wconf 89' lang='lat' dir='ltr'><strong>ordinem</strong></span> <span class='ocrx_word' id='word_1_382' title='bbox 3473 2134 3766 2199; x_wconf 88' lang='lat' dir='ltr'><strong>desideret,</strong></span> 
     </span>
    </p>
   </div>
   <div class='ocr_carea' id='block_1_50' title="bbox 2169 2227 3770 2299">
    <p class='ocr_par' dir='ltr' id='par_1_50' title="bbox 2169 2227 3770 2299">
     <span class='ocr_line' id='line_1_50' title="bbox 2169 2227 3770 2299; baseline -0.001 -14"><span class='ocrx_word' id='word_1_383' title='bbox 2169 2239 2464 2299; x_wconf 90' lang='lat' dir='ltr'><strong>utrumque</strong></span> <span class='ocrx_word' id='word_1_384' title='bbox 2490 2243 2611 2283; x_wconf 91' lang='lat' dir='ltr'><strong>cum</strong></span> <span class='ocrx_word' id='word_1_385' title='bbox 2643 2244 2783 2284; x_wconf 92' lang='lat' dir='ltr'><strong>novo</strong></span> <span class='ocrx_word' id='word_1_386' title='bbox 2822 2228 3082 2284; x_wconf 90' lang='lat' dir='ltr'><strong>collatum</strong></span> <span class='ocrx_word' id='word_1_387' title='bbox 3111 2227 3383 2284; x_wconf 88' lang='lat' dir='ltr'><strong>distinctis</strong></span> <span class='ocrx_word' id='word_1_388' title='bbox 3423 2228 3618 2284; x_wconf 84' lang='lat' dir='ltr'><strong>tabulis</strong></span> <span class='ocrx_word' id='word_1_389' title='bbox 3643 2236 3770 2283; x_wconf 89' lang='lat' dir='ltr'><strong>ante</strong></span> 
     </span>
    </p>
   </div>
   <div class='ocr_carea' id='block_1_51' title="bbox 2172 2323 2926 2396">
    <p class='ocr_par' dir='ltr' id='par_1_51' title="bbox 2172 2323 2926 2396">
     <span class='ocr_line' id='line_1_51' title="bbox 2172 2323 2926 2396; baseline -0.004 -16"><span class='ocrx_word' id='word_1_390' title='bbox 2172 2325 2319 2396; x_wconf 90' lang='lat' dir='ltr'><strong>ipsos</strong></span> <span class='ocrx_word' id='word_1_391' title='bbox 2348 2338 2633 2380; x_wconf 88' lang='lat' dir='ltr'><strong>sermones</strong></span> <span class='ocrx_word' id='word_1_392' title='bbox 2655 2323 2926 2379; x_wconf 88' lang='lat' dir='ltr'><strong>dabimus.</strong></span> 
     </span>
    </p>
   </div>
   <div class='ocr_carea' id='block_1_52' title="bbox 2245 2415 3773 2484">
    <p class='ocr_par' dir='ltr' id='par_1_52' title="bbox 2245 2415 3773 2484">
     <span class='ocr_line' id='line_1_52' title="bbox 2245 2415 3773 2484; baseline -0.001 -14"><span class='ocrx_word' id='word_1_393' title='bbox 2245 2415 2388 2472; x_wconf 81' lang='lat' dir='ltr'><strong>XVI.</strong></span> <span class='ocrx_word' id='word_1_394' title='bbox 2433 2417 2577 2471; x_wconf 90' lang='lat' dir='ltr'><strong>Duos</strong></span> <span class='ocrx_word' id='word_1_395' title='bbox 2624 2415 2790 2472; x_wconf 87' lang='lat' dir='ltr'><strong>hosce</strong></span> <span class='ocrx_word' id='word_1_396' title='bbox 2840 2416 3034 2484; x_wconf 90' lang='lat' dir='ltr'><strong>libros,</strong></span> <span class='ocrx_word' id='word_1_397' title='bbox 3090 2417 3182 2484; x_wconf 93' lang='lat' dir='ltr'><strong>qui</strong></span> <span class='ocrx_word' id='word_1_398' title='bbox 3239 2417 3483 2472; x_wconf 87' lang='lat' dir='ltr'><strong>sinceros</strong></span> <span class='ocrx_word' id='word_1_399' title='bbox 3536 2415 3773 2471; x_wconf 86' lang='lat' dir='ltr'><strong>Zenonis</strong></span> 
     </span>
    </p>
   </div>
   <div class='ocr_carea' id='block_1_53' title="bbox 2171 2507 3764 2579">
    <p class='ocr_par' dir='ltr' id='par_1_53' title="bbox 2171 2507 3764 2579">
     <span class='ocr_line' id='line_1_53' title="bbox 2171 2507 3764 2579; baseline -0.001 -16"><span class='ocrx_word' id='word_1_400' title='bbox 2171 2516 2434 2564; x_wconf 88' lang='lat' dir='ltr'><strong>tractatus</strong></span> <span class='ocrx_word' id='word_1_401' title='bbox 2465 2510 2767 2575; x_wconf 89' lang='lat' dir='ltr'><strong>continent,</strong></span> <span class='ocrx_word' id='word_1_402' title='bbox 2799 2508 3033 2579; x_wconf 87' lang='lat' dir='ltr'><strong>excipiet</strong></span> <span class='ocrx_word' id='word_1_403' title='bbox 3065 2507 3369 2579; x_wconf 81' lang='lat' dir='ltr'><strong>Appendix,</strong></span> <span class='ocrx_word' id='word_1_404' title='bbox 3401 2509 3452 2563; x_wconf 94' lang='lat' dir='ltr'><strong>in</strong></span> <span class='ocrx_word' id='word_1_405' title='bbox 3475 2523 3637 2578; x_wconf 90' lang='lat' dir='ltr'><strong>quam</strong></span> <span class='ocrx_word' id='word_1_406' title='bbox 3664 2523 3764 2562; x_wconf 81' lang='lat' dir='ltr'><strong>uu-</strong></span> 
     </span>
    </p>
   </div>
   <div class='ocr_carea' id='block_1_54' title="bbox 2173 2599 3768 2671">
    <p class='ocr_par' dir='ltr' id='par_1_54' title="bbox 2173 2599 3768 2671">
     <span class='ocr_line' id='line_1_54' title="bbox 2173 2599 3768 2671; baseline -0.001 -16"><span class='ocrx_word' id='word_1_407' title='bbox 2173 2601 2349 2656; x_wconf 83' lang='lat' dir='ltr'><strong>decim</strong></span> <span class='ocrx_word' id='word_1_408' title='bbox 2399 2610 2661 2655; x_wconf 89' lang='lat' dir='ltr'><strong>tractatus</strong></span> <span class='ocrx_word' id='word_1_409' title='bbox 2701 2600 2802 2670; x_wconf 91' lang='lat' dir='ltr'><strong>ipsi</strong></span> <span class='ocrx_word' id='word_1_410' title='bbox 2845 2615 3127 2671; x_wconf 86' lang='lat' dir='ltr'><strong>perperam</strong></span> <span class='ocrx_word' id='word_1_411' title='bbox 3175 2601 3502 2671; x_wconf 89' lang='lat' dir='ltr'><strong>adscriptos,</strong></span> <span class='ocrx_word' id='word_1_412' title='bbox 3549 2615 3613 2655; x_wconf 92' lang='lat' dir='ltr'><strong>ac</strong></span> <span class='ocrx_word' id='word_1_413' title='bbox 3656 2599 3768 2654; x_wconf 90' lang='lat' dir='ltr'><strong>suis</strong></span> 
     </span>
    </p>
   </div>
   <div class='ocr_carea' id='block_1_55' title="bbox 2174 2691 3777 2764">
    <p class='ocr_par' dir='ltr' id='par_1_55' title="bbox 2174 2691 3777 2764">
     <span class='ocr_line' id='line_1_55' title="bbox 2174 2691 3777 2764; baseline 0.002 -19"><span class='ocrx_word' id='word_1_414' title='bbox 2174 2693 2490 2746; x_wconf 90' lang='lat' dir='ltr'><strong>auctoribus</strong></span> <span class='ocrx_word' id='word_1_415' title='bbox 2519 2691 2802 2748; x_wconf 89' lang='lat' dir='ltr'><strong>restitutos</strong></span> <span class='ocrx_word' id='word_1_416' title='bbox 2827 2735 2841 2758; x_wconf 96' lang='lat'><strong>,</strong></span> <span class='ocrx_word' id='word_1_417' title='bbox 2890 2707 3030 2763; x_wconf 91' lang='lat' dir='ltr'><strong>quos</strong></span> <span class='ocrx_word' id='word_1_418' title='bbox 3057 2708 3126 2747; x_wconf 82' lang='lat' dir='ltr'><strong>ex</strong></span> <span class='ocrx_word' id='word_1_419' title='bbox 3163 2693 3419 2764; x_wconf 80' lang='lat' dir='ltr'><strong>peculiari</strong></span> <span class='ocrx_word' id='word_1_420' title='bbox 3463 2693 3777 2764; x_wconf 80' lang='lat' dir='ltr'><strong>praefatione</strong></span> 
     </span>
    </p>
   </div>
   <div class='ocr_carea' id='block_1_56' title="bbox 2175 2783 3767 2854">
    <p class='ocr_par' dir='ltr' id='par_1_56' title="bbox 2175 2783 3767 2854">
     <span class='ocr_line' id='line_1_56' title="bbox 2175 2783 3767 2854; baseline 0.001 -16"><span class='ocrx_word' id='word_1_421' title='bbox 2175 2797 2498 2854; x_wconf 85' lang='lat' dir='ltr'><strong>cognosces,</strong></span> <span class='ocrx_word' id='word_1_422' title='bbox 2529 2783 2837 2853; x_wconf 85' lang='lat' dir='ltr'><strong>rejeeimus.</strong></span> <span class='ocrx_word' id='word_1_423' title='bbox 2867 2784 3200 2838; x_wconf 79' lang='lat' dir='ltr'><strong>Tractatuum</strong></span> <span class='ocrx_word' id='word_1_424' title='bbox 3240 2785 3419 2854; x_wconf 92' lang='lat' dir='ltr'><strong>potius</strong></span> <span class='ocrx_word' id='word_1_425' title='bbox 3458 2798 3618 2854; x_wconf 89' lang='lat' dir='ltr'><strong>quam</strong></span> <span class='ocrx_word' id='word_1_426' title='bbox 3652 2799 3767 2839; x_wconf 88' lang='lat' dir='ltr'><strong>ser-</strong></span> 
     </span>
    </p>
   </div>
   <div class='ocr_carea' id='block_1_57' title="bbox 2177 2875 3777 2944">
    <p class='ocr_par' dir='ltr' id='par_1_57' title="bbox 2177 2875 3777 2944">
     <span class='ocr_line' id='line_1_57' title="bbox 2177 2875 3777 2944; baseline -0.001 -15"><span class='ocrx_word' id='word_1_427' title='bbox 2177 2888 2423 2941; x_wconf 93' lang='lat' dir='ltr'><strong>monum,</strong></span> <span class='ocrx_word' id='word_1_428' title='bbox 2457 2885 2514 2929; x_wconf 89' lang='lat' dir='ltr'><strong>ut</strong></span> <span class='ocrx_word' id='word_1_429' title='bbox 2553 2885 2672 2929; x_wconf 88' lang='lat' dir='ltr'><strong>erat</strong></span> <span class='ocrx_word' id='word_1_430' title='bbox 2700 2875 2752 2928; x_wconf 95' lang='lat' dir='ltr'><strong>in</strong></span> <span class='ocrx_word' id='word_1_431' title='bbox 2785 2884 2943 2930; x_wconf 84' lang='lat' dir='ltr'><strong>antea</strong></span> <span class='ocrx_word' id='word_1_432' title='bbox 2973 2875 3168 2940; x_wconf 90' lang='lat' dir='ltr'><strong>editis,</strong></span> <span class='ocrx_word' id='word_1_433' title='bbox 3198 2890 3395 2929; x_wconf 90' lang='lat' dir='ltr'><strong>nomen</strong></span> <span class='ocrx_word' id='word_1_434' title='bbox 3420 2875 3551 2944; x_wconf 91' lang='lat' dir='ltr'><strong>ipsis</strong></span> <span class='ocrx_word' id='word_1_435' title='bbox 3575 2889 3777 2928; x_wconf 88' lang='lat' dir='ltr'><strong>sermo-</strong></span> 
     </span>
    </p>
   </div>
   <div class='ocr_carea' id='block_1_58' title="bbox 2178 2971 3780 3044">
    <p class='ocr_par' dir='ltr' id='par_1_58' title="bbox 2178 2971 3780 3044">
     <span class='ocr_line' id='line_1_58' title="bbox 2178 2971 3780 3044; baseline -0.004 -16"><span class='ocrx_word' id='word_1_436' title='bbox 2178 2973 2339 3028; x_wconf 90' lang='lat' dir='ltr'><strong>nibus</strong></span> <span class='ocrx_word' id='word_1_437' title='bbox 2362 2972 2812 3044; x_wconf 61' lang='lat' dir='ltr'><strong>praeseripsimus,</strong></span> <span class='ocrx_word' id='word_1_438' title='bbox 2839 2986 2962 3026; x_wconf 92' lang='lat' dir='ltr'><strong>cum</strong></span> <span class='ocrx_word' id='word_1_439' title='bbox 2995 2987 3114 3026; x_wconf 90' lang='lat' dir='ltr'><strong>eam</strong></span> <span class='ocrx_word' id='word_1_440' title='bbox 3149 2971 3558 3042; x_wconf 89' lang='lat' dir='ltr'><strong>inscriptionem</strong></span> <span class='ocrx_word' id='word_1_441' title='bbox 3590 2983 3780 3040; x_wconf 84' lang='lat' dir='ltr'><strong>omnes</strong></span> 
     </span>
    </p>
   </div>
   <div class='ocr_carea' id='block_1_59' title="bbox 2178 3063 3784 3134">
    <p class='ocr_par' dir='ltr' id='par_1_59' title="bbox 2178 3063 3784 3134">
     <span class='ocr_line' id='line_1_59' title="bbox 2178 3063 3784 3134; baseline -0.004 -13"><span class='ocrx_word' id='word_1_442' title='bbox 2178 3067 2396 3121; x_wconf 88' lang='lat' dir='ltr'><strong>codices</strong></span> <span class='ocrx_word' id='word_1_443' title='bbox 2436 3074 2752 3121; x_wconf 84' lang='lat' dir='ltr'><strong>constanter</strong></span> <span class='ocrx_word' id='word_1_444' title='bbox 2781 3064 3090 3134; x_wconf 82' lang='lat' dir='ltr'><strong>praeferant,</strong></span> <span class='ocrx_word' id='word_1_445' title='bbox 3120 3079 3291 3134; x_wconf 92' lang='lat' dir='ltr'><strong>caque</strong></span> <span class='ocrx_word' id='word_1_446' title='bbox 3316 3063 3608 3134; x_wconf 85' lang='lat' dir='ltr'><strong>appellatio</strong></span> <span class='ocrx_word' id='word_1_447' title='bbox 3643 3063 3784 3118; x_wconf 88' lang='lat' dir='ltr'><strong>anti-</strong></span> 
     </span>
    </p>
   </div>
   <div class='ocr_carea' id='block_1_60' title="bbox 470 3152 3780 3232">
    <p class='ocr_par' dir='ltr' id='par_1_60' title="bbox 470 3152 3780 3232">
     <span class='ocr_line' id='line_1_60' title="bbox 470 3152 3780 3232; baseline -0.003 -13"><span class='ocrx_word' id='word_1_448' title='bbox 470 3175 648 3232; x_wconf 86' lang='lat' dir='ltr'><strong>neque</strong></span> <span class='ocrx_word' id='word_1_449' title='bbox 688 3158 960 3213; x_wconf 75' lang='lat' dir='ltr'><strong>editorum</strong></span> <span class='ocrx_word' id='word_1_450' title='bbox 1007 3156 1329 3212; x_wconf 79' lang='lat' dir='ltr'><strong>diViSionem</strong></span> <span class='ocrx_word' id='word_1_451' title='bbox 1357 3169 1421 3210; x_wconf 72' lang='lat' dir='ltr'><strong>ac</strong></span> <span class='ocrx_word' id='word_1_452' title='bbox 1470 3153 1717 3209; x_wconf 63' lang='lat' dir='ltr'><strong>ordinem</strong></span> <span class='ocrx_word' id='word_1_453' title='bbox 1763 3152 1933 3208; x_wconf 74' lang='lat' dir='ltr'><strong>SeCUli</strong></span> <span class='ocrx_word' id='word_1_454' title='bbox 1982 3167 2073 3207; x_wconf 58' lang='grc' dir='ltr'><strong>Βιι*</strong></span> <span class='ocrx_word' id='word_1_455' title='bbox 2102 3153 2147 3216; x_wconf 91' lang='lat' dir='ltr'><strong>C</strong></span> <span class='ocrx_word' id='word_1_456' title='bbox 2179 3175 2300 3230; x_wconf 83' lang='lat' dir='ltr'><strong>quae</strong></span> <span class='ocrx_word' id='word_1_457' title='bbox 2337 3157 2722 3214; x_wconf 75' lang='lat' dir='ltr'><strong>ecclesiasticae</strong></span> <span class='ocrx_word' id='word_1_458' title='bbox 2756 3156 3017 3210; x_wconf 88' lang='lat' dir='ltr'><strong>locutioni</strong></span> <span class='ocrx_word' id='word_1_459' title='bbox 3063 3156 3304 3225; x_wconf 88' lang='lat' dir='ltr'><strong>propria,</strong></span> <span class='ocrx_word' id='word_1_460' title='bbox 3338 3170 3401 3209; x_wconf 86' lang='lat' dir='ltr'><strong>ac</strong></span> <span class='ocrx_word' id='word_1_461' title='bbox 3447 3153 3780 3224; x_wconf 82' lang='lat' dir='ltr'><strong>frequentius</strong></span> 
     </span>
    </p>
   </div>
   <div class='ocr_carea' id='block_1_61' title="bbox 470 3246 2076 3321">
    <p class='ocr_par' dir='ltr' id='par_1_61' title="bbox 470 3246 2076 3321">
     <span class='ocr_line' id='line_1_61' title="bbox 470 3246 2076 3321; baseline -0.006 -12"><span class='ocrx_word' id='word_1_462' title='bbox 470 3269 615 3321; x_wconf 86' lang='lat' dir='ltr'><strong>mus,</strong></span> <span class='ocrx_word' id='word_1_463' title='bbox 646 3266 809 3308; x_wconf 89' lang='lat' dir='ltr'><strong>nemo</strong></span> <span class='ocrx_word' id='word_1_464' title='bbox 839 3259 1176 3306; x_wconf 88' lang='lat' dir='ltr'><strong>succenseat.</strong></span> <span class='ocrx_word' id='word_1_465' title='bbox 1217 3248 1502 3303; x_wconf 85' lang='lat' dir='ltr'><strong>Editorum</strong></span> <span class='ocrx_word' id='word_1_466' title='bbox 1551 3246 1988 3301; x_wconf 85' lang='lat' dir='ltr'><strong>distributionem</strong></span> <span class='ocrx_word' id='word_1_467' title='bbox 2021 3253 2076 3299; x_wconf 89' lang='lat' dir='ltr'><strong>et</strong></span> 
     </span>
    </p>
   </div>
   <div class='ocr_carea' id='block_1_62' title="bbox 472 3339 2075 3410">
    <p class='ocr_par' dir='ltr' id='par_1_62' title="bbox 472 3339 2075 3410">
     <span class='ocr_line' id='line_1_62' title="bbox 472 3339 2075 3410; baseline -0.006 -11"><span class='ocrx_word' id='word_1_468' title='bbox 472 3344 720 3401; x_wconf 90' lang='lat' dir='ltr'><strong>ordinem</strong></span> <span class='ocrx_word' id='word_1_469' title='bbox 765 3342 814 3396; x_wconf 89' lang='lat' dir='ltr'><strong>si</strong></span> <span class='ocrx_word' id='word_1_470' title='bbox 857 3356 1104 3397; x_wconf 87' lang='lat' dir='ltr'><strong>essemus</strong></span> <span class='ocrx_word' id='word_1_471' title='bbox 1129 3341 1297 3396; x_wconf 90' lang='lat' dir='ltr'><strong>secuti</strong></span> <span class='ocrx_word' id='word_1_472' title='bbox 1324 3382 1338 3405; x_wconf 95' lang='lat'><strong>,</strong></span> <span class='ocrx_word' id='word_1_473' title='bbox 1387 3339 1570 3410; x_wconf 91' lang='lat' dir='ltr'><strong>spuria</strong></span> <span class='ocrx_word' id='word_1_474' title='bbox 1598 3339 1846 3409; x_wconf 80' lang='lat' dir='ltr'><strong>genuinis</strong></span> <span class='ocrx_word' id='word_1_475' title='bbox 1873 3339 2075 3392; x_wconf 90' lang='lat' dir='ltr'><strong>inserta</strong></span> 
     </span>
    </p>
   </div>
   <div class='ocr_carea' id='block_1_63' title="bbox 472 3430 2078 3504">
    <p class='ocr_par' dir='ltr' id='par_1_63' title="bbox 472 3430 2078 3504">
     <span class='ocr_line' id='line_1_63' title="bbox 472 3430 2078 3504; baseline -0.004 -12"><span class='ocrx_word' id='word_1_476' title='bbox 472 3434 683 3492; x_wconf 88' lang='lat' dir='ltr'><strong>edenda</strong></span> <span class='ocrx_word' id='word_1_477' title='bbox 732 3433 976 3500; x_wconf 87' lang='lat' dir='ltr'><strong>fuerant;</strong></span> <span class='ocrx_word' id='word_1_478' title='bbox 1025 3433 1238 3503; x_wconf 87' lang='lat' dir='ltr'><strong>illisque</strong></span> <span class='ocrx_word' id='word_1_479' title='bbox 1289 3432 1580 3504; x_wconf 84' lang='lat' dir='ltr'><strong>separatis,</strong></span> <span class='ocrx_word' id='word_1_480' title='bbox 1632 3431 1811 3486; x_wconf 91' lang='lat' dir='ltr'><strong>minus</strong></span> <span class='ocrx_word' id='word_1_481' title='bbox 1854 3430 2078 3501; x_wconf 85' lang='lat' dir='ltr'><strong>aequalis</strong></span> 
     </span>
    </p>
   </div>
   <div class='ocr_carea' id='block_1_64' title="bbox 471 3521 2075 3594">
    <p class='ocr_par' dir='ltr' id='par_1_64' title="bbox 471 3521 2075 3594">
     <span class='ocr_line' id='line_1_64' title="bbox 471 3521 2075 3594; baseline -0.004 -10"><span class='ocrx_word' id='word_1_482' title='bbox 471 3521 740 3584; x_wconf 86' lang='lat' dir='ltr'><strong>librorum</strong></span> <span class='ocrx_word' id='word_1_483' title='bbox 793 3526 968 3582; x_wconf 91' lang='lat' dir='ltr'><strong>moles</strong></span> <span class='ocrx_word' id='word_1_484' title='bbox 1019 3532 1138 3581; x_wconf 86' lang='lat' dir='ltr'><strong>erat</strong></span> <span class='ocrx_word' id='word_1_485' title='bbox 1186 3526 1362 3579; x_wconf 89' lang='lat' dir='ltr'><strong>futura</strong></span> <span class='ocrx_word' id='word_1_486' title='bbox 1403 3543 1416 3579; x_wconf 89' lang='lat'><strong>:</strong></span> <span class='ocrx_word' id='word_1_487' title='bbox 1459 3539 1522 3579; x_wconf 91' lang='lat' dir='ltr'><strong>ac</strong></span> <span class='ocrx_word' id='word_1_488' title='bbox 1570 3533 1832 3594; x_wconf 84' lang='lat' dir='ltr'><strong>praeterea</strong></span> <span class='ocrx_word' id='word_1_489' title='bbox 1875 3531 2075 3578; x_wconf 84' lang='lat' dir='ltr'><strong>tracta-</strong></span> 
     </span>
    </p>
   </div>
   <div class='ocr_carea' id='block_1_65' title="bbox 473 3616 2075 3690">
    <p class='ocr_par' dir='ltr' id='par_1_65' title="bbox 473 3616 2075 3690">
     <span class='ocr_line' id='line_1_65' title="bbox 473 3616 2075 3690; baseline -0.003 -13"><span class='ocrx_word' id='word_1_490' title='bbox 473 3631 624 3678; x_wconf 88' lang='lat' dir='ltr'><strong>tuum</strong></span> <span class='ocrx_word' id='word_1_491' title='bbox 677 3619 1060 3690; x_wconf 90' lang='lat' dir='ltr'><strong>inscriptiones</strong></span> <span class='ocrx_word' id='word_1_492' title='bbox 1086 3659 1100 3684; x_wconf 93' lang='lat'><strong>,</strong></span> <span class='ocrx_word' id='word_1_493' title='bbox 1131 3634 1254 3689; x_wconf 68' lang='lat' dir='ltr'><strong>qua:</strong></span> <span class='ocrx_word' id='word_1_494' title='bbox 1282 3618 1337 3672; x_wconf 92' lang='lat' dir='ltr'><strong>in</strong></span> <span class='ocrx_word' id='word_1_495' title='bbox 1365 3617 1528 3674; x_wconf 90' lang='lat' dir='ltr'><strong>editis</strong></span> <span class='ocrx_word' id='word_1_496' title='bbox 1568 3627 1788 3672; x_wconf 78' lang='lat' dir='ltr'><strong>mutatae</strong></span> <span class='ocrx_word' id='word_1_497' title='bbox 1825 3616 2075 3684; x_wconf 89' lang='lat' dir='ltr'><strong>fuerant,</strong></span> 
     </span>
    </p>
   </div>
   <div class='ocr_carea' id='block_1_66' title="bbox 473 3712 2077 3783">
    <p class='ocr_par' dir='ltr' id='par_1_66' title="bbox 473 3712 2077 3783">
     <span class='ocr_line' id='line_1_66' title="bbox 473 3712 2077 3783; baseline -0.004 -10"><span class='ocrx_word' id='word_1_498' title='bbox 473 3727 680 3773; x_wconf 79' lang='lat' dir='ltr'><strong>exactae</strong></span> <span class='ocrx_word' id='word_1_499' title='bbox 721 3713 788 3769; x_wconf 90' lang='lat' dir='ltr'><strong>ad</strong></span> <span class='ocrx_word' id='word_1_500' title='bbox 819 3713 1065 3769; x_wconf 90' lang='lat' dir='ltr'><strong>codicum</strong></span> <span class='ocrx_word' id='word_1_501' title='bbox 1097 3712 1281 3780; x_wconf 85' lang='lat' dir='ltr'><strong>fidem,</strong></span> <span class='ocrx_word' id='word_1_502' title='bbox 1307 3713 1469 3768; x_wconf 89' lang='lat' dir='ltr'><strong>alium</strong></span> <span class='ocrx_word' id='word_1_503' title='bbox 1501 3727 1610 3766; x_wconf 92' lang='lat' dir='ltr'><strong>non</strong></span> <span class='ocrx_word' id='word_1_504' title='bbox 1633 3727 1923 3782; x_wconf 88' lang='lat' dir='ltr'><strong>numquam</strong></span> <span class='ocrx_word' id='word_1_505' title='bbox 1951 3726 2077 3783; x_wconf 85' lang='lat' dir='ltr'><strong>pos-</strong></span> 
     </span>
    </p>
   </div>
   <div class='ocr_carea' id='block_1_67' title="bbox 478 3808 2077 3873">
    <p class='ocr_par' dir='ltr' id='par_1_67' title="bbox 478 3808 2077 3873">
     <span class='ocr_line' id='line_1_67' title="bbox 478 3808 2077 3873; baseline -0.003 -6"><span class='ocrx_word' id='word_1_506' title='bbox 478 3813 652 3867; x_wconf 90' lang='lat' dir='ltr'><strong>tulare</strong></span> <span class='ocrx_word' id='word_1_507' title='bbox 700 3809 946 3865; x_wconf 91' lang='lat' dir='ltr'><strong>ordinem</strong></span> <span class='ocrx_word' id='word_1_508' title='bbox 997 3808 1342 3864; x_wconf 88' lang='lat' dir='ltr'><strong>videbantur.</strong></span> <span class='ocrx_word' id='word_1_509' title='bbox 1387 3808 1646 3863; x_wconf 86' lang='lat' dir='ltr'><strong>Codicum</strong></span> <span class='ocrx_word' id='word_1_510' title='bbox 1684 3823 1816 3863; x_wconf 87' lang='lat' dir='ltr'><strong>vero</strong></span> <span class='ocrx_word' id='word_1_511' title='bbox 1854 3809 2077 3873; x_wconf 90' lang='lat' dir='ltr'><strong>seriem,</strong></span> 
     </span>
    </p>
   </div>
   <div class='ocr_carea' id='block_1_68' title="bbox 477 3902 2082 3978">
    <p class='ocr_par' dir='ltr' id='par_1_68' title="bbox 477 3902 2082 3978">
     <span class='ocr_line' id='line_1_68' title="bbox 477 3902 2082 3978; baseline -0.004 -17"><span class='ocrx_word' id='word_1_512' title='bbox 477 3921 599 3978; x_wconf 82' lang='lat' dir='ltr'><strong>quae</strong></span> <span class='ocrx_word' id='word_1_513' title='bbox 635 3905 689 3960; x_wconf 92' lang='lat' dir='ltr'><strong>in</strong></span> <span class='ocrx_word' id='word_1_514' title='bbox 721 3905 974 3961; x_wconf 91' lang='lat' dir='ltr'><strong>omnibus</strong></span> <span class='ocrx_word' id='word_1_515' title='bbox 1004 3903 1193 3959; x_wconf 91' lang='lat' dir='ltr'><strong>eadem</strong></span> <span class='ocrx_word' id='word_1_516' title='bbox 1238 3914 1342 3966; x_wconf 89' lang='lat' dir='ltr'><strong>est,</strong></span> <span class='ocrx_word' id='word_1_517' title='bbox 1394 3917 1462 3957; x_wconf 92' lang='lat' dir='ltr'><strong>ne</strong></span> <span class='ocrx_word' id='word_1_518' title='bbox 1487 3913 1821 3965; x_wconf 90' lang='lat' dir='ltr'><strong>teneremus,</strong></span> <span class='ocrx_word' id='word_1_519' title='bbox 1851 3917 1911 3957; x_wconf 89' lang='lat' dir='ltr'><strong>ea</strong></span> <span class='ocrx_word' id='word_1_520' title='bbox 1935 3902 2082 3972; x_wconf 86' lang='lat' dir='ltr'><strong>cogi-</strong></span> 
     </span>
    </p>
   </div>
   <div class='ocr_carea' id='block_1_69' title="bbox 479 3993 2082 4065">
    <p class='ocr_par' dir='ltr' id='par_1_69' title="bbox 479 3993 2082 4065">
     <span class='ocr_line' id='line_1_69' title="bbox 479 3993 2082 4065; baseline -0.002 -13"><span class='ocrx_word' id='word_1_521' title='bbox 479 3998 610 4052; x_wconf 91' lang='lat' dir='ltr'><strong>tatio</strong></span> <span class='ocrx_word' id='word_1_522' title='bbox 653 3995 942 4061; x_wconf 89' lang='lat' dir='ltr'><strong>deterruit,</strong></span> <span class='ocrx_word' id='word_1_523' title='bbox 988 3995 1133 4065; x_wconf 89' lang='lat' dir='ltr'><strong>quod</strong></span> <span class='ocrx_word' id='word_1_524' title='bbox 1186 3995 1239 4049; x_wconf 92' lang='lat' dir='ltr'><strong>in</strong></span> <span class='ocrx_word' id='word_1_525' title='bbox 1289 4007 1422 4049; x_wconf 90' lang='lat' dir='ltr'><strong>mss.</strong></span> <span class='ocrx_word' id='word_1_526' title='bbox 1481 4007 1586 4049; x_wconf 84' lang='lat' dir='ltr'><strong>nOn</strong></span> <span class='ocrx_word' id='word_1_527' title='bbox 1628 4001 1835 4048; x_wconf 87' lang='lat' dir='ltr'><strong>tantum</strong></span> <span class='ocrx_word' id='word_1_528' title='bbox 1887 3993 2082 4049; x_wconf 90' lang='lat' dir='ltr'><strong>breves</strong></span> 
     </span>
    </p>
   </div>
   <div class='ocr_carea' id='block_1_70' title="bbox 478 4087 2084 4160">
    <p class='ocr_par' dir='ltr' id='par_1_70' title="bbox 478 4087 2084 4160">
     <span class='ocr_line' id='line_1_70' title="bbox 478 4087 2084 4160; baseline -0.004 -11"><span class='ocrx_word' id='word_1_529' title='bbox 478 4100 740 4149; x_wconf 85' lang='lat' dir='ltr'><strong>tractatus</strong></span> <span class='ocrx_word' id='word_1_530' title='bbox 767 4106 890 4147; x_wconf 91' lang='lat' dir='ltr'><strong>cum</strong></span> <span class='ocrx_word' id='word_1_531' title='bbox 921 4090 1100 4160; x_wconf 85' lang='lat' dir='ltr'><strong>longis</strong></span> <span class='ocrx_word' id='word_1_532' title='bbox 1150 4087 1366 4143; x_wconf 88' lang='lat' dir='ltr'><strong>admisti</strong></span> <span class='ocrx_word' id='word_1_533' title='bbox 1413 4089 1556 4155; x_wconf 90' lang='lat' dir='ltr'><strong>sint,</strong></span> <span class='ocrx_word' id='word_1_534' title='bbox 1590 4091 1732 4156; x_wconf 91' lang='lat' dir='ltr'><strong>quod</strong></span> <span class='ocrx_word' id='word_1_535' title='bbox 1763 4103 1872 4142; x_wconf 91' lang='lat' dir='ltr'><strong>non</strong></span> <span class='ocrx_word' id='word_1_536' title='bbox 1920 4087 2084 4142; x_wconf 83' lang='lat' dir='ltr'><strong>mini-</strong></span> 
     </span>
    </p>
   </div>
   <div class='ocr_carea' id='block_1_71' title="bbox 481 4183 2087 4253">
    <p class='ocr_par' dir='ltr' id='par_1_71' title="bbox 481 4183 2087 4253">
     <span class='ocr_line' id='line_1_71' title="bbox 481 4183 2087 4253; baseline -0.001 -13"><span class='ocrx_word' id='word_1_537' title='bbox 481 4201 632 4240; x_wconf 91' lang='lat' dir='ltr'><strong>mum</strong></span> <span class='ocrx_word' id='word_1_538' title='bbox 660 4185 949 4241; x_wconf 89' lang='lat' dir='ltr'><strong>videbatur</strong></span> <span class='ocrx_word' id='word_1_539' title='bbox 973 4183 1281 4248; x_wconf 72' lang='lat' dir='ltr'><strong>offendere;</strong></span> <span class='ocrx_word' id='word_1_540' title='bbox 1316 4184 1410 4238; x_wconf 92' lang='lat' dir='ltr'><strong>sed</strong></span> <span class='ocrx_word' id='word_1_541' title='bbox 1441 4194 1701 4239; x_wconf 89' lang='lat' dir='ltr'><strong>tractatus</strong></span> <span class='ocrx_word' id='word_1_542' title='bbox 1748 4185 1911 4238; x_wconf 91' lang='lat' dir='ltr'><strong>etiam</strong></span> <span class='ocrx_word' id='word_1_543' title='bbox 1941 4183 2087 4253; x_wconf 80' lang='lat' dir='ltr'><strong>ejus-</strong></span> 
     </span>
    </p>
   </div>
   <div class='ocr_carea' id='block_1_72' title="bbox 480 4276 2088 4349">
    <p class='ocr_par' dir='ltr' id='par_1_72' title="bbox 480 4276 2088 4349">
     <span class='ocr_line' id='line_1_72' title="bbox 480 4276 2088 4349; baseline -0.002 -13"><span class='ocrx_word' id='word_1_544' title='bbox 480 4279 605 4336; x_wconf 89' lang='lat' dir='ltr'><strong>dem</strong></span> <span class='ocrx_word' id='word_1_545' title='bbox 636 4278 780 4334; x_wconf 90' lang='lat' dir='ltr'><strong>tituli</strong></span> <span class='ocrx_word' id='word_1_546' title='bbox 807 4293 870 4334; x_wconf 92' lang='lat' dir='ltr'><strong>ac</strong></span> <span class='ocrx_word' id='word_1_547' title='bbox 896 4279 1240 4349; x_wconf 88' lang='lat' dir='ltr'><strong>argumenti,</strong></span> <span class='ocrx_word' id='word_1_548' title='bbox 1265 4277 1353 4348; x_wconf 91' lang='lat' dir='ltr'><strong>qui</strong></span> <span class='ocrx_word' id='word_1_549' title='bbox 1376 4293 1482 4332; x_wconf 88' lang='lat' dir='ltr'><strong>una</strong></span> <span class='ocrx_word' id='word_1_550' title='bbox 1505 4277 1699 4333; x_wconf 90' lang='lat' dir='ltr'><strong>edendi</strong></span> <span class='ocrx_word' id='word_1_551' title='bbox 1733 4277 1962 4344; x_wconf 89' lang='lat' dir='ltr'><strong>fuerant,</strong></span> <span class='ocrx_word' id='word_1_552' title='bbox 1985 4276 2088 4332; x_wconf 89' lang='lat' dir='ltr'><strong>hac</strong></span> 
     </span>
    </p>
   </div>
   <div class='ocr_carea' id='block_1_73' title="bbox 481 4371 2088 4442">
    <p class='ocr_par' dir='ltr' id='par_1_73' title="bbox 481 4371 2088 4442">
     <span class='ocr_line' id='line_1_73' title="bbox 481 4371 2088 4442; baseline -0.001 -14"><span class='ocrx_word' id='word_1_553' title='bbox 481 4373 608 4428; x_wconf 89' lang='lat' dir='ltr'><strong>illac</strong></span> <span class='ocrx_word' id='word_1_554' title='bbox 634 4373 866 4442; x_wconf 79' lang='lat' dir='ltr'><strong>dispersi</strong></span> <span class='ocrx_word' id='word_1_555' title='bbox 905 4388 968 4427; x_wconf 90' lang='lat' dir='ltr'><strong>ac</strong></span> <span class='ocrx_word' id='word_1_556' title='bbox 991 4371 1232 4440; x_wconf 88' lang='lat' dir='ltr'><strong>separati</strong></span> <span class='ocrx_word' id='word_1_557' title='bbox 1273 4372 1644 4437; x_wconf 89' lang='lat' dir='ltr'><strong>inveniantur,</strong></span> <span class='ocrx_word' id='word_1_558' title='bbox 1688 4381 1746 4426; x_wconf 93' lang='lat' dir='ltr'><strong>ut</strong></span> <span class='ocrx_word' id='word_1_559' title='bbox 1773 4387 1840 4427; x_wconf 91' lang='lat' dir='ltr'><strong>ne</strong></span> <span class='ocrx_word' id='word_1_560' title='bbox 1869 4387 1972 4442; x_wconf 91' lang='lat' dir='ltr'><strong>qua</strong></span> <span class='ocrx_word' id='word_1_561' title='bbox 2003 4387 2088 4427; x_wconf 88' lang='lat' dir='ltr'><strong>ra-</strong></span> 
     </span>
    </p>
   </div>
   <div class='ocr_carea' id='block_1_74' title="bbox 480 4465 2087 4537">
    <p class='ocr_par' dir='ltr' id='par_1_74' title="bbox 480 4465 2087 4537">
     <span class='ocr_line' id='line_1_74' title="bbox 480 4465 2087 4537; baseline -0.002 -15"><span class='ocrx_word' id='word_1_562' title='bbox 480 4467 559 4523; x_wconf 90' lang='lat' dir='ltr'><strong>tio</strong></span> <span class='ocrx_word' id='word_1_563' title='bbox 584 4482 680 4522; x_wconf 90' lang='lat' dir='ltr'><strong>cur</strong></span> <span class='ocrx_word' id='word_1_564' title='bbox 703 4467 756 4521; x_wconf 90' lang='lat' dir='ltr'><strong>id</strong></span> <span class='ocrx_word' id='word_1_565' title='bbox 802 4468 1000 4522; x_wconf 88' lang='lat' dir='ltr'><strong>factum</strong></span> <span class='ocrx_word' id='word_1_566' title='bbox 1036 4466 1196 4523; x_wconf 90' lang='lat' dir='ltr'><strong>fuerit</strong></span> <span class='ocrx_word' id='word_1_567' title='bbox 1221 4467 1351 4522; x_wconf 89' lang='lat' dir='ltr'><strong>satis</strong></span> <span class='ocrx_word' id='word_1_568' title='bbox 1373 4477 1644 4532; x_wconf 91' lang='lat' dir='ltr'><strong>occurrat,</strong></span> <span class='ocrx_word' id='word_1_569' title='bbox 1674 4465 1774 4521; x_wconf 89' lang='lat' dir='ltr'><strong>nisi</strong></span> <span class='ocrx_word' id='word_1_570' title='bbox 1803 4467 1944 4537; x_wconf 87' lang='lat' dir='ltr'><strong>quod</strong></span> <span class='ocrx_word' id='word_1_571' title='bbox 1978 4466 2087 4536; x_wconf 93' lang='lat' dir='ltr'><strong>pri-</strong></span> 
     </span>
    </p>
   </div>
   <div class='ocr_carea' id='block_1_75' title="bbox 2181 3247 3783 3322">
    <p class='ocr_par' dir='ltr' id='par_1_75' title="bbox 2181 3247 3783 3322">
     <span class='ocr_line' id='line_1_75' title="bbox 2181 3247 3783 3322; baseline -0.004 -15"><span class='ocrx_word' id='word_1_572' title='bbox 2181 3260 2438 3322; x_wconf 89' lang='lat' dir='ltr'><strong>usurpata</strong></span> <span class='ocrx_word' id='word_1_573' title='bbox 2483 3249 2808 3304; x_wconf 87' lang='lat' dir='ltr'><strong>inveniatur.</strong></span> <span class='ocrx_word' id='word_1_574' title='bbox 2855 3247 2968 3303; x_wconf 85' lang='lat' dir='ltr'><strong>Etsi</strong></span> <span class='ocrx_word' id='word_1_575' title='bbox 3011 3248 3154 3303; x_wconf 92' lang='lat' dir='ltr'><strong>enim</strong></span> <span class='ocrx_word' id='word_1_576' title='bbox 3199 3255 3446 3301; x_wconf 79' lang='lat' dir='ltr'><strong>tractatus</strong></span> <span class='ocrx_word' id='word_1_577' title='bbox 3469 3248 3596 3301; x_wconf 90' lang='lat' dir='ltr'><strong>olim</strong></span> <span class='ocrx_word' id='word_1_578' title='bbox 3623 3261 3783 3300; x_wconf 90' lang='lat' dir='ltr'><strong>voca-</strong></span> 
     </span>
    </p>
   </div>
   <div class='ocr_carea' id='block_1_76' title="bbox 2179 3343 3785 3416">
    <p class='ocr_par' dir='ltr' id='par_1_76' title="bbox 2179 3343 3785 3416">
     <span class='ocr_line' id='line_1_76' title="bbox 2179 3343 3785 3416; baseline -0.001 -16"><span class='ocrx_word' id='word_1_579' title='bbox 2179 3356 2370 3400; x_wconf 90' lang='lat' dir='ltr'><strong>rentur</strong></span> <span class='ocrx_word' id='word_1_580' title='bbox 2402 3345 2791 3416; x_wconf 75' lang='lat' dir='ltr'><strong>Episctiporum</strong></span> <span class='ocrx_word' id='word_1_581' title='bbox 2819 3345 3218 3400; x_wconf 90' lang='lat' dir='ltr'><strong>collocutiones</strong></span> <span class='ocrx_word' id='word_1_582' title='bbox 3258 3345 3325 3400; x_wconf 93' lang='lat' dir='ltr'><strong>de</strong></span> <span class='ocrx_word' id='word_1_583' title='bbox 3365 3344 3550 3416; x_wconf 89' lang='lat' dir='ltr'><strong>aliquo</strong></span> <span class='ocrx_word' id='word_1_584' title='bbox 3592 3343 3785 3400; x_wconf 88' lang='lat' dir='ltr'><strong>Eccle-</strong></span> 
     </span>
    </p>
   </div>
   <div class='ocr_carea' id='block_1_77' title="bbox 2180 3438 3781 3513">
    <p class='ocr_par' dir='ltr' id='par_1_77' title="bbox 2180 3438 3781 3513">
     <span class='ocr_line' id='line_1_77' title="bbox 2180 3438 3781 3513; baseline 0 -18"><span class='ocrx_word' id='word_1_585' title='bbox 2180 3441 2275 3496; x_wconf 75' lang='lat' dir='ltr'><strong>sia:</strong></span> <span class='ocrx_word' id='word_1_586' title='bbox 2304 3442 2523 3512; x_wconf 85' lang='lat' dir='ltr'><strong>negotio</strong></span> <span class='ocrx_word' id='word_1_587' title='bbox 2546 3482 2560 3506; x_wconf 95' lang='lat'><strong>,</strong></span> <span class='ocrx_word' id='word_1_588' title='bbox 2594 3449 2653 3494; x_wconf 92' lang='lat' dir='ltr'><strong>ut</strong></span> <span class='ocrx_word' id='word_1_589' title='bbox 2696 3440 2867 3512; x_wconf 86' lang='lat' dir='ltr'><strong>liquet</strong></span> <span class='ocrx_word' id='word_1_590' title='bbox 2912 3456 2978 3495; x_wconf 86' lang='lat' dir='ltr'><strong>ex</strong></span> <span class='ocrx_word' id='word_1_591' title='bbox 3014 3439 3270 3513; x_wconf 88' lang='lat' dir='ltr'><strong>Cypriani</strong></span> <span class='ocrx_word' id='word_1_592' title='bbox 3300 3438 3463 3512; x_wconf 90' lang='lat' dir='ltr'><strong>epist.</strong></span> <span class='ocrx_word' id='word_1_593' title='bbox 3491 3441 3554 3497; x_wconf 82' lang='lat' dir='ltr'><strong>5f</strong></span> <span class='ocrx_word' id='word_1_594' title='bbox 3599 3451 3654 3497; x_wconf 91' lang='lat' dir='ltr'><strong>et</strong></span> <span class='ocrx_word' id='word_1_595' title='bbox 3679 3442 3781 3508; x_wconf 73' lang='lat'><strong>52,</strong></span> 
     </span>
    </p>
   </div>
   <div class='ocr_carea' id='block_1_78' title="bbox 2181 3535 3788 3608">
    <p class='ocr_par' dir='ltr' id='par_1_78' title="bbox 2181 3535 3788 3608">
     <span class='ocr_line' id='line_1_78' title="bbox 2181 3535 3788 3608; baseline -0.001 -16"><span class='ocrx_word' id='word_1_596' title='bbox 2181 3537 2320 3608; x_wconf 89' lang='lat' dir='ltr'><strong>apud</strong></span> <span class='ocrx_word' id='word_1_597' title='bbox 2351 3538 2624 3592; x_wconf 87' lang='lat' dir='ltr'><strong>Zenonem</strong></span> <span class='ocrx_word' id='word_1_598' title='bbox 2655 3545 2834 3591; x_wconf 88' lang='lat' dir='ltr'><strong>autem</strong></span> <span class='ocrx_word' id='word_1_599' title='bbox 2878 3546 3126 3591; x_wconf 84' lang='lat' dir='ltr'><strong>tractatus</strong></span> <span class='ocrx_word' id='word_1_600' title='bbox 3167 3551 3574 3607; x_wconf 90' lang='lat' dir='ltr'><strong>nonnumquam</strong></span> <span class='ocrx_word' id='word_1_601' title='bbox 3601 3535 3788 3607; x_wconf 90' lang='lat' dir='ltr'><strong>appel-</strong></span> 
     </span>
    </p>
   </div>
   <div class='ocr_carea' id='block_1_79' title="bbox 2184 3627 3786 3703">
    <p class='ocr_par' dir='ltr' id='par_1_79' title="bbox 2184 3627 3786 3703">
     <span class='ocr_line' id='line_1_79' title="bbox 2184 3627 3786 3703; baseline -0.001 -20"><span class='ocrx_word' id='word_1_602' title='bbox 2184 3630 2363 3684; x_wconf 89' lang='lat' dir='ltr'><strong>lentur</strong></span> <span class='ocrx_word' id='word_1_603' title='bbox 2385 3629 2801 3703; x_wconf 73' lang='lat' dir='ltr'><strong>disputationes</strong></span> <span class='ocrx_word' id='word_1_604' title='bbox 2831 3627 2899 3684; x_wconf 91' lang='lat' dir='ltr'><strong>de</strong></span> <span class='ocrx_word' id='word_1_605' title='bbox 2925 3628 3030 3683; x_wconf 91' lang='lat' dir='ltr'><strong>fide</strong></span> <span class='ocrx_word' id='word_1_606' title='bbox 3072 3644 3166 3698; x_wconf 91' lang='lat' dir='ltr'><strong>per</strong></span> <span class='ocrx_word' id='word_1_607' title='bbox 3193 3643 3253 3682; x_wconf 89' lang='lat' dir='ltr'><strong>ea</strong></span> <span class='ocrx_word' id='word_1_608' title='bbox 3287 3637 3529 3698; x_wconf 87' lang='lat' dir='ltr'><strong>tempora</strong></span> <span class='ocrx_word' id='word_1_609' title='bbox 3572 3628 3786 3697; x_wconf 85' lang='lat' dir='ltr'><strong>scriptae</strong></span> 
     </span>
    </p>
   </div>
   <div class='ocr_carea' id='block_1_80' title="bbox 2183 3720 3786 3792">
    <p class='ocr_par' dir='ltr' id='par_1_80' title="bbox 2183 3720 3786 3792">
     <span class='ocr_line' id='line_1_80' title="bbox 2183 3720 3786 3792; baseline -0.001 -16"><span class='ocrx_word' id='word_1_610' title='bbox 2183 3731 2238 3776; x_wconf 92' lang='lat' dir='ltr'><strong>et</strong></span> <span class='ocrx_word' id='word_1_611' title='bbox 2265 3721 2448 3790; x_wconf 72' lang='lat' dir='ltr'><strong>editae,</strong></span> <span class='ocrx_word' id='word_1_612' title='bbox 2479 3731 2535 3776; x_wconf 94' lang='lat' dir='ltr'><strong>ut</strong></span> <span class='ocrx_word' id='word_1_613' title='bbox 2585 3721 2760 3792; x_wconf 89' lang='lat' dir='ltr'><strong>palam</strong></span> <span class='ocrx_word' id='word_1_614' title='bbox 2794 3722 2884 3775; x_wconf 90' lang='lat' dir='ltr'><strong>fiet</strong></span> <span class='ocrx_word' id='word_1_615' title='bbox 2908 3737 2972 3776; x_wconf 81' lang='lat' dir='ltr'><strong>ex</strong></span> <span class='ocrx_word' id='word_1_616' title='bbox 3006 3720 3352 3777; x_wconf 89' lang='lat' dir='ltr'><strong>adnotatione</strong></span> <span class='ocrx_word' id='word_1_617' title='bbox 3399 3720 3472 3774; x_wconf 73' lang='lat'><strong>26</strong></span> <span class='ocrx_word' id='word_1_618' title='bbox 3503 3721 3556 3774; x_wconf 91' lang='lat' dir='ltr'><strong>in</strong></span> <span class='ocrx_word' id='word_1_619' title='bbox 3587 3729 3786 3776; x_wconf 86' lang='lat' dir='ltr'><strong>tracta-</strong></span> 
     </span>
    </p>
   </div>
   <div class='ocr_carea' id='block_1_81' title="bbox 2189 3813 3786 3885">
    <p class='ocr_par' dir='ltr' id='par_1_81' title="bbox 2189 3813 3786 3885">
     <span class='ocr_line' id='line_1_81' title="bbox 2189 3813 3786 3885; baseline -0.002 -15"><span class='ocrx_word' id='word_1_620' title='bbox 2189 3825 2296 3870; x_wconf 84' lang='lat' dir='ltr'><strong>tum</strong></span> <span class='ocrx_word' id='word_1_621' title='bbox 2328 3817 2352 3870; x_wconf 80' lang='grc'><strong>1</strong></span> <span class='ocrx_word' id='word_1_622' title='bbox 2381 3815 2474 3872; x_wconf 90' lang='lat' dir='ltr'><strong>lib.</strong></span> <span class='ocrx_word' id='word_1_623' title='bbox 2525 3832 2577 3879; x_wconf 73' lang='grc' dir='ltr'><strong>ις</strong></span> <span class='ocrx_word' id='word_1_624' title='bbox 2611 3825 2787 3870; x_wconf 89' lang='lat' dir='ltr'><strong>tamen</strong></span> <span class='ocrx_word' id='word_1_625' title='bbox 2816 3813 2972 3870; x_wconf 88' lang='lat' dir='ltr'><strong>sicuti</strong></span> <span class='ocrx_word' id='word_1_626' title='bbox 3020 3824 3241 3868; x_wconf 79' lang='lat' dir='ltr'><strong>tractare</strong></span> <span class='ocrx_word' id='word_1_627' title='bbox 3281 3813 3442 3885; x_wconf 85' lang='lat' dir='ltr'><strong>(quod</strong></span> <span class='ocrx_word' id='word_1_628' title='bbox 3471 3822 3545 3868; x_wconf 80' lang='lat' dir='ltr'><strong>est</strong></span> <span class='ocrx_word' id='word_1_629' title='bbox 3585 3814 3786 3882; x_wconf 77' lang='lat' dir='ltr'><strong>episco-</strong></span> 
     </span>
    </p>
   </div>
   <div class='ocr_carea' id='block_1_82' title="bbox 2191 3905 3786 3979">
    <p class='ocr_par' dir='ltr' id='par_1_82' title="bbox 2191 3905 3786 3979">
     <span class='ocr_line' id='line_1_82' title="bbox 2191 3905 3786 3979; baseline -0.002 -19"><span class='ocrx_word' id='word_1_630' title='bbox 2191 3923 2397 3977; x_wconf 83' lang='lat' dir='ltr'><strong>porum,</strong></span> <span class='ocrx_word' id='word_1_631' title='bbox 2420 3916 2476 3962; x_wconf 92' lang='lat' dir='ltr'><strong>ut</strong></span> <span class='ocrx_word' id='word_1_632' title='bbox 2496 3906 2727 3977; x_wconf 85' lang='lat' dir='ltr'><strong>Optatus</strong></span> <span class='ocrx_word' id='word_1_633' title='bbox 2748 3915 2977 3961; x_wconf 90' lang='lat' dir='ltr'><strong>testatur</strong></span> <span class='ocrx_word' id='word_1_634' title='bbox 3001 3905 3139 3961; x_wconf 91' lang='lat' dir='ltr'><strong>libro</strong></span> <span class='ocrx_word' id='word_1_635' title='bbox 3169 3921 3239 3958; x_wconf 86' lang='lat' dir='ltr'><strong>vn</strong></span> <span class='ocrx_word' id='word_1_636' title='bbox 3263 3905 3316 3960; x_wconf 90' lang='lat' dir='ltr'><strong>in</strong></span> <span class='ocrx_word' id='word_1_637' title='bbox 3343 3905 3786 3979; x_wconf 85' lang='lat' dir='ltr'><strong>Parmenianum)</strong></span> 
     </span>
    </p>
   </div>
   <div class='ocr_carea' id='block_1_83' title="bbox 2197 3995 3788 4069">
    <p class='ocr_par' dir='ltr' id='par_1_83' title="bbox 2197 3995 3788 4069">
     <span class='ocr_line' id='line_1_83' title="bbox 2197 3995 3788 4069; baseline -0.001 -16"><span class='ocrx_word' id='word_1_638' title='bbox 2197 4015 2225 4053; x_wconf 91' lang='lat' dir='ltr'><strong>a</strong></span> <span class='ocrx_word' id='word_1_639' title='bbox 2254 3997 2529 4069; x_wconf 85' lang='lat' dir='ltr'><strong>Cypriano</strong></span> <span class='ocrx_word' id='word_1_640' title='bbox 2561 3998 2792 4068; x_wconf 90' lang='lat' dir='ltr'><strong>primum</strong></span> <span class='ocrx_word' id='word_1_641' title='bbox 2825 3998 2985 4068; x_wconf 81' lang='lat' dir='ltr'><strong>epist.</strong></span> <span class='ocrx_word' id='word_1_642' title='bbox 3035 3995 3138 4061; x_wconf 66' lang='lat' dir='ltr'><strong>Lvt,</strong></span> <span class='ocrx_word' id='word_1_643' title='bbox 3173 4012 3236 4051; x_wconf 86' lang='lat' dir='ltr'><strong>ac</strong></span> <span class='ocrx_word' id='word_1_644' title='bbox 3266 3996 3388 4052; x_wconf 90' lang='lat' dir='ltr'><strong>dein</strong></span> <span class='ocrx_word' id='word_1_645' title='bbox 3421 3997 3490 4052; x_wconf 88' lang='lat' dir='ltr'><strong>ab</strong></span> <span class='ocrx_word' id='word_1_646' title='bbox 3513 3996 3634 4051; x_wconf 87' lang='lat' dir='ltr'><strong>aliis</strong></span> <span class='ocrx_word' id='word_1_647' title='bbox 3680 3995 3788 4051; x_wconf 81' lang='lat' dir='ltr'><strong>frc-</strong></span> 
     </span>
    </p>
   </div>
   <div class='ocr_carea' id='block_1_84' title="bbox 2188 4088 3788 4162">
    <p class='ocr_par' dir='ltr' id='par_1_84' title="bbox 2188 4088 3788 4162">
     <span class='ocr_line' id='line_1_84' title="bbox 2188 4088 3788 4162; baseline -0.001 -18"><span class='ocrx_word' id='word_1_648' title='bbox 2188 4103 2416 4162; x_wconf 91' lang='lat' dir='ltr'><strong>quenter</strong></span> <span class='ocrx_word' id='word_1_649' title='bbox 2459 4092 2721 4160; x_wconf 86' lang='lat' dir='ltr'><strong>accipitur</strong></span> <span class='ocrx_word' id='word_1_650' title='bbox 2753 4104 2851 4160; x_wconf 93' lang='lat' dir='ltr'><strong>pro</strong></span> <span class='ocrx_word' id='word_1_651' title='bbox 2890 4089 3208 4145; x_wconf 89' lang='lat' dir='ltr'><strong>concionem</strong></span> <span class='ocrx_word' id='word_1_652' title='bbox 3240 4089 3439 4144; x_wconf 88' lang='lat' dir='ltr'><strong>habere</strong></span> <span class='ocrx_word' id='word_1_653' title='bbox 3467 4088 3520 4142; x_wconf 91' lang='lat' dir='ltr'><strong>in</strong></span> <span class='ocrx_word' id='word_1_654' title='bbox 3560 4089 3788 4157; x_wconf 79' lang='lat' dir='ltr'><strong>publicis</strong></span> 
     </span>
    </p>
   </div>
   <div class='ocr_carea' id='block_1_85' title="bbox 2190 4183 3789 4253">
    <p class='ocr_par' dir='ltr' id='par_1_85' title="bbox 2190 4183 3789 4253">
     <span class='ocr_line' id='line_1_85' title="bbox 2190 4183 3789 4253; baseline -0.004 -12"><span class='ocrx_word' id='word_1_655' title='bbox 2190 4185 2452 4242; x_wconf 72' lang='lat' dir='ltr'><strong>Ecclesiae</strong></span> <span class='ocrx_word' id='word_1_656' title='bbox 2479 4185 2740 4251; x_wconf 64' lang='lat' dir='ltr'><strong>cantibus;</strong></span> <span class='ocrx_word' id='word_1_657' title='bbox 2794 4184 2864 4238; x_wconf 90' lang='lat' dir='ltr'><strong>ita</strong></span> <span class='ocrx_word' id='word_1_658' title='bbox 2913 4193 3164 4238; x_wconf 81' lang='lat' dir='ltr'><strong>tractatus</strong></span> <span class='ocrx_word' id='word_1_659' title='bbox 3216 4199 3316 4237; x_wconf 80' lang='lat' dir='ltr'><strong>vox</strong></span> <span class='ocrx_word' id='word_1_660' title='bbox 3369 4199 3464 4253; x_wconf 90' lang='lat' dir='ltr'><strong>pro</strong></span> <span class='ocrx_word' id='word_1_661' title='bbox 3495 4183 3789 4252; x_wconf 76' lang='lat' dir='ltr'><strong>episeOpali</strong></span> 
     </span>
    </p>
   </div>
   <div class='ocr_carea' id='block_1_86' title="bbox 2193 4273 3790 4347">
    <p class='ocr_par' dir='ltr' id='par_1_86' title="bbox 2193 4273 3790 4347">
     <span class='ocr_line' id='line_1_86' title="bbox 2193 4273 3790 4347; baseline -0.006 -12"><span class='ocrx_word' id='word_1_662' title='bbox 2193 4281 2460 4335; x_wconf 88' lang='lat' dir='ltr'><strong>eoncione</strong></span> <span class='ocrx_word' id='word_1_663' title='bbox 2508 4276 2574 4332; x_wconf 90' lang='lat' dir='ltr'><strong>ad</strong></span> <span class='ocrx_word' id='word_1_664' title='bbox 2609 4277 2861 4347; x_wconf 89' lang='lat' dir='ltr'><strong>populum</strong></span> <span class='ocrx_word' id='word_1_665' title='bbox 2911 4278 3140 4333; x_wconf 90' lang='lat' dir='ltr'><strong>solemni</strong></span> <span class='ocrx_word' id='word_1_666' title='bbox 3171 4276 3398 4330; x_wconf 85' lang='lat' dir='ltr'><strong>formula</strong></span> <span class='ocrx_word' id='word_1_667' title='bbox 3423 4273 3669 4340; x_wconf 89' lang='lat' dir='ltr'><strong>invaluit,</strong></span> <span class='ocrx_word' id='word_1_668' title='bbox 3695 4291 3790 4329; x_wconf 89' lang='lat' dir='ltr'><strong>eo-</strong></span> 
     </span>
    </p>
   </div>
   <div class='ocr_carea' id='block_1_87' title="bbox 2192 4369 3794 4444">
    <p class='ocr_par' dir='ltr' id='par_1_87' title="bbox 2192 4369 3794 4444">
     <span class='ocr_line' id='line_1_87' title="bbox 2192 4369 3794 4444; baseline -0.004 -17"><span class='ocrx_word' id='word_1_669' title='bbox 2192 4373 2424 4444; x_wconf 92' lang='lat' dir='ltr'><strong>demque</strong></span> <span class='ocrx_word' id='word_1_670' title='bbox 2453 4387 2614 4427; x_wconf 92' lang='lat' dir='ltr'><strong>sensu</strong></span> <span class='ocrx_word' id='word_1_671' title='bbox 2647 4372 2844 4443; x_wconf 88' lang='lat' dir='ltr'><strong>passim</strong></span> <span class='ocrx_word' id='word_1_672' title='bbox 2873 4371 3270 4442; x_wconf 88' lang='lat' dir='ltr'><strong>quamplurium</strong></span> <span class='ocrx_word' id='word_1_673' title='bbox 3315 4372 3659 4440; x_wconf 79' lang='lat' dir='ltr'><strong>antiquorum</strong></span> <span class='ocrx_word' id='word_1_674' title='bbox 3692 4369 3794 4422; x_wconf 86' lang='lat' dir='ltr'><strong>Pa-</strong></span> 
     </span>
    </p>
   </div>
   <div class='ocr_carea' id='block_1_88' title="bbox 2195 4462 3788 4535">
    <p class='ocr_par' dir='ltr' id='par_1_88' title="bbox 2195 4462 3788 4535">
     <span class='ocr_line' id='line_1_88' title="bbox 2195 4462 3788 4535; baseline -0.003 -15"><span class='ocrx_word' id='word_1_675' title='bbox 2195 4475 2333 4520; x_wconf 84' lang='lat' dir='ltr'><strong>trum</strong></span> <span class='ocrx_word' id='word_1_676' title='bbox 2365 4465 2720 4520; x_wconf 90' lang='lat' dir='ltr'><strong>concionibus</strong></span> <span class='ocrx_word' id='word_1_677' title='bbox 2753 4464 3066 4535; x_wconf 82' lang='lat' dir='ltr'><strong>praefigitur,</strong></span> <span class='ocrx_word' id='word_1_678' title='bbox 3121 4475 3177 4518; x_wconf 90' lang='lat' dir='ltr'><strong>ut</strong></span> <span class='ocrx_word' id='word_1_679' title='bbox 3214 4479 3277 4518; x_wconf 81' lang='lat' dir='ltr'><strong>ex</strong></span> <span class='ocrx_word' id='word_1_680' title='bbox 3329 4463 3429 4522; x_wconf 90' lang='lat' dir='ltr'><strong>SS.</strong></span> <span class='ocrx_word' id='word_1_681' title='bbox 3463 4462 3747 4520; x_wconf 89' lang='lat' dir='ltr'><strong>Gaudentii</strong></span> <span class='ocrx_word' id='word_1_682' title='bbox 3776 4505 3788 4524; x_wconf 87' lang='lat'><strong>,</strong></span> 
     </span>
    </p>
   </div>
   <div class='ocr_carea' id='block_1_89' title="bbox 484 4547 3796 4629">
    <p class='ocr_par' dir='ltr' id='par_1_89' title="bbox 484 4547 3796 4629">
     <span class='ocr_line' id='line_1_89' title="bbox 484 4547 3796 4629; baseline -0.002 -14"><span class='ocrx_word' id='word_1_683' title='bbox 484 4575 607 4615; x_wconf 88' lang='lat' dir='ltr'><strong>mus</strong></span> <span class='ocrx_word' id='word_1_684' title='bbox 631 4559 915 4624; x_wconf 88' lang='lat' dir='ltr'><strong>collector,</strong></span> <span class='ocrx_word' id='word_1_685' title='bbox 945 4558 1204 4629; x_wconf 89' lang='lat' dir='ltr'><strong>quidquid</strong></span> <span class='ocrx_word' id='word_1_686' title='bbox 1255 4573 1598 4629; x_wconf 91' lang='lat' dir='ltr'><strong>quocumque</strong></span> <span class='ocrx_word' id='word_1_687' title='bbox 1626 4558 1818 4612; x_wconf 86' lang='lat' dir='ltr'><strong>ordine</strong></span> <span class='ocrx_word' id='word_1_688' title='bbox 1858 4559 2004 4612; x_wconf 90' lang='lat' dir='ltr'><strong>venit</strong></span> <span class='ocrx_word' id='word_1_689' title='bbox 2031 4560 2083 4610; x_wconf 92' lang='lat' dir='ltr'><strong>in</strong></span> <span class='ocrx_word' id='word_1_690' title='bbox 2111 4547 2163 4608; x_wconf 83' lang='lat' dir='ltr'>D</span> <span class='ocrx_word' id='word_1_691' title='bbox 2191 4558 2500 4629; x_wconf 85' lang='lat' dir='ltr'><strong>Augustini,</strong></span> <span class='ocrx_word' id='word_1_692' title='bbox 2530 4559 2728 4614; x_wconf 88' lang='lat' dir='ltr'><strong>Leonis</strong></span> <span class='ocrx_word' id='word_1_693' title='bbox 2753 4558 2950 4628; x_wconf 86' lang='lat' dir='ltr'><strong>Magni,</strong></span> <span class='ocrx_word' id='word_1_694' title='bbox 2973 4567 3103 4612; x_wconf 88' lang='lat' dir='ltr'><strong>etc..</strong></span> <span class='ocrx_word' id='word_1_695' title='bbox 3123 4557 3420 4622; x_wconf 88' lang='lat' dir='ltr'><strong>codicibus,</strong></span> <span class='ocrx_word' id='word_1_696' title='bbox 3445 4567 3499 4611; x_wconf 94' lang='lat' dir='ltr'><strong>et</strong></span> <span class='ocrx_word' id='word_1_697' title='bbox 3521 4555 3796 4610; x_wconf 90' lang='lat' dir='ltr'><strong>nonnullis</strong></span> 
     </span>
    </p>
   </div>
   <div class='ocr_carea' id='block_1_90' title="bbox 486 4652 2089 4724">
    <p class='ocr_par' dir='ltr' id='par_1_90' title="bbox 486 4652 2089 4724">
     <span class='ocr_line' id='line_1_90' title="bbox 486 4652 2089 4724; baseline -0.001 -16"><span class='ocrx_word' id='word_1_698' title='bbox 486 4667 702 4717; x_wconf 88' lang='lat' dir='ltr'><strong>manus,</strong></span> <span class='ocrx_word' id='word_1_699' title='bbox 727 4653 1095 4724; x_wconf 83' lang='lat' dir='ltr'><strong>transcripsit,</strong></span> <span class='ocrx_word' id='word_1_700' title='bbox 1145 4653 1292 4708; x_wconf 93' lang='lat' dir='ltr'><strong>nulla</strong></span> <span class='ocrx_word' id='word_1_701' title='bbox 1325 4653 1432 4706; x_wconf 90' lang='lat' dir='ltr'><strong>alia</strong></span> <span class='ocrx_word' id='word_1_702' title='bbox 1477 4654 1530 4706; x_wconf 94' lang='lat' dir='ltr'><strong>in</strong></span> <span class='ocrx_word' id='word_1_703' title='bbox 1559 4652 1848 4706; x_wconf 90' lang='lat' dir='ltr'><strong>scribendo</strong></span> <span class='ocrx_word' id='word_1_704' title='bbox 1874 4653 2089 4706; x_wconf 82' lang='lat' dir='ltr'><strong>ratione</strong></span> 
     </span>
    </p>
   </div>
   <div class='ocr_carea' id='block_1_91' title="bbox 484 4741 2090 4816">
    <p class='ocr_par' dir='ltr' id='par_1_91' title="bbox 484 4741 2090 4816">
     <span class='ocr_line' id='line_1_91' title="bbox 484 4741 2090 4816; baseline -0.004 -15"><span class='ocrx_word' id='word_1_705' title='bbox 484 4746 588 4801; x_wconf 91' lang='lat' dir='ltr'><strong>sibi</strong></span> <span class='ocrx_word' id='word_1_706' title='bbox 623 4746 1125 4816; x_wconf 78' lang='lat' dir='ltr'><strong>praestituta,quam</strong></span> <span class='ocrx_word' id='word_1_707' title='bbox 1155 4755 1214 4800; x_wconf 95' lang='lat' dir='ltr'><strong>ut</strong></span> <span class='ocrx_word' id='word_1_708' title='bbox 1239 4745 1420 4798; x_wconf 91' lang='lat' dir='ltr'><strong>omnia</strong></span> <span class='ocrx_word' id='word_1_709' title='bbox 1451 4744 1762 4798; x_wconf 88' lang='lat' dir='ltr'><strong>Zenoniana</strong></span> <span class='ocrx_word' id='word_1_710' title='bbox 1793 4744 1844 4797; x_wconf 90' lang='lat' dir='ltr'><strong>in</strong></span> <span class='ocrx_word' id='word_1_711' title='bbox 1873 4741 2090 4797; x_wconf 89' lang='lat' dir='ltr'><strong>schedis</strong></span> 
     </span>
    </p>
   </div>
   <div class='ocr_carea' id='block_1_92' title="bbox 487 4837 2087 4908">
    <p class='ocr_par' dir='ltr' id='par_1_92' title="bbox 487 4837 2087 4908">
     <span class='ocr_line' id='line_1_92' title="bbox 487 4837 2087 4908; baseline -0.003 -14"><span class='ocrx_word' id='word_1_712' title='bbox 487 4840 707 4895; x_wconf 88' lang='lat' dir='ltr'><strong>inventa</strong></span> <span class='ocrx_word' id='word_1_713' title='bbox 747 4840 974 4894; x_wconf 89' lang='lat' dir='ltr'><strong>referret</strong></span> <span class='ocrx_word' id='word_1_714' title='bbox 1016 4839 1069 4893; x_wconf 88' lang='lat' dir='ltr'><strong>in</strong></span> <span class='ocrx_word' id='word_1_715' title='bbox 1112 4839 1376 4893; x_wconf 90' lang='lat' dir='ltr'><strong>codicem.</strong></span> <span class='ocrx_word' id='word_1_716' title='bbox 1412 4837 1699 4908; x_wconf 85' lang='lat' dir='ltr'><strong>Igiturhac</strong></span> <span class='ocrx_word' id='word_1_717' title='bbox 1731 4840 1782 4891; x_wconf 92' lang='lat' dir='ltr'><strong>in</strong></span> <span class='ocrx_word' id='word_1_718' title='bbox 1816 4838 2087 4892; x_wconf 59' lang='lat' dir='ltr'><strong>delibera.</strong></span> 
     </span>
    </p>
   </div>
   <div class='ocr_carea' id='block_1_93' title="bbox 489 4931 2088 4999">
    <p class='ocr_par' dir='ltr' id='par_1_93' title="bbox 489 4931 2088 4999">
     <span class='ocr_line' id='line_1_93' title="bbox 489 4931 2088 4999; baseline -0.002 -13"><span class='ocrx_word' id='word_1_719' title='bbox 489 4933 641 4987; x_wconf 88' lang='lat' dir='ltr'><strong>tione</strong></span> <span class='ocrx_word' id='word_1_720' title='bbox 671 4932 934 4987; x_wconf 90' lang='lat' dir='ltr'><strong>dubitatio</strong></span> <span class='ocrx_word' id='word_1_721' title='bbox 975 4947 1081 4986; x_wconf 91' lang='lat' dir='ltr'><strong>non</strong></span> <span class='ocrx_word' id='word_1_722' title='bbox 1124 4931 1260 4986; x_wconf 91' lang='lat' dir='ltr'><strong>levis</strong></span> <span class='ocrx_word' id='word_1_723' title='bbox 1289 4931 1378 4985; x_wconf 92' lang='lat' dir='ltr'><strong>diu</strong></span> <span class='ocrx_word' id='word_1_724' title='bbox 1428 4946 1525 4985; x_wconf 91' lang='lat' dir='ltr'><strong>nos</strong></span> <span class='ocrx_word' id='word_1_725' title='bbox 1573 4931 1840 4999; x_wconf 86' lang='lat' dir='ltr'><strong>ancipites</strong></span> <span class='ocrx_word' id='word_1_726' title='bbox 1889 4931 2088 4996; x_wconf 88' lang='lat' dir='ltr'><strong>tenuit;</strong></span> 
     </span>
    </p>
   </div>
   <div class='ocr_carea' id='block_1_94' title="bbox 486 5021 2090 5094">
    <p class='ocr_par' dir='ltr' id='par_1_94' title="bbox 486 5021 2090 5094">
     <span class='ocr_line' id='line_1_94' title="bbox 486 5021 2090 5094; baseline -0.001 -18"><span class='ocrx_word' id='word_1_727' title='bbox 486 5037 611 5078; x_wconf 89' lang='lat' dir='ltr'><strong>cum</strong></span> <span class='ocrx_word' id='word_1_728' title='bbox 641 5021 944 5094; x_wconf 67' lang='lat' dir='ltr'><strong>praesertim</strong></span> <span class='ocrx_word' id='word_1_729' title='bbox 975 5022 1234 5093; x_wconf 89' lang='lat' dir='ltr'><strong>quidquid</strong></span> <span class='ocrx_word' id='word_1_730' title='bbox 1280 5021 1440 5076; x_wconf 90' lang='lat' dir='ltr'><strong>aliam</strong></span> <span class='ocrx_word' id='word_1_731' title='bbox 1469 5022 1521 5076; x_wconf 93' lang='lat' dir='ltr'><strong>in</strong></span> <span class='ocrx_word' id='word_1_732' title='bbox 1574 5023 1839 5077; x_wconf 89' lang='lat' dir='ltr'><strong>rationem</strong></span> <span class='ocrx_word' id='word_1_733' title='bbox 1885 5027 2090 5076; x_wconf 89' lang='lat' dir='ltr'><strong>consti-</strong></span> 
     </span>
    </p>
   </div>
   <div class='ocr_carea' id='block_1_95' title="bbox 488 5114 2095 5180">
    <p class='ocr_par' dir='ltr' id='par_1_95' title="bbox 488 5114 2095 5180">
     <span class='ocr_line' id='line_1_95' title="bbox 488 5114 2095 5180; baseline -0.001 -12"><span class='ocrx_word' id='word_1_734' title='bbox 488 5114 746 5170; x_wconf 93' lang='lat' dir='ltr'><strong>tuendum</strong></span> <span class='ocrx_word' id='word_1_735' title='bbox 781 5116 947 5169; x_wconf 91' lang='lat' dir='ltr'><strong>menti</strong></span> <span class='ocrx_word' id='word_1_736' title='bbox 977 5114 1388 5180; x_wconf 88' lang='lat' dir='ltr'><strong>obversabatur,</strong></span> <span class='ocrx_word' id='word_1_737' title='bbox 1435 5115 1809 5169; x_wconf 81' lang='lat' dir='ltr'><strong>exorientibus</strong></span> <span class='ocrx_word' id='word_1_738' title='bbox 1846 5130 1969 5168; x_wconf 86' lang='lat' dir='ltr'><strong>mox</strong></span> <span class='ocrx_word' id='word_1_739' title='bbox 2002 5129 2095 5167; x_wconf 89' lang='lat' dir='ltr'><strong>va-</strong></span> 
     </span>
    </p>
   </div>
   <div class='ocr_carea' id='block_1_96' title="bbox 489 5207 2092 5280">
    <p class='ocr_par' dir='ltr' id='par_1_96' title="bbox 489 5207 2092 5280">
     <span class='ocr_line' id='line_1_96' title="bbox 489 5207 2092 5280; baseline -0.002 -18"><span class='ocrx_word' id='word_1_740' title='bbox 489 5207 584 5262; x_wconf 88' lang='lat' dir='ltr'><strong>riis</strong></span> <span class='ocrx_word' id='word_1_741' title='bbox 610 5209 970 5280; x_wconf 83' lang='lat' dir='ltr'><strong>undequaque</strong></span> <span class='ocrx_word' id='word_1_742' title='bbox 997 5207 1433 5273; x_wconf 87' lang='lat' dir='ltr'><strong>difficultatibus,</strong></span> <span class='ocrx_word' id='word_1_743' title='bbox 1477 5207 1764 5278; x_wconf 84' lang='lat' dir='ltr'><strong>displicere</strong></span> <span class='ocrx_word' id='word_1_744' title='bbox 1804 5207 2092 5274; x_wconf 87' lang='lat' dir='ltr'><strong>inciperet,</strong></span> 
     </span>
    </p>
   </div>
   <div class='ocr_carea' id='block_1_97' title="bbox 492 5299 2097 5370">
    <p class='ocr_par' dir='ltr' id='par_1_97' title="bbox 492 5299 2097 5370">
     <span class='ocr_line' id='line_1_97' title="bbox 492 5299 2097 5370; baseline -0.001 -16"><span class='ocrx_word' id='word_1_745' title='bbox 492 5314 594 5355; x_wconf 91' lang='lat' dir='ltr'><strong>nec</strong></span> <span class='ocrx_word' id='word_1_746' title='bbox 614 5301 744 5354; x_wconf 88' lang='lat' dir='ltr'><strong>satis</strong></span> <span class='ocrx_word' id='word_1_747' title='bbox 774 5309 884 5354; x_wconf 89' lang='lat' dir='ltr'><strong>tuta</strong></span> <span class='ocrx_word' id='word_1_748' title='bbox 913 5302 1218 5369; x_wconf 91' lang='lat' dir='ltr'><strong>aperiretur</strong></span> <span class='ocrx_word' id='word_1_749' title='bbox 1248 5299 1550 5369; x_wconf 86' lang='lat' dir='ltr'><strong>partitionis</strong></span> <span class='ocrx_word' id='word_1_750' title='bbox 1578 5310 1741 5370; x_wconf 93' lang='lat' dir='ltr'><strong>atque</strong></span> <span class='ocrx_word' id='word_1_751' title='bbox 1775 5299 1982 5354; x_wconf 91' lang='lat' dir='ltr'><strong>ordinis</strong></span> <span class='ocrx_word' id='word_1_752' title='bbox 2011 5314 2097 5353; x_wconf 89' lang='lat' dir='ltr'><strong>ra-</strong></span> 
     </span>
    </p>
   </div>
   <div class='ocr_carea' id='block_1_98' title="bbox 495 5391 2097 5465">
    <p class='ocr_par' dir='ltr' id='par_1_98' title="bbox 495 5391 2097 5465">
     <span class='ocr_line' id='line_1_98' title="bbox 495 5391 2097 5465; baseline -0.001 -19"><span class='ocrx_word' id='word_1_753' title='bbox 495 5393 594 5458; x_wconf 90' lang='lat' dir='ltr'><strong>tio,</strong></span> <span class='ocrx_word' id='word_1_754' title='bbox 626 5409 748 5465; x_wconf 80' lang='lat' dir='ltr'><strong>quae</strong></span> <span class='ocrx_word' id='word_1_755' title='bbox 777 5393 927 5448; x_wconf 89' lang='lat' dir='ltr'><strong>nullo</strong></span> <span class='ocrx_word' id='word_1_756' title='bbox 969 5409 1034 5449; x_wconf 83' lang='lat' dir='ltr'><strong>ex</strong></span> <span class='ocrx_word' id='word_1_757' title='bbox 1067 5395 1245 5464; x_wconf 89' lang='lat' dir='ltr'><strong>capite</strong></span> <span class='ocrx_word' id='word_1_758' title='bbox 1288 5392 1580 5448; x_wconf 88' lang='lat' dir='ltr'><strong>laboraret.</strong></span> <span class='ocrx_word' id='word_1_759' title='bbox 1628 5393 1761 5446; x_wconf 88' lang='lat' dir='ltr'><strong>Cum</strong></span> <span class='ocrx_word' id='word_1_760' title='bbox 1794 5405 1924 5446; x_wconf 90' lang='lat' dir='ltr'><strong>vero</strong></span> <span class='ocrx_word' id='word_1_761' title='bbox 1948 5391 2097 5446; x_wconf 90' lang='lat' dir='ltr'><strong>deci-</strong></span> 
     </span>
    </p>
   </div>
   <div class='ocr_carea' id='block_1_99' title="bbox 493 5485 2098 5556">
    <p class='ocr_par' dir='ltr' id='par_1_99' title="bbox 493 5485 2098 5556">
     <span class='ocr_line' id='line_1_99' title="bbox 493 5485 2098 5556; baseline 0 -14"><span class='ocrx_word' id='word_1_762' title='bbox 493 5486 732 5542; x_wconf 87' lang='lat' dir='ltr'><strong>dendum</strong></span> <span class='ocrx_word' id='word_1_763' title='bbox 764 5487 964 5556; x_wconf 78' lang='lat' dir='ltr'><strong>aliquid</strong></span> <span class='ocrx_word' id='word_1_764' title='bbox 995 5487 1178 5554; x_wconf 89' lang='lat' dir='ltr'><strong>fuerit,</strong></span> <span class='ocrx_word' id='word_1_765' title='bbox 1210 5502 1272 5544; x_wconf 91' lang='lat' dir='ltr'><strong>ea</strong></span> <span class='ocrx_word' id='word_1_766' title='bbox 1313 5487 1510 5542; x_wconf 82' lang='lat' dir='ltr'><strong>minori</strong></span> <span class='ocrx_word' id='word_1_767' title='bbox 1541 5485 1954 5554; x_wconf 91' lang='lat' dir='ltr'><strong>reprehensioni</strong></span> <span class='ocrx_word' id='word_1_768' title='bbox 2000 5487 2098 5542; x_wconf 90' lang='lat' dir='ltr'><strong>ob-</strong></span> 
     </span>
    </p>
   </div>
   <div class='ocr_carea' id='block_1_100' title="bbox 494 5575 2096 5647">
    <p class='ocr_par' dir='ltr' id='par_1_100' title="bbox 494 5575 2096 5647">
     <span class='ocr_line' id='line_1_100' title="bbox 494 5575 2096 5647; baseline 0 -15"><span class='ocrx_word' id='word_1_769' title='bbox 494 5578 654 5632; x_wconf 84' lang='lat' dir='ltr'><strong>noxia</strong></span> <span class='ocrx_word' id='word_1_770' title='bbox 699 5579 836 5632; x_wconf 84' lang='lat' dir='ltr'><strong>ratio</strong></span> <span class='ocrx_word' id='word_1_771' title='bbox 864 5577 976 5632; x_wconf 84' lang='lat' dir='ltr'><strong>visa</strong></span> <span class='ocrx_word' id='word_1_772' title='bbox 1019 5586 1122 5644; x_wconf 90' lang='lat' dir='ltr'><strong>est,</strong></span> <span class='ocrx_word' id='word_1_773' title='bbox 1154 5587 1212 5632; x_wconf 91' lang='lat' dir='ltr'><strong>ut</strong></span> <span class='ocrx_word' id='word_1_774' title='bbox 1253 5578 1498 5647; x_wconf 85' lang='lat' dir='ltr'><strong>repetitis</strong></span> <span class='ocrx_word' id='word_1_775' title='bbox 1544 5575 1662 5632; x_wconf 88' lang='lat' dir='ltr'><strong>fere</strong></span> <span class='ocrx_word' id='word_1_776' title='bbox 1719 5576 1965 5631; x_wconf 91' lang='lat' dir='ltr'><strong>codicum</strong></span> <span class='ocrx_word' id='word_1_777' title='bbox 2013 5577 2096 5632; x_wconf 85' lang='lat' dir='ltr'><strong>in-</strong></span> 
     </span>
    </p>
   </div>
   <div class='ocr_carea' id='block_1_101' title="bbox 494 5671 2091 5743">
    <p class='ocr_par' dir='ltr' id='par_1_101' title="bbox 494 5671 2091 5743">
     <span class='ocr_line' id='line_1_101' title="bbox 494 5671 2091 5743; baseline 0.001 -18"><span class='ocrx_word' id='word_1_778' title='bbox 494 5671 916 5741; x_wconf 79' lang='lat' dir='ltr'><strong>scriptioiiibus,</strong></span> <span class='ocrx_word' id='word_1_779' title='bbox 980 5686 1102 5741; x_wconf 65' lang='lat' dir='ltr'><strong>qum</strong></span> <span class='ocrx_word' id='word_1_780' title='bbox 1144 5674 1339 5743; x_wconf 91' lang='lat' dir='ltr'><strong>cuique</strong></span> <span class='ocrx_word' id='word_1_781' title='bbox 1391 5673 1638 5727; x_wconf 90' lang='lat' dir='ltr'><strong>tractatui</strong></span> <span class='ocrx_word' id='word_1_782' title='bbox 1691 5673 2091 5742; x_wconf 82' lang='lat' dir='ltr'><strong>praefiguntur,</strong></span> 
     </span>
    </p>
   </div>
   <div class='ocr_carea' id='block_1_102' title="bbox 494 5761 2090 5834">
    <p class='ocr_par' dir='ltr' id='par_1_102' title="bbox 494 5761 2090 5834">
     <span class='ocr_line' id='line_1_102' title="bbox 494 5761 2090 5834; baseline 0.004 -20"><span class='ocrx_word' id='word_1_783' title='bbox 494 5765 844 5833; x_wconf 70' lang='lat' dir='ltr'><strong>ejimdemque</strong></span> <span class='ocrx_word' id='word_1_784' title='bbox 870 5761 1244 5834; x_wconf 87' lang='lat' dir='ltr'><strong>inscriptionis</strong></span> <span class='ocrx_word' id='word_1_785' title='bbox 1272 5766 1587 5822; x_wconf 86' lang='lat' dir='ltr'><strong>tractatibus</strong></span> <span class='ocrx_word' id='word_1_786' title='bbox 1617 5765 1666 5820; x_wconf 93' lang='lat' dir='ltr'><strong>in</strong></span> <span class='ocrx_word' id='word_1_787' title='bbox 1696 5779 1862 5821; x_wconf 90' lang='lat' dir='ltr'><strong>unum</strong></span> <span class='ocrx_word' id='word_1_788' title='bbox 1891 5763 2090 5822; x_wconf 87' lang='lat' dir='ltr'><strong>collec-</strong></span> 
     </span>
    </p>
   </div>
   <div class='ocr_carea' id='block_1_103' title="bbox 2192 4649 3796 4706">
    <p class='ocr_par' dir='ltr' id='par_1_103' title="bbox 2192 4649 3796 4706">
     <span class='ocr_line' id='line_1_103' title="bbox 2192 4649 3796 4706; baseline -0.001 -2"><span class='ocrx_word' id='word_1_789' title='bbox 2192 4651 2354 4706; x_wconf 87' lang='lat' dir='ltr'><strong>etiam</strong></span> <span class='ocrx_word' id='word_1_790' title='bbox 2400 4653 2604 4705; x_wconf 74' lang='lat' dir='ltr'><strong>exactis</strong></span> <span class='ocrx_word' id='word_1_791' title='bbox 2652 4651 2717 4704; x_wconf 90' lang='lat' dir='ltr'><strong>ad</strong></span> <span class='ocrx_word' id='word_1_792' title='bbox 2771 4651 2929 4706; x_wconf 89' lang='lat' dir='ltr'><strong>fidem</strong></span> <span class='ocrx_word' id='word_1_793' title='bbox 2970 4649 3220 4705; x_wconf 89' lang='lat' dir='ltr'><strong>codicum</strong></span> <span class='ocrx_word' id='word_1_794' title='bbox 3267 4650 3593 4706; x_wconf 86' lang='lat' dir='ltr'><strong>cditionibus</strong></span> <span class='ocrx_word' id='word_1_795' title='bbox 3633 4649 3796 4704; x_wconf 81' lang='lat' dir='ltr'><strong>disci-</strong></span> 
     </span>
    </p>
   </div>
   <div class='ocr_carea' id='block_1_104' title="bbox 2194 4742 3797 4814">
    <p class='ocr_par' dir='ltr' id='par_1_104' title="bbox 2194 4742 3797 4814">
     <span class='ocr_line' id='line_1_104' title="bbox 2194 4742 3797 4814; baseline -0.003 -16"><span class='ocrx_word' id='word_1_796' title='bbox 2194 4759 2334 4798; x_wconf 91' lang='lat' dir='ltr'><strong>mus.</strong></span> <span class='ocrx_word' id='word_1_797' title='bbox 2371 4745 2444 4798; x_wconf 91' lang='lat' dir='ltr'><strong>De</strong></span> <span class='ocrx_word' id='word_1_798' title='bbox 2477 4742 2919 4797; x_wconf 89' lang='lat' dir='ltr'><strong>adnotationibus</strong></span> <span class='ocrx_word' id='word_1_799' title='bbox 2952 4758 3148 4812; x_wconf 90' lang='lat' dir='ltr'><strong>porro,</strong></span> <span class='ocrx_word' id='word_1_800' title='bbox 3198 4758 3333 4814; x_wconf 85' lang='lat' dir='ltr'><strong>quas</strong></span> <span class='ocrx_word' id='word_1_801' title='bbox 3377 4743 3570 4813; x_wconf 88' lang='lat' dir='ltr'><strong>cuique</strong></span> <span class='ocrx_word' id='word_1_802' title='bbox 3600 4750 3797 4796; x_wconf 88' lang='lat' dir='ltr'><strong>tracta-</strong></span> 
     </span>
    </p>
   </div>
   <div class='ocr_carea' id='block_1_105' title="bbox 2196 4835 3795 4906">
    <p class='ocr_par' dir='ltr' id='par_1_105' title="bbox 2196 4835 3795 4906">
     <span class='ocr_line' id='line_1_105' title="bbox 2196 4835 3795 4906; baseline 0 -16"><span class='ocrx_word' id='word_1_803' title='bbox 2196 4838 2268 4890; x_wconf 92' lang='lat' dir='ltr'><strong>tni</strong></span> <span class='ocrx_word' id='word_1_804' title='bbox 2301 4837 2651 4905; x_wconf 86' lang='lat' dir='ltr'><strong>subjecimus,</strong></span> <span class='ocrx_word' id='word_1_805' title='bbox 2695 4835 2824 4890; x_wconf 85' lang='lat' dir='ltr'><strong>illud</strong></span> <span class='ocrx_word' id='word_1_806' title='bbox 2853 4836 3083 4891; x_wconf 89' lang='lat' dir='ltr'><strong>lectores</strong></span> <span class='ocrx_word' id='word_1_807' title='bbox 3112 4852 3533 4906; x_wconf 80' lang='lat' dir='ltr'><strong>praemonemus,</strong></span> <span class='ocrx_word' id='word_1_808' title='bbox 3567 4850 3667 4890; x_wconf 93' lang='lat' dir='ltr'><strong>nos</strong></span> <span class='ocrx_word' id='word_1_809' title='bbox 3701 4851 3795 4890; x_wconf 93' lang='lat' dir='ltr'><strong>no-</strong></span> 
     </span>
    </p>
   </div>
   <div class='ocr_carea' id='block_1_106' title="bbox 2198 4928 3796 5000">
    <p class='ocr_par' dir='ltr' id='par_1_106' title="bbox 2198 4928 3796 5000">
     <span class='ocr_line' id='line_1_106' title="bbox 2198 4928 3796 5000; baseline -0.001 -14"><span class='ocrx_word' id='word_1_810' title='bbox 2198 4931 2396 4986; x_wconf 88' lang='lat' dir='ltr'><strong>bismet</strong></span> <span class='ocrx_word' id='word_1_811' title='bbox 2443 4930 2583 4983; x_wconf 86' lang='lat' dir='ltr'><strong>haud</strong></span> <span class='ocrx_word' id='word_1_812' title='bbox 2631 4930 2975 5000; x_wconf 88' lang='lat' dir='ltr'><strong>pr0posuisse</strong></span> <span class='ocrx_word' id='word_1_813' title='bbox 3019 4930 3362 4984; x_wconf 90' lang='lat' dir='ltr'><strong>solummodo</strong></span> <span class='ocrx_word' id='word_1_814' title='bbox 3391 4931 3476 4985; x_wconf 91' lang='lat' dir='ltr'><strong>vel</strong></span> <span class='ocrx_word' id='word_1_815' title='bbox 3500 4928 3796 4985; x_wconf 77' lang='lat' dir='ltr'><strong>correctio-</strong></span> 
     </span>
    </p>
   </div>
   <div class='ocr_carea' id='block_1_107' title="bbox 2201 5020 3799 5087">
    <p class='ocr_par' dir='ltr' id='par_1_107' title="bbox 2201 5020 3799 5087">
     <span class='ocr_line' id='line_1_107' title="bbox 2201 5020 3799 5087; baseline -0.003 -10"><span class='ocrx_word' id='word_1_816' title='bbox 2201 5037 2328 5077; x_wconf 93' lang='lat' dir='ltr'><strong>num</strong></span> <span class='ocrx_word' id='word_1_817' title='bbox 2357 5022 2623 5076; x_wconf 90' lang='lat' dir='ltr'><strong>rationem</strong></span> <span class='ocrx_word' id='word_1_818' title='bbox 2654 5021 2902 5087; x_wconf 87' lang='lat' dir='ltr'><strong>adferre,</strong></span> <span class='ocrx_word' id='word_1_819' title='bbox 2933 5021 3016 5075; x_wconf 94' lang='lat' dir='ltr'><strong>vel</strong></span> <span class='ocrx_word' id='word_1_820' title='bbox 3053 5021 3282 5076; x_wconf 92' lang='lat' dir='ltr'><strong>selectas</strong></span> <span class='ocrx_word' id='word_1_821' title='bbox 3316 5022 3583 5076; x_wconf 87' lang='lat' dir='ltr'><strong>variantes</strong></span> <span class='ocrx_word' id='word_1_822' title='bbox 3611 5020 3799 5075; x_wconf 82' lang='lat' dir='ltr'><strong>lectio-</strong></span> 
     </span>
    </p>
   </div>
   <div class='ocr_carea' id='block_1_108' title="bbox 2201 5112 3801 5183">
    <p class='ocr_par' dir='ltr' id='par_1_108' title="bbox 2201 5112 3801 5183">
     <span class='ocr_line' id='line_1_108' title="bbox 2201 5112 3801 5183; baseline -0.001 -15"><span class='ocrx_word' id='word_1_823' title='bbox 2201 5129 2298 5168; x_wconf 89' lang='lat' dir='ltr'><strong>nes</strong></span> <span class='ocrx_word' id='word_1_824' title='bbox 2328 5127 2620 5183; x_wconf 85' lang='lat' dir='ltr'><strong>apponere,</strong></span> <span class='ocrx_word' id='word_1_825' title='bbox 2653 5113 2731 5166; x_wconf 92' lang='lat' dir='ltr'><strong>vel</strong></span> <span class='ocrx_word' id='word_1_826' title='bbox 2760 5112 3062 5167; x_wconf 86' lang='lat' dir='ltr'><strong>difficiliora</strong></span> <span class='ocrx_word' id='word_1_827' title='bbox 3090 5113 3202 5167; x_wconf 90' lang='lat' dir='ltr'><strong>loca</strong></span> <span class='ocrx_word' id='word_1_828' title='bbox 3234 5113 3529 5181; x_wconf 81' lang='lat' dir='ltr'><strong>explicare,</strong></span> <span class='ocrx_word' id='word_1_829' title='bbox 3555 5113 3647 5167; x_wconf 89' lang='lat' dir='ltr'><strong>sed</strong></span> <span class='ocrx_word' id='word_1_830' title='bbox 3677 5129 3801 5182; x_wconf 57' lang='lat' dir='ltr'><strong>pro.</strong></span> 
     </span>
    </p>
   </div>
   <div class='ocr_carea' id='block_1_109' title="bbox 2201 5204 3803 5276">
    <p class='ocr_par' dir='ltr' id='par_1_109' title="bbox 2201 5204 3803 5276">
     <span class='ocr_line' id='line_1_109' title="bbox 2201 5204 3803 5276; baseline 0.001 -16"><span class='ocrx_word' id='word_1_831' title='bbox 2201 5205 2444 5276; x_wconf 87' lang='lat' dir='ltr'><strong>spexisse</strong></span> <span class='ocrx_word' id='word_1_832' title='bbox 2463 5205 2622 5259; x_wconf 87' lang='lat' dir='ltr'><strong>etiam</strong></span> <span class='ocrx_word' id='word_1_833' title='bbox 2662 5206 2763 5260; x_wconf 88' lang='lat' dir='ltr'><strong>alia</strong></span> <span class='ocrx_word' id='word_1_834' title='bbox 2801 5205 3078 5270; x_wconf 89' lang='lat' dir='ltr'><strong>nonnulla,</strong></span> <span class='ocrx_word' id='word_1_835' title='bbox 3105 5222 3223 5275; x_wconf 73' lang='lat' dir='ltr'><strong>qum</strong></span> <span class='ocrx_word' id='word_1_836' title='bbox 3253 5213 3362 5258; x_wconf 90' lang='lat' dir='ltr'><strong>tum</strong></span> <span class='ocrx_word' id='word_1_837' title='bbox 3388 5205 3454 5259; x_wconf 92' lang='lat' dir='ltr'><strong>ad</strong></span> <span class='ocrx_word' id='word_1_838' title='bbox 3473 5204 3803 5262; x_wconf 82' lang='lat' dir='ltr'><strong>confirman-</strong></span> 
     </span>
    </p>
   </div>
   <div class='ocr_carea' id='block_1_110' title="bbox 2202 5297 3804 5372">
    <p class='ocr_par' dir='ltr' id='par_1_110' title="bbox 2202 5297 3804 5372">
     <span class='ocr_line' id='line_1_110' title="bbox 2202 5297 3804 5372; baseline 0.002 -19"><span class='ocrx_word' id='word_1_839' title='bbox 2202 5298 2324 5353; x_wconf 88' lang='lat' dir='ltr'><strong>dam</strong></span> <span class='ocrx_word' id='word_1_840' title='bbox 2352 5299 2588 5354; x_wconf 85' lang='lat' dir='ltr'><strong>auctoris</strong></span> <span class='ocrx_word' id='word_1_841' title='bbox 2619 5308 2853 5360; x_wconf 81' lang='lat' dir='ltr'><strong>aetatem,</strong></span> <span class='ocrx_word' id='word_1_842' title='bbox 2903 5313 3016 5351; x_wconf 91' lang='lat' dir='ltr'><strong>tum</strong></span> <span class='ocrx_word' id='word_1_843' title='bbox 3044 5297 3110 5352; x_wconf 90' lang='lat' dir='ltr'><strong>ad</strong></span> <span class='ocrx_word' id='word_1_844' title='bbox 3153 5298 3357 5353; x_wconf 68' lang='lat' dir='ltr'><strong>Latinm</strong></span> <span class='ocrx_word' id='word_1_845' title='bbox 3384 5299 3675 5355; x_wconf 84' lang='lat' dir='ltr'><strong>locutionis</strong></span> <span class='ocrx_word' id='word_1_846' title='bbox 3707 5317 3804 5372; x_wconf 85' lang='lat' dir='ltr'><strong>pu-</strong></span> 
     </span>
    </p>
   </div>
   <div class='ocr_carea' id='block_1_111' title="bbox 2203 5391 3800 5465">
    <p class='ocr_par' dir='ltr' id='par_1_111' title="bbox 2203 5391 3800 5465">
     <span class='ocr_line' id='line_1_111' title="bbox 2203 5391 3800 5465; baseline 0.001 -19"><span class='ocrx_word' id='word_1_847' title='bbox 2203 5393 2418 5448; x_wconf 87' lang='lat' dir='ltr'><strong>ritatem</strong></span> <span class='ocrx_word' id='word_1_848' title='bbox 2469 5391 2843 5447; x_wconf 86' lang='lat' dir='ltr'><strong>vindicandam</strong></span> <span class='ocrx_word' id='word_1_849' title='bbox 2892 5393 3194 5446; x_wconf 88' lang='lat' dir='ltr'><strong>necessaria</strong></span> <span class='ocrx_word' id='word_1_850' title='bbox 3246 5391 3481 5448; x_wconf 89' lang='lat' dir='ltr'><strong>fuerunt.</strong></span> <span class='ocrx_word' id='word_1_851' title='bbox 3541 5393 3705 5465; x_wconf 83' lang='lat' dir='ltr'><strong>Igitur</strong></span> <span class='ocrx_word' id='word_1_852' title='bbox 3748 5396 3800 5449; x_wconf 87' lang='lat' dir='ltr'><strong>in</strong></span> 
     </span>
    </p>
   </div>
   <div class='ocr_carea' id='block_1_112' title="bbox 2205 5483 3801 5558">
    <p class='ocr_par' dir='ltr' id='par_1_112' title="bbox 2205 5483 3801 5558">
     <span class='ocr_line' id='line_1_112' title="bbox 2205 5483 3801 5558; baseline 0.002 -19"><span class='ocrx_word' id='word_1_853' title='bbox 2205 5485 2431 5553; x_wconf 88' lang='lat' dir='ltr'><strong>gratiam</strong></span> <span class='ocrx_word' id='word_1_854' title='bbox 2483 5484 2896 5549; x_wconf 87' lang='lat' dir='ltr'><strong>nonnullorum,</strong></span> <span class='ocrx_word' id='word_1_855' title='bbox 2939 5485 3029 5552; x_wconf 92' lang='lat' dir='ltr'><strong>qui</strong></span> <span class='ocrx_word' id='word_1_856' title='bbox 3079 5483 3403 5554; x_wconf 71' lang='lat' dir='ltr'><strong>praejndieiis</strong></span> <span class='ocrx_word' id='word_1_857' title='bbox 3453 5487 3659 5558; x_wconf 89' lang='lat' dir='ltr'><strong>aliquot</strong></span> <span class='ocrx_word' id='word_1_858' title='bbox 3689 5487 3801 5557; x_wconf 88' lang='lat' dir='ltr'><strong>jam</strong></span> 
     </span>
    </p>
   </div>
   <div class='ocr_carea' id='block_1_113' title="bbox 2204 5575 3803 5648">
    <p class='ocr_par' dir='ltr' id='par_1_113' title="bbox 2204 5575 3803 5648">
     <span class='ocr_line' id='line_1_113' title="bbox 2204 5575 3803 5648; baseline 0.003 -19"><span class='ocrx_word' id='word_1_859' title='bbox 2204 5575 2415 5630; x_wconf 89' lang='lat' dir='ltr'><strong>inolitis</strong></span> <span class='ocrx_word' id='word_1_860' title='bbox 2453 5575 2687 5631; x_wconf 88' lang='lat' dir='ltr'><strong>devincti</strong></span> <span class='ocrx_word' id='word_1_861' title='bbox 2713 5585 2986 5641; x_wconf 88' lang='lat' dir='ltr'><strong>tenentur,</strong></span> <span class='ocrx_word' id='word_1_862' title='bbox 3033 5577 3293 5646; x_wconf 81' lang='lat' dir='ltr'><strong>aporluit,</strong></span> <span class='ocrx_word' id='word_1_863' title='bbox 3345 5581 3502 5648; x_wconf 86' lang='lat' dir='ltr'><strong>pares</strong></span> <span class='ocrx_word' id='word_1_864' title='bbox 3545 5579 3803 5648; x_wconf 86' lang='lat' dir='ltr'><strong>quasdam</strong></span> 
     </span>
    </p>
   </div>
   <div class='ocr_carea' id='block_1_114' title="bbox 2205 5667 3803 5740">
    <p class='ocr_par' dir='ltr' id='par_1_114' title="bbox 2205 5667 3803 5740">
     <span class='ocr_line' id='line_1_114' title="bbox 2205 5667 3803 5740; baseline 0.003 -19"><span class='ocrx_word' id='word_1_865' title='bbox 2205 5667 2433 5721; x_wconf 81' lang='lat' dir='ltr'><strong>aliorum</strong></span> <span class='ocrx_word' id='word_1_866' title='bbox 2481 5683 2531 5720; x_wconf 88' lang='lat' dir='ltr'><strong>tv</strong></span> <span class='ocrx_word' id='word_1_867' title='bbox 2566 5667 2646 5722; x_wconf 91' lang='lat' dir='ltr'><strong>vel</strong></span> <span class='ocrx_word' id='word_1_868' title='bbox 2699 5668 2967 5738; x_wconf 83' lang='lat' dir='ltr'><strong>sequioris</strong></span> <span class='ocrx_word' id='word_1_869' title='bbox 3007 5669 3166 5721; x_wconf 89' lang='lat' dir='ltr'><strong>etiam</strong></span> <span class='ocrx_word' id='word_1_870' title='bbox 3203 5669 3385 5724; x_wconf 81' lang='lat' dir='ltr'><strong>saeculi</strong></span> <span class='ocrx_word' id='word_1_871' title='bbox 3432 5669 3649 5724; x_wconf 87' lang='lat' dir='ltr'><strong>Patrum</strong></span> <span class='ocrx_word' id='word_1_872' title='bbox 3679 5685 3803 5740; x_wconf 81' lang='lat' dir='ltr'><strong>sen-</strong></span> 
     </span>
    </p>
   </div>
   <div class='ocr_carea' id='block_1_115' title="bbox 2209 5759 3799 5836">
    <p class='ocr_par' dir='ltr' id='par_1_115' title="bbox 2209 5759 3799 5836">
     <span class='ocr_line' id='line_1_115' title="bbox 2209 5759 3799 5836; baseline 0.001 -19"><span class='ocrx_word' id='word_1_873' title='bbox 2209 5761 2403 5818; x_wconf 86' lang='lat' dir='ltr'><strong>tentias</strong></span> <span class='ocrx_word' id='word_1_874' title='bbox 2432 5760 2626 5818; x_wconf 88' lang='lat' dir='ltr'><strong>alicubi</strong></span> <span class='ocrx_word' id='word_1_875' title='bbox 2657 5761 2918 5830; x_wconf 87' lang='lat' dir='ltr'><strong>recitare,</strong></span> <span class='ocrx_word' id='word_1_876' title='bbox 2949 5759 3144 5832; x_wconf 81' lang='lat' dir='ltr'><strong>quibus</strong></span> <span class='ocrx_word' id='word_1_877' title='bbox 3171 5761 3378 5836; x_wconf 84' lang='lat' dir='ltr'><strong>aliquas</strong></span> <span class='ocrx_word' id='word_1_878' title='bbox 3424 5759 3659 5819; x_wconf 83' lang='lat' dir='ltr'><strong>Zenonis</strong></span> <span class='ocrx_word' id='word_1_879' title='bbox 3690 5763 3799 5819; x_wconf 81' lang='lat' dir='ltr'><strong>for-</strong></span> 
     </span>
    </p>
   </div>
  </div>
