4242 6168
401 263 412 275 ⁸
500 258 568 312 ‘27
1887 252 2254 310 PllOLEGOM
2267 253 2395 310 ENA
2409 293 2420 308 .
2481 247 2492 252 κ
3731 270 3753 310 ι
3767 260 3798 309 8

501 355 910 440 bitaveritJnon
951 370 1092 450 hunc
1113 413 1127 438 ,
1176 373 1270 427 sed
1298 369 1573 428 Zenonem
1601 370 1764 426 alium
1794 369 2094 432 Veronensi
2125 375 2171 434 Α
2203 366 2437 423 Zenonis
2467 367 2629 422 vitam
2653 365 2882 421 subinde
2912 365 3110 422 editam
3141 382 3230 424 an.
3262 369 3400 425 1597
3427 369 3676 442 sutiragia
3709 371 3803 424 atl—

500 464 790 530 Ecclesizn,
839 475 898 522 ut
960 464 1208 535 putabat.
1254 465 1566 536 cognitum,
1613 465 1706 537 qui
1758 465 1920 535 paulo
1966 473 2095 520 ante

501 559 559 618 8.
591 557 936 615 Ambrosium
963 558 1158 614 vixerit
1189 557 1208 626 (
1231 566 1290 612 ut
1318 573 1382 614 ex
1432 557 1591 628 hujus
1619 557 1870 628 epistolis
1916 556 2103 628 colligi

498 651 599 708 sibi
633 649 954 720 videbatur)
986 665 1175 706 eorum
1205 664 1516 706 sermonum
1547 660 1832 708 auctorem
1862 649 2100 714 censuit,

499 758 622 800 cum
677 745 980 813 praasertim
1021 757 1187 798 εει-ιιι.
1218 742 1252 797 5
1284 743 1378 799 lib.
1425 758 1504 807 ιιι,
1557 757 1626 798 ex
1676 742 1850 812 prima
1897 739 2104 798 Veneta

499 836 760 902 editione,
793 851 935 895 nunc
961 844 1143 891 οιιιειιι
1185 845 1341 890 tract.
1389 835 1420 890 7
1463 834 1559 890 lib.
1613 850 1673 903 ιι,
1699 836 1828 892 .Arii
1875 833 2103 890 hanresis

499 937 684 1000 aperte
708 937 947 995 notetur,
975 928 1026 982 id
1055 927 1198 998 quod
1225 939 1502 984 auctorem
1523 918 1800 1002 saeculq'tv
1827 927 1986 983 citius
2007 927 2104 984 ad-

497 1023 844 1080 scribendum
875 1023 1132 1080 ostendit.

571 1119 700 1177 Haec
725 1135 848 1176 cum
894 1118 965 1173 ita
1009 1133 1070 1174 se
1119 1117 1407 1183 haberent,
1457 1114 1496 1172 S
1549 1115 1782 1198 Zenonis
1820 1129 2105 1172 sermones

500 1214 732 1270 Verona:
749 1213 976 1283 jubente
997 1211 1256 1268 cardinali
1280 1213 1592 1286 .Augustiuo
1614 1201 1832 1267 Valerio
1856 1209 2105 1281 Raphae-

502 1306 570 1362 lis
614 1307 829 1376 Bagata:
859 1314 913 1359 et
952 1304 1204 1372 Baptista:
1260 1303 1456 1358 Peretti
1513 1303 1692 1362 Studio
1738 1303 1930 1358 iterum
1975 1316 2104 1372 pro-

509 1397 724 1462 dcunt;
775 1396 830 1454 lli
877 1406 1054 1451 autent
1113 1396 1474 1467 intelligentes
1527 1383 1833 1450 Veronensis
1863 1394 2107 1450 Ecclesia:

505 1501 751 1562 perpetua
794 1490 1074 1548 traditione
1121 1489 1327 1543 nullum
1359 1489 1526 1542 alium
1551 1479 1844 1542 "Zenonem
1889 1489 2103 1558 episco-

504 1601 628 1657 pum
659 1585 707 1640 ei
738 1587 1014 1656 cognitum
1050 1600 1283 1654 unquam
1317 1586 1483 1639 fuisse
1510 1594 1695 1656 prwter
1719 1583 1977 1638 Zenonem
1998 1587 2107 1656 epi-

504 1697 712 1751 scopum
741 1690 788 1735 et
818 1689 1115 1751 martyrem,
1146 1688 1204 1733 ut
1234 1679 1400 1744 hunc,
1431 1680 1520 1749 qui
1554 1680 1655 1735 sub
1683 1678 1931 1736 Gallieno
1955 1694 2103 1733 mar-

2202 459 2339 516 didit
2367 459 2645 517 Guillelmi
2692 460 2974 532 Pastrengi
3014 471 3069 516 et
3116 460 3394 518 Michaelis
3431 463 3667 529 Fossati,
3711 467 3803 534 qui

2205 568 2397 610 omnes
2424 565 2550 609 ante
2595 553 2843 610 eamdem
2889 554 3182 612 editionem
3229 557 3460 615 Zenonis
3491 573 3805 617 sermonum

2206 645 2538 702 mentionem
2565 646 2826 702 fecerant.

2281 737 2429 794 llanc
2463 738 2831 806 prmiationem
2863 754 2986 795 cum
3022 741 3244 812 legisset
3275 742 3577 811 Baronius,
3605 744 3805 802 intelli-

2205 844 2339 901 gens
2387 846 2416 885 a
2463 830 2768 887 Veronensi
2821 831 3066 890 Ecclesia
3113 851 3277 890 unum
3330 843 3540 891 tantum
3585 839 3804 909 agnosci

2206 925 2479 981 Zenonem
2503 927 2840 998 epiSCoputn,
2867 930 3228 1000 eumdemque
3249 946 3372 986 esse
3396 931 3574 999 illum,
3591 935 3680 1004 qui
3704 935 3807 991 sub

2207 1016 2457 1074 Gallieno
2490 1030 2692 1092 martyr
2715 1022 2935 1087 colitur,
2963 1037 3386 1094 sermonumque
3421 1035 3613 1081 auctor
3642 1025 3808 1082 habe.

2208 1119 2316 1176 tur,
2343 1112 2577 1178 priorem
2605 1113 2905 1181 repudiavit
2931 1117 3281 1183 sententiam,
3300 1116 3650 1189 decrevitque
3672 1117 3808 1173 Mar-

2209 1203 2459 1276 tyrologii
2516 1206 2826 1261 notationes
2878 1223 2940 1262 ea
2990 1207 3043 1262 in
3092 1222 3245 1278 parte
3274 1209 3590 1274 emendare,
3640 1211 3804 1282 idque

2209 1298 2384 1367 ipsum
2409 1313 2467 1354 se
2501 1300 2766 1354 facturum
2800 1301 3060 1356 cardinali
3092 1303 3312 1359 Valerio
3343 1303 3530 1359 Romae
3561 1313 3674 1361 tum
3714 1305 3810 1360 dr-

2207 1392 2359 1461 genti
2387 1393 2616 1458 recepit,
2650 1404 2707 1446 ut
2737 1394 2903 1464 liquet
2929 1411 2997 1450 ex
3028 1396 3186 1465 hujus
3213 1397 3441 1464 epistola
3470 1397 3536 1452 ad
3569 1396 3810 1453 editores

2210 1485 2558 1540 Veronenses
2576 1485 2698 1540 data
2727 1485 2816 1541 die
2849 1489 2912 1542 17
2932 1488 3165 1558 januarii
3187 1504 3276 1543 an.
3310 1490 3467 1555 1587,
3495 1489 3648 1560 cujus
3672 1488 3812 1558 frag-

2211 1590 2451 1634 mentum
2481 1578 2732 1648 Perettus
2761 1581 2812 1636 in
2839 1581 3058 1636 scholiis
3081 1583 3149 1638 ad
3174 1585 3334 1638 vitam
3363 1584 3597 1639 Zenonis
3618 1583 3808 1639 edidit.

2222 1673 2512 1728 Enimvero
2546 1672 2623 1737 id,
2673 1672 2813 1742 quod
2845 1674 3115 1743 pollicitus
3138 1687 3242 1741 est,
3278 1676 3527 1747 pnestitit
3555 1677 3608 1731 in
3654 1675 3810 1731 addi-

508 1774 704 1846 tyrium
731 1774 935 1830 obiisse
968 1772 1300 1838 tradebatur,
1334 1787 1648 1828 sermonum
1675 1782 1950 1828 auctorem
1981 1786 2104 1828 esse
2133 1771 2182 1831 B
2210 1765 2445 1822 tionibus
2493 1769 2559 1821 ad
2612 1767 2976 1839 Martyrologii
3030 1773 3356 1838 notationes,
3403 1787 3522 1841 quae
3554 1770 3812 1827 secunda:

505 1865 894 1930 defenderent,
929 1865 1065 1920 Sixti
1112 1864 1371 1921 Senensis
1409 1874 1616 1933 aperte,
1666 1863 1880 1919 Baronii
1921 1872 2126 1919 autem.

505 1972 800 2028 suppresso
826 1957 1046 2013 nomine
1085 1965 1399 2028 argumenta
1439 1956 1645 2012 diluere
1677 1957 1728 2011 ιιι
1781 1955 2099 2026 praefatione

506 2051 683 2105 nonali
715 2060 860 2104 sunt.
896 2049 976 2106 Ad
1011 2049 1060 2104 id
1090 2050 1268 2120 igitur,
1294 2048 1438 2120 quod
1462 2061 1526 2104 ex
1553 2049 1824 2105 Ambrosii
1856 2049 2106 2119 epistolis

510 2143 774 2198 Barouins
796 2141 1015 2212 ohjecit,
1043 2152 1400 2211 reposuerunt
1427 2140 1559 2196 nihil
1586 2157 1730 2207 eSse,
1754 2141 1896 2210 quod
1927 2141 2101 2197 Zeno-

508 2251 629 2290 nem
653 2234 851 2290 ibidem
877 2246 1234 2290 memoratum
1276 2231 1483 2306 [xxxiv]
1504 2232 1872 2290 Veronensem
1894 2235 2107 2303 episco-

511 2345 636 2398 pum
651 2342 769 2383 esse
779 2327 1384 2384 convincat.At-ianismi
1401 2342 1564 2397 porro
1575 2341 1796 2384 errores
1814 2329 1946 2382 satis
1959 2328 2110 2383 aiunt

509 2420 750 2492 potuisse
781 2437 808 2472 a
841 2421 1377 2490 Zenoneimpngnari
1410 2421 1672 2475 adversus
1689 2420 2109 2492 0rigeuem,qui

508 2529 573 2570 ex
609 2513 910 2583 Epiphanio
931 2512 1046 2569 Arii
1077 2523 1228 2585 pater
1256 2511 1376 2568 fuit.
1401 2512 1555 2579 Quod
1583 2523 1761 2567 autem
1792 2527 1857 2567 ex
1886 2513 2109 2582 quadri-

508 2615 796 2676 gentorum
823 2618 1088 2660 annorum
1130 2605 1408 2660 notatione
1450 2605 1502 2659 in
1551 2613 1708 2658 tract.
1753 2604 1787 2658 5
1829 2605 1897 2660 de
1925 2602 2112 2660 Conti—

513 2699 695 2754 nentia
727 2697 911 2754 Sixtns
941 2698 1203 2754 Senensis
1235 2697 1456 2768 collegit
1485 2714 1496 2750 :
1530 2698 1782 2752 mendum
1827 2699 2112 2768 irrepsisse

515 2794 567 2848 in
603 2807 886 2848 numerant
918 2791 1051 2846 nihil
1076 2790 1346 2856 dubitant,
1377 2806 1439 2845 ac
1464 2789 1691 2861 proinde
1710 2805 1775 2846 eo
1802 2791 1854 2845 in
1883 2801 2110 2846 tractatu

511 2890 756 2942 ducentos
809 2902 905 2957 pro
927 2886 1325 2956 quadringentos
1366 2899 1722 2954 supposuere.
1760 2885 1834 2940 De
1880 2897 2114 2956 quatuor

519 2996 650 3036 vero
676 2980 1047 3044 sermonibus,
1072 2977 1165 3048 qui
1191 2979 1328 3032 inter
1355 2977 1412 3033 8.
1436 2975 1617 3034 Basilii
1647 2976 1896 3032 homilias
1926 2975 2114 3035 Grmce

515 3075 702 3145 scripti
761 3072 1130 3144 reperiuntur,
1178 3078 1491 3140 argumenta
1521 3070 1622 3125 sibi
1669 3086 1774 3125 non
1805 3070 1997 3126 deesse
2029 3071 2112 3124 in-

2213 1861 2439 1916 ωἰιίοιιὶ
2469 1861 2688 1916 insertat
2733 1871 2879 1928 sunt,
2915 1863 3004 1919 ubi
3047 1863 3252 1919 Zenoni
3281 1864 3521 1935 martyri
3562 1863 3664 1918 sub
3689 1863 3816 1920 Gal-

2213 1953 2360 2008 lieno
2409 1965 2669 2009 tractatus
2717 1971 2912 2012 omnes
2959 1959 3200 2026 ejusdem
3253 1957 3472 2012 nomine
3522 1956 3813 2026 inscriptos

2211 2049 2488 2106 vindicare
2519 2065 2623 2104 non
2655 2051 2900 2120 ambigit,
2934 2051 3003 2107 iis
3033 2052 3408 2118 tantummodo
3429 2051 3698 2121 exceptis,
3721 2051 3814 2121 qui

2210 2151 2395 2197 contra
2443 2142 2676 2198 Arianos
2725 2145 3006 2212 explorate
3049 2142 3344 2212 diSserunt,
3375 2148 3559 2203 ethos
3593 2149 3811 2221 quidem

2213 2237 2362 2293 inter.
2384 2234 2727 2290 Zenonianos
2752 2238 2820 2292 ab
2847 2238 3263 2292 amanuensibus
3305 2255 3586 2309 perperam
3627 2244 3800 2297 intru-

2212 2345 2305 2385 sos
2327 2331 2602 2401 opinatur,
2629 2348 2744 2384 cum
2775 2348 2960 2386 navum
2989 2349 3092 2387 non
3117 2334 3182 2387 sit
3203 2333 3256 2387 in
3281 2335 3518 2403 aperibus
3546 2337 3697 2391 unius
3723 2354 3806 2392 re-

2213 2425 2308 2478 teri
2351 2424 2617 2496 scriptoris
2654 2425 2852 2494 aliquid
2880 2425 3094 2480 alterius
3136 2426 3428 2481 admisceri.
3473 2428 3598 2484 H:cc
3625 2439 3803 2486 autem

2212 2516 2396 2585 opinio
2421 2521 2492 2571 ita
2517 2516 2728 2570 Baronii
2755 2517 2938 2572 animo
2964 2516 3199 2583 iub-.esit,
3227 2527 3282 2572 ut
3302 2519 3604 2587 scripserit,
3625 2538 3802 2577 errare

2214 2618 2349 2663 certe
2391 2609 2509 2663 illos
2539 2610 2633 2663 sibi
2668 2610 2850 2677 uideri,
2873 2611 2960 2679 qui
3007 2627 3164 2664 unum
3207 2611 3494 2666 adserentes
3519 2613 3802 2680 Zenonem,

2215 2721 2328 2758 eum
2363 2703 2616 2759 Ambrosii
2645 2704 2955 2775 temporibus
2986 2706 3173 2760 vixisse
3197 2709 3393 2770 volunt,
3426 2724 3581 2777 eaque
3607 2710 3813 2777 potissi-

2217 2814 2354 2851 mum
2383 2799 2598 2862 ratione,
2627 2799 2762 2866 quod
2803 2807 2984 2874 auctor
3010 2798 3062 2850 in
3091 2813 3242 2852 term.
3275 2797 3339 2851 de
3374 2795 3635 2852 Pudicitia
3661 2800 3679 2870 (
3703 2815 3820 2854 me-

2219 2891 2322 2945 lius
2365 2890 2433 2944 de
2481 2888 2868 2960 Continentia)
2918 2873 3145 2944 numeret
3187 2890 3250 2943 ab
3287 2891 3506 2961 apostoli
3546 2889 3704 2944 Pauli
3749 2892 3820 2945 ad

2217 2980 2451 3038 Corinth.
2497 2984 2717 3046 primam
2761 2981 3026 3036 scribentis
3066 2982 3334 3051 epistolam
3362 2993 3582 3054 tempore
3620 3000 3804 3050 annos,

2218 3086 2272 3128 ut
2308 3077 2402 3141 ait,
2436 3077 2596 3147 ferme
2626 3089 2755 3130 cccc
2783 3085 2911 3128 eteo
2937 3073 3180 3144 amplius.
3221 3074 3316 3129 Cui
3373 3075 3700 3145 Oppositioni
3734 3091 3820 3130 re-

515 3169 726 3238 quium,
752 3163 934 3238 quibus
959 3165 1177 3237 probare
1203 3163 1374 3218 liceret
1416 3178 1500 3217 eos
1529 3178 1726 3233 quoque
1754 3161 1977 3218 Graecos
2006 3179 2114 3217 δεν-
2139 3156 2184 3218 C
2218 3183 2516 3237 sponsurus
2538 3168 2719 3223 addit:
2750 3165 2900 3222 Certe
2927 3169 2970 3222 si
2997 3169 3111 3234 quis
3137 3176 3365 3222 numeret
3391 3167 3820 3239 annosquadrin-

517 3277 689 3316 ntanes
715 3259 783 3313 ad
812 3257 874 3314 S.
905 3256 1160 3311 Zenonem
1187 3265 1413 3308 nostrum
1453 3256 1724 3324 pertinere,
1755 3269 1824 3309 ex
1869 3271 1934 3308 eo
1967 3255 2114 3310 scili-

515 3364 622 3421 cet,
655 3352 798 3424 quod
835 3352 977 3406 hunc
1015 3350 1185 3405 multo
1223 3360 1355 3427 ante.
1387 3347 1444 3404 8.
1491 3348 1746 3403 Basilium
1796 3349 1846 3401 in
1892 3347 2115 3403 Oriente

519 3447 843 3522 prmdicasse
893 3443 1221 3500 existiment.
1260 3442 1366 3498 Sed
1401 3441 1500 3496 hac
1531 3458 1590 3500 re
1627 3441 1915 3511 derelicta,
1967 3440 2109 3511 quod

517 3539 818 3596 contentiosi
847 3553 956 3592 esse
988 3535 1175 3602 nolint,
1207 3543 1486 3592 transeunt
1512 3533 1578 3589 ad
1623 3533 1862 3606 quinque
1910 3542 2113 3590 tracta-

520 3641 625 3694 tus,
661 3632 750 3699 qui
796 3629 849 3684 in
894 3629 952 3684 S.
987 3628 1175 3684 Hilarii
1216 3625 1622 3684 commentariis
1669 3625 1890 3681 totidem
1935 3625 2114 3681 verbis

518 3732 902 3787 recensentur;
933 3737 1162 3790 cumque
1193 3733 1386 3789 prwter
1425 3721 1526 3775 hos
1547 3720 1783 3790 quinque
1815 3735 1950 3774 untts
1974 3720 2113 3774 alius

518 3823 695 3870 exstet
717 3815 772 3870 in
803 3815 1058 3883 psalmum
1089 3829 1226 3868 cxxx
1259 3813 1327 3868 ab
1365 3813 1494 3882 ipsis
1526 3812 1815 3883 inscriptus
1846 3813 1865 3882 (
1891 3827 1918 3865 a
1953 3812 2114 3867 nobis

518 3915 700 3962 autem
727 3921 793 3962 ex
822 3920 954 3960 mss.
987 3905 1051 3959 de
1070 3904 1394 3969 Humilitate,
1427 3912 1582 3959 tract.
1630 3905 1661 3957 7
1687 3903 1780 3958 lib.
1813 3904 1864 3973 ι)
1893 3903 1983 3972 qni
2013 3902 2114 3958 du-

521 3999 609 4055 bio
634 3997 818 4070 procul
847 3997 1186 4054 Zenonianns
1209 4009 1310 4062 est,
1345 3996 1540 4068 quippe
1570 3998 1661 4069 qni
1688 3998 1742 4054 in
1771 3997 1959 4052 l‘lilarii
1984 4013 2118 4068 ope-

519 4093 670 4150 ribus
726 4109 832 4148 non
881 4092 1106 4163 legitur:
1137 4090 1505 4148 Zenonianum
1555 4105 1768 4161 quoque
1799 4103 1919 4146 esse
1952 4091 2139 4146 alium.

521 4195 808 4242 tractatum
841 4185 1074 4240 similem
1109 4186 1161 4239 in
1192 4184 1443 4240 eumdem
1479 4183 1744 4254 psalmum
1774 4197 2116 4254 nequaquam

518 4277 819 4348 ambigunt,
848 4288 1131 4347 pmpterea
1160 4276 1304 4348 quod
1331 4275 1550 4332 easdem
1574 4275 1872 4330 sententias
1902 4273 2120 4331 eadem-

520 4387 625 4442 que
665 4388 772 4427 non
806 4386 1078 4443 nunquam
1113 4371 1275 4427 verba
1306 4369 1494 4438 refert,
1524 4381 1577 4426 et
1605 4370 1747 4426 sicut
1775 4369 1937 4436 hunc,
1971 4369 2043 4424 ita
2066 4378 2121 4423 et

519 4466 657 4522 alios
675 4477 906 4538 quatuor
928 4467 1102 4522 eidem
1127 4468 1331 4524 auctori
1362 4466 1679 4546 tribuendos
1699 4467 1982 4539 colligunt,
2003 4481 2121 4523 om-

2218 3272 2394 3333 gentos
2419 3263 2482 3314 ab
2506 3279 2592 3315 an.
2627 3261 2834 3315 Domini
2862 3262 2930 3316 57
2960 3278 3060 3332 quo
3084 3261 3230 3316 illam
3273 3278 3384 3316 esse
3407 3280 3438 3315 a
3462 3261 3632 3316 Paulo
3655 3264 3821 3335 scrip-

2218 3364 2322 3407 tam
2349 3355 2612 3424 epistolam
2651 3357 2702 3408 in
2725 3355 3019 3420 Annalibus
3051 3356 3504 3411 demonstravimus
3533 3373 3552 3422 ;
3579 3358 3808 3427 oportuit

2218 3459 2475 3501 unctorem
2526 3463 2642 3503 eum
2686 3450 2950 3516 scripsisse
2996 3463 3087 3502 an.
3123 3448 3252 3512 657,
3303 3461 3412 3518 post
3458 3451 3651 3503 obitum
3695 3466 3817 3506 vero

2221 3541 2498 3605 Ambrosii,
2527 3543 2634 3612 qui,
2669 3551 2722 3598 ut
2753 3541 2900 3598 habet
2923 3540 3259 3596 Marcellinus
3288 3542 3344 3596 in
3375 3539 3650 3606 Chronico,
3686 3543 3819 3596 obiit

2219 3653 2305 3689 an.
2341 3634 2548 3688 Domini
2570 3635 2696 3691 597.
2726 3635 3065 3702 Quamobrem
3085 3651 3200 3690 tum
3222 3634 3314 3689 illa
3336 3636 3534 3688 numeri
3553 3646 3673 3690 nota
3697 3653 3814 3703 nec,

2220 3739 2275 3781 ut
2303 3730 2496 3793 volunt,
2538 3729 2792 3783 Ambrosii
2833 3729 3146 3798 temporibus
3185 3730 3356 3797 aptari
3383 3727 3564 3798 possit,
3596 3727 3809 3782 mendo-

2219 3837 2332 3874 sam
2377 3837 2486 3875 esse
2530 3821 2780 3875 neminem
2825 3831 2950 3892 puto
2989 3824 3114 3893 jure
3157 3837 3306 3891 posse
3355 3837 3540 3891 negare
3581 3831 3684 3875 :et
3748 3820 3822 3874 ita

2219 3927 2252 3970 ο
2275 3914 2653 3970 nendationem
2701 3915 2946 3968 ducentos
2975 3913 3042 3968 ab
3073 3913 3372 3968 editoribus
3413 3913 3825 3968 Veronensibus

2220 4005 2413 4060 iactam
2447 4007 2655 4078 probat.
2688 4006 2958 4062 Zenonem
2986 4015 3162 4061 autem
3180 4003 3345 4074 tertii,
3379 4021 3480 4061 non
3507 4005 3679 4076 quarti
3712 4020 3825 4060 sae-

2221 4093 2329 4148 culi
2377 4095 2695 4164 scriptorem
2725 4095 2894 4150 luisse
2932 4092 3105 4149 tribus
3133 4091 3462 4166 argumentis
3498 4091 3828 4148 conﬁrmare

2223 4185 2433 4242 nititur.
2462 4185 2646 4241 Primo
2674 4185 2816 4256 quod
2845 4194 3039 4240 auctor
3069 4185 3353 4241 invehatur
3390 4183 3737 4240 vehementer
3767 4184 3824 4240 in

2223 4281 2450 4336 leminas
2489 4280 2779 4350 gentilibus
2824 4280 3111 4348 nubentes,
3177 4279 3548 4352 idolorumqne
3616 4280 3819 4350 templa

2223 4383 2348 4429 tunc
2368 4375 2534 4431 fuisse
2557 4376 2814 4446 patentia,
2839 4375 3188 4445 vietimasqne
3211 4373 3478 4429 immolari
3497 4369 3682 4428 solitas
3700 4388 3826 4443 pro-

2221 4469 2334 4534 dat,
2357 4484 2479 4540 quae
2506 4467 2839 4525 Constantini
2877 4479 2930 4524 et
2961 4465 3262 4523 Constantii
3294 4466 3501 4537 legibus
3533 4466 3696 4520 vetita
3718 4505 3732 4530 ,
3767 4475 3826 4520 et

523 4578 728 4632 nesque
761 4563 812 4617 in
838 4561 1024 4620 Hilarii
1053 4563 1502 4620 commentarium
1533 4561 1600 4619 ab
1629 4562 1811 4631 aliquo
1842 4560 2010 4616 fuisse
2037 4560 2121 4615 in-
2147 4552 2201 4612 D
2229 4561 2496 4615 Ambrosii
2526 4561 2754 4632 proinde
2799 4575 2914 4614 a-vo
2950 4559 3123 4614 aliena
3165 4559 3426 4613 Baronius
3453 4565 3658 4612 censet.
3690 4556 3824 4612 Dein

520 4663 700 4712 sertos
725 4655 1080 4712 arbitrantur.
1111 4655 1311 4712 Omnes
1342 4672 1471 4710 vero
1505 4665 1616 4710 tum
1647 4654 1855 4721 Basilii,
1889 4663 1998 4709 tum
2029 4653 2120 4707 lli-

524 4748 660 4816 larii,
693 4750 767 4805 uti
795 4764 828 4805 a
858 4749 1180 4805 censoribus
1210 4749 1568 4815 vocabantur,
1599 4757 1882 4815 tractatus,
1915 4763 2037 4804 cum
2064 4747 2116 4802 in

523 4851 760 4908 vetusto,
785 4858 944 4914 quem
971 4843 1266 4915 appellant,
1293 4843 1481 4899 codice
1508 4858 1608 4896 una
1633 4857 1756 4898 cum
1789 4840 2120 4897 Zenonianis

523 4935 1512 5008 repererinl,defraudare,inquiunt,S
1523 4933 1798 4989 .Zenonem
1813 4933 1996 4991 debitae
2014 4947 2123 4987 sua:

524 5027 694 5084 laudis
717 5031 1037 5103 possessione
1055 5031 1171 5084 ausi
1190 5046 1290 5084 non
1311 5045 1510 5084 sumus.
1534 5029 1666 5097 Quae
1692 5042 1856 5098 porro
1884 5028 2121 5096 objectio

523 5135 588 5175 ex
615 5121 760 5192 stylo
784 5132 838 5177 et
864 5122 1132 5177 brevitate
1153 5138 1180 5174 τι
1205 5122 1359 5176 Sixto
1378 5131 1618 5192 urgetur,
1642 5121 1774 5176 satis
1796 5121 1934 5177 bene
1959 5119 2120 5175 dilui-

526 5221 632 5266 tur.
657 5213 898 5270 Tandem
928 5213 1301 5269 conlirmatnri
1340 5225 1587 5268 sanctum
1621 5212 1893 5268 Zenonem
1926 5228 1983 5268 nt
2009 5227 2116 5268 sat-

527 5305 629 5358 culi
661 5315 934 5361 auctorem
965 5321 1059 5362 eos
1088 5321 1371 5363 sermones
1412 5308 1717 5377 scripsisse,
1759 5305 2008 5375 quaedam
2053 5321 2122 5361 ex

529 5393 718 5450 iisdem
747 5397 1085 5466 antiquitatis
1116 5397 1310 5454 indicia
1337 5398 1596 5468 colligere
1625 5397 1861 5465 student,
1894 5413 2125 5468 quorum

529 5493 857 5562 praecipuum
893 5495 1328 5560 persecutionum
1363 5506 1767 5567 martyrumque
1797 5495 2125 5550 mentionem

524 5593 760 5652 spectat,
800 5585 1053 5656 Petrique
1087 5586 1154 5642 de
1197 5585 1476 5642 Natalibus
1522 5587 1763 5658 episcopi
1806 5586 2036 5657 Equilini
2065 5600 2130 5642 ac

535 5675 702 5733 Flavii
731 5677 946 5745 Blandi,
973 5681 1064 5751 qui
1103 5683 1291 5753 prima:
1318 5683 1540 5739 editioni
1581 5689 1994 5754 praicessernnt,
2027 5689 2131 5738 tes-

550 5770 773 5834 timonia
797 5770 1054 5856 allegant.
1083 5773 1332 5846 Perenna
1354 5790 1483 5846 vero
1503 5775 1561 5852 in
1587 5774 1794 5846 Latinis
1822 5773 2043 5844 scholiis
2064 5772 2133 5840 ad

2225 4652 2540 4708 idololatriae
2552 4655 2704 4724 signa
2732 4654 2953 4722 ipsaque
2977 4651 3117 4706 idola
3145 4651 3197 4704 in
3222 4650 3454 4705 nunnnis
3479 4649 3684 4717 sculpta
3713 4649 3827 4703 col-

2223 4743 2338 4816 ligit
2360 4762 2423 4800 ex
2457 4762 2624 4802 serm.
2663 4747 2698 4800 2
2727 4745 2794 4800 de
2824 4744 3081 4806 Avaritia,
3112 4744 3200 4812 qui
3233 4759 3374 4797 nunc
3403 4753 3488 4796 est
3517 4750 3582 4794 tr.
3616 4740 3683 4794 l0
3714 4740 3750 4793 1.
3785 4757 3825 4808 ι,

2224 4838 2367 4908 quod
2396 4838 2462 4893 ad
2493 4845 2728 4902 aetatem,
2759 4839 2809 4890 in
2836 4851 2938 4904 qua
2968 4835 3168 4890 ethnici
3202 4834 3553 4904 imperatores
3578 4830 3829 4884 domina-

2227 4929 2776 4991 rentur.rel’erendum
2798 4927 3014 4982 indubie
3032 4924 3218 4999 [xxxv]
3235 4924 3425 4979 statuit
3449 4942 3461 4976 :
3487 4937 3608 4976 nam
3633 4935 3660 4974 a
3683 4920 3828 4976 Con-

2233 5027 2459 5080 stantino
2481 5023 2696 5094 Magno,
2721 5023 2916 5093 inquit,
2932 5025 3136 5094 jussum
3155 5036 3284 5085 esse,
3311 5029 3364 5072 at
3381 5033 3620 5072 nummus
3643 5014 3830 5072 Crucis

2235 5121 2381 5189 signa
2411 5119 2813 5186 imprimeretur,
2839 5127 3058 5171 testatur
3095 5114 3411 5168 Sozomsnus
3430 5110 3522 5165 lib.
3553 5126 3591 5174 ι,
3621 5125 3736 5180 cap.
3768 5109 3826 5175 8,

2237 5210 2396 5282 idque
2413 5227 2476 5266 ex
2491 5210 2611 5265 aliis
2622 5209 2847 5264 aliorum
2867 5207 3199 5264 Constantini
3222 5218 3593 5260 successorum
3611 5201 3794 5256 nuntis
3807 5233 3826 5244 ο

2237 5304 2490 5370 motibus,
2522 5318 2643 5372 qum
2673 5313 2901 5368 exstant,
2931 5300 3100 5354 multo
3121 5298 3440 5353 luculentius
3461 5297 3828 5354 demonstrari

2232 5395 2484 5451 nfllrmat.
2522 5395 2670 5451 Hanc
2715 5394 2931 5451 tandem
2961 5391 3486 5448 animadversionem
3517 5389 3677 5445 tertio
3707 5391 3830 5445 loco

2235 5497 2388 5559 urget
2420 5506 2432 5540 :
2467 5485 2594 5542 Cum
2625 5498 2806 5542 auctor
2834 5488 2890 5540 in
2926 5500 3158 5540 sermone
3187 5483 3250 5538 de
3293 5481 3500 5552 Spiritu
3547 5482 3826 5552 Addi/ient.

2237 5581 2416 5636 domus
2447 5581 2544 5637 Dei
2574 5581 2723 5650 plane
2768 5581 3110 5644 demonstret,
3145 5593 3202 5631 eo
3231 5586 3461 5646 tempore
3481 5577 3674 5631 nullum
3703 5583 3834 5627 trin-

2246 5675 2418 5747 plum,
2469 5683 2556 5730 aut
2598 5689 2862 5746 perrarum
2908 5671 3063 5742 fuisse
3119 5680 3339 5726 erectum
3366 5712 3382 5739 ,
3455 5669 3592 5739 quod
3661 5676 3834 5738 posset

2241 5770 2532 5856 contparari
2563 5785 2683 5846 cum
2721 5769 2914 5836 (edibus
2953 5767 3242 5844 idolorum,
3297 5782 3508 5850 prorsus
3551 5762 3830 5854 signiﬁcat,
