4242 6168
3298 83 3320 108 ί
3365 121 3368 123 .

354 184 430 240 ε)
1238 166 1693 224 DlSSEBTATIO
1738 169 1781 236 ι,
1839 170 1933 228 un
1974 174 2031 229 s.
2073 174 2226 229 ΖΕΝ.
2269 174 2511 232 TRAC'I‘.
2557 173 2938 230 enarrare.
3437 143 3440 145 Α
3691 217 3736 235 μ
3789 247 3792 250 ρ

351 320 408 360 ω
483 308 605 352 ante
673 289 1035 348 Constantini
1100 299 1330 357 ternpora
1388 283 1654 351 claruisse,
1706 286 1883 356 cujus
1913 305 2032 357 ope-
2061 289 2336 355 Aseculi,
2387 290 2517 348 nihil
2571 289 2696 348 novi
2744 286 3123 364 intulerunt),
3153 295 3257 354 etsi
3311 296 3631 364 prmviilerit
3675 309 3774 348 eos

350 414 415 451 ra
470 402 675 449 certum
734 396 813 442 est
891 394 1002 440 tant
1072 382 1127 436 in
1199 377 1470 432 Occidente
1500 420 1514 442 ,
1567 379 1880 448 prtesertim
1926 400 2038 440 vero

353 488 566 551 Romae,
585 497 750 553 qutun
775 479 832 533 in
860 471 1106 544 Oriente,
1137 482 1192 528 ut
1231 467 1614 542 Hierosolymis,
1631 469 1968 544 Amice/sire,
1987 487 2035 533 et

351 574 847 648 Constantitmpoli,
882 571 1110 641 aliisque
1136 568 1190 622 in
1219 563 1346 619 locis
1402 564 1796 636 augustissimus
1834 581 2034 628 ενοι-ωε

353 692 472 732 esse
509 670 782 728 basilicas.
842 657 1137 734 Ejusmodi
1170 664 1259 713 est
1291 664 1555 725 postrema
1589 655 1900 718 cardinalis
1934 663 2032 720 Ba-

353 768 501 826 ron“
525 760 833 826 sententia,
862 765 923 812 ut
947 755 1145 810 mirum
1170 747 1252 804 sit
1275 747 1524 816 maxime,
1552 749 1696 805 hunc
1718 764 1747 804 a
1777 751 1855 808 P.
1887 756 2026 812 Lab-

355 859 638 918 beoinlcr
673 871 772 911 eos
812 845 1125 912 accenseri,
1167 845 1272 915 qui
1321 839 1520 897 Zenoni
1556 840 1879 904 Veronensi
1931 849 2027 906 hos

356 965 652 1011 sermones
681 948 824 1006 falso
855 943 1022 1000 tribui
1063 935 1282 1013 opinati
1331 949 1476 990 sunt.
1518 935 1751 996 Vossius
1798 943 2024 1012 quidem

356 1047 429 1105 de
463 1045 607 1102 llist.
638 1040 871 1100 Latinit.
906 1036 1003 1094 lib.
1039 1050 1118 1102 nt,
1155 1049 1212 1102 p.
1258 1029 1314 1095 4,
1344 1045 1463 1101 cap.
1494 1030 1550 1098 2,
1590 1033 1645 1090 id
1676 1036 2021 1107 exploratum

357 1141 601 1204 habens,
632 1134 737 1190 Hic
766 1130 1040 1188 Barnnius
1061 1139 1263 1186 tamen,
1293 1122 1490 1190 inquit,
1520 1129 1817 1201 complures
1839 1130 2022 1188 saltem

368 1247 633 1290 sermones
662 1243 774 1285 esse
800 1223 1055 1298 genuinos
1085 1217 1233 1275 haud
1285 1214 1571 1287 difﬁtetur.

442 1326 514 1383 Ut
554 1322 919 1380 Possevinum
975 1325 1371 1385 pratereamus
1411 1315 1608 1370 omnia
1661 1317 1776 1372 fere
1814 1320 2020 1376 exscri-

367 1422 592 1478 beutem
617 1432 684 1471 ex
708 1414 891 1474 Sixto,
928 1409 1171 1464 venimus
1203 1403 1274 1459 ad
1306 1403 1739 1478 Bellarminum,
1765 1412 1854 1481 qui
1881 1428 2021 1482 pm.

367 1513 539 1570 mittit
588 1509 806 1568 nullam,
844 1503 916 1560 de
961 1501 1174 1558 Zenone
1227 1493 1346 1552 ﬁeri
1390 1501 1747 1556 mentionem
1796 1502 1914 1560 sive
1953 1505 2021 1562 ab

371 1603 616 1666 Eusebio
648 1604 702 1658 in
737 1599 978 1657 llistoria
1003 1639 1016 1664 ,
1062 1595 1168 1649 sive
1197 1590 1270 1648 ab
1299 1589 1657 1666 Hieronymo
1697 1597 1750 1651 in
1785 1596 1924 1653 libro
1953 1599 2020 1655 do

2143 392 2401 440 tractatus
2427 400 2457 437 tt
2485 381 2805 453 quibusdam
2842 378 3018 437 doctis
3049 383 3253 444 Zenoni
3285 386 3594 444 Ver-(mensi
3625 384 3780 456 adju.

2138 477 2324 543 dicari,
2373 476 2542 532 nihilo
2573 487 2754 530 tamen
2822 473 3013 531 minus
3063 495 3124 534 ea
3155 482 3406 552 Opinione
3439 479 3774 548 impeditus,

2133 587 2236 644 qua
2263 571 2510 628 Gallieno
2541 570 2898 639 imperanle,
2949 572 3087 628 Zeno
3132 575 3324 630 vixisse
3355 574 3633 641 traditur,
3666 575 3780 630 edi-

2132 675 2280 722 tores
2311 665 2648 720 Veronenses
2697 661 2758 716 in
2817 661 3136 721 adserendis
3183 667 3353 722 eidem
3400 665 3776 722 sermonibus

2130 760 2297 816 oleum
2328 773 2633 830 operamque
2658 752 2816 825 apud
2845 756 3054 813 idoneos
3069 759 3274 832 judices
3300 757 3637 830 perdidisse,
3672 773 3774 813 nec

2128 853 2195 909 ad
2239 868 2428 910 eorum
2482 849 2818 908 sententiam
2877 865 2938 906 se
2969 866 3123 920 posse
3166 850 3426 905 accedere
3457 849 3770 904 confessus

2128 955 2230 1003 est.
2263 944 2566 1014 Nonaginta
2611 939 2839 997 eosdem
2873 956 3152 998 sermones
3193 957 3314 997 esse
3342 941 3440 1006 ait,
3476 954 3622 996 cum
3654 941 3771 996 sint

2127 1040 2295 1096 multo
2319 1038 2521 1108 plures,
2545 1036 2887 1104 aliorumque
2914 1036 3222 1094 criticorum
3250 1049 3526 1090 censuras
3555 1033 3765 1102 repetit

2125 1143 2180 1190 et
2206 1133 2412 1198 statuit,
2461 1147 2528 1187 eo
2558 1129 2897 1198 potissimum
2931 1130 3244 1201 prmjudicio
3275 1130 3510 1185 innixus
3537 1169 3553 1196 ,
3612 1127 3758 1195 quod

2125 1229 2274 1285 Zeno
2317 1227 2514 1284 obierit
2561 1236 2766 1298 martyr
2805 1227 3006 1282 sarculo
3047 1242 3127 1282 ιιι.
3182 1225 3314 1282 Dein
3347 1225 3651 1285 observat,
3701 1232 3760 1278 et

2125 1335 2274 1380 recte
2293 1322 2532 1393 quidem,
2557 1321 2827 1376 Zenonem
2853 1323 3163 1391 episc0pum
3181 1320 3578 1376 Veronensetn
3607 1315 3764 1378 illum

2127 1417 2333 1481 videri,
2362 1415 2449 1485 qui
2493 1413 2547 1470 in
2593 1414 2860 1470 Ambrosii
2903 1413 3129 1483 epistola
3160 1414 3510 1478 nominatur,
3548 1410 3768 1485 quique

2126 1508 2327 1566 idcirco
2347 1507 2413 1562 ad
2439 1505 2651 1561 tertium
2678 1507 2934 1564 sacculum
2963 1506 3119 1562 evehi
3143 1522 3247 1562 non
3276 1515 3456 1577 potest
3513 1503 3615 1577 (id
3633 1517 3777 1584 quod

2127 1598 2377 1670 probavit
2431 1597 2591 1652 etiam
2648 1614 2772 1656 cum
2829 1599 3225 1656 recentioribus
3285 1613 3423 1669 pene
3492 1608 3784 1679 omnibus

374 1695 756 1774 Scriptoribus
806 1688 1240 1750 Ecclesiasticis;
1294 1695 1404 1739 tum
1468 1702 1611 1743 vero
1656 1689 1836 1748 llilarii
1868 1691 2022 1748 Basi-

2129 1694 2190 1748 P.
2222 1689 2591 1749 Henscheuius
2611 1691 2677 1748 ad
2699 1693 2842 1750 diem
2873 1694 2940 1750 ιε
2965 1692 3214 1764 Aprilis);
3241 1701 3296 1750 at
3321 1693 3423 1748 hoc
3447 1700 3632 1758 satis
3654 1726 3783 1780 pro-

376 1795 543 1866 liique
572 1787 930 1848 sermonibus
953 1781 1166 1847 petatis,
1201 1777 1270 1834 de
1301 1777 1547 1848 reliquis
1581 1779 1707 1850 quid
1739 1780 1900 1848 dicat,
1937 1783 2020 1838 ui-

377 1890 453 1945 hil
490 1883 693 1942 habere
722 1899 785 1939 se
811 1879 887 1937 ait
906 1923 922 1950 ,
978 1885 1169 1951 praeter
1193 1871 1425 1930 aliorum
1468 1872 1827 1942 brevitatem,
1855 1883 1909 1930 et
1940 1891 2025 1932 re.

382 1982 707 2053 petitionem
758 1975 999 2031 aliorum
1033 1986 1093 2025 ac
1144 1966 1570 2022 obscuritatem.
1632 1967 1762 2024 Illud
1806 1968 2020 2024 tandum

385 2055 566 2149 penes:
582 2089 642 2129 se
669 2069 924 2126 omnium
951 2063 1182 2122 maxime
1204 2060 1378 2116 valere
1411 2055 1776 2127 ioizt-ttbti,3de
1802 2062 1884 2116 his
1908 2061 2024 2115 ser:

387 2145 626 2223 inanibus
656 2165 867 2220 nullam
896 2170 1102 2216 exstare
1132 2155 1267 2227 apud
1293 2149 1485 2209 veteres
1517 2145 1858 2220 mentionem,
1903 2148 1957 2227 ἰιι
1976 2157 2022 2212 i.

390 2269 669 2330 nutmqne,
696 2255 791 2328 qui
813 2251 941 2308 illos
964 2248 1255 2315 invenerit,
1277 2261 1396 2303 esse
1417 2243 1723 2304 Guarinum
1747 2257 2021 2304 oratorem

393 2353 795 2408 Veronenscm.
1315 2354 1334 2396 ε,
1390 2373 1404 2392 .
1427 2357 1444 2392 ;
1490 2376 1508 2391 υ
1540 2371 1559 2386 υ
1609 2361 1622 2394 ς
1657 2357 1672 2395 2
1701 2355 1788 2394 ,ει
1842 2351 1854 2385 :

469 2441 728 2499 Barthius
751 2483 766 2509 ,
797 2441 890 2512 qui
923 2434 1166 2494 Zenonis
1195 2446 1474 2488 sermones
1499 2431 1741 2503 legerat,
1774 2434 2024 2490 eosdem-

393 2551 506 2608 que
548 2528 772 2604 plurimi
813 2530 1066 2594 laciebat,
1093 2525 1323 2584 censuit.
1366 2524 1461 2580 lib.
1496 2540 1605 2580 xui
1657 2541 1775 2596 cap.
1811 2528 1878 2594 l8
1906 2528 2019 2584 Ad-

398 2642 644 2692 versar.,
686 2633 888 2679 tantam
929 2637 1032 2676 esse
1067 2635 1360 2675 sermonum
1409 2616 1618 2674 illorum
1654 2618 2020 2688 diversitatem,

394 2731 452 2776 ut
488 2719 685 2774 multos
713 2717 885 2772 inesse
914 2715 1057 2783 Operi
1078 2714 1158 2768 illi
1188 2728 1292 2768 non
1310 2710 1479 2793 solum
1505 2727 1606 2766 non
1636 2712 1746 2782 ejus
1777 2712 2024 2778 cloquen-

395 2812 583 2869 tissimi
611 2807 879 2864 Antistitis
916 2805 1202 2870 existimet,
1232 2802 1323 2860 sed
1350 2803 1509 2858 etiam
1537 2801 1689 2876 longe
1709 2804 2023 2862 recentiores

394 2921 550 2978 quam
565 2902 784 2974 quilibet
805 2897 872 2954 de
894 2914 1047 2969 grege
1073 2905 1378 2954 creterarum
1407 2895 1732 2952 concionum.

475 2999 754 3068 Augustus
773 2988 1115 3056 Bnchnerus,
1140 2988 1231 3059 qui
1255 2987 1534 3044 Zenonem
1557 2987 1684 3042 item
1708 2989 1863 3060 legit,
1886 2987 2022 3046 diss.

2123 1785 2395 1846 habilibus
2435 1790 2766 1856 argumentis
2810 1801 3006 1859 praeter
3055 1804 3166 1843 rem
3197 1804 3349 1844 suam
3401 1799 3762 1876 constitum,

2125 1875 2619 1950 propositi[xxxv1]
2654 1881 2855 1949 proprii
2880 1881 3030 1936 velut
3055 1879 3278 1944 oblitus,
3309 1881 3594 1942 intactam
3621 1898 3752 1951 mu-

2123 1953 2710 2052 quincuuunivei'siant,
2751 1983 2931 2030 utrum
2959 1975 3085 2030 huic
3111 1989 3392 2030 sermones
3423 1977 3745 2048 adiudicari

2126 2061 2440 2134 possintne
2454 2049 2691 2121 debeant
2717 2080 2819 2122 nec
2847 2083 2933 2125 ne.

2198 2152 2406 2209 Cuveus
2431 2154 2703 2222 Labbeutn
2728 2158 2781 2212 in
2806 2159 3064 2216 omnibtts
3084 2158 3342 2225 sequitur.
3371 2159 3558 2215 Solum
3584 2175 3736 2232 post-

2125 2249 2292 2318 quam
2327 2247 2543 2305 ctun'eo
2567 2251 2784 2319 sctzipsit
2813 2270 2824 2305 :
2861 2251 2974 2306 Nec
2999 2253 3062 2306 de
3087 2252 3165 2305 his
3195 2268 3438 2315 umquam
3462 2254 3538 2308 vel
3580 2255 3738 2310 levis.

2127 2336 2687 2397 sima-mentio-habita
2725 2355 2821 2411 est,
2856 2355 3132 2415 antequam
3168 2359 3254 2398 eos
3290 2345 3487 2414 primus
3512 2346 3736 2403 ediderit

2129 2430 2410 2499 Guarinus,
2445 2433 2562 2492 haec
2598 2435 2798 2506 adjecit
2822 2438 2892 2494 de
2919 2453 3018 2494 suo
3050 2456 3062 2492 :
3097 2435 3410 2509 Nuperrime
3451 2455 3567 2494 vero
3610 2457 3732 2494 mo.

2129 2532 2278 2578 nente
2326 2524 2394 2580 D.
2453 2527 2626 2584 Alixio
2665 2529 2825 2584 didici
2869 2529 3095 2586 Zenonis
3134 2527 3436 2585 Veronensis
3479 2531 3738 2600 Episcopi

2127 2631 2409 2672 sermonem
2441 2619 2642 2673 laudari
2684 2637 2716 2674 a
2757 2620 3007 2676 Ratherio
3041 2620 3320 2676 Veronensi
3341 2622 3524 2675 decimi
3549 2627 3733 2685 satan
3777 2607 3780 2610 Α

2125 2711 2374 2778 scriptore
2397 2713 2538 2782 apud
2562 2713 2629 2768 ι).
2659 2713 2936 2768 Acherium
2964 2715 3210 2787 Spicileg.
3254 2722 3378 2768 tom.
3415 2730 3472 2770 tt.
3501 2713 3570 2771 Αι
3596 2718 3736 2774 sub.-

2127 2801 2254 2858 inde
2301 2803 2597 2862 iudecisum
2617 2806 2856 2875 reliquit,
2889 2823 2956 2862 an
2981 2807 3068 2863 hic
3092 2824 3155 2862 ea:
3172 2806 3384 2863 illorum
3413 2826 3626 2866 numero
3661 2814 3733 2870 sit

2126 2898 2214 2967 qui
2240 2897 2333 2953 sub
2362 2897 2476 2970 ejus
2498 2901 2700 2954 nomine
2727 2900 2881 2955 hodie
2910 2900 3364 2970 circumferuntur.

2202 2992 2456 3050 Ludovici
2503 2987 2668 3050 Ellies
2707 2995 2923 3065 Dupinii
2954 3011 3180 3051 censura
3207 2997 3448 3054 omnium
3487 3000 3736 3057 acerbis-

400 3088 514 3145 383
535 3129 548 3152 ,
584 3102 704 3157 pag.
737 3084 850 3140 257
873 3124 887 3149 ,
923 3096 1030 3136 non
1063 3078 1223 3136 modo
1253 3087 1519 3136 tractatus
1547 3077 1666 3148 ejus
1690 3080 1898 3144 laudat.
1928 3079 2023 3138 sed
2053 3071 2097 3137 C
2129 3085 2264 3140 siina
2311 3086 2532 3143 totidem
2565 3089 2743 3142 verbis
2789 3088 3144 3143 exscribenda
3175 3097 3259 3142 est
3283 3103 3348 3142 ex
3395 3090 3726 3161 interprets.

397 3177 762 3236 vindicandos
789 3177 957 3232 etiam
990 3174 1238 3246 pluribus
1278 3170 1598 3236 contendit,
1643 3173 1898 3234 adductis
1941 3173 2022 3233 in.

400 3285 484 3331 ter
508 3283 705 3330 cetera
743 3269 1071 3327 testimoniis
1113 3282 1218 3324 non
1247 3266 1423 3324 solum
1466 3264 1678 3336 Rogata:
1709 3278 1767 3326 et
1813 3269 2024 3326 Percui

395 3378 563 3436 atque
590 3362 887 3421 cardinalis
921 3360 1129 3414 Baronii
1153 3401 1166 3423 ,
1195 3359 1289 3418 sed
1317 3357 1483 3428 ipsius
1509 3357 1811 3416 Casauboni
1841 3361 2020 3427 etiam,

393 3461 484 3532 qui
514 3461 654 3512 [tunc
701 3453 962 3516 Zenonem
991 3454 1386 3510 vetustissimum
1433 3449 1645 3505 Patrem
1671 3457 1944 3522 nominat,
1977 3465 2022 3512 ct

399 3554 676 3608 Deciorum
700 3562 924 3621 tempore
951 3547 1214 3620 scripsisse
1243 3545 1432 3600 diserte
1453 3544 1634 3598 tradit.

473 3645 741 3700 Robertus
784 3643 994 3709 Cocus,
1026 3638 1388 3696 heterodoxus
1421 3637 1756 3706 Anglicanus
1792 3645 1851 3700 in
1884 3639 2021 3700 libro

399 3735 632 3796 Loudini
660 3733 806 3793 edito
826 3752 918 3790 an.
947 3733 1103 3800 1625,
1129 3733 1216 3790 cui
1240 3731 1434 3788 titulus
1459 3746 1472 3785 :
1506 3728 1742 3788 Censura
1763 3752 2023 3805 quarunt-

402 3834 528 3888 dam
553 3833 876 3904 scriptorum,
904 3844 1015 3899 qua:
1034 3826 1126 3882 sub
1150 3823 1444 3881 nominibus
1469 3832 1773 3881 sanctorum
1798 3827 2022 3886 Patrum

401 3938 452 3983 et
483 3938 712 3981 veterum
756 3934 1017 3978 auctorum
1060 3923 1207 3976 citari
1238 3919 1428 3984 solent,
1491 3931 1544 3988 p.
1579 3916 1682 3985 84,
1728 3920 2020 3978 dictatorio

409 4035 565 4075 more
595 4020 710 4074 ha-c
748 4017 817 4073 de
846 4016 1075 4071 Zenonis
1107 4011 1455 4070 sermonibus
1486 4012 1800 4080 pronuntiat
1835 4034 1849 4071 :
1878 4015 2020 4074 Zeno

417 4109 732 4166 Veronensis
762 4119 837 4163 est
855 4106 1211 4180 supposititius
1236 4121 1253 4159 :
1276 4114 1333 4160 et
1353 4102 1520 4172 Sitti,
1549 4103 1784 4174 Barouii,
1814 4107 2019 4168 Bellar-

409 4202 656 4274 miniqtte
682 4199 1031 4258 dilticultates
1062 4197 1313 4255 inculcat.

485 4297 732 4354 Andreas
772 4293 998 4350 Rivetus
1026 4295 1228 4364 pariter
1272 4289 1640 4353 heterodoxus
1670 4292 1764 4348 lib.
1795 4309 1849 4350 tv
1899 4293 2017 4352 Cri-

410 4389 504 4450 tici
527 4391 665 4448 sacri
693 4405 814 4445 cum
843 4387 980 4444 Sixti
1009 4387 1268 4443 Senensis
1297 4392 1536 4444 mentem
1567 4401 1669 4442 non
1700 4387 1839 4444 bene
1865 4405 2018 4448 asse.

2129 3179 2274 3234 tione
2304 3179 2492 3236 Latina
2518 3199 2531 3234 :
2572 3181 2778 3235 Certum
2805 3190 2881 3234 est
2909 3181 3175 3236 conciones
3195 3222 3210 3244 ,
3251 3198 3365 3250 qua:
3393 3182 3484 3236 sub
3528 3188 3736 3244 nomine

2124 3270 2349 3326 Zenonis
2370 3283 2572 3330 exstant
2591 3289 2691 3328 non
2720 3289 2869 3342 posse
2893 3290 3000 3328 esse
3019 3274 3181 3337 illius,
3205 3290 3352 3344 quem
3379 3276 3472 3330 sub
3496 3275 3735 3336 Gallieno

2125 3368 2370 3436 martyrio
2402 3370 2562 3438 fuisse
2586 3368 2830 3436 alfectum
2857 3381 3152 3438 supponunt
3176 3387 3194 3424 :
3221 3386 3398 3428 earum
3429 3373 3561 3427 enim
3591 3374 3733 3430 Auc-

2125 3471 2206 3515 tor
2231 3462 2282 3515 in
2305 3465 2549 3520 concione
2569 3463 2747 3535 quinta
2769 3463 2936 3533 (hanc
2957 3464 3216 3534 allegasse
3239 3465 3449 3522 videtur
3469 3484 3534 3523 ex
3565 3468 3732 3526 Baro-

2126 3560 2235 3625 nio,
2262 3574 2380 3626 quae
2407 3577 2552 3617 nunc
2581 3570 2666 3617 est
2697 3567 2850 3613 tract.
2869 3559 2900 3612 7
2919 3559 3011 3614 lib.
3039 3559 3098 3630 ιι)
3126 3560 3350 3631 loquitur
3370 3563 3433 3616 de
3449 3561 3732 3623 Diuinitate

2125 3648 2314 3704 Christi
2343 3659 2593 3710 adversus
2623 3651 2885 3706 hwreticos
2905 3691 2918 3714 ,
2947 3651 3032 3718 qui
3067 3650 3280 3707 Verbum
3309 3670 3416 3709 esse
3445 3653 3610 3710 Deum
3641 3663 3726 3728 [a-

2125 3752 2314 3810 tentu,
2350 3759 2451 3800 non
2478 3747 2754 3803 credebant
2784 3742 2934 3799 Patri
2962 3761 3066 3800 esse
3089 3755 3416 3816 cowternum,
3451 3752 3725 3817 putabant-

2122 3853 2221 3908 qne
2246 3846 2444 3908 tempus
2474 3840 2644 3909 fuisse
2663 3880 2678 3904 ,
2710 3853 2808 3908 quo
2837 3853 2937 3892 non
2966 3839 3246 3901 exstiterat.
3281 3842 3418 3910 quod
3437 3854 3611 3915 aperte
3641 3864 3724 3901 os-

2124 3931 2281 3985 tendit
2329 3933 2654 3990 Arianorum
2701 3933 2933 3986 Itau'esim
2969 3935 3077 4005 ejus
3123 3937 3428 4005 temporibus
3459 3941 3574 4011 jam
3613 3951 3720 3994 tum

2123 4023 2418 4080 obtinuisse.
2467 4026 2574 4084 Hae
2605 4027 2870 4080 conciones
2912 4041 2974 4080 ne
3002 4027 3204 4092 quidem
3235 4045 3343 4084 esse
3378 4045 3589 4103 possunt
3615 4033 3718 4088 Ze-

2122 4119 2268 4174 nonis
2309 4118 2652 4183 Veronensis,
2683 4120 2769 4190 qui
2796 4119 2888 4174 sub
2928 4119 3228 4176 Constantio
3254 4134 3301 4177 et
3329 4122 3543 4180 Iuliano
3570 4128 3716 4196 aiant,

2120 4215 2240 4285 quia
2268 4217 2557 4286 fragmenta
2587 4225 2703 4269 sunt
2729 4229 2792 4268 ea:
2821 4214 2995 4268 multis
3047 4217 3342 4272 auctoribus
3387 4218 3724 4291 depromptae

2124 4308 2360 4377 Quatuor
2383 4309 2577 4366 catillis
2616 4308 2830 4377 integra:
2856 4305 3042 4362 Basilii
3071 4317 3209 4363 sunt.
3261 4309 3448 4363 Omnes
3491 4312 3718 4367 homilia:

2121 4401 2174 4454 in
2210 4398 2448 4456 Psalmos
2491 4399 2560 4452 ad
2604 4401 2812 4454 uerbum
2859 4414 2924 4453 ea:
2953 4397 3344 4458 Commentariis
3388 4401 3582 4458 Hilarii
3627 4405 3716 4458 de-

413 4494 577 4542 cutus
623 4492 798 4546 esset.
851 4481 954 4536 hoc
985 4495 1148 4536 υηωη
1184 4479 1252 4535 de
1300 4493 1401 4534 5'10
1426 4476 1646 4549 adice“,
1682 4479 1832 4559 ιιυοά
1863 4498 2020 4553 neque
2043 4474 2100 4536 Ῑ)
2125 4502 2380 4562 promptet
2405 4501 2566 4548 sunt:
2600 4490 2650 4546 id
2669 4489 2812 4561 quod
2827 4491 3103 4561 explicans
3129 4494 3179 4548 in
3210 4494 3466 4565 subjectis
3481 4495 3710 4553 adnota-

415 4583 532 4655 ejus
559 4573 779 4631 Zenonis
799 4574 1106 4644 scriptorum
1133 4571 1331 4640 aliquid
1350 4571 1579 4628 exstabat
1599 4581 1717 4628 ante
1736 4588 1828 4628 an.
1857 4574 2014 4642 1508,

416 4689 519 4740 quo
562 4680 785 4741 tempore
830 4667 922 4723 sub
962 4670 1075 4742 ejus
1101 4668 1303 4722 nomine
1333 4665 1456 4722 editi
1479 4675 1595 4720 sunt
1638 4682 1894 4722 sermones
1917 4685 2020 4723 non

418 4765 574 4839 pauci
619 4780 649 4816 a
697 4759 926 4817 Guarino
980 4757 1259 4816 Veronensi
1309 4757 1525 4813 Oratore
1578 4756 1798 4816 Veneriis
1829 4776 1846 4814 :
1879 4776 1941 4815 ac
1973 4762 2018 4818 si

420 4851 694 4913 Guarinus
735 4869 800 4912 eo
843 4868 987 4908 anno
1027 4852 1210 4906 vivens
1240 4865 1550 4908 sermonum
1596 4851 1861 4921 ejusmodi
1892 4867 2020 4908 auc-

420 4958 514 5004 tor
535 4957 589 5003 et
605 4947 774 5003 editor
801 4945 984 5014 fuerit,
1014 4961 1173 5016 quam
1201 4945 1521 5003 sententiam
1543 4945 1636 5002 alii
1665 4946 1896 5004 subinde
1924 4962 2019 5002 cx-

422 5042 713 5111 scripsere.

501 5133 796 5205 Ugbellins,
849 5145 981 5191 tom.
1037 5149 1069 5188 ν
1113 5133 1277 5189 Italize
1307 5146 1475 5188 sacra:
1524 5133 1574 5188 in
1608 5131 2017 5190 Veronensibus

423 5231 691 5301 episcopis
711 5232 982 5302 antiquam
1011 5226 1223 5284 Baronii
1247 5226 1554 5296 opinionem
1583 5236 1858 5293 repetens,
1880 5226 2017 5282 duos

423 5324 676 5378 Zenones
701 5321 991 5386 recensuit,
1025 5335 1252 5389 quorum
1283 5318 1419 5374 alter
1446 5319 1546 5374 sub
1571 5318 1842 5386 Gallieno,
1876 5319 2017 5376 alter

420 5429 560 5471 vero
581 5411 843 5477 Ambrosii
868 5428 984 5468 aevo
1011 5410 1282 5476 ﬂoruerit;
1306 5410 1519 5466 ethunc
1542 5421 1874 5482 postremum
1901 5427 2018 5468 ser-

421 5523 646 5566 monum
676 5517 950 5563 auctorem
978 5519 1098 5562 esse
1126 5504 1379 5574 opinatus
1405 5514 1507 5564 est.

499 5602 556 5660 P.
591 5600 837 5658 Labbeus
885 5600 966 5672 (nt
1016 5599 1293 5656 mittamus
1339 5600 1576 5671 reliquos
1628 5601 2013 5672 intermedios,

418 5699 511 5794 qui
556 5698 874 5789 plerumque
913 5694 1157 5768 Sixtum,
1198 5696 1488 5773 Batonium
1513 5712 1578 5764 ae
1625 5697 2013 5783 Bellarmittupi

2125 4585 2379 4648 tionibus,
2413 4581 2716 4647 Contiones,
2741 4582 2931 4653 inquit,
2961 4587 3014 4638 in
3045 4586 3266 4655 psalmos
3295 4603 3476 4658 cqxxvr,
3509 4603 3710 4655 cxxvtt,

2123 4692 2353 4740 cxsvut,
2405 4691 2607 4737 curs,
2660 4686 2706 4730 et
2736 4691 2904 4742 cur,
2946 4688 3067 4731 sunt
3115 4677 3324 4733 Hilarii.
3356 4678 3634 4736 Conciones
3659 4683 3712 4736 in

2124 4773 2349 4843 psalmos
2377 4787 2531 4835 χιιι,
2561 4787 2723 4826 Lxxtx
2748 4813 2761 4833 ,
2799 4780 2853 4826 et
2903 4786 2954 4837 c,
2986 4773 3128 4827 illius
3168 4780 3319 4827 etiam
3338 4787 3443 4828 esse
3479 4785 3712 4845 possunt,

2124 4869 2248 4936 quia
2287 4867 2444 4939 hujus
2470 4865 2644 4920 Patris
2678 4865 3056 4920 Commentario
3092 4869 3146 4921 in
3177 4868 3267 4930 hos
3298 4869 3520 4939 psalmos
3549 4870 3711 4938 peric-

2120 4969 2258 5033 runt.
2293 4957 2425 5012 Tum
2456 4957 2700 5027 sequitur
2730 4959 2780 5011 in
2811 4967 2959 5012 testu
2987 4976 3000 5011 :
3028 4958 3177 5014 Unde
3204 4960 3354 5031 liquet
3386 4961 3480 5016 has
3506 4963 3711 5017 concio-

2118 5064 2205 5102 nes
2225 5046 2421 5102 Zenoni
2459 5046 2734 5102 Veronensi
2753 5048 3061 5120 adscriptas,
3093 5050 3437 5106 collectionem
3458 5069 3568 5106 esse
3587 5070 3710 5107 con-

2118 5142 2319 5196 cionum
2343 5140 2680 5208 plurimorum
2701 5149 2970 5195 auctorum
2996 5143 3325 5215 incomposite
3343 5144 3549 5212 factam.
3585 5147 3715 5201 Alite

2118 5242 2234 5288 sunt
2260 5231 2587 5300 brevissima},
2618 5232 2739 5288 alia:
2766 5248 2880 5287 uero
2910 5234 3102 5303 longis;
3132 5235 3369 5306 quadam
3398 5239 3530 5308 stglo
3561 5239 3714 5307 pleno

2123 5335 2168 5380 et
2193 5336 2453 5393 accurato,
2477 5342 2577 5380 non
2601 5325 2757 5380 nullm
2782 5326 3004 5381 demisso
3020 5338 3066 5381 et
3089 5329 3342 5398 incompta
3363 5331 3566 5398 scripta!
3577 5343 3717 5402 sunt;

2126 5419 2244 5472 alite
2267 5427 2385 5473 sunt
2411 5417 2597 5484 clam,
2626 5419 2744 5475 alia!
2773 5418 3003 5473 obscura:
3020 5437 3039 5485 ;
3087 5420 3303 5491 denique
3331 5423 3460 5477 nihil
3488 5424 3720 5493 iureque-

2127 5512 2247 5567 lius.
2288 5511 2355 5567 lu
2385 5512 2628 5567 concione
2656 5514 2719 5565 de
2759 5511 3085 5568 Continentia
3115 5519 3283 5583 plures
3313 5531 3464 5584 quam
3496 5517 3599 5571 400
3627 5534 3726 5573 utt-

2128 5621 2220 5660 nos
2244 5616 2496 5670 numerat,
2533 5622 2599 5662 ea:
2621 5623 2721 5678 quo
2757 5605 2956 5664 Paulus
2979 5608 3247 5674 epistolam
3274 5609 3427 5664 suam
3447 5609 3514 5664 ad
3542 5603 3731 5689 Cotini

2127 5701 2259 5789 (θῆρε
2286 5703 2586 5794 scripserat,
2631 5713 2678 5766 et
2703 5695 2873 5767 (arrisit
2900 5693 2953 5771 in
2993 5703 3112 5770 aliis
3143 5697 3452 5795 homiliisde
3487 5699 3724 5791 templis"
