4242 6168
944 76 961 117 ς

1855 214 2393 273 PROLEGOMENA.
2530 193 2559 215 ·’
3735 222 3804 281 se

418 334 431 337 ”
474 314 790 406 martyribus
836 334 935 408 (sic
977 332 1346 404 reddendum,
1393 351 1501 392 non
1544 344 1725 391 autem
1765 334 1828 389 de
1868 333 2069 403 templis
2096 335 2151 395 Α
2176 334 2328 391 irrito
2352 347 2547 395 conatu
2582 340 2922 398 laboraturus
2965 359 3180 417 semper
3206 347 3296 414 sit,
3346 362 3453 404 non
3485 350 3666 405 minus
3696 364 3786 421 qm

476 440 787 500 martyrum,
833 437 892 484 ut
922 429 972 484 in
1005 429 1453 500 interpretatione
1483 428 1774 485 Parisiensi
1808 427 1879 484 ob
1899 425 2085 483 defec-

479 530 595 578 tum
622 521 846 592 virgula:
885 521 1142 578 editionis
1171 520 1397 579 Gallicae
1444 522 1659 594 legitur,
1701 519 1845 592 quod
1883 521 1937 575 in
1967 533 2083 574 rem

476 624 804 686 praesentem
833 614 959 685 quid
1011 616 1117 681 sit,
1154 631 1313 672 nemo
1339 615 1563 689 divinet)
1618 626 1666 671 et
1711 614 2085 671 catechumenis

477 707 787 761 mentionem
814 708 938 778 facit
962 708 1049 781 (ac
1072 708 1118 763 si
1147 709 1522 765 catechumeni
1545 726 1649 765 non
1681 710 1821 765 ultra
1852 724 1904 763 tv
1923 709 2084 765 etiam

477 798 732 854 saeculum
760 800 1168 871 processerint).
1204 800 1286 857 Ea:
1315 802 1395 857 his
1423 803 1661 858 omnibus
1680 812 1820 875 patet
1845 802 1938 857 has
1960 818 2086 856 con-

485 893 690 960 ciones,
720 895 813 949 toti
843 895 1136 965 antiquitati
1162 895 1385 970 ignotas,
1428 897 1735 968 indigestam
1761 913 1872 952 esse
1897 896 2085 951 collec-

482 988 674 1043 tionem
695 990 999 1044 concionum
1024 1006 1087 1044 ex
1108 990 1342 1059 pluribus
1359 991 1651 1046 auctoribus
1672 993 1931 1046 variorum
1960 998 2089 1045 tem-

495 1098 678 1153 porum
698 1091 745 1137 et
766 1082 1027 1153 regionum
1055 1083 1443 1154 desumptarum
1471 1084 1534 1139 ab
1556 1085 1730 1155 aliqua
1753 1083 1990 1154 imperito
2019 1082 2086 1136 lio

487 1176 657 1231 brario
694 1177 906 1246 factam.
952 1174 1050 1231 Hic
1096 1185 1278 1232 autem
1321 1176 1372 1231 in
1414 1176 1677 1247 subjectis
1720 1173 2084 1231 adnotationi—

486 1267 592 1323 bus
620 1267 806 1334 addit,
839 1269 1130 1324 conciones
1160 1284 1266 1325 non
1296 1269 1471 1325 nullas
1492 1313 1506 1335 ,
1536 1285 1656 1340 quae
1684 1268 1904 1339 prolixae
1938 1274 2085 1333 sunt,

485 1375 552 1415 ea:
577 1360 871 1415 auctoribus
899 1359 1093 1415 Grtecis
1122 1360 1435 1433 desumptas,
1469 1363 1601 1417 alias
1626 1377 1743 1416 vero
1764 1360 2087 1416 brevissimas

485 1469 551 1508 ea:
585 1454 882 1509 auctoribus
911 1453 1112 1508 Latinis
1139 1464 1187 1509 et
1224 1449 1556 1509 homiliarum
1584 1455 1906 1527 fragmentis.

558 1544 620 1600 P.
638 1546 975 1613 Coutantius,
1000 1546 1296 1602 monaclms
1320 1545 1722 1610 Benedictinus,
1739 1545 1915 1601 editor
1939 1544 2088 1600 Hila-

487 1634 554 1692 rii
585 1650 808 1706 operum
834 1636 1087 1705 celebris,
1118 1637 1171 1691 in
1204 1636 1607 1702 Ad'monitione,
1634 1651 1794 1708 quam
1829 1636 2089 1706 praemisit

2186 425 2389 484 Zenoni
2417 430 2632 502 eripere
2658 443 2886 490 conetur
2906 451 3097 493 omnes
3120 446 3399 508 tractatus,
3421 456 3582 513 quam
3608 440 3697 511 qui
3723 442 3801 497 ei-

2187 521 2309 579 dem
2341 541 2534 584 omnes
2559 528 2687 585 velit
2711 530 2988 589 adserere.
3021 531 3241 590 Interim
3274 551 3404 590 vero
3440 553 3504 593 ex
3540 547 3619 594 tot
3639 538 3797 595 criti-

2188 630 2373 673 corum
2396 623 2643 679 censuris
2690 625 2882 695 injecta
2930 626 3194 683 dubitatio
3250 630 3431 699 plures
3486 633 3675 699 movit,
3734 641 3791 688 ut

2189 711 2310 764 eum
2332 727 2489 768 veros
2515 721 2779 773 tractatus
2803 734 2830 772 a
2852 719 3049 789 spuriis
3077 721 3450 779 internoscere
3479 739 3587 780 non
3617 725 3799 791 liceat,

2190 803 2258 860 de
2294 805 2520 878 singulis
2569 809 2864 876 ambigunt.
2915 810 3025 868 Cur
3078 826 3256 870 autem
3300 817 3522 888 genuini
3569 818 3803 876 Zenonis

2190 901 2330 954 lctus
2356 914 2383 953 a
2410 903 2767 970 supposititiis
2806 905 3085 976 dijudicari
3117 924 3215 965 nec
3240 911 3533 979 potuerint,
3562 928 3660 968 nec
3674 928 3803 983 pos-

2194 990 2322 1055 sint,
2349 990 2615 1048 editorum
2643 995 2800 1064 (utin
2834 996 3149 1068 praefatione
3172 1001 3500 1073 monuimus)
3527 1004 3663 1060 vitio
3690 1002 3802 1060 fac-

2194 1088 2305 1136 tum
2334 1090 2438 1147 est,
2463 1083 2553 1154 qui
2573 1089 2942 1157 supposititios
2958 1090 3288 1149 Zenonianis
3310 1094 3582 1165 subjectos
3612 1097 3663 1152 in
3697 1096 3803 1154 ﬁne

2191 1173 2460 1244 codicum,
2495 1177 2634 1233 haud
2678 1181 2967 1250 separatim
3009 1183 3209 1240 dedere
3244 1227 3257 1250 ,
3318 1187 3428 1242 imo
3471 1204 3571 1245 nec
3599 1189 3652 1243 in
3685 1204 3804 1243 Ina-

2192 1266 2593 1337 nuscriptorum
2629 1269 2733 1327 ﬁne
2764 1274 2968 1342 positos
3018 1284 3348 1332 monuerunt
3397 1280 3612 1350 quidem
3662 1280 3805 1352 (qua:

2190 1358 2424 1412 monitio
2454 1359 2519 1413 ad
2548 1358 2779 1419 omnem
2829 1363 2975 1419 litem
3006 1366 3365 1425 dirimendam
3410 1371 3640 1427 eruditis
3672 1373 3804 1428 satis

2192 1447 2428 1519 fuisset),
2461 1452 2554 1508 sed
2591 1468 2687 1509 eos
2728 1470 2849 1511 cum
2892 1460 3143 1529 genuinis
3199 1463 3509 1532 permistos,
3542 1465 3799 1536 nullaque

2193 1541 2479 1598 distinctos
2531 1547 2809 1605 notatione
2855 1549 3175 1619 exhibuere,
3228 1570 3292 1609 ac
3340 1556 3412 1608 uti
3461 1556 3807 1614 Zenonianos

2194 1634 2497 1704 promiscue
2518 1638 2861 1695 venditarum
2883 1658 2896 1707 ;
2928 1642 3070 1714 iique
3092 1660 3212 1700 cum
3236 1646 3507 1703 Zenonem
3526 1658 3802 1705 auctorem

493 1729 733 1801 quinque
780 1730 1097 1786 tractatibus
1145 1729 1436 1785 Hilarionis
1476 1731 1617 1786 inter
1646 1729 1878 1786 Zenonis
1918 1743 2082 1799 opera
2115 1723 2163 1783 B
2191 1727 2393 1784 habere
2423 1740 2717 1800 nequeant,
2760 1749 2950 1790 omnes
2989 1751 3205 1807 quoque
3246 1738 3588 1795 Zenonianos
3615 1742 3667 1796 in
3696 1742 3795 1799 du-

486 1820 649 1877 cditis
676 1836 798 1892 pag.
826 1820 935 1877 465
961 1831 1090 1877 ιοιιι.
1145 1839 1163 1877 ι
1216 1822 1347 1878 edit.
1391 1822 1619 1887 Veram,
1642 1821 1917 1892 antiquam
1948 1819 2088 1875 haud

487 1929 610 1971 esse
653 1930 759 1970 non
804 1913 1076 1971 iuﬁciatur
1102 1916 1478 1972 collectionem
1527 1918 1850 2000 tractatuum
1876 1915 1965 2000 qui
1991 1912 2093 1969 Ze-

487 2188 711 2245 Zenonis
735 2206 864 2255 esse,
889 2190 976 2261 qui
998 2189 1235 2245 Gallieno
1265 2190 1553 2260 imperante
1587 2187 1787 2265 iuuerit,
1819 2196 1951 2265 certe
1968 2203 2093 2265 con-

487 2287 637 2340 cedat
658 2300 859 2339 necesse
874 2258 968 2350 est,
994 2300 1106 2339 eam
1126 2258 1672 2371 postmodum

488 2389 616 2443 tam,
644 2395 760 2432 cum
798 2395 899 2432 non
931 2376 1129 2433 Hilarii
1164 2377 1339 2444 modo,
1362 2377 1454 2432 sed
1502 2386 1548 2431 ct
1579 2367 2128 2431 Basilii'tfae'tt'nt‘btts'

488 2471 687 2541 aliquot
712 2483 945 2527 constare
974 2472 1200 2540 prudens
1229 2473 1444 2542 quisque
1467 2486 1570 2524 non
1592 2478 1870 2542 negaturus
1894 2469 1981 2524 sit.

562 2563 794 2639 Agnovit
844 2564 1225 2620 Tillemontius
1278 2564 1695 2620 Protestantium
1748 2562 2092 2618 doctissimos

487 2658 711 2715 maximi
758 2657 954 2714 fecisse
994 2658 1158 2713 hosce
1189 2666 1451 2713 tractatus
1477 2656 1548 2713 ob
1577 2655 1814 2712 auctoris
1837 2656 2089 2727 pietatem

488 2763 544 2808 et
571 2751 937 2823 elegantiam,
973 2750 1279 2821 iisdemque
1308 2758 1492 2819 aperta
1538 2749 1717 2803 inesse
1758 2747 2091 2816 antiquitatis

488 2843 724 2909 indicia;
756 2851 811 2898 at
836 2844 906 2899 ob
959 2857 1273 2908 sermones,
1311 2841 1404 2912 qui
1433 2841 1695 2896 Hilarium
1729 2840 2092 2910 Basiliumque

488 2948 668 2995 certos
690 2926 890 2994 habent
912 2946 1186 3003 auctores,
1210 2936 1277 2992 de
1298 2948 1518 2992 auctore
1544 2946 1865 2991 caeterorum
1890 2936 2092 3006 pariter

490 3030 733 3097 ambigit,
786 3045 885 3085 nec
926 3028 1218 3101 quidquam
1248 3045 1369 3085 esse
1396 3029 1491 3095 ait,
1522 3026 1666 3099 quod
1698 3027 1865 3083 ullum
1894 3035 2091 3083 tracta-

492 2008 622 2064 noni
666 2007 1010 2074 tribuuntur,
1055 2019 1109 2062 at
1139 2007 1324 2064 Hilarii
1363 2020 1541 2062 tamen

487 2098 741 2166 afﬁrmat,
760 2099 1135 2164 autsaltem,si
1153 2101 1287 2171 quis,
1316 2099 1505 2170 inquit,
1532 2088 2149 2170 con'tenllét‘ill‘am‘ejuh.

2196 1821 2512 1880 bitationem
2527 1826 2829 1897 coniecere.
2856 1827 2969 1884 Hoc
2980 1830 3167 1886 vitium
3184 1847 3282 1887 nos
3301 1841 3358 1888 ut
3374 1833 3795 1907 declinaremns,

2198 1915 2725 1990 praecideremusquc
2768 1920 2958 1977 eodem
3001 1929 3246 1994 tempore
3272 1917 3651 1996 pr'mjudicium
3682 1942 3805 1998 gra-

2197 2009 2896 2097 uissiqnim,:Zemquapos
2939 2015 3156 2072 codices
3204 2026 3349 2085 octo,
3400 2026 3667 2089 quotquot
3694 2028 3804 2074 tmn

2198 2084 2434 2171 initam;
2716 2084 2891 2190 Gallia
2933 2111 3173 2180 reperire
3221 2084 3516 2181 potuimus,
3549 2084 3640 2168 vix
3671 2128 3802 2169 con-

2196 2195 2393 2250 sulturi
2435 2179 2722 2261 atli‘vimus,
2757 2179 3005 2256 occurrit
3037 2179 3242 2269 statim,
3275 2219 3381 2259 non
3410 2204 3649 2278 quinque
3679 2206 3803 2264 illos

2196 2282 2679 2380 εᾶξιιτιὶςει-Ξιςιεὲιιξει
2700 2289 2807 2380 (ηιξ
2829 2291 3087 2380 βψηίο,
3130 2304 3185 2350 et
3209 2304 3439 2365 quatuor
3490 2299 3580 2368 qui
3610 2298 3806 2355 Basilio

2195 2370 2867 2472 viddidtrﬁﬁ‘tfrgidqn’tg'ii,‘
2885 2370 2983 2472 ged
3013 2394 3068 2441 et
3095 2386 3231 2442 duos
3259 2396 3521 2458 praeterea
3559 2390 3696 2447 alios
3726 2391 3806 2446 iu-

2197 2482 2282 2527 ter
2312 2471 2500 2528 Hilarii
2527 2482 2583 2529 et
2611 2462 2795 2530 Basilii
2822 2462 3027 2532 modios
3056 2478 3106 2533 in
3145 2478 3252 2534 line
3277 2480 3518 2536 Omnium
3544 2483 3797 2538 codicum

2195 2575 2510 2623 constanter
2536 2569 2637 2640 legi
2688 2570 2960 2640 subjectos
3005 2575 3241 2640 caeteris,
3288 2590 3424 2646 quos
3451 2576 3793 2633 Zenoniauos

2197 2660 2419 2717 indubie
2446 2661 2734 2718 credimus.
2762 2662 2913 2732 Quod
2942 2665 3045 2720 etsi
3070 2668 3199 2721 satis
3229 2682 3350 2723 esse
3394 2678 3573 2738 potest
3595 2669 3662 2724 ad
3694 2670 3791 2725 ad-

2196 2753 2457 2811 ditionem
2508 2756 2802 2826 posteriori
2850 2772 3012 2812 manu
3059 2757 3253 2812 factam
3307 2760 3801 2831 manuscriptorum

2197 2846 2384 2917 peritis
2416 2847 2863 2917 persuadendam,
2896 2863 3020 2902 cum
3053 2848 3304 2920 frequens
3334 2848 3455 2905 aliis
3501 2862 3718 2922 quoque
3749 2854 3800 2907 in

2195 2938 2471 2995 codicibus
2498 2939 2778 3009 acciderit,
2836 2949 2893 2994 ut
2935 2940 2983 2995 si
3015 2956 3134 3011 qua:
3165 2941 3292 2996 folia
3318 2949 3440 3011 post
3476 2941 3803 3014 descriptum

2196 3030 2431 3103 aliquem
2459 3038 2737 3087 auctorem
2768 3040 3047 3097 vacarent,
3081 3032 3273 3088 alienis
3312 3035 3588 3104 opusculis
3627 3037 3807 3107 reple-

490 3134 603 3180 tum
635 3124 838 3180 Zenoni
885 3124 1185 3180 Veronensi
1237 3124 1517 3194 explorate
1553 3122 1933 3177 vindicandum
1960 3137 2084 3193 per-
2111 3112 2158 3177 C
2200 3128 2429 3177 rentur:
2464 3133 2641 3177 tamen
2675 3137 2743 3178 ne
2768 3123 2895 3194 quid
2919 3122 3267 3180 dubitationis
3297 3124 3398 3181 hac
3424 3126 3490 3181 de
3529 3127 3806 3184 additione

488 3219 734 3275 suadeat.
773 3217 865 3285 Sic
903 3217 990 3273 ille
1017 3217 1070 3272 in
1104 3214 1489 3272 Persecutione
1522 3215 1624 3270 sub
1654 3213 1958 3281 Valeriano,
1981 3221 2085 3269 art.

488 3311 544 3375 '1,
576 3323 709 3364 tom.
745 3325 815 3373 tv,
876 3324 998 3379 pag.
1028 3308 1117 3371 16.
1165 3308 1218 3363 in
1267 3306 1709 3363 adnotationibus
1741 3321 1922 3376 porro,
1966 3322 2086 3378 pag.

487 3402 617 3470 587,
647 3401 832 3457 adnut.
871 3401 927 3469 6,
964 3400 1143 3456 allatis
1168 3399 1285 3457 fuse
1316 3399 1554 3466 Baronti,
1585 3399 1917 3463 Bellarmini,
1945 3400 2087 3454 Lah-

487 3494 597 3557 hei,
648 3492 900 3566 Sixtique
936 3491 1242 3556 sententiis,
1292 3492 1519 3547 miratur
1556 3491 1607 3545 in
1653 3490 1892 3546 editicite
1927 3491 2092 3547 Vero-

489 3588 641 3644 nensi
693 3587 939 3642 ducentos
987 3586 1136 3643 nullo
1165 3587 1355 3642 codice
1392 3585 1721 3658 suifragante
1747 3585 2089 3641 emendatum

488 3695 588 3751 pro
615 3680 1038 3751 quadringentos,
1068 3678 1395 3750 Baroniique
1420 3688 1793 3750 argumentum
1822 3692 1888 3733 ex
1921 3677 2092 3747 publi-

485 3772 566 3828 cis
586 3771 924 3827 ethnicorum
952 3771 1233 3827 sacriﬁciis
1256 3785 1353 3841 pro
1375 3770 1474 3826 hac
1498 3770 1836 3826 correctione
1855 3778 2089 3825 statuen-

486 3864 555 3921 da
590 3866 811 3922 allatum
842 3866 1146 3922 luculenter
1173 3865 1395 3921 refellit.
1425 3865 1496 3921 At
1521 3865 1799 3921 concludit
1825 3864 1926 3920 hos
1973 3879 2093 3921 ser.

488 3973 678 4013 mones
710 3957 1086 4022 collectionem
1113 3971 1234 4013 esse
1252 3974 1315 4012 ex
1347 3957 1576 4012 diversis
1591 3956 1901 4012 auctoribus
1921 3972 1974 4011 tv
1991 3967 2048 4011 et
2060 3973 2093 4011 v

495 4050 709 4116 stcculi,
737 4064 802 4105 es
837 4049 1038 4119 quibus
1062 4049 1229 4118 aliqui
1265 4048 1501 4104 Zenonis
1530 4063 1651 4104 esse
1679 4055 1926 4119 possunt,
1955 4063 2093 4119 quos

487 4155 665 4199 tamen
695 4142 1067 4199 internoscere
1097 4150 1154 4197 et
1183 4142 1466 4214 designare
1498 4160 1604 4199 non
1633 4145 1779 4203 licet.

514 4288 529 4299 ,
560 4234 795 4310 [xxxvii]
825 4234 1066 4291 Tandem
1117 4247 1418 4306 postremus
1443 4238 1687 4294 omnium
1718 4240 1805 4296 Jo.
1837 4240 2094 4300 Albertus

486 4329 771 4385 Fabricius
796 4339 930 4385 tom.
962 4345 1019 4385 tu
1044 4329 1187 4385 Bibl.
1212 4329 1436 4393 Latine,
1471 4331 1566 4390 lib.
1600 4349 1674 4402 tv,
1699 4347 1747 4389 c.
1778 4334 1843 4402 5,
1879 4351 1932 4405 p.
1963 4335 2093 4403 420,

485 4423 590 4480 etsi
623 4432 919 4495 pugnantes
944 4422 1255 4480 criticorum
1297 4427 1596 4482 sententias
1626 4427 1809 4497 paucis
1849 4428 2095 4483 subindi-

2194 3214 2246 3269 in
2275 3213 2600 3270 Zenonianis
2647 3230 2778 3270 mss.
2810 3224 3139 3286 superesset,
3170 3216 3340 3273 codex
3400 3217 3681 3274 Remensis
3709 3234 3806 3274 an-

2195 3308 2525 3377 tiquissimus
2551 3322 2670 3363 eam
2693 3308 2802 3364 alio
2819 3309 3103 3379 posteriori
3131 3307 3446 3365 charactere
3475 3311 3804 3383 descriptam

2193 3389 2455 3466 exhibuit.
2480 3411 2539 3457 ut
2559 3418 2625 3457 ex
2653 3402 3032 3459 eharacterum
3073 3406 3369 3475 specimine
3410 3406 3462 3460 in
3494 3407 3807 3478 przefatione

2197 3495 2427 3560 inserto,
2460 3494 2549 3564 qui
2592 3484 2845 3550 Basiliani
2890 3501 3147 3551 tractatus
3189 3497 3397 3552 initium
3430 3501 3666 3568 praefert,
3696 3501 3811 3554 cui-

2194 3602 2301 3658 que
2345 3590 2689 3660 perspicuum
2720 3588 2831 3645 ﬁet.
2868 3591 2925 3644 In
2960 3590 3215 3646 Vaticano
3248 3606 3409 3662 porro
3454 3602 3510 3647 et
3549 3592 3808 3649 Urbinate

2197 3696 2328 3736 mss.
2362 3691 2485 3754 post
2508 3694 2927 3739 memoratarum
2955 3685 3284 3741 additionem
3310 3693 3636 3744 tractatuum
3668 3689 3807 3744 alius

2196 3788 2377 3829 sermo
2409 3774 2606 3847 legitur
2634 3776 2690 3833 S.
2737 3776 3024 3833 Gaudentii
3064 3777 3323 3845 Brixiani,
3372 3781 3460 3850 qui
3494 3782 3722 3851 proinde
3753 3783 3804 3838 in

2196 3864 2402 3922 Veneta
2433 3867 2664 3922 Zenonis
2709 3868 2945 3924 editione
2995 3868 3137 3923 inter
3180 3868 3522 3926 Zenonianos
3569 3872 3803 3927 insertus

2204 3960 2504 4029 reperitur,
2535 3960 2745 4030 aliaque
2786 3958 3014 4015 subinde
3041 3961 3268 4016 aliorum
3312 3972 3589 4017 auctorum
3636 3977 3802 4033 Opus-

2197 4055 2315 4110 cuia
2358 4056 2410 4109 in
2445 4057 2683 4125 utrisque
2713 4058 2815 4112 suh
2845 4055 3005 4112 ﬁnem
3047 4057 3229 4112 addita
3259 4058 3629 4123 inveniuntur,
3664 4058 3802 4113 utin

2197 4146 2520 4220 pnefatione
2558 4149 2889 4213 monuimus,
2918 4150 3006 4205 ubi
3037 4150 3370 4206 additionem
3398 4149 3556 4204 aliam
3583 4148 3809 4206 alterius

2196 4248 2478 4303 tractatus.
2511 4240 2593 4295 vel
2625 4241 2809 4313 hymni
2836 4242 2900 4296 de
2918 4242 3064 4314 signo
3095 4240 3277 4297 Crucis
3321 4241 3491 4299 tribus
3516 4243 3569 4298 in
3597 4241 3803 4298 codici—

2200 4332 2301 4389 hus
2325 4333 2597 4389 inventam
2630 4336 2831 4406 pariter
2862 4335 3135 4390 innuimus
3161 4353 3173 4388 :
3203 4334 3340 4391 adeo
3360 4348 3568 4391 certum
3599 4344 3685 4392 est
3706 4335 3807 4390 Ze-

2201 4424 2468 4480 nonianos
2495 4425 2710 4482 codices
2735 4429 2804 4485 ab
2844 4426 3206 4482 additionibus
3233 4427 3499 4497 ejusmodi
3540 4429 3807 4484 immunes

483 4530 591 4583 cet.
618 4526 673 4573 et
692 4516 749 4573 in
772 4516 905 4574 δίειιί
928 4517 1186 4574 Senensis
1212 4520 1533 4574 sententiam
1563 4518 1804 4581 inclinet,
1840 4519 2092 4577 nimirum
2124 4496 2174 4554 θ
2202 4532 2307 4573 non
2350 4516 2539 4575 fuisse.
2575 4518 2698 4574 illos
2739 4529 2920 4575 autem
2943 4523 3212 4576 variorum
3238 4531 3517 4577 auctorum
3552 4531 3808 4578 tractatus

488 4610 580 4665 hos
605 4626 865 4665 sermones
894 4611 1083 4681 majori
1111 4627 1176 4667 ea:
1219 4621 1364 4680 parte
1410 4612 1648 4667 collectos
1690 4629 1799 4668 esse
1846 4630 1909 4668 ea:
1936 4614 2096 4668 uariis

492 4702 825 4767 auctoribus;
848 4701 1122 4758 afﬁrmare
1151 4713 1328 4757 tamen
1359 4716 1465 4756 non
1492 4702 1701 4758 dubitat
1725 4720 1738 4757 :
1772 4702 1913 4759 Sane
1938 4719 2095 4775 quos-

488 4793 607 4847 dam
633 4794 774 4848 illius
796 4793 1019 4848 Zenonis
1044 4809 1153 4848 esse
1176 4795 1322 4847 valde
1349 4793 1552 4848 videtur
1571 4794 1836 4848 credibile.

560 4886 747 4956 itaque
774 4885 917 4941 inter
942 4895 1017 4941 tot
1047 4898 1101 4941 et
1132 4897 1485 4941 tamseveras
1505 4886 1574 4941 de
1594 4886 1917 4942 Zenonianis
1946 4896 2086 4943 trac-

491 4982 693 5036 tatibus
733 4979 1125 5050 percclebrium
1169 4979 1479 5034 criticorum
1544 4993 1843 5045 censuras,
1896 4989 2095 5049 praeter

491 5084 765 5130 extremas
807 5072 1059 5142 utrinque
1106 5081 1160 5127 et
1203 5082 1627 5142 compugnautes
1673 5073 1815 5139 illas,
1846 5089 1967 5144 qua:
1996 5073 2103 5137 Ze-,

493 5168 623 5222 noni
655 5180 934 5221 sermones
965 5181 1174 5229 omnes,
1217 5165 1301 5220 vel
1334 5165 1511 5223 nullos
1537 5167 1847 5224 tribuendos:
1875 5178 2100 5224 conten-

492 5265 648 5330 dunt,
679 5263 887 5335 sequior
914 5265 1085 5319 multo
1112 5273 1167 5320 et
1184 5265 1514 5334 probabilior
1536 5264 1624 5319 illa
1648 5265 1860 5321 videtur
1884 5280 2095 5334 eorum,

493 5357 585 5427 qui
630 5357 703 5411 ita
745 5370 841 5412 eos
890 5363 1151 5413 tractatus
1193 5355 1579 5412 collectionem
1606 5371 1728 5412 esse
1753 5368 1985 5415 censent
2030 5374 2099 5418 ex

492 5447 658 5505 Variis
703 5448 1013 5505 auctoribus
1056 5458 1416 5520 compactam,
1449 5458 1510 5504 ut
1552 5465 1619 5505 ne
1666 5457 1847 5505 tamen
1898 5450 2100 5507 idcirco

492 5541 768 5599 Zenonem
794 5542 1148 5612 quorumdam
1177 5544 1367 5598 saltem
1395 5551 1672 5598 auctorem
1699 5557 1820 5600 esse
1856 5542 2100 5600 inﬁcien-

492 5645 601 5714 tur.
636 5635 689 5690 Id
712 5635 974 5709 judicium
1006 5649 1139 5707 sane
1165 5641 1424 5706 quantum
1457 5635 1523 5689 ad
1554 5635 1834 5691 veritatem
1858 5650 2099 5691 accesse-

490 5732 579 5800 rit,
605 5746 669 5791 ex
710 5724 955 5789 dicendis
988 5729 1086 5786 hac
1113 5729 1166 5786 in
1192 5722 1577 5786 dissertatione
1603 5714 1845 5798 patebit:
1874 5726 2011 5785 adeo
2039 5723 2098 5784 ut

2200 4610 2255 4667 in
2288 4610 2392 4666 ﬁne
2430 4608 2676 4667 codicum
2718 4613 2960 4667 omnium
2993 4613 3224 4681 additos,
3257 4615 3348 4686 qui
3381 4630 3605 4671 inimero
3632 4615 3807 4671 unde-

2199 4702 2305 4758 cim
2329 4702 2547 4769 sunt,,in
2580 4702 2941 4773 Appendicem
2965 4706 3274 4774 rejeeimus,
3300 4722 3597 4776 eorumque
3619 4718 3808 4763 aucto-

2200 4809 2290 4850 res
2333 4794 2386 4849 in
2442 4793 2780 4864 praefatione,
2818 4811 2980 4866 quam
3032 4796 3230 4852 ibidem
3260 4798 3670 4867 prmmittemus,
3712 4798 3809 4854 de-

2200 4888 2594 4959 signabuntur,
2647 4902 2712 4943 ac
2766 4889 3190 4944 luculentissime
3235 4896 3558 4946 statuantur.
3626 4890 3809 4962 Itaque

2201 4996 2365 5048 nunc,
2395 4996 2517 5036 cum
2546 4982 2613 5036 de
2630 4982 2880 5053 genuinis
2902 4980 3139 5036 Zenonis
3165 4981 3482 5037 tractatibus
3507 4997 3687 5038 sermo
3715 4985 3806 5050 sit,

2199 5072 2492 5128 difﬁcultas
2516 5072 2585 5128 de
2612 5071 2696 5127 his
2725 5089 2774 5127 xl
2806 5088 2943 5144 quos
2974 5073 3041 5126 ab
3072 5072 3162 5126 illo
3192 5072 3273 5127 vel
3301 5087 3365 5127 ex
3397 5072 3636 5143 ipsorum
3669 5074 3807 5130 indi-

2200 5165 2287 5220 cio
2308 5164 2555 5221 codicum
2593 5168 2735 5222 ultro
2762 5165 3096 5236 ablegamus,
3131 5164 3275 5221 nulla
3318 5166 3549 5235 amplius
3577 5174 3679 5221 est.
3730 5166 3806 5222 De

2202 5260 2427 5332 reliquis
2464 5270 2669 5314 tantum
2710 5258 3085 5315 controversia
3124 5272 3410 5329 superesse
3442 5265 3639 5328 potest.
3696 5258 3804 5314 llos

2201 5363 2382 5407 autem
2410 5362 2469 5407 ut
2511 5351 2854 5409 Zenonianos
2898 5352 3054 5420 plane
3106 5366 3227 5406 esse
3265 5360 3565 5407 statuamus
3593 5361 3647 5409 et
3675 5367 3805 5408 con-

2201 5448 2481 5503 vincamus
2506 5491 2522 5515 ,
2551 5461 2673 5503 cum
2704 5447 2770 5502 ad
2812 5448 2911 5503 tria
2953 5446 3128 5517 capita
3162 5447 3404 5514 redeant,
3454 5463 3805 5526 quascumque

2199 5540 2469 5597 adversus
2493 5540 2614 5596 illos
2640 5539 2850 5610 objecta
2881 5546 3027 5604 sunt,
3056 5550 3108 5594 et
3132 5539 3294 5609 ohjiei
3328 5551 3571 5608 possunt,
3598 5538 3810 5595 scilicet

2200 5648 2328 5703 num
2361 5634 2519 5689 unius
2539 5647 2730 5689 omnes
2762 5634 3003 5716 auctoris
3026 5632 3164 5717 sint;
3192 5634 3277 5689 cui
3304 5634 3470 5711 ptati,
3500 5631 3582 5687 vel
3607 5632 3807 5717 saeculo

2200 5736 2533 5800 congruant:
2579 5744 2639 5782 ac
2666 5711 2881 5783 tandem
2913 5708 3040 5783 num
3072 5736 3260 5784 auctor
3287 5708 3471 5797 ltuths,
3505 5708 3805 5795 duodena)“
