  <div class='ocr_page' id='page_1' title='image "/cluster/home/n/w/nwhite01/storage/ocr_20150623/11/hvd.32044096580402/022.png"; bbox 0 0 2121 3084; ppageno 0'>
   <div class='ocr_carea' id='block_1_1' title="bbox 183 103 1007 140">
    <p class='ocr_par' dir='ltr' id='par_1_1' title="bbox 183 104 1004 140">
     <span class='ocr_line' id='line_1_1' title="bbox 183 104 1004 140; baseline -0.005 -3"><span class='ocrx_word' id='word_1_1' title='bbox 183 109 220 137; x_wconf 80' lang='grc'><strong>55</strong></span> <span class='ocrx_word' id='word_1_2' title='bbox 575 104 815 135; x_wconf 82' lang='lat' dir='ltr'><strong>DISSERTATIO</strong></span> <span class='ocrx_word' id='word_1_3' title='bbox 835 106 855 140; x_wconf 94' lang='lat' dir='ltr'><strong>I,</strong></span> <span class='ocrx_word' id='word_1_4' title='bbox 878 106 921 134; x_wconf 88' lang='lat' dir='ltr'><strong>DE</strong></span> <span class='ocrx_word' id='word_1_5' title='bbox 936 105 963 134; x_wconf 90' lang='lat' dir='ltr'><strong>S.</strong></span> <span class='ocrx_word' id='word_1_6' title='bbox 985 104 1004 133; x_wconf 83' lang='grc' dir='ltr'><strong>Ζ</strong></span> 
     </span>
    </p>
   </div>
   <div class='ocr_carea' id='block_1_2' title="bbox 1058 103 1453 140">
    <p class='ocr_par' dir='ltr' id='par_1_2' title="bbox 1058 103 1453 137">
     <span class='ocr_line' id='line_1_2' title="bbox 1058 103 1453 137; baseline 0.013 -4"><span class='ocrx_word' id='word_1_7' title='bbox 1058 126 1061 133; x_wconf 92' lang='grc'>.</span> <span class='ocrx_word' id='word_1_8' title='bbox 1084 103 1212 133; x_wconf 58' lang='grc' dir='ltr'><strong>ΉΚΑΟΤ.</strong></span> <span class='ocrx_word' id='word_1_9' title='bbox 1237 104 1284 133; x_wconf 83' lang='grc' dir='ltr'><strong>ΕΤ</strong></span> <span class='ocrx_word' id='word_1_10' title='bbox 1303 105 1453 137; x_wconf 74' lang='grc' dir='ltr'><strong>ΑΞῚἈΤΕ.</strong></span> 
     </span>
    </p>
   </div>
   <div class='ocr_carea' id='block_1_3' title="bbox 1852 117 1893 146">
    <p class='ocr_par' dir='ltr' id='par_1_3' title="bbox 1852 117 1893 146">
     <span class='ocr_line' id='line_1_3' title="bbox 1852 117 1893 146; baseline 0.024 -1"><span class='ocrx_word' id='word_1_11' title='bbox 1852 117 1893 146; x_wconf 67' lang='grc'><strong>54</strong></span> 
     </span>
    </p>
   </div>
   <div class='ocr_carea' id='block_1_4' title="bbox 184 163 1889 210">
    <p class='ocr_par' dir='ltr' id='par_1_4' title="bbox 184 163 1889 210">
     <span class='ocr_line' id='line_1_4' title="bbox 184 163 1889 210; baseline 0.002 -17"><span class='ocrx_word' id='word_1_12' title='bbox 184 176 237 202; x_wconf 65' lang='lat' dir='ltr'><strong>quo.</strong></span> <span class='ocrx_word' id='word_1_13' title='bbox 255 167 337 194; x_wconf 65' lang='lat' dir='ltr'><strong>fut-rit</strong></span> <span class='ocrx_word' id='word_1_14' title='bbox 349 187 356 198; x_wconf 94' lang='lat'><strong>,</strong></span> <span class='ocrx_word' id='word_1_15' title='bbox 374 166 477 199; x_wconf 71' lang='lat' dir='ltr'><strong>smculi,</strong></span> <span class='ocrx_word' id='word_1_16' title='bbox 500 164 533 193; x_wconf 89' lang='lat' dir='ltr'><strong>sit</strong></span> <span class='ocrx_word' id='word_1_17' title='bbox 547 164 575 193; x_wconf 88' lang='lat' dir='ltr'>S.</span> <span class='ocrx_word' id='word_1_18' title='bbox 598 164 676 192; x_wconf 78' lang='lat' dir='ltr'><strong>Zeno</strong></span> <span class='ocrx_word' id='word_1_19' title='bbox 703 167 848 201; x_wconf 74' lang='lat' dir='ltr'><strong>episcopus</strong></span> <span class='ocrx_word' id='word_1_20' title='bbox 865 166 1002 193; x_wconf 82' lang='lat' dir='ltr'><strong>Veroucn-</strong></span> <span class='ocrx_word' id='word_1_21' title='bbox 1015 166 1040 195; x_wconf 82' lang='grc' dir='ltr'>Α</span> <span class='ocrx_word' id='word_1_22' title='bbox 1055 164 1103 191; x_wconf 85' lang='lat' dir='ltr'><strong>mis</strong></span> <span class='ocrx_word' id='word_1_23' title='bbox 1118 163 1288 192; x_wconf 85' lang='lat' dir='ltr'><strong>tractatibus</strong></span> <span class='ocrx_word' id='word_1_24' title='bbox 1307 166 1471 196; x_wconf 76' lang='lat' dir='ltr'><strong>imttiedizttc</strong></span> <span class='ocrx_word' id='word_1_25' title='bbox 1488 169 1675 204; x_wconf 62' lang='lat' dir='ltr'><strong>prtulignnlur,</strong></span> <span class='ocrx_word' id='word_1_26' title='bbox 1692 173 1800 207; x_wconf 61' lang='lat' dir='ltr'><strong>reperi”.</strong></span> <span class='ocrx_word' id='word_1_27' title='bbox 1819 175 1889 210; x_wconf 61' lang='lat' dir='ltr'><strong>logi-</strong></span> 
     </span>
    </p>
   </div>
   <div class='ocr_carea' id='block_1_5' title="bbox 185 210 1003 247">
    <p class='ocr_par' dir='ltr' id='par_1_5' title="bbox 185 210 1003 247">
     <span class='ocr_line' id='line_1_5' title="bbox 185 210 1003 247; baseline -0.002 -7"><span class='ocrx_word' id='word_1_28' title='bbox 185 215 245 241; x_wconf 87' lang='lat' dir='ltr'><strong>sis:</strong></span> <span class='ocrx_word' id='word_1_29' title='bbox 264 215 315 240; x_wconf 80' lang='lat' dir='ltr'><strong>tria</strong></span> <span class='ocrx_word' id='word_1_30' title='bbox 337 213 399 240; x_wconf 69' lang='lat' dir='ltr'><strong>lucc</strong></span> <span class='ocrx_word' id='word_1_31' title='bbox 415 212 500 240; x_wconf 88' lang='lat' dir='ltr'><strong>tribus</strong></span> <span class='ocrx_word' id='word_1_32' title='bbox 524 210 659 238; x_wconf 69' lang='lat' dir='ltr'><strong>distinctis</strong></span> <span class='ocrx_word' id='word_1_33' title='bbox 690 212 826 247; x_wconf 79' lang='lat' dir='ltr'><strong>capitibus</strong></span> <span class='ocrx_word' id='word_1_34' title='bbox 850 212 1003 246; x_wconf 88' lang='lat' dir='ltr'><strong>plenissime</strong></span> 
     </span>
    </p>
   </div>
   <div class='ocr_carea' id='block_1_6' title="bbox 185 257 1003 294">
    <p class='ocr_par' dir='ltr' id='par_1_6' title="bbox 185 257 1003 294">
     <span class='ocr_line' id='line_1_6' title="bbox 185 257 1003 294; baseline -0.004 -7"><span class='ocrx_word' id='word_1_35' title='bbox 185 259 332 287; x_wconf 82' lang='lat' dir='ltr'><strong>statuenda</strong></span> <span class='ocrx_word' id='word_1_36' title='bbox 347 258 519 294; x_wconf 80' lang='lat' dir='ltr'><strong>aggredimur</strong></span> <span class='ocrx_word' id='word_1_37' title='bbox 539 266 545 285; x_wconf 75' lang='grc' dir='ltr'>ε</span> <span class='ocrx_word' id='word_1_38' title='bbox 563 257 651 291; x_wconf 86' lang='lat' dir='ltr'><strong>primo</strong></span> <span class='ocrx_word' id='word_1_39' title='bbox 673 266 774 286; x_wconf 88' lang='lat' dir='ltr'><strong>omnes</strong></span> <span class='ocrx_word' id='word_1_40' title='bbox 791 262 918 285; x_wconf 91' lang='lat' dir='ltr'><strong>tractatus</strong></span> <span class='ocrx_word' id='word_1_41' title='bbox 939 265 1003 288; x_wconf 74' lang='lat' dir='ltr'><strong>xcni</strong></span> 
     </span>
    </p>
   </div>
   <div class='ocr_carea' id='block_1_7' title="bbox 185 304 1003 343">
    <p class='ocr_par' dir='ltr' id='par_1_7' title="bbox 185 304 1003 343">
     <span class='ocr_line' id='line_1_7' title="bbox 185 304 1003 343; baseline -0.002 -9"><span class='ocrx_word' id='word_1_42' title='bbox 185 307 233 343; x_wconf 89' lang='lat' dir='ltr'><strong>qui</strong></span> <span class='ocrx_word' id='word_1_43' title='bbox 248 310 352 342; x_wconf 69' lang='lat' dir='ltr'><strong>prtrter</strong></span> <span class='ocrx_word' id='word_1_44' title='bbox 369 306 493 334; x_wconf 79' lang='lat' dir='ltr'><strong>undecim</strong></span> <span class='ocrx_word' id='word_1_45' title='bbox 514 305 538 332; x_wconf 91' lang='lat' dir='ltr'><strong>in</strong></span> <span class='ocrx_word' id='word_1_46' title='bbox 555 304 744 339; x_wconf 83' lang='lat' dir='ltr'><strong>Appendicem</strong></span> <span class='ocrx_word' id='word_1_47' title='bbox 758 305 872 340; x_wconf 70' lang='lat' dir='ltr'><strong>rcjcctos</strong></span> <span class='ocrx_word' id='word_1_48' title='bbox 885 309 948 331; x_wconf 89' lang='lat' dir='ltr'><strong>sunt</strong></span> <span class='ocrx_word' id='word_1_49' title='bbox 961 312 1003 332; x_wconf 81' lang='lat' dir='ltr'><strong>re—</strong></span> 
     </span>
    </p>
   </div>
   <div class='ocr_carea' id='block_1_8' title="bbox 188 350 1003 389">
    <p class='ocr_par' dir='ltr' id='par_1_8' title="bbox 188 350 1003 389">
     <span class='ocr_line' id='line_1_8' title="bbox 188 350 1003 389; baseline -0.006 -7"><span class='ocrx_word' id='word_1_50' title='bbox 188 354 268 389; x_wconf 85' lang='lat' dir='ltr'><strong>liqui,</strong></span> <span class='ocrx_word' id='word_1_51' title='bbox 297 353 382 381; x_wconf 90' lang='lat' dir='ltr'><strong>unius</strong></span> <span class='ocrx_word' id='word_1_52' title='bbox 409 360 470 381; x_wconf 79' lang='lat' dir='ltr'><strong>esse</strong></span> <span class='ocrx_word' id='word_1_53' title='bbox 492 351 644 386; x_wconf 88' lang='lat' dir='ltr'><strong>scriptoris;</strong></span> <span class='ocrx_word' id='word_1_54' title='bbox 663 351 728 379; x_wconf 82' lang='lat' dir='ltr'><strong>dein</strong></span> <span class='ocrx_word' id='word_1_55' title='bbox 754 351 824 379; x_wconf 90' lang='lat' dir='ltr'><strong>ltunc</strong></span> <span class='ocrx_word' id='word_1_56' title='bbox 844 359 878 378; x_wconf 85' lang='lat' dir='ltr'><strong>ex</strong></span> <span class='ocrx_word' id='word_1_57' title='bbox 907 350 1003 378; x_wconf 84' lang='lat' dir='ltr'><strong>iisdem</strong></span> 
     </span>
    </p>
   </div>
   <div class='ocr_carea' id='block_1_9' title="bbox 189 397 1001 433">
    <p class='ocr_par' dir='ltr' id='par_1_9' title="bbox 189 397 1001 433">
     <span class='ocr_line' id='line_1_9' title="bbox 189 397 1001 433; baseline -0.006 -5"><span class='ocrx_word' id='word_1_58' title='bbox 189 401 353 429; x_wconf 86' lang='lat' dir='ltr'><strong>tractatibus</strong></span> <span class='ocrx_word' id='word_1_59' title='bbox 364 398 543 427; x_wconf 85' lang='lat' dir='ltr'><strong>demonstrari</strong></span> <span class='ocrx_word' id='word_1_60' title='bbox 558 398 723 433; x_wconf 73' lang='lat' dir='ltr'><strong>scriptorem</strong></span> <span class='ocrx_word' id='word_1_61' title='bbox 740 397 831 425; x_wconf 66' lang='grc' dir='ltr'><strong>δερειιιὶ</strong></span> <span class='ocrx_word' id='word_1_62' title='bbox 846 405 881 430; x_wconf 86' lang='lat' dir='ltr'><strong>tv;</strong></span> <span class='ocrx_word' id='word_1_63' title='bbox 894 397 1001 424; x_wconf 87' lang='lat' dir='ltr'><strong>demum</strong></span> 
     </span>
    </p>
   </div>
   <div class='ocr_carea' id='block_1_10' title="bbox 187 444 1002 483">
    <p class='ocr_par' dir='ltr' id='par_1_10' title="bbox 187 444 1002 483">
     <span class='ocr_line' id='line_1_10' title="bbox 187 444 1002 483; baseline -0.01 -7"><span class='ocrx_word' id='word_1_64' title='bbox 187 449 260 476; x_wconf 88' lang='lat' dir='ltr'><strong>hunc</strong></span> <span class='ocrx_word' id='word_1_65' title='bbox 272 447 439 483; x_wconf 78' lang='lat' dir='ltr'><strong>seriptorem</strong></span> <span class='ocrx_word' id='word_1_66' title='bbox 454 445 543 473; x_wconf 79' lang='lat' dir='ltr'><strong>5:rcttli</strong></span> <span class='ocrx_word' id='word_1_67' title='bbox 558 444 753 479; x_wconf 86' lang='lat' dir='ltr'><strong>quartieorum</strong></span> <span class='ocrx_word' id='word_1_68' title='bbox 767 444 885 470; x_wconf 91' lang='lat' dir='ltr'><strong>omnium</strong></span> <span class='ocrx_word' id='word_1_69' title='bbox 902 447 1002 469; x_wconf 63' lang='lat' dir='ltr'><strong>tracta.</strong></span> 
     </span>
    </p>
   </div>
   <div class='ocr_carea' id='block_1_11' title="bbox 187 489 1003 526">
    <p class='ocr_par' dir='ltr' id='par_1_11' title="bbox 187 489 1003 526">
     <span class='ocr_line' id='line_1_11' title="bbox 187 489 1003 526; baseline -0.009 -4"><span class='ocrx_word' id='word_1_70' title='bbox 187 500 264 522; x_wconf 87' lang='lat' dir='ltr'><strong>tuum</strong></span> <span class='ocrx_word' id='word_1_71' title='bbox 277 497 421 521; x_wconf 89' lang='lat' dir='ltr'><strong>auctorem</strong></span> <span class='ocrx_word' id='word_1_72' title='bbox 437 501 489 519; x_wconf 91' lang='lat' dir='ltr'><strong>non</strong></span> <span class='ocrx_word' id='word_1_73' title='bbox 508 492 587 518; x_wconf 87' lang='lat' dir='ltr'><strong>alium</strong></span> <span class='ocrx_word' id='word_1_74' title='bbox 600 498 673 523; x_wconf 87' lang='lat' dir='ltr'><strong>esse,</strong></span> <span class='ocrx_word' id='word_1_75' title='bbox 689 498 770 526; x_wconf 86' lang='lat' dir='ltr'><strong>quam</strong></span> <span class='ocrx_word' id='word_1_76' title='bbox 782 494 902 517; x_wconf 88' lang='lat' dir='ltr'><strong>sanctutu</strong></span> <span class='ocrx_word' id='word_1_77' title='bbox 914 489 1003 516; x_wconf 87' lang='lat' dir='ltr'><strong>Zeno-</strong></span> 
     </span>
    </p>
   </div>
   <div class='ocr_carea' id='block_1_12' title="bbox 186 535 1003 575">
    <p class='ocr_par' dir='ltr' id='par_1_12' title="bbox 186 535 1003 575">
     <span class='ocr_line' id='line_1_12' title="bbox 186 535 1003 575; baseline -0.01 -6"><span class='ocrx_word' id='word_1_78' title='bbox 186 549 251 569; x_wconf 85' lang='lat' dir='ltr'><strong>nem</strong></span> <span class='ocrx_word' id='word_1_79' title='bbox 272 540 434 575; x_wconf 84' lang='lat' dir='ltr'><strong>episcopum</strong></span> <span class='ocrx_word' id='word_1_80' title='bbox 449 539 643 566; x_wconf 83' lang='lat' dir='ltr'><strong>Veronensem.</strong></span> <span class='ocrx_word' id='word_1_81' title='bbox 670 537 735 564; x_wconf 57' lang='lat' dir='ltr'><strong>Haec</strong></span> <span class='ocrx_word' id='word_1_82' title='bbox 749 536 800 563; x_wconf 91' lang='lat' dir='ltr'><strong>tria</strong></span> <span class='ocrx_word' id='word_1_83' title='bbox 819 536 840 562; x_wconf 89' lang='lat' dir='ltr'><strong>si</strong></span> <span class='ocrx_word' id='word_1_84' title='bbox 861 535 1003 563; x_wconf 76' lang='lat' dir='ltr'><strong>evidenter</strong></span> 
     </span>
    </p>
   </div>
   <div class='ocr_carea' id='block_1_13' title="bbox 187 582 1003 621">
    <p class='ocr_par' dir='ltr' id='par_1_13' title="bbox 187 582 1003 621">
     <span class='ocr_line' id='line_1_13' title="bbox 187 582 1003 621; baseline -0.011 -4"><span class='ocrx_word' id='word_1_85' title='bbox 187 587 368 617; x_wconf 69' lang='lat' dir='ltr'><strong>docuerimus</strong></span> <span class='ocrx_word' id='word_1_86' title='bbox 389 586 510 621; x_wconf 88' lang='lat' dir='ltr'><strong>rejectis,</strong></span> <span class='ocrx_word' id='word_1_87' title='bbox 531 592 708 619; x_wconf 64' lang='lat' dir='ltr'><strong>qutcctnnque</strong></span> <span class='ocrx_word' id='word_1_88' title='bbox 728 582 851 619; x_wconf 74' lang='lat' dir='ltr'><strong>[xxxrtn]</strong></span> <span class='ocrx_word' id='word_1_89' title='bbox 874 582 1003 609; x_wconf 79' lang='lat' dir='ltr'><strong>adversus</strong></span> 
     </span>
    </p>
   </div>
   <div class='ocr_carea' id='block_1_14' title="bbox 187 627 1001 669">
    <p class='ocr_par' dir='ltr' id='par_1_14' title="bbox 187 627 1001 669">
     <span class='ocr_line' id='line_1_14' title="bbox 187 627 1001 669; baseline -0.01 -7"><span class='ocrx_word' id='word_1_90' title='bbox 187 634 296 669; x_wconf 79' lang='lat' dir='ltr'><strong>singula</strong></span> <span class='ocrx_word' id='word_1_91' title='bbox 311 632 401 668; x_wconf 89' lang='lat' dir='ltr'><strong>capita</strong></span> <span class='ocrx_word' id='word_1_92' title='bbox 420 640 435 658; x_wconf 91' lang='lat' dir='ltr'><strong>a</strong></span> <span class='ocrx_word' id='word_1_93' title='bbox 450 631 557 659; x_wconf 85' lang='lat' dir='ltr'><strong>Criticis</strong></span> <span class='ocrx_word' id='word_1_94' title='bbox 571 630 678 664; x_wconf 91' lang='lat' dir='ltr'><strong>objecta</strong></span> <span class='ocrx_word' id='word_1_95' title='bbox 701 633 782 662; x_wconf 88' lang='lat' dir='ltr'><strong>sunt,</strong></span> <span class='ocrx_word' id='word_1_96' title='bbox 795 629 827 656; x_wconf 91' lang='lat' dir='ltr'><strong>ad</strong></span> <span class='ocrx_word' id='word_1_97' title='bbox 842 627 1001 655; x_wconf 86' lang='lat' dir='ltr'><strong>vindicanda</strong></span> 
     </span>
    </p>
   </div>
   <div class='ocr_carea' id='block_1_15' title="bbox 188 674 1003 713">
    <p class='ocr_par' dir='ltr' id='par_1_15' title="bbox 188 674 1003 713">
     <span class='ocr_line' id='line_1_15' title="bbox 188 674 1003 713; baseline -0.01 -4"><span class='ocrx_word' id='word_1_98' title='bbox 188 682 218 710; x_wconf 84' lang='lat' dir='ltr'><strong>S.</strong></span> <span class='ocrx_word' id='word_1_99' title='bbox 230 680 349 708; x_wconf 87' lang='lat' dir='ltr'><strong>Zenonis</strong></span> <span class='ocrx_word' id='word_1_100' title='bbox 360 679 464 713; x_wconf 79' lang='lat' dir='ltr'><strong>scripta</strong></span> <span class='ocrx_word' id='word_1_101' title='bbox 477 677 555 710; x_wconf 83' lang='lat' dir='ltr'><strong>nihil,</strong></span> <span class='ocrx_word' id='word_1_102' title='bbox 564 681 592 704; x_wconf 92' lang='lat' dir='ltr'><strong>ut</strong></span> <span class='ocrx_word' id='word_1_103' title='bbox 603 676 720 708; x_wconf 77' lang='lat' dir='ltr'><strong>videtur,</strong></span> <span class='ocrx_word' id='word_1_104' title='bbox 730 675 876 703; x_wconf 86' lang='lat' dir='ltr'><strong>desiderari</strong></span> <span class='ocrx_word' id='word_1_105' title='bbox 888 674 1003 709; x_wconf 84' lang='lat' dir='ltr'><strong>amplius</strong></span> 
     </span>
    </p>
   </div>
   <div class='ocr_carea' id='block_1_16' title="bbox 187 720 1004 764">
    <p class='ocr_par' dir='ltr' id='par_1_16' title="bbox 187 720 1004 764">
     <span class='ocr_line' id='line_1_16' title="bbox 187 720 1004 764; baseline -0.011 -8"><span class='ocrx_word' id='word_1_106' title='bbox 187 729 310 764; x_wconf 70' lang='lat' dir='ltr'><strong>poterit;</strong></span> <span class='ocrx_word' id='word_1_107' title='bbox 328 725 468 760; x_wconf 87' lang='lat' dir='ltr'><strong>simulque</strong></span> <span class='ocrx_word' id='word_1_108' title='bbox 481 724 612 758; x_wconf 85' lang='lat' dir='ltr'><strong>dirempta</strong></span> <span class='ocrx_word' id='word_1_109' title='bbox 626 722 742 754; x_wconf 81' lang='lat' dir='ltr'><strong>eritilla,</strong></span> <span class='ocrx_word' id='word_1_110' title='bbox 758 730 816 756; x_wconf 77' lang='lat' dir='ltr'><strong>quze</strong></span> <span class='ocrx_word' id='word_1_111' title='bbox 831 721 864 748; x_wconf 92' lang='lat' dir='ltr'><strong>de</strong></span> <span class='ocrx_word' id='word_1_112' title='bbox 874 721 902 748; x_wconf 88' lang='lat' dir='ltr'><strong>S.</strong></span> <span class='ocrx_word' id='word_1_113' title='bbox 917 720 1004 748; x_wconf 83' lang='lat' dir='ltr'><strong>Zeno-</strong></span> 
     </span>
    </p>
   </div>
   <div class='ocr_carea' id='block_1_17' title="bbox 187 765 1003 804">
    <p class='ocr_par' dir='ltr' id='par_1_17' title="bbox 187 765 1003 804">
     <span class='ocr_line' id='line_1_17' title="bbox 187 765 1003 804; baseline -0.013 -3"><span class='ocrx_word' id='word_1_114' title='bbox 187 774 231 801; x_wconf 87' lang='lat' dir='ltr'><strong>nis</strong></span> <span class='ocrx_word' id='word_1_115' title='bbox 244 776 325 800; x_wconf 78' lang='lat' dir='ltr'><strong>:ctate</strong></span> <span class='ocrx_word' id='word_1_116' title='bbox 339 771 456 798; x_wconf 87' lang='lat' dir='ltr'><strong>vertitur</strong></span> <span class='ocrx_word' id='word_1_117' title='bbox 476 768 600 804; x_wconf 68' lang='lat' dir='ltr'><strong>quaxstio,</strong></span> <span class='ocrx_word' id='word_1_118' title='bbox 617 774 734 802; x_wconf 66' lang='lat' dir='ltr'><strong>qumque</strong></span> <span class='ocrx_word' id='word_1_119' title='bbox 749 767 806 793; x_wconf 83' lang='lat' dir='ltr'><strong>fere</strong></span> <span class='ocrx_word' id='word_1_120' title='bbox 826 765 956 799; x_wconf 87' lang='lat' dir='ltr'><strong>dirempta</strong></span> <span class='ocrx_word' id='word_1_121' title='bbox 970 772 1003 791; x_wconf 78' lang='lat' dir='ltr'><strong>ex</strong></span> 
     </span>
    </p>
   </div>
   <div class='ocr_carea' id='block_1_18' title="bbox 187 811 1002 852">
    <p class='ocr_par' dir='ltr' id='par_1_18' title="bbox 187 811 1002 852">
     <span class='ocr_line' id='line_1_18' title="bbox 187 811 1002 852; baseline -0.015 -3"><span class='ocrx_word' id='word_1_122' title='bbox 187 819 325 849; x_wconf 88' lang='lat' dir='ltr'><strong>contrario</strong></span> <span class='ocrx_word' id='word_1_123' title='bbox 345 817 509 852; x_wconf 80' lang='lat' dir='ltr'><strong>volgarique</strong></span> <span class='ocrx_word' id='word_1_124' title='bbox 523 823 606 842; x_wconf 82' lang='lat' dir='ltr'><strong>sensu</strong></span> <span class='ocrx_word' id='word_1_125' title='bbox 619 814 786 841; x_wconf 75' lang='lat' dir='ltr'><strong>Veronensis</strong></span> <span class='ocrx_word' id='word_1_126' title='bbox 806 812 945 844; x_wconf 57' lang='lat' dir='ltr'><strong>Ecclesiae,</strong></span> <span class='ocrx_word' id='word_1_127' title='bbox 963 811 1002 838; x_wconf 91' lang='lat' dir='ltr'><strong>uti</strong></span> 
     </span>
    </p>
   </div>
   <div class='ocr_carea' id='block_1_19' title="bbox 1055 210 1884 252">
    <p class='ocr_par' dir='ltr' id='par_1_19' title="bbox 1055 210 1884 252">
     <span class='ocr_line' id='line_1_19' title="bbox 1055 210 1884 252; baseline 0.012 -15"><span class='ocrx_word' id='word_1_128' title='bbox 1055 216 1107 244; x_wconf 91' lang='lat' dir='ltr'><strong>tur,</strong></span> <span class='ocrx_word' id='word_1_129' title='bbox 1125 219 1179 237; x_wconf 89' lang='lat' dir='ltr'><strong>non</strong></span> <span class='ocrx_word' id='word_1_130' title='bbox 1200 210 1229 237; x_wconf 92' lang='lat' dir='ltr'><strong>in</strong></span> <span class='ocrx_word' id='word_1_131' title='bbox 1243 218 1299 238; x_wconf 88' lang='lat' dir='ltr'><strong>ms.</strong></span> <span class='ocrx_word' id='word_1_132' title='bbox 1319 215 1409 241; x_wconf 85' lang='lat' dir='ltr'><strong>solum</strong></span> <span class='ocrx_word' id='word_1_133' title='bbox 1426 215 1563 248; x_wconf 72' lang='lat' dir='ltr'><strong>licuit-mi,</strong></span> <span class='ocrx_word' id='word_1_134' title='bbox 1574 216 1622 243; x_wconf 86' lang='lat' dir='ltr'><strong>sed</strong></span> <span class='ocrx_word' id='word_1_135' title='bbox 1638 217 1662 243; x_wconf 92' lang='lat' dir='ltr'><strong>in</strong></span> <span class='ocrx_word' id='word_1_136' title='bbox 1675 218 1733 245; x_wconf 90' lang='lat' dir='ltr'><strong>aliis</strong></span> <span class='ocrx_word' id='word_1_137' title='bbox 1747 219 1884 252; x_wconf 87' lang='lat' dir='ltr'><strong>similiter;</strong></span> 
     </span>
    </p>
   </div>
   <div class='ocr_carea' id='block_1_20' title="bbox 1055 257 1883 292">
    <p class='ocr_par' dir='ltr' id='par_1_20' title="bbox 1055 257 1883 292">
     <span class='ocr_line' id='line_1_20' title="bbox 1055 257 1883 292; baseline 0.01 -8"><span class='ocrx_word' id='word_1_138' title='bbox 1055 265 1104 285; x_wconf 92' lang='lat' dir='ltr'><strong>ucc</strong></span> <span class='ocrx_word' id='word_1_139' title='bbox 1120 265 1150 285; x_wconf 92' lang='lat' dir='ltr'><strong>ea</strong></span> <span class='ocrx_word' id='word_1_140' title='bbox 1166 257 1297 290; x_wconf 82' lang='lat' dir='ltr'><strong>amplius</strong></span> <span class='ocrx_word' id='word_1_141' title='bbox 1328 262 1445 288; x_wconf 89' lang='lat' dir='ltr'><strong>occurrit</strong></span> <span class='ocrx_word' id='word_1_142' title='bbox 1461 261 1487 288; x_wconf 89' lang='lat' dir='ltr'><strong>io</strong></span> <span class='ocrx_word' id='word_1_143' title='bbox 1512 262 1636 289; x_wconf 84' lang='lat' dir='ltr'><strong>undecim</strong></span> <span class='ocrx_word' id='word_1_144' title='bbox 1666 265 1823 292; x_wconf 77' lang='lat' dir='ltr'><strong>tractatibus</strong></span> <span class='ocrx_word' id='word_1_145' title='bbox 1838 273 1883 292; x_wconf 88' lang='lat' dir='ltr'><strong>sc-</strong></span> 
     </span>
    </p>
   </div>
   <div class='ocr_carea' id='block_1_21' title="bbox 1055 302 1880 345">
    <p class='ocr_par' dir='ltr' id='par_1_21' title="bbox 1055 302 1880 345">
     <span class='ocr_line' id='line_1_21' title="bbox 1055 302 1880 345; baseline 0.01 -16"><span class='ocrx_word' id='word_1_146' title='bbox 1055 303 1208 338; x_wconf 89' lang='lat' dir='ltr'><strong>queutibus</strong></span> <span class='ocrx_word' id='word_1_147' title='bbox 1221 302 1271 337; x_wconf 84' lang='lat' dir='ltr'><strong>(sic</strong></span> <span class='ocrx_word' id='word_1_148' title='bbox 1288 306 1367 332; x_wconf 87' lang='lat' dir='ltr'><strong>enim</strong></span> <span class='ocrx_word' id='word_1_149' title='bbox 1381 307 1565 334; x_wconf 82' lang='lat' dir='ltr'><strong>inscribuntur</strong></span> <span class='ocrx_word' id='word_1_150' title='bbox 1582 317 1588 334; x_wconf 93' lang='lat'><em>:</em></span> <span class='ocrx_word' id='word_1_151' title='bbox 1605 307 1786 345; x_wconf 78' lang='lat' dir='ltr'><strong>Interpretatio</strong></span> <span class='ocrx_word' id='word_1_152' title='bbox 1802 309 1880 337; x_wconf 84' lang='lat' dir='ltr'><strong>Psal—</strong></span> 
     </span>
    </p>
   </div>
   <div class='ocr_carea' id='block_1_22' title="bbox 1055 349 1876 391">
    <p class='ocr_par' dir='ltr' id='par_1_22' title="bbox 1055 349 1876 391">
     <span class='ocr_line' id='line_1_22' title="bbox 1055 349 1876 391; baseline 0.01 -16"><span class='ocrx_word' id='word_1_153' title='bbox 1055 349 1089 375; x_wconf 84' lang='lat' dir='ltr'><strong>mi</strong></span> <span class='ocrx_word' id='word_1_154' title='bbox 1102 357 1205 380; x_wconf 81' lang='lat' dir='ltr'><strong>cxxu,</strong></span> <span class='ocrx_word' id='word_1_155' title='bbox 1232 349 1262 375; x_wconf 79' lang='lat' dir='ltr'><strong>de</strong></span> <span class='ocrx_word' id='word_1_156' title='bbox 1288 349 1401 379; x_wconf 77' lang='lat' dir='ltr'><strong>Psalmo</strong></span> <span class='ocrx_word' id='word_1_157' title='bbox 1426 360 1531 386; x_wconf 89' lang='lat' dir='ltr'><strong>cxxvu,</strong></span> <span class='ocrx_word' id='word_1_158' title='bbox 1556 357 1584 380; x_wconf 92' lang='lat' dir='ltr'><strong>et</strong></span> <span class='ocrx_word' id='word_1_159' title='bbox 1599 354 1726 382; x_wconf 90' lang='lat' dir='ltr'><strong>similiter</strong></span> <span class='ocrx_word' id='word_1_160' title='bbox 1753 356 1876 391; x_wconf 87' lang='lat' dir='ltr'><strong>reliqui),</strong></span> 
     </span>
    </p>
   </div>
   <div class='ocr_carea' id='block_1_23' title="bbox 1055 395 1878 433">
    <p class='ocr_par' dir='ltr' id='par_1_23' title="bbox 1055 395 1878 433">
     <span class='ocr_line' id='line_1_23' title="bbox 1055 395 1878 433; baseline 0.01 -12"><span class='ocrx_word' id='word_1_161' title='bbox 1055 395 1125 431; x_wconf 88' lang='lat' dir='ltr'><strong>quod</strong></span> <span class='ocrx_word' id='word_1_162' title='bbox 1141 395 1214 422; x_wconf 87' lang='lat' dir='ltr'><strong>satis</strong></span> <span class='ocrx_word' id='word_1_163' title='bbox 1230 395 1338 424; x_wconf 86' lang='lat' dir='ltr'><strong>iudicio</strong></span> <span class='ocrx_word' id='word_1_164' title='bbox 1351 401 1401 430; x_wconf 88' lang='lat' dir='ltr'><strong>est,</strong></span> <span class='ocrx_word' id='word_1_165' title='bbox 1421 398 1469 425; x_wconf 87' lang='lat' dir='ltr'><strong>hos</strong></span> <span class='ocrx_word' id='word_1_166' title='bbox 1483 398 1607 433; x_wconf 82' lang='lat' dir='ltr'><strong>ejusdem</strong></span> <span class='ocrx_word' id='word_1_167' title='bbox 1625 401 1741 428; x_wconf 78' lang='lat' dir='ltr'><strong>auctoris</strong></span> <span class='ocrx_word' id='word_1_168' title='bbox 1752 400 1878 430; x_wconf 67' lang='lat' dir='ltr'><strong>ab‘ama-</strong></span> 
     </span>
    </p>
   </div>
   <div class='ocr_carea' id='block_1_24' title="bbox 1056 442 1881 484">
    <p class='ocr_par' dir='ltr' id='par_1_24' title="bbox 1056 442 1881 484">
     <span class='ocr_line' id='line_1_24' title="bbox 1056 442 1881 484; baseline 0.01 -15"><span class='ocrx_word' id='word_1_169' title='bbox 1056 442 1208 470; x_wconf 88' lang='lat' dir='ltr'><strong>nuensibus</strong></span> <span class='ocrx_word' id='word_1_170' title='bbox 1222 450 1274 469; x_wconf 89' lang='lat' dir='ltr'><strong>non</strong></span> <span class='ocrx_word' id='word_1_171' title='bbox 1291 443 1377 471; x_wconf 84' lang='lat' dir='ltr'><strong>fuisse</strong></span> <span class='ocrx_word' id='word_1_172' title='bbox 1391 445 1508 480; x_wconf 82' lang='lat' dir='ltr'><strong>agnitos,</strong></span> <span class='ocrx_word' id='word_1_173' title='bbox 1525 446 1562 472; x_wconf 93' lang='lat' dir='ltr'><strong>uti</strong></span> <span class='ocrx_word' id='word_1_174' title='bbox 1572 447 1672 481; x_wconf 79' lang='lat' dir='ltr'><strong>cogniti</strong></span> <span class='ocrx_word' id='word_1_175' title='bbox 1687 447 1800 475; x_wconf 90' lang='lat' dir='ltr'><strong>fuerunt</strong></span> <span class='ocrx_word' id='word_1_176' title='bbox 1814 457 1881 484; x_wconf 66' lang='lat' dir='ltr'><strong>pra:-</strong></span> 
     </span>
    </p>
   </div>
   <div class='ocr_carea' id='block_1_25' title="bbox 1055 489 1880 525">
    <p class='ocr_par' dir='ltr' id='par_1_25' title="bbox 1055 489 1880 525">
     <span class='ocr_line' id='line_1_25' title="bbox 1055 489 1880 525; baseline 0.011 -11"><span class='ocrx_word' id='word_1_177' title='bbox 1055 489 1196 521; x_wconf 87' lang='lat' dir='ltr'><strong>cedetttes,</strong></span> <span class='ocrx_word' id='word_1_178' title='bbox 1221 489 1267 524; x_wconf 88' lang='lat' dir='ltr'><strong>qui</strong></span> <span class='ocrx_word' id='word_1_179' title='bbox 1285 490 1401 524; x_wconf 85' lang='lat' dir='ltr'><strong>proinde</strong></span> <span class='ocrx_word' id='word_1_180' title='bbox 1419 498 1433 517; x_wconf 88' lang='lat' dir='ltr'><strong>a</strong></span> <span class='ocrx_word' id='word_1_181' title='bbox 1456 491 1544 525; x_wconf 91' lang='lat' dir='ltr'><strong>primo</strong></span> <span class='ocrx_word' id='word_1_182' title='bbox 1567 492 1679 519; x_wconf 82' lang='lat' dir='ltr'><strong>librario</strong></span> <span class='ocrx_word' id='word_1_183' title='bbox 1702 494 1821 523; x_wconf 81' lang='lat' dir='ltr'><strong>relative</strong></span> <span class='ocrx_word' id='word_1_184' title='bbox 1838 497 1880 524; x_wconf 84' lang='lat' dir='ltr'><strong>illa</strong></span> 
     </span>
    </p>
   </div>
   <div class='ocr_carea' id='block_1_26' title="bbox 1056 534 1877 570">
    <p class='ocr_par' dir='ltr' id='par_1_26' title="bbox 1056 534 1877 570">
     <span class='ocr_line' id='line_1_26' title="bbox 1056 534 1877 570; baseline 0.011 -9"><span class='ocrx_word' id='word_1_185' title='bbox 1056 534 1170 562; x_wconf 79' lang='lat' dir='ltr'><strong>formula</strong></span> <span class='ocrx_word' id='word_1_186' title='bbox 1188 536 1271 563; x_wconf 90' lang='lat' dir='ltr'><strong>notati</strong></span> <span class='ocrx_word' id='word_1_187' title='bbox 1299 541 1327 564; x_wconf 88' lang='lat' dir='ltr'><strong>et</strong></span> <span class='ocrx_word' id='word_1_188' title='bbox 1349 538 1374 563; x_wconf 92' lang='lat' dir='ltr'><strong>in</strong></span> <span class='ocrx_word' id='word_1_189' title='bbox 1397 537 1491 569; x_wconf 84' lang='lat' dir='ltr'><strong>titulis,</strong></span> <span class='ocrx_word' id='word_1_190' title='bbox 1516 543 1544 565; x_wconf 88' lang='lat' dir='ltr'><strong>et</strong></span> <span class='ocrx_word' id='word_1_191' title='bbox 1574 538 1601 565; x_wconf 91' lang='lat' dir='ltr'><strong>in</strong></span> <span class='ocrx_word' id='word_1_192' title='bbox 1625 540 1766 568; x_wconf 83' lang='lat' dir='ltr'><strong>titulorum</strong></span> <span class='ocrx_word' id='word_1_193' title='bbox 1787 543 1877 570; x_wconf 70' lang='lat' dir='ltr'><strong>tabula</strong></span> 
     </span>
    </p>
   </div>
   <div class='ocr_carea' id='block_1_27' title="bbox 1057 582 1875 622">
    <p class='ocr_par' dir='ltr' id='par_1_27' title="bbox 1057 582 1875 622">
     <span class='ocr_line' id='line_1_27' title="bbox 1057 582 1875 622; baseline 0.009 -14"><span class='ocrx_word' id='word_1_194' title='bbox 1057 582 1170 609; x_wconf 83' lang='lat' dir='ltr'><strong>fuerant.</strong></span> <span class='ocrx_word' id='word_1_195' title='bbox 1182 582 1252 617; x_wconf 81' lang='lat' dir='ltr'><strong>Quid</strong></span> <span class='ocrx_word' id='word_1_196' title='bbox 1268 583 1341 617; x_wconf 82' lang='lat' dir='ltr'><strong>quod</strong></span> <span class='ocrx_word' id='word_1_197' title='bbox 1355 591 1446 610; x_wconf 89' lang='lat' dir='ltr'><strong>sermo</strong></span> <span class='ocrx_word' id='word_1_198' title='bbox 1469 592 1524 611; x_wconf 58' lang='lat' dir='ltr'><strong>xxx</strong></span> <span class='ocrx_word' id='word_1_199' title='bbox 1544 585 1594 612; x_wconf 88' lang='lat' dir='ltr'><strong>lib.</strong></span> <span class='ocrx_word' id='word_1_200' title='bbox 1613 594 1647 619; x_wconf 88' lang='lat' dir='ltr'><strong>tt,</strong></span> <span class='ocrx_word' id='word_1_201' title='bbox 1663 594 1741 622; x_wconf 90' lang='lat' dir='ltr'><strong>quem</strong></span> <span class='ocrx_word' id='word_1_202' title='bbox 1752 590 1875 617; x_wconf 88' lang='lat' dir='ltr'><strong>omnimn</strong></span> 
     </span>
    </p>
   </div>
   <div class='ocr_carea' id='block_1_28' title="bbox 1056 629 1876 668">
    <p class='ocr_par' dir='ltr' id='par_1_28' title="bbox 1056 629 1876 668">
     <span class='ocr_line' id='line_1_28' title="bbox 1056 629 1876 668; baseline 0.006 -13"><span class='ocrx_word' id='word_1_203' title='bbox 1056 633 1224 662; x_wconf 86' lang='lat' dir='ltr'><strong>postremum</strong></span> <span class='ocrx_word' id='word_1_204' title='bbox 1244 637 1307 656; x_wconf 82' lang='lat' dir='ltr'><strong>esse</strong></span> <span class='ocrx_word' id='word_1_205' title='bbox 1323 634 1386 656; x_wconf 87' lang='lat' dir='ltr'><strong>ante</strong></span> <span class='ocrx_word' id='word_1_206' title='bbox 1402 629 1540 658; x_wconf 89' lang='lat' dir='ltr'><strong>addititios</strong></span> <span class='ocrx_word' id='word_1_207' title='bbox 1566 639 1640 659; x_wconf 91' lang='lat' dir='ltr'><strong>nunc</strong></span> <span class='ocrx_word' id='word_1_208' title='bbox 1661 641 1746 668; x_wconf 85' lang='lat' dir='ltr'><strong>nuper</strong></span> <span class='ocrx_word' id='word_1_209' title='bbox 1769 634 1876 661; x_wconf 79' lang='lat' dir='ltr'><strong>notavi—</strong></span> 
     </span>
    </p>
   </div>
   <div class='ocr_carea' id='block_1_29' title="bbox 1056 674 1874 711">
    <p class='ocr_par' dir='ltr' id='par_1_29' title="bbox 1056 674 1874 711">
     <span class='ocr_line' id='line_1_29' title="bbox 1056 674 1874 711; baseline 0.009 -11"><span class='ocrx_word' id='word_1_210' title='bbox 1056 681 1127 704; x_wconf 89' lang='lat' dir='ltr'><strong>mus,</strong></span> <span class='ocrx_word' id='word_1_211' title='bbox 1141 674 1167 700; x_wconf 93' lang='lat' dir='ltr'><strong>in</strong></span> <span class='ocrx_word' id='word_1_212' title='bbox 1184 674 1312 702; x_wconf 82' lang='lat' dir='ltr'><strong>Remensi</strong></span> <span class='ocrx_word' id='word_1_213' title='bbox 1327 676 1521 709; x_wconf 82' lang='lat' dir='ltr'><strong>manuscripto,</strong></span> <span class='ocrx_word' id='word_1_214' title='bbox 1537 683 1640 711; x_wconf 49' lang='lat' dir='ltr'><strong>prititer</strong></span> <span class='ocrx_word' id='word_1_215' title='bbox 1651 684 1830 707; x_wconf 85' lang='lat' dir='ltr'><strong>memoratam</strong></span> <span class='ocrx_word' id='word_1_216' title='bbox 1841 678 1874 704; x_wconf 84' lang='lat' dir='ltr'><strong>li-</strong></span> 
     </span>
    </p>
   </div>
   <div class='ocr_carea' id='block_1_30' title="bbox 1057 718 1874 761">
    <p class='ocr_par' dir='ltr' id='par_1_30' title="bbox 1057 718 1874 761">
     <span class='ocr_line' id='line_1_30' title="bbox 1057 718 1874 761; baseline 0.011 -17"><span class='ocrx_word' id='word_1_217' title='bbox 1057 718 1104 745; x_wconf 93' lang='lat' dir='ltr'><strong>Iuli</strong></span> <span class='ocrx_word' id='word_1_218' title='bbox 1118 720 1230 747; x_wconf 90' lang='lat' dir='ltr'><strong>formam</strong></span> <span class='ocrx_word' id='word_1_219' title='bbox 1248 720 1280 746; x_wconf 79' lang='lat' dir='ltr'><strong>de</strong></span> <span class='ocrx_word' id='word_1_220' title='bbox 1294 719 1386 747; x_wconf 80' lang='lat' dir='ltr'><strong>Genesi</strong></span> <span class='ocrx_word' id='word_1_221' title='bbox 1410 723 1483 757; x_wconf 77' lang='lat' dir='ltr'><strong>cujus</strong></span> <span class='ocrx_word' id='word_1_222' title='bbox 1503 731 1596 756; x_wconf 75' lang='lat' dir='ltr'><strong>supra,</strong></span> <span class='ocrx_word' id='word_1_223' title='bbox 1615 723 1666 751; x_wconf 83' lang='lat' dir='ltr'><strong>hac</strong></span> <span class='ocrx_word' id='word_1_224' title='bbox 1679 725 1730 752; x_wconf 87' lang='lat' dir='ltr'><strong>alia</strong></span> <span class='ocrx_word' id='word_1_225' title='bbox 1746 726 1826 761; x_wconf 85' lang='lat' dir='ltr'><strong>plane</strong></span> <span class='ocrx_word' id='word_1_226' title='bbox 1837 722 1874 749; x_wconf 63' lang='lat' dir='ltr'><strong>Si“</strong></span> 
     </span>
    </p>
   </div>
   <div class='ocr_carea' id='block_1_31' title="bbox 1056 765 1876 809">
    <p class='ocr_par' dir='ltr' id='par_1_31' title="bbox 1056 765 1876 809">
     <span class='ocr_line' id='line_1_31' title="bbox 1056 765 1876 809; baseline 0.007 -18"><span class='ocrx_word' id='word_1_227' title='bbox 1056 765 1114 792; x_wconf 92' lang='lat' dir='ltr'><strong>mili</strong></span> <span class='ocrx_word' id='word_1_228' title='bbox 1129 766 1278 799; x_wconf 88' lang='lat' dir='ltr'><strong>clauditur,</strong></span> <span class='ocrx_word' id='word_1_229' title='bbox 1298 766 1414 801; x_wconf 72' lang='lat' dir='ltr'><strong>Explirit</strong></span> <span class='ocrx_word' id='word_1_230' title='bbox 1429 768 1461 795; x_wconf 86' lang='lat' dir='ltr'><strong>de</strong></span> <span class='ocrx_word' id='word_1_231' title='bbox 1482 768 1574 796; x_wconf 81' lang='lat' dir='ltr'><strong>Genesi</strong></span> <span class='ocrx_word' id='word_1_232' title='bbox 1590 773 1670 807; x_wconf 86' lang='lat' dir='ltr'><strong>cujus</strong></span> <span class='ocrx_word' id='word_1_233' title='bbox 1679 781 1759 808; x_wconf 81' lang='lat' dir='ltr'><strong>supra</strong></span> <span class='ocrx_word' id='word_1_234' title='bbox 1781 772 1876 809; x_wconf 61' lang='lat' dir='ltr'><strong>(supra</strong></span> 
     </span>
    </p>
   </div>
   <div class='ocr_carea' id='block_1_32' title="bbox 1057 813 1877 850">
    <p class='ocr_par' dir='ltr' id='par_1_32' title="bbox 1057 813 1877 850">
     <span class='ocr_line' id='line_1_32' title="bbox 1057 813 1877 850; baseline 0.002 -13"><span class='ocrx_word' id='word_1_235' title='bbox 1057 816 1147 838; x_wconf 83' lang='lat' dir='ltr'><strong>autem</strong></span> <span class='ocrx_word' id='word_1_236' title='bbox 1161 813 1222 840; x_wconf 83' lang='lat' dir='ltr'><strong>aliis</strong></span> <span class='ocrx_word' id='word_1_237' title='bbox 1239 813 1400 840; x_wconf 85' lang='lat' dir='ltr'><strong>tractatibus</strong></span> <span class='ocrx_word' id='word_1_238' title='bbox 1424 813 1481 842; x_wconf 77' lang='lat' dir='ltr'><strong>lure</strong></span> <span class='ocrx_word' id='word_1_239' title='bbox 1495 815 1592 843; x_wconf 87' lang='lat' dir='ltr'><strong>eadctn</strong></span> <span class='ocrx_word' id='word_1_240' title='bbox 1621 818 1743 846; x_wconf 85' lang='lat' dir='ltr'><strong>clausula</strong></span> <span class='ocrx_word' id='word_1_241' title='bbox 1766 816 1877 850; x_wconf 70' lang='lat' dir='ltr'><strong>signato</strong></span> 
     </span>
    </p>
   </div>
   <div class='ocr_carea' id='block_1_33' title="bbox 188 856 1883 898">
    <p class='ocr_par' dir='ltr' id='par_1_33' title="bbox 188 856 1883 898">
     <span class='ocr_line' id='line_1_33' title="bbox 188 856 1883 898; baseline -0.002 -5"><span class='ocrx_word' id='word_1_242' title='bbox 188 868 283 897; x_wconf 92' lang='lat' dir='ltr'><strong>fertur,</strong></span> <span class='ocrx_word' id='word_1_243' title='bbox 302 863 442 892; x_wconf 87' lang='lat' dir='ltr'><strong>traditioni</strong></span> <span class='ocrx_word' id='word_1_244' title='bbox 460 860 721 893; x_wconf 83' lang='lat' dir='ltr'><strong>innixo,m:tximutu</strong></span> <span class='ocrx_word' id='word_1_245' title='bbox 735 860 761 886; x_wconf 91' lang='lat' dir='ltr'><strong>in</strong></span> <span class='ocrx_word' id='word_1_246' title='bbox 775 859 842 886; x_wconf 84' lang='lat' dir='ltr'><strong>hanc</strong></span> <span class='ocrx_word' id='word_1_247' title='bbox 856 866 913 885; x_wconf 88' lang='lat' dir='ltr'><strong>rem</strong></span> <span class='ocrx_word' id='word_1_248' title='bbox 929 865 997 892; x_wconf 58' lang='grc' dir='ltr'><strong>ιιι-ξιξ·</strong></span> <span class='ocrx_word' id='word_1_249' title='bbox 1012 862 1035 891; x_wconf 81' lang='grc' dir='ltr'>Β</span> <span class='ocrx_word' id='word_1_250' title='bbox 1050 858 1213 893; x_wconf 83' lang='lat' dir='ltr'><strong>aliquotiens</strong></span> <span class='ocrx_word' id='word_1_251' title='bbox 1227 860 1288 894; x_wconf 82' lang='lat' dir='ltr'><strong>ipso</strong></span> <span class='ocrx_word' id='word_1_252' title='bbox 1303 860 1422 887; x_wconf 84' lang='lat' dir='ltr'><strong>auctoris</strong></span> <span class='ocrx_word' id='word_1_253' title='bbox 1434 861 1542 888; x_wconf 87' lang='lat' dir='ltr'><strong>nomine</strong></span> <span class='ocrx_word' id='word_1_254' title='bbox 1554 863 1713 898; x_wconf 73' lang='lat' dir='ltr'><strong>subjicitur,</strong></span> <span class='ocrx_word' id='word_1_255' title='bbox 1731 871 1760 894; x_wconf 75' lang='lat' dir='ltr'><strong>ut</strong></span> <span class='ocrx_word' id='word_1_256' title='bbox 1780 869 1819 893; x_wconf 78' lang='lat' dir='ltr'><strong>ex</strong></span> <span class='ocrx_word' id='word_1_257' title='bbox 1836 856 1883 885; x_wconf 62' lang='grc' dir='ltr'><strong>ωι-</strong></span> 
     </span>
    </p>
   </div>
   <div class='ocr_carea' id='block_1_34' title="bbox 185 908 713 952">
    <p class='ocr_par' dir='ltr' id='par_1_34' title="bbox 185 908 713 952">
     <span class='ocr_line' id='line_1_34' title="bbox 185 908 713 952; baseline -0.013 -11"><span class='ocrx_word' id='word_1_258' title='bbox 185 913 317 950; x_wconf 87' lang='lat' dir='ltr'><strong>judicittm</strong></span> <span class='ocrx_word' id='word_1_259' title='bbox 332 910 403 946; x_wconf 84' lang='lat' dir='ltr'><strong>apud</strong></span> <span class='ocrx_word' id='word_1_260' title='bbox 420 908 546 937; x_wconf 88' lang='lat' dir='ltr'><strong>eruditos</strong></span> <span class='ocrx_word' id='word_1_261' title='bbox 562 911 713 952; x_wconf 73' lang='lat' dir='ltr'><strong>creaverat.</strong></span> 
     </span>
    </p>
   </div>
   <div class='ocr_carea' id='block_1_35' title="bbox 517 975 676 1004">
    <p class='ocr_par' dir='ltr' id='par_1_35' title="bbox 517 975 676 1004">
     <span class='ocr_line' id='line_1_35' title="bbox 517 975 676 1004; baseline -0.013 0"><span class='ocrx_word' id='word_1_262' title='bbox 517 976 634 1004; x_wconf 78' lang='lat' dir='ltr'><strong>CAPUT</strong></span> <span class='ocrx_word' id='word_1_263' title='bbox 655 975 676 1002; x_wconf 85' lang='grc' dir='ltr'><strong>Ι.</strong></span> 
     </span>
    </p>
   </div>
   <div class='ocr_carea' id='block_1_36' title="bbox 188 1039 1002 1067">
    <p class='ocr_par' dir='ltr' id='par_1_36' title="bbox 188 1039 1002 1067">
     <span class='ocr_line' id='line_1_36' title="bbox 188 1039 1002 1067; baseline -0.01 -1"><span class='ocrx_word' id='word_1_264' title='bbox 188 1046 261 1067; x_wconf 71' lang='lat' dir='ltr'><strong>UNUI</strong></span> <span class='ocrx_word' id='word_1_265' title='bbox 296 1045 359 1065; x_wconf 78' lang='lat' dir='ltr'><strong>ESSE</strong></span> <span class='ocrx_word' id='word_1_266' title='bbox 395 1042 544 1064; x_wconf 74' lang='lat' dir='ltr'><strong>AUCTOBEI</strong></span> <span class='ocrx_word' id='word_1_267' title='bbox 578 1040 759 1061; x_wconf 75' lang='lat' dir='ltr'><strong>TRACTATUUI</strong></span> <span class='ocrx_word' id='word_1_268' title='bbox 788 1039 851 1060; x_wconf 68' lang='lat' dir='ltr'><strong>XCIII</strong></span> <span class='ocrx_word' id='word_1_269' title='bbox 878 1039 944 1064; x_wconf 81' lang='lat' dir='ltr'><strong>QUOS</strong></span> <span class='ocrx_word' id='word_1_270' title='bbox 969 1039 1002 1058; x_wconf 82' lang='grc' dir='ltr'><strong>ΑΒ</strong></span> 
     </span>
    </p>
   </div>
   <div class='ocr_carea' id='block_1_37' title="bbox 225 1084 1001 1112">
    <p class='ocr_par' dir='ltr' id='par_1_37' title="bbox 225 1084 1001 1112">
     <span class='ocr_line' id='line_1_37' title="bbox 225 1084 1001 1112; baseline -0.012 0"><span class='ocrx_word' id='word_1_271' title='bbox 225 1091 340 1112; x_wconf 63' lang='grc' dir='ltr'><strong>ΕΝΒΕΕΙἉ</strong></span> <span class='ocrx_word' id='word_1_272' title='bbox 364 1088 514 1110; x_wconf 78' lang='lat' dir='ltr'><strong>ADDITITIIS</strong></span> <span class='ocrx_word' id='word_1_273' title='bbox 558 1086 765 1111; x_wconf 73' lang='lat' dir='ltr'><strong>SEPARAVIIllS,</strong></span> <span class='ocrx_word' id='word_1_274' title='bbox 805 1084 900 1105; x_wconf 81' lang='lat' dir='ltr'><strong>MULTIS</strong></span> <span class='ocrx_word' id='word_1_275' title='bbox 936 1085 1001 1104; x_wconf 78' lang='grc' dir='ltr'><strong>ετΑ-</strong></span> 
     </span>
    </p>
   </div>
   <div class='ocr_carea' id='block_1_38' title="bbox 224 1138 334 1159">
    <p class='ocr_par' dir='ltr' id='par_1_38' title="bbox 224 1138 334 1159">
     <span class='ocr_line' id='line_1_38' title="bbox 224 1138 334 1159; baseline -0.027 0"><span class='ocrx_word' id='word_1_276' title='bbox 224 1138 334 1159; x_wconf 70' lang='grc' dir='ltr'><strong>τωτυκ.</strong></span> 
     </span>
    </p>
   </div>
   <div class='ocr_carea' id='block_1_39' title="bbox 224 1168 964 1224">
    <p class='ocr_par' dir='ltr' id='par_1_39' title="bbox 224 1168 964 1224">
     <span class='ocr_line' id='line_1_39' title="bbox 224 1168 964 1224; baseline -0.012 -9"><span class='ocrx_word' id='word_1_277' title='bbox 224 1188 239 1224; x_wconf 85' lang='lat'>§</span> <span class='ocrx_word' id='word_1_278' title='bbox 252 1168 502 1221; x_wconf 25' lang='lat' dir='ltr'><strong>Iﬁ—Proponuntur</strong></span> <span class='ocrx_word' id='word_1_279' title='bbox 517 1187 672 1219; x_wconf 82' lang='lat' dir='ltr'><strong>argumenta</strong></span> <span class='ocrx_word' id='word_1_280' title='bbox 686 1190 718 1209; x_wconf 74' lang='lat' dir='ltr'><strong>ea:</strong></span> <span class='ocrx_word' id='word_1_281' title='bbox 733 1181 862 1209; x_wconf 83' lang='lat' dir='ltr'><strong>codicibus</strong></span> <span class='ocrx_word' id='word_1_282' title='bbox 875 1181 964 1216; x_wconf 86' lang='lat' dir='ltr'><strong>petita.</strong></span> 
     </span>
    </p>
   </div>
   <div class='ocr_carea' id='block_1_40' title="bbox 229 1238 1003 1277">
    <p class='ocr_par' dir='ltr' id='par_1_40' title="bbox 229 1238 1003 1277">
     <span class='ocr_line' id='line_1_40' title="bbox 229 1238 1003 1277; baseline -0.01 -4"><span class='ocrx_word' id='word_1_283' title='bbox 229 1245 372 1273; x_wconf 83' lang='lat' dir='ltr'><strong>Tractatus</strong></span> <span class='ocrx_word' id='word_1_284' title='bbox 394 1252 473 1276; x_wconf 78' lang='lat' dir='ltr'><strong>xcut,</strong></span> <span class='ocrx_word' id='word_1_285' title='bbox 490 1243 536 1277; x_wconf 89' lang='lat' dir='ltr'><strong>qui</strong></span> <span class='ocrx_word' id='word_1_286' title='bbox 551 1242 578 1269; x_wconf 92' lang='lat' dir='ltr'><strong>iu</strong></span> <span class='ocrx_word' id='word_1_287' title='bbox 594 1241 661 1268; x_wconf 91' lang='lat' dir='ltr'><strong>duos</strong></span> <span class='ocrx_word' id='word_1_288' title='bbox 676 1240 759 1267; x_wconf 88' lang='lat' dir='ltr'><strong>libros</strong></span> <span class='ocrx_word' id='word_1_289' title='bbox 772 1238 898 1267; x_wconf 88' lang='lat' dir='ltr'><strong>omnibus</strong></span> <span class='ocrx_word' id='word_1_290' title='bbox 914 1239 940 1265; x_wconf 91' lang='lat' dir='ltr'><strong>in</strong></span> <span class='ocrx_word' id='word_1_291' title='bbox 957 1245 1003 1265; x_wconf 90' lang='lat' dir='ltr'><strong>co-</strong></span> 
     </span>
    </p>
   </div>
   <div class='ocr_carea' id='block_1_41' title="bbox 188 1285 1002 1323">
    <p class='ocr_par' dir='ltr' id='par_1_41' title="bbox 188 1285 1002 1323">
     <span class='ocr_line' id='line_1_41' title="bbox 188 1285 1002 1323; baseline -0.012 -3"><span class='ocrx_word' id='word_1_292' title='bbox 188 1292 299 1321; x_wconf 72' lang='lat' dir='ltr'><strong>dicibus</strong></span> <span class='ocrx_word' id='word_1_293' title='bbox 325 1291 469 1323; x_wconf 79' lang='lat' dir='ltr'><strong>distributi,</strong></span> <span class='ocrx_word' id='word_1_294' title='bbox 500 1295 573 1316; x_wconf 91' lang='lat' dir='ltr'><strong>unus</strong></span> <span class='ocrx_word' id='word_1_295' title='bbox 604 1290 664 1322; x_wconf 82' lang='lat' dir='ltr'><strong>post</strong></span> <span class='ocrx_word' id='word_1_296' title='bbox 686 1286 767 1314; x_wconf 88' lang='lat' dir='ltr'><strong>alium</strong></span> <span class='ocrx_word' id='word_1_297' title='bbox 790 1285 1002 1316; x_wconf 84' lang='lat' dir='ltr'><strong>describuntur,</strong></span> 
     </span>
    </p>
   </div>
   <div class='ocr_carea' id='block_1_42' title="bbox 195 1330 1003 1371">
    <p class='ocr_par' dir='ltr' id='par_1_42' title="bbox 195 1330 1003 1371">
     <span class='ocr_line' id='line_1_42' title="bbox 195 1330 1003 1371; baseline -0.011 -5"><span class='ocrx_word' id='word_1_298' title='bbox 195 1338 278 1366; x_wconf 91' lang='lat' dir='ltr'><strong>unius</strong></span> <span class='ocrx_word' id='word_1_299' title='bbox 289 1337 407 1371; x_wconf 84' lang='lat' dir='ltr'><strong>auctoris</strong></span> <span class='ocrx_word' id='word_1_300' title='bbox 421 1343 491 1368; x_wconf 88' lang='lat' dir='ltr'><strong>esse,</strong></span> <span class='ocrx_word' id='word_1_301' title='bbox 507 1335 586 1370; x_wconf 88' lang='lat' dir='ltr'><strong>plttra</strong></span> <span class='ocrx_word' id='word_1_302' title='bbox 600 1333 625 1360; x_wconf 91' lang='lat' dir='ltr'><strong>in</strong></span> <span class='ocrx_word' id='word_1_303' title='bbox 640 1333 733 1360; x_wconf 85' lang='lat' dir='ltr'><strong>iisdem</strong></span> <span class='ocrx_word' id='word_1_304' title='bbox 749 1331 889 1359; x_wconf 80' lang='lat' dir='ltr'><strong>codicibus</strong></span> <span class='ocrx_word' id='word_1_305' title='bbox 903 1330 1003 1358; x_wconf 83' lang='lat' dir='ltr'><strong>indicia</strong></span> 
     </span>
    </p>
   </div>
   <div class='ocr_carea' id='block_1_43' title="bbox 189 1377 1004 1414">
    <p class='ocr_par' dir='ltr' id='par_1_43' title="bbox 189 1377 1004 1414">
     <span class='ocr_line' id='line_1_43' title="bbox 189 1377 1004 1414; baseline -0.009 -2"><span class='ocrx_word' id='word_1_306' title='bbox 189 1384 317 1413; x_wconf 81' lang='lat' dir='ltr'><strong>suadent.</strong></span> <span class='ocrx_word' id='word_1_307' title='bbox 332 1383 446 1411; x_wconf 76' lang='lat' dir='ltr'><strong>Exstant</strong></span> <span class='ocrx_word' id='word_1_308' title='bbox 460 1381 591 1409; x_wconf 88' lang='lat' dir='ltr'><strong>nimirum</strong></span> <span class='ocrx_word' id='word_1_309' title='bbox 603 1379 668 1406; x_wconf 92' lang='lat' dir='ltr'><strong>tituli</strong></span> <span class='ocrx_word' id='word_1_310' title='bbox 682 1379 832 1414; x_wconf 90' lang='lat' dir='ltr'><strong>quibusque</strong></span> <span class='ocrx_word' id='word_1_311' title='bbox 844 1377 1004 1405; x_wconf 86' lang='lat' dir='ltr'><strong>tractatibus</strong></span> 
     </span>
    </p>
   </div>
   <div class='ocr_carea' id='block_1_44' title="bbox 191 1415 1003 1467">
    <p class='ocr_par' dir='ltr' id='par_1_44' title="bbox 191 1415 1003 1467">
     <span class='ocr_line' id='line_1_44' title="bbox 191 1415 1003 1467; baseline -0.012 -8"><span class='ocrx_word' id='word_1_312' title='bbox 191 1431 293 1467; x_wconf 70' lang='lat' dir='ltr'><strong>praeﬁxi</strong></span> <span class='ocrx_word' id='word_1_313' title='bbox 308 1437 368 1457; x_wconf 90' lang='lat' dir='ltr'><strong>cum</strong></span> <span class='ocrx_word' id='word_1_314' title='bbox 391 1427 557 1463; x_wconf 86' lang='lat' dir='ltr'><strong>quibusdam</strong></span> <span class='ocrx_word' id='word_1_315' title='bbox 586 1425 725 1457; x_wconf 83' lang='lat' dir='ltr'><strong>clausulis,</strong></span> <span class='ocrx_word' id='word_1_316' title='bbox 751 1429 778 1452; x_wconf 87' lang='lat' dir='ltr'><strong>ct</strong></span> <span class='ocrx_word' id='word_1_317' title='bbox 798 1415 896 1451; x_wconf 74' lang='lat' dir='ltr'><strong>tabula:</strong></span> <span class='ocrx_word' id='word_1_318' title='bbox 921 1423 1003 1450; x_wconf 89' lang='lat' dir='ltr'><strong>etiam</strong></span> 
     </span>
    </p>
   </div>
   <div class='ocr_carea' id='block_1_45' title="bbox 191 1470 1003 1513">
    <p class='ocr_par' dir='ltr' id='par_1_45' title="bbox 191 1470 1003 1513">
     <span class='ocr_line' id='line_1_45' title="bbox 191 1470 1003 1513; baseline -0.012 -8"><span class='ocrx_word' id='word_1_319' title='bbox 191 1478 357 1513; x_wconf 78' lang='lat' dir='ltr'><strong>singulorum</strong></span> <span class='ocrx_word' id='word_1_320' title='bbox 374 1479 538 1503; x_wconf 77' lang='lat' dir='ltr'><strong>tractatuum</strong></span> <span class='ocrx_word' id='word_1_321' title='bbox 556 1473 583 1500; x_wconf 89' lang='lat' dir='ltr'><strong>in</strong></span> <span class='ocrx_word' id='word_1_322' title='bbox 599 1472 784 1506; x_wconf 80' lang='lat' dir='ltr'><strong>antiquissimo</strong></span> <span class='ocrx_word' id='word_1_323' title='bbox 797 1478 846 1497; x_wconf 90' lang='lat' dir='ltr'><strong>ms.</strong></span> <span class='ocrx_word' id='word_1_324' title='bbox 865 1470 1003 1501; x_wconf 70' lang='lat' dir='ltr'><strong>ﬁculensi,</strong></span> 
     </span>
    </p>
   </div>
   <div class='ocr_carea' id='block_1_46' title="bbox 194 1516 1005 1558">
    <p class='ocr_par' dir='ltr' id='par_1_46' title="bbox 194 1516 1005 1558">
     <span class='ocr_line' id='line_1_46' title="bbox 194 1516 1005 1558; baseline -0.011 -6"><span class='ocrx_word' id='word_1_325' title='bbox 194 1533 232 1552; x_wconf 76' lang='lat' dir='ltr'><strong>ex</strong></span> <span class='ocrx_word' id='word_1_326' title='bbox 248 1524 341 1558; x_wconf 85' lang='lat' dir='ltr'><strong>quibus</strong></span> <span class='ocrx_word' id='word_1_327' title='bbox 356 1523 381 1550; x_wconf 91' lang='lat' dir='ltr'><strong>id</strong></span> <span class='ocrx_word' id='word_1_328' title='bbox 397 1523 486 1558; x_wconf 87' lang='lat' dir='ltr'><strong>palam</strong></span> <span class='ocrx_word' id='word_1_329' title='bbox 500 1521 655 1549; x_wconf 84' lang='lat' dir='ltr'><strong>coniicitur.</strong></span> <span class='ocrx_word' id='word_1_330' title='bbox 674 1519 700 1545; x_wconf 95' lang='lat' dir='ltr'><strong>ln</strong></span> <span class='ocrx_word' id='word_1_331' title='bbox 717 1518 803 1547; x_wconf 87' lang='lat' dir='ltr'><strong>titulis</strong></span> <span class='ocrx_word' id='word_1_332' title='bbox 825 1516 897 1544; x_wconf 88' lang='lat' dir='ltr'><strong>enim</strong></span> <span class='ocrx_word' id='word_1_333' title='bbox 919 1520 946 1543; x_wconf 88' lang='lat' dir='ltr'><strong>et</strong></span> <span class='ocrx_word' id='word_1_334' title='bbox 966 1520 1005 1543; x_wconf 88' lang='lat' dir='ltr'><strong>ta-</strong></span> 
     </span>
    </p>
   </div>
   <div class='ocr_carea' id='block_1_47' title="bbox 1054 904 1886 942">
    <p class='ocr_par' dir='ltr' id='par_1_47' title="bbox 1054 904 1886 942">
     <span class='ocr_line' id='line_1_47' title="bbox 1054 904 1886 942; baseline 0.012 -12"><span class='ocrx_word' id='word_1_335' title='bbox 1054 905 1239 932; x_wconf 85' lang='lat' dir='ltr'><strong>notationibus</strong></span> <span class='ocrx_word' id='word_1_336' title='bbox 1253 906 1282 932; x_wconf 90' lang='lat' dir='ltr'><strong>in</strong></span> <span class='ocrx_word' id='word_1_337' title='bbox 1306 909 1436 932; x_wconf 88' lang='lat' dir='ltr'><strong>tractatus</strong></span> <span class='ocrx_word' id='word_1_338' title='bbox 1448 907 1568 942; x_wconf 79' lang='lat' dir='ltr'><strong>singulos</strong></span> <span class='ocrx_word' id='word_1_339' title='bbox 1584 917 1639 937; x_wconf 80' lang='lat' dir='ltr'><strong>suo</strong></span> <span class='ocrx_word' id='word_1_340' title='bbox 1661 911 1721 939; x_wconf 92' lang='lat' dir='ltr'><strong>loco</strong></span> <span class='ocrx_word' id='word_1_341' title='bbox 1744 904 1886 939; x_wconf 58' lang='lat' dir='ltr'><strong>monebi&#39;</strong></span> 
     </span>
    </p>
   </div>
   <div class='ocr_carea' id='block_1_48' title="bbox 1055 951 1895 987">
    <p class='ocr_par' dir='ltr' id='par_1_48' title="bbox 1055 951 1895 987">
     <span class='ocr_line' id='line_1_48' title="bbox 1055 951 1895 987; baseline 0.01 -10"><span class='ocrx_word' id='word_1_342' title='bbox 1055 951 1202 987; x_wconf 77' lang='lat' dir='ltr'><strong>mus),qu:r</strong></span> <span class='ocrx_word' id='word_1_343' title='bbox 1214 952 1337 984; x_wconf 73' lang='lat' dir='ltr'><strong>clausula</strong></span> <span class='ocrx_word' id='word_1_344' title='bbox 1350 953 1473 980; x_wconf 87' lang='lat' dir='ltr'><strong>cumdctu</strong></span> <span class='ocrx_word' id='word_1_345' title='bbox 1489 960 1631 985; x_wconf 86' lang='lat' dir='ltr'><strong>auctorem</strong></span> <span class='ocrx_word' id='word_1_346' title='bbox 1648 959 1767 987; x_wconf 88' lang='lat' dir='ltr'><strong>miriﬁce</strong></span> <span class='ocrx_word' id='word_1_347' title='bbox 1783 956 1895 986; x_wconf 73' lang='lat' dir='ltr'><strong>conlit-</strong></span> 
     </span>
    </p>
   </div>
   <div class='ocr_carea' id='block_1_49' title="bbox 1054 998 1898 1038">
    <p class='ocr_par' dir='ltr' id='par_1_49' title="bbox 1054 998 1898 1038">
     <span class='ocr_line' id='line_1_49' title="bbox 1054 998 1898 1038; baseline 0.013 -15"><span class='ocrx_word' id='word_1_348' title='bbox 1054 1004 1142 1029; x_wconf 89' lang='lat' dir='ltr'><strong>mans,</strong></span> <span class='ocrx_word' id='word_1_349' title='bbox 1153 998 1178 1025; x_wconf 91' lang='lat' dir='ltr'><strong>in</strong></span> <span class='ocrx_word' id='word_1_350' title='bbox 1188 998 1366 1032; x_wconf 52' lang='lat' dir='ltr'><strong>scribentibus</strong></span> <span class='ocrx_word' id='word_1_351' title='bbox 1378 1006 1428 1025; x_wconf 89' lang='lat' dir='ltr'><strong>non</strong></span> <span class='ocrx_word' id='word_1_352' title='bbox 1440 999 1545 1036; x_wconf 74' lang='lat' dir='ltr'><strong>[xxxix]</strong></span> <span class='ocrx_word' id='word_1_353' title='bbox 1559 1006 1693 1038; x_wconf 76' lang='lat' dir='ltr'><strong>apparet;</strong></span> <span class='ocrx_word' id='word_1_354' title='bbox 1704 1005 1898 1034; x_wconf 84' lang='lat' dir='ltr'><strong>concludun-</strong></span> 
     </span>
    </p>
   </div>
   <div class='ocr_carea' id='block_1_50' title="bbox 1057 1042 1901 1085">
    <p class='ocr_par' dir='ltr' id='par_1_50' title="bbox 1057 1042 1901 1085">
     <span class='ocr_line' id='line_1_50' title="bbox 1057 1042 1901 1085; baseline 0.012 -16"><span class='ocrx_word' id='word_1_355' title='bbox 1057 1043 1177 1070; x_wconf 88' lang='lat' dir='ltr'><strong>turenim</strong></span> <span class='ocrx_word' id='word_1_356' title='bbox 1195 1042 1358 1083; x_wconf 46' lang='lat' dir='ltr'><strong>liis-avernis:</strong></span> <span class='ocrx_word' id='word_1_357' title='bbox 1374 1043 1443 1070; x_wconf 68' lang='lat' dir='ltr'><strong>Finit</strong></span> <span class='ocrx_word' id='word_1_358' title='bbox 1459 1044 1577 1073; x_wconf 80' lang='lat' dir='ltr'><strong>Psalmus</strong></span> <span class='ocrx_word' id='word_1_359' title='bbox 1588 1049 1802 1085; x_wconf 75' lang='lat' dir='ltr'><strong>cxxvm,Finil</strong></span> <span class='ocrx_word' id='word_1_360' title='bbox 1820 1052 1901 1082; x_wconf 79' lang='lat' dir='ltr'><strong>Psal-</strong></span> 
     </span>
    </p>
   </div>
   <div class='ocr_carea' id='block_1_51' title="bbox 1055 1087 1900 1132">
    <p class='ocr_par' dir='ltr' id='par_1_51' title="bbox 1055 1087 1900 1132">
     <span class='ocr_line' id='line_1_51' title="bbox 1055 1087 1900 1132; baseline 0.017 -18"><span class='ocrx_word' id='word_1_361' title='bbox 1055 1096 1113 1116; x_wconf 82' lang='lat' dir='ltr'><strong>mus</strong></span> <span class='ocrx_word' id='word_1_362' title='bbox 1121 1097 1200 1117; x_wconf 78' lang='lat' dir='ltr'><strong>cxxn&#39;</strong></span> <span class='ocrx_word' id='word_1_363' title='bbox 1207 1112 1211 1118; x_wconf 83' lang='lat'>.</span> <span class='ocrx_word' id='word_1_364' title='bbox 1219 1090 1290 1116; x_wconf 75' lang='lat' dir='ltr'><strong>Finit</strong></span> <span class='ocrx_word' id='word_1_365' title='bbox 1301 1087 1421 1118; x_wconf 59' lang='lat' dir='ltr'><strong>Patruus</strong></span> <span class='ocrx_word' id='word_1_366' title='bbox 1429 1098 1459 1117; x_wconf 77' lang='lat' dir='ltr'><strong>cx</strong></span> <span class='ocrx_word' id='word_1_367' title='bbox 1466 1099 1509 1121; x_wconf 79' lang='lat' dir='ltr'><strong>xx.</strong></span> <span class='ocrx_word' id='word_1_368' title='bbox 1518 1093 1640 1130; x_wconf 74' lang='lat' dir='ltr'><strong>feliritor,</strong></span> <span class='ocrx_word' id='word_1_369' title='bbox 1650 1105 1772 1132; x_wconf 84' lang='lat' dir='ltr'><strong>quarunt</strong></span> <span class='ocrx_word' id='word_1_370' title='bbox 1782 1097 1900 1128; x_wconf 81' lang='lat' dir='ltr'><strong>clausu-</strong></span> 
     </span>
    </p>
   </div>
   <div class='ocr_carea' id='block_1_52' title="bbox 1056 1133 1900 1179">
    <p class='ocr_par' dir='ltr' id='par_1_52' title="bbox 1056 1133 1900 1179">
     <span class='ocr_line' id='line_1_52' title="bbox 1056 1133 1900 1179; baseline 0.013 -18"><span class='ocrx_word' id='word_1_371' title='bbox 1056 1133 1142 1161; x_wconf 84' lang='lat' dir='ltr'><strong>larum</strong></span> <span class='ocrx_word' id='word_1_372' title='bbox 1172 1136 1261 1162; x_wconf 88' lang='lat' dir='ltr'><strong>nullas</strong></span> <span class='ocrx_word' id='word_1_373' title='bbox 1276 1136 1303 1162; x_wconf 91' lang='lat' dir='ltr'><strong>iu</strong></span> <span class='ocrx_word' id='word_1_374' title='bbox 1323 1137 1661 1171; x_wconf 66' lang='lat' dir='ltr'><strong>pratcetial&#39;ttibusnotatas</strong></span> <span class='ocrx_word' id='word_1_375' title='bbox 1676 1144 1813 1179; x_wconf 78' lang='lat' dir='ltr'><strong>reperire</strong></span> <span class='ocrx_word' id='word_1_376' title='bbox 1829 1145 1900 1174; x_wconf 81' lang='lat' dir='ltr'><strong>lice-</strong></span> 
     </span>
    </p>
   </div>
   <div class='ocr_carea' id='block_1_53' title="bbox 1055 1180 1897 1225">
    <p class='ocr_par' dir='ltr' id='par_1_53' title="bbox 1055 1180 1897 1225">
     <span class='ocr_line' id='line_1_53' title="bbox 1055 1180 1897 1225; baseline 0.015 -17"><span class='ocrx_word' id='word_1_377' title='bbox 1055 1180 1104 1208; x_wconf 88' lang='lat' dir='ltr'><strong>bit.</strong></span> <span class='ocrx_word' id='word_1_378' title='bbox 1121 1181 1328 1209; x_wconf 82' lang='lat' dir='ltr'><strong>Observandum</strong></span> <span class='ocrx_word' id='word_1_379' title='bbox 1351 1182 1458 1210; x_wconf 84' lang='lat' dir='ltr'><strong>tandem</strong></span> <span class='ocrx_word' id='word_1_380' title='bbox 1478 1187 1520 1213; x_wconf 74' lang='lat' dir='ltr'><strong>est</strong></span> <span class='ocrx_word' id='word_1_381' title='bbox 1534 1182 1843 1225; x_wconf 66' lang='lat' dir='ltr'><strong>atiqtiid-prwcipuuni</strong></span> <span class='ocrx_word' id='word_1_382' title='bbox 1871 1193 1897 1221; x_wconf 87' lang='lat' dir='ltr'><strong>in</strong></span> 
     </span>
    </p>
   </div>
   <div class='ocr_carea' id='block_1_54' title="bbox 1055 1227 1897 1273">
    <p class='ocr_par' dir='ltr' id='par_1_54' title="bbox 1055 1227 1897 1273">
     <span class='ocr_line' id='line_1_54' title="bbox 1055 1227 1897 1273; baseline 0.005 -18"><span class='ocrx_word' id='word_1_383' title='bbox 1055 1227 1223 1262; x_wconf 82' lang='lat' dir='ltr'><strong>Pompeiano</strong></span> <span class='ocrx_word' id='word_1_384' title='bbox 1237 1228 1342 1262; x_wconf 80' lang='lat' dir='ltr'><strong>codice,</strong></span> <span class='ocrx_word' id='word_1_385' title='bbox 1353 1229 1451 1264; x_wconf 85' lang='lat' dir='ltr'><strong>quippe</strong></span> <span class='ocrx_word' id='word_1_386' title='bbox 1466 1230 1491 1258; x_wconf 90' lang='lat' dir='ltr'><strong>in</strong></span> <span class='ocrx_word' id='word_1_387' title='bbox 1506 1231 1585 1260; x_wconf 81' lang='lat' dir='ltr'><strong>titulo</strong></span> <span class='ocrx_word' id='word_1_388' title='bbox 1595 1239 1733 1273; x_wconf 61' lang='lat' dir='ltr'><strong>tragulas</strong></span> <span class='ocrx_word' id='word_1_389' title='bbox 1743 1243 1824 1268; x_wconf 74' lang='lat' dir='ltr'><strong>xxx,</strong></span> <span class='ocrx_word' id='word_1_390' title='bbox 1848 1239 1897 1273; x_wconf 68' lang='lat' dir='ltr'><strong>qui</strong></span> 
     </span>
    </p>
   </div>
   <div class='ocr_carea' id='block_1_55' title="bbox 1055 1275 1895 1316">
    <p class='ocr_par' dir='ltr' id='par_1_55' title="bbox 1055 1275 1895 1316">
     <span class='ocr_line' id='line_1_55' title="bbox 1055 1275 1895 1316; baseline 0.013 -15"><span class='ocrx_word' id='word_1_391' title='bbox 1055 1280 1098 1302; x_wconf 89' lang='lat' dir='ltr'><strong>est</strong></span> <span class='ocrx_word' id='word_1_392' title='bbox 1111 1279 1266 1309; x_wconf 89' lang='lat' dir='ltr'><strong>postremus</strong></span> <span class='ocrx_word' id='word_1_393' title='bbox 1276 1275 1338 1302; x_wconf 81' lang='lat' dir='ltr'><strong>libri</strong></span> <span class='ocrx_word' id='word_1_394' title='bbox 1363 1283 1397 1309; x_wconf 81' lang='grc' dir='ltr'><strong>ιι,</strong></span> <span class='ocrx_word' id='word_1_395' title='bbox 1413 1281 1475 1304; x_wconf 90' lang='lat' dir='ltr'><strong>ante</strong></span> <span class='ocrx_word' id='word_1_396' title='bbox 1495 1276 1661 1314; x_wconf 85' lang='lat' dir='ltr'><strong>additiones,</strong></span> <span class='ocrx_word' id='word_1_397' title='bbox 1682 1282 1732 1310; x_wconf 79' lang='lat' dir='ltr'><strong>liae</strong></span> <span class='ocrx_word' id='word_1_398' title='bbox 1748 1281 1895 1316; x_wconf 77' lang='lat' dir='ltr'><strong>singulari</strong></span> 
     </span>
    </p>
   </div>
   <div class='ocr_carea' id='block_1_56' title="bbox 1055 1320 1893 1363">
    <p class='ocr_par' dir='ltr' id='par_1_56' title="bbox 1055 1320 1893 1363">
     <span class='ocr_line' id='line_1_56' title="bbox 1055 1320 1893 1363; baseline 0.01 -15"><span class='ocrx_word' id='word_1_399' title='bbox 1055 1324 1083 1348; x_wconf 89' lang='lat' dir='ltr'><strong>et</strong></span> <span class='ocrx_word' id='word_1_400' title='bbox 1095 1320 1198 1349; x_wconf 85' lang='lat' dir='ltr'><strong>insueta</strong></span> <span class='ocrx_word' id='word_1_401' title='bbox 1213 1321 1279 1349; x_wconf 76' lang='lat' dir='ltr'><strong>alias</strong></span> <span class='ocrx_word' id='word_1_402' title='bbox 1288 1320 1401 1349; x_wconf 81' lang='lat' dir='ltr'><strong>formula</strong></span> <span class='ocrx_word' id='word_1_403' title='bbox 1416 1323 1499 1350; x_wconf 88' lang='lat' dir='ltr'><strong>utitur</strong></span> <span class='ocrx_word' id='word_1_404' title='bbox 1512 1333 1520 1351; x_wconf 87' lang='lat'><strong><em>:</em></strong></span> <span class='ocrx_word' id='word_1_405' title='bbox 1533 1324 1564 1353; x_wconf 89' lang='lat' dir='ltr'><strong>S.</strong></span> <span class='ocrx_word' id='word_1_406' title='bbox 1582 1326 1654 1353; x_wconf 83' lang='lat' dir='ltr'><strong>Zeno</strong></span> <span class='ocrx_word' id='word_1_407' title='bbox 1677 1320 1847 1357; x_wconf 64' lang='lat' dir='ltr'><strong>Veronensis</strong></span> <span class='ocrx_word' id='word_1_408' title='bbox 1861 1333 1893 1363; x_wconf 66' lang='lat' dir='ltr'><strong>de</strong></span> 
     </span>
    </p>
   </div>
   <div class='ocr_carea' id='block_1_57' title="bbox 1057 1368 1891 1410">
    <p class='ocr_par' dir='ltr' id='par_1_57' title="bbox 1057 1368 1891 1410">
     <span class='ocr_line' id='line_1_57' title="bbox 1057 1368 1891 1410; baseline 0.012 -16"><span class='ocrx_word' id='word_1_409' title='bbox 1057 1368 1167 1401; x_wconf 77' lang='lat' dir='ltr'><strong>Genesi;</strong></span> <span class='ocrx_word' id='word_1_410' title='bbox 1182 1376 1233 1404; x_wconf 88' lang='lat' dir='ltr'><strong>qua</strong></span> <span class='ocrx_word' id='word_1_411' title='bbox 1253 1375 1365 1396; x_wconf 86' lang='lat' dir='ltr'><strong>monere</strong></span> <span class='ocrx_word' id='word_1_412' title='bbox 1375 1368 1500 1397; x_wconf 83' lang='lat' dir='ltr'><strong>librarius</strong></span> <span class='ocrx_word' id='word_1_413' title='bbox 1512 1371 1631 1400; x_wconf 86' lang='lat' dir='ltr'><strong>voluisse</strong></span> <span class='ocrx_word' id='word_1_414' title='bbox 1648 1374 1775 1406; x_wconf 82' lang='lat' dir='ltr'><strong>videtur,</strong></span> <span class='ocrx_word' id='word_1_415' title='bbox 1785 1381 1891 1410; x_wconf 70' lang='lat' dir='ltr'><strong>out-nes</strong></span> 
     </span>
    </p>
   </div>
   <div class='ocr_carea' id='block_1_58' title="bbox 1057 1416 1889 1456">
    <p class='ocr_par' dir='ltr' id='par_1_58' title="bbox 1057 1416 1889 1456">
     <span class='ocr_line' id='line_1_58' title="bbox 1057 1416 1889 1456; baseline 0.01 -14"><span class='ocrx_word' id='word_1_416' title='bbox 1057 1418 1186 1443; x_wconf 87' lang='lat' dir='ltr'><strong>tractatus</strong></span> <span class='ocrx_word' id='word_1_417' title='bbox 1201 1416 1252 1443; x_wconf 86' lang='lat' dir='ltr'><strong>huc</strong></span> <span class='ocrx_word' id='word_1_418' title='bbox 1269 1423 1354 1451; x_wconf 90' lang='lat' dir='ltr'><strong>usque</strong></span> <span class='ocrx_word' id='word_1_419' title='bbox 1368 1416 1520 1450; x_wconf 83' lang='lat' dir='ltr'><strong>descriptos</strong></span> <span class='ocrx_word' id='word_1_420' title='bbox 1533 1418 1566 1446; x_wconf 85' lang='lat' dir='ltr'><strong>ad</strong></span> <span class='ocrx_word' id='word_1_421' title='bbox 1589 1420 1720 1449; x_wconf 88' lang='lat' dir='ltr'><strong>cttmdem</strong></span> <span class='ocrx_word' id='word_1_422' title='bbox 1736 1426 1889 1456; x_wconf 69' lang='lat' dir='ltr'><strong>auctorem</strong></span> 
     </span>
    </p>
   </div>
   <div class='ocr_carea' id='block_1_59' title="bbox 1054 1461 1884 1503">
    <p class='ocr_par' dir='ltr' id='par_1_59' title="bbox 1054 1461 1884 1503">
     <span class='ocr_line' id='line_1_59' title="bbox 1054 1461 1884 1503; baseline 0.012 -16"><span class='ocrx_word' id='word_1_423' title='bbox 1054 1461 1134 1488; x_wconf 88' lang='lat' dir='ltr'><strong>initio</strong></span> <span class='ocrx_word' id='word_1_424' title='bbox 1157 1461 1326 1489; x_wconf 86' lang='lat' dir='ltr'><strong>nominatum</strong></span> <span class='ocrx_word' id='word_1_425' title='bbox 1343 1463 1489 1496; x_wconf 83' lang='lat' dir='ltr'><strong>pertinere.</strong></span> <span class='ocrx_word' id='word_1_426' title='bbox 1507 1464 1636 1499; x_wconf 87' lang='lat' dir='ltr'><strong>Equidem</strong></span> <span class='ocrx_word' id='word_1_427' title='bbox 1662 1466 1735 1496; x_wconf 88' lang='lat' dir='ltr'><strong>inter</strong></span> <span class='ocrx_word' id='word_1_428' title='bbox 1750 1469 1884 1503; x_wconf 82' lang='lat' dir='ltr'><strong>undecim</strong></span> 
     </span>
    </p>
   </div>
   <div class='ocr_carea' id='block_1_60' title="bbox 1056 1509 1881 1551">
    <p class='ocr_par' dir='ltr' id='par_1_60' title="bbox 1056 1509 1881 1551">
     <span class='ocr_line' id='line_1_60' title="bbox 1056 1509 1881 1551; baseline 0.01 -17"><span class='ocrx_word' id='word_1_429' title='bbox 1056 1513 1203 1542; x_wconf 77' lang='lat' dir='ltr'><strong>Sequentes</strong></span> <span class='ocrx_word' id='word_1_430' title='bbox 1217 1513 1355 1539; x_wconf 80' lang='lat' dir='ltr'><strong>tractatus.</strong></span> <span class='ocrx_word' id='word_1_431' title='bbox 1369 1517 1436 1545; x_wconf 85' lang='lat' dir='ltr'><strong>quos</strong></span> <span class='ocrx_word' id='word_1_432' title='bbox 1447 1509 1525 1536; x_wconf 91' lang='lat' dir='ltr'><strong>trium</strong></span> <span class='ocrx_word' id='word_1_433' title='bbox 1542 1519 1603 1538; x_wconf 86' lang='lat' dir='ltr'><strong>esse</strong></span> <span class='ocrx_word' id='word_1_434' title='bbox 1617 1519 1762 1542; x_wconf 88' lang='lat' dir='ltr'><strong>auctorum</strong></span> <span class='ocrx_word' id='word_1_435' title='bbox 1773 1515 1798 1543; x_wconf 88' lang='lat' dir='ltr'><strong>in</strong></span> <span class='ocrx_word' id='word_1_436' title='bbox 1808 1526 1881 1551; x_wconf 64' lang='lat' dir='ltr'><strong>prae.</strong></span> 
     </span>
    </p>
   </div>
   <div class='ocr_carea' id='block_1_61' title="bbox 197 1553 1007 1605">
    <p class='ocr_par' dir='ltr' id='par_1_61' title="bbox 197 1553 1006 1605">
     <span class='ocr_line' id='line_1_61' title="bbox 197 1553 1006 1605; baseline -0.012 -6"><span class='ocrx_word' id='word_1_437' title='bbox 197 1571 279 1605; x_wconf 73' lang='lat' dir='ltr'><strong>bulis,</strong></span> <span class='ocrx_word' id='word_1_438' title='bbox 292 1571 317 1598; x_wconf 89' lang='lat' dir='ltr'><strong>in</strong></span> <span class='ocrx_word' id='word_1_439' title='bbox 332 1553 428 1605; x_wconf 72' lang='lat' dir='ltr'><strong>quibus</strong></span> <span class='ocrx_word' id='word_1_440' title='bbox 439 1569 611 1604; x_wconf 83' lang='lat' dir='ltr'><strong>singulorum</strong></span> <span class='ocrx_word' id='word_1_441' title='bbox 627 1569 786 1594; x_wconf 81' lang='lat' dir='ltr'><strong>tractatuum</strong></span> <span class='ocrx_word' id='word_1_442' title='bbox 804 1564 874 1591; x_wconf 91' lang='lat' dir='ltr'><strong>tituli</strong></span> <span class='ocrx_word' id='word_1_443' title='bbox 890 1563 1006 1590; x_wconf 82' lang='lat' dir='ltr'><strong>recitan-</strong></span> 
     </span>
    </p>
   </div>
   <div class='ocr_carea' id='block_1_62' title="bbox 1058 1553 1879 1605">
    <p class='ocr_par' dir='ltr' id='par_1_62' title="bbox 1060 1553 1879 1594">
     <span class='ocr_line' id='line_1_62' title="bbox 1060 1553 1879 1594; baseline 0.01 -14"><span class='ocrx_word' id='word_1_444' title='bbox 1060 1553 1160 1581; x_wconf 83' lang='lat' dir='ltr'><strong>fatione</strong></span> <span class='ocrx_word' id='word_1_445' title='bbox 1166 1554 1198 1581; x_wconf 88' lang='lat' dir='ltr'><strong>ad</strong></span> <span class='ocrx_word' id='word_1_446' title='bbox 1207 1554 1390 1589; x_wconf 76' lang='lat' dir='ltr'><strong>Appeudisetn</strong></span> <span class='ocrx_word' id='word_1_447' title='bbox 1400 1554 1562 1589; x_wconf 86' lang='lat' dir='ltr'><strong>videbimus,</strong></span> <span class='ocrx_word' id='word_1_448' title='bbox 1576 1557 1704 1587; x_wconf 83' lang='lat' dir='ltr'><strong>nimirum</strong></span> <span class='ocrx_word' id='word_1_449' title='bbox 1715 1561 1787 1588; x_wconf 91' lang='lat' dir='ltr'><strong>duos</strong></span> <span class='ocrx_word' id='word_1_450' title='bbox 1796 1562 1879 1594; x_wconf 79' lang='lat' dir='ltr'><strong>Pota-</strong></span> 
     </span>
    </p>
   </div>
   <div class='ocr_carea' id='block_1_63' title="bbox 195 1610 1006 1653">
    <p class='ocr_par' dir='ltr' id='par_1_63' title="bbox 195 1610 1006 1653">
     <span class='ocr_line' id='line_1_63' title="bbox 195 1610 1006 1653; baseline -0.014 -7"><span class='ocrx_word' id='word_1_451' title='bbox 195 1625 249 1649; x_wconf 88' lang='lat' dir='ltr'><strong>tttr,</strong></span> <span class='ocrx_word' id='word_1_452' title='bbox 265 1619 382 1653; x_wconf 87' lang='lat' dir='ltr'><strong>quinque</strong></span> <span class='ocrx_word' id='word_1_453' title='bbox 396 1615 526 1652; x_wconf 88' lang='lat' dir='ltr'><strong>postremi</strong></span> <span class='ocrx_word' id='word_1_454' title='bbox 542 1618 672 1641; x_wconf 85' lang='lat' dir='ltr'><strong>tractatus</strong></span> <span class='ocrx_word' id='word_1_455' title='bbox 685 1613 744 1640; x_wconf 88' lang='lat' dir='ltr'><strong>libri</strong></span> <span class='ocrx_word' id='word_1_456' title='bbox 760 1610 884 1644; x_wconf 85' lang='lat' dir='ltr'><strong>secundi,</strong></span> <span class='ocrx_word' id='word_1_457' title='bbox 902 1610 946 1644; x_wconf 91' lang='lat' dir='ltr'><strong>qui</strong></span> <span class='ocrx_word' id='word_1_458' title='bbox 958 1610 1006 1636; x_wconf 86' lang='lat' dir='ltr'><strong>ad-</strong></span> 
     </span>
    </p>
   </div>
   <div class='ocr_carea' id='block_1_64' title="bbox 195 1656 1005 1699">
    <p class='ocr_par' dir='ltr' id='par_1_64' title="bbox 195 1656 1005 1699">
     <span class='ocr_line' id='line_1_64' title="bbox 195 1656 1005 1699; baseline -0.012 -7"><span class='ocrx_word' id='word_1_459' title='bbox 195 1665 301 1692; x_wconf 90' lang='lat' dir='ltr'><strong>dititios</strong></span> <span class='ocrx_word' id='word_1_460' title='bbox 316 1664 438 1699; x_wconf 78' lang='lat' dir='ltr'><strong>proxime</strong></span> <span class='ocrx_word' id='word_1_461' title='bbox 451 1661 636 1693; x_wconf 84' lang='lat' dir='ltr'><strong>antecedunt,</strong></span> <span class='ocrx_word' id='word_1_462' title='bbox 652 1658 805 1687; x_wconf 79' lang='lat' dir='ltr'><strong>alternatim</strong></span> <span class='ocrx_word' id='word_1_463' title='bbox 820 1656 1005 1684; x_wconf 89' lang='lat' dir='ltr'><strong>inscribuntur</strong></span> 
     </span>
    </p>
   </div>
   <div class='ocr_carea' id='block_1_65' title="bbox 195 1710 599 1746">
    <p class='ocr_par' dir='ltr' id='par_1_65' title="bbox 195 1710 599 1746">
     <span class='ocr_line' id='line_1_65' title="bbox 195 1710 599 1746; baseline -0.015 -6"><span class='ocrx_word' id='word_1_464' title='bbox 195 1714 237 1740; x_wconf 85' lang='lat' dir='ltr'><strong>sic</strong></span> <span class='ocrx_word' id='word_1_465' title='bbox 253 1721 260 1739; x_wconf 93' lang='lat'><strong>:</strong></span> <span class='ocrx_word' id='word_1_466' title='bbox 276 1711 410 1739; x_wconf 70' lang='lat' dir='ltr'><strong>Tractalus</strong></span> <span class='ocrx_word' id='word_1_467' title='bbox 421 1710 496 1746; x_wconf 82' lang='lat' dir='ltr'><strong>cujus</strong></span> <span class='ocrx_word' id='word_1_468' title='bbox 506 1717 599 1743; x_wconf 82' lang='lat' dir='ltr'><strong>supra.</strong></span> 
     </span>
    </p>
   </div>
   <div class='ocr_carea' id='block_1_66' title="bbox 232 1756 574 1794">
    <p class='ocr_par' dir='ltr' id='par_1_66' title="bbox 232 1756 574 1794">
     <span class='ocr_line' id='line_1_66' title="bbox 232 1756 574 1794; baseline -0.012 -8"><span class='ocrx_word' id='word_1_469' title='bbox 232 1759 275 1786; x_wconf 84' lang='lat' dir='ltr'><strong>En</strong></span> <span class='ocrx_word' id='word_1_470' title='bbox 294 1758 349 1794; x_wconf 82' lang='lat' dir='ltr'><strong>ipsa</strong></span> <span class='ocrx_word' id='word_1_471' title='bbox 367 1757 466 1785; x_wconf 69' lang='lat' dir='ltr'><strong>tabula:</strong></span> <span class='ocrx_word' id='word_1_472' title='bbox 477 1756 574 1783; x_wconf 86' lang='lat' dir='ltr'><strong>verba.</strong></span> 
     </span>
    </p>
   </div>
   <div class='ocr_carea' id='block_1_67' title="bbox 234 1799 1009 1834">
    <p class='ocr_par' dir='ltr' id='par_1_67' title="bbox 234 1799 1009 1834">
     <span class='ocr_line' id='line_1_67' title="bbox 234 1799 1009 1834; baseline -0.01 -1"><span class='ocrx_word' id='word_1_473' title='bbox 234 1813 307 1833; x_wconf 74' lang='lat' dir='ltr'><strong>nrt.</strong></span> <span class='ocrx_word' id='word_1_474' title='bbox 328 1804 396 1833; x_wconf 83' lang='lat' dir='ltr'><strong>Item</strong></span> <span class='ocrx_word' id='word_1_475' title='bbox 419 1803 555 1830; x_wconf 79' lang='lat' dir='ltr'><strong>Tractatus</strong></span> <span class='ocrx_word' id='word_1_476' title='bbox 582 1799 692 1827; x_wconf 67' lang='lat' dir='ltr'><strong>Pass/ue</strong></span> <span class='ocrx_word' id='word_1_477' title='bbox 713 1799 789 1834; x_wconf 76' lang='lat' dir='ltr'><strong>cuius</strong></span> <span class='ocrx_word' id='word_1_478' title='bbox 815 1805 914 1833; x_wconf 80' lang='lat' dir='ltr'><strong>supra,</strong></span> <span class='ocrx_word' id='word_1_479' title='bbox 938 1804 1009 1825; x_wconf 91' lang='lat' dir='ltr'><strong>nunc</strong></span> 
     </span>
    </p>
   </div>
   <div class='ocr_carea' id='block_1_68' title="bbox 194 1850 508 1881">
    <p class='ocr_par' dir='ltr' id='par_1_68' title="bbox 194 1850 508 1881">
     <span class='ocr_line' id='line_1_68' title="bbox 194 1850 508 1881; baseline -0.019 0"><span class='ocrx_word' id='word_1_480' title='bbox 194 1857 239 1881; x_wconf 84' lang='lat' dir='ltr'><strong>est</strong></span> <span class='ocrx_word' id='word_1_481' title='bbox 253 1855 330 1880; x_wconf 87' lang='lat' dir='ltr'><strong>tract.</strong></span> <span class='ocrx_word' id='word_1_482' title='bbox 351 1858 395 1878; x_wconf 81' lang='lat' dir='ltr'><strong>LIV</strong></span> <span class='ocrx_word' id='word_1_483' title='bbox 419 1850 465 1877; x_wconf 89' lang='lat' dir='ltr'><strong>lib.</strong></span> <span class='ocrx_word' id='word_1_484' title='bbox 480 1857 508 1876; x_wconf 88' lang='lat' dir='ltr'><strong>ll.</strong></span> 
     </span>
    </p>
   </div>
   <div class='ocr_carea' id='block_1_69' title="bbox 235 1892 1006 1927">
    <p class='ocr_par' dir='ltr' id='par_1_69' title="bbox 235 1892 1006 1927">
     <span class='ocr_line' id='line_1_69' title="bbox 235 1892 1006 1927; baseline -0.01 -1"><span class='ocrx_word' id='word_1_485' title='bbox 235 1907 318 1926; x_wconf 68' lang='lat' dir='ltr'><strong>“ut.</strong></span> <span class='ocrx_word' id='word_1_486' title='bbox 340 1897 476 1924; x_wconf 84' lang='lat' dir='ltr'><strong>Tractatus</strong></span> <span class='ocrx_word' id='word_1_487' title='bbox 498 1894 618 1922; x_wconf 78' lang='lat' dir='ltr'><strong>Dauielis</strong></span> <span class='ocrx_word' id='word_1_488' title='bbox 638 1893 663 1920; x_wconf 84' lang='lat' dir='ltr'><strong>iu</strong></span> <span class='ocrx_word' id='word_1_489' title='bbox 687 1892 806 1927; x_wconf 76' lang='lat' dir='ltr'><strong>Pascha,</strong></span> <span class='ocrx_word' id='word_1_490' title='bbox 829 1898 901 1919; x_wconf 89' lang='lat' dir='ltr'><strong>nunc</strong></span> <span class='ocrx_word' id='word_1_491' title='bbox 928 1895 1006 1919; x_wconf 84' lang='lat' dir='ltr'><strong>tract.</strong></span> 
     </span>
    </p>
   </div>
   <div class='ocr_carea' id='block_1_70' title="bbox 198 1953 274 1974">
    <p class='ocr_par' dir='ltr' id='par_1_70' title="bbox 198 1953 274 1974">
     <span class='ocr_line' id='line_1_70' title="bbox 198 1953 274 1974; baseline -0.026 0"><span class='ocrx_word' id='word_1_492' title='bbox 198 1953 274 1974; x_wconf 72' lang='grc' dir='ltr'><strong>ιιιι.</strong></span> 
     </span>
    </p>
   </div>
   <div class='ocr_carea' id='block_1_71' title="bbox 235 1989 1006 2025">
    <p class='ocr_par' dir='ltr' id='par_1_71' title="bbox 235 1989 1006 2025">
     <span class='ocr_line' id='line_1_71' title="bbox 235 1989 1006 2025; baseline -0.009 -6"><span class='ocrx_word' id='word_1_493' title='bbox 235 1999 329 2019; x_wconf 77' lang='lat' dir='ltr'><strong>xxvut.</strong></span> <span class='ocrx_word' id='word_1_494' title='bbox 362 1990 483 2018; x_wconf 78' lang='lat' dir='ltr'><strong>Ini-italia</strong></span> <span class='ocrx_word' id='word_1_495' title='bbox 509 1989 587 2025; x_wconf 76' lang='lat' dir='ltr'><strong>fontis</strong></span> <span class='ocrx_word' id='word_1_496' title='bbox 610 1989 685 2024; x_wconf 84' lang='lat' dir='ltr'><strong>cujus</strong></span> <span class='ocrx_word' id='word_1_497' title='bbox 713 1995 809 2023; x_wconf 82' lang='lat' dir='ltr'><strong>supra,</strong></span> <span class='ocrx_word' id='word_1_498' title='bbox 833 1993 904 2013; x_wconf 88' lang='lat' dir='ltr'><strong>nuttc</strong></span> <span class='ocrx_word' id='word_1_499' title='bbox 928 1989 1006 2013; x_wconf 88' lang='lat' dir='ltr'><strong>tract.</strong></span> 
     </span>
    </p>
   </div>
   <div class='ocr_carea' id='block_1_72' title="bbox 197 2033 780 2066">
    <p class='ocr_par' dir='ltr' id='par_1_72' title="bbox 197 2033 780 2066">
     <span class='ocr_line' id='line_1_72' title="bbox 197 2033 780 2066; baseline -0.003 0"><span class='ocrx_word' id='word_1_500' title='bbox 197 2047 278 2066; x_wconf 74' lang='lat' dir='ltr'><strong>xxxi.</strong></span> <span class='ocrx_word' id='word_1_501' title='bbox 777 2033 780 2035; x_wconf 73' lang='grc'><em>’</em></span> 
     </span>
    </p>
   </div>
   <div class='ocr_carea' id='block_1_73' title="bbox 236 2081 901 2113">
    <p class='ocr_par' dir='ltr' id='par_1_73' title="bbox 236 2081 901 2113">
     <span class='ocr_line' id='line_1_73' title="bbox 236 2081 901 2113; baseline -0.009 -1"><span class='ocrx_word' id='word_1_502' title='bbox 236 2092 312 2112; x_wconf 76' lang='lat' dir='ltr'><strong>uix.</strong></span> <span class='ocrx_word' id='word_1_503' title='bbox 333 2083 468 2110; x_wconf 80' lang='lat' dir='ltr'><strong>Tractutus</strong></span> <span class='ocrx_word' id='word_1_504' title='bbox 483 2081 636 2113; x_wconf 76' lang='lat' dir='ltr'><strong>Paschalis,</strong></span> <span class='ocrx_word' id='word_1_505' title='bbox 652 2087 723 2107; x_wconf 92' lang='lat' dir='ltr'><strong>nunc</strong></span> <span class='ocrx_word' id='word_1_506' title='bbox 738 2083 818 2107; x_wconf 81' lang='lat' dir='ltr'><strong>tract.</strong></span> <span class='ocrx_word' id='word_1_507' title='bbox 837 2087 901 2107; x_wconf 80' lang='lat' dir='ltr'><strong>xui.</strong></span> 
     </span>
    </p>
   </div>
   <div class='ocr_carea' id='block_1_74' title="bbox 238 2128 900 2163">
    <p class='ocr_par' dir='ltr' id='par_1_74' title="bbox 238 2128 900 2163">
     <span class='ocr_line' id='line_1_74' title="bbox 238 2128 900 2163; baseline -0.008 -6"><span class='ocrx_word' id='word_1_508' title='bbox 238 2138 303 2158; x_wconf 79' lang='lat' dir='ltr'><strong>xxx.</strong></span> <span class='ocrx_word' id='word_1_509' title='bbox 324 2128 363 2156; x_wconf 88' lang='lat' dir='ltr'><strong>De</strong></span> <span class='ocrx_word' id='word_1_510' title='bbox 375 2128 466 2156; x_wconf 79' lang='lat' dir='ltr'><strong>Genesi</strong></span> <span class='ocrx_word' id='word_1_511' title='bbox 479 2129 554 2163; x_wconf 80' lang='lat' dir='ltr'><strong>cujus</strong></span> <span class='ocrx_word' id='word_1_512' title='bbox 567 2135 656 2162; x_wconf 82' lang='lat' dir='ltr'><strong>supra,</strong></span> <span class='ocrx_word' id='word_1_513' title='bbox 674 2134 744 2153; x_wconf 89' lang='lat' dir='ltr'><strong>nunc</strong></span> <span class='ocrx_word' id='word_1_514' title='bbox 757 2130 835 2153; x_wconf 88' lang='lat' dir='ltr'><strong>tract.</strong></span> <span class='ocrx_word' id='word_1_515' title='bbox 854 2133 900 2152; x_wconf 83' lang='lat' dir='ltr'><strong>xx.</strong></span> 
     </span>
    </p>
   </div>
   <div class='ocr_carea' id='block_1_75' title="bbox 238 2172 1008 2211">
    <p class='ocr_par' dir='ltr' id='par_1_75' title="bbox 238 2172 1008 2211">
     <span class='ocr_line' id='line_1_75' title="bbox 238 2172 1008 2211; baseline -0.006 -7"><span class='ocrx_word' id='word_1_516' title='bbox 238 2177 367 2204; x_wconf 84' lang='lat' dir='ltr'><strong>Formula</strong></span> <span class='ocrx_word' id='word_1_517' title='bbox 382 2177 454 2211; x_wconf 82' lang='lat' dir='ltr'><strong>cujus</strong></span> <span class='ocrx_word' id='word_1_518' title='bbox 466 2184 545 2210; x_wconf 82' lang='lat' dir='ltr'><strong>supra</strong></span> <span class='ocrx_word' id='word_1_519' title='bbox 559 2178 653 2210; x_wconf 87' lang='lat' dir='ltr'><strong>aperte</strong></span> <span class='ocrx_word' id='word_1_520' title='bbox 664 2173 766 2201; x_wconf 87' lang='lat' dir='ltr'><strong>indicat</strong></span> <span class='ocrx_word' id='word_1_521' title='bbox 777 2180 830 2200; x_wconf 91' lang='lat' dir='ltr'><strong>non</strong></span> <span class='ocrx_word' id='word_1_522' title='bbox 845 2172 895 2200; x_wconf 90' lang='lat' dir='ltr'><strong>hos</strong></span> <span class='ocrx_word' id='word_1_523' title='bbox 909 2173 1008 2206; x_wconf 89' lang='lat' dir='ltr'><strong>solum,</strong></span> 
     </span>
    </p>
   </div>
   <div class='ocr_carea' id='block_1_76' title="bbox 200 2214 1009 2257">
    <p class='ocr_par' dir='ltr' id='par_1_76' title="bbox 200 2214 1009 2257">
     <span class='ocr_line' id='line_1_76' title="bbox 200 2214 1009 2257; baseline -0.007 -6"><span class='ocrx_word' id='word_1_524' title='bbox 200 2224 251 2252; x_wconf 87' lang='lat' dir='ltr'><strong>sed</strong></span> <span class='ocrx_word' id='word_1_525' title='bbox 268 2222 444 2251; x_wconf 88' lang='lat' dir='ltr'><strong>interutcdios</strong></span> <span class='ocrx_word' id='word_1_526' title='bbox 466 2229 573 2257; x_wconf 85' lang='lat' dir='ltr'><strong>quoque</strong></span> <span class='ocrx_word' id='word_1_527' title='bbox 597 2214 736 2253; x_wconf 83' lang='lat' dir='ltr'><strong>tractatus,</strong></span> <span class='ocrx_word' id='word_1_528' title='bbox 754 2220 826 2248; x_wconf 84' lang='lat' dir='ltr'><strong>nulla</strong></span> <span class='ocrx_word' id='word_1_529' title='bbox 853 2218 915 2246; x_wconf 89' lang='lat' dir='ltr'><strong>licet</strong></span> <span class='ocrx_word' id='word_1_530' title='bbox 937 2220 1009 2255; x_wconf 79' lang='lat' dir='ltr'><strong>ejus-</strong></span> 
     </span>
    </p>
   </div>
   <div class='ocr_carea' id='block_1_77' title="bbox 201 2253 1049 2303">
    <p class='ocr_par' dir='ltr' id='par_1_77' title="bbox 201 2253 1049 2303">
     <span class='ocr_line' id='line_1_77' title="bbox 201 2253 1049 2303; baseline -0.004 -6"><span class='ocrx_word' id='word_1_531' title='bbox 201 2269 278 2297; x_wconf 89' lang='lat' dir='ltr'><strong>modi</strong></span> <span class='ocrx_word' id='word_1_532' title='bbox 293 2269 409 2296; x_wconf 78' lang='lat' dir='ltr'><strong>formula</strong></span> <span class='ocrx_word' id='word_1_533' title='bbox 420 2269 550 2303; x_wconf 83' lang='lat' dir='ltr'><strong>signatos,</strong></span> <span class='ocrx_word' id='word_1_534' title='bbox 561 2267 683 2303; x_wconf 82' lang='lat' dir='ltr'><strong>ejusdem</strong></span> <span class='ocrx_word' id='word_1_535' title='bbox 693 2267 823 2294; x_wconf 78' lang='lat' dir='ltr'><strong>auctoris</strong></span> <span class='ocrx_word' id='word_1_536' title='bbox 838 2273 897 2293; x_wconf 83' lang='lat' dir='ltr'><strong>esse</strong></span> <span class='ocrx_word' id='word_1_537' title='bbox 912 2285 919 2298; x_wconf 84' lang='lat'><em>.</em></span> <span class='ocrx_word' id='word_1_538' title='bbox 936 2268 1009 2303; x_wconf 74' lang='lat' dir='ltr'><strong>cujus</strong></span> <span class='ocrx_word' id='word_1_539' title='bbox 1021 2253 1049 2283; x_wconf 80' lang='grc' dir='ltr'><strong>Ῐ)</strong></span> 
     </span>
    </p>
   </div>
   <div class='ocr_carea' id='block_1_78' title="bbox 202 2313 1009 2352">
    <p class='ocr_par' dir='ltr' id='par_1_78' title="bbox 202 2313 1009 2352">
     <span class='ocr_line' id='line_1_78' title="bbox 202 2313 1009 2352; baseline -0.002 -9"><span class='ocrx_word' id='word_1_540' title='bbox 202 2324 298 2352; x_wconf 80' lang='lat' dir='ltr'><strong>supra,</strong></span> <span class='ocrx_word' id='word_1_541' title='bbox 318 2315 342 2342; x_wconf 90' lang='lat' dir='ltr'><strong>id</strong></span> <span class='ocrx_word' id='word_1_542' title='bbox 357 2321 398 2343; x_wconf 91' lang='lat' dir='ltr'><strong>est</strong></span> <span class='ocrx_word' id='word_1_543' title='bbox 413 2315 488 2350; x_wconf 79' lang='lat' dir='ltr'><strong>cujus</strong></span> <span class='ocrx_word' id='word_1_544' title='bbox 499 2314 542 2342; x_wconf 87' lang='lat' dir='ltr'><strong>vel</strong></span> <span class='ocrx_word' id='word_1_545' title='bbox 557 2315 632 2342; x_wconf 91' lang='lat' dir='ltr'><strong>initio</strong></span> <span class='ocrx_word' id='word_1_546' title='bbox 644 2314 785 2347; x_wconf 89' lang='lat' dir='ltr'><strong>librorum,</strong></span> <span class='ocrx_word' id='word_1_547' title='bbox 807 2313 849 2340; x_wconf 86' lang='lat' dir='ltr'><strong>vel</strong></span> <span class='ocrx_word' id='word_1_548' title='bbox 863 2313 889 2340; x_wconf 89' lang='lat' dir='ltr'><strong>in</strong></span> <span class='ocrx_word' id='word_1_549' title='bbox 904 2313 1009 2341; x_wconf 88' lang='lat' dir='ltr'><strong>clausu-</strong></span> 
     </span>
    </p>
   </div>
   <div class='ocr_carea' id='block_1_79' title="bbox 202 2360 1007 2398">
    <p class='ocr_par' dir='ltr' id='par_1_79' title="bbox 202 2360 1007 2398">
     <span class='ocr_line' id='line_1_79' title="bbox 202 2360 1007 2398; baseline -0.005 -7"><span class='ocrx_word' id='word_1_550' title='bbox 202 2365 248 2397; x_wconf 89' lang='lat' dir='ltr'><strong>lis,</strong></span> <span class='ocrx_word' id='word_1_551' title='bbox 262 2363 297 2390; x_wconf 93' lang='lat' dir='ltr'><strong>de</strong></span> <span class='ocrx_word' id='word_1_552' title='bbox 310 2364 407 2398; x_wconf 85' lang='lat' dir='ltr'><strong>quibus</strong></span> <span class='ocrx_word' id='word_1_553' title='bbox 430 2370 491 2389; x_wconf 80' lang='lat' dir='ltr'><strong>mox</strong></span> <span class='ocrx_word' id='word_1_554' title='bbox 512 2362 645 2394; x_wconf 89' lang='lat' dir='ltr'><strong>dicemus,</strong></span> <span class='ocrx_word' id='word_1_555' title='bbox 662 2368 792 2396; x_wconf 80' lang='lat' dir='ltr'><strong>expressa</strong></span> <span class='ocrx_word' id='word_1_556' title='bbox 815 2360 916 2387; x_wconf 83' lang='lat' dir='ltr'><strong>mentio</strong></span> <span class='ocrx_word' id='word_1_557' title='bbox 938 2360 1007 2387; x_wconf 83' lang='lat' dir='ltr'><strong>facta</strong></span> 
     </span>
    </p>
   </div>
   <div class='ocr_carea' id='block_1_80' title="bbox 202 2407 1009 2445">
    <p class='ocr_par' dir='ltr' id='par_1_80' title="bbox 202 2407 1009 2445">
     <span class='ocr_line' id='line_1_80' title="bbox 202 2407 1009 2445; baseline -0.002 -8"><span class='ocrx_word' id='word_1_558' title='bbox 202 2415 256 2443; x_wconf 85' lang='lat' dir='ltr'><strong>est,</strong></span> <span class='ocrx_word' id='word_1_559' title='bbox 274 2417 307 2436; x_wconf 82' lang='lat' dir='ltr'><strong>ac</strong></span> <span class='ocrx_word' id='word_1_560' title='bbox 322 2408 435 2445; x_wconf 86' lang='lat' dir='ltr'><strong>proinde</strong></span> <span class='ocrx_word' id='word_1_561' title='bbox 450 2416 544 2436; x_wconf 87' lang='lat' dir='ltr'><strong>omnes</strong></span> <span class='ocrx_word' id='word_1_562' title='bbox 564 2408 670 2436; x_wconf 89' lang='lat' dir='ltr'><strong>ttnicum</strong></span> <span class='ocrx_word' id='word_1_563' title='bbox 683 2407 862 2443; x_wconf 82' lang='lat' dir='ltr'><strong>eumdemque</strong></span> <span class='ocrx_word' id='word_1_564' title='bbox 873 2412 1009 2435; x_wconf 85' lang='lat' dir='ltr'><strong>auctorem</strong></span> 
     </span>
    </p>
   </div>
   <div class='ocr_carea' id='block_1_81' title="bbox 203 2453 1011 2489">
    <p class='ocr_par' dir='ltr' id='par_1_81' title="bbox 203 2453 1011 2489">
     <span class='ocr_line' id='line_1_81' title="bbox 203 2453 1011 2489; baseline -0.002 -7"><span class='ocrx_word' id='word_1_565' title='bbox 203 2455 318 2483; x_wconf 86' lang='lat' dir='ltr'><strong>habere.</strong></span> <span class='ocrx_word' id='word_1_566' title='bbox 335 2455 431 2482; x_wconf 84' lang='lat' dir='ltr'><strong>Mirum</strong></span> <span class='ocrx_word' id='word_1_567' title='bbox 443 2453 565 2481; x_wconf 82' lang='lat' dir='ltr'><strong>fortassis</strong></span> <span class='ocrx_word' id='word_1_568' title='bbox 578 2454 628 2482; x_wconf 84' lang='lat' dir='ltr'><strong>erit</strong></span> <span class='ocrx_word' id='word_1_569' title='bbox 639 2475 646 2488; x_wconf 85' lang='lat'><strong>,</strong></span> <span class='ocrx_word' id='word_1_570' title='bbox 664 2453 728 2489; x_wconf 90' lang='lat' dir='ltr'><strong>quid</strong></span> <span class='ocrx_word' id='word_1_571' title='bbox 743 2454 800 2481; x_wconf 75' lang='lat' dir='ltr'><strong>lucc</strong></span> <span class='ocrx_word' id='word_1_572' title='bbox 818 2453 930 2480; x_wconf 90' lang='lat' dir='ltr'><strong>formula</strong></span> <span class='ocrx_word' id='word_1_573' title='bbox 954 2454 1011 2481; x_wconf 86' lang='lat' dir='ltr'><strong>istis</strong></span> 
     </span>
    </p>
   </div>
   <div class='ocr_carea' id='block_1_82' title="bbox 203 2500 1010 2538">
    <p class='ocr_par' dir='ltr' id='par_1_82' title="bbox 203 2500 1010 2538">
     <span class='ocr_line' id='line_1_82' title="bbox 203 2500 1010 2538; baseline -0.001 -9"><span class='ocrx_word' id='word_1_574' title='bbox 203 2502 352 2538; x_wconf 81' lang='lat' dir='ltr'><strong>postremis</strong></span> <span class='ocrx_word' id='word_1_575' title='bbox 365 2502 452 2529; x_wconf 91' lang='lat' dir='ltr'><strong>solum</strong></span> <span class='ocrx_word' id='word_1_576' title='bbox 464 2502 583 2536; x_wconf 76' lang='lat' dir='ltr'><strong>apposita</strong></span> <span class='ocrx_word' id='word_1_577' title='bbox 600 2501 645 2533; x_wconf 88' lang='lat' dir='ltr'><strong>sit,</strong></span> <span class='ocrx_word' id='word_1_578' title='bbox 661 2506 688 2528; x_wconf 91' lang='lat' dir='ltr'><strong>ct</strong></span> <span class='ocrx_word' id='word_1_579' title='bbox 708 2501 734 2527; x_wconf 93' lang='lat' dir='ltr'><strong>in</strong></span> <span class='ocrx_word' id='word_1_580' title='bbox 762 2500 838 2528; x_wconf 87' lang='lat' dir='ltr'><strong>nullo</strong></span> <span class='ocrx_word' id='word_1_581' title='bbox 852 2509 884 2528; x_wconf 83' lang='lat' dir='ltr'><strong>ex</strong></span> <span class='ocrx_word' id='word_1_582' title='bbox 907 2508 1010 2535; x_wconf 68' lang='lat' dir='ltr'><strong>pratce-</strong></span> 
     </span>
    </p>
   </div>
   <div class='ocr_carea' id='block_1_83' title="bbox 206 2547 1011 2581">
    <p class='ocr_par' dir='ltr' id='par_1_83' title="bbox 206 2547 1011 2581">
     <span class='ocr_line' id='line_1_83' title="bbox 206 2547 1011 2581; baseline -0.001 -5"><span class='ocrx_word' id='word_1_583' title='bbox 206 2548 334 2576; x_wconf 85' lang='lat' dir='ltr'><strong>dentibus</strong></span> <span class='ocrx_word' id='word_1_584' title='bbox 348 2555 469 2575; x_wconf 79' lang='lat' dir='ltr'><strong>uxxvut</strong></span> <span class='ocrx_word' id='word_1_585' title='bbox 490 2552 621 2575; x_wconf 89' lang='lat' dir='ltr'><strong>occurrat.</strong></span> <span class='ocrx_word' id='word_1_586' title='bbox 640 2547 673 2574; x_wconf 84' lang='lat' dir='ltr'><strong>At</strong></span> <span class='ocrx_word' id='word_1_587' title='bbox 688 2547 712 2574; x_wconf 91' lang='lat' dir='ltr'><strong>id</strong></span> <span class='ocrx_word' id='word_1_588' title='bbox 726 2555 739 2574; x_wconf 82' lang='lat' dir='ltr'><strong>a</strong></span> <span class='ocrx_word' id='word_1_589' title='bbox 756 2547 842 2581; x_wconf 90' lang='lat' dir='ltr'><strong>primo</strong></span> <span class='ocrx_word' id='word_1_590' title='bbox 855 2548 1011 2575; x_wconf 88' lang='lat' dir='ltr'><strong>amanueusi</strong></span> 
     </span>
    </p>
   </div>
   <div class='ocr_carea' id='block_1_84' title="bbox 207 2594 1010 2628">
    <p class='ocr_par' dir='ltr' id='par_1_84' title="bbox 207 2594 1010 2628">
     <span class='ocr_line' id='line_1_84' title="bbox 207 2594 1010 2628; baseline -0.001 -5"><span class='ocrx_word' id='word_1_591' title='bbox 207 2603 267 2623; x_wconf 92' lang='lat' dir='ltr'><strong>non</strong></span> <span class='ocrx_word' id='word_1_592' title='bbox 282 2603 355 2628; x_wconf 86' lang='lat' dir='ltr'><strong>casu,</strong></span> <span class='ocrx_word' id='word_1_593' title='bbox 368 2596 415 2623; x_wconf 86' lang='lat' dir='ltr'><strong>sed</strong></span> <span class='ocrx_word' id='word_1_594' title='bbox 434 2595 557 2623; x_wconf 89' lang='lat' dir='ltr'><strong>consulto</strong></span> <span class='ocrx_word' id='word_1_595' title='bbox 572 2595 668 2622; x_wconf 88' lang='lat' dir='ltr'><strong>factum</strong></span> <span class='ocrx_word' id='word_1_596' title='bbox 683 2594 802 2628; x_wconf 82' lang='lat' dir='ltr'><strong>videtur,</strong></span> <span class='ocrx_word' id='word_1_597' title='bbox 816 2602 876 2621; x_wconf 91' lang='lat' dir='ltr'><strong>cttm</strong></span> <span class='ocrx_word' id='word_1_598' title='bbox 895 2594 954 2621; x_wconf 89' lang='lat' dir='ltr'><strong>ﬁnis</strong></span> <span class='ocrx_word' id='word_1_599' title='bbox 968 2602 1010 2622; x_wconf 87' lang='lat' dir='ltr'><strong>es-</strong></span> 
     </span>
    </p>
   </div>
   <div class='ocr_carea' id='block_1_85' title="bbox 205 2640 1013 2677">
    <p class='ocr_par' dir='ltr' id='par_1_85' title="bbox 205 2640 1013 2677">
     <span class='ocr_line' id='line_1_85' title="bbox 205 2640 1013 2677; baseline -0.002 -7"><span class='ocrx_word' id='word_1_600' title='bbox 205 2645 255 2670; x_wconf 86' lang='lat' dir='ltr'><strong>set</strong></span> <span class='ocrx_word' id='word_1_601' title='bbox 268 2646 421 2670; x_wconf 88' lang='lat' dir='ltr'><strong>tractatutttn</strong></span> <span class='ocrx_word' id='word_1_602' title='bbox 434 2641 555 2677; x_wconf 85' lang='lat' dir='ltr'><strong>ejusdem</strong></span> <span class='ocrx_word' id='word_1_603' title='bbox 569 2641 697 2668; x_wconf 84' lang='lat' dir='ltr'><strong>auctoris.</strong></span> <span class='ocrx_word' id='word_1_604' title='bbox 720 2640 758 2667; x_wconf 88' lang='lat' dir='ltr'><strong>Ne</strong></span> <span class='ocrx_word' id='word_1_605' title='bbox 772 2640 874 2668; x_wconf 91' lang='lat' dir='ltr'><strong>scilicet</strong></span> <span class='ocrx_word' id='word_1_606' title='bbox 888 2640 1013 2668; x_wconf 85' lang='lat' dir='ltr'><strong>dubitare</strong></span> 
     </span>
    </p>
   </div>
   <div class='ocr_carea' id='block_1_86' title="bbox 205 2686 1013 2722">
    <p class='ocr_par' dir='ltr' id='par_1_86' title="bbox 205 2686 1013 2722">
     <span class='ocr_line' id='line_1_86' title="bbox 205 2686 1013 2722; baseline -0.002 -6"><span class='ocrx_word' id='word_1_607' title='bbox 205 2688 237 2716; x_wconf 88' lang='lat' dir='ltr'><strong>in</strong></span> <span class='ocrx_word' id='word_1_608' title='bbox 256 2695 291 2715; x_wconf 90' lang='lat' dir='ltr'><strong>eo</strong></span> <span class='ocrx_word' id='word_1_609' title='bbox 313 2688 440 2722; x_wconf 76' lang='lat' dir='ltr'><strong>quiSpiam</strong></span> <span class='ocrx_word' id='word_1_610' title='bbox 455 2687 597 2722; x_wconf 83' lang='lat' dir='ltr'><strong>aliquando</strong></span> <span class='ocrx_word' id='word_1_611' title='bbox 613 2692 718 2721; x_wconf 87' lang='lat' dir='ltr'><strong>posset,</strong></span> <span class='ocrx_word' id='word_1_612' title='bbox 734 2686 854 2720; x_wconf 89' lang='lat' dir='ltr'><strong>ejusdem</strong></span> <span class='ocrx_word' id='word_1_613' title='bbox 872 2694 904 2714; x_wconf 88' lang='lat' dir='ltr'><strong>ue</strong></span> <span class='ocrx_word' id='word_1_614' title='bbox 919 2693 1013 2714; x_wconf 89' lang='lat' dir='ltr'><strong>omnes</strong></span> 
     </span>
    </p>
   </div>
   <div class='ocr_carea' id='block_1_87' title="bbox 205 2732 1011 2767">
    <p class='ocr_par' dir='ltr' id='par_1_87' title="bbox 205 2732 1011 2767">
     <span class='ocr_line' id='line_1_87' title="bbox 205 2732 1011 2767; baseline -0.005 -4"><span class='ocrx_word' id='word_1_615' title='bbox 205 2738 305 2763; x_wconf 85' lang='lat' dir='ltr'><strong>essent</strong></span> <span class='ocrx_word' id='word_1_616' title='bbox 318 2735 441 2767; x_wconf 89' lang='lat' dir='ltr'><strong>auctoris,</strong></span> <span class='ocrx_word' id='word_1_617' title='bbox 463 2741 498 2761; x_wconf 85' lang='lat' dir='ltr'><strong>an</strong></span> <span class='ocrx_word' id='word_1_618' title='bbox 519 2741 583 2761; x_wconf 82' lang='lat' dir='ltr'><strong>vero</strong></span> <span class='ocrx_word' id='word_1_619' title='bbox 606 2732 733 2767; x_wconf 89' lang='lat' dir='ltr'><strong>quidam,</strong></span> <span class='ocrx_word' id='word_1_620' title='bbox 749 2732 787 2759; x_wconf 86' lang='lat' dir='ltr'><strong>uti</strong></span> <span class='ocrx_word' id='word_1_621' title='bbox 803 2732 887 2764; x_wconf 89' lang='lat' dir='ltr'><strong>solet,</strong></span> <span class='ocrx_word' id='word_1_622' title='bbox 903 2741 936 2760; x_wconf 89' lang='lat' dir='ltr'><strong>ex</strong></span> <span class='ocrx_word' id='word_1_623' title='bbox 950 2732 1011 2760; x_wconf 89' lang='lat' dir='ltr'><strong>aliis</strong></span> 
     </span>
    </p>
   </div>
   <div class='ocr_carea' id='block_1_88' title="bbox 207 2779 1012 2815">
    <p class='ocr_par' dir='ltr' id='par_1_88' title="bbox 207 2779 1012 2815">
     <span class='ocr_line' id='line_1_88' title="bbox 207 2779 1012 2815; baseline -0.002 -7"><span class='ocrx_word' id='word_1_624' title='bbox 207 2780 368 2808; x_wconf 85' lang='lat' dir='ltr'><strong>auctoribus</strong></span> <span class='ocrx_word' id='word_1_625' title='bbox 380 2780 461 2808; x_wconf 86' lang='lat' dir='ltr'><strong>additi</strong></span> <span class='ocrx_word' id='word_1_626' title='bbox 475 2784 584 2813; x_wconf 80' lang='lat' dir='ltr'><strong>essent;</strong></span> <span class='ocrx_word' id='word_1_627' title='bbox 599 2780 649 2807; x_wconf 88' lang='lat' dir='ltr'><strong>ltos</strong></span> <span class='ocrx_word' id='word_1_628' title='bbox 672 2783 824 2815; x_wconf 90' lang='lat' dir='ltr'><strong>postremos</strong></span> <span class='ocrx_word' id='word_1_629' title='bbox 837 2787 867 2807; x_wconf 87' lang='lat' dir='ltr'><strong>ea</strong></span> <span class='ocrx_word' id='word_1_630' title='bbox 883 2779 995 2807; x_wconf 80' lang='lat' dir='ltr'><strong>formula</strong></span> <span class='ocrx_word' id='word_1_631' title='bbox 1005 2800 1012 2812; x_wconf 93' lang='lat'><strong>,</strong></span> 
     </span>
    </p>
   </div>
   <div class='ocr_carea' id='block_1_89' title="bbox 205 2826 1011 2863">
    <p class='ocr_par' dir='ltr' id='par_1_89' title="bbox 205 2826 1011 2863">
     <span class='ocr_line' id='line_1_89' title="bbox 205 2826 1011 2863; baseline -0.004 -7"><span class='ocrx_word' id='word_1_632' title='bbox 205 2836 271 2863; x_wconf 59' lang='lat' dir='ltr'><strong>quae</strong></span> <span class='ocrx_word' id='word_1_633' title='bbox 297 2828 407 2856; x_wconf 88' lang='lat' dir='ltr'><strong>dubium</strong></span> <span class='ocrx_word' id='word_1_634' title='bbox 435 2836 515 2856; x_wconf 88' lang='lat' dir='ltr'><strong>otnuc</strong></span> <span class='ocrx_word' id='word_1_635' title='bbox 542 2827 710 2862; x_wconf 63' lang='lat' dir='ltr'><strong>praecideret,</strong></span> <span class='ocrx_word' id='word_1_636' title='bbox 742 2826 874 2854; x_wconf 88' lang='lat' dir='ltr'><strong>notandos</strong></span> <span class='ocrx_word' id='word_1_637' title='bbox 896 2827 1011 2854; x_wconf 87' lang='lat' dir='ltr'><strong>censuit.</strong></span> 
     </span>
    </p>
   </div>
   <div class='ocr_carea' id='block_1_90' title="bbox 209 2873 1014 2909">
    <p class='ocr_par' dir='ltr' id='par_1_90' title="bbox 209 2873 1014 2909">
     <span class='ocr_line' id='line_1_90' title="bbox 209 2873 1014 2909; baseline -0.004 -4"><span class='ocrx_word' id='word_1_638' title='bbox 209 2876 297 2905; x_wconf 76' lang='lat' dir='ltr'><strong>Porro</strong></span> <span class='ocrx_word' id='word_1_639' title='bbox 313 2876 370 2904; x_wconf 78' lang='lat' dir='ltr'><strong>lucc</strong></span> <span class='ocrx_word' id='word_1_640' title='bbox 382 2875 475 2904; x_wconf 85' lang='lat' dir='ltr'><strong>eadem</strong></span> <span class='ocrx_word' id='word_1_641' title='bbox 491 2874 605 2903; x_wconf 80' lang='lat' dir='ltr'><strong>formula</strong></span> <span class='ocrx_word' id='word_1_642' title='bbox 620 2875 646 2902; x_wconf 91' lang='lat' dir='ltr'><strong>in</strong></span> <span class='ocrx_word' id='word_1_643' title='bbox 663 2874 726 2908; x_wconf 85' lang='lat' dir='ltr'><strong>ipsis</strong></span> <span class='ocrx_word' id='word_1_644' title='bbox 740 2873 834 2907; x_wconf 85' lang='lat' dir='ltr'><strong>titulis,</strong></span> <span class='ocrx_word' id='word_1_645' title='bbox 850 2874 894 2909; x_wconf 89' lang='lat' dir='ltr'><strong>qui</strong></span> <span class='ocrx_word' id='word_1_646' title='bbox 909 2879 1014 2909; x_wconf 84' lang='lat' dir='ltr'><strong>postre-</strong></span> 
     </span>
    </p>
   </div>
   <div class='ocr_carea' id='block_1_91' title="bbox 1061 1600 1876 1640">
    <p class='ocr_par' dir='ltr' id='par_1_91' title="bbox 1061 1600 1876 1640">
     <span class='ocr_line' id='line_1_91' title="bbox 1061 1600 1876 1640; baseline 0.015 -15"><span class='ocrx_word' id='word_1_647' title='bbox 1061 1600 1125 1633; x_wconf 90' lang='lat' dir='ltr'><strong>mii,</strong></span> <span class='ocrx_word' id='word_1_648' title='bbox 1147 1600 1265 1636; x_wconf 88' lang='lat' dir='ltr'><strong>quinque</strong></span> <span class='ocrx_word' id='word_1_649' title='bbox 1277 1609 1310 1628; x_wconf 80' lang='lat' dir='ltr'><strong>cx</strong></span> <span class='ocrx_word' id='word_1_650' title='bbox 1326 1601 1439 1633; x_wconf 85' lang='lat' dir='ltr'><strong>Hilario,</strong></span> <span class='ocrx_word' id='word_1_651' title='bbox 1464 1609 1496 1628; x_wconf 86' lang='lat' dir='ltr'><strong>ex</strong></span> <span class='ocrx_word' id='word_1_652' title='bbox 1519 1601 1617 1630; x_wconf 85' lang='lat' dir='ltr'><strong>Basilio</strong></span> <span class='ocrx_word' id='word_1_653' title='bbox 1633 1610 1763 1639; x_wconf 89' lang='lat' dir='ltr'><strong>quatuor,</strong></span> <span class='ocrx_word' id='word_1_654' title='bbox 1777 1615 1876 1640; x_wconf 89' lang='lat' dir='ltr'><strong>omnes</strong></span> 
     </span>
    </p>
   </div>
   <div class='ocr_carea' id='block_1_92' title="bbox 1059 1646 1872 1686">
    <p class='ocr_par' dir='ltr' id='par_1_92' title="bbox 1059 1646 1872 1686">
     <span class='ocr_line' id='line_1_92' title="bbox 1059 1646 1872 1686; baseline 0.012 -13"><span class='ocrx_word' id='word_1_655' title='bbox 1059 1646 1193 1682; x_wconf 85' lang='lat' dir='ltr'><strong>cujusque</strong></span> <span class='ocrx_word' id='word_1_656' title='bbox 1213 1649 1330 1675; x_wconf 86' lang='lat' dir='ltr'><strong>auctoris</strong></span> <span class='ocrx_word' id='word_1_657' title='bbox 1346 1648 1426 1675; x_wconf 90' lang='lat' dir='ltr'><strong>simul</strong></span> <span class='ocrx_word' id='word_1_658' title='bbox 1441 1648 1604 1684; x_wconf 87' lang='lat' dir='ltr'><strong>descriptos,</strong></span> <span class='ocrx_word' id='word_1_659' title='bbox 1622 1659 1676 1679; x_wconf 88' lang='lat' dir='ltr'><strong>non</strong></span> <span class='ocrx_word' id='word_1_660' title='bbox 1691 1658 1783 1681; x_wconf 88' lang='lat' dir='ltr'><strong>autent</strong></span> <span class='ocrx_word' id='word_1_661' title='bbox 1800 1656 1872 1686; x_wconf 83' lang='lat' dir='ltr'><strong>:Ilios</strong></span> 
     </span>
    </p>
   </div>
   <div class='ocr_carea' id='block_1_93' title="bbox 1059 1692 1873 1735">
    <p class='ocr_par' dir='ltr' id='par_1_93' title="bbox 1059 1692 1873 1735">
     <span class='ocr_line' id='line_1_93' title="bbox 1059 1692 1873 1735; baseline 0.014 -17"><span class='ocrx_word' id='word_1_662' title='bbox 1059 1692 1122 1719; x_wconf 84' lang='lat' dir='ltr'><strong>aliis</strong></span> <span class='ocrx_word' id='word_1_663' title='bbox 1137 1693 1252 1721; x_wconf 88' lang='lat' dir='ltr'><strong>insertos</strong></span> <span class='ocrx_word' id='word_1_664' title='bbox 1264 1695 1440 1730; x_wconf 83' lang='lat' dir='ltr'><strong>manuscripti</strong></span> <span class='ocrx_word' id='word_1_665' title='bbox 1455 1695 1600 1729; x_wconf 76' lang='lat' dir='ltr'><strong>pra-frrunt</strong></span> <span class='ocrx_word' id='word_1_666' title='bbox 1613 1705 1619 1711; x_wconf 84' lang='grc'><strong><em>-</em></strong></span> <span class='ocrx_word' id='word_1_667' title='bbox 1634 1698 1746 1733; x_wconf 62' lang='lat' dir='ltr'><strong>quod&#39;si</strong></span> <span class='ocrx_word' id='word_1_668' title='bbox 1760 1699 1787 1726; x_wconf 91' lang='lat' dir='ltr'><strong>in</strong></span> <span class='ocrx_word' id='word_1_669' title='bbox 1804 1701 1873 1735; x_wconf 91' lang='lat' dir='ltr'><strong>ipsis</strong></span> 
     </span>
    </p>
   </div>
   <div class='ocr_carea' id='block_1_94' title="bbox 1060 1739 1872 1782">
    <p class='ocr_par' dir='ltr' id='par_1_94' title="bbox 1060 1739 1872 1782">
     <span class='ocr_line' id='line_1_94' title="bbox 1060 1739 1872 1782; baseline 0.012 -17"><span class='ocrx_word' id='word_1_670' title='bbox 1060 1739 1246 1769; x_wconf 89' lang='lat' dir='ltr'><strong>additionibus</strong></span> <span class='ocrx_word' id='word_1_671' title='bbox 1266 1747 1423 1769; x_wconf 77' lang='lat' dir='ltr'><strong>constanter</strong></span> <span class='ocrx_word' id='word_1_672' title='bbox 1444 1747 1581 1770; x_wconf 82' lang='lat' dir='ltr'><strong>servatum</strong></span> <span class='ocrx_word' id='word_1_673' title='bbox 1596 1748 1648 1777; x_wconf 88' lang='lat' dir='ltr'><strong>est,</strong></span> <span class='ocrx_word' id='word_1_674' title='bbox 1664 1750 1781 1773; x_wconf 72' lang='lat' dir='ltr'><strong>cmteros</strong></span> <span class='ocrx_word' id='word_1_675' title='bbox 1803 1754 1872 1782; x_wconf 90' lang='lat' dir='ltr'><strong>quo-</strong></span> 
     </span>
    </p>
   </div>
   <div class='ocr_carea' id='block_1_95' title="bbox 1060 1787 1869 1827">
    <p class='ocr_par' dir='ltr' id='par_1_95' title="bbox 1060 1787 1869 1827">
     <span class='ocr_line' id='line_1_95' title="bbox 1060 1787 1869 1827; baseline 0.009 -14"><span class='ocrx_word' id='word_1_676' title='bbox 1060 1793 1114 1821; x_wconf 86' lang='lat' dir='ltr'><strong>que</strong></span> <span class='ocrx_word' id='word_1_677' title='bbox 1128 1787 1233 1815; x_wconf 90' lang='lat' dir='ltr'><strong>duobus</strong></span> <span class='ocrx_word' id='word_1_678' title='bbox 1255 1788 1331 1816; x_wconf 90' lang='lat' dir='ltr'><strong>libris</strong></span> <span class='ocrx_word' id='word_1_679' title='bbox 1347 1789 1489 1816; x_wconf 84' lang='lat' dir='ltr'><strong>distinctos</strong></span> <span class='ocrx_word' id='word_1_680' title='bbox 1505 1789 1604 1824; x_wconf 86' lang='lat' dir='ltr'><strong>unique</strong></span> <span class='ocrx_word' id='word_1_681' title='bbox 1624 1791 1730 1818; x_wconf 90' lang='lat' dir='ltr'><strong>auctori</strong></span> <span class='ocrx_word' id='word_1_682' title='bbox 1744 1791 1869 1827; x_wconf 89' lang='lat' dir='ltr'><strong>tributos,</strong></span> 
     </span>
    </p>
   </div>
   <div class='ocr_carea' id='block_1_96' title="bbox 1063 1834 1871 1875">
    <p class='ocr_par' dir='ltr' id='par_1_96' title="bbox 1063 1834 1871 1875">
     <span class='ocr_line' id='line_1_96' title="bbox 1063 1834 1871 1875; baseline 0.01 -16"><span class='ocrx_word' id='word_1_683' title='bbox 1063 1834 1188 1861; x_wconf 89' lang='lat' dir='ltr'><strong>eamdem</strong></span> <span class='ocrx_word' id='word_1_684' title='bbox 1203 1835 1228 1862; x_wconf 90' lang='lat' dir='ltr'><strong>in</strong></span> <span class='ocrx_word' id='word_1_685' title='bbox 1245 1835 1377 1863; x_wconf 87' lang='lat' dir='ltr'><strong>rationem</strong></span> <span class='ocrx_word' id='word_1_686' title='bbox 1391 1835 1519 1863; x_wconf 90' lang='lat' dir='ltr'><strong>continue</strong></span> <span class='ocrx_word' id='word_1_687' title='bbox 1529 1837 1646 1872; x_wconf 87' lang='lat' dir='ltr'><strong>scriptos</strong></span> <span class='ocrx_word' id='word_1_688' title='bbox 1656 1837 1741 1866; x_wconf 92' lang='lat' dir='ltr'><strong>multo</strong></span> <span class='ocrx_word' id='word_1_689' title='bbox 1752 1842 1793 1866; x_wconf 88' lang='lat' dir='ltr'><strong>est</strong></span> <span class='ocrx_word' id='word_1_690' title='bbox 1807 1846 1871 1875; x_wconf 86' lang='lat' dir='ltr'><strong>pro-</strong></span> 
     </span>
    </p>
   </div>
   <div class='ocr_carea' id='block_1_97' title="bbox 1063 1878 1189 1907">
    <p class='ocr_par' dir='ltr' id='par_1_97' title="bbox 1063 1878 1189 1907">
     <span class='ocr_line' id='line_1_97' title="bbox 1063 1878 1189 1907; baseline 0.008 -2"><span class='ocrx_word' id='word_1_691' title='bbox 1063 1878 1189 1907; x_wconf 84' lang='lat' dir='ltr'><strong>habilius.</strong></span> 
     </span>
    </p>
   </div>
   <div class='ocr_carea' id='block_1_98' title="bbox 1063 1939 1871 1982">
    <p class='ocr_par' dir='ltr' id='par_1_98' title="bbox 1063 1939 1871 1982">
     <span class='ocr_line' id='line_1_98' title="bbox 1063 1939 1871 1982; baseline 0.009 -15"><span class='ocrx_word' id='word_1_692' title='bbox 1063 1939 1076 1976; x_wconf 85' lang='lat'><strong>§</strong></span> <span class='ocrx_word' id='word_1_693' title='bbox 1109 1940 1141 1967; x_wconf 93' lang='lat' dir='ltr'><strong>II.</strong></span> <span class='ocrx_word' id='word_1_694' title='bbox 1157 1957 1193 1961; x_wconf 86' lang='lat'><strong>——</strong></span> <span class='ocrx_word' id='word_1_695' title='bbox 1214 1942 1326 1979; x_wconf 79' lang='lat' dir='ltr'><strong>Urgetur</strong></span> <span class='ocrx_word' id='word_1_696' title='bbox 1351 1948 1528 1980; x_wconf 82' lang='lat' dir='ltr'><strong>argumentum</strong></span> <span class='ocrx_word' id='word_1_697' title='bbox 1547 1952 1578 1971; x_wconf 68' lang='lat' dir='ltr'><strong>ea</strong></span> <span class='ocrx_word' id='word_1_698' title='bbox 1597 1946 1675 1981; x_wconf 84' lang='lat' dir='ltr'><strong>stylo.</strong></span> <span class='ocrx_word' id='word_1_699' title='bbox 1699 1944 1871 1982; x_wconf 82' lang='lat' dir='ltr'><strong>Proferuutur</strong></span> 
     </span>
    </p>
   </div>
   <div class='ocr_carea' id='block_1_99' title="bbox 1098 1988 1867 2027">
    <p class='ocr_par' dir='ltr' id='par_1_99' title="bbox 1098 1988 1867 2027">
     <span class='ocr_line' id='line_1_99' title="bbox 1098 1988 1867 2027; baseline 0.01 -14"><span class='ocrx_word' id='word_1_700' title='bbox 1098 1988 1214 2021; x_wconf 69' lang='lat' dir='ltr'><strong>exempla</strong></span> <span class='ocrx_word' id='word_1_701' title='bbox 1234 1997 1266 2016; x_wconf 73' lang='lat' dir='ltr'><strong>ex</strong></span> <span class='ocrx_word' id='word_1_702' title='bbox 1280 1989 1312 2016; x_wconf 82' lang='lat' dir='ltr'><strong>iis</strong></span> <span class='ocrx_word' id='word_1_703' title='bbox 1328 1990 1469 2025; x_wconf 73' lang='lat' dir='ltr'><strong>prwsertim</strong></span> <span class='ocrx_word' id='word_1_704' title='bbox 1485 1991 1636 2018; x_wconf 78' lang='lat' dir='ltr'><strong>tractatibus</strong></span> <span class='ocrx_word' id='word_1_705' title='bbox 1648 2013 1654 2025; x_wconf 90' lang='lat'><strong>,</strong></span> <span class='ocrx_word' id='word_1_706' title='bbox 1675 2001 1738 2027; x_wconf 87' lang='lat' dir='ltr'><strong>quos</strong></span> <span class='ocrx_word' id='word_1_707' title='bbox 1751 1992 1867 2021; x_wconf 87' lang='lat' dir='ltr'><strong>Cautau-</strong></span> 
     </span>
    </p>
   </div>
   <div class='ocr_carea' id='block_1_100' title="bbox 1097 2034 1868 2071">
    <p class='ocr_par' dir='ltr' id='par_1_100' title="bbox 1097 2034 1868 2071">
     <span class='ocr_line' id='line_1_100' title="bbox 1097 2034 1868 2071; baseline 0.01 -11"><span class='ocrx_word' id='word_1_708' title='bbox 1097 2034 1148 2061; x_wconf 83' lang='lat' dir='ltr'><strong>tius</strong></span> <span class='ocrx_word' id='word_1_709' title='bbox 1164 2035 1297 2071; x_wconf 82' lang='lat' dir='ltr'><strong>adjudicat</strong></span> <span class='ocrx_word' id='word_1_710' title='bbox 1312 2036 1422 2063; x_wconf 82' lang='lat' dir='ltr'><strong>Hilario.</strong></span> <span class='ocrx_word' id='word_1_711' title='bbox 1442 2036 1517 2064; x_wconf 83' lang='lat' dir='ltr'><strong>Hunc</strong></span> <span class='ocrx_word' id='word_1_712' title='bbox 1533 2037 1629 2064; x_wconf 78' lang='lat' dir='ltr'><strong>Auctor</strong></span> <span class='ocrx_word' id='word_1_713' title='bbox 1643 2038 1740 2066; x_wconf 81' lang='lat' dir='ltr'><strong>alicubi</strong></span> <span class='ocrx_word' id='word_1_714' title='bbox 1753 2040 1868 2068; x_wconf 74' lang='lat' dir='ltr'><strong>inritatus</strong></span> 
     </span>
    </p>
   </div>
   <div class='ocr_carea' id='block_1_101' title="bbox 1097 2081 1868 2121">
    <p class='ocr_par' dir='ltr' id='par_1_101' title="bbox 1097 2081 1868 2121">
     <span class='ocr_line' id='line_1_101' title="bbox 1097 2081 1868 2121; baseline 0.01 -15"><span class='ocrx_word' id='word_1_715' title='bbox 1097 2081 1249 2109; x_wconf 78' lang='lat' dir='ltr'><strong>ostenditur.</strong></span> <span class='ocrx_word' id='word_1_716' title='bbox 1267 2082 1415 2118; x_wconf 83' lang='lat' dir='ltr'><strong>Iusignium</strong></span> <span class='ocrx_word' id='word_1_717' title='bbox 1430 2083 1584 2117; x_wconf 77' lang='lat' dir='ltr'><strong>scriptorum</strong></span> <span class='ocrx_word' id='word_1_718' title='bbox 1600 2085 1728 2120; x_wconf 64' lang='lat' dir='ltr'><strong>exerupla,</strong></span> <span class='ocrx_word' id='word_1_719' title='bbox 1745 2086 1789 2121; x_wconf 86' lang='lat' dir='ltr'><strong>qui</strong></span> <span class='ocrx_word' id='word_1_720' title='bbox 1803 2087 1868 2114; x_wconf 82' lang='lat' dir='ltr'><strong>alios</strong></span> 
     </span>
    </p>
   </div>
   <div class='ocr_carea' id='block_1_102' title="bbox 1097 2126 1749 2165">
    <p class='ocr_par' dir='ltr' id='par_1_102' title="bbox 1097 2126 1749 2165">
     <span class='ocr_line' id='line_1_102' title="bbox 1097 2126 1749 2165; baseline 0.008 -13"><span class='ocrx_word' id='word_1_721' title='bbox 1097 2126 1201 2160; x_wconf 87' lang='lat' dir='ltr'><strong>imitati,</strong></span> <span class='ocrx_word' id='word_1_722' title='bbox 1215 2128 1319 2155; x_wconf 81' lang='lat' dir='ltr'><strong>totidem</strong></span> <span class='ocrx_word' id='word_1_723' title='bbox 1331 2129 1483 2164; x_wconf 82' lang='lat' dir='ltr'><strong>quandoque</strong></span> <span class='ocrx_word' id='word_1_724' title='bbox 1492 2129 1566 2156; x_wconf 82' lang='lat' dir='ltr'><strong>verba</strong></span> <span class='ocrx_word' id='word_1_725' title='bbox 1581 2130 1749 2165; x_wconf 78' lang='lat' dir='ltr'><strong>ra&#39;scripsere.</strong></span> 
     </span>
    </p>
   </div>
   <div class='ocr_carea' id='block_1_103' title="bbox 1097 2176 1868 2214">
    <p class='ocr_par' dir='ltr' id='par_1_103' title="bbox 1097 2176 1868 2214">
     <span class='ocr_line' id='line_1_103' title="bbox 1097 2176 1868 2214; baseline 0.009 -11"><span class='ocrx_word' id='word_1_726' title='bbox 1097 2176 1160 2203; x_wconf 80' lang='lat' dir='ltr'><strong>Iltcc</strong></span> <span class='ocrx_word' id='word_1_727' title='bbox 1173 2177 1262 2204; x_wconf 84' lang='lat' dir='ltr'><strong>omnia</strong></span> <span class='ocrx_word' id='word_1_728' title='bbox 1274 2186 1306 2205; x_wconf 75' lang='lat' dir='ltr'><strong>ex</strong></span> <span class='ocrx_word' id='word_1_729' title='bbox 1317 2178 1379 2213; x_wconf 84' lang='lat' dir='ltr'><strong>styli</strong></span> <span class='ocrx_word' id='word_1_730' title='bbox 1395 2178 1579 2211; x_wconf 77' lang='lat' dir='ltr'><strong>similitudine,</strong></span> <span class='ocrx_word' id='word_1_731' title='bbox 1593 2180 1732 2214; x_wconf 74' lang='lat' dir='ltr'><strong>quatiuter</strong></span> <span class='ocrx_word' id='word_1_732' title='bbox 1746 2181 1796 2209; x_wconf 88' lang='lat' dir='ltr'><strong>hos</strong></span> <span class='ocrx_word' id='word_1_733' title='bbox 1809 2182 1868 2210; x_wconf 88' lang='lat' dir='ltr'><strong>uni-</strong></span> 
     </span>
    </p>
   </div>
   <div class='ocr_carea' id='block_1_104' title="bbox 1061 2223 1866 2260">
    <p class='ocr_par' dir='ltr' id='par_1_104' title="bbox 1061 2223 1866 2260">
     <span class='ocr_line' id='line_1_104' title="bbox 1061 2223 1866 2260; baseline 0.01 -11"><span class='ocrx_word' id='word_1_734' title='bbox 1061 2230 1154 2250; x_wconf 87' lang='lat' dir='ltr'><strong>versos</strong></span> <span class='ocrx_word' id='word_1_735' title='bbox 1168 2223 1330 2257; x_wconf 86' lang='lat' dir='ltr'><strong>intercedit,</strong></span> <span class='ocrx_word' id='word_1_736' title='bbox 1351 2225 1430 2259; x_wconf 84' lang='lat' dir='ltr'><strong>plane</strong></span> <span class='ocrx_word' id='word_1_737' title='bbox 1443 2225 1647 2253; x_wconf 89' lang='lat' dir='ltr'><strong>conﬁrmantur.</strong></span> <span class='ocrx_word' id='word_1_738' title='bbox 1669 2226 1721 2260; x_wconf 85' lang='lat' dir='ltr'><strong>Qui</strong></span> <span class='ocrx_word' id='word_1_739' title='bbox 1741 2228 1813 2256; x_wconf 89' lang='lat' dir='ltr'><strong>coitu</strong></span> <span class='ocrx_word' id='word_1_740' title='bbox 1832 2229 1866 2257; x_wconf 88' lang='lat' dir='ltr'><strong>ad</strong></span> 
     </span>
    </p>
   </div>
   <div class='ocr_carea' id='block_1_105' title="bbox 1063 2269 1865 2310">
    <p class='ocr_par' dir='ltr' id='par_1_105' title="bbox 1063 2269 1865 2310">
     <span class='ocr_line' id='line_1_105' title="bbox 1063 2269 1865 2310; baseline 0.01 -15"><span class='ocrx_word' id='word_1_741' title='bbox 1063 2269 1152 2297; x_wconf 72' lang='lat' dir='ltr'><strong>varios</strong></span> <span class='ocrx_word' id='word_1_742' title='bbox 1167 2270 1329 2298; x_wconf 88' lang='lat' dir='ltr'><strong>assereudos</strong></span> <span class='ocrx_word' id='word_1_743' title='bbox 1344 2276 1468 2299; x_wconf 86' lang='lat' dir='ltr'><strong>auctores</strong></span> <span class='ocrx_word' id='word_1_744' title='bbox 1482 2271 1544 2308; x_wconf 89' lang='lat' dir='ltr'><strong>styli</strong></span> <span class='ocrx_word' id='word_1_745' title='bbox 1561 2271 1704 2300; x_wconf 87' lang='lat' dir='ltr'><strong>discrimett</strong></span> <span class='ocrx_word' id='word_1_746' title='bbox 1720 2274 1846 2310; x_wconf 75' lang='lat' dir='ltr'><strong>obiecere</strong></span> <span class='ocrx_word' id='word_1_747' title='bbox 1857 2298 1865 2310; x_wconf 94' lang='lat'><strong>,</strong></span> 
     </span>
    </p>
   </div>
   <div class='ocr_carea' id='block_1_106' title="bbox 1061 2316 1863 2359">
    <p class='ocr_par' dir='ltr' id='par_1_106' title="bbox 1061 2316 1863 2359">
     <span class='ocr_line' id='line_1_106' title="bbox 1061 2316 1863 2359; baseline 0.007 -16"><span class='ocrx_word' id='word_1_748' title='bbox 1061 2316 1079 2343; x_wconf 91' lang='lat' dir='ltr'><strong>ii</strong></span> <span class='ocrx_word' id='word_1_749' title='bbox 1090 2321 1163 2344; x_wconf 90' lang='lat' dir='ltr'><strong>recte</strong></span> <span class='ocrx_word' id='word_1_750' title='bbox 1174 2317 1295 2352; x_wconf 89' lang='lat' dir='ltr'><strong>quidem,</strong></span> <span class='ocrx_word' id='word_1_751' title='bbox 1309 2323 1335 2345; x_wconf 89' lang='lat' dir='ltr'><strong>et</strong></span> <span class='ocrx_word' id='word_1_752' title='bbox 1344 2317 1404 2352; x_wconf 89' lang='lat' dir='ltr'><strong>jure</strong></span> <span class='ocrx_word' id='word_1_753' title='bbox 1418 2318 1468 2345; x_wconf 88' lang='lat' dir='ltr'><strong>hoc</strong></span> <span class='ocrx_word' id='word_1_754' title='bbox 1479 2323 1668 2355; x_wconf 83' lang='lat' dir='ltr'><strong>argumentum</strong></span> <span class='ocrx_word' id='word_1_755' title='bbox 1681 2320 1863 2359; x_wconf 72' lang='lat' dir='ltr'><strong>intenderunt,</strong></span> 
     </span>
    </p>
   </div>
   <div class='ocr_carea' id='block_1_107' title="bbox 1061 2363 1866 2400">
    <p class='ocr_par' dir='ltr' id='par_1_107' title="bbox 1061 2363 1866 2400">
     <span class='ocr_line' id='line_1_107' title="bbox 1061 2363 1866 2400; baseline 0.007 -10"><span class='ocrx_word' id='word_1_756' title='bbox 1061 2363 1188 2398; x_wconf 83' lang='lat' dir='ltr'><strong>quamdiu</strong></span> <span class='ocrx_word' id='word_1_757' title='bbox 1199 2363 1364 2399; x_wconf 79' lang='lat' dir='ltr'><strong>Appendicis</strong></span> <span class='ocrx_word' id='word_1_758' title='bbox 1375 2373 1483 2400; x_wconf 87' lang='lat' dir='ltr'><strong>quoque</strong></span> <span class='ocrx_word' id='word_1_759' title='bbox 1496 2370 1628 2393; x_wconf 87' lang='lat' dir='ltr'><strong>tractatus</strong></span> <span class='ocrx_word' id='word_1_760' title='bbox 1640 2368 1685 2394; x_wconf 94' lang='lat' dir='ltr'><strong>uni</strong></span> <span class='ocrx_word' id='word_1_761' title='bbox 1700 2369 1804 2396; x_wconf 85' lang='lat' dir='ltr'><strong>auctori</strong></span> <span class='ocrx_word' id='word_1_762' title='bbox 1815 2369 1866 2396; x_wconf 87' lang='lat' dir='ltr'><strong>ad-</strong></span> 
     </span>
    </p>
   </div>
   <div class='ocr_carea' id='block_1_108' title="bbox 1061 2410 1859 2447">
    <p class='ocr_par' dir='ltr' id='par_1_108' title="bbox 1061 2410 1859 2447">
     <span class='ocr_line' id='line_1_108' title="bbox 1061 2410 1859 2447; baseline 0.01 -12"><span class='ocrx_word' id='word_1_763' title='bbox 1061 2410 1197 2437; x_wconf 87' lang='lat' dir='ltr'><strong>scribendi</strong></span> <span class='ocrx_word' id='word_1_764' title='bbox 1220 2411 1397 2445; x_wconf 85' lang='lat' dir='ltr'><strong>putabantur,</strong></span> <span class='ocrx_word' id='word_1_765' title='bbox 1418 2420 1531 2447; x_wconf 88' lang='lat' dir='ltr'><strong>quorum</strong></span> <span class='ocrx_word' id='word_1_766' title='bbox 1552 2413 1676 2441; x_wconf 89' lang='lat' dir='ltr'><strong>undecim</strong></span> <span class='ocrx_word' id='word_1_767' title='bbox 1698 2419 1859 2444; x_wconf 89' lang='lat' dir='ltr'><strong>tractatuum</strong></span> 
     </span>
    </p>
   </div>
   <div class='ocr_carea' id='block_1_109' title="bbox 1062 2457 1867 2499">
    <p class='ocr_par' dir='ltr' id='par_1_109' title="bbox 1062 2457 1867 2499">
     <span class='ocr_line' id='line_1_109' title="bbox 1062 2457 1867 2499; baseline 0.011 -17"><span class='ocrx_word' id='word_1_768' title='bbox 1062 2463 1146 2490; x_wconf 76' lang='lat' dir='ltr'><strong>genus</strong></span> <span class='ocrx_word' id='word_1_769' title='bbox 1168 2457 1302 2485; x_wconf 85' lang='lat' dir='ltr'><strong>scribendi</strong></span> <span class='ocrx_word' id='word_1_770' title='bbox 1325 2465 1379 2485; x_wconf 86' lang='lat' dir='ltr'><strong>non</strong></span> <span class='ocrx_word' id='word_1_771' title='bbox 1400 2462 1453 2485; x_wconf 91' lang='lat' dir='ltr'><strong>tam</strong></span> <span class='ocrx_word' id='word_1_772' title='bbox 1469 2460 1585 2487; x_wconf 89' lang='lat' dir='ltr'><strong>alienum</strong></span> <span class='ocrx_word' id='word_1_773' title='bbox 1602 2460 1686 2488; x_wconf 92' lang='lat' dir='ltr'><strong>multo</strong></span> <span class='ocrx_word' id='word_1_774' title='bbox 1701 2466 1743 2489; x_wconf 76' lang='lat' dir='ltr'><strong>est</strong></span> <span class='ocrx_word' id='word_1_775' title='bbox 1764 2470 1778 2489; x_wconf 90' lang='lat' dir='ltr'><strong>a</strong></span> <span class='ocrx_word' id='word_1_776' title='bbox 1794 2464 1867 2499; x_wconf 84' lang='lat' dir='ltr'><strong>slylo</strong></span> 
     </span>
    </p>
   </div>
   <div class='ocr_carea' id='block_1_110' title="bbox 1064 2506 1867 2544">
    <p class='ocr_par' dir='ltr' id='par_1_110' title="bbox 1064 2506 1867 2544">
     <span class='ocr_line' id='line_1_110' title="bbox 1064 2506 1867 2544; baseline 0.012 -16"><span class='ocrx_word' id='word_1_777' title='bbox 1064 2506 1224 2530; x_wconf 67' lang='lat' dir='ltr'><strong>etcterorum</strong></span> <span class='ocrx_word' id='word_1_778' title='bbox 1244 2511 1317 2536; x_wconf 88' lang='lat' dir='ltr'><strong>xcut,</strong></span> <span class='ocrx_word' id='word_1_779' title='bbox 1337 2511 1417 2538; x_wconf 90' lang='lat' dir='ltr'><strong>quam</strong></span> <span class='ocrx_word' id='word_1_780' title='bbox 1434 2506 1536 2533; x_wconf 88' lang='lat' dir='ltr'><strong>varium</strong></span> <span class='ocrx_word' id='word_1_781' title='bbox 1551 2507 1576 2533; x_wconf 90' lang='lat' dir='ltr'><strong>in</strong></span> <span class='ocrx_word' id='word_1_782' title='bbox 1594 2507 1659 2541; x_wconf 89' lang='lat' dir='ltr'><strong>ipsis</strong></span> <span class='ocrx_word' id='word_1_783' title='bbox 1674 2517 1782 2544; x_wconf 89' lang='lat' dir='ltr'><strong>quoque</strong></span> <span class='ocrx_word' id='word_1_784' title='bbox 1796 2510 1867 2538; x_wconf 89' lang='lat' dir='ltr'><strong>inter</strong></span> 
     </span>
    </p>
   </div>
   <div class='ocr_carea' id='block_1_111' title="bbox 1064 2549 1864 2590">
    <p class='ocr_par' dir='ltr' id='par_1_111' title="bbox 1064 2549 1864 2590">
     <span class='ocr_line' id='line_1_111' title="bbox 1064 2549 1864 2590; baseline 0.011 -15"><span class='ocrx_word' id='word_1_785' title='bbox 1064 2556 1094 2576; x_wconf 88' lang='lat' dir='ltr'><strong>se</strong></span> <span class='ocrx_word' id='word_1_786' title='bbox 1104 2556 1164 2576; x_wconf 88' lang='lat' dir='ltr'><strong>esse</strong></span> <span class='ocrx_word' id='word_1_787' title='bbox 1180 2549 1257 2577; x_wconf 82' lang='lat' dir='ltr'><strong>facile</strong></span> <span class='ocrx_word' id='word_1_788' title='bbox 1270 2550 1491 2585; x_wconf 83' lang='lat' dir='ltr'><strong>deprehenditur.</strong></span> <span class='ocrx_word' id='word_1_789' title='bbox 1508 2553 1651 2580; x_wconf 84' lang='lat' dir='ltr'><strong>Enimvero</strong></span> <span class='ocrx_word' id='word_1_790' title='bbox 1664 2553 1690 2581; x_wconf 82' lang='lat' dir='ltr'><strong>lii</strong></span> <span class='ocrx_word' id='word_1_791' title='bbox 1707 2563 1759 2582; x_wconf 92' lang='lat' dir='ltr'><strong>non</strong></span> <span class='ocrx_word' id='word_1_792' title='bbox 1774 2556 1864 2590; x_wconf 89' lang='lat' dir='ltr'><strong>unius,</strong></span> 
     </span>
    </p>
   </div>
   <div class='ocr_carea' id='block_1_112' title="bbox 1064 2594 1867 2634">
    <p class='ocr_par' dir='ltr' id='par_1_112' title="bbox 1064 2594 1867 2634">
     <span class='ocr_line' id='line_1_112' title="bbox 1064 2594 1867 2634; baseline 0.011 -14"><span class='ocrx_word' id='word_1_793' title='bbox 1064 2594 1111 2621; x_wconf 89' lang='lat' dir='ltr'><strong>sed</strong></span> <span class='ocrx_word' id='word_1_794' title='bbox 1135 2594 1214 2621; x_wconf 88' lang='lat' dir='ltr'><strong>triutn</strong></span> <span class='ocrx_word' id='word_1_795' title='bbox 1238 2599 1377 2622; x_wconf 89' lang='lat' dir='ltr'><strong>auctorum</strong></span> <span class='ocrx_word' id='word_1_796' title='bbox 1391 2601 1453 2623; x_wconf 92' lang='lat' dir='ltr'><strong>sunt</strong></span> <span class='ocrx_word' id='word_1_797' title='bbox 1472 2596 1543 2624; x_wconf 57' lang='lat' dir='ltr'><strong>fetu»~</strong></span> <span class='ocrx_word' id='word_1_798' title='bbox 1556 2619 1563 2630; x_wconf 96' lang='lat'><strong>,</strong></span> <span class='ocrx_word' id='word_1_799' title='bbox 1582 2606 1696 2634; x_wconf 91' lang='lat' dir='ltr'><strong>quorum</strong></span> <span class='ocrx_word' id='word_1_800' title='bbox 1710 2601 1777 2628; x_wconf 89' lang='lat' dir='ltr'><strong>alter</strong></span> <span class='ocrx_word' id='word_1_801' title='bbox 1794 2602 1867 2629; x_wconf 87' lang='lat' dir='ltr'><strong>llila-</strong></span> 
     </span>
    </p>
   </div>
   <div class='ocr_carea' id='block_1_113' title="bbox 1064 2640 1864 2683">
    <p class='ocr_par' dir='ltr' id='par_1_113' title="bbox 1064 2640 1864 2683">
     <span class='ocr_line' id='line_1_113' title="bbox 1064 2640 1864 2683; baseline 0.01 -16"><span class='ocrx_word' id='word_1_802' title='bbox 1064 2640 1119 2667; x_wconf 87' lang='lat' dir='ltr'><strong>rius</strong></span> <span class='ocrx_word' id='word_1_803' title='bbox 1137 2641 1216 2674; x_wconf 90' lang='lat' dir='ltr'><strong>plano</strong></span> <span class='ocrx_word' id='word_1_804' title='bbox 1231 2640 1355 2676; x_wconf 80' lang='lat' dir='ltr'><strong>facilique</strong></span> <span class='ocrx_word' id='word_1_805' title='bbox 1370 2643 1441 2678; x_wconf 91' lang='lat' dir='ltr'><strong>stylo</strong></span> <span class='ocrx_word' id='word_1_806' title='bbox 1453 2643 1653 2677; x_wconf 84' lang='lat' dir='ltr'><strong>delectabatur;</strong></span> <span class='ocrx_word' id='word_1_807' title='bbox 1669 2646 1779 2674; x_wconf 83' lang='lat' dir='ltr'><strong>Ruﬁnus</strong></span> <span class='ocrx_word' id='word_1_808' title='bbox 1791 2655 1864 2683; x_wconf 77' lang='lat' dir='ltr'><strong>vero,</strong></span> 
     </span>
    </p>
   </div>
   <div class='ocr_carea' id='block_1_114' title="bbox 1065 2686 1867 2728">
    <p class='ocr_par' dir='ltr' id='par_1_114' title="bbox 1065 2686 1867 2728">
     <span class='ocr_line' id='line_1_114' title="bbox 1065 2686 1867 2728; baseline 0.011 -15"><span class='ocrx_word' id='word_1_809' title='bbox 1065 2687 1110 2721; x_wconf 93' lang='lat' dir='ltr'><strong>qui</strong></span> <span class='ocrx_word' id='word_1_810' title='bbox 1122 2686 1256 2721; x_wconf 85' lang='lat' dir='ltr'><strong>interpres</strong></span> <span class='ocrx_word' id='word_1_811' title='bbox 1270 2692 1384 2722; x_wconf 87' lang='lat' dir='ltr'><strong>quatuor</strong></span> <span class='ocrx_word' id='word_1_812' title='bbox 1398 2689 1491 2717; x_wconf 81' lang='lat' dir='ltr'><strong>Basilii</strong></span> <span class='ocrx_word' id='word_1_813' title='bbox 1506 2689 1677 2718; x_wconf 87' lang='lat' dir='ltr'><strong>homiliarum</strong></span> <span class='ocrx_word' id='word_1_814' title='bbox 1689 2700 1702 2720; x_wconf 86' lang='lat' dir='ltr'><strong>a</strong></span> <span class='ocrx_word' id='word_1_815' title='bbox 1715 2693 1793 2721; x_wconf 86' lang='lat' dir='ltr'><strong>nobis</strong></span> <span class='ocrx_word' id='word_1_816' title='bbox 1803 2702 1867 2728; x_wconf 84' lang='lat' dir='ltr'><strong>pro—</strong></span> 
     </span>
    </p>
   </div>
   <div class='ocr_carea' id='block_1_115' title="bbox 1066 2733 1866 2773">
    <p class='ocr_par' dir='ltr' id='par_1_115' title="bbox 1066 2733 1866 2773">
     <span class='ocr_line' id='line_1_115' title="bbox 1066 2733 1866 2773; baseline 0.01 -13"><span class='ocrx_word' id='word_1_817' title='bbox 1066 2733 1183 2767; x_wconf 89' lang='lat' dir='ltr'><strong>babitur,</strong></span> <span class='ocrx_word' id='word_1_818' title='bbox 1207 2734 1372 2770; x_wconf 66' lang='lat' dir='ltr'><strong>diligentiori</strong></span> <span class='ocrx_word' id='word_1_819' title='bbox 1396 2736 1571 2773; x_wconf 86' lang='lat' dir='ltr'><strong>liberiorique</strong></span> <span class='ocrx_word' id='word_1_820' title='bbox 1593 2738 1698 2767; x_wconf 84' lang='lat' dir='ltr'><strong>calamo</strong></span> <span class='ocrx_word' id='word_1_821' title='bbox 1720 2747 1783 2767; x_wconf 75' lang='lat' dir='ltr'><strong>usus</strong></span> <span class='ocrx_word' id='word_1_822' title='bbox 1803 2746 1866 2769; x_wconf 86' lang='lat' dir='ltr'><strong>est:</strong></span> 
     </span>
    </p>
   </div>
   <div class='ocr_carea' id='block_1_116' title="bbox 1065 2772 1891 2822">
    <p class='ocr_par' dir='ltr' id='par_1_116' title="bbox 1065 2772 1891 2822">
     <span class='ocr_line' id='line_1_116' title="bbox 1065 2772 1891 2822; baseline 0.011 -15"><span class='ocrx_word' id='word_1_823' title='bbox 1065 2779 1203 2807; x_wconf 85' lang='lat' dir='ltr'><strong>Potamius</strong></span> <span class='ocrx_word' id='word_1_824' title='bbox 1227 2781 1332 2809; x_wconf 89' lang='lat' dir='ltr'><strong>tandem</strong></span> <span class='ocrx_word' id='word_1_825' title='bbox 1355 2782 1469 2810; x_wconf 90' lang='lat' dir='ltr'><strong>duorum</strong></span> <span class='ocrx_word' id='word_1_826' title='bbox 1496 2788 1657 2813; x_wconf 87' lang='lat' dir='ltr'><strong>tractatuum</strong></span> <span class='ocrx_word' id='word_1_827' title='bbox 1681 2792 1774 2814; x_wconf 89' lang='lat' dir='ltr'><strong>auctor</strong></span> <span class='ocrx_word' id='word_1_828' title='bbox 1795 2788 1868 2822; x_wconf 86' lang='lat' dir='ltr'><strong>stylo</strong></span> <span class='ocrx_word' id='word_1_829' title='bbox 1889 2772 1891 2775; x_wconf 25' lang='grc' dir='ltr'><strong><em>ι</em></strong></span> 
     </span>
    </p>
   </div>
   <div class='ocr_carea' id='block_1_117' title="bbox 1067 2827 1870 2867">
    <p class='ocr_par' dir='ltr' id='par_1_117' title="bbox 1067 2827 1870 2867">
     <span class='ocr_line' id='line_1_117' title="bbox 1067 2827 1870 2867; baseline 0.007 -14"><span class='ocrx_word' id='word_1_830' title='bbox 1067 2827 1144 2862; x_wconf 87' lang='lat' dir='ltr'><strong>plane</strong></span> <span class='ocrx_word' id='word_1_831' title='bbox 1158 2827 1269 2860; x_wconf 90' lang='lat' dir='ltr'><strong>inculto,</strong></span> <span class='ocrx_word' id='word_1_832' title='bbox 1283 2827 1398 2856; x_wconf 89' lang='lat' dir='ltr'><strong>obscuro</strong></span> <span class='ocrx_word' id='word_1_833' title='bbox 1414 2829 1570 2866; x_wconf 88' lang='lat' dir='ltr'><strong>difﬁcilique</strong></span> <span class='ocrx_word' id='word_1_834' title='bbox 1593 2831 1707 2865; x_wconf 82' lang='lat' dir='ltr'><strong>laborat,</strong></span> <span class='ocrx_word' id='word_1_835' title='bbox 1719 2831 1826 2867; x_wconf 87' lang='lat' dir='ltr'><strong>qualem</strong></span> <span class='ocrx_word' id='word_1_836' title='bbox 1845 2835 1870 2862; x_wconf 80' lang='lat' dir='ltr'><strong>in</strong></span> 
     </span>
    </p>
   </div>
   <div class='ocr_carea' id='block_1_118' title="bbox 1065 2874 1870 2913">
    <p class='ocr_par' dir='ltr' id='par_1_118' title="bbox 1065 2874 1870 2913">
     <span class='ocr_line' id='line_1_118' title="bbox 1065 2874 1870 2913; baseline 0.006 -10"><span class='ocrx_word' id='word_1_837' title='bbox 1065 2875 1179 2911; x_wconf 82' lang='lat' dir='ltr'><strong>cpistola</strong></span> <span class='ocrx_word' id='word_1_838' title='bbox 1190 2874 1224 2903; x_wconf 83' lang='lat' dir='ltr'><strong>ab</strong></span> <span class='ocrx_word' id='word_1_839' title='bbox 1234 2875 1351 2904; x_wconf 83' lang='lat' dir='ltr'><strong>Achcrio</strong></span> <span class='ocrx_word' id='word_1_840' title='bbox 1366 2875 1449 2911; x_wconf 86' lang='lat' dir='ltr'><strong>edita,</strong></span> <span class='ocrx_word' id='word_1_841' title='bbox 1462 2881 1489 2904; x_wconf 81' lang='lat' dir='ltr'><strong>et</strong></span> <span class='ocrx_word' id='word_1_842' title='bbox 1503 2877 1529 2905; x_wconf 91' lang='lat' dir='ltr'><strong>in</strong></span> <span class='ocrx_word' id='word_1_843' title='bbox 1543 2878 1697 2913; x_wconf 79' lang='lat' dir='ltr'><strong>Appendicc</strong></span> <span class='ocrx_word' id='word_1_844' title='bbox 1709 2876 1870 2911; x_wconf 79' lang='lat' dir='ltr'><strong>recudcttda</strong></span> 
     </span>
    </p>
   </div>
  </div>
