4242 6168
527 282 598 346 3s
1903 266 2122 355 PROLE

2224 281 2444 343 auena.
3434 262 3437 263 ί
3759 279 3831 338 se

520 440 851 499 cognoscere
891 425 1040 483 licet.
1072 423 1253 499 itaque
1281 437 1404 479 cum
1439 420 1538 477 hos
1564 435 1757 479 omnes
1799 428 1908 477 tam
1949 419 2124 483 diver-
2152 397 2204 460 Α
2227 399 2514 499 θίῑίξιεέξιξι
2538 396 2761 499 (ιυρά-ῑη
2788 394 2982 499 ξῖίιτινίί
3011 393 3662 499 έοῲιηρημῐῖοοιῡσέίίιιιι)
3690 394 3829 449 ltatul

520 537 708 579 surum
735 521 1062 589 scriptorum
1096 525 1356 575 tractatus
1400 516 1491 573 uni
1529 514 1739 573 auctori
1787 513 2030 570 tribuere
2068 522 2122 569 et

520 628 772 672 asserere
796 630 864 671 ex
886 613 1155 670 editorum
1183 609 1354 669 forma
1385 609 1606 681 quidam
1623 615 1952 666 conarentur
1970 623 1988 677 ς
2005 606 2126 679 jus-

522 716 573 759 ta
601 704 671 762 de
696 704 818 777 styli
851 702 1165 763 discrimine
1194 701 1428 773 objectio
1459 700 1665 772 ingesta
1694 706 1802 767 est,
1842 713 2003 772 quam
2027 698 2128 758 nti-

523 813 709 855 rantur
740 796 1005 868 quosdam
1056 796 1251 853 fecisse
1290 793 1497 851 minimi
1533 833 1549 858 ,
1590 798 1685 851 aut
1724 790 2016 851 levissimis
2056 789 2128 849 de

515 893 691 947 causis
718 889 1040 947 cludendam
1074 899 1311 960 putasse.
1361 886 1432 943 At
1469 885 1516 942 si
1564 884 1814 943 undecim
1841 884 2128 943 memorati

516 990 778 1041 tractatus
799 993 1175 1048 secernuntur,
1217 989 1276 1036 ut
1316 993 1416 1037 nos
1444 978 1544 1037 liae
1574 978 1629 1036 in
1655 977 1897 1036 editione
1910 977 2023 1048 jam
2050 976 2126 1037 fe.

514 1078 689 1135 cimus
715 1094 732 1143 ς
779 1075 905 1148 quid
950 1073 1316 1144 objiciendum
1347 1071 1584 1143 supersit
1619 1070 1688 1131 de
1719 1070 1863 1142 6ton
1892 1081 2121 1129 cratera.

517 1186 658 1236 rum,
693 1170 852 1245 plane
881 1170 1013 1225 nihil
1042 1178 1144 1225 est.
1177 1167 1232 1226 Si
1257 1167 1378 1239 quis
1407 1181 1538 1223 sane
1569 1164 1621 1230 in
1657 1165 1722 1221 iis
1752 1163 2035 1227 volvendis
2060 1177 2124 1223 ac

518 1262 865 1323 revolvendis
892 1278 951 1320 se
979 1277 1040 1323 se
1068 1260 1384 1334 aliquandiu
1422 1269 1711 1328 exerceat,
1762 1266 1823 1319 ut
1862 1257 2121 1319 Auctoris

517 1356 794 1429 ingenium
833 1355 1247 1427 scriptio‘nisque
1274 1368 1447 1426 genus
1475 1350 1697 1422 incipiat
1720 1353 2015 1422 degustare
2043 1360 2128 1411 at-

515 1466 621 1522 que
650 1449 985 1521 distinguere
1011 1466 1024 1501 :
1056 1448 1099 1504 is
1124 1443 1367 1517 profecto
1389 1443 1522 1505 nihil
1545 1443 1803 1510 inveniet,
1826 1440 1973 1512 quod
1998 1442 2117 1500 sive

517 1542 570 1599 in
607 1542 1023 1607 sententiarum,
1050 1540 1163 1595 sive
1191 1539 1243 1595 in
1276 1538 1585 1603 verborum,
1617 1542 2022 1605 autsyntaxeos
2042 1546 2130 1589 raw

520 1638 667 1692 tione
689 1649 853 1710 unum
875 1631 1235 1704 eutndemque
1259 1639 1533 1701 auctorem
1557 1629 1756 1699 ubique
1779 1641 1887 1683 non
1905 1624 2125 1695 referat.

592 1726 945 1785 Proferamus
968 1741 1057 1781 ex.
1084 1741 1169 1797 gr.
1203 1733 1461 1781 tractatus
1485 1722 1621 1779 duos
1639 1760 1655 1787 ,
1678 1720 1809 1779 olim
1848 1721 1901 1776 in
1929 1719 2125 1790 psalm.

518 1838 549 1877 c
576 1831 629 1879 et
653 1836 795 1879 cxx:
819 1862 833 1888 ,
875 1836 1019 1879 nunc
1057 1829 1239 1875 autem
1285 1825 1439 1873 tract.
1471 1814 1538 1871 il
1570 1815 1666 1873 lib.
1714 1830 1751 1876 ιι
1779 1824 1832 1873 et
1886 1820 2044 1871 tract.
2096 1814 2127 1871 7

518 1914 616 1973 lib.
650 1930 688 1979 t,
715 1928 854 1985 quos
885 1912 947 1969 Ρ.
979 1911 1301 1969 Coutantius
1332 1910 1386 1965 in
1420 1908 1803 1967 Admonitione
1838 1906 1903 1961 ad
1939 1905 2127 1961 Hilarii

516 2007 978 2069 Comtnentarium
1003 2005 1055 2060 in
1082 2006 1345 2076 psalmos,
1369 1993 2126 2081 num.85,luiic‘l’ictaviensi

517 2100 774 2172 episcopo
797 2097 1148 2155 vindicandos
1180 2096 1486 2165 suspicatus
1518 2082 1638 2170 est,
1650 2082 1947 2167 propterea
1975 2087 2122 2159 quod

518 2190 740 2251 easdem
765 2189 1109 2261 quandoque,
1138 2202 1202 2245 ac
1226 2185 1454 2247 totidem
1480 2190 1587 2247 non
1619 2174 1915 2252 numquam
1946 2178 2128 2241 verbis

517 2299 809 2356 expressas
844 2281 1037 2341 Hilarii
1075 2278 1377 2340 sententias
1417 2277 1723 2342 eontittent,
1765 2288 1887 2346 quae
1917 2275 1970 2329 in
2005 2272 2127 2342 ejus

513 2377 926 2435 Commentario
954 2377 1007 2431 in
1045 2373 1265 2435 eosdem
1308 2371 1546 2443 psalmos
1590 2369 1881 2438 leguntur;
1926 2381 1989 2429 ea
2026 2382 2127 2438 quo

516 2472 832 2547 dij-adicere,
855 2469 1051 2540 inquit.
1079 2467 1220 2534 licet,
1244 2464 1422 2538 quales
1436 2463 1551 2526 ille,
1580 2461 1744 2519 idest
1779 2458 2035 2521 Hilarius.
2057 2458 2128 2517 ad

515 2564 889 2637 plebemsuam
910 2568 1165 2626 tractatus
1188 2557 1398 2623 dixerit,
1440 2553 1680 2628 qualesve
1709 2553 2044 2624 postmodum
2070 2550 2127 2609 in

512 2656 943 2715 commentarium
967 2654 1241 2724 redegerit.
1285 2648 1420 2713 Cum
1448 2648 1706 2711 nimirum
1738 2645 1793 2703 in
1821 2643 2125 2703 Veronensi

514 2750 752 2809 editione
769 2747 877 2805 duo
898 2752 1163 2803 tractatus
1176 2749 1589 2798 recenserentur
1604 2738 1658 2795 in
1680 2738 1945 2808 psalmum
1962 2749 2124 2801 cxxx.

498 2856 749 2911 .quorutn
793 2838 1023 2899 alterum
1066 2834 1256 2895 iisdem
1290 2831 1503 2896 verbis,
1533 2844 1598 2889 ac
1635 2830 1690 2885 in
1724 2827 2126 2885 Commentario

519 2936 705 2994 liilarii
728 2933 1040 2996 continetur
1067 2973 1081 2998 ,
1111 2942 1429 3000 expressum
1451 2966 1468 2992 ,
1500 2925 1551 2981 in
1589 2930 2007 2993 nostrorumque
2033 2935 2128 2978 co—

514 3030 694 3087 dicum
726 3029 833 3085 line
861 3041 965 3085 una
1000 3039 1123 3079 cum
1152 3021 1273 3079 aliis
1303 3018 1592 3079 llilarianis
1616 3016 1948 3088 descriptum
1969 3055 1986 3081 ,
2025 3030 2125 3071 suo

513 3119 725 3179 auctori
747 3117 1017 3177 redditum
1039 3113 1093 3170 in
1120 3111 1497 3185 Appendicem
1523 3108 1839 3181 rejecimus,
1863 3108 2120 3174 alterum,

512 3228 728 3286 quoque
757 3210 953 3269 similia
992 3206 1360 3267 continentem
1398 3204 1575 3265 eidem
1609 3204 1815 3263 auctori
1845 3202 2121 3262 vindican-

515 3306 643 3373 dum
671 3302 994 3361 Coutantius
1016 3298 1367 3362 existimavit,
1388 3296 1440 3352 id
1462 3296 1783 3364 conjicicus,
1809 3293 1952 3351 hunc
1973 3295 2121 3364 prius

514 3397 777 3466 scriptum
798 3393 866 3451 ab
895 3390 1122 3458 Hilario,
1157 3399 1214 3449 ιιι
1242 3405 1308 3446 eo
1330 3390 1579 3445 sermonis
1600 3387 1652 3442 in
1675 3400 1866 3443 marem
1888 3386 1959 3446 ad
1985 3385 2122 3447 Fra'

516 3500 618 3547 tres
646 3498 890 3549 uteretur
908 3528 924 3554 ,
967 3484 1195 3547 alterum
1225 3499 1353 3538 vero
1379 3496 1504 3539 esse
1528 3480 1672 3538 hunc
1698 3480 1947 3543 eumdem
1971 3522 1988 3547 ,
2023 3478 2120 3539 sed

520 3583 818 3643 auctiorem
848 3581 1047 3639 factum
1079 3578 1147 3634 ab
1173 3577 1367 3635 eodem
1395 3574 1619 3642 Hilario,
1647 3591 1772 3632 cum
1800 3577 1978 3633 varios
2012 3584 2122 3637 tra—

526 3683 702 3735 etatus
727 3673 794 3731 ad
814 3672 1069 3744 populum
1088 3669 1301 3727 habitos
1322 3683 1483 3739 super
1497 3668 1755 3738 psalmos,
1772 3668 1825 3724 in
1848 3682 2121 3731 commen-

518 3770 638 3825 tarii
663 3767 775 3843 [xc]
802 3783 1001 3838 corpus
1029 3763 1270 3837 digessit.
1307 3763 1364 3819 ld
1398 3764 1572 3835 ipsum
1599 3778 1731 3835 ergo
1757 3763 1844 3816 alii
1870 3762 2119 3819 tractatui

515 3864 571 3919 in
599 3863 862 3934 psalmum
883 3876 913 3916 ο
935 3858 1219 3927 accidisse,
1244 3856 1430 3929 opinio
1454 3856 1572 3930 ejus
1592 3864 1696 3911 est.
1723 3854 1794 3913 At
1822 3855 1964 3925 quod
1997 3870 2121 3927 per-

516 3955 653 4012 tinet
682 3953 749 4010 ad
780 3953 1104 4010 sententiam
1138 3951 1496 4007 verborumve
1522 3947 1967 4013 similitudinem,
1997 3962 2119 4018 quae

512 4052 659 4109 inter
700 4049 887 4106 Hilarii
921 4047 1369 4103 commentarium
1402 4054 1457 4100 et
1496 4043 1664 4101 noetri
1712 4042 1964 4100 Auctoris
2009 4048 2119 4096 tra-

512 4155 688 4202 ctatus
717 4145 768 4199 in
800 4142 991 4215 psalm.
1019 4156 1050 4198 c
1079 4151 1136 4198 et
1159 4156 1301 4197 cxxx
1336 4136 1644 4207 intercedit,
1669 4136 1845 4207 capite
1862 4136 2111 4207 sequenti

508 4236 865 4313 ostendemus
913 4233 1252 4302 luculenter,
1294 4242 1540 4288 nostrum
1579 4229 1868 4286 Auctorem
1915 4228 2116 4283 vixisse

511 4332 788 4405 aliquanto
819 4338 936 4402 post
968 4327 1230 4382 Hilarium
1267 4324 1587 4391 smculotv;
1635 4321 1778 4397 quod
1815 4336 1936 4376 cum
1970 4316 2116 4375 Cou-

517 4428 717 4481 tautius
750 4439 817 4478 ue
834 4420 1153 4493 cogitaverit
1174 4417 1415 4490 quidem,
1440 4432 1503 4472 ex
1526 4431 1591 4471 eo
1614 4414 1947 4487 prmjudicio,
1972 4411 2113 4484 quod

513 4519 580 4574 de
618 4514 855 4572 Zenonis
885 4512 1205 4584 antiquitate
1237 4510 1511 4567 ferebatur
1536 4550 1552 4578 ,
1581 4508 1695 4581 jam
1737 4503 2035 4578 praevidere
2063 4511 2117 4558 et
2148 4539 2195 4599 Β

512 4610 777 4684 suspicari
833 4624 937 4664 non
995 4604 1210 4678 potuit,
1258 4602 1509 4660 eumdem
1549 4609 1793 4655 nostrum
1840 4609 2116 4653 auctorem

514 4720 623 4776 pra:
648 4703 817 4759 oculis
850 4698 1049 4755 habere
1077 4695 1314 4767 potuisse
1355 4691 1542 4747 Hilarii
1576 4689 2021 4745 commentarium
2063 4688 2117 4741 in

513 4796 791 4860 Psalmus,
841 4806 907 4847 ex
953 4802 1127 4859 coque
1183 4802 1292 4842 non
1345 4783 1481 4838 nihil
1525 4781 1853 4852 profecisse,
1907 4789 1967 4834 ut
2009 4793 2115 4834 non

514 4887 816 4946 sententias
872 4884 1047 4939 solum
1107 4881 1359 4952 aliquas,
1422 4876 1516 4932 sed
1563 4874 1754 4931 eadem
1788 4872 2116 4944 quandoque

521 4981 687 5039 verba
718 4980 771 5035 in
820 4979 932 5035 suis
970 4973 1291 5030 tractatibus
1350 4967 1705 5038 espresserit.
1770 4965 1924 5021 Enim
1985 4979 2114 5020 vero

520 5091 628 5132 non
676 5074 730 5129 in
776 5069 1005 5127 laudatis
1055 5066 1230 5122 solum
1285 5059 1598 5118 tractatibus
1637 5058 1670 5112 7
1717 5057 1811 5113 lib.
1868 5070 1886 5110 ι
1931 5065 1987 5111 et
2040 5053 2107 5109 21

516 5172 592 5226 lib
616 5185 653 5227 ιι
682 5168 888 5223 Auctor
919 5161 1179 5218 ililarium
1211 5159 1266 5219 in
1295 5170 1413 5212 eam
1449 5152 1716 5209 rationem
1749 5150 1987 5206 imitatus
2029 5149 2135 5203 in»

516 5264 752 5328 venitur,
777 5257 873 5319 sed
902 5254 1115 5313 duobus
1139 5250 1380 5313 etiamin
1424 5247 1568 5313 aliis,
1600 5245 1852 5299 nimirum
1883 5249 2041 5297 tract.
2076 5239 2111 5296 8

515 5358 609 5414 lib.
638 5372 681 5424 ι,
712 5354 797 5411 cui
830 5350 1018 5407 titulus
1064 5347 1128 5403 de
1155 5344 1386 5407 Timore,
1415 5349 1471 5398 et
1503 5348 1660 5395 tract.
1703 5338 1769 5392 l7
1799 5335 1896 5424 lib.
1923 5350 1986 5403 ιι,
2016 5333 2110 5407 qui

518 5449 582 5504 de
609 5447 750 5503 Jona
778 5441 1089 5500 inscribitur
1117 5437 1202 5512 (ut
1222 5438 1272 5492 itt
1294 5430 1734 5491 adnotationibus
1763 5427 1978 5498 utrique
2005 5437 2115 5481 tra-

515 5543 682 5603 ctatui
713 5537 991 5610 subjectis.
1021 5519 1113 5589 ubi
1150 5529 1336 5588 Hilarii
1365 5528 1529 5585 verba
1562 5523 1983 5594 descripsimus,
2014 5534 2111 5590 pa-

517 5640 623 5695 lam
653 5632 791 5706 flet),
813 5645 949 5704 quos
979 5642 1112 5686 sane
1142 5631 1403 5687 tractatus
1431 5618 1740 5676 Hilarianos
1784 5628 1908 5706 esse
1952 5622 2114 5706 nemo

520 5703 771 5803 umquam
822 5725 1074 5803 epiuatus
1109 5730 1228 5788 est;
1276 5728 1511 5788 cumque
1557 5704 2023 5803 commentarium
2056 5703 2112 5759 in

516 5799 761 5884 l'saintos
791 5799 899 5879 non
930 5815 1190 5883 referant,
1223 5805 1550 5885 sedaliquld
1582 5819 1648 5862 ex
1682 5800 1909 5859 Psalmis
1937 5799 2113 5855 obiter

2230 489 2582 563 prohabiliter
2612 488 2802 546 haberi
2846 496 3048 560 quettnt
3091 497 3352 543 tractatus
3377 486 3666 558 ejusmodi,
3696 501 3833 561 qua-

2228 583 2308 640 les
2338 583 2409 640 ab
2442 583 2644 639 Hilario
2663 582 2731 638 ad
2758 583 3015 656 populum
3050 582 3223 652 primo
3262 580 3479 638 habitos
3501 623 3515 648 ,
3545 580 3670 637 dein
3701 597 3831 639 vero

2228 674 2281 729 itt
2312 672 2772 730 Commentarium
2806 672 3006 738 relatos
3034 669 3357 729 Coutantius
3386 672 3698 742 suspicatus
3718 679 3825 727 est.

2229 766 2490 823 Similiter
2511 765 2726 839 quidem
2769 774 3000 839 quatuor
3042 763 3177 819 alios
3227 763 3397 818 nostri
3438 763 3691 819 Auctoris
3721 772 3834 818 tra-

2228 865 2402 913 ctatus
2432 855 2870 920 observavimus,
2901 855 3153 912 nimirum
3193 861 3458 911 tractatus
3497 856 3553 921 5,
3592 854 3656 911 12
3683 863 3739 910 et
3764 853 3833 910 16

2228 949 2322 1006 lib.
2349 966 2388 1021 t,
2417 964 2480 1005 ac
2509 959 2665 1006 tract.
2698 949 2735 1004 2
2759 948 2854 1004 lib.
2888 965 2950 1016 ιι,
2984 946 3036 1003 ἰιι
3057 946 3251 1019 quibus
3273 945 3480 1019 aliquot
3507 962 3571 1001 ex
3596 945 3831 1002 Lactan-

2229 1043 2308 1099 tio
2338 1049 2661 1113 sententias,
2701 1042 3037 1114 tmidemque
3079 1039 3279 1096 alicubi
3322 1040 3488 1095 verba
3525 1039 3831 1109 expressit,

2233 1144 2377 1193 utne
2404 1145 2585 1197 tamen
2613 1137 2714 1193 hos
2743 1136 2813 1194 ab
2843 1135 2961 1209 ipso
2999 1134 3282 1191 Lactantio
3304 1134 3538 1205 st-riptos
3565 1133 3831 1204 quispiam

2231 1227 2465 1296 dixerit,
2520 1229 2630 1284 imo
2666 1236 2743 1285 ne’
2770 1226 3060 1284 somniarit
3088 1225 3330 1298 quidem.
3359 1224 3514 1293 Quod
3566 1223 3612 1280 si
3640 1240 3706 1281 ex
3732 1225 3834 1280 hoc

2231 1320 2365 1378 eatis
2396 1321 2724 1393 perSpicitur
2750 1319 3004 1376 Auctoris
3032 1319 3244 1375 indoles
3272 1318 3628 1374 imitationem
3659 1315 3710 1371 id
3741 1331 3832 1388 ge-

2236 1413 2383 1471 neris
2416 1411 2554 1471 haud
2580 1427 2849 1485 quaqnam
2882 1409 3235 1482 refugientis;
3268 1410 3389 1481 quis
3424 1408 3492 1465 de
3524 1408 3687 1463 simili
3716 1408 3838 1462 imi-

2235 1516 2437 1563 tatione
2464 1523 2528 1563 ex
2560 1505 2747 1561 Hilarii
2774 1505 3168 1561 commentario
3189 1503 3420 1574 amplius
3448 1502 3731 1575 ambigat?

2306 1601 2384 1656 Ne
2408 1616 2536 1655 vero
2561 1599 2630 1656 de
2660 1615 2767 1654 uno
2794 1599 3097 1670 eodemque
3117 1598 3361 1654 omnium
3384 1607 3604 1653 auctore
3624 1595 3838 1652 dubite-

2236 1704 2321 1748 tur
2341 1686 2779 1765 amplius,$tylus
2802 1681 2948 1747 idem
2970 1693 3023 1746 in
3047 1691 3300 1747 omnibus
3321 1690 3563 1762 locuples
3588 1690 3837 1745 testimo-

2160 1784 2205 1846 Β
2236 1787 2381 1841 nium
2406 1795 2663 1857 praestat;
2709 1784 2778 1841 de
2815 1801 2921 1861 qua
2956 1801 3015 1842 re
3041 1785 3204 1857 hujus
3229 1784 3424 1861 capitis
3452 1786 3687 1841 maxime
3716 1798 3840 1855 pro-

2231 1881 2349 1950 pria
2377 1894 2519 1935 nunc
2550 1879 2719 1935 fusius
2757 1867 3051 1938 dicendum
3093 1889 3199 1935 est.
3239 1879 3302 1935 P.
3350 1878 3666 1935 Coutautius
3693 1877 3841 1934 Hila-

2230 1975 2369 2029 rium
2398 1973 2789 2041 viudicaturus,
2843 1990 3004 2044 quem
3027 1990 3096 2030 ex
3124 1974 3356 2045 Origene
3383 1989 3488 2029 non
3518 1973 3662 2029 nulla
3694 1972 3839 2029 deri-

2228 2080 2388 2129 vasse
2418 2067 2472 2127 in
2500 2064 2964 2128 Commentarium
3000 2067 3350 2127 Psaimorum-
3370 2078 3555 2124 uotum
3583 2077 3705 2141 est,
3739 2067 3841 2129 hac

2230 2160 2581 2223 excusatione
2608 2161 2777 2225 utitur
2809 2177 2891 2231 ps.
2930 2175 3113 2225 eum
3158 2160 3564 2221 Adtuonitionis
3598 2160 3652 2221 in
3694 2160 3839 2218 idem

2229 2252 2697 2310 Cotnmentarium
2717 2270 2867 2310 num.
2894 2255 2962 2309 15
2983 2271 2997 2308 :
3021 2254 3183 2309 Aliud
3208 2255 3342 2310 enim
3357 2264 3427 2310 est
3447 2255 3663 2325 imitari,
3690 2254 3838 2313 aliud

2228 2345 2578 2416 interpretari,
2603 2357 2694 2404 aut
2722 2348 3051 2405 exscribere:
3083 2363 3174 2403 nec
3197 2348 3492 2420 interpretis
3521 2347 3698 2421 ofﬁcia
3719 2351 3841 2419 fun—

2228 2440 2391 2513 gitur,
2421 2442 2507 2513 qui
2538 2441 2645 2496 alia
2668 2440 2837 2508 addit,
2870 2450 3068 2496 resecat
3101 2440 3229 2508 alia,
3272 2449 3319 2495 et
3351 2449 3537 2495 caetera
3569 2440 3839 2512 proprium

2230 2533 2283 2587 in
2304 2535 2494 2606 stylum
2525 2535 2788 2590 convertit.
2832 2533 2994 2590 Notat
3021 2542 3284 2605 praeterea
3310 2531 3700 2608 Hieronymum
3737 2535 3839 2591 hac

2231 2628 2346 2703 ipsa
2376 2628 2586 2685 ratione
2613 2626 2866 2683 eumdem
2898 2626 2966 2683 ab
3003 2642 3067 2683 ea
3102 2642 3331 2684 censura
3361 2642 3651 2700 purgasse,
3691 2626 3836 2699 quod

2229 2723 2437 2781 scilicet
2466 2723 2705 2799 Origenis
2734 2722 2891 2779 libros
2924 2723 2997 2777 ita
3024 2725 3336 2792 exposuerit,
3376 2731 3431 2776 ut
3467 2722 3523 2777 in
3552 2722 3693 2797 ctylo
3713 2738 3839 2794 pro.

2230 2816 2343 2888 prio
2374 2817 2604 2890 placens,
2642 2826 2790 2887 pater
2809 2815 2947 2871 verbi
2980 2816 3045 2870 sit
3074 2816 3267 2888 potius,
3300 2829 3452 2886 quam
3476 2812 3742 2885 interpres.
3770 2813 3837 2881 id

2231 2910 2407 2980 ipsum
2442 2925 2667 2982 prorsus
2693 2909 2890 2967 fecisse
2933 2913 3139 2966 Auctor
3175 2916 3360 2965 noster
3388 2908 3835 2979 deprehenditur,

2234 3018 2357 3058 cum
2386 3018 2452 3059 ex
2481 3002 2708 3075 Hilario,
2738 3004 2822 3059 vel
2846 3002 3128 3059 Lactantio
3155 3001 3399 3073 qutudam
3428 3000 3669 3073 protulit.
3701 3001 3837 3058 Aliis

2229 3095 2447 3161 additis,
2481 3097 2740 3154 resecatis
2768 3097 2913 3161 aliis,
2944 3098 3191 3171 quasdam
3223 3097 3399 3153 solum
3427 3104 3484 3153 et
3514 3111 3679 3167 pauca
3703 3112 3831 3169 pro-

2226 3189 2401 3257 prium
2432 3188 2483 3243 in
2506 3189 2701 3262 stylutn
2726 3188 3014 3255 convertit,
3041 3196 3097 3244 ut
3113 3188 3166 3245 in
3188 3188 3330 3260 style
3353 3189 3570 3260 proprio
3593 3189 3832 3261 placens,

2223 3290 2376 3355 pater
2429 3282 2576 3337 verbi
2644 3281 2716 3341 sit
2760 3284 2938 3353 potius
2967 3322 2984 3349 ,
3036 3297 3197 3354 quam
3243 3282 3459 3339 servilis
3505 3282 3831 3355 exscriptor.

2222 3375 2378 3443 Quod
2409 3375 2477 3433 de
2493 3376 2690 3433 additis
2718 3387 2772 3432 et
2800 3376 3059 3433 resecatis
3078 3375 3336 3443 diximus,
3365 3392 3431 3433 ex
3455 3377 3744 3434 collatione
3766 3386 3854 3434 et-

2222 3466 2661 3525 adnotationibus
2693 3469 2895 3524 nostris
2936 3469 3071 3524 satis
3109 3468 3330 3540 patebit.
3371 3468 3580 3540 Styluut
3619 3479 3826 3537 autem,

2223 3562 2315 3634 qui
2342 3561 2496 3617 lectis
2518 3560 2643 3616 hinc
2665 3559 2853 3615 Hilarii
2882 3559 3283 3616 Commentario
3305 3558 3394 3631 (de
3415 3542 3527 3616 hoc
3546 3561 3691 3617 enim
3718 3577 3824 3616 uno

2231 3661 2479 3709 movetur
2501 3650 2840 3724 diflicultas),
2857 3652 2984 3711 hinc
3006 3653 3263 3708 Auctoris
3285 3654 3455 3708 nostri
3490 3655 3828 3723 tractatibus,

2224 3762 2331 3803 non
2363 3748 2545 3802 statim
2572 3746 2900 3817 distinguat,
2931 3747 2976 3801 is
3005 3746 3149 3800 omni
3181 3745 3387 3800 Latinae
3411 3747 3702 3803 locutionis
3734 3762 3830 3818 pa-

2222 3839 2331 3895 ltto
2357 3853 2580 3910 prorsus
2619 3845 2787 3894 caret.
2822 3837 3010 3893 Hilarii
3054 3837 3228 3910 stylus
3260 3839 3453 3909 planus
3475 3880 3489 3906 ,
3535 3838 3727 3906 facilis,
3772 3849 3828 3896 et

2222 3931 2335 3989 fere
2382 3932 2669 3997 concisus;
2729 3930 2898 3987 nostri
2949 3940 3130 3987 autem
3173 3931 3422 3987 sublimis
3467 3932 3823 4005 quandoque,

2221 4025 2545 4096 quandoque
2566 4023 2791 4079 ﬂoridus
2817 4032 2871 4080 ct
2897 4024 3138 4080 numeris
3159 4025 3329 4081 certis
3354 4024 3576 4092 cadens,
3610 4040 3674 4081 ac
3695 4024 3832 4081 alle-

2220 4121 2418 4189 goricis
2465 4117 2794 4173 dictionibus
2839 4116 3076 4173 libenter
3112 4116 3434 4189 indulgens,
3477 4118 3825 4189 potissimum

2220 4223 2402 4268 autem
2425 4213 2638 4284 syntaxi
2670 4211 2903 4289 quadam
2935 4211 3196 4283 singulari
3223 4210 3503 4283 prmditus,
3533 4229 3695 4283 quam
3719 4230 3826 4269 non

2219 4306 2273 4363 in
2306 4306 2515 4362 Hilario
2543 4305 2746 4374 solum,
2772 4305 2869 4362 sed
2903 4322 2972 4361 ne
2995 4307 3046 4361 in
3081 4306 3188 4361 alio
3207 4304 3423 4375 quidem
3452 4307 3719 4376 scriptore
3742 4307 3824 4361 la-

2224 4398 2338 4452 tino
2370 4400 2629 4455 hactenus
2655 4396 3138 4471 deprehendimus.
3161 4395 3250 4453 Ad
3281 4399 3571 4454 verborum
3600 4411 3822 4455 senten-

2223 4492 2525 4563 tiaruntque
2554 4490 3031 4562 exprimendarum
3059 4491 3245 4556 tiores,
3273 4490 3578 4562 allegorias,
3608 4491 3824 4547 uberta-

2225 4594 2441 4658 temque
2475 4585 2691 4642 dicendi
2720 4585 2888 4640 multo
2924 4583 3332 4652 fecundioretn,
3372 4583 3516 4656 quod
3547 4586 3817 4657 pertinet,

2226 4679 2371 4735 nulla
2408 4680 2599 4735 melior
2639 4678 2719 4733 via
2764 4677 2831 4733 ad
2879 4676 2930 4731 id
2967 4676 3404 4747 cognoscendum
3450 4685 3617 4748 patet,
3658 4692 3820 4750 quam

2226 4773 2506 4843 utriusque
2532 4770 2966 4827 lucubrationum
2994 4770 3213 4825 collatio
3238 4783 3259 4838 ,'
3283 4770 3351 4825 de
3376 4785 3481 4845 qua
3508 4770 3563 4825 in
3593 4769 3822 4826 adnota-

2224 4864 2459 4921 tionibus
2484 4862 2605 4934 ipso
2629 4862 2881 4920 Auctoris
2914 4863 3080 4919 textui
3107 4862 3369 4931 subjectis
3389 4862 3521 4919 satis
3553 4862 3822 4921 indicasse

2224 4960 2378 5016 nobis
2408 4958 2671 5016 videmur.
2705 4959 2779 5013 De
2809 4958 3021 5029 syntaxi
3050 4972 3182 5013 vero
3202 4958 3408 5029 aliquot
3431 4958 3674 5014 membra
3730 4956 3820 5014 hic

2222 5048 2576 5128 apponemus,
2609 5070 2729 5126 qure
2762 5054 3090 5125 prtecipuam
3126 5052 3375 5109 Auctoris
3399 5051 3669 5125 syntaxim
3694 5052 3820 5109 aliis

2221 5148 2272 5203 in
2300 5147 2617 5206 tractatibus
2647 5147 2986 5213 frequentem
3014 5145 3293 5201 exhibent.
3325 5143 3506 5200 Tract.
3525 5146 3578 5210 7,
3602 5144 3670 5200 de
3701 5144 3819 5201 Hu-

2219 5240 2597 5310 militate,_lih.
2634 5257 2673 5306 ι,
2719 5240 2810 5312 qui
2833 5239 2959 5295 olim
2996 5246 3117 5293 erat
3157 5251 3337 5293 sermo
3380 5237 3433 5292 in
3475 5238 3607 5308 psal.
3650 5252 3814 5309 cur,

2218 5349 2369 5389 nunt.
2398 5334 2462 5390 1;
2497 5332 2574 5389 De
2609 5334 2790 5407 quibus
2825 5331 3098 5403 Scriptura
3127 5330 3300 5384 divina
3337 5329 3463 5397 quid
3498 5334 3813 5400 pronuntiet,

2219 5427 2513 5493 audiamus,
2544 5429 2694 5501 cujus
2719 5425 2821 5480 ista
2840 5433 2960 5479 sunt
2990 5421 3164 5477 verba.
3182 5420 3341 5477 Num.
3369 5420 3435 5478 2:
3469 5420 3538 5479 Ut
3559 5417 3815 5494 possintne

2215 5522 2393 5577 riterite
2416 5521 2623 5588 mereri,
2645 5518 2920 5595 Scriptura
2930 5515 3071 5591 quod
3082 5516 3207 5571 dicit
3234 5532 3253 5575 .'
3272 5531 3368 5587 pro
3398 5517 3538 5593 quod
3567 5510 3812 5593 Scriptu-

2219 5631 2280 5668 ra
2306 5614 2451 5669 dicit.
2468 5612 2737 5668 Rursum:
2761 5609 3017 5666 Dominus
3051 5610 3162 5680 ipse
3186 5624 3274 5664 vos
3302 5626 3395 5682 pro
3409 5610 3659 5682 promisso
3687 5611 3815 5678 quid

2221 5705 2452 5761 hortetur
2470 5703 2704 5773 accipite.
2730 5701 2799 5758 Et
2817 5702 2947 5759 item
2971 5701 3134 5775 paulo
3159 5710 3311 5775 post:
3338 5700 3416 5757 De
3436 5700 3615 5772 quibus
3642 5700 3676 5756 .1
3683 5719 3811 5758 θαη-

2224 5812 2311 5853 nes
2340 5794 2607 5867 discipulis
2632 5794 2757 5866 quid
2784 5796 3025 5866 pradicet
3052 5838 3066 5865 ,
3104 5794 3338 5852 omnibus
3369 5801 3448 5848 est
3483 5793 3537 5847 in
3565 5807 3676 5849 usit.
3714 5793 3809 5851 lila
