4242 6168
362 231 439 292 37

1219 231 1698 290 DlSSERTATlO
1729 233 1773 300 ι,
1817 232 1905 290 DE
1945 234 2002 292 s.
2049 237 2218 295 ΖΕΝ.
2261 222 2516 299 τιιΑρΤ.
2561 244 2650 303 ET
2689 248 2962 308 mare.

3699 253 3778 317 38

363 362 502 402 vero
528 345 809 416 praecipue
839 341 1263 401 consideranda
1291 363 1452 402 num.
1595 345 1808 445 Intonat
1839 350 2038 422 lingua.
2079 351 2140 412 Α
2172 354 2342 409 multa
2389 357 2453 412 ad
2511 361 2728 422 verbum
2783 365 3119 423 transtulisse
3171 371 3379 425 notavit
3427 371 3762 445 Porphyrius

366 447 508 494 caret
546 452 664 508 quis
703 452 990 506 numquam
1023 450 1228 492 ueneno
1255 438 1529 507 serpentis
1553 454 1571 491 .°
1602 438 1692 493 ubi
1718 456 1831 512 quw
1859 443 2042 496 relati-

365 547 498 587 vum
526 541 648 600 post
681 530 949 595 Verbum,
1003 529 1154 598 quod
1191 531 1380 603 regit,
1423 517 1695 601 ponitur,
1737 534 1878 589 sicut
1916 535 2041 590 alibi

369 625 629 696 frequens
668 631 788 693 post
821 624 982 679 aliam
1015 637 1216 679 Vocem
1267 625 1628 682 collocatur.
1672 626 1759 682 Sic
1803 638 1954 686 tracr.
1986 631 2042 697 ὅ,

376 735 528 774 nuru.
558 717 631 772 2:
662 715 895 786 Utrisque
919 719 1067 791 cujus
1091 731 1456 793 exaggerare
1491 719 1823 786 aputentiam
1853 722 2043 778 veloci-

377 825 487 870 tate
505 815 638 869 mira
662 812 982 877 contendunt,
1007 825 1099 880 pro
1121 817 1290 886 cujus
1311 807 1670 881 apulentiam
1685 825 1908 886 utraeque
1922 835 2042 872 con-

378 906 735 972 teudunt,etc.
765 901 893 976 [xu]
923 903 1013 960 Sic
1041 905 1282 972 tract.4,
1309 913 1455 958 num
1492 900 1538 956 6
1566 922 1578 958 :
1611 905 1800 974 Quavis
1821 912 2043 969 versutia

373 1005 468 1072 qui
499 1002 701 1075 fallitur
729 1015 1024 1068 numquam.
1045 995 1248 1055 Tract.
1277 999 1330 1064 5,
1368 1009 1553 1052 num.
1596 1001 1661 1055 4:
1699 1002 2041 1064 Observantur

374 1116 484 1170 qua
511 1095 810 1167 perfectione
848 1090 948 1144 Dei
986 1088 1157 1146 cultus
1200 1093 1384 1148 debeat
1415 1093 1704 1148 custodiri.
1736 1095 1916 1152 Tract.
1950 1099 2033 1164 12,

376 1210 534 1251 num.
581 1191 615 1247 6
668 1209 680 1244 :
719 1186 1043 1256 Martemque
1076 1184 1310 1256 ipsam,
1344 1189 1602 1259 perennis
1646 1191 1728 1243 cui
1775 1191 2035 1248 beatitudo

378 1286 646 1345 succedat.
692 1283 865 1338 Tract.
913 1279 952 1333 7
990 1279 1061 1334 lib
1105 1294 1171 1345 ιι,
1231 1295 1382 1336 ιιιιιιι.
1414 1278 1491 1333 4:
1535 1280 1651 1336 Nec
1680 1292 1850 1338 tamen
1887 1287 2036 1342 desiit

380 1399 522 1444 esse,
547 1389 665 1434 ante
681 1374 805 1448 quod
829 1377 1014 1444 [uerat
1035 1390 1050 1428 :
1074 1374 1176 1442 cui,
1196 1375 1380 1429 simile
1405 1373 1544 1430 illud
1574 1385 1735 1432 tract.
1765 1379 1830 1433 ιϐ
1860 1379 1952 1436 lib.
1984 1397 2025 1450 ι,

385 1490 547 1530 num.
600 1475 671 1527 ιε
717 1468 832 1523 Odit
860 1469 990 1542 jam
1029 1467 1140 1521 sine
1182 1483 1375 1534 causa,
1417 1477 1539 1522 ante
1567 1470 1708 1540 quod
1745 1485 2026 1530 amaverat.

386 1567 580 1623 Tract.
610 1565 681 1620 62
726 1563 815 1618 lib.
850 1577 920 1616 tt:
961 1560 1191 1632 Propter
1213 1577 1304 1616 vos
1331 1560 1418 1632 qui
1439 1570 1514 1614 est
1541 1562 1761 1617 occisus.
1802 1563 2028 1636 Reliqua

389 1662 686 1718 mittimus.
713 1658 841 1717 Vide
869 1673 1047 1730 porro
1090 1658 1285 1715 eodem
1317 1667 1476 1714 tract.
1527 1659 1559 1712 7
1592 1660 1688 1715 lib.
1730 1677 1768 1728 ι,
1814 1663 1881 1718 de
1923 1680 2030 1734 quo

2169 447 2310 516 apud
2341 449 2624 510 Eusebium
2657 457 2744 512 lib.
2780 475 2835 531 ι,
2856 474 2971 532 cap.
2998 459 3050 522 5,
3071 458 3138 514 de
3161 459 3559 534 Prmparatione
3575 465 3756 518 Evan-

2166 539 2357 607 gelica.
2405 543 2658 602 Mittimus
2698 550 2845 620 plura
2891 566 2920 602 e
2947 550 3170 617 ϐαρεῖς,
3207 555 3386 614 tacitis
3429 573 3613 611 eorum
3647 571 3749 612 no-

2166 633 2428 701 minibus,
2464 639 2724 706 traducta,
2756 639 2973 710 suisque
3005 644 3258 714 operibus
3291 648 3516 702 totidem
3564 627 3746 701 verbis

2159 721 2360 780 inserta
2392 742 2420 780 a
2447 726 2802 795 Tertulliano,
2835 731 3188 804 llicronymo,
3214 736 3523 802 Ambrosio,
3550 748 3602 792 et
3624 736 3745 790 aliis

2153 815 2394 884 Latinis,
2448 838 2567 888 qua:
2599 823 2651 877 in
2699 824 2967 879 accuratis
3001 826 3196 882 horum
3239 827 3569 883 editionibns
3600 827 3746 881 desi-

2147 923 2399 976 gnantur.
2439 911 2503 968 Ut
2537 924 2720 969 autem
2759 914 3004 972 dicamus
3035 918 3101 974 de
3132 918 3358 985 Latinis,
3393 921 3481 988 qui
3521 934 3586 976 ex
3617 917 3738 972 aliis

2143 1001 2272 1056 item
2304 1002 2512 1060 Latinis
2541 1006 2858 1061 auctoribus
2899 1009 3153 1066 similiter
3194 1011 3572 1081 profecerunt,
3605 1010 3744 1065 anti-

2141 1111 2280 1164 quus
2329 1110 2521 1153 auctor
2553 1096 2813 1154 librorum
2871 1102 2935 1156 de
2978 1103 3334 1159 Sacruntentis
3361 1121 3427 1160 ex
3465 1102 3743 1160 Ambrosii

2139 1187 2278 1242 libro
2309 1189 2373 1243 de
2401 1189 2662 1262 Mysteriis
2693 1206 2797 1247 non
2824 1202 2928 1248 tam
2954 1198 3275 1264 sententias,
3301 1197 3393 1251 sed
3427 1197 3749 1267 plerumque

2137 1281 2299 1335 etiam
2333 1283 2496 1338 verba
2520 1282 2800 1352 delibavit,
2826 1298 2882 1341 ut
2904 1286 3294 1344 Benedictinus
3325 1289 3501 1344 editor
3527 1290 3578 1343 in
3613 1304 3752 1358 prm-

2138 1371 2302 1426 missa
2359 1373 2724 1428 Admonitione
2795 1378 3125 1435 observavit.
3193 1383 3456 1436 Sanetum
3527 1394 3748 1450 queque

2134 1462 2427 1520 Maximum
2453 1466 2869 1540 'l‘aurinensem,
2902 1487 3024 1527 cum
3053 1473 3255 1528 laudati
3288 1475 3562 1529 Amhrmii
3585 1488 3753 1544 opera

2134 1556 2327 1611 srdulo
2357 1558 2667 1622 evolveret,
2711 1579 2900 1634 magna
2945 1550 3246 1636 fragmenta
3294 1583 3360 1623 ex
3416 1567 3607 1623 iisdem
3639 1608 3652 1628 .
3688 1581 3754 1620 ac

2135 1652 2480 1720 potissimum
2515 1668 2579 1706 ex
2595 1654 3000 1714 Commentario
3029 1661 3080 1714 in
3103 1660 3310 1715 Lucam
3333 1676 3612 1732 excerpta.
3638 1660 3754 1715 suis

395 1770 546 1812 nunc
598 1753 886 1823 loquimur,
943 1751 1287 1806 rarissimam
1337 1741 1614 1824 Syntaxim
1667 1754 1767 1809 sub
1813 1755 2019 1826 linem,
2054 1740 2102 1800 B
2129 1744 2481 1798 sermonibus
2509 1743 2829 1815 inseruisse,
2864 1751 3004 1806 idem
3045 1753 3441 1809 BenediCtinus
3477 1751 3754 1810 Ambrosii

395 1865 564 1920 quam
600 1849 654 1904 in
688 1846 1136 1900 adnotationibus
1169 1845 1326 1916 plane
1357 1845 1734 1901 Zenonianam
1766 1849 2022 1906 ostende-

399 1958 545 1998 mus.
569 1940 779 1996 Similia
801 1937 1011 2008 aliquot
1039 1937 1422 2006 deprehendes
1453 1947 1611 1993 tract.
1646 1939 1708 1992 21
1747 1939 1840 1993 lib.
1865 1956 1925 2008 tt,
1957 1942 2020 1996 de

399 2033 624 2088 Psatmo
650 2033 946 2098 centesimo,
977 2030 1057 2085 uti
1095 2031 1223 2085 illud
1256 2033 1435 2086 statim
1473 2043 1594 2102 post
1625 2033 1870 2089 initium:
1906 2034 2018 2107 lgi-

398 2137 491 2179 tur
517 2126 570 2178 in
594 2125 833 2196 praesenti
865 2123 1066 2194 psalmo
1094 2124 1344 2196 propheta
1374 2141 1488 2177 cum
1515 2125 1674 2192 dicat,
1697 2142 1758 2181 ac
1787 2141 2018 2198 praeser-

398 2220 499 2273 tim
534 2219 587 2272 in
617 2226 779 2272 tract.
808 2218 842 2278 8
867 2217 961 2272 lib.
993 2234 1034 2284 ι,
1066 2217 1130 2272 de
1158 2216 1379 2281 Timore,
1404 2228 1460 2274 et
1484 2221 1714 2275 tract.-l7
1746 2222 1840 2276 lib.
1865 2239 1922 2290 ιι,
1953 2224 2017 2280 de

396 2311 571 2377 Iona,
597 2309 690 2365 ubi
713 2309 858 2366 idem
887 2319 1184 2382 syntaxeos
1204 2325 1396 2381 genus,
1421 2310 1564 2366 idem
1592 2312 1836 2366 Auctoris
1866 2315 2014 2388 inge-

399 2406 557 2460 nium
585 2404 789 2474 ubique
815 2403 1035 2459 visitur.
1059 2401 1216 2470 Quod
1235 2403 1278 2456 si
1304 2401 1425 2456 huic
1455 2413 1561 2456 tam
1587 2405 1868 2476 praecipuae
1890 2423 2014 2480 syn-

403 2496 520 2552 taxi
569 2495 740 2550 addas
776 2504 1007 2550 caeteras
1038 2494 1372 2549 locutionum
1398 2537 1410 2556 ,
1461 2495 1836 2566 allegoriarum
1857 2541 1870 2563 ,
1902 2515 2020 2555 seu.

405 2589 826 2659 tentiarumque
855 2587 1216 2660 proprietates
1255 2586 1322 2642 ab
1353 2586 1640 2642 llilarianis
1674 2589 1829 2657 plane
1857 2591 2020 2648 dissi-

404 2681 597 2748 miles,
634 2696 816 2736 nonne
845 2683 1023 2737 statim
1056 2681 1224 2736 alium
1247 2681 1315 2736 ab
1340 2682 1617 2737 llilariano
1645 2683 1872 2738 istormn
1905 2694 2020 2740 tra-

400 2785 651 2831 ctatuum
679 2774 884 2848 stylum
915 2785 1306 2847 auctoremque
1328 2790 1647 2846 cognosces,
1673 2778 2029 2852 eumdernque

366 2885 563 2941 ,sane,
593 2884 657 2924 ac
685 2877 773 2924 est
812 2869 993 2942 stylus
1025 2879 1079 2924 et
1106 2879 1296 2924 auctor
1327 2878 1646 2926 tractatuum
1675 2871 2023 2942 reliquorum,

403 2963 461 3017 in
493 2961 687 3030 quibus
715 2961 912 3018 eadem
949 2961 1181 3029 indoles,
1214 2961 1434 3030 locutio,
1470 2972 1524 3018 et
1564 2965 1806 3034 syntaxis
1832 2981 2023 3036 perpeo

407 3063 509 3108 tuo
529 3052 835 3109 elucescit?

483 3145 619 3203 Hinc
664 3146 780 3219 jam
832 3147 1119 3203 evanescit
1157 3145 1400 3220 profecto
1439 3145 1615 3202 audax
1665 3147 1752 3202 illa
1801 3148 2016 3220 aninii
2051 3123 2096 3186 C

403 3244 673 3313 opinatio,
722 3242 816 3312 qui
861 3243 1135 3295 conciones
1165 3241 1220 3294 in
1250 3241 1479 3313 psalmos
1506 3257 1658 3306 xux,
1691 3259 1852 3298 Lutx
1885 3254 2021 3314 etc,

409 3336 608 3392 Hilarii
637 3353 748 3392 esse
772 3352 927 3408 posse
957 3333 1284 3398 affirmavit,
1317 3335 1437 3405 quia
1473 3335 1629 3407 hujus
1667 3334 1842 3391 Patris
1886 3354 2024 3393 cont—

405 3432 664 3484 "tentaria
689 3432 742 3484 in
771 3429 866 3484 hos
907 3429 1134 3498 psalmos
1163 3429 1444 3498 perierunt.
1477 3427 1604 3482 Nam
1635 3440 1835 3502 printer
1861 3447 2019 3506 quam

403 3524 553 3594 quod
586 3525 744 3594 primi
777 3523 889 3577 duo
920 3530 1205 3589 tractatus,
1238 3522 1367 3576 olim
1395 3522 1446 3575 in
1475 3539 1553 3592 ps.
1587 3521 1710 3578 xu'x
1743 3534 1794 3580 et
1826 3543 2016 3595 Lxxu,

406 3630 556 3671 nunc
586 3626 770 3670 autem
797 3614 867 3670 l5
901 3613 996 3668 lib.
1028 3629 1066 3679 ι,
1106 3622 1161 3668 et
1187 3614 1257 3667 27
1292 3613 1389 3667 lib.
1418 3629 1477 3676 ιι,
1512 3615 1562 3668 ἰιι
1603 3631 1732 3670 mss.
1765 3619 2018 3674 omnibus

406 3725 520 3764 non
546 3706 921 3763 inscribuntur
955 3707 1018 3760 de
1046 3707 1266 3775 psalmo,
1299 3707 1386 3762 cui
1423 3706 1759 3778 inscriptioni
1807 3709 2016 3779 aninii

406 3809 794 3870 argumentum
824 3799 1104 3865 innititur;
1129 3799 1344 3855 etiamsi
1371 3798 1643 3866 daremus,
1671 3802 1730 3858 S.
1756 3800 2012 3858 llilarium

409 3896 466 3945 in
496 3905 691 3947 omnes
719 3893 955 3962 psalmos
996 3890 1401 3959 Commentario
1430 3892 1734 3962 scripsisse,
1776 3911 1895 3963 qum
1925 3895 2012 3950 in-

401 3985 549 4056 juria
594 3994 900 4055 temporum
945 3984 1352 4052 interciderint,
1384 3991 1442 4039 ut
1481 3985 1613 4041 satis
1647 3985 2014 4056 probabilibus

408 4076 746 4148 coniecturis
781 4076 1103 4144 Coritsntius
1142 4077 1366 4132 stauiit;
1400 4073 1582 4132 adhuc
1614 4085 1790 4134 tamn
1822 4091 2012 4133 omnes

411 4179 674 4227 tractatus
697 4169 980 4230 memorati
1003 4169 1161 4226 aliam
1186 4168 1515 4226 elocutionis
1539 4171 1802 4226 rationem
1833 4171 2014 4226 aliam-

411 4279 520 4335 que
554 4263 822 4334 syntaxim
847 4261 993 4318 adeo
1027 4261 1308 4332 erplornte
1350 4260 1626 4326 exhibent,
1663 4274 1720 4319 ιιι
1749 4273 2010 4332 quantum

410 4359 483 4414 ab
513 4358 784 4414 llilariana
808 4357 1009 4424 absint,
1035 4358 1077 4412 si
1111 4357 1234 4430 quis
1260 4373 1368 4412 non
1399 4367 1655 4428 agnoscat
1683 4399 1698 4424 ,
1730 4357 2011 4430 utriusque

411 4449 649 4506 auctoris
673 4465 841 4520 opera
871 4449 1025 4518 plane
1056 4465 1158 4505 non
1182 4449 1398 4521 legerit.

2129 1834 2378 1890 editorin
2408 1835 2788 1898 Admonitione
2811 1844 2876 1898 ad
2893 1860 3174 1901 sermones
3194 1846 3327 1902 huic
3350 1846 3758 1916 Patriadscrip-

2129 1933 2214 1980 tos
2241 1925 2647 1988 animadvertit.
2673 1935 2815 2003 Quid
2847 1937 3033 2003 plura?
3065 1938 3121 1994 S.
3166 1937 3487 2011 Cyprianus
3519 1941 3645 1994 licet
3673 1937 3757 1993 di-

2125 2030 2314 2076 sertus
2341 2029 2394 2072 et
2416 2021 2629 2094 doctus,
2655 2046 2836 2086 nonne
2860 2031 2910 2086 in
2935 2033 3232 2102 opusculis,
3259 2051 3387 2103 qua:
3402 2045 3590 2091 contra
3612 2033 3756 2089 Gen-

2125 2119 2210 2166 tes
2242 2110 2578 2184 lucubravit,
2612 2136 2674 2176 ex
2702 2122 2922 2180 Minucii
2952 2125 3145 2182 Felicis
3187 2127 3380 2184 libello
3411 2127 3660 2200 quaedam
3691 2123 3758 2179 ad

2123 2206 2364 2260 verbum
2416 2213 2727 2284 exscripsit,
2784 2219 2856 2271 uti
2904 2217 3196 2290 propositis
3228 2229 3600 2290 utrorumque
3625 2231 3756 2272 sen-

2121 2298 2330 2354 tentiis
2357 2300 2426 2357 ob
2451 2307 2641 2363 oculos
2679 2311 2900 2380 ponitur
2941 2323 3071 2371 tom.
3124 2329 3159 2368 ιι
3200 2313 3521 2383 Apparatus
3571 2310 3636 2366 ad
3669 2309 3758 2364 Bi-

2115 2390 2468 2452 bliothecun
2521 2402 2814 2458 maximam
2849 2404 3064 2462 Patrum
3090 2421 3118 2460 a
3151 2420 3274 2476 pag.
3303 2405 3379 2460 34
3411 2405 3476 2460 ad
3501 2419 3619 2475 9³8·
3669 2403 3759 2455 ⁵⁷⁸

2119 2483 2268 2554 Quis
2317 2491 2498 2564 itaque
2535 2496 2765 2552 miretur
2795 2501 3025 2569 amplius
3051 2544 3064 2568 ,
3095 2501 3138 2554 si
3175 2510 3373 2554 noster
3417 2495 3761 2570 elegantissi-

2127 2595 2253 2634 mus
2314 2595 2503 2640 auctor
2561 2604 2730 2658 pauca
2779 2592 3025 2660 quaedam
3077 2591 3382 2661 aliquando
3434 2589 3759 2658 sumpsitex

2129 2670 2365 2743 Hilario,
2398 2693 2461 2733 ex
2495 2680 2610 2748 illo,
2637 2681 2882 2752 inquam,
2916 2700 3114 2758 magno
3140 2698 3204 2738 ac
3235 2682 3452 2737 celebri
3481 2683 3761 2754 episeopo,

2132 2765 2222 2833 qui
2253 2809 2266 2826 .
2319 2779 2376 2824 ut
2425 2770 2745 2846 Hieronymi
2805 2777 2990 2835 verbis
3045 2789 3264 2836 utamur
3295 2791 3362 2830 ex
3395 2775 3561 2847 epist.
3596 2777 3664 2833 54
3697 2777 3762 2835 ad

2134 2856 2464 2930 Marcellam,
2493 2870 2808 2940 temporibus
2833 2873 2939 2927 suis
2969 2869 3382 2934 disertissimus,
3411 2879 3458 2924 et
3488 2871 3766 2943 confessio-

2134 2952 2214 3006 nis
2236 2957 2417 3008 merito
2444 2968 2493 3011 et
2516 2961 2632 3014 vine
2655 2963 2915 3018 industria
2947 2978 2996 3021 et
3026 2962 3344 3034 eloquentiae
3366 2964 3622 3039 claritate,
3651 2970 3764 3027 ubi-

2134 3061 2352 3117 cumque
2380 3049 2678 3107 Romanum
2705 3071 2886 3111 nomen
2917 3071 2998 3114 est
3029 3105 3047 3132 ,
3082 3056 3508 3132 praedicabatur?

2291 3182 2493 3260 [XLtt]§
2535 3188 2622 3248 ΙΙΙ.
2659 3220 2732 3236 —-
2761 3193 2894 3250 Atiae
2925 3198 3259 3274 objcctiones
3286 3203 3531 3275 etplane.

2212 3323 2327 3378 Alia
2371 3325 2455 3380 hic
2483 3327 2722 3398 olijcctio
2762 3329 3038 3395 diluenda
3096 3345 3198 3406 est,
3230 3357 3346 3412 qum
3373 3363 3493 3407 cum
3526 3355 3758 3413 varieta-

2126 3425 2233 3470 tem
2267 3421 2880 3514 quamdammirilicam
2938 3431 2997 3486 in
3054 3434 3205 3491 hisce
3258 3455 3385 3500 xcur
3431 3455 3755 3514 tractatibus

2122 3521 2435 3615 exaggeret,
2471 3512 2651 3569 varios
2688 3527 2946 3577 auctores
2977 3539 3220 3595 arguere
3250 3535 3480 3598 videtur.
3511 3512 3752 3615 Quibus;

2121 3602 2244 3658 dam
2306 3606 2559 3661 nimirum
2601 3609 2808 3666 criticis
2863 3615 3044 3670 visum
3096 3631 3212 3688 cst,
3247 3625 3397 3688 hisce
3430 3602 3751 3701 inamiqu

2121 3697 2253 3752 nihil
2285 3714 2406 3754 esse
2443 3699 2786 3770 inaequalius.
2811 3707 2916 3761 Alii
2953 3709 3128 3781 longi,
3172 3719 3262 3772 alii
3304 3710 3518 3799 breves,
3564 3697 3747 3809 ριηέρέ

2120 3797 2356 3904 repetiti,
2385 3797 2472 3852 alii
2507 3798 2660 3864 clari,
2693 3801 2916 3858 obscuri
2945 3805 3071 3876 alii;
3097 3821 3151 3863 et
3177 3812 3437 3885 Dttpittitts
3462 3797 3742 3904 luti'giores

2117 3901 2146 3983 e
2175 3886 2381 3946 Graecis
2417 3891 2717 3961 traductos,
2751 3897 2944 3952 breves
2971 3911 3152 3958 autent
3173 3921 3243 3961 ex
3273 3908 3483 3972 Latinis
3508 3886 3740 3983 auge—16;]:

2118 3977 2219 4033 bus
2252 3991 2308 4036 et
2347 3981 3069 4064 homiliarumfragmentis
3096 4010 3411 4067 compactos
3441 3977 3729 4078 judicaiii,

2115 4073 2186 4126 At
2209 4073 2276 4130 de
2307 4077 2575 4134 brevitate
2599 4081 2855 4150 aliorum,
2898 4085 2986 4139 vel
3031 4087 3368 4160 longitudine
3408 4073 3457 4155 si
3479 4111 3605 4176 quis
3635 4073 3728 4169 ur;

2114 4177 2258 4265 geat,
2279 4173 2538 4244 numquid
2567 4175 2618 4229 id
2645 4176 2894 4235 diversos
2925 4193 3177 4238 auctores
3199 4194 3384 4248 statuit
3405 4195 3429 4248 ?
3449 4173 3643 4260 Nonne
3664 4211 3724 4265 S.

2114 4258 2262 4328 Leo,
2305 4266 2392 4333 qui
2426 4281 2714 4324 sermones
2760 4272 2891 4325 satis
2941 4274 3188 4341 prolixos
3239 4282 3425 4350 plures
3479 4258 3698 4366 scrip—si;

2115 4353 2306 4412 breves
2329 4360 2517 4425 etiam,
2539 4371 2596 4416 et
2616 4365 2822 4418 auctori
2848 4376 3036 4422 nosuo
3057 4369 3169 4425 lere
3191 4345 3349 4440 pares
3374 4345 3724 4455 habet-iv

2114 4463 2276 4546 scrm.
2309 4451 2362 4517 5,
2393 4453 2448 4516 6,
2484 4454 2516 4507 7
2544 4463 2598 4509 et
2631 4454 2943 4533 12.‘Nonne
2974 4459 3164 4516 breves
3205 4464 3336 4522 item
3383 4471 3640 4546 leguntur
3667 4451 3719 4546 in

483 4545 589 4601 Sed
635 4545 720 4601 hic
762 4543 992 4602 fortasse
1037 4543 1301 4615 quispiam
1341 4559 1446 4600 non
1490 4541 1559 4600 de
1607 4515 2043 4601 sententiarum]

2122 4541 2436 4613 Augustino,
2489 4549 2578 4618 qui
2603 4528 2893 4620 creteroqni
2927 4549 3119 4622 longos
3149 4514 3720 4637 plerosque'bllicitulirtlil-l

412 4639 713 4695 imitatione
735 4638 878 4709 apud
903 4639 1036 4694 alios
1067 4649 1318 4693 auctores
1339 4639 1629 4707 frequenti,
1652 4637 1747 4692 scd
1773 4637 1840 4694 de
1861 4649 2008 4694 tran-

411 4735 706 4804 scriptione
741 4732 1052 4788 earumdem
1084 4732 1398 4796 verborum,
1431 4745 1552 4800 qua:
1581 4746 1645 4786 ex
1673 4731 1879 4785 llilario
1906 4748 2002 4787 ex-

413 4833 596 4896 cerpta
626 4824 825 4879 alicubi
875 4805 1208 4889 noscuntur,
1259 4819 1924 4886 difﬁcultatein'movebit,
1958 4823 2004 4878 si

413 4934 524 4973 non
547 4926 604 4972 ut
628 4933 790 4972 unttrn
813 4919 1053 4972 omnium
1076 4916 1341 4987 ejusmodi
1369 4925 1695 4971 tractatuum
1724 4926 1999 4972 auctorem

410 5021 616 5067 statuat
644 5009 900 5066 Hilarium
934 5011 1048 5079 (ubi
1076 5011 1221 5064 enim
1261 5010 1430 5080 stylus
1464 5009 1622 5064 nimis
1653 5018 1839 5078 aperte
1884 5009 1998 5064 dis-

413 5114 627 5175 crepat,
657 5107 856 5175 quaivis
894 5102 1123 5159 imitatio
1153 5102 1550 5172 verborumque
1593 5101 1892 5171 descriptio
1931 5102 1998 5156 ad

419 5213 584 5252 unum
613 5208 893 5273 auctorem.
915 5196 1264 5253 asserendutn
1296 5197 1490 5250 frustra
1529 5195 1850 5267 confertur),
1887 5196 2000 5252 sal-

415 5304 531 5349 tem
561 5294 695 5365 quod
717 5306 900 5350 nostro
933 5293 984 5352 id
1020 5295 1255 5361 Auctore
1283 5291 1458 5348 minus
1485 5289 1701 5362 dignum
1733 5305 1796 5344 ac
1829 5289 1993 5345 deco-

412 5404 538 5442 rum
571 5388 856 5444 existimet.
890 5377 967 5443 At
999 5387 1088 5457 qui
1133 5385 1185 5440 in
1223 5385 1570 5456 antiquorum
1605 5382 1838 5438 lectione
1873 5397 1999 5437 ver-

413 5485 514 5538 sati
546 5492 691 5551 sunt,
724 5482 774 5537 id
800 5483 1020 5537 minime
1052 5493 1275 5546 novum,
1318 5493 1416 5534 nec
1444 5492 1472 5531 a
1503 5477 1748 5549 gravium
1782 5490 1999 5546 quoque

410 5577 736 5650 scriptorum
763 5573 1148 5630 consuetudine
1168 5572 1404 5628 alienum
1428 5579 1774 5642 cognoscent.
1809 5568 2001 5624 Dinos-

409 5669 574 5724 thum
607 5670 747 5724 inter
773 5667 986 5724 Gracos
1016 5682 1079 5722 ex
1108 5664 1352 5722 oratione
1382 5659 1767 5718 Demosthenis
1806 5670 1998 5716 contra

406 5763 686 5820 Cononem
716 5761 770 5818 in
811 5761 1039 5831 priorem
1079 5765 1229 5813 Suam
1260 5756 1516 5810 adversus
1551 5752 1998 5811 Cleomedontcm

2111 4639 2228 4742 vit?
2258 4640 2408 4696 θῆαι-ι
2455 4641 2689 4742 fortasse
2716 4645 3006 4717 quispiam,
3040 4648 3176 4705 adeo
3226 4651 3457 4729 breves,
3492 4666 3568 4721 υιί
3595 4674 3716 4742 qui-

2107 4731 2229 4817 dam
2261 4751 2324 4812 cx
2360 4736 2563 4791 nostris
2591 4747 2718 4791 sunt
2740 4779 2754 4802 ,
2793 4738 2940 4794 nullo
2969 4740 3077 4800 alio
3112 4749 3363 4819 exentplo
3395 4731 3716 4826 uspiamve-

2109 4828 2294 4920 periri.
2328 4829 2468 4897 Quid
2520 4831 2692 4900 ergo?
2741 4830 2854 4886 Hoc
2885 4833 2930 4886 si
2960 4834 3088 4902 quid
3120 4838 3330 4906 probat,
3367 4861 3476 4901 non
3521 4855 3714 4920 probat

2107 4919 2284 4973 solum
2318 4921 2444 4974 illos
2473 4923 2644 4977 nostri
2676 4924 2914 4978 auctoris
2948 4940 3051 4980 non
3078 4941 3222 4996 esse,
3251 4933 3345 4987 sed
3376 4939 3503 4994 nulli
3526 4919 3710 5003 etiam

2111 5011 2332 5080 antiquo
2363 5012 2616 5083 scriptori
2651 5014 3007 5072 vindicandos
3029 5021 3257 5090 probat;
3301 5042 3408 5097 quo
3440 5031 3572 5088 nihil
3603 5037 3711 5096 dici

2109 5110 2288 5172 potest
2313 5103 2620 5159 absurdius.
2655 5104 2788 5171 Quls
2811 5106 3080 5173 crederet.
3111 5111 3168 5166 S.
3192 5112 3457 5175 Joannem
3491 5139 3712 5196 aposto-

2108 5195 2216 5250 lum
2254 5196 2364 5265 jam
2421 5212 2634 5263 senem,
2671 5199 2786 5268 ipso
2833 5203 2988 5255 senio
3033 5203 3384 5276 impeditum,
3417 5195 3711 5279 conciones

2108 5289 2362 5388 habuisse
2383 5300 2503 5388 tam“.
2517 5291 2735 5388 breves,
2765 5301 2822 5348 ut
2842 5294 3048 5352 diceret
3075 5297 3271 5368 solum,
3289 5301 3490 5374 Filioti,
3511 5311 3712 5388 diligite

2105 5381 2440 5445 alterutrum,
2492 5383 2745 5455 idemque
2797 5388 2996 5457 smptus
3059 5394 3418 5464 repetivisse,
3478 5381 3705 5462 nisi'id

2109 5474 2165 5530 S.
2184 5475 2546 5545 Hieronymus
2563 5493 2624 5530 ex
2649 5478 2994 5548 antiquorum
3016 5482 3303 5542 traditione
3330 5489 3527 5548 litteris
3551 5512 3707 5554 ruan-

2101 5567 2318 5623 dasset?
2348 5566 2545 5634 Quidni
2595 5568 2686 5623 alii
2730 5569 2905 5644 aliqua
2961 5573 3030 5631 de
3074 5591 3236 5635 causa
3263 5581 3526 5653 impediti,
3563 5603 3704 5656 quo-

2103 5660 2283 5716 minus
2325 5659 2538 5731 longius
2564 5661 3046 5734 eonclbnarentur,
3077 5667 3268 5728 breves
3307 5689 3587 5732 sermones
3640 5685 3711 5739 ad

2105 5752 2361 5824 populum
2397 5751 2597 5810 habere
2619 5755 2955 5823 potuerunt?
2987 5760 3074 5830 qui
3110 5759 3154 5814 si
3183 5765 3360 5822 minus
3382 5765 3596 5820 Collecti
3627 5771 3717 5833 ὶιι.
