  <div class='ocr_page' id='page_1' title='image "/cluster/home/n/w/nwhite01/storage/ocr_20150623/11/hvd.32044096580402/025.png"; bbox 0 0 4242 6168; ppageno 0'>
   <div class='ocr_carea' id='block_1_1' title="bbox 566 155 3860 254">
    <p class='ocr_par' dir='ltr' id='par_1_1' title="bbox 566 155 3860 254">
     <span class='ocr_line' id='line_1_1' title="bbox 566 155 3860 254; baseline 0.002 -16"><span class='ocrx_word' id='word_1_1' title='bbox 566 182 638 239; x_wconf 76' lang='lat' dir='ltr'><strong>sa</strong></span> <span class='ocrx_word' id='word_1_2' title='bbox 1005 155 1012 160; x_wconf 78' lang='grc'><em>’</em></span> <span class='ocrx_word' id='word_1_3' title='bbox 1953 180 2491 244; x_wconf 81' lang='lat' dir='ltr'><strong>PROLEGOMENA.</strong></span> <span class='ocrx_word' id='word_1_4' title='bbox 3790 200 3860 254; x_wconf 75' lang='grc' dir='ltr'><strong>,ιο</strong></span> 
     </span>
    </p>
   </div>
   <div class='ocr_carea' id='block_1_2' title="bbox 562 296 3863 378">
    <p class='ocr_par' dir='ltr' id='par_1_2' title="bbox 562 296 3863 378">
     <span class='ocr_line' id='line_1_2' title="bbox 562 296 3863 378; baseline 0.005 -26"><span class='ocrx_word' id='word_1_5' title='bbox 562 299 852 353; x_wconf 86' lang='lat' dir='ltr'><strong>veniuutur</strong></span> <span class='ocrx_word' id='word_1_6' title='bbox 878 337 891 360; x_wconf 88' lang='lat'><strong>,</strong></span> <span class='ocrx_word' id='word_1_7' title='bbox 938 296 1014 351; x_wconf 99' lang='lat' dir='ltr'><strong>uti</strong></span> <span class='ocrx_word' id='word_1_8' title='bbox 1060 303 1320 352; x_wconf 89' lang='lat' dir='ltr'><strong>tractatus</strong></span> <span class='ocrx_word' id='word_1_9' title='bbox 1363 297 1534 352; x_wconf 78' lang='lat' dir='ltr'><strong>nostri</strong></span> <span class='ocrx_word' id='word_1_10' title='bbox 1565 297 1873 369; x_wconf 87' lang='lat' dir='ltr'><strong>scriptoris,</strong></span> <span class='ocrx_word' id='word_1_11' title='bbox 1933 299 1984 353; x_wconf 90' lang='lat' dir='ltr'><strong>id</strong></span> <span class='ocrx_word' id='word_1_12' title='bbox 2017 298 2155 354; x_wconf 85' lang='lat' dir='ltr'><strong>forte</strong></span> <span class='ocrx_word' id='word_1_13' title='bbox 2182 299 2238 361; x_wconf 73' lang='grc' dir='ltr'><strong>Δ</strong></span> <span class='ocrx_word' id='word_1_14' title='bbox 2260 303 2424 374; x_wconf 90' lang='lat' dir='ltr'><strong>gitur.</strong></span> <span class='ocrx_word' id='word_1_15' title='bbox 2452 302 2510 359; x_wconf 92' lang='lat' dir='ltr'><strong>ld</strong></span> <span class='ocrx_word' id='word_1_16' title='bbox 2535 311 2716 360; x_wconf 90' lang='lat' dir='ltr'><strong>autem</strong></span> <span class='ocrx_word' id='word_1_17' title='bbox 2748 311 2917 362; x_wconf 90' lang='lat' dir='ltr'><strong>totum</strong></span> <span class='ocrx_word' id='word_1_18' title='bbox 2940 320 3003 362; x_wconf 79' lang='lat' dir='ltr'><strong>ex</strong></span> <span class='ocrx_word' id='word_1_19' title='bbox 3033 307 3357 378; x_wconf 91' lang='lat' dir='ltr'><strong>argumenti,</strong></span> <span class='ocrx_word' id='word_1_20' title='bbox 3388 324 3494 364; x_wconf 91' lang='lat' dir='ltr'><strong>non</strong></span> <span class='ocrx_word' id='word_1_21' title='bbox 3519 324 3584 367; x_wconf 81' lang='lat' dir='ltr'><strong>ex</strong></span> <span class='ocrx_word' id='word_1_22' title='bbox 3611 311 3863 369; x_wconf 81' lang='lat' dir='ltr'><strong>Auctoris</strong></span> 
     </span>
    </p>
   </div>
   <div class='ocr_carea' id='block_1_3' title="bbox 559 389 2158 461">
    <p class='ocr_par' dir='ltr' id='par_1_3' title="bbox 559 389 2158 461">
     <span class='ocr_line' id='line_1_3' title="bbox 559 389 2158 461; baseline 0 -15"><span class='ocrx_word' id='word_1_23' title='bbox 559 405 679 446; x_wconf 85' lang='lat' dir='ltr'><strong>eam</strong></span> <span class='ocrx_word' id='word_1_24' title='bbox 714 389 900 443; x_wconf 81' lang='lat' dir='ltr'><strong>habuit</strong></span> <span class='ocrx_word' id='word_1_25' title='bbox 938 403 1177 455; x_wconf 82' lang='lat' dir='ltr'><strong>causam,</strong></span> <span class='ocrx_word' id='word_1_26' title='bbox 1217 389 1358 459; x_wconf 85' lang='lat' dir='ltr'><strong>quod</strong></span> <span class='ocrx_word' id='word_1_27' title='bbox 1391 389 1468 444; x_wconf 86' lang='lat' dir='ltr'><strong>illi</strong></span> <span class='ocrx_word' id='word_1_28' title='bbox 1507 389 1641 445; x_wconf 88' lang='lat' dir='ltr'><strong>nihil</strong></span> <span class='ocrx_word' id='word_1_29' title='bbox 1673 391 1780 446; x_wconf 89' lang='lat' dir='ltr'><strong>tale</strong></span> <span class='ocrx_word' id='word_1_30' title='bbox 1812 392 2158 461; x_wconf 79' lang='lat' dir='ltr'><strong>scripserint,</strong></span> 
     </span>
    </p>
   </div>
   <div class='ocr_carea' id='block_1_4' title="bbox 559 485 2159 558">
    <p class='ocr_par' dir='ltr' id='par_1_4' title="bbox 559 485 2159 558">
     <span class='ocr_line' id='line_1_4' title="bbox 559 485 2159 558; baseline 0.001 -18"><span class='ocrx_word' id='word_1_31' title='bbox 559 498 746 542; x_wconf 87' lang='lat' dir='ltr'><strong>noster</strong></span> <span class='ocrx_word' id='word_1_32' title='bbox 769 499 902 540; x_wconf 92' lang='lat' dir='ltr'><strong>vero</strong></span> <span class='ocrx_word' id='word_1_33' title='bbox 928 493 1120 539; x_wconf 80' lang='lat' dir='ltr'><strong>auctor</strong></span> <span class='ocrx_word' id='word_1_34' title='bbox 1152 485 1435 555; x_wconf 83' lang='lat' dir='ltr'><strong>scripserit</strong></span> <span class='ocrx_word' id='word_1_35' title='bbox 1458 501 1675 556; x_wconf 90' lang='lat' dir='ltr'><strong>quoque</strong></span> <span class='ocrx_word' id='word_1_36' title='bbox 1705 485 1828 553; x_wconf 90' lang='lat' dir='ltr'><strong>hos,</strong></span> <span class='ocrx_word' id='word_1_37' title='bbox 1860 501 1997 558; x_wconf 88' lang='lat' dir='ltr'><strong>quos</strong></span> <span class='ocrx_word' id='word_1_38' title='bbox 2027 501 2159 541; x_wconf 83' lang='lat' dir='ltr'><strong>sane</strong></span> 
     </span>
    </p>
   </div>
   <div class='ocr_carea' id='block_1_5' title="bbox 558 577 2158 650">
    <p class='ocr_par' dir='ltr' id='par_1_5' title="bbox 558 577 2158 650">
     <span class='ocr_line' id='line_1_5' title="bbox 558 577 2158 650; baseline 0 -16"><span class='ocrx_word' id='word_1_39' title='bbox 558 577 723 634; x_wconf 83' lang='lat' dir='ltr'><strong>rebus</strong></span> <span class='ocrx_word' id='word_1_40' title='bbox 757 578 1092 647; x_wconf 73' lang='lat' dir='ltr'><strong>gravissimis</strong></span> <span class='ocrx_word' id='word_1_41' title='bbox 1118 577 1349 634; x_wconf 89' lang='lat' dir='ltr'><strong>refertos</strong></span> <span class='ocrx_word' id='word_1_42' title='bbox 1372 589 1428 634; x_wconf 88' lang='lat' dir='ltr'><strong>et</strong></span> <span class='ocrx_word' id='word_1_43' title='bbox 1458 580 1732 650; x_wconf 66' lang='lat' dir='ltr'><strong>praecipuo</strong></span> <span class='ocrx_word' id='word_1_44' title='bbox 1757 580 1939 636; x_wconf 87' lang='lat' dir='ltr'><strong>studio</strong></span> <span class='ocrx_word' id='word_1_45' title='bbox 1969 579 2158 636; x_wconf 83' lang='lat' dir='ltr'><strong>elabo-</strong></span> 
     </span>
    </p>
   </div>
   <div class='ocr_carea' id='block_1_6' title="bbox 557 671 2157 745">
    <p class='ocr_par' dir='ltr' id='par_1_6' title="bbox 557 671 2157 745">
     <span class='ocr_line' id='line_1_6' title="bbox 557 671 2157 745; baseline 0.002 -17"><span class='ocrx_word' id='word_1_46' title='bbox 557 681 706 728; x_wconf 89' lang='lat' dir='ltr'><strong>ratos</strong></span> <span class='ocrx_word' id='word_1_47' title='bbox 738 672 1009 740; x_wconf 92' lang='lat' dir='ltr'><strong>videmus,</strong></span> <span class='ocrx_word' id='word_1_48' title='bbox 1035 671 1260 744; x_wconf 88' lang='lat' dir='ltr'><strong>ejusque</strong></span> <span class='ocrx_word' id='word_1_49' title='bbox 1290 672 1341 728; x_wconf 94' lang='lat' dir='ltr'><strong>in</strong></span> <span class='ocrx_word' id='word_1_50' title='bbox 1365 673 1583 729; x_wconf 79' lang='lat' dir='ltr'><strong>scliedis</strong></span> <span class='ocrx_word' id='word_1_51' title='bbox 1610 674 1813 744; x_wconf 90' lang='lat' dir='ltr'><strong>reperti</strong></span> <span class='ocrx_word' id='word_1_52' title='bbox 1835 673 1904 729; x_wconf 91' lang='lat' dir='ltr'><strong>ab</strong></span> <span class='ocrx_word' id='word_1_53' title='bbox 1934 675 2157 745; x_wconf 89' lang='lat' dir='ltr'><strong>antiquo</strong></span> 
     </span>
    </p>
   </div>
   <div class='ocr_carea' id='block_1_7' title="bbox 557 765 2158 838">
    <p class='ocr_par' dir='ltr' id='par_1_7' title="bbox 557 765 2158 838">
     <span class='ocr_line' id='line_1_7' title="bbox 557 765 2158 838; baseline -0.001 -14"><span class='ocrx_word' id='word_1_54' title='bbox 557 766 853 824; x_wconf 87' lang='lat' dir='ltr'><strong>collectore</strong></span> <span class='ocrx_word' id='word_1_55' title='bbox 882 765 1026 836; x_wconf 85' lang='lat' dir='ltr'><strong>digni</strong></span> <span class='ocrx_word' id='word_1_56' title='bbox 1058 776 1184 820; x_wconf 91' lang='lat' dir='ltr'><strong>sunt</strong></span> <span class='ocrx_word' id='word_1_57' title='bbox 1211 765 1398 832; x_wconf 82' lang='lat' dir='ltr'><strong>habiti,</strong></span> <span class='ocrx_word' id='word_1_58' title='bbox 1441 780 1576 838; x_wconf 88' lang='lat' dir='ltr'><strong>quos</strong></span> <span class='ocrx_word' id='word_1_59' title='bbox 1608 781 1713 821; x_wconf 91' lang='lat' dir='ltr'><strong>una</strong></span> <span class='ocrx_word' id='word_1_60' title='bbox 1757 782 1880 822; x_wconf 92' lang='lat' dir='ltr'><strong>cum</strong></span> <span class='ocrx_word' id='word_1_61' title='bbox 1912 766 2034 822; x_wconf 90' lang='lat' dir='ltr'><strong>aliis</strong></span> <span class='ocrx_word' id='word_1_62' title='bbox 2071 782 2158 822; x_wconf 86' lang='lat' dir='ltr'><strong>re-</strong></span> 
     </span>
    </p>
   </div>
   <div class='ocr_carea' id='block_1_8' title="bbox 557 858 2157 932">
    <p class='ocr_par' dir='ltr' id='par_1_8' title="bbox 557 858 2157 932">
     <span class='ocr_line' id='line_1_8' title="bbox 557 858 2157 932; baseline 0.002 -18"><span class='ocrx_word' id='word_1_63' title='bbox 557 860 721 916; x_wconf 82' lang='lat' dir='ltr'><strong>ferret</strong></span> <span class='ocrx_word' id='word_1_64' title='bbox 746 860 798 914; x_wconf 92' lang='lat' dir='ltr'><strong>in</strong></span> <span class='ocrx_word' id='word_1_65' title='bbox 835 858 1104 924; x_wconf 89' lang='lat' dir='ltr'><strong>codicem,</strong></span> <span class='ocrx_word' id='word_1_66' title='bbox 1147 859 1560 930; x_wconf 82' lang='lat' dir='ltr'><strong>posteritatique</strong></span> <span class='ocrx_word' id='word_1_67' title='bbox 1591 859 1662 915; x_wconf 92' lang='lat' dir='ltr'><strong>ob</strong></span> <span class='ocrx_word' id='word_1_68' title='bbox 1711 860 1995 931; x_wconf 90' lang='lat' dir='ltr'><strong>scriptoris</strong></span> <span class='ocrx_word' id='word_1_69' title='bbox 2027 879 2157 932; x_wconf 83' lang='lat' dir='ltr'><strong>prae-</strong></span> 
     </span>
    </p>
   </div>
   <div class='ocr_carea' id='block_1_9' title="bbox 559 951 2152 1027">
    <p class='ocr_par' dir='ltr' id='par_1_9' title="bbox 559 951 2152 1027">
     <span class='ocr_line' id='line_1_9' title="bbox 559 951 2152 1027; baseline 0.002 -19"><span class='ocrx_word' id='word_1_70' title='bbox 559 953 768 1017; x_wconf 91' lang='lat' dir='ltr'><strong>sertim,</strong></span> <span class='ocrx_word' id='word_1_71' title='bbox 821 967 942 1023; x_wconf 68' lang='lat' dir='ltr'><strong>quae</strong></span> <span class='ocrx_word' id='word_1_72' title='bbox 998 951 1312 1018; x_wconf 86' lang='lat' dir='ltr'><strong>obtinebat,</strong></span> <span class='ocrx_word' id='word_1_73' title='bbox 1347 952 1804 1027; x_wconf 82' lang='lat' dir='ltr'><strong>existimationem</strong></span> <span class='ocrx_word' id='word_1_74' title='bbox 1849 954 2152 1011; x_wconf 88' lang='lat' dir='ltr'><strong>mandaret.</strong></span> 
     </span>
    </p>
   </div>
   <div class='ocr_carea' id='block_1_10' title="bbox 554 1043 2154 1105">
    <p class='ocr_par' dir='ltr' id='par_1_10' title="bbox 554 1043 2154 1105">
     <span class='ocr_line' id='line_1_10' title="bbox 554 1043 2154 1105; baseline 0.003 -5"><span class='ocrx_word' id='word_1_75' title='bbox 554 1043 664 1100; x_wconf 88' lang='lat' dir='ltr'><strong>Cur</strong></span> <span class='ocrx_word' id='word_1_76' title='bbox 698 1054 878 1102; x_wconf 90' lang='lat' dir='ltr'><strong>autem</strong></span> <span class='ocrx_word' id='word_1_77' title='bbox 915 1045 1115 1099; x_wconf 82' lang='lat' dir='ltr'><strong>Auctor</strong></span> <span class='ocrx_word' id='word_1_78' title='bbox 1166 1044 1487 1101; x_wconf 85' lang='lat' dir='ltr'><strong>brevitatem</strong></span> <span class='ocrx_word' id='word_1_79' title='bbox 1531 1057 1636 1101; x_wconf 92' lang='lat' dir='ltr'><strong>tam</strong></span> <span class='ocrx_word' id='word_1_80' title='bbox 1693 1063 1870 1102; x_wconf 88' lang='lat' dir='ltr'><strong>raram</strong></span> <span class='ocrx_word' id='word_1_81' title='bbox 1907 1049 2055 1104; x_wconf 87' lang='lat' dir='ltr'><strong>hisce</strong></span> <span class='ocrx_word' id='word_1_82' title='bbox 2101 1050 2154 1105; x_wconf 92' lang='lat' dir='ltr'><strong>in</strong></span> 
     </span>
    </p>
   </div>
   <div class='ocr_carea' id='block_1_11' title="bbox 557 1137 2155 1203">
    <p class='ocr_par' dir='ltr' id='par_1_11' title="bbox 557 1137 2155 1203">
     <span class='ocr_line' id='line_1_11' title="bbox 557 1137 2155 1203; baseline 0.004 -11"><span class='ocrx_word' id='word_1_83' title='bbox 557 1137 876 1194; x_wconf 90' lang='lat' dir='ltr'><strong>tractatibus</strong></span> <span class='ocrx_word' id='word_1_84' title='bbox 897 1147 1116 1193; x_wconf 82' lang='lat' dir='ltr'><strong>secutus</strong></span> <span class='ocrx_word' id='word_1_85' title='bbox 1139 1138 1232 1203; x_wconf 88' lang='lat' dir='ltr'><strong>sit,</strong></span> <span class='ocrx_word' id='word_1_86' title='bbox 1258 1141 1312 1193; x_wconf 89' lang='lat' dir='ltr'><strong>in</strong></span> <span class='ocrx_word' id='word_1_87' title='bbox 1343 1137 1730 1196; x_wconf 77' lang='lat' dir='ltr'><strong>Admonitione</strong></span> <span class='ocrx_word' id='word_1_88' title='bbox 1758 1141 1824 1195; x_wconf 88' lang='lat' dir='ltr'><strong>ad</strong></span> <span class='ocrx_word' id='word_1_89' title='bbox 1867 1151 2155 1199; x_wconf 87' lang='lat' dir='ltr'><strong>tractatum</strong></span> 
     </span>
    </p>
   </div>
   <div class='ocr_carea' id='block_1_12' title="bbox 553 1231 2154 1306">
    <p class='ocr_par' dir='ltr' id='par_1_12' title="bbox 553 1231 2154 1306">
     <span class='ocr_line' id='line_1_12' title="bbox 553 1231 2154 1306; baseline 0.004 -21"><span class='ocrx_word' id='word_1_90' title='bbox 553 1247 657 1286; x_wconf 77' lang='lat' dir='ltr'><strong>xxx</strong></span> <span class='ocrx_word' id='word_1_91' title='bbox 685 1231 776 1286; x_wconf 90' lang='lat' dir='ltr'><strong>lib.</strong></span> <span class='ocrx_word' id='word_1_92' title='bbox 828 1248 886 1296; x_wconf 88' lang='lat' dir='ltr'><strong>ll,</strong></span> <span class='ocrx_word' id='word_1_93' title='bbox 912 1231 1081 1286; x_wconf 59' lang='lat' dir='ltr'><strong>fusius</strong></span> <span class='ocrx_word' id='word_1_94' title='bbox 1111 1231 1376 1296; x_wconf 86' lang='lat' dir='ltr'><strong>dicemus,</strong></span> <span class='ocrx_word' id='word_1_95' title='bbox 1420 1232 1512 1286; x_wconf 92' lang='lat' dir='ltr'><strong>ubi</strong></span> <span class='ocrx_word' id='word_1_96' title='bbox 1549 1234 1601 1288; x_wconf 92' lang='lat' dir='ltr'><strong>in</strong></span> <span class='ocrx_word' id='word_1_97' title='bbox 1643 1232 1782 1289; x_wconf 90' lang='lat' dir='ltr'><strong>hanc</strong></span> <span class='ocrx_word' id='word_1_98' title='bbox 1817 1249 1932 1289; x_wconf 88' lang='lat' dir='ltr'><strong>rem</strong></span> <span class='ocrx_word' id='word_1_99' title='bbox 1965 1235 2154 1306; x_wconf 85' lang='lat' dir='ltr'><strong>conje-</strong></span> 
     </span>
    </p>
   </div>
   <div class='ocr_carea' id='block_1_13' title="bbox 552 1323 2156 1398">
    <p class='ocr_par' dir='ltr' id='par_1_13' title="bbox 552 1323 2156 1398">
     <span class='ocr_line' id='line_1_13' title="bbox 552 1323 2156 1398; baseline 0.004 -22"><span class='ocrx_word' id='word_1_100' title='bbox 552 1324 724 1377; x_wconf 90' lang='lat' dir='ltr'><strong>cimus</strong></span> <span class='ocrx_word' id='word_1_101' title='bbox 756 1323 930 1393; x_wconf 90' lang='lat' dir='ltr'><strong>plura,</strong></span> <span class='ocrx_word' id='word_1_102' title='bbox 963 1323 1160 1394; x_wconf 88' lang='lat' dir='ltr'><strong>quibus</strong></span> <span class='ocrx_word' id='word_1_103' title='bbox 1187 1324 1286 1378; x_wconf 75' lang='lat' dir='ltr'><strong>Iros</strong></span> <span class='ocrx_word' id='word_1_104' title='bbox 1319 1325 1618 1394; x_wconf 68' lang='lat' dir='ltr'><strong>praesertim</strong></span> <span class='ocrx_word' id='word_1_105' title='bbox 1653 1334 1916 1381; x_wconf 86' lang='lat' dir='ltr'><strong>tractatus</strong></span> <span class='ocrx_word' id='word_1_106' title='bbox 1960 1338 2156 1398; x_wconf 66' lang='lat' dir='ltr'><strong>praeter</strong></span> 
     </span>
    </p>
   </div>
   <div class='ocr_carea' id='block_1_14' title="bbox 550 1415 2162 1477">
    <p class='ocr_par' dir='ltr' id='par_1_14' title="bbox 550 1415 2162 1477">
     <span class='ocr_line' id='line_1_14' title="bbox 550 1415 2162 1477; baseline 0.005 -8"><span class='ocrx_word' id='word_1_107' title='bbox 550 1427 777 1471; x_wconf 69' lang='lat' dir='ltr'><strong>caeteros</strong></span> <span class='ocrx_word' id='word_1_108' title='bbox 813 1415 1047 1472; x_wconf 88' lang='lat' dir='ltr'><strong>Zenonis</strong></span> <span class='ocrx_word' id='word_1_109' title='bbox 1084 1433 1206 1473; x_wconf 89' lang='lat' dir='ltr'><strong>esse</strong></span> <span class='ocrx_word' id='word_1_110' title='bbox 1246 1435 1311 1473; x_wconf 82' lang='lat' dir='ltr'><strong>ex</strong></span> <span class='ocrx_word' id='word_1_111' title='bbox 1344 1434 1446 1472; x_wconf 89' lang='lat' dir='ltr'><strong>ms.</strong></span> <span class='ocrx_word' id='word_1_112' title='bbox 1481 1417 1764 1474; x_wconf 80' lang='lat' dir='ltr'><strong>Bernensis</strong></span> <span class='ocrx_word' id='word_1_113' title='bbox 1795 1419 2162 1477; x_wconf 80' lang='lat' dir='ltr'><strong>aduotationi-‘</strong></span> 
     </span>
    </p>
   </div>
   <div class='ocr_carea' id='block_1_15' title="bbox 551 1511 2151 1586">
    <p class='ocr_par' dir='ltr' id='par_1_15' title="bbox 551 1511 2151 1586">
     <span class='ocr_line' id='line_1_15' title="bbox 551 1511 2151 1586; baseline 0.004 -20"><span class='ocrx_word' id='word_1_114' title='bbox 551 1511 650 1566; x_wconf 89' lang='lat' dir='ltr'><strong>bus</strong></span> <span class='ocrx_word' id='word_1_115' title='bbox 679 1511 1166 1569; x_wconf 88' lang='lat' dir='ltr'><strong>demonstrabitur.</strong></span> <span class='ocrx_word' id='word_1_116' title='bbox 1198 1513 1350 1569; x_wconf 84' lang='lat' dir='ltr'><strong>Nunc</strong></span> <span class='ocrx_word' id='word_1_117' title='bbox 1375 1514 1427 1570; x_wconf 87' lang='lat' dir='ltr'><strong>id</strong></span> <span class='ocrx_word' id='word_1_118' title='bbox 1461 1531 1626 1570; x_wconf 91' lang='lat' dir='ltr'><strong>unum</strong></span> <span class='ocrx_word' id='word_1_119' title='bbox 1660 1517 1713 1570; x_wconf 92' lang='lat' dir='ltr'><strong>in</strong></span> <span class='ocrx_word' id='word_1_120' title='bbox 1744 1525 1989 1572; x_wconf 88' lang='lat' dir='ltr'><strong>nostrum</strong></span> <span class='ocrx_word' id='word_1_121' title='bbox 2025 1532 2151 1586; x_wconf 88' lang='lat' dir='ltr'><strong>pro-</strong></span> 
     </span>
    </p>
   </div>
   <div class='ocr_carea' id='block_1_16' title="bbox 538 1603 2154 1679">
    <p class='ocr_par' dir='ltr' id='par_1_16' title="bbox 538 1603 2154 1679">
     <span class='ocr_line' id='line_1_16' title="bbox 538 1603 2154 1679; baseline 0.003 -22"><span class='ocrx_word' id='word_1_122' title='bbox 538 1604 783 1674; x_wconf 81' lang='lat' dir='ltr'><strong>positum</strong></span> <span class='ocrx_word' id='word_1_123' title='bbox 810 1603 1128 1674; x_wconf 90' lang='lat' dir='ltr'><strong>adjiciemus</strong></span> <span class='ocrx_word' id='word_1_124' title='bbox 1149 1648 1164 1671; x_wconf 94' lang='lat'><strong>,</strong></span> <span class='ocrx_word' id='word_1_125' title='bbox 1189 1606 1331 1676; x_wconf 85' lang='lat' dir='ltr'><strong>quod</strong></span> <span class='ocrx_word' id='word_1_126' title='bbox 1369 1622 1490 1661; x_wconf 85' lang='lat' dir='ltr'><strong>cum</strong></span> <span class='ocrx_word' id='word_1_127' title='bbox 1521 1623 1610 1662; x_wconf 87' lang='lat' dir='ltr'><strong>res</strong></span> <span class='ocrx_word' id='word_1_128' title='bbox 1639 1607 1791 1676; x_wconf 70' lang='lat' dir='ltr'><strong>ipsm,</strong></span> <span class='ocrx_word' id='word_1_129' title='bbox 1821 1623 1942 1679; x_wconf 70' lang='lat' dir='ltr'><strong>qum</strong></span> <span class='ocrx_word' id='word_1_130' title='bbox 1966 1607 2054 1663; x_wconf 87' lang='lat' dir='ltr'><strong>isti</strong></span> <span class='ocrx_word' id='word_1_131' title='bbox 2088 1607 2154 1662; x_wconf 92' lang='lat' dir='ltr'><strong>li-</strong></span> 
     </span>
    </p>
   </div>
   <div class='ocr_carea' id='block_1_17' title="bbox 2261 395 3863 466">
    <p class='ocr_par' dir='ltr' id='par_1_17' title="bbox 2261 395 3863 466">
     <span class='ocr_line' id='line_1_17' title="bbox 2261 395 3863 466; baseline 0.008 -17"><span class='ocrx_word' id='word_1_132' title='bbox 2261 395 2574 452; x_wconf 89' lang='lat' dir='ltr'><strong>discrimine</strong></span> <span class='ocrx_word' id='word_1_133' title='bbox 2623 398 3000 466; x_wconf 84' lang='lat' dir='ltr'><strong>proficiscitur.</strong></span> <span class='ocrx_word' id='word_1_134' title='bbox 3044 400 3205 456; x_wconf 82' lang='lat' dir='ltr'><strong>Aliud</strong></span> <span class='ocrx_word' id='word_1_135' title='bbox 3253 411 3336 456; x_wconf 90' lang='lat' dir='ltr'><strong>est</strong></span> <span class='ocrx_word' id='word_1_136' title='bbox 3376 401 3444 458; x_wconf 88' lang='lat' dir='ltr'><strong>de</strong></span> <span class='ocrx_word' id='word_1_137' title='bbox 3489 403 3778 462; x_wconf 84' lang='lat' dir='ltr'><strong>virtutibus</strong></span> <span class='ocrx_word' id='word_1_138' title='bbox 3806 417 3863 462; x_wconf 89' lang='lat' dir='ltr'><strong>et</strong></span> 
     </span>
    </p>
   </div>
   <div class='ocr_carea' id='block_1_18' title="bbox 2261 488 3861 568">
    <p class='ocr_par' dir='ltr' id='par_1_18' title="bbox 2261 488 3861 568">
     <span class='ocr_line' id='line_1_18' title="bbox 2261 488 3861 568; baseline 0.008 -27"><span class='ocrx_word' id='word_1_139' title='bbox 2261 488 2408 544; x_wconf 90' lang='lat' dir='ltr'><strong>vitiis</strong></span> <span class='ocrx_word' id='word_1_140' title='bbox 2429 530 2443 555; x_wconf 92' lang='lat'><strong>,</strong></span> <span class='ocrx_word' id='word_1_141' title='bbox 2469 488 2698 560; x_wconf 88' lang='lat' dir='ltr'><strong>aliisque</strong></span> <span class='ocrx_word' id='word_1_142' title='bbox 2725 505 2959 558; x_wconf 91' lang='lat' dir='ltr'><strong>morum,</strong></span> <span class='ocrx_word' id='word_1_143' title='bbox 2991 493 3072 549; x_wconf 90' lang='lat' dir='ltr'><strong>vel</strong></span> <span class='ocrx_word' id='word_1_144' title='bbox 3102 508 3272 550; x_wconf 69' lang='lat' dir='ltr'><strong>sacra:</strong></span> <span class='ocrx_word' id='word_1_145' title='bbox 3300 493 3545 550; x_wconf 78' lang='lat' dir='ltr'><strong>historia:</strong></span> <span class='ocrx_word' id='word_1_146' title='bbox 3569 511 3861 568; x_wconf 58' lang='lat' dir='ltr'><strong>argumenv</strong></span> 
     </span>
    </p>
   </div>
   <div class='ocr_carea' id='block_1_19' title="bbox 2263 579 3866 658">
    <p class='ocr_par' dir='ltr' id='par_1_19' title="bbox 2263 579 3866 658">
     <span class='ocr_line' id='line_1_19' title="bbox 2263 579 3866 658; baseline 0.007 -26"><span class='ocrx_word' id='word_1_147' title='bbox 2263 581 2330 634; x_wconf 91' lang='lat' dir='ltr'><strong>tis</strong></span> <span class='ocrx_word' id='word_1_148' title='bbox 2355 594 2538 651; x_wconf 89' lang='lat' dir='ltr'><strong>agere,</strong></span> <span class='ocrx_word' id='word_1_149' title='bbox 2569 579 2656 637; x_wconf 91' lang='lat' dir='ltr'><strong>ubi</strong></span> <span class='ocrx_word' id='word_1_150' title='bbox 2685 579 2856 637; x_wconf 79' lang='lat' dir='ltr'><strong>fusior</strong></span> <span class='ocrx_word' id='word_1_151' title='bbox 2879 582 3096 639; x_wconf 88' lang='lat' dir='ltr'><strong>dicendi</strong></span> <span class='ocrx_word' id='word_1_152' title='bbox 3121 599 3345 658; x_wconf 85' lang='lat' dir='ltr'><strong>campus</strong></span> <span class='ocrx_word' id='word_1_153' title='bbox 3374 595 3543 656; x_wconf 91' lang='lat' dir='ltr'><strong>patet,</strong></span> <span class='ocrx_word' id='word_1_154' title='bbox 3571 596 3625 644; x_wconf 93' lang='lat' dir='ltr'><strong>et</strong></span> <span class='ocrx_word' id='word_1_155' title='bbox 3647 587 3866 644; x_wconf 84' lang='lat' dir='ltr'><strong>uberior</strong></span> 
     </span>
    </p>
   </div>
   <div class='ocr_carea' id='block_1_20' title="bbox 2261 670 3865 736">
    <p class='ocr_par' dir='ltr' id='par_1_20' title="bbox 2261 670 3865 736">
     <span class='ocr_line' id='line_1_20' title="bbox 2261 670 3865 736; baseline 0.006 -10"><span class='ocrx_word' id='word_1_156' title='bbox 2261 670 2470 726; x_wconf 85' lang='lat' dir='ltr'><strong>calamo</strong></span> <span class='ocrx_word' id='word_1_157' title='bbox 2501 672 2718 728; x_wconf 89' lang='lat' dir='ltr'><strong>licentia</strong></span> <span class='ocrx_word' id='word_1_158' title='bbox 2749 673 3096 731; x_wconf 89' lang='lat' dir='ltr'><strong>conceditur:</strong></span> <span class='ocrx_word' id='word_1_159' title='bbox 3127 675 3273 730; x_wconf 87' lang='lat' dir='ltr'><strong>aliud</strong></span> <span class='ocrx_word' id='word_1_160' title='bbox 3314 685 3494 733; x_wconf 91' lang='lat' dir='ltr'><strong>autem</strong></span> <span class='ocrx_word' id='word_1_161' title='bbox 3536 688 3766 735; x_wconf 90' lang='lat' dir='ltr'><strong>tractare</strong></span> <span class='ocrx_word' id='word_1_162' title='bbox 3795 678 3865 736; x_wconf 90' lang='lat' dir='ltr'><strong>de</strong></span> 
     </span>
    </p>
   </div>
   <div class='ocr_carea' id='block_1_21' title="bbox 2261 763 3864 841">
    <p class='ocr_par' dir='ltr' id='par_1_21' title="bbox 2261 763 3864 841">
     <span class='ocr_line' id='line_1_21' title="bbox 2261 763 3864 841; baseline 0.006 -23"><span class='ocrx_word' id='word_1_163' title='bbox 2261 763 2555 835; x_wconf 90' lang='lat' dir='ltr'><strong>mysteriis,</strong></span> <span class='ocrx_word' id='word_1_164' title='bbox 2590 782 2709 836; x_wconf 86' lang='lat' dir='ltr'><strong>quae</strong></span> <span class='ocrx_word' id='word_1_165' title='bbox 2740 781 2848 822; x_wconf 91' lang='lat' dir='ltr'><strong>non</strong></span> <span class='ocrx_word' id='word_1_166' title='bbox 2882 767 3113 838; x_wconf 88' lang='lat' dir='ltr'><strong>simplici</strong></span> <span class='ocrx_word' id='word_1_167' title='bbox 3146 768 3447 837; x_wconf 81' lang='lat' dir='ltr'><strong>locutione,</strong></span> <span class='ocrx_word' id='word_1_168' title='bbox 3480 771 3574 827; x_wconf 89' lang='lat' dir='ltr'><strong>sed</strong></span> <span class='ocrx_word' id='word_1_169' title='bbox 3604 787 3698 841; x_wconf 89' lang='lat' dir='ltr'><strong>per</strong></span> <span class='ocrx_word' id='word_1_170' title='bbox 3726 771 3864 829; x_wconf 77' lang='lat' dir='ltr'><strong>alle-</strong></span> 
     </span>
    </p>
   </div>
   <div class='ocr_carea' id='block_1_22' title="bbox 2259 857 3865 934">
    <p class='ocr_par' dir='ltr' id='par_1_22' title="bbox 2259 857 3865 934">
     <span class='ocr_line' id='line_1_22' title="bbox 2259 857 3865 934; baseline 0.004 -21"><span class='ocrx_word' id='word_1_171' title='bbox 2259 857 2437 928; x_wconf 90' lang='lat' dir='ltr'><strong>gorias</strong></span> <span class='ocrx_word' id='word_1_172' title='bbox 2455 868 2509 913; x_wconf 91' lang='lat' dir='ltr'><strong>et</strong></span> <span class='ocrx_word' id='word_1_173' title='bbox 2540 858 2937 928; x_wconf 88' lang='lat' dir='ltr'><strong>Scripturarum</strong></span> <span class='ocrx_word' id='word_1_174' title='bbox 2965 862 3166 930; x_wconf 75' lang='lat' dir='ltr'><strong>figuras</strong></span> <span class='ocrx_word' id='word_1_175' title='bbox 3191 877 3464 932; x_wconf 82' lang='lat' dir='ltr'><strong>exponere</strong></span> <span class='ocrx_word' id='word_1_176' title='bbox 3482 863 3722 920; x_wconf 85' lang='lat' dir='ltr'><strong>breviter</strong></span> <span class='ocrx_word' id='word_1_177' title='bbox 3749 866 3865 934; x_wconf 87' lang='lat' dir='ltr'><strong>pla-</strong></span> 
     </span>
    </p>
   </div>
   <div class='ocr_carea' id='block_1_23' title="bbox 2259 949 3863 1026">
    <p class='ocr_par' dir='ltr' id='par_1_23' title="bbox 2259 949 3863 1026">
     <span class='ocr_line' id='line_1_23' title="bbox 2259 949 3863 1026; baseline 0.006 -22"><span class='ocrx_word' id='word_1_178' title='bbox 2259 949 2389 1004; x_wconf 90' lang='lat' dir='ltr'><strong>cuit.</strong></span> <span class='ocrx_word' id='word_1_179' title='bbox 2419 949 2475 1004; x_wconf 92' lang='lat' dir='ltr'><strong>ln</strong></span> <span class='ocrx_word' id='word_1_180' title='bbox 2507 951 2663 1020; x_wconf 91' lang='lat' dir='ltr'><strong>primi</strong></span> <span class='ocrx_word' id='word_1_181' title='bbox 2694 953 2910 1022; x_wconf 79' lang='lat' dir='ltr'><strong>generis</strong></span> <span class='ocrx_word' id='word_1_182' title='bbox 2939 954 3254 1009; x_wconf 84' lang='lat' dir='ltr'><strong>tractatibus</strong></span> <span class='ocrx_word' id='word_1_183' title='bbox 3285 956 3525 1026; x_wconf 81' lang='lat' dir='ltr'><strong>apertior</strong></span> <span class='ocrx_word' id='word_1_184' title='bbox 3549 967 3634 1014; x_wconf 89' lang='lat' dir='ltr'><strong>cst</strong></span> <span class='ocrx_word' id='word_1_185' title='bbox 3665 961 3863 1015; x_wconf 85' lang='lat' dir='ltr'><strong>Aucto-</strong></span> 
     </span>
    </p>
   </div>
   <div class='ocr_carea' id='block_1_24' title="bbox 2258 1043 3865 1122">
    <p class='ocr_par' dir='ltr' id='par_1_24' title="bbox 2258 1043 3865 1122">
     <span class='ocr_line' id='line_1_24' title="bbox 2258 1043 3865 1122; baseline 0.006 -26"><span class='ocrx_word' id='word_1_186' title='bbox 2258 1043 2335 1098; x_wconf 92' lang='lat' dir='ltr'><strong>ris</strong></span> <span class='ocrx_word' id='word_1_187' title='bbox 2363 1060 2575 1110; x_wconf 87' lang='lat' dir='ltr'><strong>sermo;</strong></span> <span class='ocrx_word' id='word_1_188' title='bbox 2611 1045 2664 1100; x_wconf 91' lang='lat' dir='ltr'><strong>in</strong></span> <span class='ocrx_word' id='word_1_189' title='bbox 2696 1046 2934 1104; x_wconf 89' lang='lat' dir='ltr'><strong>secundo</strong></span> <span class='ocrx_word' id='word_1_190' title='bbox 2959 1059 3138 1104; x_wconf 90' lang='lat' dir='ltr'><strong>autem</strong></span> <span class='ocrx_word' id='word_1_191' title='bbox 3179 1064 3412 1120; x_wconf 86' lang='lat' dir='ltr'><strong>genere,</strong></span> <span class='ocrx_word' id='word_1_192' title='bbox 3457 1053 3600 1122; x_wconf 90' lang='lat' dir='ltr'><strong>quod</strong></span> <span class='ocrx_word' id='word_1_193' title='bbox 3628 1053 3865 1109; x_wconf 81' lang='lat' dir='ltr'><strong>Pascha-</strong></span> 
     </span>
    </p>
   </div>
   <div class='ocr_carea' id='block_1_25' title="bbox 2259 1135 3860 1216">
    <p class='ocr_par' dir='ltr' id='par_1_25' title="bbox 2259 1135 3860 1216">
     <span class='ocr_line' id='line_1_25' title="bbox 2259 1135 3860 1216; baseline 0.009 -27"><span class='ocrx_word' id='word_1_194' title='bbox 2259 1135 2386 1191; x_wconf 92' lang='lat' dir='ltr'><strong>lium</strong></span> <span class='ocrx_word' id='word_1_195' title='bbox 2448 1136 2708 1193; x_wconf 88' lang='lat' dir='ltr'><strong>festorum</strong></span> <span class='ocrx_word' id='word_1_196' title='bbox 2772 1139 3033 1195; x_wconf 89' lang='lat' dir='ltr'><strong>lectiones</strong></span> <span class='ocrx_word' id='word_1_197' title='bbox 3095 1140 3540 1216; x_wconf 80' lang='lat' dir='ltr'><strong>functionesque,</strong></span> <span class='ocrx_word' id='word_1_198' title='bbox 3599 1162 3698 1203; x_wconf 85' lang='lat' dir='ltr'><strong>nec</strong></span> <span class='ocrx_word' id='word_1_199' title='bbox 3754 1165 3860 1204; x_wconf 92' lang='lat' dir='ltr'><strong>non</strong></span> 
     </span>
    </p>
   </div>
   <div class='ocr_carea' id='block_1_26' title="bbox 2258 1227 3862 1302">
    <p class='ocr_par' dir='ltr' id='par_1_26' title="bbox 2258 1227 3862 1302">
     <span class='ocr_line' id='line_1_26' title="bbox 2258 1227 3862 1302; baseline 0.008 -20"><span class='ocrx_word' id='word_1_200' title='bbox 2258 1227 2514 1283; x_wconf 84' lang='lat' dir='ltr'><strong>Auctoris</strong></span> <span class='ocrx_word' id='word_1_201' title='bbox 2552 1228 2826 1299; x_wconf 89' lang='lat' dir='ltr'><strong>ingenium</strong></span> <span class='ocrx_word' id='word_1_202' title='bbox 2862 1232 3162 1301; x_wconf 90' lang='lat' dir='ltr'><strong>postulasse</strong></span> <span class='ocrx_word' id='word_1_203' title='bbox 3192 1233 3461 1302; x_wconf 88' lang='lat' dir='ltr'><strong>videntur,</strong></span> <span class='ocrx_word' id='word_1_204' title='bbox 3496 1253 3563 1294; x_wconf 91' lang='lat' dir='ltr'><strong>ne</strong></span> <span class='ocrx_word' id='word_1_205' title='bbox 3585 1237 3862 1295; x_wconf 86' lang='lat' dir='ltr'><strong>auditores</strong></span> 
     </span>
    </p>
   </div>
   <div class='ocr_carea' id='block_1_27' title="bbox 2256 1321 3862 1400">
    <p class='ocr_par' dir='ltr' id='par_1_27' title="bbox 2256 1321 3862 1400">
     <span class='ocr_line' id='line_1_27' title="bbox 2256 1321 3862 1400; baseline 0.007 -23"><span class='ocrx_word' id='word_1_206' title='bbox 2256 1321 2446 1378; x_wconf 91' lang='lat' dir='ltr'><strong>eadem</strong></span> <span class='ocrx_word' id='word_1_207' title='bbox 2488 1324 2744 1395; x_wconf 65' lang='lat' dir='ltr'><strong>mysterii</strong></span> <span class='ocrx_word' id='word_1_208' title='bbox 2794 1326 3042 1381; x_wconf 85' lang='lat' dir='ltr'><strong>omnibus</strong></span> <span class='ocrx_word' id='word_1_209' title='bbox 3071 1326 3185 1396; x_wconf 92' lang='lat' dir='ltr'><strong>jam</strong></span> <span class='ocrx_word' id='word_1_210' title='bbox 3234 1339 3390 1394; x_wconf 90' lang='lat' dir='ltr'><strong>nota,</strong></span> <span class='ocrx_word' id='word_1_211' title='bbox 3435 1330 3481 1384; x_wconf 92' lang='lat' dir='ltr'><strong>si</strong></span> <span class='ocrx_word' id='word_1_212' title='bbox 3509 1331 3669 1400; x_wconf 88' lang='lat' dir='ltr'><strong>plano</strong></span> <span class='ocrx_word' id='word_1_213' title='bbox 3698 1333 3862 1389; x_wconf 91' lang='lat' dir='ltr'><strong>modo</strong></span> 
     </span>
    </p>
   </div>
   <div class='ocr_carea' id='block_1_28' title="bbox 2257 1413 3860 1485">
    <p class='ocr_par' dir='ltr' id='par_1_28' title="bbox 2257 1413 3860 1485">
     <span class='ocr_line' id='line_1_28' title="bbox 2257 1413 3860 1485; baseline 0.008 -16"><span class='ocrx_word' id='word_1_214' title='bbox 2257 1413 2620 1481; x_wconf 86' lang='lat' dir='ltr'><strong>traderentur,</strong></span> <span class='ocrx_word' id='word_1_215' title='bbox 2656 1415 2991 1485; x_wconf 87' lang='lat' dir='ltr'><strong>fastidirent,</strong></span> <span class='ocrx_word' id='word_1_216' title='bbox 3027 1419 3091 1473; x_wconf 91' lang='lat' dir='ltr'><strong>ad</strong></span> <span class='ocrx_word' id='word_1_217' title='bbox 3122 1436 3306 1476; x_wconf 92' lang='lat' dir='ltr'><strong>eorum</strong></span> <span class='ocrx_word' id='word_1_218' title='bbox 3334 1424 3544 1479; x_wconf 90' lang='lat' dir='ltr'><strong>animos</strong></span> <span class='ocrx_word' id='word_1_219' title='bbox 3570 1427 3860 1482; x_wconf 81' lang='lat' dir='ltr'><strong>continen-</strong></span> 
     </span>
    </p>
   </div>
   <div class='ocr_carea' id='block_1_29' title="bbox 2253 1504 3860 1588">
    <p class='ocr_par' dir='ltr' id='par_1_29' title="bbox 2253 1504 3860 1588">
     <span class='ocr_line' id='line_1_29' title="bbox 2253 1504 3860 1588; baseline 0.008 -28"><span class='ocrx_word' id='word_1_220' title='bbox 2253 1504 2355 1561; x_wconf 88' lang='lat' dir='ltr'><strong>dos</strong></span> <span class='ocrx_word' id='word_1_221' title='bbox 2383 1517 2436 1562; x_wconf 91' lang='lat' dir='ltr'><strong>et</strong></span> <span class='ocrx_word' id='word_1_222' title='bbox 2467 1509 2819 1565; x_wconf 87' lang='lat' dir='ltr'><strong>oblectandos</strong></span> <span class='ocrx_word' id='word_1_223' title='bbox 2839 1553 2855 1578; x_wconf 95' lang='lat'><strong>,</strong></span> <span class='ocrx_word' id='word_1_224' title='bbox 2901 1527 2963 1565; x_wconf 90' lang='lat' dir='ltr'><strong>ea</strong></span> <span class='ocrx_word' id='word_1_225' title='bbox 3003 1515 3260 1583; x_wconf 79' lang='lat' dir='ltr'><strong>mysteria</strong></span> <span class='ocrx_word' id='word_1_226' title='bbox 3289 1514 3472 1585; x_wconf 84' lang='lat' dir='ltr'><strong>figuris</strong></span> <span class='ocrx_word' id='word_1_227' title='bbox 3501 1527 3548 1570; x_wconf 91' lang='lat' dir='ltr'><strong>et</strong></span> <span class='ocrx_word' id='word_1_228' title='bbox 3580 1517 3860 1588; x_wconf 85' lang='lat' dir='ltr'><strong>allegoriis</strong></span> 
     </span>
    </p>
   </div>
   <div class='ocr_carea' id='block_1_30' title="bbox 2254 1601 3854 1679">
    <p class='ocr_par' dir='ltr' id='par_1_30' title="bbox 2254 1601 3854 1679">
     <span class='ocr_line' id='line_1_30' title="bbox 2254 1601 3854 1679; baseline 0.006 -26"><span class='ocrx_word' id='word_1_229' title='bbox 2254 1601 2605 1671; x_wconf 82' lang='lat' dir='ltr'><strong>exprimenda</strong></span> <span class='ocrx_word' id='word_1_230' title='bbox 2641 1610 2843 1660; x_wconf 79' lang='lat' dir='ltr'><strong>Auctor</strong></span> <span class='ocrx_word' id='word_1_231' title='bbox 2869 1605 3161 1677; x_wconf 83' lang='lat' dir='ltr'><strong>judicavit;</strong></span> <span class='ocrx_word' id='word_1_232' title='bbox 3199 1623 3264 1663; x_wconf 84' lang='lat' dir='ltr'><strong>ex</strong></span> <span class='ocrx_word' id='word_1_233' title='bbox 3295 1609 3490 1679; x_wconf 91' lang='lat' dir='ltr'><strong>quibus</strong></span> <span class='ocrx_word' id='word_1_234' title='bbox 3516 1609 3690 1677; x_wconf 85' lang='lat' dir='ltr'><strong>aliqua</strong></span> <span class='ocrx_word' id='word_1_235' title='bbox 3719 1611 3854 1666; x_wconf 73' lang='lat' dir='ltr'><strong>sub.</strong></span> 
     </span>
    </p>
   </div>
   <div class='ocr_carea' id='block_1_31' title="bbox 548 1685 3851 1772">
    <p class='ocr_par' dir='ltr' id='par_1_31' title="bbox 548 1685 3851 1772">
     <span class='ocr_line' id='line_1_31' title="bbox 548 1685 3851 1772; baseline 0.003 -22"><span class='ocrx_word' id='word_1_236' title='bbox 548 1703 635 1750; x_wconf 89' lang='lat' dir='ltr'><strong>cet</strong></span> <span class='ocrx_word' id='word_1_237' title='bbox 659 1695 851 1751; x_wconf 86' lang='lat' dir='ltr'><strong>breves</strong></span> <span class='ocrx_word' id='word_1_238' title='bbox 883 1705 1143 1754; x_wconf 89' lang='lat' dir='ltr'><strong>tractatus</strong></span> <span class='ocrx_word' id='word_1_239' title='bbox 1175 1699 1477 1763; x_wconf 89' lang='lat' dir='ltr'><strong>continent,</strong></span> <span class='ocrx_word' id='word_1_240' title='bbox 1510 1701 1790 1770; x_wconf 90' lang='lat' dir='ltr'><strong>antiquum</strong></span> <span class='ocrx_word' id='word_1_241' title='bbox 1817 1699 2146 1772; x_wconf 91' lang='lat' dir='ltr'><strong>Scriptorem</strong></span> <span class='ocrx_word' id='word_1_242' title='bbox 2177 1685 2227 1746; x_wconf 83' lang='grc' dir='ltr'><strong>Β</strong></span> <span class='ocrx_word' id='word_1_243' title='bbox 2251 1691 2378 1747; x_wconf 79' lang='lat' dir='ltr'><strong>inde</strong></span> <span class='ocrx_word' id='word_1_244' title='bbox 2407 1693 2712 1752; x_wconf 72' lang='lat' dir='ltr'><strong>obscuritas</strong></span> <span class='ocrx_word' id='word_1_245' title='bbox 2739 1697 3064 1755; x_wconf 83' lang='lat' dir='ltr'><strong>obtrudilur.</strong></span> <span class='ocrx_word' id='word_1_246' title='bbox 3096 1699 3231 1757; x_wconf 91' lang='lat' dir='ltr'><strong>llinc</strong></span> <span class='ocrx_word' id='word_1_247' title='bbox 3259 1716 3388 1757; x_wconf 82' lang='lat' dir='ltr'><strong>sane</strong></span> <span class='ocrx_word' id='word_1_248' title='bbox 3420 1703 3472 1757; x_wconf 93' lang='lat' dir='ltr'><strong>in</strong></span> <span class='ocrx_word' id='word_1_249' title='bbox 3499 1705 3659 1760; x_wconf 86' lang='lat' dir='ltr'><strong>rebus</strong></span> <span class='ocrx_word' id='word_1_250' title='bbox 3686 1704 3851 1772; x_wconf 86' lang='lat' dir='ltr'><strong>ipsis.</strong></span> 
     </span>
    </p>
   </div>
   <div class='ocr_carea' id='block_1_32' title="bbox 546 1787 2150 1861">
    <p class='ocr_par' dir='ltr' id='par_1_32' title="bbox 546 1787 2150 1861">
     <span class='ocr_line' id='line_1_32' title="bbox 546 1787 2150 1861; baseline 0.005 -21"><span class='ocrx_word' id='word_1_251' title='bbox 546 1787 862 1858; x_wconf 82' lang='lat' dir='ltr'><strong>praeferant,</strong></span> <span class='ocrx_word' id='word_1_252' title='bbox 889 1789 1022 1844; x_wconf 89' lang='lat' dir='ltr'><strong>nihil</strong></span> <span class='ocrx_word' id='word_1_253' title='bbox 1052 1790 1213 1861; x_wconf 88' lang='lat' dir='ltr'><strong>plane</strong></span> <span class='ocrx_word' id='word_1_254' title='bbox 1239 1800 1346 1855; x_wconf 89' lang='lat' dir='ltr'><strong>est,</strong></span> <span class='ocrx_word' id='word_1_255' title='bbox 1374 1805 1473 1846; x_wconf 91' lang='lat' dir='ltr'><strong>cur</strong></span> <span class='ocrx_word' id='word_1_256' title='bbox 1494 1805 1590 1846; x_wconf 91' lang='lat' dir='ltr'><strong>eos</strong></span> <span class='ocrx_word' id='word_1_257' title='bbox 1616 1807 1644 1845; x_wconf 88' lang='lat' dir='ltr'><strong>a</strong></span> <span class='ocrx_word' id='word_1_258' title='bbox 1676 1800 1996 1848; x_wconf 79' lang='lat' dir='ltr'><strong>eaeterorum</strong></span> <span class='ocrx_word' id='word_1_259' title='bbox 2025 1808 2150 1848; x_wconf 90' lang='lat' dir='ltr'><strong>auc-</strong></span> 
     </span>
    </p>
   </div>
   <div class='ocr_carea' id='block_1_33' title="bbox 549 1881 2149 1954">
    <p class='ocr_par' dir='ltr' id='par_1_33' title="bbox 549 1881 2149 1954">
     <span class='ocr_line' id='line_1_33' title="bbox 549 1881 2149 1954; baseline 0.004 -21"><span class='ocrx_word' id='word_1_260' title='bbox 549 1887 665 1934; x_wconf 90' lang='lat' dir='ltr'><strong>tore</strong></span> <span class='ocrx_word' id='word_1_261' title='bbox 692 1881 1012 1952; x_wconf 88' lang='lat' dir='ltr'><strong>eripiamus,</strong></span> <span class='ocrx_word' id='word_1_262' title='bbox 1038 1897 1158 1937; x_wconf 92' lang='lat' dir='ltr'><strong>cum</strong></span> <span class='ocrx_word' id='word_1_263' title='bbox 1187 1882 1384 1954; x_wconf 86' lang='lat' dir='ltr'><strong>stylnm</strong></span> <span class='ocrx_word' id='word_1_264' title='bbox 1415 1882 1666 1938; x_wconf 90' lang='lat' dir='ltr'><strong>eumdem</strong></span> <span class='ocrx_word' id='word_1_265' title='bbox 1687 1883 2033 1954; x_wconf 90' lang='lat' dir='ltr'><strong>apertissime</strong></span> <span class='ocrx_word' id='word_1_266' title='bbox 2054 1901 2149 1940; x_wconf 80' lang='lat' dir='ltr'><strong>ex-</strong></span> 
     </span>
    </p>
   </div>
   <div class='ocr_carea' id='block_1_34' title="bbox 547 1972 790 2028">
    <p class='ocr_par' dir='ltr' id='par_1_34' title="bbox 547 1972 790 2028">
     <span class='ocr_line' id='line_1_34' title="bbox 547 1972 790 2028; baseline -0.004 -1"><span class='ocrx_word' id='word_1_267' title='bbox 547 1972 790 2028; x_wconf 89' lang='lat' dir='ltr'><strong>hibeant.</strong></span> 
     </span>
    </p>
   </div>
   <div class='ocr_carea' id='block_1_35' title="bbox 615 2065 2138 2138">
    <p class='ocr_par' dir='ltr' id='par_1_35' title="bbox 615 2065 2138 2138">
     <span class='ocr_line' id='line_1_35' title="bbox 615 2065 2138 2138; baseline 0.002 -19"><span class='ocrx_word' id='word_1_268' title='bbox 615 2065 844 2132; x_wconf 85' lang='lat' dir='ltr'><strong>Quidam</strong></span> <span class='ocrx_word' id='word_1_269' title='bbox 896 2065 1194 2138; x_wconf 88' lang='lat' dir='ltr'><strong>fragmenta</strong></span> <span class='ocrx_word' id='word_1_270' title='bbox 1247 2083 1560 2124; x_wconf 89' lang='lat' dir='ltr'><strong>sermonum</strong></span> <span class='ocrx_word' id='word_1_271' title='bbox 1609 2077 1756 2135; x_wconf 89' lang='lat' dir='ltr'><strong>sunt,</strong></span> <span class='ocrx_word' id='word_1_272' title='bbox 1794 2083 1904 2123; x_wconf 92' lang='lat' dir='ltr'><strong>non</strong></span> <span class='ocrx_word' id='word_1_273' title='bbox 1953 2076 2138 2124; x_wconf 91' lang='lat' dir='ltr'><strong>autem</strong></span> 
     </span>
    </p>
   </div>
   <div class='ocr_carea' id='block_1_36' title="bbox 545 2157 2147 2226">
    <p class='ocr_par' dir='ltr' id='par_1_36' title="bbox 545 2157 2147 2226">
     <span class='ocr_line' id='line_1_36' title="bbox 545 2157 2147 2226; baseline 0.002 -14"><span class='ocrx_word' id='word_1_274' title='bbox 545 2171 828 2214; x_wconf 87' lang='lat' dir='ltr'><strong>sermones</strong></span> <span class='ocrx_word' id='word_1_275' title='bbox 854 2177 866 2212; x_wconf 90' lang='lat'><strong>:</strong></span> <span class='ocrx_word' id='word_1_276' title='bbox 892 2157 1125 2215; x_wconf 85' lang='lat' dir='ltr'><strong>fatemur</strong></span> <span class='ocrx_word' id='word_1_277' title='bbox 1153 2159 1316 2226; x_wconf 90' lang='lat' dir='ltr'><strong>ultro,</strong></span> <span class='ocrx_word' id='word_1_278' title='bbox 1338 2170 1392 2216; x_wconf 90' lang='lat' dir='ltr'><strong>et</strong></span> <span class='ocrx_word' id='word_1_279' title='bbox 1415 2159 1468 2214; x_wconf 87' lang='lat' dir='ltr'><strong>in</strong></span> <span class='ocrx_word' id='word_1_280' title='bbox 1499 2160 1941 2215; x_wconf 82' lang='lat' dir='ltr'><strong>adnotationibus</strong></span> <span class='ocrx_word' id='word_1_281' title='bbox 1958 2160 2147 2216; x_wconf 82' lang='lat' dir='ltr'><strong>obser-</strong></span> 
     </span>
    </p>
   </div>
   <div class='ocr_carea' id='block_1_37' title="bbox 543 2245 2144 2325">
    <p class='ocr_par' dir='ltr' id='par_1_37' title="bbox 543 2245 2144 2325">
     <span class='ocr_line' id='line_1_37' title="bbox 543 2245 2144 2325; baseline 0.002 -21"><span class='ocrx_word' id='word_1_282' title='bbox 543 2259 726 2305; x_wconf 93' lang='lat' dir='ltr'><strong>vatum</strong></span> <span class='ocrx_word' id='word_1_283' title='bbox 777 2260 880 2306; x_wconf 89' lang='lat' dir='ltr'><strong>est.</strong></span> <span class='ocrx_word' id='word_1_284' title='bbox 920 2245 1060 2318; x_wconf 86' lang='lat' dir='ltr'><strong>Quid</strong></span> <span class='ocrx_word' id='word_1_285' title='bbox 1106 2253 1309 2323; x_wconf 83' lang='lat' dir='ltr'><strong>porro?</strong></span> <span class='ocrx_word' id='word_1_286' title='bbox 1354 2253 1607 2309; x_wconf 80' lang='lat' dir='ltr'><strong>Aliumue</strong></span> <span class='ocrx_word' id='word_1_287' title='bbox 1652 2253 1814 2325; x_wconf 80' lang='lat' dir='ltr'><strong>igitur</strong></span> <span class='ocrx_word' id='word_1_288' title='bbox 1867 2263 2144 2310; x_wconf 89' lang='lat' dir='ltr'><strong>auctorem</strong></span> 
     </span>
    </p>
   </div>
   <div class='ocr_carea' id='block_1_38' title="bbox 544 2343 2142 2419">
    <p class='ocr_par' dir='ltr' id='par_1_38' title="bbox 544 2343 2142 2419">
     <span class='ocr_line' id='line_1_38' title="bbox 544 2343 2142 2419; baseline 0.001 -21"><span class='ocrx_word' id='word_1_289' title='bbox 544 2343 784 2400; x_wconf 86' lang='lat' dir='ltr'><strong>habent?</strong></span> <span class='ocrx_word' id='word_1_290' title='bbox 818 2345 958 2413; x_wconf 83' lang='lat' dir='ltr'><strong>Quid</strong></span> <span class='ocrx_word' id='word_1_291' title='bbox 997 2361 1181 2419; x_wconf 70' lang='lat' dir='ltr'><strong>quteso</strong></span> <span class='ocrx_word' id='word_1_292' title='bbox 1217 2349 1518 2419; x_wconf 84' lang='lat' dir='ltr'><strong>argumenti</strong></span> <span class='ocrx_word' id='word_1_293' title='bbox 1572 2347 1715 2402; x_wconf 89' lang='lat' dir='ltr'><strong>istud</strong></span> <span class='ocrx_word' id='word_1_294' title='bbox 1766 2347 1886 2403; x_wconf 83' lang='lat' dir='ltr'><strong>est?</strong></span> <span class='ocrx_word' id='word_1_295' title='bbox 1914 2348 2058 2402; x_wconf 89' lang='lat' dir='ltr'><strong>Inter</strong></span> <span class='ocrx_word' id='word_1_296' title='bbox 2085 2347 2142 2404; x_wconf 94' lang='lat' dir='ltr'><strong>S.</strong></span> 
     </span>
    </p>
   </div>
   <div class='ocr_carea' id='block_1_39' title="bbox 544 2436 2145 2511">
    <p class='ocr_par' dir='ltr' id='par_1_39' title="bbox 544 2436 2145 2511">
     <span class='ocr_line' id='line_1_39' title="bbox 544 2436 2145 2511; baseline 0.002 -21"><span class='ocrx_word' id='word_1_297' title='bbox 544 2436 690 2492; x_wconf 89' lang='lat' dir='ltr'><strong>Petri</strong></span> <span class='ocrx_word' id='word_1_298' title='bbox 721 2437 1040 2511; x_wconf 80' lang='lat' dir='ltr'><strong>Clirysologi</strong></span> <span class='ocrx_word' id='word_1_299' title='bbox 1091 2455 1260 2510; x_wconf 86' lang='lat' dir='ltr'><strong>opera</strong></span> <span class='ocrx_word' id='word_1_300' title='bbox 1293 2441 1500 2510; x_wconf 84' lang='lat' dir='ltr'><strong>aliquot</strong></span> <span class='ocrx_word' id='word_1_301' title='bbox 1540 2455 1822 2496; x_wconf 89' lang='lat' dir='ltr'><strong>sermones</strong></span> <span class='ocrx_word' id='word_1_302' title='bbox 1854 2441 2027 2496; x_wconf 93' lang='lat' dir='ltr'><strong>mutili</strong></span> <span class='ocrx_word' id='word_1_303' title='bbox 2061 2441 2145 2494; x_wconf 83' lang='lat' dir='ltr'><strong>in-</strong></span> 
     </span>
    </p>
   </div>
   <div class='ocr_carea' id='block_1_40' title="bbox 543 2525 2148 2602">
    <p class='ocr_par' dir='ltr' id='par_1_40' title="bbox 543 2525 2148 2602">
     <span class='ocr_line' id='line_1_40' title="bbox 543 2525 2148 2602; baseline 0.001 -18"><span class='ocrx_word' id='word_1_304' title='bbox 543 2528 856 2597; x_wconf 90' lang='lat' dir='ltr'><strong>veniuntur,</strong></span> <span class='ocrx_word' id='word_1_305' title='bbox 889 2547 1025 2602; x_wconf 89' lang='lat' dir='ltr'><strong>quos</strong></span> <span class='ocrx_word' id='word_1_306' title='bbox 1066 2540 1246 2589; x_wconf 90' lang='lat' dir='ltr'><strong>tamen</strong></span> <span class='ocrx_word' id='word_1_307' title='bbox 1294 2525 1450 2588; x_wconf 79' lang='lat' dir='ltr'><strong>alteri</strong></span> <span class='ocrx_word' id='word_1_308' title='bbox 1487 2532 1698 2588; x_wconf 85' lang='lat' dir='ltr'><strong>auelori</strong></span> <span class='ocrx_word' id='word_1_309' title='bbox 1746 2532 1948 2588; x_wconf 91' lang='lat' dir='ltr'><strong>idcirco</strong></span> <span class='ocrx_word' id='word_1_310' title='bbox 1993 2531 2148 2586; x_wconf 83' lang='lat' dir='ltr'><strong>addi-</strong></span> 
     </span>
    </p>
   </div>
   <div class='ocr_carea' id='block_1_41' title="bbox 543 2626 2141 2698">
    <p class='ocr_par' dir='ltr' id='par_1_41' title="bbox 543 2626 2141 2698">
     <span class='ocr_line' id='line_1_41' title="bbox 543 2626 2141 2698; baseline -0.001 -17"><span class='ocrx_word' id='word_1_311' title='bbox 543 2626 745 2682; x_wconf 92' lang='lat' dir='ltr'><strong>cendos</strong></span> <span class='ocrx_word' id='word_1_312' title='bbox 773 2627 1080 2698; x_wconf 88' lang='lat' dir='ltr'><strong>suspicatus</strong></span> <span class='ocrx_word' id='word_1_313' title='bbox 1105 2635 1189 2682; x_wconf 90' lang='lat' dir='ltr'><strong>est</strong></span> <span class='ocrx_word' id='word_1_314' title='bbox 1209 2643 1388 2683; x_wconf 93' lang='lat' dir='ltr'><strong>nemo.</strong></span> <span class='ocrx_word' id='word_1_315' title='bbox 1411 2627 1487 2683; x_wconf 89' lang='lat' dir='ltr'><strong>De</strong></span> <span class='ocrx_word' id='word_1_316' title='bbox 1508 2626 1920 2698; x_wconf 89' lang='lat' dir='ltr'><strong>repetitionibus</strong></span> <span class='ocrx_word' id='word_1_317' title='bbox 1939 2635 2141 2693; x_wconf 90' lang='lat' dir='ltr'><strong>autem,</strong></span> 
     </span>
    </p>
   </div>
   <div class='ocr_carea' id='block_1_42' title="bbox 543 2719 2141 2790">
    <p class='ocr_par' dir='ltr' id='par_1_42' title="bbox 543 2719 2141 2790">
     <span class='ocr_line' id='line_1_42' title="bbox 543 2719 2141 2790; baseline -0.003 -16"><span class='ocrx_word' id='word_1_318' title='bbox 543 2736 664 2790; x_wconf 77' lang='lat' dir='ltr'><strong>qua:</strong></span> <span class='ocrx_word' id='word_1_319' title='bbox 696 2721 746 2775; x_wconf 93' lang='lat' dir='ltr'><strong>in</strong></span> <span class='ocrx_word' id='word_1_320' title='bbox 777 2720 1019 2790; x_wconf 89' lang='lat' dir='ltr'><strong>pluribus</strong></span> <span class='ocrx_word' id='word_1_321' title='bbox 1061 2720 1111 2775; x_wconf 94' lang='lat' dir='ltr'><strong>id</strong></span> <span class='ocrx_word' id='word_1_322' title='bbox 1159 2720 1376 2790; x_wconf 89' lang='lat' dir='ltr'><strong>generis</strong></span> <span class='ocrx_word' id='word_1_323' title='bbox 1412 2719 1732 2774; x_wconf 86' lang='lat' dir='ltr'><strong>tractatibus</strong></span> <span class='ocrx_word' id='word_1_324' title='bbox 1757 2720 2141 2783; x_wconf 82' lang='lat' dir='ltr'><strong>observantur,</strong></span> 
     </span>
    </p>
   </div>
   <div class='ocr_carea' id='block_1_43' title="bbox 543 2810 2142 2882">
    <p class='ocr_par' dir='ltr' id='par_1_43' title="bbox 543 2810 2142 2882">
     <span class='ocr_line' id='line_1_43' title="bbox 543 2810 2142 2882; baseline -0.002 -16"><span class='ocrx_word' id='word_1_325' title='bbox 543 2811 675 2882; x_wconf 88' lang='lat' dir='ltr'><strong>qutd</strong></span> <span class='ocrx_word' id='word_1_326' title='bbox 715 2811 1016 2867; x_wconf 85' lang='lat' dir='ltr'><strong>addamus?</strong></span> <span class='ocrx_word' id='word_1_327' title='bbox 1061 2811 1219 2865; x_wconf 86' lang='lat' dir='ltr'><strong>Plura</strong></span> <span class='ocrx_word' id='word_1_328' title='bbox 1253 2811 1506 2865; x_wconf 92' lang='lat' dir='ltr'><strong>similium</strong></span> <span class='ocrx_word' id='word_1_329' title='bbox 1541 2810 1925 2880; x_wconf 90' lang='lat' dir='ltr'><strong>repetitionnm</strong></span> <span class='ocrx_word' id='word_1_330' title='bbox 1952 2825 2142 2865; x_wconf 82' lang='lat' dir='ltr'><strong>exeru-</strong></span> 
     </span>
    </p>
   </div>
   <div class='ocr_carea' id='block_1_44' title="bbox 545 2885 2140 2976">
    <p class='ocr_par' dir='ltr' id='par_1_44' title="bbox 545 2885 2140 2976">
     <span class='ocr_line' id='line_1_44' title="bbox 545 2885 2140 2976; baseline -0.002 -18"><span class='ocrx_word' id='word_1_331' title='bbox 545 2905 634 2975; x_wconf 91' lang='lat' dir='ltr'><strong>pla</strong></span> <span class='ocrx_word' id='word_1_332' title='bbox 667 2905 719 2959; x_wconf 94' lang='lat' dir='ltr'><strong>in</strong></span> <span class='ocrx_word' id='word_1_333' title='bbox 772 2905 892 2960; x_wconf 92' lang='lat' dir='ltr'><strong>aliis</strong></span> <span class='ocrx_word' id='word_1_334' title='bbox 943 2919 1156 2976; x_wconf 88' lang='lat' dir='ltr'><strong>quoque</strong></span> <span class='ocrx_word' id='word_1_335' title='bbox 1192 2903 1440 2960; x_wconf 85' lang='lat' dir='ltr'><strong>Patribns</strong></span> <span class='ocrx_word' id='word_1_336' title='bbox 1475 2912 1789 2973; x_wconf 89' lang='lat' dir='ltr'><strong>suppetunt,</strong></span> <span class='ocrx_word' id='word_1_337' title='bbox 1812 2885 1932 2974; x_wconf 70' lang='lat' dir='ltr'><strong>qua:</strong></span> <span class='ocrx_word' id='word_1_338' title='bbox 1961 2911 2140 2956; x_wconf 88' lang='lat' dir='ltr'><strong>tamen</strong></span> 
     </span>
    </p>
   </div>
   <div class='ocr_carea' id='block_1_45' title="bbox 544 2995 2139 3056">
    <p class='ocr_par' dir='ltr' id='par_1_45' title="bbox 544 2995 2139 3056">
     <span class='ocr_line' id='line_1_45' title="bbox 544 2995 2139 3056; baseline -0.003 -2"><span class='ocrx_word' id='word_1_339' title='bbox 544 3014 704 3056; x_wconf 93' lang='lat' dir='ltr'><strong>nemo</strong></span> <span class='ocrx_word' id='word_1_340' title='bbox 732 2999 798 3054; x_wconf 85' lang='lat' dir='ltr'><strong>ad</strong></span> <span class='ocrx_word' id='word_1_341' title='bbox 823 3000 1004 3055; x_wconf 88' lang='lat' dir='ltr'><strong>varios</strong></span> <span class='ocrx_word' id='word_1_342' title='bbox 1025 3009 1275 3055; x_wconf 89' lang='lat' dir='ltr'><strong>auctores</strong></span> <span class='ocrx_word' id='word_1_343' title='bbox 1289 2995 1606 3053; x_wconf 87' lang='lat' dir='ltr'><strong>statuendus</strong></span> <span class='ocrx_word' id='word_1_344' title='bbox 1635 2997 1893 3052; x_wconf 76' lang='lat' dir='ltr'><strong>traduxit.</strong></span> <span class='ocrx_word' id='word_1_345' title='bbox 1922 2995 1982 3052; x_wconf 89' lang='lat' dir='ltr'><strong>S.</strong></span> <span class='ocrx_word' id='word_1_346' title='bbox 2010 2996 2139 3050; x_wconf 81' lang='lat' dir='ltr'><strong>Am-</strong></span> 
     </span>
    </p>
   </div>
   <div class='ocr_carea' id='block_1_46' title="bbox 2253 1787 3854 1866">
    <p class='ocr_par' dir='ltr' id='par_1_46' title="bbox 2253 1787 3854 1866">
     <span class='ocr_line' id='line_1_46' title="bbox 2253 1787 3854 1866; baseline 0.007 -26"><span class='ocrx_word' id='word_1_347' title='bbox 2253 1802 2361 1840; x_wconf 83' lang='lat' dir='ltr'><strong>non</strong></span> <span class='ocrx_word' id='word_1_348' title='bbox 2395 1787 2446 1841; x_wconf 91' lang='lat' dir='ltr'><strong>in</strong></span> <span class='ocrx_word' id='word_1_349' title='bbox 2485 1789 2667 1843; x_wconf 92' lang='lat' dir='ltr'><strong>verbis</strong></span> <span class='ocrx_word' id='word_1_350' title='bbox 2697 1805 2796 1844; x_wconf 90' lang='lat' dir='ltr'><strong>nec</strong></span> <span class='ocrx_word' id='word_1_351' title='bbox 2838 1791 2889 1844; x_wconf 92' lang='lat' dir='ltr'><strong>in</strong></span> <span class='ocrx_word' id='word_1_352' title='bbox 2915 1795 3076 1864; x_wconf 88' lang='lat' dir='ltr'><strong>stylo,</strong></span> <span class='ocrx_word' id='word_1_353' title='bbox 3108 1793 3196 1864; x_wconf 89' lang='lat' dir='ltr'><strong>qui</strong></span> <span class='ocrx_word' id='word_1_354' title='bbox 3241 1793 3442 1866; x_wconf 91' lang='lat' dir='ltr'><strong>ubique</strong></span> <span class='ocrx_word' id='word_1_355' title='bbox 3479 1804 3562 1849; x_wconf 90' lang='lat' dir='ltr'><strong>est</strong></span> <span class='ocrx_word' id='word_1_356' title='bbox 3597 1795 3854 1866; x_wconf 67' lang='lat' dir='ltr'><strong>mqualis,</strong></span> 
     </span>
    </p>
   </div>
   <div class='ocr_carea' id='block_1_47' title="bbox 2251 1879 3852 1957">
    <p class='ocr_par' dir='ltr' id='par_1_47' title="bbox 2251 1879 3852 1957">
     <span class='ocr_line' id='line_1_47' title="bbox 2251 1879 3852 1957; baseline 0.007 -25"><span class='ocrx_word' id='word_1_357' title='bbox 2251 1879 2560 1938; x_wconf 89' lang='lat' dir='ltr'><strong>obscuritas</strong></span> <span class='ocrx_word' id='word_1_358' title='bbox 2603 1882 2770 1948; x_wconf 89' lang='lat' dir='ltr'><strong>inest;</strong></span> <span class='ocrx_word' id='word_1_359' title='bbox 2814 1899 2878 1938; x_wconf 79' lang='lat' dir='ltr'><strong>ex</strong></span> <span class='ocrx_word' id='word_1_360' title='bbox 2910 1886 3032 1956; x_wconf 77' lang='lat' dir='ltr'><strong>Styli</strong></span> <span class='ocrx_word' id='word_1_361' title='bbox 3073 1897 3286 1952; x_wconf 88' lang='lat' dir='ltr'><strong>autem,</strong></span> <span class='ocrx_word' id='word_1_362' title='bbox 3329 1897 3384 1942; x_wconf 93' lang='lat' dir='ltr'><strong>ut</strong></span> <span class='ocrx_word' id='word_1_363' title='bbox 3409 1905 3555 1956; x_wconf 66' lang='grc' dir='ltr'><strong>διειιο</strong></span> <span class='ocrx_word' id='word_1_364' title='bbox 3583 1889 3852 1957; x_wconf 80' lang='lat' dir='ltr'><strong>diximus,</strong></span> 
     </span>
    </p>
   </div>
   <div class='ocr_carea' id='block_1_48' title="bbox 2251 1975 3852 2050">
    <p class='ocr_par' dir='ltr' id='par_1_48' title="bbox 2251 1975 3852 2050">
     <span class='ocr_line' id='line_1_48' title="bbox 2251 1975 3852 2050; baseline 0.006 -24"><span class='ocrx_word' id='word_1_365' title='bbox 2251 1987 2358 2026; x_wconf 90' lang='lat' dir='ltr'><strong>non</strong></span> <span class='ocrx_word' id='word_1_366' title='bbox 2384 1987 2452 2028; x_wconf 81' lang='lat' dir='ltr'><strong>ex</strong></span> <span class='ocrx_word' id='word_1_367' title='bbox 2475 1988 2658 2028; x_wconf 89' lang='lat' dir='ltr'><strong>rerum</strong></span> <span class='ocrx_word' id='word_1_368' title='bbox 2691 1975 3004 2029; x_wconf 90' lang='lat' dir='ltr'><strong>discrimine</strong></span> <span class='ocrx_word' id='word_1_369' title='bbox 3031 1978 3262 2032; x_wconf 89' lang='lat' dir='ltr'><strong>varietas</strong></span> <span class='ocrx_word' id='word_1_370' title='bbox 3286 1979 3578 2050; x_wconf 85' lang='lat' dir='ltr'><strong>colligitur.</strong></span> <span class='ocrx_word' id='word_1_371' title='bbox 3610 1981 3852 2036; x_wconf 82' lang='lat' dir='ltr'><strong>Tandem</strong></span> 
     </span>
    </p>
   </div>
   <div class='ocr_carea' id='block_1_49' title="bbox 2249 2063 3856 2142">
    <p class='ocr_par' dir='ltr' id='par_1_49' title="bbox 2249 2063 3856 2142">
     <span class='ocr_line' id='line_1_49' title="bbox 2249 2063 3856 2142; baseline 0.006 -24"><span class='ocrx_word' id='word_1_372' title='bbox 2249 2079 2316 2118; x_wconf 83' lang='lat' dir='ltr'><strong>ex</strong></span> <span class='ocrx_word' id='word_1_373' title='bbox 2351 2063 2435 2118; x_wconf 83' lang='lat' dir='ltr'><strong>his</strong></span> <span class='ocrx_word' id='word_1_374' title='bbox 2465 2064 2893 2132; x_wconf 82' lang='lat' dir='ltr'><strong>obscurioribus,</strong></span> <span class='ocrx_word' id='word_1_375' title='bbox 2923 2082 3036 2132; x_wconf 89' lang='lat' dir='ltr'><strong>seu,</strong></span> <span class='ocrx_word' id='word_1_376' title='bbox 3072 2078 3130 2122; x_wconf 90' lang='lat' dir='ltr'><strong>ut</strong></span> <span class='ocrx_word' id='word_1_377' title='bbox 3164 2069 3411 2140; x_wconf 86' lang='lat' dir='ltr'><strong>pr0prius</strong></span> <span class='ocrx_word' id='word_1_378' title='bbox 3439 2072 3746 2142; x_wconf 91' lang='lat' dir='ltr'><strong>loquamur,</strong></span> <span class='ocrx_word' id='word_1_379' title='bbox 3775 2075 3856 2128; x_wconf 88' lang='lat' dir='ltr'><strong>al-</strong></span> 
     </span>
    </p>
   </div>
   <div class='ocr_carea' id='block_1_50' title="bbox 2249 2157 3854 2236">
    <p class='ocr_par' dir='ltr' id='par_1_50' title="bbox 2249 2157 3854 2236">
     <span class='ocr_line' id='line_1_50' title="bbox 2249 2157 3854 2236; baseline 0.008 -25"><span class='ocrx_word' id='word_1_380' title='bbox 2249 2157 2498 2229; x_wconf 89' lang='lat' dir='ltr'><strong>legoricis</strong></span> <span class='ocrx_word' id='word_1_381' title='bbox 2527 2161 2845 2216; x_wconf 82' lang='lat' dir='ltr'><strong>traeiatibns</strong></span> <span class='ocrx_word' id='word_1_382' title='bbox 2876 2161 3116 2232; x_wconf 83' lang='lat' dir='ltr'><strong>plerique</strong></span> <span class='ocrx_word' id='word_1_383' title='bbox 3145 2178 3212 2218; x_wconf 80' lang='lat' dir='ltr'><strong>ex</strong></span> <span class='ocrx_word' id='word_1_384' title='bbox 3241 2163 3342 2218; x_wconf 91' lang='lat' dir='ltr'><strong>illis</strong></span> <span class='ocrx_word' id='word_1_385' title='bbox 3370 2173 3514 2231; x_wconf 91' lang='lat' dir='ltr'><strong>sunt,</strong></span> <span class='ocrx_word' id='word_1_386' title='bbox 3544 2180 3677 2236; x_wconf 91' lang='lat' dir='ltr'><strong>quos</strong></span> <span class='ocrx_word' id='word_1_387' title='bbox 3699 2183 3854 2236; x_wconf 53' lang='lat' dir='ltr'><strong>arque</strong></span> 
     </span>
    </p>
   </div>
   <div class='ocr_carea' id='block_1_51' title="bbox 2247 2254 3850 2333">
    <p class='ocr_par' dir='ltr' id='par_1_51' title="bbox 2247 2254 3850 2333">
     <span class='ocr_line' id='line_1_51' title="bbox 2247 2254 3850 2333; baseline 0.006 -27"><span class='ocrx_word' id='word_1_388' title='bbox 2247 2267 2310 2308; x_wconf 93' lang='lat' dir='ltr'><strong>ac</strong></span> <span class='ocrx_word' id='word_1_389' title='bbox 2329 2254 2417 2307; x_wconf 89' lang='lat' dir='ltr'><strong>alii</strong></span> <span class='ocrx_word' id='word_1_390' title='bbox 2448 2270 2511 2310; x_wconf 79' lang='lat' dir='ltr'><strong>ex</strong></span> <span class='ocrx_word' id='word_1_391' title='bbox 2543 2255 2885 2311; x_wconf 89' lang='lat' dir='ltr'><strong>nitidioribus</strong></span> <span class='ocrx_word' id='word_1_392' title='bbox 2906 2266 3068 2328; x_wconf 90' lang='lat' dir='ltr'><strong>atque</strong></span> <span class='ocrx_word' id='word_1_393' title='bbox 3095 2259 3544 2326; x_wconf 89' lang='lat' dir='ltr'><strong>accuratioribns,</strong></span> <span class='ocrx_word' id='word_1_394' title='bbox 3576 2271 3850 2333; x_wconf 86' lang='lat' dir='ltr'><strong>tamquam</strong></span> 
     </span>
    </p>
   </div>
   <div class='ocr_carea' id='block_1_52' title="bbox 2246 2347 3852 2415">
    <p class='ocr_par' dir='ltr' id='par_1_52' title="bbox 2246 2347 3852 2415">
     <span class='ocr_line' id='line_1_52' title="bbox 2246 2347 3852 2415; baseline 0.006 -14"><span class='ocrx_word' id='word_1_395' title='bbox 2246 2347 2490 2415; x_wconf 89' lang='lat' dir='ltr'><strong>ejusdem</strong></span> <span class='ocrx_word' id='word_1_396' title='bbox 2537 2352 2808 2415; x_wconf 89' lang='lat' dir='ltr'><strong>auctoris,</strong></span> <span class='ocrx_word' id='word_1_397' title='bbox 2857 2351 2909 2404; x_wconf 92' lang='lat' dir='ltr'><strong>in</strong></span> <span class='ocrx_word' id='word_1_398' title='bbox 2955 2351 3056 2406; x_wconf 88' lang='lat' dir='ltr'><strong>hac</strong></span> <span class='ocrx_word' id='word_1_399' title='bbox 3083 2351 3374 2408; x_wconf 83' lang='lat' dir='ltr'><strong>Veronensi</strong></span> <span class='ocrx_word' id='word_1_400' title='bbox 3423 2353 3665 2411; x_wconf 88' lang='lat' dir='ltr'><strong>Ecclesia</strong></span> <span class='ocrx_word' id='word_1_401' title='bbox 3709 2355 3852 2411; x_wconf 87' lang='lat' dir='ltr'><strong>inter</strong></span> 
     </span>
    </p>
   </div>
   <div class='ocr_carea' id='block_1_53' title="bbox 2247 2440 3852 2519">
    <p class='ocr_par' dir='ltr' id='par_1_53' title="bbox 2247 2440 3852 2519">
     <span class='ocr_line' id='line_1_53' title="bbox 2247 2440 3852 2519; baseline 0.006 -25"><span class='ocrx_word' id='word_1_402' title='bbox 2247 2454 2401 2495; x_wconf 91' lang='lat' dir='ltr'><strong>sacra</strong></span> <span class='ocrx_word' id='word_1_403' title='bbox 2428 2440 2601 2497; x_wconf 82' lang='lat' dir='ltr'><strong>officia</strong></span> <span class='ocrx_word' id='word_1_404' title='bbox 2633 2450 2760 2498; x_wconf 91' lang='lat' dir='ltr'><strong>ante</strong></span> <span class='ocrx_word' id='word_1_405' title='bbox 2801 2458 3002 2498; x_wconf 88' lang='lat' dir='ltr'><strong>nonum</strong></span> <span class='ocrx_word' id='word_1_406' title='bbox 3045 2446 3304 2501; x_wconf 67' lang='lat' dir='ltr'><strong>swculum</strong></span> <span class='ocrx_word' id='word_1_407' title='bbox 3347 2445 3520 2503; x_wconf 90' lang='lat' dir='ltr'><strong>lectos</strong></span> <span class='ocrx_word' id='word_1_408' title='bbox 3561 2448 3612 2502; x_wconf 94' lang='lat' dir='ltr'><strong>in</strong></span> <span class='ocrx_word' id='word_1_409' title='bbox 3659 2447 3852 2519; x_wconf 40' lang='lat' dir='ltr'><strong>pra‘fa.</strong></span> 
     </span>
    </p>
   </div>
   <div class='ocr_carea' id='block_1_54' title="bbox 2245 2533 2919 2590">
    <p class='ocr_par' dir='ltr' id='par_1_54' title="bbox 2245 2533 2919 2590">
     <span class='ocr_line' id='line_1_54' title="bbox 2245 2533 2919 2590; baseline 0.003 -4"><span class='ocrx_word' id='word_1_410' title='bbox 2245 2533 2396 2588; x_wconf 89' lang='lat' dir='ltr'><strong>tione</strong></span> <span class='ocrx_word' id='word_1_411' title='bbox 2421 2534 2919 2590; x_wconf 87' lang='lat' dir='ltr'><strong>animadvertimus.</strong></span> 
     </span>
    </p>
   </div>
   <div class='ocr_carea' id='block_1_55' title="bbox 2323 2627 3851 2703">
    <p class='ocr_par' dir='ltr' id='par_1_55' title="bbox 2323 2627 3851 2703">
     <span class='ocr_line' id='line_1_55' title="bbox 2323 2627 3851 2703; baseline 0.005 -20"><span class='ocrx_word' id='word_1_412' title='bbox 2323 2627 2486 2683; x_wconf 88' lang='lat' dir='ltr'><strong>Unica</strong></span> <span class='ocrx_word' id='word_1_413' title='bbox 2512 2627 2622 2698; x_wconf 90' lang='lat' dir='ltr'><strong>jam</strong></span> <span class='ocrx_word' id='word_1_414' title='bbox 2661 2629 2894 2698; x_wconf 88' lang='lat' dir='ltr'><strong>objectio</strong></span> <span class='ocrx_word' id='word_1_415' title='bbox 2937 2640 3104 2687; x_wconf 91' lang='lat' dir='ltr'><strong>restat</strong></span> <span class='ocrx_word' id='word_1_416' title='bbox 3131 2649 3195 2689; x_wconf 82' lang='lat' dir='ltr'><strong>ex</strong></span> <span class='ocrx_word' id='word_1_417' title='bbox 3235 2631 3398 2688; x_wconf 88' lang='lat' dir='ltr'><strong>rebus</strong></span> <span class='ocrx_word' id='word_1_418' title='bbox 3420 2673 3434 2696; x_wconf 91' lang='lat'><strong>,</strong></span> <span class='ocrx_word' id='word_1_419' title='bbox 3467 2649 3586 2703; x_wconf 72' lang='lat' dir='ltr'><strong>qum</strong></span> <span class='ocrx_word' id='word_1_420' title='bbox 3614 2632 3666 2689; x_wconf 90' lang='lat' dir='ltr'><strong>in</strong></span> <span class='ocrx_word' id='word_1_421' title='bbox 3699 2632 3851 2690; x_wconf 75' lang='lat' dir='ltr'><strong>hisce</strong></span> 
     </span>
    </p>
   </div>
   <div class='ocr_carea' id='block_1_56' title="bbox 2247 2720 3848 2794">
    <p class='ocr_par' dir='ltr' id='par_1_56' title="bbox 2247 2720 3848 2794">
     <span class='ocr_line' id='line_1_56' title="bbox 2247 2720 3848 2794; baseline 0.005 -22"><span class='ocrx_word' id='word_1_422' title='bbox 2247 2720 2564 2774; x_wconf 88' lang='lat' dir='ltr'><strong>tractatibus</strong></span> <span class='ocrx_word' id='word_1_423' title='bbox 2584 2722 2955 2788; x_wconf 86' lang='lat' dir='ltr'><strong>continentur,</strong></span> <span class='ocrx_word' id='word_1_424' title='bbox 2989 2724 3176 2791; x_wconf 90' lang='lat' dir='ltr'><strong>petita,</strong></span> <span class='ocrx_word' id='word_1_425' title='bbox 3205 2739 3268 2777; x_wconf 85' lang='lat' dir='ltr'><strong>ex</strong></span> <span class='ocrx_word' id='word_1_426' title='bbox 3293 2724 3487 2792; x_wconf 87' lang='lat' dir='ltr'><strong>quibus</strong></span> <span class='ocrx_word' id='word_1_427' title='bbox 3508 2726 3702 2794; x_wconf 78' lang='lat' dir='ltr'><strong>aliqua:</strong></span> <span class='ocrx_word' id='word_1_428' title='bbox 3725 2741 3848 2780; x_wconf 92' lang='lat' dir='ltr'><strong>cum</strong></span> 
     </span>
    </p>
   </div>
   <div class='ocr_carea' id='block_1_57' title="bbox 2246 2812 3849 2886">
    <p class='ocr_par' dir='ltr' id='par_1_57' title="bbox 2246 2812 3849 2886">
     <span class='ocr_line' id='line_1_57' title="bbox 2246 2812 3849 2886; baseline 0.005 -22"><span class='ocrx_word' id='word_1_429' title='bbox 2246 2825 2347 2865; x_wconf 77' lang='lat' dir='ltr'><strong>nec</strong></span> <span class='ocrx_word' id='word_1_430' title='bbox 2380 2813 2468 2864; x_wconf 92' lang='lat' dir='ltr'><strong>nni</strong></span> <span class='ocrx_word' id='word_1_431' title='bbox 2509 2812 2740 2878; x_wconf 64' lang='lat' dir='ltr'><strong>sarculo,</strong></span> <span class='ocrx_word' id='word_1_432' title='bbox 2775 2813 2844 2867; x_wconf 90' lang='lat' dir='ltr'><strong>ita</strong></span> <span class='ocrx_word' id='word_1_433' title='bbox 2876 2829 2974 2868; x_wconf 90' lang='lat' dir='ltr'><strong>nec</strong></span> <span class='ocrx_word' id='word_1_434' title='bbox 3012 2814 3100 2868; x_wconf 90' lang='lat' dir='ltr'><strong>uni</strong></span> <span class='ocrx_word' id='word_1_435' title='bbox 3129 2813 3380 2884; x_wconf 89' lang='lat' dir='ltr'><strong>scriptori</strong></span> <span class='ocrx_word' id='word_1_436' title='bbox 3413 2815 3662 2870; x_wconf 87' lang='lat' dir='ltr'><strong>videntur</strong></span> <span class='ocrx_word' id='word_1_437' title='bbox 3692 2832 3849 2886; x_wconf 85' lang='lat' dir='ltr'><strong>posse</strong></span> 
     </span>
    </p>
   </div>
   <div class='ocr_carea' id='block_1_58' title="bbox 2244 2902 3846 2979">
    <p class='ocr_par' dir='ltr' id='par_1_58' title="bbox 2244 2902 3846 2979">
     <span class='ocr_line' id='line_1_58' title="bbox 2244 2902 3846 2979; baseline 0.004 -22"><span class='ocrx_word' id='word_1_438' title='bbox 2244 2917 2565 2972; x_wconf 81' lang='lat' dir='ltr'><strong>congruere.</strong></span> <span class='ocrx_word' id='word_1_439' title='bbox 2594 2902 2698 2958; x_wconf 85' lang='lat' dir='ltr'><strong>Sed</strong></span> <span class='ocrx_word' id='word_1_440' title='bbox 2720 2902 2859 2960; x_wconf 88' lang='lat' dir='ltr'><strong>hanc</strong></span> <span class='ocrx_word' id='word_1_441' title='bbox 2887 2905 3249 2974; x_wconf 88' lang='lat' dir='ltr'><strong>objectionem</strong></span> <span class='ocrx_word' id='word_1_442' title='bbox 3283 2907 3545 2962; x_wconf 86' lang='lat' dir='ltr'><strong>latissime</strong></span> <span class='ocrx_word' id='word_1_443' title='bbox 3573 2917 3846 2979; x_wconf 90' lang='lat' dir='ltr'><strong>patentem</strong></span> 
     </span>
    </p>
   </div>
   <div class='ocr_carea' id='block_1_59' title="bbox 2245 2993 3846 3070">
    <p class='ocr_par' dir='ltr' id='par_1_59' title="bbox 2245 2993 3846 3070">
     <span class='ocr_line' id='line_1_59' title="bbox 2245 2993 3846 3070; baseline 0.004 -22"><span class='ocrx_word' id='word_1_444' title='bbox 2245 2993 2500 3050; x_wconf 88' lang='lat' dir='ltr'><strong>dirimere</strong></span> <span class='ocrx_word' id='word_1_445' title='bbox 2523 2997 2798 3067; x_wconf 88' lang='lat' dir='ltr'><strong>sequentis</strong></span> <span class='ocrx_word' id='word_1_446' title='bbox 2818 2998 2922 3053; x_wconf 89' lang='lat' dir='ltr'><strong>erit</strong></span> <span class='ocrx_word' id='word_1_447' title='bbox 2943 2999 3158 3066; x_wconf 84' lang='lat' dir='ltr'><strong>capitis,</strong></span> <span class='ocrx_word' id='word_1_448' title='bbox 3185 2998 3236 3053; x_wconf 93' lang='lat' dir='ltr'><strong>in</strong></span> <span class='ocrx_word' id='word_1_449' title='bbox 3255 3015 3362 3070; x_wconf 89' lang='lat' dir='ltr'><strong>quo</strong></span> <span class='ocrx_word' id='word_1_450' title='bbox 3389 2999 3581 3055; x_wconf 91' lang='lat' dir='ltr'><strong>horum</strong></span> <span class='ocrx_word' id='word_1_451' title='bbox 3605 3002 3846 3055; x_wconf 87' lang='lat' dir='ltr'><strong>onmimn</strong></span> 
     </span>
    </p>
   </div>
   <div class='ocr_carea' id='block_1_60' title="bbox 543 3061 3847 3165">
    <p class='ocr_par' dir='ltr' id='par_1_60' title="bbox 543 3061 3847 3165">
     <span class='ocr_line' id='line_1_60' title="bbox 543 3061 3847 3165; baseline -0.001 -17"><span class='ocrx_word' id='word_1_452' title='bbox 543 3093 789 3150; x_wconf 90' lang='lat' dir='ltr'><strong>brosium</strong></span> <span class='ocrx_word' id='word_1_453' title='bbox 817 3093 1145 3165; x_wconf 91' lang='lat' dir='ltr'><strong>aliquotiens</strong></span> <span class='ocrx_word' id='word_1_454' title='bbox 1183 3092 1373 3148; x_wconf 90' lang='lat' dir='ltr'><strong>eadem</strong></span> <span class='ocrx_word' id='word_1_455' title='bbox 1408 3091 1676 3161; x_wconf 89' lang='lat' dir='ltr'><strong>ingerere,</strong></span> <span class='ocrx_word' id='word_1_456' title='bbox 1704 3089 1910 3158; x_wconf 89' lang='lat' dir='ltr'><strong>jamdiu</strong></span> <span class='ocrx_word' id='word_1_457' title='bbox 1953 3087 2140 3144; x_wconf 89' lang='lat' dir='ltr'><strong>obser-</strong></span> <span class='ocrx_word' id='word_1_458' title='bbox 2166 3061 2212 3124; x_wconf 59' lang='grc' dir='ltr'><strong>(ἶ</strong></span> <span class='ocrx_word' id='word_1_459' title='bbox 2249 3097 2567 3142; x_wconf 90' lang='lat' dir='ltr'><strong>tractatuum</strong></span> <span class='ocrx_word' id='word_1_460' title='bbox 2619 3097 2896 3145; x_wconf 83' lang='lat' dir='ltr'><strong>auctorem</strong></span> <span class='ocrx_word' id='word_1_461' title='bbox 2919 3132 2934 3156; x_wconf 93' lang='lat'><strong>,</strong></span> <span class='ocrx_word' id='word_1_462' title='bbox 2988 3105 3146 3160; x_wconf 90' lang='lat' dir='ltr'><strong>quem</strong></span> <span class='ocrx_word' id='word_1_463' title='bbox 3203 3090 3462 3146; x_wconf 90' lang='lat' dir='ltr'><strong>hactenus</strong></span> <span class='ocrx_word' id='word_1_464' title='bbox 3513 3094 3847 3148; x_wconf 68' lang='lat' dir='ltr'><strong>asseruimus</strong></span> 
     </span>
    </p>
   </div>
   <div class='ocr_carea' id='block_1_61' title="bbox 539 3179 2142 3255">
    <p class='ocr_par' dir='ltr' id='par_1_61' title="bbox 539 3179 2142 3255">
     <span class='ocr_line' id='line_1_61' title="bbox 539 3179 2142 3255; baseline -0.006 -15"><span class='ocrx_word' id='word_1_465' title='bbox 539 3197 736 3242; x_wconf 89' lang='lat' dir='ltr'><strong>varunt</strong></span> <span class='ocrx_word' id='word_1_466' title='bbox 761 3187 1004 3242; x_wconf 89' lang='lat' dir='ltr'><strong>editores</strong></span> <span class='ocrx_word' id='word_1_467' title='bbox 1030 3185 1364 3241; x_wconf 86' lang='lat' dir='ltr'><strong>Benedictini</strong></span> <span class='ocrx_word' id='word_1_468' title='bbox 1399 3199 1520 3255; x_wconf 86' lang='lat' dir='ltr'><strong>pag.</strong></span> <span class='ocrx_word' id='word_1_469' title='bbox 1567 3181 1705 3238; x_wconf 68' lang='grc'><strong>1045</strong></span> <span class='ocrx_word' id='word_1_470' title='bbox 1761 3191 1891 3236; x_wconf 92' lang='lat' dir='ltr'><strong>tom.</strong></span> <span class='ocrx_word' id='word_1_471' title='bbox 1920 3197 1978 3243; x_wconf 85' lang='lat' dir='ltr'><strong>Il,</strong></span> <span class='ocrx_word' id='word_1_472' title='bbox 2006 3179 2142 3251; x_wconf 86' lang='lat' dir='ltr'><strong>quod</strong></span> 
     </span>
    </p>
   </div>
   <div class='ocr_carea' id='block_1_62' title="bbox 539 3275 2143 3348">
    <p class='ocr_par' dir='ltr' id='par_1_62' title="bbox 539 3275 2143 3348">
     <span class='ocr_line' id='line_1_62' title="bbox 539 3275 2143 3348; baseline -0.004 -16"><span class='ocrx_word' id='word_1_473' title='bbox 539 3279 605 3344; x_wconf 87' lang='lat' dir='ltr'><strong>ei,</strong></span> <span class='ocrx_word' id='word_1_474' title='bbox 652 3279 944 3348; x_wconf 91' lang='lat' dir='ltr'><strong>inquiunt,</strong></span> <span class='ocrx_word' id='word_1_475' title='bbox 990 3277 1204 3332; x_wconf 83' lang='lat' dir='ltr'><strong>subinde</strong></span> <span class='ocrx_word' id='word_1_476' title='bbox 1232 3277 1498 3332; x_wconf 76' lang='lat' dir='ltr'><strong>usurenire</strong></span> <span class='ocrx_word' id='word_1_477' title='bbox 1549 3275 2040 3336; x_wconf 78' lang='lat' dir='ltr'><strong>animadvertimus;</strong></span> <span class='ocrx_word' id='word_1_478' title='bbox 2089 3285 2143 3327; x_wconf 88' lang='lat' dir='ltr'><strong>et</strong></span> 
     </span>
    </p>
   </div>
   <div class='ocr_carea' id='block_1_63' title="bbox 541 3367 2140 3444">
    <p class='ocr_par' dir='ltr' id='par_1_63' title="bbox 541 3367 2140 3444">
     <span class='ocr_line' id='line_1_63' title="bbox 541 3367 2140 3444; baseline -0.003 -20"><span class='ocrx_word' id='word_1_479' title='bbox 541 3386 660 3444; x_wconf 86' lang='lat' dir='ltr'><strong>pag.</strong></span> <span class='ocrx_word' id='word_1_480' title='bbox 699 3371 858 3440; x_wconf 74' lang='grc'><strong>1043,</strong></span> <span class='ocrx_word' id='word_1_481' title='bbox 894 3371 1104 3426; x_wconf 75' lang='lat' dir='ltr'><strong>totidem</strong></span> <span class='ocrx_word' id='word_1_482' title='bbox 1127 3387 1252 3442; x_wconf 83' lang='lat' dir='ltr'><strong>pene</strong></span> <span class='ocrx_word' id='word_1_483' title='bbox 1279 3371 1440 3424; x_wconf 87' lang='lat' dir='ltr'><strong>verbis</strong></span> <span class='ocrx_word' id='word_1_484' title='bbox 1472 3369 1660 3425; x_wconf 89' lang='lat' dir='ltr'><strong>eadem</strong></span> <span class='ocrx_word' id='word_1_485' title='bbox 1689 3368 1886 3423; x_wconf 89' lang='lat' dir='ltr'><strong>alicubi</strong></span> <span class='ocrx_word' id='word_1_486' title='bbox 1912 3367 2140 3438; x_wconf 88' lang='lat' dir='ltr'><strong>repetita</strong></span> 
     </span>
    </p>
   </div>
   <div class='ocr_carea' id='block_1_64' title="bbox 539 3462 2139 3538">
    <p class='ocr_par' dir='ltr' id='par_1_64' title="bbox 539 3462 2139 3538">
     <span class='ocr_line' id='line_1_64' title="bbox 539 3462 2139 3538; baseline -0.003 -19"><span class='ocrx_word' id='word_1_487' title='bbox 539 3475 989 3523; x_wconf 88' lang='lat' dir='ltr'><strong>commemorant.</strong></span> <span class='ocrx_word' id='word_1_488' title='bbox 1011 3466 1070 3522; x_wconf 91' lang='lat' dir='ltr'><strong>S.</strong></span> <span class='ocrx_word' id='word_1_489' title='bbox 1088 3466 1196 3522; x_wconf 89' lang='lat' dir='ltr'><strong>Leo</strong></span> <span class='ocrx_word' id='word_1_490' title='bbox 1215 3479 1441 3538; x_wconf 79' lang='lat' dir='ltr'><strong>magnus</strong></span> <span class='ocrx_word' id='word_1_491' title='bbox 1463 3479 1642 3518; x_wconf 90' lang='lat' dir='ltr'><strong>nonne</strong></span> <span class='ocrx_word' id='word_1_492' title='bbox 1665 3464 1872 3534; x_wconf 89' lang='lat' dir='ltr'><strong>integra</strong></span> <span class='ocrx_word' id='word_1_493' title='bbox 1892 3462 2139 3534; x_wconf 70' lang='lat' dir='ltr'><strong>quaedam</strong></span> 
     </span>
    </p>
   </div>
   <div class='ocr_carea' id='block_1_65' title="bbox 539 3553 2138 3631">
    <p class='ocr_par' dir='ltr' id='par_1_65' title="bbox 539 3553 2138 3631">
     <span class='ocr_line' id='line_1_65' title="bbox 539 3553 2138 3631; baseline -0.003 -17"><span class='ocrx_word' id='word_1_494' title='bbox 539 3558 717 3631; x_wconf 83' lang='lat' dir='ltr'><strong>capita</strong></span> <span class='ocrx_word' id='word_1_495' title='bbox 747 3553 1148 3617; x_wconf 54' lang='lat' dir='ltr'><strong>iisdem&#39;verbis</strong></span> <span class='ocrx_word' id='word_1_496' title='bbox 1168 3576 1236 3616; x_wconf 79' lang='lat' dir='ltr'><strong>ex</strong></span> <span class='ocrx_word' id='word_1_497' title='bbox 1264 3575 1371 3615; x_wconf 94' lang='lat' dir='ltr'><strong>uno</strong></span> <span class='ocrx_word' id='word_1_498' title='bbox 1416 3559 1470 3613; x_wconf 92' lang='lat' dir='ltr'><strong>in</strong></span> <span class='ocrx_word' id='word_1_499' title='bbox 1493 3557 1635 3613; x_wconf 88' lang='lat' dir='ltr'><strong>aliud</strong></span> <span class='ocrx_word' id='word_1_500' title='bbox 1668 3558 1992 3627; x_wconf 89' lang='lat' dir='ltr'><strong>opusculum</strong></span> <span class='ocrx_word' id='word_1_501' title='bbox 2033 3571 2138 3611; x_wconf 93' lang='lat' dir='ltr'><strong>non</strong></span> 
     </span>
    </p>
   </div>
   <div class='ocr_carea' id='block_1_66' title="bbox 540 3651 2138 3726">
    <p class='ocr_par' dir='ltr' id='par_1_66' title="bbox 540 3651 2138 3726">
     <span class='ocr_line' id='line_1_66' title="bbox 540 3651 2138 3726; baseline -0.002 -18"><span class='ocrx_word' id='word_1_502' title='bbox 540 3668 836 3726; x_wconf 88' lang='lat' dir='ltr'><strong>numquam</strong></span> <span class='ocrx_word' id='word_1_503' title='bbox 877 3654 1223 3725; x_wconf 83' lang='lat' dir='ltr'><strong>transcripsit</strong></span> <span class='ocrx_word' id='word_1_504' title='bbox 1242 3653 1268 3707; x_wconf 79' lang='lat' dir='ltr'><strong>‘t</strong></span> <span class='ocrx_word' id='word_1_505' title='bbox 1297 3652 1538 3724; x_wconf 87' lang='lat' dir='ltr'><strong>Epistola</strong></span> <span class='ocrx_word' id='word_1_506' title='bbox 1568 3651 1802 3707; x_wconf 79' lang='lat' dir='ltr'><strong>celebris</strong></span> <span class='ocrx_word' id='word_1_507' title='bbox 1829 3651 1895 3706; x_wconf 90' lang='lat' dir='ltr'><strong>ad</strong></span> <span class='ocrx_word' id='word_1_508' title='bbox 1925 3651 2138 3706; x_wconf 84' lang='lat' dir='ltr'><strong>Flavia-</strong></span> 
     </span>
    </p>
   </div>
   <div class='ocr_carea' id='block_1_67' title="bbox 540 3737 2139 3819">
    <p class='ocr_par' dir='ltr' id='par_1_67' title="bbox 540 3737 2139 3819">
     <span class='ocr_line' id='line_1_67' title="bbox 540 3737 2139 3819; baseline -0.001 -18"><span class='ocrx_word' id='word_1_509' title='bbox 540 3761 689 3814; x_wconf 92' lang='lat' dir='ltr'><strong>num,</strong></span> <span class='ocrx_word' id='word_1_510' title='bbox 716 3737 836 3819; x_wconf 84' lang='lat' dir='ltr'><strong>cap.</strong></span> <span class='ocrx_word' id='word_1_511' title='bbox 855 3747 890 3804; x_wconf 79' lang='lat'><strong>3</strong></span> <span class='ocrx_word' id='word_1_512' title='bbox 910 3756 967 3806; x_wconf 91' lang='lat' dir='ltr'><strong>et</strong></span> <span class='ocrx_word' id='word_1_513' title='bbox 992 3748 1044 3812; x_wconf 75' lang='grc' dir='ltr'><strong>ι,</strong></span> <span class='ocrx_word' id='word_1_514' title='bbox 1076 3746 1263 3818; x_wconf 88' lang='lat' dir='ltr'><strong>plures</strong></span> <span class='ocrx_word' id='word_1_515' title='bbox 1289 3745 1588 3804; x_wconf 79' lang='lat' dir='ltr'><strong>sententias</strong></span> <span class='ocrx_word' id='word_1_516' title='bbox 1609 3746 1873 3810; x_wconf 88' lang='lat' dir='ltr'><strong>continet,</strong></span> <span class='ocrx_word' id='word_1_517' title='bbox 1907 3759 2042 3815; x_wconf 91' lang='lat' dir='ltr'><strong>quas</strong></span> <span class='ocrx_word' id='word_1_518' title='bbox 2071 3759 2139 3800; x_wconf 79' lang='lat' dir='ltr'><strong>ex</strong></span> 
     </span>
    </p>
   </div>
   <div class='ocr_carea' id='block_1_68' title="bbox 537 3837 2138 3908">
    <p class='ocr_par' dir='ltr' id='par_1_68' title="bbox 537 3837 2138 3908">
     <span class='ocr_line' id='line_1_68' title="bbox 537 3837 2138 3908; baseline -0.001 -14"><span class='ocrx_word' id='word_1_519' title='bbox 537 3840 702 3894; x_wconf 88' lang='lat' dir='ltr'><strong>variis</strong></span> <span class='ocrx_word' id='word_1_520' title='bbox 731 3841 1072 3896; x_wconf 86' lang='lat' dir='ltr'><strong>sermonibus</strong></span> <span class='ocrx_word' id='word_1_521' title='bbox 1095 3839 1164 3896; x_wconf 84' lang='lat' dir='ltr'><strong>de</strong></span> <span class='ocrx_word' id='word_1_522' title='bbox 1182 3838 1474 3894; x_wconf 85' lang='lat' dir='ltr'><strong>Nativitate</strong></span> <span class='ocrx_word' id='word_1_523' title='bbox 1504 3838 1705 3893; x_wconf 84' lang='lat' dir='ltr'><strong>Christi</strong></span> <span class='ocrx_word' id='word_1_524' title='bbox 1731 3839 2046 3908; x_wconf 86' lang='lat' dir='ltr'><strong>desumptas</strong></span> <span class='ocrx_word' id='word_1_525' title='bbox 2071 3837 2138 3892; x_wconf 90' lang='lat' dir='ltr'><strong>ad</strong></span> 
     </span>
    </p>
   </div>
   <div class='ocr_carea' id='block_1_69' title="bbox 537 3929 2136 4002">
    <p class='ocr_par' dir='ltr' id='par_1_69' title="bbox 537 3929 2136 4002">
     <span class='ocr_line' id='line_1_69' title="bbox 537 3929 2136 4002; baseline -0.001 -16"><span class='ocrx_word' id='word_1_526' title='bbox 537 3933 761 3988; x_wconf 89' lang='lat' dir='ltr'><strong>verbum</strong></span> <span class='ocrx_word' id='word_1_527' title='bbox 813 3943 1117 4002; x_wconf 90' lang='lat' dir='ltr'><strong>postremus</strong></span> <span class='ocrx_word' id='word_1_528' title='bbox 1155 3931 1336 3988; x_wconf 88' lang='lat' dir='ltr'><strong>editor</strong></span> <span class='ocrx_word' id='word_1_529' title='bbox 1375 3931 1440 3986; x_wconf 88' lang='lat' dir='ltr'><strong>ad</strong></span> <span class='ocrx_word' id='word_1_530' title='bbox 1473 3931 1773 4002; x_wconf 89' lang='lat' dir='ltr'><strong>marginem</strong></span> <span class='ocrx_word' id='word_1_531' title='bbox 1799 3931 2029 3986; x_wconf 90' lang='lat' dir='ltr'><strong>notavit.</strong></span> <span class='ocrx_word' id='word_1_532' title='bbox 2081 3929 2136 3984; x_wconf 89' lang='lat' dir='ltr'><strong>lu</strong></span> 
     </span>
    </p>
   </div>
   <div class='ocr_carea' id='block_1_70' title="bbox 537 4023 2135 4095">
    <p class='ocr_par' dir='ltr' id='par_1_70' title="bbox 537 4023 2135 4095">
     <span class='ocr_line' id='line_1_70' title="bbox 537 4023 2135 4095; baseline -0.001 -16"><span class='ocrx_word' id='word_1_533' title='bbox 537 4024 698 4095; x_wconf 90' lang='lat' dir='ltr'><strong>epist.</strong></span> <span class='ocrx_word' id='word_1_534' title='bbox 729 4023 820 4090; x_wconf 87' lang='lat'><strong>97,</strong></span> <span class='ocrx_word' id='word_1_535' title='bbox 877 4025 942 4080; x_wconf 91' lang='lat' dir='ltr'><strong>ad</strong></span> <span class='ocrx_word' id='word_1_536' title='bbox 979 4025 1276 4080; x_wconf 85' lang='lat' dir='ltr'><strong>monaclios</strong></span> <span class='ocrx_word' id='word_1_537' title='bbox 1303 4024 1629 4091; x_wconf 69' lang='lat' dir='ltr'><strong>Palmstinm,</strong></span> <span class='ocrx_word' id='word_1_538' title='bbox 1663 4036 1871 4094; x_wconf 87' lang='lat' dir='ltr'><strong>septem</strong></span> <span class='ocrx_word' id='word_1_539' title='bbox 1900 4023 2135 4094; x_wconf 87' lang='lat' dir='ltr'><strong>capitula</strong></span> 
     </span>
    </p>
   </div>
   <div class='ocr_carea' id='block_1_71' title="bbox 536 4113 2136 4188">
    <p class='ocr_par' dir='ltr' id='par_1_71' title="bbox 536 4113 2136 4188">
     <span class='ocr_line' id='line_1_71' title="bbox 536 4113 2136 4188; baseline 0.001 -19"><span class='ocrx_word' id='word_1_540' title='bbox 536 4113 825 4182; x_wconf 87' lang='lat' dir='ltr'><strong>habentur,</strong></span> <span class='ocrx_word' id='word_1_541' title='bbox 857 4132 978 4187; x_wconf 77' lang='lat' dir='ltr'><strong>quae</strong></span> <span class='ocrx_word' id='word_1_542' title='bbox 1020 4116 1244 4174; x_wconf 91' lang='lat' dir='ltr'><strong>totidem</strong></span> <span class='ocrx_word' id='word_1_543' title='bbox 1269 4116 1472 4181; x_wconf 88' lang='lat' dir='ltr'><strong>verbis,</strong></span> <span class='ocrx_word' id='word_1_544' title='bbox 1521 4117 1706 4188; x_wconf 73' lang='lat' dir='ltr'><strong>paucis</strong></span> <span class='ocrx_word' id='word_1_545' title='bbox 1746 4118 2020 4186; x_wconf 76' lang='lat' dir='ltr'><strong>exceptis,</strong></span> <span class='ocrx_word' id='word_1_546' title='bbox 2061 4117 2136 4171; x_wconf 89' lang='lat' dir='ltr'><strong>le-</strong></span> 
     </span>
    </p>
   </div>
   <div class='ocr_carea' id='block_1_72' title="bbox 535 4209 2133 4281">
    <p class='ocr_par' dir='ltr' id='par_1_72' title="bbox 535 4209 2133 4281">
     <span class='ocr_line' id='line_1_72' title="bbox 535 4209 2133 4281; baseline 0 -17"><span class='ocrx_word' id='word_1_547' title='bbox 535 4217 738 4280; x_wconf 86' lang='lat' dir='ltr'><strong>guntur</strong></span> <span class='ocrx_word' id='word_1_548' title='bbox 768 4210 819 4264; x_wconf 91' lang='lat' dir='ltr'><strong>in</strong></span> <span class='ocrx_word' id='word_1_549' title='bbox 852 4210 1079 4281; x_wconf 79' lang='lat' dir='ltr'><strong>episwla</strong></span> <span class='ocrx_word' id='word_1_550' title='bbox 1112 4209 1238 4276; x_wconf 74' lang='grc'><strong>154,</strong></span> <span class='ocrx_word' id='word_1_551' title='bbox 1269 4209 1336 4265; x_wconf 88' lang='lat' dir='ltr'><strong>ad</strong></span> <span class='ocrx_word' id='word_1_552' title='bbox 1366 4209 1602 4266; x_wconf 86' lang='lat' dir='ltr'><strong>Leonem</strong></span> <span class='ocrx_word' id='word_1_553' title='bbox 1630 4211 1954 4279; x_wconf 76' lang='lat' dir='ltr'><strong>Augustum,</strong></span> <span class='ocrx_word' id='word_1_554' title='bbox 1984 4218 2040 4264; x_wconf 92' lang='lat' dir='ltr'><strong>et</strong></span> <span class='ocrx_word' id='word_1_555' title='bbox 2081 4211 2133 4264; x_wconf 93' lang='lat' dir='ltr'><strong>in</strong></span> 
     </span>
    </p>
   </div>
   <div class='ocr_carea' id='block_1_73' title="bbox 537 4301 2130 4375">
    <p class='ocr_par' dir='ltr' id='par_1_73' title="bbox 537 4301 2130 4375">
     <span class='ocr_line' id='line_1_73' title="bbox 537 4301 2130 4375; baseline -0.001 -18"><span class='ocrx_word' id='word_1_556' title='bbox 537 4305 775 4375; x_wconf 89' lang='lat' dir='ltr'><strong>utrisque</strong></span> <span class='ocrx_word' id='word_1_557' title='bbox 804 4301 888 4360; x_wconf 89' lang='lat' dir='ltr'><strong>his</strong></span> <span class='ocrx_word' id='word_1_558' title='bbox 916 4303 1164 4374; x_wconf 87' lang='lat' dir='ltr'><strong>epistolis</strong></span> <span class='ocrx_word' id='word_1_559' title='bbox 1190 4305 1380 4374; x_wconf 85' lang='lat' dir='ltr'><strong>longus</strong></span> <span class='ocrx_word' id='word_1_560' title='bbox 1412 4303 1683 4358; x_wconf 89' lang='lat' dir='ltr'><strong>invenitur</strong></span> <span class='ocrx_word' id='word_1_561' title='bbox 1706 4303 1857 4358; x_wconf 91' lang='lat' dir='ltr'><strong>locus</strong></span> <span class='ocrx_word' id='word_1_562' title='bbox 1879 4318 1944 4358; x_wconf 78' lang='lat' dir='ltr'><strong>ex</strong></span> <span class='ocrx_word' id='word_1_563' title='bbox 1967 4316 2130 4357; x_wconf 92' lang='lat' dir='ltr'><strong>scrm.</strong></span> 
     </span>
    </p>
   </div>
   <div class='ocr_carea' id='block_1_74' title="bbox 536 4396 2135 4469">
    <p class='ocr_par' dir='ltr' id='par_1_74' title="bbox 536 4396 2135 4469">
     <span class='ocr_line' id='line_1_74' title="bbox 536 4396 2135 4469; baseline -0.002 -18"><span class='ocrx_word' id='word_1_564' title='bbox 536 4396 625 4462; x_wconf 82' lang='lat'><strong>6|,</strong></span> <span class='ocrx_word' id='word_1_565' title='bbox 649 4397 716 4451; x_wconf 94' lang='lat' dir='ltr'><strong>de</strong></span> <span class='ocrx_word' id='word_1_566' title='bbox 743 4398 1000 4453; x_wconf 84' lang='lat' dir='ltr'><strong>Passione</strong></span> <span class='ocrx_word' id='word_1_567' title='bbox 1035 4398 1268 4463; x_wconf 89' lang='lat' dir='ltr'><strong>Domini,</strong></span> <span class='ocrx_word' id='word_1_568' title='bbox 1292 4397 1384 4469; x_wconf 90' lang='lat' dir='ltr'><strong>qui</strong></span> <span class='ocrx_word' id='word_1_569' title='bbox 1415 4397 1522 4453; x_wconf 91' lang='lat' dir='ltr'><strong>duo</strong></span> <span class='ocrx_word' id='word_1_570' title='bbox 1547 4397 1752 4468; x_wconf 85' lang='lat' dir='ltr'><strong>integra</strong></span> <span class='ocrx_word' id='word_1_571' title='bbox 1780 4397 1955 4465; x_wconf 80' lang='lat' dir='ltr'><strong>capita</strong></span> <span class='ocrx_word' id='word_1_572' title='bbox 1983 4409 2135 4450; x_wconf 93' lang='lat' dir='ltr'><strong>com-</strong></span> 
     </span>
    </p>
   </div>
   <div class='ocr_carea' id='block_1_75' title="bbox 531 4488 2131 4562">
    <p class='ocr_par' dir='ltr' id='par_1_75' title="bbox 531 4488 2131 4562">
     <span class='ocr_line' id='line_1_75' title="bbox 531 4488 2131 4562; baseline -0.001 -18"><span class='ocrx_word' id='word_1_573' title='bbox 531 4491 800 4562; x_wconf 88' lang='lat' dir='ltr'><strong>plectitur.</strong></span> <span class='ocrx_word' id='word_1_574' title='bbox 827 4491 1086 4557; x_wconf 87' lang='lat' dir='ltr'><strong>Tandem,</strong></span> <span class='ocrx_word' id='word_1_575' title='bbox 1107 4492 1248 4562; x_wconf 90' lang='lat' dir='ltr'><strong>quod</strong></span> <span class='ocrx_word' id='word_1_576' title='bbox 1279 4493 1472 4546; x_wconf 88' lang='lat' dir='ltr'><strong>mirttm</strong></span> <span class='ocrx_word' id='word_1_577' title='bbox 1495 4491 1728 4546; x_wconf 83' lang='lat' dir='ltr'><strong>maxime</strong></span> <span class='ocrx_word' id='word_1_578' title='bbox 1753 4489 1986 4555; x_wconf 90' lang='lat' dir='ltr'><strong>accidet,</strong></span> <span class='ocrx_word' id='word_1_579' title='bbox 2010 4488 2131 4543; x_wconf 70' lang='lat' dir='ltr'><strong>dum</strong></span> 
     </span>
    </p>
   </div>
   <div class='ocr_carea' id='block_1_76' title="bbox 533 4582 2129 4654">
    <p class='ocr_par' dir='ltr' id='par_1_76' title="bbox 533 4582 2129 4654">
     <span class='ocr_line' id='line_1_76' title="bbox 533 4582 2129 4654; baseline -0.001 -16"><span class='ocrx_word' id='word_1_580' title='bbox 533 4582 778 4654; x_wconf 73' lang='lat' dir='ltr'><strong>epistola:</strong></span> <span class='ocrx_word' id='word_1_581' title='bbox 807 4582 875 4638; x_wconf 90' lang='lat' dir='ltr'><strong>ad</strong></span> <span class='ocrx_word' id='word_1_582' title='bbox 904 4582 1270 4648; x_wconf 88' lang='lat' dir='ltr'><strong>Pulcheriam,</strong></span> <span class='ocrx_word' id='word_1_583' title='bbox 1295 4584 1455 4654; x_wconf 86' lang='lat' dir='ltr'><strong>epist.</strong></span> <span class='ocrx_word' id='word_1_584' title='bbox 1481 4583 1548 4636; x_wconf 78' lang='grc'><strong>27</strong></span> <span class='ocrx_word' id='word_1_585' title='bbox 1575 4592 1624 4637; x_wconf 91' lang='lat' dir='ltr'><strong>et</strong></span> <span class='ocrx_word' id='word_1_586' title='bbox 1651 4583 1737 4642; x_wconf 79' lang='lat'><strong>30,</strong></span> <span class='ocrx_word' id='word_1_587' title='bbox 1764 4583 2022 4652; x_wconf 80' lang='lat' dir='ltr'><strong>pleraque</strong></span> <span class='ocrx_word' id='word_1_588' title='bbox 2045 4597 2129 4637; x_wconf 89' lang='lat' dir='ltr'><strong>rc-</strong></span> 
     </span>
    </p>
   </div>
   <div class='ocr_carea' id='block_1_77' title="bbox 533 4675 2127 4750">
    <p class='ocr_par' dir='ltr' id='par_1_77' title="bbox 533 4675 2127 4750">
     <span class='ocr_line' id='line_1_77' title="bbox 533 4675 2127 4750; baseline -0.001 -16"><span class='ocrx_word' id='word_1_589' title='bbox 533 4678 698 4748; x_wconf 88' lang='lat' dir='ltr'><strong>petita</strong></span> <span class='ocrx_word' id='word_1_590' title='bbox 723 4678 1026 4747; x_wconf 89' lang='lat' dir='ltr'><strong>continent,</strong></span> <span class='ocrx_word' id='word_1_591' title='bbox 1059 4678 1516 4750; x_wconf 86' lang='lat' dir='ltr'><strong>quemadmodum</strong></span> <span class='ocrx_word' id='word_1_592' title='bbox 1549 4686 1603 4733; x_wconf 91' lang='lat' dir='ltr'><strong>et</strong></span> <span class='ocrx_word' id='word_1_593' title='bbox 1630 4677 1750 4732; x_wconf 73' lang='lat' dir='ltr'><strong>dua:</strong></span> <span class='ocrx_word' id='word_1_594' title='bbox 1780 4676 1846 4731; x_wconf 90' lang='lat' dir='ltr'><strong>ad</strong></span> <span class='ocrx_word' id='word_1_595' title='bbox 1875 4675 2127 4732; x_wconf 86' lang='lat' dir='ltr'><strong>Theodo-</strong></span> 
     </span>
    </p>
   </div>
   <div class='ocr_carea' id='block_1_78' title="bbox 531 4769 2130 4841">
    <p class='ocr_par' dir='ltr' id='par_1_78' title="bbox 531 4769 2130 4841">
     <span class='ocr_line' id='line_1_78' title="bbox 531 4769 2130 4841; baseline -0.001 -17"><span class='ocrx_word' id='word_1_596' title='bbox 531 4769 670 4824; x_wconf 92' lang='lat' dir='ltr'><strong>sium</strong></span> <span class='ocrx_word' id='word_1_597' title='bbox 693 4772 855 4841; x_wconf 80' lang='lat' dir='ltr'><strong>Aug.,</strong></span> <span class='ocrx_word' id='word_1_598' title='bbox 873 4785 963 4841; x_wconf 91' lang='lat' dir='ltr'><strong>ep.</strong></span> <span class='ocrx_word' id='word_1_599' title='bbox 994 4771 1064 4827; x_wconf 83' lang='lat'><strong>39</strong></span> <span class='ocrx_word' id='word_1_600' title='bbox 1087 4782 1140 4826; x_wconf 93' lang='lat' dir='ltr'><strong>et</strong></span> <span class='ocrx_word' id='word_1_601' title='bbox 1162 4769 1255 4836; x_wconf 72' lang='lat'><strong>40,</strong></span> <span class='ocrx_word' id='word_1_602' title='bbox 1287 4769 1414 4826; x_wconf 88' lang='lat' dir='ltr'><strong>licet</strong></span> <span class='ocrx_word' id='word_1_603' title='bbox 1449 4769 1655 4824; x_wconf 90' lang='lat' dir='ltr'><strong>eisdem</strong></span> <span class='ocrx_word' id='word_1_604' title='bbox 1682 4769 1931 4840; x_wconf 77' lang='lat' dir='ltr'><strong>personis</strong></span> <span class='ocrx_word' id='word_1_605' title='bbox 1947 4779 2003 4824; x_wconf 91' lang='lat' dir='ltr'><strong>et</strong></span> <span class='ocrx_word' id='word_1_606' title='bbox 2022 4769 2130 4824; x_wconf 82' lang='lat' dir='ltr'><strong>exi-</strong></span> 
     </span>
    </p>
   </div>
   <div class='ocr_carea' id='block_1_79' title="bbox 529 4859 2127 4936">
    <p class='ocr_par' dir='ltr' id='par_1_79' title="bbox 529 4859 2127 4936">
     <span class='ocr_line' id='line_1_79' title="bbox 529 4859 2127 4936; baseline 0 -17"><span class='ocrx_word' id='word_1_607' title='bbox 529 4879 636 4936; x_wconf 89' lang='lat' dir='ltr'><strong>guo</strong></span> <span class='ocrx_word' id='word_1_608' title='bbox 658 4865 873 4935; x_wconf 92' lang='lat' dir='ltr'><strong>quidem</strong></span> <span class='ocrx_word' id='word_1_609' title='bbox 897 4864 1186 4920; x_wconf 84' lang='lat' dir='ltr'><strong>intervallo</strong></span> <span class='ocrx_word' id='word_1_610' title='bbox 1217 4863 1426 4919; x_wconf 58' lang='lat' dir='ltr'><strong>traditae</strong></span> <span class='ocrx_word' id='word_1_611' title='bbox 1457 4859 1678 4919; x_wconf 78' lang='lat' dir='ltr'><strong>fuerint.</strong></span> <span class='ocrx_word' id='word_1_612' title='bbox 1723 4863 1874 4930; x_wconf 89' lang='lat' dir='ltr'><strong>Quod</strong></span> <span class='ocrx_word' id='word_1_613' title='bbox 1897 4864 1940 4919; x_wconf 89' lang='lat' dir='ltr'><strong>si</strong></span> <span class='ocrx_word' id='word_1_614' title='bbox 1967 4864 2127 4919; x_wconf 90' lang='lat' dir='ltr'><strong>hasce</strong></span> 
     </span>
    </p>
   </div>
   <div class='ocr_carea' id='block_1_80' title="bbox 529 4957 2127 5029">
    <p class='ocr_par' dir='ltr' id='par_1_80' title="bbox 529 4957 2127 5029">
     <span class='ocr_line' id='line_1_80' title="bbox 529 4957 2127 5029; baseline -0.001 -15"><span class='ocrx_word' id='word_1_615' title='bbox 529 4960 600 5014; x_wconf 90' lang='lat' dir='ltr'><strong>ob</strong></span> <span class='ocrx_word' id='word_1_616' title='bbox 629 4959 981 5029; x_wconf 87' lang='lat' dir='ltr'><strong>repetitiones</strong></span> <span class='ocrx_word' id='word_1_617' title='bbox 1010 4959 1268 5019; x_wconf 83' lang='lat' dir='ltr'><strong>aliumab</strong></span> <span class='ocrx_word' id='word_1_618' title='bbox 1289 4958 1599 5022; x_wconf 82' lang='lat' dir='ltr'><strong>Ambrosio,</strong></span> <span class='ocrx_word' id='word_1_619' title='bbox 1621 4958 2050 5024; x_wconf 85' lang='lat' dir='ltr'><strong>Leone,velaliis</strong></span> <span class='ocrx_word' id='word_1_620' title='bbox 2074 4957 2127 5013; x_wconf 91' lang='lat' dir='ltr'><strong>id</strong></span> 
     </span>
    </p>
   </div>
   <div class='ocr_carea' id='block_1_81' title="bbox 531 5049 2125 5126">
    <p class='ocr_par' dir='ltr' id='par_1_81' title="bbox 531 5049 2125 5126">
     <span class='ocr_line' id='line_1_81' title="bbox 531 5049 2125 5126; baseline 0 -21"><span class='ocrx_word' id='word_1_621' title='bbox 531 5051 766 5118; x_wconf 85' lang='lat' dir='ltr'><strong>generis,</strong></span> <span class='ocrx_word' id='word_1_622' title='bbox 790 5066 923 5122; x_wconf 84' lang='lat' dir='ltr'><strong>quos</strong></span> <span class='ocrx_word' id='word_1_623' title='bbox 958 5049 1134 5126; x_wconf 78' lang='lat' dir='ltr'><strong>[sun]</strong></span> <span class='ocrx_word' id='word_1_624' title='bbox 1153 5051 1430 5107; x_wconf 82' lang='lat' dir='ltr'><strong>brevitatis</strong></span> <span class='ocrx_word' id='word_1_625' title='bbox 1452 5052 1621 5122; x_wconf 89' lang='lat' dir='ltr'><strong>gratia</strong></span> <span class='ocrx_word' id='word_1_626' title='bbox 1643 5052 2125 5120; x_wconf 81' lang='lat' dir='ltr'><strong>pra-termiltimus,</strong></span> 
     </span>
    </p>
   </div>
   <div class='ocr_carea' id='block_1_82' title="bbox 533 5145 2128 5213">
    <p class='ocr_par' dir='ltr' id='par_1_82' title="bbox 533 5145 2128 5213">
     <span class='ocr_line' id='line_1_82' title="bbox 533 5145 2128 5213; baseline 0.001 -15"><span class='ocrx_word' id='word_1_627' title='bbox 533 5145 883 5213; x_wconf 89' lang='lat' dir='ltr'><strong>repetitarum</strong></span> <span class='ocrx_word' id='word_1_628' title='bbox 914 5145 1349 5201; x_wconf 88' lang='lat' dir='ltr'><strong>lucubrationum</strong></span> <span class='ocrx_word' id='word_1_629' title='bbox 1373 5146 1666 5202; x_wconf 83' lang='lat' dir='ltr'><strong>Auctorem</strong></span> <span class='ocrx_word' id='word_1_630' title='bbox 1690 5161 1850 5200; x_wconf 91' lang='lat' dir='ltr'><strong>nemo</strong></span> <span class='ocrx_word' id='word_1_631' title='bbox 1876 5147 2128 5209; x_wconf 85' lang='lat' dir='ltr'><strong>opinatus</strong></span> 
     </span>
    </p>
   </div>
   <div class='ocr_carea' id='block_1_83' title="bbox 527 5236 2122 5308">
    <p class='ocr_par' dir='ltr' id='par_1_83' title="bbox 527 5236 2122 5308">
     <span class='ocr_line' id='line_1_83' title="bbox 527 5236 2122 5308; baseline -0.001 -16"><span class='ocrx_word' id='word_1_632' title='bbox 527 5246 646 5302; x_wconf 87' lang='lat' dir='ltr'><strong>est;</strong></span> <span class='ocrx_word' id='word_1_633' title='bbox 685 5253 846 5293; x_wconf 91' lang='lat' dir='ltr'><strong>nemo</strong></span> <span class='ocrx_word' id='word_1_634' title='bbox 896 5238 1023 5292; x_wconf 91' lang='lat' dir='ltr'><strong>item</strong></span> <span class='ocrx_word' id='word_1_635' title='bbox 1065 5248 1255 5308; x_wconf 87' lang='lat' dir='ltr'><strong>urgeat</strong></span> <span class='ocrx_word' id='word_1_636' title='bbox 1296 5237 1671 5308; x_wconf 89' lang='lat' dir='ltr'><strong>repetitionem</strong></span> <span class='ocrx_word' id='word_1_637' title='bbox 1705 5246 1758 5292; x_wconf 90' lang='lat' dir='ltr'><strong>et</strong></span> <span class='ocrx_word' id='word_1_638' title='bbox 1808 5236 2122 5292; x_wconf 88' lang='lat' dir='ltr'><strong>similitudi-</strong></span> 
     </span>
    </p>
   </div>
   <div class='ocr_carea' id='block_1_84' title="bbox 527 5328 2120 5400">
    <p class='ocr_par' dir='ltr' id='par_1_84' title="bbox 527 5328 2120 5400">
     <span class='ocr_line' id='line_1_84' title="bbox 527 5328 2120 5400; baseline 0 -16"><span class='ocrx_word' id='word_1_639' title='bbox 527 5345 652 5385; x_wconf 91' lang='lat' dir='ltr'><strong>nem</strong></span> <span class='ocrx_word' id='word_1_640' title='bbox 679 5330 985 5400; x_wconf 89' lang='lat' dir='ltr'><strong>aliquorum</strong></span> <span class='ocrx_word' id='word_1_641' title='bbox 1012 5348 1077 5386; x_wconf 82' lang='lat' dir='ltr'><strong>ex</strong></span> <span class='ocrx_word' id='word_1_642' title='bbox 1105 5331 1362 5387; x_wconf 89' lang='lat' dir='ltr'><strong>brevibus</strong></span> <span class='ocrx_word' id='word_1_643' title='bbox 1390 5331 1559 5385; x_wconf 83' lang='lat' dir='ltr'><strong>nostri</strong></span> <span class='ocrx_word' id='word_1_644' title='bbox 1590 5328 1848 5384; x_wconf 85' lang='lat' dir='ltr'><strong>Auctoris</strong></span> <span class='ocrx_word' id='word_1_645' title='bbox 1879 5331 2120 5384; x_wconf 83' lang='lat' dir='ltr'><strong>tractati-</strong></span> 
     </span>
    </p>
   </div>
   <div class='ocr_carea' id='block_1_85' title="bbox 524 5421 2116 5496">
    <p class='ocr_par' dir='ltr' id='par_1_85' title="bbox 524 5421 2116 5496">
     <span class='ocr_line' id='line_1_85' title="bbox 524 5421 2116 5496; baseline -0.001 -18"><span class='ocrx_word' id='word_1_646' title='bbox 524 5421 649 5490; x_wconf 88' lang='lat' dir='ltr'><strong>bus,</strong></span> <span class='ocrx_word' id='word_1_647' title='bbox 697 5423 763 5480; x_wconf 90' lang='lat' dir='ltr'><strong>de</strong></span> <span class='ocrx_word' id='word_1_648' title='bbox 808 5440 912 5496; x_wconf 90' lang='lat' dir='ltr'><strong>qua</strong></span> <span class='ocrx_word' id='word_1_649' title='bbox 952 5424 1177 5491; x_wconf 76' lang='lat' dir='ltr'><strong>videsis,</strong></span> <span class='ocrx_word' id='word_1_650' title='bbox 1211 5440 1331 5494; x_wconf 62' lang='lat' dir='ltr'><strong>quae</strong></span> <span class='ocrx_word' id='word_1_651' title='bbox 1366 5424 1418 5478; x_wconf 93' lang='lat' dir='ltr'><strong>in</strong></span> <span class='ocrx_word' id='word_1_652' title='bbox 1449 5423 1834 5478; x_wconf 78' lang='lat' dir='ltr'><strong>AdmOuitione</strong></span> <span class='ocrx_word' id='word_1_653' title='bbox 1861 5422 1927 5477; x_wconf 90' lang='lat' dir='ltr'><strong>ad</strong></span> <span class='ocrx_word' id='word_1_654' title='bbox 1959 5431 2116 5478; x_wconf 88' lang='lat' dir='ltr'><strong>tract.</strong></span> 
     </span>
    </p>
   </div>
   <div class='ocr_carea' id='block_1_86' title="bbox 521 5514 1803 5588">
    <p class='ocr_par' dir='ltr' id='par_1_86' title="bbox 521 5514 1803 5588">
     <span class='ocr_line' id='line_1_86' title="bbox 521 5514 1803 5588; baseline -0.001 -17"><span class='ocrx_word' id='word_1_655' title='bbox 521 5514 596 5571; x_wconf 79' lang='lat'><strong>50</strong></span> <span class='ocrx_word' id='word_1_656' title='bbox 628 5516 720 5570; x_wconf 92' lang='lat' dir='ltr'><strong>lib.</strong></span> <span class='ocrx_word' id='word_1_657' title='bbox 751 5532 810 5583; x_wconf 85' lang='lat' dir='ltr'><strong>tt,</strong></span> <span class='ocrx_word' id='word_1_658' title='bbox 837 5532 958 5588; x_wconf 90' lang='lat' dir='ltr'><strong>pag.</strong></span> <span class='ocrx_word' id='word_1_659' title='bbox 978 5516 1108 5582; x_wconf 71' lang='lat'><strong>238,</strong></span> <span class='ocrx_word' id='word_1_660' title='bbox 1140 5527 1403 5587; x_wconf 70' lang='lat' dir='ltr'><strong>prmtcrea</strong></span> <span class='ocrx_word' id='word_1_661' title='bbox 1431 5517 1803 5570; x_wconf 89' lang='lat' dir='ltr'><strong>observamus.</strong></span> 
     </span>
    </p>
   </div>
   <div class='ocr_carea' id='block_1_87' title="bbox 593 5607 2121 5680">
    <p class='ocr_par' dir='ltr' id='par_1_87' title="bbox 593 5607 2121 5680">
     <span class='ocr_line' id='line_1_87' title="bbox 593 5607 2121 5680; baseline -0.001 -18"><span class='ocrx_word' id='word_1_662' title='bbox 593 5607 851 5666; x_wconf 87' lang='lat' dir='ltr'><strong>Venimus</strong></span> <span class='ocrx_word' id='word_1_663' title='bbox 879 5608 988 5680; x_wconf 92' lang='lat' dir='ltr'><strong>jam</strong></span> <span class='ocrx_word' id='word_1_664' title='bbox 1015 5609 1080 5665; x_wconf 89' lang='lat' dir='ltr'><strong>ad</strong></span> <span class='ocrx_word' id='word_1_665' title='bbox 1117 5608 1412 5666; x_wconf 88' lang='lat' dir='ltr'><strong>discrimen</strong></span> <span class='ocrx_word' id='word_1_666' title='bbox 1444 5607 1596 5676; x_wconf 91' lang='lat' dir='ltr'><strong>illud,</strong></span> <span class='ocrx_word' id='word_1_667' title='bbox 1624 5607 1767 5678; x_wconf 91' lang='lat' dir='ltr'><strong>quod</strong></span> <span class='ocrx_word' id='word_1_668' title='bbox 1795 5623 1860 5664; x_wconf 85' lang='lat' dir='ltr'><strong>cx</strong></span> <span class='ocrx_word' id='word_1_669' title='bbox 1891 5607 2121 5664; x_wconf 89' lang='lat' dir='ltr'><strong>aliorum</strong></span> 
     </span>
    </p>
   </div>
   <div class='ocr_carea' id='block_1_88' title="bbox 515 5702 2120 5776">
    <p class='ocr_par' dir='ltr' id='par_1_88' title="bbox 515 5702 2120 5776">
     <span class='ocr_line' id='line_1_88' title="bbox 515 5702 2120 5776; baseline 0 -18"><span class='ocrx_word' id='word_1_670' title='bbox 515 5703 902 5776; x_wconf 80' lang='lat' dir='ltr'><strong>perspicuitate</strong></span> <span class='ocrx_word' id='word_1_671' title='bbox 933 5712 1253 5761; x_wconf 84' lang='lat' dir='ltr'><strong>tractatuum</strong></span> <span class='ocrx_word' id='word_1_672' title='bbox 1282 5745 1296 5771; x_wconf 91' lang='lat'><strong>,</strong></span> <span class='ocrx_word' id='word_1_673' title='bbox 1327 5702 1556 5761; x_wconf 86' lang='lat' dir='ltr'><strong>aliorum</strong></span> <span class='ocrx_word' id='word_1_674' title='bbox 1586 5702 1916 5760; x_wconf 88' lang='lat' dir='ltr'><strong>obscuritate</strong></span> <span class='ocrx_word' id='word_1_675' title='bbox 1961 5703 2120 5760; x_wconf 86' lang='lat' dir='ltr'><strong>colli-</strong></span> 
     </span>
    </p>
   </div>
   <div class='ocr_carea' id='block_1_89' title="bbox 2247 3181 3844 3250">
    <p class='ocr_par' dir='ltr' id='par_1_89' title="bbox 2247 3181 3844 3250">
     <span class='ocr_line' id='line_1_89' title="bbox 2247 3181 3844 3250; baseline 0.002 -17"><span class='ocrx_word' id='word_1_676' title='bbox 2247 3181 2496 3245; x_wconf 88' lang='lat' dir='ltr'><strong>nniemn,</strong></span> <span class='ocrx_word' id='word_1_677' title='bbox 2530 3181 2701 3250; x_wconf 89' lang='lat' dir='ltr'><strong>quarti</strong></span> <span class='ocrx_word' id='word_1_678' title='bbox 2732 3181 2916 3236; x_wconf 82' lang='lat' dir='ltr'><strong>saeculi</strong></span> <span class='ocrx_word' id='word_1_679' title='bbox 2962 3182 3130 3237; x_wconf 86' lang='lat' dir='ltr'><strong>fuisse</strong></span> <span class='ocrx_word' id='word_1_680' title='bbox 3172 3183 3550 3247; x_wconf 63' lang='lat' dir='ltr'><strong>Ostendemns;</strong></span> <span class='ocrx_word' id='word_1_681' title='bbox 3582 3183 3654 3237; x_wconf 92' lang='lat' dir='ltr'><strong>ibi</strong></span> <span class='ocrx_word' id='word_1_682' title='bbox 3702 3185 3844 3237; x_wconf 89' lang='lat' dir='ltr'><strong>cnim</strong></span> 
     </span>
    </p>
   </div>
   <div class='ocr_carea' id='block_1_90' title="bbox 2244 3271 3842 3344">
    <p class='ocr_par' dir='ltr' id='par_1_90' title="bbox 2244 3271 3842 3344">
     <span class='ocr_line' id='line_1_90' title="bbox 2244 3271 3842 3344; baseline 0.002 -19"><span class='ocrx_word' id='word_1_683' title='bbox 2244 3285 2596 3340; x_wconf 60' lang='lat' dir='ltr'><strong>quaecumque</strong></span> <span class='ocrx_word' id='word_1_684' title='bbox 2623 3271 2769 3325; x_wconf 91' lang='lat' dir='ltr'><strong>aliud</strong></span> <span class='ocrx_word' id='word_1_685' title='bbox 2803 3282 3013 3341; x_wconf 88' lang='lat' dir='ltr'><strong>tempus</strong></span> <span class='ocrx_word' id='word_1_686' title='bbox 3053 3277 3365 3344; x_wconf 86' lang='lat' dir='ltr'><strong>prospicere</strong></span> <span class='ocrx_word' id='word_1_687' title='bbox 3402 3289 3505 3326; x_wconf 91' lang='lat' dir='ltr'><strong>non</strong></span> <span class='ocrx_word' id='word_1_688' title='bbox 3539 3273 3699 3329; x_wconf 92' lang='lat' dir='ltr'><strong>nullis</strong></span> <span class='ocrx_word' id='word_1_689' title='bbox 3735 3275 3842 3330; x_wconf 85' lang='lat' dir='ltr'><strong>visa</strong></span> 
     </span>
    </p>
   </div>
   <div class='ocr_carea' id='block_1_91' title="bbox 2243 3366 3840 3436">
    <p class='ocr_par' dir='ltr' id='par_1_91' title="bbox 2243 3366 3840 3436">
     <span class='ocr_line' id='line_1_91' title="bbox 2243 3366 3840 3436; baseline 0.001 -16"><span class='ocrx_word' id='word_1_690' title='bbox 2243 3375 2400 3428; x_wconf 76' lang='lat' dir='ltr'><strong>srmt,</strong></span> <span class='ocrx_word' id='word_1_691' title='bbox 2433 3375 2702 3436; x_wconf 91' lang='lat' dir='ltr'><strong>quatenus</strong></span> <span class='ocrx_word' id='word_1_692' title='bbox 2733 3366 2785 3420; x_wconf 91' lang='lat' dir='ltr'><strong>in</strong></span> <span class='ocrx_word' id='word_1_693' title='bbox 2821 3366 2959 3422; x_wconf 91' lang='lat' dir='ltr'><strong>idem</strong></span> <span class='ocrx_word' id='word_1_694' title='bbox 3005 3367 3261 3422; x_wconf 68' lang='lat' dir='ltr'><strong>saeculum</strong></span> <span class='ocrx_word' id='word_1_695' title='bbox 3303 3366 3587 3422; x_wconf 86' lang='lat' dir='ltr'><strong>commode</strong></span> <span class='ocrx_word' id='word_1_696' title='bbox 3612 3367 3840 3434; x_wconf 75' lang='lat' dir='ltr'><strong>eadaut,</strong></span> 
     </span>
    </p>
   </div>
   <div class='ocr_carea' id='block_1_92' title="bbox 2244 3462 2742 3518">
    <p class='ocr_par' dir='ltr' id='par_1_92' title="bbox 2244 3462 2742 3518">
     <span class='ocr_line' id='line_1_92' title="bbox 2244 3462 2742 3518; baseline 0 -2"><span class='ocrx_word' id='word_1_697' title='bbox 2244 3462 2590 3518; x_wconf 89' lang='lat' dir='ltr'><strong>statuendum</strong></span> <span class='ocrx_word' id='word_1_698' title='bbox 2619 3462 2742 3517; x_wconf 86' lang='lat' dir='ltr'><strong>erit.</strong></span> 
     </span>
    </p>
   </div>
   <div class='ocr_carea' id='block_1_93' title="bbox 2875 3575 3212 3633">
    <p class='ocr_par' dir='ltr' id='par_1_93' title="bbox 2875 3575 3212 3633">
     <span class='ocr_line' id='line_1_93' title="bbox 2875 3575 3212 3633; baseline -0.009 0"><span class='ocrx_word' id='word_1_699' title='bbox 2875 3575 3106 3633; x_wconf 85' lang='lat' dir='ltr'><strong>CAPUT</strong></span> <span class='ocrx_word' id='word_1_700' title='bbox 3146 3575 3212 3631; x_wconf 90' lang='lat' dir='ltr'><strong>ll.</strong></span> 
     </span>
    </p>
   </div>
   <div class='ocr_carea' id='block_1_94' title="bbox 2244 3709 3837 3764">
    <p class='ocr_par' dir='ltr' id='par_1_94' title="bbox 2244 3709 3837 3764">
     <span class='ocr_line' id='line_1_94' title="bbox 2244 3709 3837 3764; baseline 0.001 -13"><span class='ocrx_word' id='word_1_701' title='bbox 2244 3710 2672 3752; x_wconf 75' lang='lat' dir='ltr'><strong>DEIIONSTRATUR</strong></span> <span class='ocrx_word' id='word_1_702' title='bbox 2701 3711 2982 3752; x_wconf 72' lang='grc' dir='ltr'><strong>Αυοτοιιειι</strong></span> <span class='ocrx_word' id='word_1_703' title='bbox 3033 3709 3322 3751; x_wconf 69' lang='grc' dir='ltr'><strong>εεκιινειεεε</strong></span> <span class='ocrx_word' id='word_1_704' title='bbox 3349 3711 3568 3760; x_wconf 69' lang='grc' dir='ltr'><strong>ρυλκτο</strong></span> <span class='ocrx_word' id='word_1_705' title='bbox 3598 3710 3837 3764; x_wconf 62' lang='grc' dir='ltr'><strong>διϐυιιο,</strong></span> 
     </span>
    </p>
   </div>
   <div class='ocr_carea' id='block_1_95' title="bbox 2315 3805 3839 3858">
    <p class='ocr_par' dir='ltr' id='par_1_95' title="bbox 2315 3805 3839 3858">
     <span class='ocr_line' id='line_1_95' title="bbox 2315 3805 3839 3858; baseline 0.002 -13"><span class='ocrx_word' id='word_1_706' title='bbox 2315 3805 2584 3854; x_wconf 75' lang='grc' dir='ltr'><strong>ΕΙΒΕΙΙΟυΕ</strong></span> <span class='ocrx_word' id='word_1_707' title='bbox 2611 3805 2777 3846; x_wconf 70' lang='grc' dir='ltr'><strong>ΟΙΝΙΑ</strong></span> <span class='ocrx_word' id='word_1_708' title='bbox 2806 3806 3153 3858; x_wconf 73' lang='lat' dir='ltr'><strong>CONGBUEBE,</strong></span> <span class='ocrx_word' id='word_1_709' title='bbox 3187 3806 3304 3855; x_wconf 61' lang='lat' dir='ltr'><strong>001E</strong></span> <span class='ocrx_word' id='word_1_710' title='bbox 3335 3807 3388 3846; x_wconf 69' lang='grc' dir='ltr'><strong>ΙΝ</strong></span> <span class='ocrx_word' id='word_1_711' title='bbox 3417 3805 3645 3848; x_wconf 67' lang='lat' dir='ltr'><strong>OMNIBUS</strong></span> <span class='ocrx_word' id='word_1_712' title='bbox 3669 3807 3839 3848; x_wconf 73' lang='lat' dir='ltr'><strong>TllAC-</strong></span> 
     </span>
    </p>
   </div>
   <div class='ocr_carea' id='block_1_96' title="bbox 2313 3898 2963 3940">
    <p class='ocr_par' dir='ltr' id='par_1_96' title="bbox 2313 3898 2963 3940">
     <span class='ocr_line' id='line_1_96' title="bbox 2313 3898 2963 3940; baseline -0.002 -3"><span class='ocrx_word' id='word_1_713' title='bbox 2313 3898 2542 3939; x_wconf 78' lang='lat' dir='ltr'><strong>TATIBUS</strong></span> <span class='ocrx_word' id='word_1_714' title='bbox 2567 3898 2963 3940; x_wconf 76' lang='lat' dir='ltr'><strong>CONTINBNTUR.</strong></span> 
     </span>
    </p>
   </div>
   <div class='ocr_carea' id='block_1_97' title="bbox 2243 3995 3839 4071">
    <p class='ocr_par' dir='ltr' id='par_1_97' title="bbox 2243 3995 3839 4071">
     <span class='ocr_line' id='line_1_97' title="bbox 2243 3995 3839 4071; baseline 0.003 -22"><span class='ocrx_word' id='word_1_715' title='bbox 2243 3997 2270 4068; x_wconf 86' lang='lat'>§</span> <span class='ocrx_word' id='word_1_716' title='bbox 2302 3995 2340 4050; x_wconf 94' lang='grc'><strong>1.</strong></span> <span class='ocrx_word' id='word_1_717' title='bbox 2368 4027 2438 4038; x_wconf 91' lang='grc'><strong>-</strong></span> <span class='ocrx_word' id='word_1_718' title='bbox 2469 3995 2795 4066; x_wconf 76' lang='lat' dir='ltr'><strong>Expenditur</strong></span> <span class='ocrx_word' id='word_1_719' title='bbox 2836 3998 3053 4070; x_wconf 78' lang='lat' dir='ltr'><strong>insignis</strong></span> <span class='ocrx_word' id='word_1_720' title='bbox 3104 3999 3245 4052; x_wconf 81' lang='lat' dir='ltr'><strong>locus</strong></span> <span class='ocrx_word' id='word_1_721' title='bbox 3267 4040 3281 4065; x_wconf 93' lang='lat'><strong>,</strong></span> <span class='ocrx_word' id='word_1_722' title='bbox 3331 3998 3414 4052; x_wconf 85' lang='lat' dir='ltr'><strong>ubi</strong></span> <span class='ocrx_word' id='word_1_723' title='bbox 3461 3998 3839 4071; x_wconf 85' lang='lat' dir='ltr'><strong>quadringenti</strong></span> 
     </span>
    </p>
   </div>
   <div class='ocr_carea' id='block_1_98' title="bbox 2312 4089 3840 4149">
    <p class='ocr_par' dir='ltr' id='par_1_98' title="bbox 2312 4089 3840 4149">
     <span class='ocr_line' id='line_1_98' title="bbox 2312 4089 3840 4149; baseline 0.003 -5"><span class='ocrx_word' id='word_1_724' title='bbox 2312 4089 2481 4146; x_wconf 87' lang='lat' dir='ltr'><strong>ferme</strong></span> <span class='ocrx_word' id='word_1_725' title='bbox 2509 4092 2634 4146; x_wconf 89' lang='lat' dir='ltr'><strong>anni</strong></span> <span class='ocrx_word' id='word_1_726' title='bbox 2663 4093 2726 4146; x_wconf 88' lang='lat' dir='ltr'><strong>ab</strong></span> <span class='ocrx_word' id='word_1_727' title='bbox 2752 4091 2973 4147; x_wconf 82' lang='lat' dir='ltr'><strong>Auctore</strong></span> <span class='ocrx_word' id='word_1_728' title='bbox 2996 4103 3340 4148; x_wconf 72' lang='lat' dir='ltr'><strong>recensentur.</strong></span> <span class='ocrx_word' id='word_1_729' title='bbox 3371 4092 3656 4147; x_wconf 80' lang='lat' dir='ltr'><strong>Arbitraria</strong></span> <span class='ocrx_word' id='word_1_730' title='bbox 3676 4096 3840 4149; x_wconf 87' lang='lat' dir='ltr'><strong>edito-</strong></span> 
     </span>
    </p>
   </div>
   <div class='ocr_carea' id='block_1_99' title="bbox 2309 4184 3839 4243">
    <p class='ocr_par' dir='ltr' id='par_1_99' title="bbox 2309 4184 3839 4243">
     <span class='ocr_line' id='line_1_99' title="bbox 2309 4184 3839 4243; baseline 0.003 -5"><span class='ocrx_word' id='word_1_731' title='bbox 2309 4201 2425 4238; x_wconf 87' lang='lat' dir='ltr'><strong>rum</strong></span> <span class='ocrx_word' id='word_1_732' title='bbox 2461 4184 2830 4240; x_wconf 72' lang='lat' dir='ltr'><strong>Veronensium</strong></span> <span class='ocrx_word' id='word_1_733' title='bbox 2851 4185 3137 4243; x_wconf 81' lang='lat' dir='ltr'><strong>emendatio</strong></span> <span class='ocrx_word' id='word_1_734' title='bbox 3163 4197 3387 4241; x_wconf 88' lang='lat' dir='ltr'><strong>notatur.</strong></span> <span class='ocrx_word' id='word_1_735' title='bbox 3419 4185 3712 4243; x_wconf 68' lang='lat' dir='ltr'><strong>Cardinelis</strong></span> <span class='ocrx_word' id='word_1_736' title='bbox 3737 4188 3839 4242; x_wconf 82' lang='lat' dir='ltr'><strong>Bo-</strong></span> 
     </span>
    </p>
   </div>
   <div class='ocr_carea' id='block_1_100' title="bbox 2307 4279 3836 4352">
    <p class='ocr_par' dir='ltr' id='par_1_100' title="bbox 2307 4279 3836 4352">
     <span class='ocr_line' id='line_1_100' title="bbox 2307 4279 3836 4352; baseline 0.001 -21"><span class='ocrx_word' id='word_1_737' title='bbox 2307 4279 2441 4332; x_wconf 89' lang='lat' dir='ltr'><strong>ronii</strong></span> <span class='ocrx_word' id='word_1_738' title='bbox 2489 4280 2704 4352; x_wconf 84' lang='lat' dir='ltr'><strong>objectio</strong></span> <span class='ocrx_word' id='word_1_739' title='bbox 2743 4279 2862 4334; x_wconf 86' lang='lat' dir='ltr'><strong>aliis</strong></span> <span class='ocrx_word' id='word_1_740' title='bbox 2907 4280 3152 4348; x_wconf 76' lang='lat' dir='ltr'><strong>exemplis</strong></span> <span class='ocrx_word' id='word_1_741' title='bbox 3192 4279 3461 4334; x_wconf 85' lang='lat' dir='ltr'><strong>diluitur:</strong></span> <span class='ocrx_word' id='word_1_742' title='bbox 3506 4297 3567 4334; x_wconf 86' lang='lat' dir='ltr'><strong>ac</strong></span> <span class='ocrx_word' id='word_1_743' title='bbox 3608 4280 3669 4336; x_wconf 91' lang='lat' dir='ltr'><strong>S.</strong></span> <span class='ocrx_word' id='word_1_744' title='bbox 3707 4279 3836 4333; x_wconf 75' lang='lat' dir='ltr'><strong>Plii-</strong></span> 
     </span>
    </p>
   </div>
   <div class='ocr_carea' id='block_1_101' title="bbox 2312 4372 3836 4429">
    <p class='ocr_par' dir='ltr' id='par_1_101' title="bbox 2312 4372 3836 4429">
     <span class='ocr_line' id='line_1_101' title="bbox 2312 4372 3836 4429; baseline 0.001 -4"><span class='ocrx_word' id='word_1_745' title='bbox 2312 4372 2479 4426; x_wconf 83' lang='lat' dir='ltr'><strong>lnstrii</strong></span> <span class='ocrx_word' id='word_1_746' title='bbox 2535 4373 2881 4429; x_wconf 82' lang='lat' dir='ltr'><strong>testimonium</strong></span> <span class='ocrx_word' id='word_1_747' title='bbox 2933 4373 3202 4426; x_wconf 85' lang='lat' dir='ltr'><strong>arbitrarie</strong></span> <span class='ocrx_word' id='word_1_748' title='bbox 3247 4373 3369 4427; x_wconf 83' lang='lat' dir='ltr'><strong>item</strong></span> <span class='ocrx_word' id='word_1_749' title='bbox 3419 4373 3740 4427; x_wconf 85' lang='lat' dir='ltr'><strong>emendatum</strong></span> <span class='ocrx_word' id='word_1_750' title='bbox 3784 4376 3836 4427; x_wconf 88' lang='lat' dir='ltr'><strong>in</strong></span> 
     </span>
    </p>
   </div>
   <div class='ocr_carea' id='block_1_102' title="bbox 2308 4465 3836 4536">
    <p class='ocr_par' dir='ltr' id='par_1_102' title="bbox 2308 4465 3836 4536">
     <span class='ocr_line' id='line_1_102' title="bbox 2308 4465 3836 4536; baseline -0.001 -16"><span class='ocrx_word' id='word_1_751' title='bbox 2308 4466 2528 4520; x_wconf 87' lang='lat' dir='ltr'><strong>editione</strong></span> <span class='ocrx_word' id='word_1_752' title='bbox 2577 4465 2852 4532; x_wconf 84' lang='lat' dir='ltr'><strong>Fabricii,</strong></span> <span class='ocrx_word' id='word_1_753' title='bbox 2909 4482 2974 4520; x_wconf 83' lang='lat' dir='ltr'><strong>ea:</strong></span> <span class='ocrx_word' id='word_1_754' title='bbox 3021 4467 3123 4536; x_wconf 81' lang='lat' dir='ltr'><strong>[ide</strong></span> <span class='ocrx_word' id='word_1_755' title='bbox 3178 4467 3410 4520; x_wconf 86' lang='lat' dir='ltr'><strong>codicum</strong></span> <span class='ocrx_word' id='word_1_756' title='bbox 3466 4465 3836 4521; x_wconf 85' lang='lat' dir='ltr'><strong>restituendum</strong></span> 
     </span>
    </p>
   </div>
   <div class='ocr_carea' id='block_1_103' title="bbox 2306 4557 3838 4631">
    <p class='ocr_par' dir='ltr' id='par_1_103' title="bbox 2306 4557 3838 4631">
     <span class='ocr_line' id='line_1_103' title="bbox 2306 4557 3838 4631; baseline 0 -19"><span class='ocrx_word' id='word_1_757' title='bbox 2306 4559 2611 4614; x_wconf 82' lang='lat' dir='ltr'><strong>ostenditur.</strong></span> <span class='ocrx_word' id='word_1_758' title='bbox 2645 4558 2764 4613; x_wconf 84' lang='lat' dir='ltr'><strong>Alia</strong></span> <span class='ocrx_word' id='word_1_759' title='bbox 2807 4559 3042 4628; x_wconf 71' lang='lat' dir='ltr'><strong>quazdam</strong></span> <span class='ocrx_word' id='word_1_760' title='bbox 3081 4561 3307 4631; x_wconf 76' lang='lat' dir='ltr'><strong>ejusdem</strong></span> <span class='ocrx_word' id='word_1_761' title='bbox 3353 4559 3454 4613; x_wconf 88' lang='lat' dir='ltr'><strong>loci</strong></span> <span class='ocrx_word' id='word_1_762' title='bbox 3491 4557 3640 4613; x_wconf 80' lang='lat' dir='ltr'><strong>verba</strong></span> <span class='ocrx_word' id='word_1_763' title='bbox 3669 4561 3838 4612; x_wconf 85' lang='lat' dir='ltr'><strong>consi-</strong></span> 
     </span>
    </p>
   </div>
   <div class='ocr_carea' id='block_1_104' title="bbox 2306 4650 2571 4706">
    <p class='ocr_par' dir='ltr' id='par_1_104' title="bbox 2306 4650 2571 4706">
     <span class='ocr_line' id='line_1_104' title="bbox 2306 4650 2571 4706; baseline 0 -2"><span class='ocrx_word' id='word_1_764' title='bbox 2306 4650 2571 4706; x_wconf 88' lang='lat' dir='ltr'><strong>derantur.</strong></span> 
     </span>
    </p>
   </div>
   <div class='ocr_carea' id='block_1_105' title="bbox 2305 4764 3833 4838">
    <p class='ocr_par' dir='ltr' id='par_1_105' title="bbox 2305 4764 3833 4838">
     <span class='ocr_line' id='line_1_105' title="bbox 2305 4764 3833 4838; baseline 0.001 -18"><span class='ocrx_word' id='word_1_765' title='bbox 2305 4764 2439 4820; x_wconf 90' lang='lat' dir='ltr'><strong>Cum</strong></span> <span class='ocrx_word' id='word_1_766' title='bbox 2461 4765 2529 4820; x_wconf 92' lang='lat' dir='ltr'><strong>de</strong></span> <span class='ocrx_word' id='word_1_767' title='bbox 2553 4765 2788 4820; x_wconf 90' lang='lat' dir='ltr'><strong>auctoris</strong></span> <span class='ocrx_word' id='word_1_768' title='bbox 2808 4774 2967 4820; x_wconf 59' lang='lat' dir='ltr'><strong>astate</strong></span> <span class='ocrx_word' id='word_1_769' title='bbox 2994 4781 3101 4820; x_wconf 91' lang='lat' dir='ltr'><strong>non</strong></span> <span class='ocrx_word' id='word_1_770' title='bbox 3129 4766 3348 4823; x_wconf 92' lang='lat' dir='ltr'><strong>aliunde</strong></span> <span class='ocrx_word' id='word_1_771' title='bbox 3369 4767 3644 4838; x_wconf 68' lang='lat' dir='ltr'><strong>cognosci,</strong></span> <span class='ocrx_word' id='word_1_772' title='bbox 3673 4782 3833 4837; x_wconf 87' lang='lat' dir='ltr'><strong>quam</strong></span> 
     </span>
    </p>
   </div>
   <div class='ocr_carea' id='block_1_106' title="bbox 2233 4859 3836 4932">
    <p class='ocr_par' dir='ltr' id='par_1_106' title="bbox 2233 4859 3836 4932">
     <span class='ocr_line' id='line_1_106' title="bbox 2233 4859 3836 4932; baseline 0.002 -19"><span class='ocrx_word' id='word_1_773' title='bbox 2233 4874 2297 4913; x_wconf 84' lang='lat' dir='ltr'><strong>ex</strong></span> <span class='ocrx_word' id='word_1_774' title='bbox 2325 4859 2529 4930; x_wconf 91' lang='lat' dir='ltr'><strong>aliquot</strong></span> <span class='ocrx_word' id='word_1_775' title='bbox 2553 4860 2788 4929; x_wconf 89' lang='lat' dir='ltr'><strong>ipsorum</strong></span> <span class='ocrx_word' id='word_1_776' title='bbox 2814 4869 3138 4915; x_wconf 88' lang='lat' dir='ltr'><strong>tractatuum</strong></span> <span class='ocrx_word' id='word_1_777' title='bbox 3165 4861 3487 4916; x_wconf 72' lang='lat' dir='ltr'><strong>testimoniis</strong></span> <span class='ocrx_word' id='word_1_778' title='bbox 3517 4862 3704 4932; x_wconf 88' lang='lat' dir='ltr'><strong>possit,</strong></span> <span class='ocrx_word' id='word_1_779' title='bbox 3735 4878 3836 4917; x_wconf 88' lang='lat' dir='ltr'><strong>nec</strong></span> 
     </span>
    </p>
   </div>
   <div class='ocr_carea' id='block_1_107' title="bbox 2232 4951 3834 5024">
    <p class='ocr_par' dir='ltr' id='par_1_107' title="bbox 2232 4951 3834 5024">
     <span class='ocr_line' id='line_1_107' title="bbox 2232 4951 3834 5024; baseline 0.001 -17"><span class='ocrx_word' id='word_1_780' title='bbox 2232 4968 2294 5007; x_wconf 89' lang='lat' dir='ltr'><strong>ea</strong></span> <span class='ocrx_word' id='word_1_781' title='bbox 2322 4953 2423 5008; x_wconf 83' lang='lat' dir='ltr'><strong>nisi</strong></span> <span class='ocrx_word' id='word_1_782' title='bbox 2451 4951 2765 5024; x_wconf 86' lang='lat' dir='ltr'><strong>singillatim</strong></span> <span class='ocrx_word' id='word_1_783' title='bbox 2793 4952 2995 5018; x_wconf 80' lang='lat' dir='ltr'><strong>all‘erri,</strong></span> <span class='ocrx_word' id='word_1_784' title='bbox 3028 4963 3082 5008; x_wconf 82' lang='lat' dir='ltr'><strong>et</strong></span> <span class='ocrx_word' id='word_1_785' title='bbox 3109 4953 3444 5010; x_wconf 88' lang='lat' dir='ltr'><strong>considerari</strong></span> <span class='ocrx_word' id='word_1_786' title='bbox 3473 4964 3706 5024; x_wconf 86' lang='lat' dir='ltr'><strong>queant;</strong></span> <span class='ocrx_word' id='word_1_787' title='bbox 3742 4970 3834 5009; x_wconf 87' lang='lat' dir='ltr'><strong>vc-</strong></span> 
     </span>
    </p>
   </div>
   <div class='ocr_carea' id='block_1_108' title="bbox 2229 5046 3836 5118">
    <p class='ocr_par' dir='ltr' id='par_1_108' title="bbox 2229 5046 3836 5118">
     <span class='ocr_line' id='line_1_108' title="bbox 2229 5046 3836 5118; baseline -0.002 -16"><span class='ocrx_word' id='word_1_788' title='bbox 2229 5063 2435 5113; x_wconf 86' lang='lat' dir='ltr'><strong>remur,</strong></span> <span class='ocrx_word' id='word_1_789' title='bbox 2453 5061 2538 5114; x_wconf 91' lang='lat' dir='ltr'><strong>ne,</strong></span> <span class='ocrx_word' id='word_1_790' title='bbox 2557 5046 2682 5102; x_wconf 93' lang='lat' dir='ltr'><strong>dum</strong></span> <span class='ocrx_word' id='word_1_791' title='bbox 2705 5063 2770 5102; x_wconf 83' lang='lat' dir='ltr'><strong>ex</strong></span> <span class='ocrx_word' id='word_1_792' title='bbox 2797 5047 2978 5117; x_wconf 91' lang='lat' dir='ltr'><strong>aliquo</strong></span> <span class='ocrx_word' id='word_1_793' title='bbox 3006 5056 3240 5102; x_wconf 90' lang='lat' dir='ltr'><strong>tractatu</strong></span> <span class='ocrx_word' id='word_1_794' title='bbox 3270 5059 3588 5118; x_wconf 89' lang='lat' dir='ltr'><strong>argumenta</strong></span> <span class='ocrx_word' id='word_1_795' title='bbox 3611 5047 3836 5102; x_wconf 88' lang='lat' dir='ltr'><strong>elicien-</strong></span> 
     </span>
    </p>
   </div>
   <div class='ocr_carea' id='block_1_109' title="bbox 2231 5142 3833 5213">
    <p class='ocr_par' dir='ltr' id='par_1_109' title="bbox 2231 5142 3833 5213">
     <span class='ocr_line' id='line_1_109' title="bbox 2231 5142 3833 5213; baseline 0.001 -17"><span class='ocrx_word' id='word_1_796' title='bbox 2231 5151 2336 5206; x_wconf 88' lang='lat' dir='ltr'><strong>tur,</strong></span> <span class='ocrx_word' id='word_1_797' title='bbox 2366 5159 2484 5211; x_wconf 68' lang='lat' dir='ltr'><strong>qum</strong></span> <span class='ocrx_word' id='word_1_798' title='bbox 2514 5151 2765 5213; x_wconf 84' lang='lat' dir='ltr'><strong>quartum</strong></span> <span class='ocrx_word' id='word_1_799' title='bbox 2795 5143 3051 5197; x_wconf 78' lang='lat' dir='ltr'><strong>sreculnm</strong></span> <span class='ocrx_word' id='word_1_800' title='bbox 3081 5152 3270 5213; x_wconf 85' lang='lat' dir='ltr'><strong>aperte</strong></span> <span class='ocrx_word' id='word_1_801' title='bbox 3302 5142 3550 5212; x_wconf 88' lang='lat' dir='ltr'><strong>prodant,</strong></span> <span class='ocrx_word' id='word_1_802' title='bbox 3581 5143 3625 5196; x_wconf 89' lang='lat' dir='ltr'><strong>si</strong></span> <span class='ocrx_word' id='word_1_803' title='bbox 3651 5159 3715 5198; x_wconf 84' lang='lat' dir='ltr'><strong>ex</strong></span> <span class='ocrx_word' id='word_1_804' title='bbox 3751 5143 3833 5197; x_wconf 87' lang='lat' dir='ltr'><strong>bis</strong></span> 
     </span>
    </p>
   </div>
   <div class='ocr_carea' id='block_1_110' title="bbox 2229 5234 3835 5290">
    <p class='ocr_par' dir='ltr' id='par_1_110' title="bbox 2229 5234 3835 5290">
     <span class='ocr_line' id='line_1_110' title="bbox 2229 5234 3835 5290; baseline 0 -2"><span class='ocrx_word' id='word_1_805' title='bbox 2229 5235 2461 5290; x_wconf 89' lang='lat' dir='ltr'><strong>subinde</strong></span> <span class='ocrx_word' id='word_1_806' title='bbox 2489 5237 2730 5290; x_wconf 92' lang='lat' dir='ltr'><strong>omnium</strong></span> <span class='ocrx_word' id='word_1_807' title='bbox 2765 5245 3087 5290; x_wconf 85' lang='lat' dir='ltr'><strong>tractatuum</strong></span> <span class='ocrx_word' id='word_1_808' title='bbox 3117 5245 3390 5289; x_wconf 91' lang='lat' dir='ltr'><strong>auctorem</strong></span> <span class='ocrx_word' id='word_1_809' title='bbox 3427 5234 3602 5290; x_wconf 90' lang='lat' dir='ltr'><strong>eidem</strong></span> <span class='ocrx_word' id='word_1_810' title='bbox 3635 5235 3835 5290; x_wconf 65' lang='lat' dir='ltr'><strong>sarculo</strong></span> 
     </span>
    </p>
   </div>
   <div class='ocr_carea' id='block_1_111' title="bbox 2230 5325 3834 5399">
    <p class='ocr_par' dir='ltr' id='par_1_111' title="bbox 2230 5325 3834 5399">
     <span class='ocr_line' id='line_1_111' title="bbox 2230 5325 3834 5399; baseline -0.001 -18"><span class='ocrx_word' id='word_1_811' title='bbox 2230 5325 2555 5398; x_wconf 72' lang='lat' dir='ltr'><strong>alligandum</strong></span> <span class='ocrx_word' id='word_1_812' title='bbox 2587 5342 2894 5399; x_wconf 88' lang='lat' dir='ltr'><strong>arguamus,</strong></span> <span class='ocrx_word' id='word_1_813' title='bbox 2927 5327 3228 5382; x_wconf 85' lang='lat' dir='ltr'><strong>illationcm</strong></span> <span class='ocrx_word' id='word_1_814' title='bbox 3261 5327 3494 5381; x_wconf 89' lang='lat' dir='ltr'><strong>lectores</strong></span> <span class='ocrx_word' id='word_1_815' title='bbox 3523 5342 3626 5381; x_wconf 92' lang='lat' dir='ltr'><strong>non</strong></span> <span class='ocrx_word' id='word_1_816' title='bbox 3658 5325 3834 5398; x_wconf 83' lang='lat' dir='ltr'><strong>legiti-</strong></span> 
     </span>
    </p>
   </div>
   <div class='ocr_carea' id='block_1_112' title="bbox 2229 5421 3830 5492">
    <p class='ocr_par' dir='ltr' id='par_1_112' title="bbox 2229 5421 3830 5492">
     <span class='ocr_line' id='line_1_112' title="bbox 2229 5421 3830 5492; baseline -0.002 -17"><span class='ocrx_word' id='word_1_817' title='bbox 2229 5436 2371 5476; x_wconf 86' lang='lat' dir='ltr'><strong>mam</strong></span> <span class='ocrx_word' id='word_1_818' title='bbox 2405 5431 2674 5491; x_wconf 87' lang='lat' dir='ltr'><strong>regerant.</strong></span> <span class='ocrx_word' id='word_1_819' title='bbox 2708 5421 2816 5476; x_wconf 84' lang='lat' dir='ltr'><strong>Hos</strong></span> <span class='ocrx_word' id='word_1_820' title='bbox 2848 5421 3028 5489; x_wconf 88' lang='lat' dir='ltr'><strong>itaque</strong></span> <span class='ocrx_word' id='word_1_821' title='bbox 3057 5425 3236 5476; x_wconf 90' lang='lat' dir='ltr'><strong>statim</strong></span> <span class='ocrx_word' id='word_1_822' title='bbox 3271 5421 3372 5476; x_wconf 86' lang='lat' dir='ltr'><strong>hoc</strong></span> <span class='ocrx_word' id='word_1_823' title='bbox 3413 5421 3566 5478; x_wconf 88' lang='lat' dir='ltr'><strong>initio</strong></span> <span class='ocrx_word' id='word_1_824' title='bbox 3599 5437 3830 5492; x_wconf 69' lang='grc' dir='ltr'><strong>ιιι-ωιιιο-</strong></span> 
     </span>
    </p>
   </div>
   <div class='ocr_carea' id='block_1_113' title="bbox 2231 5512 3832 5584">
    <p class='ocr_par' dir='ltr' id='par_1_113' title="bbox 2231 5512 3832 5584">
     <span class='ocr_line' id='line_1_113' title="bbox 2231 5512 3832 5584; baseline 0.001 -17"><span class='ocrx_word' id='word_1_825' title='bbox 2231 5514 2372 5569; x_wconf 88' lang='lat' dir='ltr'><strong>nitus</strong></span> <span class='ocrx_word' id='word_1_826' title='bbox 2399 5514 2671 5579; x_wconf 89' lang='lat' dir='ltr'><strong>volumus,</strong></span> <span class='ocrx_word' id='word_1_827' title='bbox 2696 5512 3044 5568; x_wconf 89' lang='lat' dir='ltr'><strong>meminerint</strong></span> <span class='ocrx_word' id='word_1_828' title='bbox 3076 5513 3275 5583; x_wconf 91' lang='lat' dir='ltr'><strong>primo,</strong></span> <span class='ocrx_word' id='word_1_829' title='bbox 3306 5513 3533 5584; x_wconf 91' lang='lat' dir='ltr'><strong>nosjam</strong></span> <span class='ocrx_word' id='word_1_830' title='bbox 3564 5514 3832 5583; x_wconf 87' lang='lat' dir='ltr'><strong>superiori</strong></span> 
     </span>
    </p>
   </div>
   <div class='ocr_carea' id='block_1_114' title="bbox 2229 5607 3828 5678">
    <p class='ocr_par' dir='ltr' id='par_1_114' title="bbox 2229 5607 3828 5678">
     <span class='ocr_line' id='line_1_114' title="bbox 2229 5607 3828 5678; baseline -0.003 -15"><span class='ocrx_word' id='word_1_831' title='bbox 2229 5607 2408 5678; x_wconf 90' lang='lat' dir='ltr'><strong>capite</strong></span> <span class='ocrx_word' id='word_1_832' title='bbox 2433 5608 2837 5663; x_wconf 87' lang='lat' dir='ltr'><strong>demonstrasse</strong></span> <span class='ocrx_word' id='word_1_833' title='bbox 2877 5623 3041 5662; x_wconf 91' lang='lat' dir='ltr'><strong>unum</strong></span> <span class='ocrx_word' id='word_1_834' title='bbox 3072 5621 3193 5663; x_wconf 90' lang='lat' dir='ltr'><strong>esse</strong></span> <span class='ocrx_word' id='word_1_835' title='bbox 3233 5607 3473 5664; x_wconf 92' lang='lat' dir='ltr'><strong>omnium</strong></span> <span class='ocrx_word' id='word_1_836' title='bbox 3508 5614 3828 5662; x_wconf 88' lang='lat' dir='ltr'><strong>tractatuum</strong></span> 
     </span>
    </p>
   </div>
   <div class='ocr_carea' id='block_1_115' title="bbox 2229 5698 3830 5771">
    <p class='ocr_par' dir='ltr' id='par_1_115' title="bbox 2229 5698 3830 5771">
     <span class='ocr_line' id='line_1_115' title="bbox 2229 5698 3830 5771; baseline -0.002 -13"><span class='ocrx_word' id='word_1_837' title='bbox 2229 5712 2530 5769; x_wconf 89' lang='lat' dir='ltr'><strong>auctorem,</strong></span> <span class='ocrx_word' id='word_1_838' title='bbox 2565 5701 2634 5756; x_wconf 91' lang='lat' dir='ltr'><strong>ita</strong></span> <span class='ocrx_word' id='word_1_839' title='bbox 2667 5708 2724 5756; x_wconf 91' lang='lat' dir='ltr'><strong>ut</strong></span> <span class='ocrx_word' id='word_1_840' title='bbox 2754 5698 3014 5771; x_wconf 86' lang='lat' dir='ltr'><strong>quidquid</strong></span> <span class='ocrx_word' id='word_1_841' title='bbox 3038 5699 3108 5756; x_wconf 90' lang='lat' dir='ltr'><strong>de</strong></span> <span class='ocrx_word' id='word_1_842' title='bbox 3138 5699 3295 5757; x_wconf 87' lang='lat' dir='ltr'><strong>unius</strong></span> <span class='ocrx_word' id='word_1_843' title='bbox 3322 5708 3578 5756; x_wconf 89' lang='lat' dir='ltr'><strong>tractatus</strong></span> <span class='ocrx_word' id='word_1_844' title='bbox 3607 5707 3830 5755; x_wconf 88' lang='lat' dir='ltr'><strong>auctore</strong></span> 
     </span>
    </p>
   </div>
  </div>
