4242 6168
356 210 422 267 41

1080 195 1550 255 DISSERTATIO
1587 194 1629 263 Ι,
1672 192 1762 250 DE
1800 192 1859 251 S.
1903 192 2227 256 ZENONIS.
2274 201 2528 260 TilACT.
2571 205 2658 261 ET
2700 204 2978 262 IETATE.
3637 209 3710 264 42

360 330 636 403 probetur,
657 324 787 380 satis
811 320 1075 393 probetur
1095 317 1162 372 de
1184 324 1426 373 auctore
1450 312 1622 390 [xuv]
1637 314 1902 377 omnium;
1923 327 1988 367 ac
2015 315 2070 374 A
2098 315 2381 390 imaginem
2404 339 2506 377 non
2534 332 2654 377 ante
2679 323 2872 378 swcula
2897 322 3054 392 fuisse
3081 318 3392 375 contendunt
3412 363 3428 388 ,
3450 324 3541 378 sed
3567 340 3625 379 eo
3647 341 3712 379 ex

360 420 554 478 deinde
579 417 785 473 consilii
816 411 990 468 nostri
1019 424 1160 474 esse,
1191 423 1304 462 non
1337 424 1415 464 ex
1449 409 1606 462 unius
1634 416 1860 470 tantum.
1885 405 1982 460 sed

360 509 426 572 ex
474 512 701 584 plurium
733 506 962 563 invicem
995 499 1420 558 concinentium
1456 508 1779 555 tractatuum
1827 498 1983 552 testi-

361 605 575 673 moniis,
607 617 723 674 qua:
745 597 977 656 subinde
998 594 1288 651 all‘eremus
1314 592 1386 647 iu
1419 593 1686 658 medium,
1717 591 1982 660 integram

363 696 550 770 capitis
594 691 1102 750 demonstrationem
1154 683 1460 741 conficere
1507 702 1521 738 :
1580 699 1742 754 quam
1801 693 1980 738 tamen

369 793 536 865 ipsam
587 803 690 844 nou
745 785 902 857 plane
949 779 1249 837 confectum
1314 778 1399 832 iri
1456 774 1824 840 intendimus,
1876 775 1983 830 nisi

367 893 710 955 posteaquam
751 875 1056 934 testimonia
1086 872 1323 942 aliquot,
1365 886 1495 942 quae
1521 869 1576 925 in
1599 869 1741 924 aliud
1772 878 1984 937 tempus

369 975 728 1034 transferenda
757 981 1023 1044 putantur,
1049 970 1226 1027 eidem
1250 971 1481 1025 sarculo
1519 968 1654 1024 nihil
1681 981 1985 1038 repugnare

370 1072 470 1126 sub
501 1072 658 1125 linem
685 1065 872 1134 capitis
899 1063 1263 1120 docuerimus.

446 1162 624 1229 Itaque
675 1157 1152 1229 quadringentorum
1205 1157 1379 1224 ferme
1439 1168 1698 1208 annorum
1747 1151 1982 1215 notatio,

373 1257 516 1328 quia
561 1253 745 1310 tradita
784 1248 1078 1306 Corinthiis
1123 1247 1382 1318 Epistola
1430 1248 1583 1302 Pauli
1625 1245 1691 1300 ad
1732 1243 1985 1300 Auctoris

373 1356 582 1404 aetatem
626 1354 972 1401 recensentur
1014 1346 1175 1394 tract.
1215 1339 1275 1405 5,
1320 1339 1421 1394 lib.
1454 1356 1506 1406 ι,
1546 1337 1773 1395 evidens
1817 1352 1983 1407 argu-

374 1447 609 1494 mentum
637 1445 717 1492 est
741 1451 863 1490 cum
890 1433 1087 1489 saeculo
1118 1441 1325 1500 quarto
1351 1431 1642 1500 scripsisse
1672 1448 1685 1484 :
1720 1430 1800 1486 sic
1839 1430 1984 1486 enim

373 1529 446 1584 ibi
478 1528 696 1582 habetur
721 1546 732 1580 :
762 1524 826 1580 At
861 1540 977 1579 cum
1004 1531 1121 1576 ante
1150 1539 1325 1576 annos
1358 1522 1519 1591 ferme
1545 1521 1982 1592 quadringentos,

372 1620 450 1675 vel
469 1636 527 1674 eo
552 1617 768 1686 amplius
781 1615 1146 1688 ,Apostolicum
1178 1615 1280 1668 hoc
1312 1623 1550 1685 aperetur
1593 1613 1848 1676 edictum,
1882 1631 1984 1684 quo

375 1721 422 1768 et
467 1710 734 1764 vivaciores
781 1711 920 1780 [uere
951 1707 1186 1760 homines
1212 1747 1228 1770 ,
1281 1715 1327 1760 et
1370 1704 1623 1759 rarissimi
1668 1704 1988 1769 Christiani;
2018 1705 2070 1766 B
2100 1704 2305 1774 scripto
2337 1710 2452 1764 sub
2477 1726 2578 1766 an.
2614 1717 2721 1772 555
2750 1723 2845 1775 vel
2873 1723 2988 1785 356
3011 1751 3028 1786 _~
3067 1704 3209 1794 p0,;

380 1819 473 1856 cur
500 1818 590 1873 ego
619 1801 892 1854 christiano
923 1797 1044 1852 orbe
1079 1798 1196 1867 ipso
1229 1797 1358 1868 pene
1374 1797 1488 1867 jam
1522 1807 1646 1862 toto,
1690 1794 1988 1850 hominum-

378 1913 477 1968 que
505 1897 762 1950 vivacitate
787 1893 977 1947 mundo
1006 1902 1308 1946 senescente
1339 1891 1545 1956 detrita,
1579 1891 1856 1945 obtundam
1877 1909 1991 1947 ver-

374 1989 454 2043 bis
476 1985 800 2058 palpantibus
822 1986 985 2040 aciem
1014 1984 1269 2048 veritatis,
1295 1993 1403 2037 etc.
1432 1983 1560 2050 Quir
1585 1983 1803 2053 quidem
1831 1985 1993 2040 cltro-

372 2081 493 2136 nica
526 2079 733 2134 notatio
762 2090 872 2132 tum
905 2079 960 2131 in
1012 2086 1148 2131 mss.
1177 2074 1452 2138 omnibus,
1502 2083 1612 2128 tum
1657 2075 1710 2129 iu
1755 2076 1993 2132 editione

373 2174 545 2245 prima
579 2171 780 2228 Veneta
811 2170 994 2241 palam
1027 2184 1090 2224 ac
1119 2167 1374 2223 distincte
1409 2167 1584 2239 posita
1612 2179 1696 2223 est
1718 2209 1732 2234 ,
1765 2185 1866 2226 nec
1891 2172 1996 2226 nisi

371 2264 426 2320 in
470 2262 757 2335 posteriori
795 2262 1047 2318 editione
1076 2259 1378 2316 Veronensi
1446 2274 1514 2314 ex
1558 2275 1664 2330 qua
1711 2261 1831 2316 alia:
1870 2277 2000 2333 pro-

374 2356 530 2414 rectm
556 2365 706 2423 suut,
738 2354 809 2410 ab
836 2353 1150 2410 editoribus
1178 2367 1528 2406 numerorum
1561 2353 1815 2408 mendum
1849 2356 2000 2410 incu-

372 2452 620 2508 santibus
635 2440 867 2522 ’ριόιιι-ἰο
891 2448 1074 2504 Marte
1097 2457 1302 2503 mutata
1325 2463 1391 2502 eo
1412 2462 1522 2502 uno
1548 2449 1866 2517 praejudicio
1887 2468 2002 2507 mo-

374 2553 539 2600 vente
561 2586 576 2608 ,
607 2544 753 2614 quod
784 2543 1087 2599 Auctorem
1136 2542 1297 2596 tertio
1337 2541 1538 2596 smculo
1566 2540 1773 2599 vixisse
1811 2545 2002 2614 Opina-

378 2649 590 2696 rentur.
625 2636 776 2706 Quod
804 2637 1075 2706 objicitur,
1108 2633 1374 2703 inquiunt,
1417 2648 1704 2688 sermonem
1735 2636 1799 2690 de
1825 2637 1999 2691 Comi.

375 2734 552 2788 nentia
579 2749 680 2786 non
704 2747 812 2786 esse
842 2730 907 2786 S.
939 2727 1178 2782 Zenonis
1209 2727 1471 2797 martyris,
1503 2743 1622 2780 cum
1648 2729 1701 2782 in
1723 2746 1783 2784 eo
1809 2731 2008 2802 tegatur

378 2829 576 2884 Auctor
606 2827 839 2897 abfuisse
879 2842 914 2878 a
962 2822 1030 2878 S.
1075 2820 1233 2874 Pauli
1278 2820 1511 2890 doctrina
1555 2821 1818 2895 divulgata
1857 2824 2008 2878 annis

378 2920 774 2994 quadringentis
804 2926 853 2972 et
881 2933 942 2972 eo
965 2913 1316 2984 amplius.....
1353 2912 1571 2968 dicimus
1596 2923 1822 2982 textum,
1855 2917 2010 2970 sicuti

385 3015 567 3068 multis
587 3016 636 3066 in
661 3012 785 3068 locis
805 3019 882 3066 est
911 3007 1217 3072 mendosus,
1239 3006 1340 3071 ira,
1367 3014 1421 3059 ut
1444 3022 1580 3078 uene
1599 3007 1658 3076 [it
1683 3009 1738 3062 in
1760 3008 2002 3072 numeris,

2097 416 2328 480 tempore
2366 429 2480 468 eum
2523 415 2783 468 Christum
2802 422 2851 466 et
2883 411 3083 466 Filium
3116 409 3209 463 Dei
3247 411 3441 480 {actum
3478 431 3622 483 esse,
3651 433 3715 471 ea:

2093 513 2201 565 quo
2230 513 2463 560 nostram
2489 523 2694 562 carnem
2719 522 2784 560 ea:
2814 504 3026 578 Virgine
3050 508 3352 575 assumpsit,
3376 512 3610 566 nontotis
3629 509 3719 565 ab-

2094 591 2223 648 hinc
2243 599 2636 671 quadringentis
2651 597 3104 654 annis.Eusebius
3116 595 3468 662 Casaricnsis
3479 603 3725 678 ejusdem

2094 688 2288 742 saeculi
2318 692 2578 762 scriptor,
2609 693 2701 763 qui
2742 690 2890 746 diem
2933 689 3071 746 obiit
3113 705 3204 749 an.
3248 699 3375 767 διο,
3419 703 3502 759 sic
3535 701 3734 760 eﬂ‘atur

2092 777 2193 833 lib.
2240 796 2282 836 il
2305 794 2496 841 contra
2529 785 2848 841 Marcellum
2881 788 3257 862 Ancyranum,
3288 803 3456 870 (ιαμι
3483 817 3498 854 ;
3531 798 3598 855 ιη
3627 801 3738 871 pri.

2095 871 2197 925 mis
2237 875 2570 942 paradoxum
2614 875 2748 931 illud
2785 887 2869 930 est
2911 880 3191 948 incwpisse
3230 888 3327 948 hoc
3359 893 3589 951 Verbum
3644 914 3746 953 non

2095 962 2161 1015 ab
2185 966 2336 1070 annis
2364 965 2488 1023 hinc
2515 980 2655 1024 retro
2685 968 3105 1042 quadringentis
3144 979 3396 1059 impletis.
3424 991 3760 1070 Psettdo-sy-

2095 1053 2277 1109 nodus
2303 1057 2660 1126 Sardicensis
2707 1063 2760 1112 in
2791 1060 3047 1119 decreto
3072 1053 3236 1144 apud
3268 1082 3536 1145 Hilarium
3574 1053 3770 1165 fragm.

2095 1148 2153 1212 5,
2197 1165 2346 1248 nunt.
2501 1166 2646 1248 tom.
2689 1169 2730 1240 tt
2745 1195 2759 1220 ,
2787 1170 2947 1228 pag.
2979 1158 3107 1238 6L3,
3133 1175 3394 1242 editionis
3427 1148 3758 1248 Veronensis

2094 1239 2350 1353 eumdem
2399 1243 2736 1303 Marcellum
2793 1249 3198 1330 Ancyrauum
3247 1235 3794 1353 reprehendi-Cibi;

2096 1372 2318 1436 “aqua,
2354 1372 2675 1444 γιυγισιεα
2703 1372 2871 1410 quuu
2918 1372 3138 1420 mutum
3159 1410 3176 1439 ,
3203 1372 3402 1447 inquit,
3431 1386 3683 1456 regnandi
3707 1403 3799 1442 ac.

2096 1442 2292 1478 cemsse
2323 1424 2639 1478 Dominum
2662 1433 2800 1478 diem
2841 1454 3007 1478 nne-
3037 1472 3091 1478 -.γ
3156 1465 3168 1478 .
3203 1469 3216 1478 .

2158 1433 2292 1493 pisse
2323 1433 2639 1542 Dominum
2662 1433 2800 1491 dicat
2841 1454 3007 1504 ame
3030 1433 3443 1542 quadring.em;s.

2095 1525 2840 1633 ΫΪῨῨ¹¹Ἓ⁵Ῠ⁰¹¹Ϋ⁵Χ¹¹⁰ί¹Ηε
2900 1523 3104 1611 habita
3151 1523 3806 1633 ρειῖῆξὶιιῗὲἶὶὶἷῦἷ

2096 1612 2211 1715 ri"?
2751 1627 2916 1685 ιειη-τ»
2985 1657 3026 1696 ..
3085 1612 3372 1712 εαξέτεῖξ
3405 1612 3804 1721 signa;

2611 1751 2721 1824 :uu
2756 1751 2985 1824 serico
3011 1751 3028 1786 :
3067 1751 3209 1794 rost
3236 1751 3652 1824 quadringentos
3707 1765 3808 1802 αη-

2100 1810 2338 1917 Ini":
2605 1810 2816 1917 5"938:
2851 1817 2982 1917 55,7.
3007 1841 3314 1900 postquam
3342 1841 3447 1899 Dei
3464 1810 3810 1917 “Unigenitus

2100 1901 2273 2000 generi
2302 1901 2556 2000 per-eunti
2595 1903 2870 1964 subvenire
2895 1915 3170 1986 dignatus
3199 1941 3396 1990 est.....
3426 1901 3658 1994 novella
3679 1952 3816 1995 nunc

2100 1993 2151 2098 it
2180 1991 2462 2089 teterrima
2469 1991 2721 2098 lues...”
2753 2000 2953 2059 Ariona
2982 2010 3186 2077 eiusa
3223 2033 3319 2077 est.
3360 2027 3420 2084 S.
3446 1991 3822 2098 vbil'iiaSifiC—S

2103 2077 2815 2197 ίιίθ-ηηυξο.
2844 2099 2936 2165 (lui
2983 2101 3056 2157 S.
3115 2077 3420 2174 Ambrosio

2103 2170 2321 2286 scripsit
2353 2186 2490 2286 ante
2516 2195 2607 2237 an.
2640 2185 2767 2254 59'],
2802 2189 2852 2242 in
2885 2196 3160 2255 omnibus

2751 2249 2762 2254 ν
3072 2249 3159 2255 .--,
3204 2249 3375 2264 vuum
3419 2249 3565 2269 σιιιιῦ
3747 2249 3755 2251 “

2104 2277 2226 2383 nem
2265 2265 2745 2383 {lamburgensem
2774 2295 2803 2334 a
2834 2280 2919 2336 Jo.
2952 2284 3198 2347 Alberto
3226 2297 3509 2355 Fabricio
3541 2249 3823 2383 elzzxz.

2106 2364 2236 2460 tam,
2270 2357 2396 2416 hme
2419 2366 2585 2422 tradit
2610 2383 2730 2440 cap.
2758 2372 2792 2426 5
2823 2389 2835 2426 :
2873 2373 2942 2428 Et
2964 2378 3094 2436 inde
3118 2400 3152 2435 a

2105 2451 2228 2551 anni
2254 2466 2502 2512 ccccxxx
2535 2460 2674 2526 plus.
2701 2461 2810 2518 Sed
2829 2464 3185 2535 Philastrius,
3220 2476 3382 2531 addit
3409 2438 3554 2538 ιηοέ

2104 2550 2245 2646 lecta
2277 2550 2637 2656 armata-tione
2662 2553 2970 2656 Fabricius,
3001 2573 3123 2617 ante
3149 2564 3218 2618 Α.
3248 2564 3313 2618 C.
3347 2569 3455 2622 591
3493 2550 3787 2656 ,ςενιίρἔὲζὲ

2109 2638 2506 2751 feuignilicap‘it
2692 2646 2999 2751 85,..atque
3050 2658 3296 2724 interfuit
3338 2664 3574 2722 concilio

2112 2727 2288 2783 leiensi
2429 2732 2489 2788 C.
2524 2736 2753 2792 587...”
2788 2739 2936 2798 Hinc
2991 2763 3272 2803 numerum
3317 2727 3763 2830 manifeste-2;:

2109 2833 2320 2922 ruptum
2361 2827 2858 2922 ita-restituendum
2890 2855 3013 2899 esse
3055 2839 3317 2916 judicavit
3363 2844 3589 2912 Latinus
3615 2827 3759 2922 Lati-

2111 2916 2259 3013 nius,
2289 2917 2372 3013 cui
2401 2918 2494 2972 alii
2540 2922 2636 2975 viri
2679 2926 2870 2980 eruditi
2914 2933 3336 2990 assentiuntur:
3367 2952 3420 2996 et
3467 2943 3520 3000 in
3566 2916 3718 3013 texi...)

2112 3009 2336 3108 proinde
2375 3009 2799 3108 [lamburgensis
2822 3020 3108 3081 editionis
3121 3025 3276 3104 [XLV]
3293 3003 3717 3104 emendavit

389 3108 464 3162 ibi
488 3124 599 3163 esse
625 3108 986 3176 deprauatum.
1018 3100 1195 3172 Quam
1225 3098 1530 3170 corrigendi
1565 3099 1826 3157 rationem
1860 3100 2008 3155 nullo
2033 3085 2080 3150 C
2114 3098 2182 3154 Et
2210 3101 2329 3155 inde
2349 3120 2380 3155 α
2402 3101 2625 3158 Domino
2641 3121 2800 3173 usque
2827 3125 2986 3171 nunc
3019 3085 3148 3173 anni

390 3199 579 3255 codice
608 3197 854 3253 innixam
874 3235 891 3263 ,
923 3195 1060 3260 imo,
1094 3200 1287 3248 contra
1319 3191 1476 3244 fidem
1505 3189 1750 3247 codicum
1783 3207 2010 3262 usurpa-

395 3302 500 3347 tam
534 3291 646 3364 (qui
692 3299 958 3361 prasterea
1006 3301 1116 3340 non
1150 3299 1249 3355 per
1294 3282 1597 3338 numerales
1621 3283 1828 3340 litteras
1856 3299 2007 3353 cccc,

394 3385 490 3442 sed
529 3399 664 3441 voce
689 3383 1100 3455 quadringentos
1147 3393 1435 3432 numerum
1479 3378 1816 3449 exprimunt)
1846 3379 2011 3434 Tille—

398 3478 634 3534 montius
675 3475 1040 3532 considerans
1081 3481 1270 3527 armet.
1302 3469 1335 3524 6
1365 3470 1416 3523 in
1449 3474 1875 3540 persecutionem
1905 3472 2010 3528 Va-

402 3569 592 3626 leriani
616 3611 632 3636 ,
665 3568 810 3623 illam
852 3567 986 3621 satis
1017 3573 1228 3622 certam
1258 3572 1312 3617 et
1356 3571 1521 3616 tutam
1563 3577 1683 3620 esse
1710 3564 1814 3630 ait,
1853 3575 1909 3619 ut
1952 3579 2011 3620 se

403 3667 529 3740 quis
564 3683 593 3721 a
631 3663 972 3738 gravissimis
1010 3659 1422 3719 difﬁcultatibus
1449 3660 1605 3715 facile
1637 3661 1898 3718 subducat
1924 3672 2008 3717 at-

408 3778 518 3834 que
546 3763 813 3833 expediat-

487 3855 631 3911 Hane
659 3855 1051 3910 correctionem
1088 3851 1226 3908 adeo
1252 3850 1594 3906 arbitrariam
1626 3861 1784 3921 atque
1814 3863 2007 3908 nutan-

411 3956 522 4006 tem
555 3960 608 4002 ut
634 3945 933 4003 suﬂ‘ulciret
958 3953 1401 4014 sustentaretque
1428 3939 1729 3998 Cardinalis
1753 3944 2012 3999 Baronius

409 4041 664 4098 secundis
689 4043 741 4095 in
776 4039 1220 4110 Martyrologium
1245 4035 1393 4091 curis
1415 4035 1544 4090 illud
1569 4036 1836 4108 opposuit,
1869 4035 2011 4107 quod

408 4135 460 4192 si
482 4134 879 4207 quadringentos
901 4142 949 4186 et
971 4149 1028 4188 eo
1050 4131 1275 4196 amplius
1295 4128 1633 4185 retinendum
1652 4130 1742 4195 sit,
1765 4129 2014 4186 Auctoris

409 4239 546 4286 mtas
577 4242 679 4283 uon
710 4225 778 4281 ad
804 4234 1054 4297 quartum
1083 4224 1286 4288 solum,
1317 4220 1412 4278 sed
1441 4220 1506 4276 ad
1535 4221 1769 4276 medium
1799 4221 2014 4277 circiter

409 4324 656 4395 quintum
687 4321 941 4377 sacculum
973 4317 1313 4390 proroganda
1343 4315 1448 4372 erit
1474 4333 1488 4370 :
1520 4314 1783 4385 siquidem
1817 4314 2014 4370 Paulus

413 4417 646 4488 primam
687 4413 752 4468 ad
781 4411 1099 4468 Corinthios
1125 4410 1423 4481 Epistolam
1467 4408 1605 4465 circa
1635 4409 1869 4463 medium
1903 4408 2010 4478 pri-

2111 3199 2291 3290 tamen
2322 3206 2389 3246 ex
2429 3209 2536 3290 non
2582 3195 2716 3249 satis
2744 3196 3057 3262 observata
3087 3211 3201 3282 ejus
3239 3225 3426 3281 saeculi
3446 3195 3748 3290 consuetu:

2111 3283 2241 3340 dine
2272 3283 2323 3339 iu
2351 3286 2509 3388 annis
2535 3290 2863 3388 annotandis
2895 3303 3167 3364 pendent.
3202 3283 3748 3388 Equidem

2113 3391 2222 3492 Ἢ
2248 3378 2660 3492 ῗῗνῖῗῗέῗδῗῖἷῖ,
2684 3391 3049 3492 “1’9"”???
3052 3396 3334 3467 ¹¹¹¹³ειτίυε
3359 3431 3491 3476 usus
3518 3421 3718 3492 tegitur

2112 3469 2303 3585 sed‘et
2328 3472 2516 3578 capite
2559 3472 2684 3585 “lli,
2718 3489 2848 3583 pag:
2884 3479 3039 3584 ⁸206,
3089 3493 3178 3549 ubi
3226 3469 3740 3585 scribitur

2111 3565 2428 3681 ciantrarium
2462 3568 2755 3681 invenitur,
2803 3572 2848 3624 si
2875 3573 2952 3628 ita
2998 3584 3091 3650 qui
3129 3598 3432 3655 senserint:

2114 3659 2411 3730 dringentos
2443 3659 2559 3730 jam
2614 3659 2730 3730 plus
2776 3679 2943 3720 annos
2988 3678 3237 3734 transisse
3285 3659 3735 3759 cognovimus'wc'a:

2112 3767 2212 3850 quo
2234 3752 2373 3850 venit
2415 3749 2670 3850 Domina:
2690 3794 2713 3850 ,Α
2747 3763 2898 3850 atque
2941 3765 3224 3832 completos
3258 3790 3276 3826 .·
3310 3749 3402 3834 ubi
3444 3749 3734 3850 arbitr-atri;

2115 3845 2276 3954 nimis
2302 3845 2587 3916 legendum
2623 3845 2903 3907 Fabricius
2942 3867 3132 3913 censet
3171 3868 3578 3946 quadringeni“
3613 3845 3730 3954 μιίῇ

2116 3936 2233 4032 plus
2272 3939 2441 3992 minus
2465 3953 2660 4006 annos,
2692 3953 2848 4007 cum,
2895 3946 2938 3998 si
2982 3944 3087 4002 hoc
3127 3936 3438 4023 significari:
3472 3936 3734 4032 νυιυίξεέί

2115 4030 2174 4086 S.
2206 4031 2539 4102 Episcopus,
2574 4031 2716 4087 baud
2758 4034 3056 4096 addidisset
3082 4052 3238 4118 atque
3262 4059 3566 4126 completos.
3603 4030 3729 4126 llaec

2115 4133 2294 4181 autem
2336 4136 2442 4182 tam
2474 4142 2731 4196 expressa
2761 4130 2966 4188 additio
2995 4137 3230 4205 priorem
3259 4161 3478 4219 quoque
3504 4157 3728 4217 chroni-

2115 4234 2234 4275 cam
2282 4221 2616 4277 notationem
2659 4221 2802 4280 baud
2843 4229 3219 4301 corrigendum
3263 4244 3583 4315 confirmat,
3619 4253 3727 4309 imo

2116 4313 2248 4408 satis
2280 4313 2454 4369 inuuit
2500 4329 2619 4408 eam
2661 4318 2973 4386 opinionem
3005 4322 3058 4376 id
3090 4330 3351 4394 temporis
3385 4337 3548 4408 τυιεο
3573 4313 3726 4399 δυη-

2122 4404 2325 4467 nuisse,
2357 4414 2416 4459 ut
2448 4404 2587 4504 anni
2620 4408 2999 4480 quadringenti
3030 4428 3059 4468 a
3104 4411 3324 4475 Christo
3364 4404 3505 4483 nato
3539 4430 3720 4504 ducti,

415 4477 564 4566 inum
594 4508 848 4563 sarculum
880 4507 1114 4578 scripsit.
1144 4506 1267 4577 Ipsa
1302 4505 1523 4560 Barouii
1554 4503 1714 4559 verba
1745 4504 1799 4558 in
1833 4518 2012 4571 prom-
2039 4477 2118 4542 Ῑγ
2120 4508 2244 4554 ante
2283 4513 2480 4554 annum
2523 4498 2594 4555 39
2631 4477 2894 4575 completi
2944 4517 3280 4576 putarentur.
3329 4477 3721 4586 Enimveromir;

419 4603 534 4658 mio
565 4599 846 4670 przesentis
867 4596 1265 4654 dissertationis
1293 4597 1515 4654 recitata
1539 4596 1800 4652 invenies.
1829 4595 1897 4651 At
1924 4598 2014 4668 qui

419 4694 541 4749 haec
566 4709 684 4748 cum
731 4691 962 4748 Baronio
998 4690 1298 4746 obtruduut
1354 4705 1464 4745 nou
1509 4693 1642 4745 satis
1679 4689 2018 4748 animadver-

417 4783 552 4840 tisse
577 4800 636 4841 sc
661 4783 953 4840 ostendunt
979 4783 1098 4853 ejus
1129 4783 1303 4854 quarti
1334 4782 1520 4838 saeculi
1551 4791 1896 4838 monumenta
1915 4823 1927 4845 ,
1963 4782 2017 4839 in

419 4879 615 4948 quibus
658 4877 849 4934 eadem
900 4876 1158 4931 chronica
1203 4876 1406 4930 notatio
1454 4875 1504 4929 in
1551 4875 1796 4930 eamdem
1850 4889 1954 4946 qua
1987 4891 2016 4929 a

421 4982 610 5026 nostro
632 4975 876 5051 Auctore.
910 4970 1172 5024 rationem
1201 4978 1453 5038 usurpata
1479 4968 1694 5041 legitur.
1719 4968 2015 5036 Arnobius,

423 5064 538 5134 qui,
572 5064 905 5119 Diocletiano
931 5063 1255 5130 imperante,
1286 5062 1338 5117 id
1364 5070 1449 5118 est
1475 5062 1576 5117 sub
1603 5063 1811 5117 initium
1842 5061 2019 5132 quarti

427 5159 632 5222 saeculi,
657 5157 839 5212 ﬂoruit
861 5156 1190 5227 Hieronymo
1215 5164 1369 5223 teste,
1399 5170 1579 5210 nonne
1603 5155 1719 5211 haec
1743 5156 2018 5209 etlmicum

426 5248 687 5303 adversus
713 5247 1050 5326 Christianos
1081 5247 1384 5317 loquentem
1415 5245 1630 5302 induxit
1666 5247 1740 5302 lib
1792 5263 1828 5302 ll
1850 5289 1864 5311 ,
1894 5261 2014 5316 pag.

423 5338 538 5397 94:
567 5339 696 5394 Ante
721 5339 1115 5411 quadringentos
1152 5354 1313 5393 annos
1350 5338 1564 5409 religio,
1610 5339 1807 5408 inquit,
1855 5347 2021 5392 vestra

423 5450 533 5488 non
556 5433 692 5502 fuit?
719 5432 774 5487 In
797 5431 1027 5488 formula
1055 5431 1204 5496 fidei,
1228 5447 1387 5501 quam
1414 5431 1886 5502 pseudo-synodus
1909 5429 2020 5485 An-

425 5522 674 5579 tiochena
703 5523 920 5593 scripsit
946 5538 1034 5577 an.
1077 5521 1202 5587 545,
1231 5532 1284 5579 et
1315 5523 1568 5580 recitatur
1608 5524 1676 5578 ab
1721 5521 2019 5577 Athanasio

427 5615 484 5672 in
513 5616 652 5672 libro
679 5615 748 5672 de
769 5617 1022 5688 Synodis,
1057 5616 1170 5672 haec
1197 5616 1267 5673 de
1299 5617 1698 5673 Paulinianisus
1726 5617 1977 5688 leguntur
2003 5634 2016 5671 :

430 5708 688 5767 Christum
711 5719 879 5768 autem
894 5711 1064 5783 ipsum
1089 5719 1138 5765 et
1160 5708 1356 5766 Filium
1372 5711 1490 5782 Dei,
1525 5710 1941 5788 etmediatorem,
1973 5721 2024 5769 et

959 5807 1236 5869 Ρηιιοι.
1298 5803 1411 5870 XI.

2121 4590 2342 4660 antiquo
2358 4590 2675 4647 Corbeiensi
2703 4594 2890 4654 codice
2909 4639 2925 4664 ,
2956 4599 3110 4668 cujus
3133 4605 3404 4664 variantes
3435 4613 3716 4686 lectiones,

2120 4693 2371 4774 accurate
2434 4684 2836 4754 descriptm,in
2901 4693 3050 4749 calce
3102 4697 3412 4757 novissimae
3463 4684 3721 4768 eduionig

2121 4773 2390 4829 Brixianm
2431 4779 2750 4848 recitantur,
2798 4796 2917 4853 pag.
2976 4785 3078 4840 165
3137 4788 3309 4856 palam
3361 4793 3606 4864 legitur:
3653 4803 3723 4860 Et

2123 4869 2244 4924 inde
2272 4887 2304 4923 a
2336 4868 2555 4925 Domino
2582 4888 2742 4943 usque
2768 4888 2901 4930 nunc
2936 4880 3060 4932 anni
3085 4895 3324 4938 ccccxxx
3366 4889 3483 4957 plus
3533 4896 3722 4952 minus,

2125 4959 2255 5026 Qua:
2285 4960 2508 5016 formula
2545 4963 2661 5031 plus
2705 4966 2871 5021 minus
2899 4985 3020 5025 cum
3052 4971 3285 5032 Fabricii
3325 4987 3717 5045 correctionem

2125 5055 2413 5145 expungit,
2457 5065 2565 5110 tum
2594 5071 2724 5114 vero
2764 5073 3000 5145 nostram
3034 5066 3529 5139 interpretationem
3567 5081 3719 5136 miri-

2127 5144 2227 5201 ﬁce
2255 5148 2461 5200 statuit.
2503 5147 2756 5204 Cedimus
2778 5153 2887 5221 jam
2907 5144 3056 5213 aliud
3093 5163 3455 5222 testimonium
3489 5186 3555 5227 ex
3595 5174 3722 5233 Hie-

2125 5237 2339 5337 ronymi
2393 5238 2616 5337 epistola
2648 5241 2768 5337 129,
2813 5246 2877 5300 ad
2927 5248 3253 5325 Dardanum,
3281 5273 3430 5316 num.
3461 5263 3491 5317 7
3517 5304 3529 5326 .
3577 5270 3720 5337 quod

2127 5329 2340 5383 tametsi
2371 5331 2632 5400 pertineat
2668 5334 2733 5388 ad
2765 5351 2852 5390 an.
2884 5338 3013 5406 414,
3045 5359 3152 5413 quo
3177 5362 3238 5402 ea
3267 5351 3492 5420 epistola
3529 5329 3720 5417 tradita

2129 5420 2260 5486 fuit,
2307 5431 2631 5481 tamencum
2677 5429 2746 5483 ab
2774 5445 2916 5486 anno
2947 5445 3066 5503 post
3092 5437 3366 5497 Chrismm
3409 5457 3589 5502 natum
3631 5453 3718 5518 70,

2123 5520 2520 5591 quadringentos
2565 5539 2727 5577 annos
2774 5527 2928 5596 paulo
2981 5530 3146 5586 minus
3200 5551 3470 5603 numeret,
3529 5543 3719 5598 eodem

2124 5612 2316 5668 recidit
2363 5633 2376 5666 :
2417 5613 2544 5668 Post
2584 5617 2930 5686 eversionem,
2972 5621 3173 5692 inquit,
3226 5631 3398 5699 templi
3448 5631 3725 5697 (nimirum

2128 5703 2251 5768 Tito
2283 5708 2611 5780 imperante,
2639 5719 2763 5784 post
2803 5727 2891 5770 an.
2922 5713 3012 5785 70)
3053 5718 3207 5786 paulo
3245 5720 3410 5778 minus
3455 5735 3547 5789 per
3599 5743 3728 5799 qua-

3263 5813 3304 5877 2
