4242 6168
447 263 524 318 ιι
1818 260 2191 320 PROLEGOM
2199 260 2352 320 ENA.
3681 271 3753 327 48

450 395 572 434 cum
603 382 806 434 Auctor
835 393 988 432 uitaui
1011 365 1352 434 substantiam
1381 378 1581 436 acrimr
1602 378 1859 446 inculcet,
1885 394 2045 451 quam
2076 379 2130 440 A
2155 394 2381 436 necesse
2408 383 2588 438 esset?
2618 383 2943 442 Incredibile
2973 384 3024 439 id
3059 399 3190 442 sane
3219 394 3335 451 est,
3370 388 3413 442 si
3447 391 3754 460 prasertim

449 475 634 530 caeteri
656 473 905 545 ejusdem
933 473 1038 528 aevi
1069 472 1256 528 Patres
1283 472 1545 528 adversus
1571 475 1800 529 Arianos
1830 489 1899 528 ex
1923 488 2048 544 pro-

448 567 630 638 posito
656 557 980 622 dimicantes
1009 566 1375 634 inculcarunt,
1403 566 1887 622 consubstantialis
1917 567 2045 622 licet

445 675 635 716 vocem
689 671 1029 730 nequaquam
1073 657 1352 725 adhibeat,
1403 658 1534 714 satis
1583 673 1642 714 se
1690 659 2046 714 nihilominus

447 754 711 813 adversus
729 770 848 811 eam
881 753 1131 810 haeresim
1158 753 1527 810 decertantem
1551 752 1749 824 prodit.
1782 753 1888 810 Sed
1922 767 2045 823 per-

443 863 636 920 gamus
662 849 728 905 ad
754 849 880 905 alia.

516 943 670 999 Hanc
695 959 855 998 unam
886 943 1245 1000 substantiam
1275 953 1333 1000 ut
1361 943 1546 1000 Ariani
1576 944 1645 1000 de
1675 943 1854 1002 medio
1880 944 2042 1002 tolle-

445 1045 606 1104 rent,
652 1037 984 1108 objiciebant
1034 1037 1133 1094 hac
1179 1038 1392 1094 ratione
1420 1038 1491 1094 de
1536 1037 1712 1094 Patris
1741 1038 2042 1095 substantia

443 1132 652 1203 aliquid
682 1133 852 1189 fuisse
879 1132 1181 1204 demptum,
1215 1139 1274 1187 ut
1297 1132 1468 1188 Filius
1488 1133 1826 1204 gigneretur,
1855 1134 2044 1204 sicque

444 1227 790 1284 imminutum
820 1236 870 1282 et
903 1226 1278 1297 imperfectum
1312 1225 1529 1282 Patrem
1553 1242 1584 1282 a
1607 1225 1906 1282 Catholicis
1941 1226 2042 1282 ad-

445 1320 769 1375 mittendum
815 1319 1156 1376 dictitabant.
1207 1318 1417 1387 Quibus
1465 1328 1524 1373 ut
1569 1333 1629 1376 se
1677 1335 1737 1376 sc
1782 1319 2044 1390 objiceret

444 1413 670 1478 Auctor,
725 1423 793 1468 tr.
833 1414 890 1480 2,
927 1415 1030 1468 hac
1073 1412 1349 1468 locutione
1387 1426 1519 1467 usus
1549 1422 1634 1467 est
1687 1430 1700 1465 :
1747 1411 1911 1468 Pater
1949 1429 2040 1468 suo

441 1518 678 1563 manente
704 1508 901 1578 integro
927 1515 1085 1570 statu,
1105 1515 1269 1561 totum
1296 1521 1350 1561 se
1377 1505 1711 1574 reciprocavit
1737 1505 1790 1560 in
1819 1503 1869 1559 F
1871 1505 2039 1573 ilium,

441 1617 506 1656 ne
533 1602 657 1672 quid
679 1600 878 1656 sibimet
913 1600 1203 1672 derogaret.
1233 1598 1304 1655 Et
1332 1607 1491 1654 tract.
1522 1597 1556 1652 5
1586 1616 1598 1652 :
1635 1596 1710 1652 De
1739 1596 1846 1652 Deo
1867 1597 2038 1652 nasci-

443 1703 530 1747 tur
569 1691 731 1759 Deus,
766 1702 927 1747 totum
957 1691 1128 1746 Patris
1158 1689 1370 1757 habens,
1407 1689 1536 1743 nihil
1565 1689 1818 1761 derogans
1845 1687 1994 1742 Patri
2021 1703 2040 1741 :

2161 476 2478 533 consideres
2509 519 2524 545 ,
2583 476 2834 550 Origenis
2887 482 3045 549 grzrci
3099 481 3415 551 antiquique
3469 484 3758 554 scriptoris

2151 586 2315 642 opera
2345 572 2788 630 Occidentalibus
2827 574 3012 644 ignota
3043 575 3211 629 fuisse.
3231 619 3246 644 ,
3279 587 3570 646 antequam
3600 581 3751 637 cele~

2150 662 2264 718 bris
2292 665 2664 720 controversia
2700 664 2769 721 de
2793 665 3045 736 Origenis
3076 666 3231 722 libris
3267 667 3370 724 sub
3399 668 3563 726 linem
3603 687 3759 742 pror-

2148 761 2242 812 Sus
2264 758 2439 827 quarti
2461 759 2648 814 saeculi
2671 759 3024 815 excitaretur.
3050 760 3185 816 illud
3207 773 3388 818 autem
3407 774 3619 820 certum
3670 776 3758 823 est

2150 847 2256 906 hoc
2288 851 2520 921 primum
2552 860 2798 923 tempore
2831 869 2938 908 non
2978 853 3047 908 ab
3085 854 3390 926 Epiphanio
3417 858 3618 928 solum,
3657 861 3757 918 sed

2147 961 2179 1002 a
2206 946 2527 1020 Theriphylo
2557 947 2928 1004 Alexandrino
2957 949 3188 1020 aliisque
3230 952 3598 1023 compluribus
3629 953 3754 1010 Ori-

2148 1055 2342 1112 genem
2371 1049 2644 1111 tamquam
2675 1041 2787 1096 Arii
2831 1051 3038 1113 patrem
3079 1043 3284 1100 traduci
3324 1045 3586 1116 coepisse;
3626 1057 3753 1104 ante

2148 1132 2293 1202 quod
2328 1143 2540 1204 tempus
2565 1149 2687 1189 cum
2719 1148 2880 1190 nemo
2911 1151 3048 1190 unus
3081 1136 3338 1193 inventus
3389 1139 3461 1194 sit
3502 1141 3592 1210 qui
3623 1140 3747 1197 Ori-

2150 1224 2277 1297 geni
2298 1240 2423 1281 eum
2453 1241 2698 1284 errorem
2727 1226 2988 1295 affixerit,
3020 1229 3154 1285 satis
3187 1230 3486 1301 probabilis
3517 1235 3754 1291 nonnul-

2148 1315 2216 1371 lis
2251 1317 2361 1371 visa
2392 1325 2476 1373 est
2527 1332 2715 1374 eorum
2753 1319 2847 1390 qui
2875 1319 3095 1392 Origeni
3141 1323 3502 1390 patrocinium
3539 1340 3756 1383 accom-

2148 1408 2435 1464 tnodarunt
2475 1411 2781 1476 excusatio,
2795 1409 3047 1483 Origenis
3069 1412 3240 1470 libros
3260 1414 3330 1469 ab
3350 1415 3569 1472 Arianis
3588 1416 3754 1475 fuisse

2145 1509 2453 1571 corruptos,
2487 1501 2648 1557 sicuti
2673 1502 3009 1560 adulterasse
3031 1519 3126 1561 eos
3149 1506 3206 1563 S.
3231 1506 3490 1565 Methodii
3520 1509 3755 1582 Sympo»

2145 1595 2303 1661 sion,
2352 1594 2510 1665 eique
2556 1596 2787 1652 Arianas
2836 1597 3125 1669 opiniones
3177 1600 3472 1658 inseruisse
3522 1613 3754 1659 testatur

2146 1685 2369 1741 Photius
2395 1687 2516 1742 cod.
2548 1685 2688 1756 223,
2719 1687 2882 1759 idque
2915 1690 3092 1760 ipsum
3121 1691 3385 1749 accidisse
3412 1695 3753 1764 suspicamur

441 1789 573 1842 alter
618 1787 799 1842 renitet
836 1787 892 1840 in
933 1786 1096 1840 altero
1119 1825 1133 1844 ,
1181 1783 1409 1857 cujusvis
1438 1782 1606 1856 gloria
1637 1783 1922 1837 communis
1966 1790 2038 1836 est
2067 1774 2117 1836 B
2145 1778 2493 1862 Theognosto
2517 1822 2532 1849 ,
2585 1796 2748 1852 quem
2790 1783 3011 1840 Arianis
3046 1785 3414 1844 locutionibus
3451 1799 3749 1846 scatentem

442 1881 624 1945 honor,
667 1879 789 1951 quia
814 1878 952 1950 quod
981 1887 1053 1932 est
1082 1875 1234 1944 Filii,
1278 1874 1456 1932 Patris
1505 1884 1580 1930 est
1622 1891 1639 1928 :
1682 1874 1822 1945 quod
1864 1872 2041 1928 Patris

442 1973 709 2028 amborum
744 1989 756 2024 :
789 1971 935 2040 quod
965 1971 1140 2040 ipsum
1171 1979 1427 2038 repetens
1455 1975 1526 2023 tr.
1550 1968 1585 2023 5
1614 1965 1752 2024 alias
1782 1967 2042 2020 formulas

443 2067 662 2123 Arianis
703 2080 735 2122 e
776 2065 1041 2120 diametro
1067 2067 1348 2132 Oppositus
1374 2061 1570 2132 ingerit
1597 2077 1610 2112 :
1642 2059 1857 2138 DeOtoto
1883 2067 2038 2126 totus,

441 2160 507 2215 de
533 2175 650 2214 vero
682 2173 850 2225 verus,
875 2156 940 2210 de
969 2155 1196 2225 perfecto
1224 2155 1503 2226 perfectus.
1534 2151 1722 2206 Totum
1743 2151 1922 2206 Patris
1947 2152 2042 2205 ha-

441 2253 585 2319 bens,
614 2251 745 2306 nihil
773 2250 1028 2321 derogans
1055 2247 1228 2304 Patri.
1263 2247 1392 2303 Item
1422 2254 1578 2302 tract.
1615 2247 1682 2303 l5
1711 2245 1805 2300 lib.
1835 2260 1894 2310 ιι,
1935 2260 2039 2300 nuo

439 2360 579 2401 mer.
609 2346 643 2401 5
673 2362 687 2400 :
725 2343 1072 2399 Indeminntte
1105 2343 1310 2397 deitatis
1355 2352 1569 2411 paterna
1597 2339 1906 2406 substantia,
1946 2354 2042 2410 pa-

441 2445 686 2508 ternaque
714 2436 967 2491 voluntas.
1001 2435 1069 2491 Et
1096 2435 1153 2491 in
1179 2434 1286 2489 line
1317 2441 1476 2490 tract.
1515 2434 1551 2487 2
1586 2433 1722 2488 lib.l
1760 2431 1889 2506 :lTu
1924 2448 2040 2486 cum

439 2530 493 2584 in
516 2527 678 2585 tribus
699 2545 804 2583 una
830 2529 922 2594 sis,
953 2527 1097 2582 nullo
1132 2535 1287 2601 pacto
1313 2525 1556 2580 divideris
1583 2541 1602 2579 :
1627 2525 1772 2579 nulla
1802 2525 2042 2578 humanm

437 2621 758 2676 curiositatis
799 2620 1057 2675 calumnia
1100 2618 1449 2673 commoveris.
1491 2616 1534 2671 Α
1572 2625 1783 2688 paterno
1818 2615 1958 2684 [ante
1986 2613 2040 2667 in

443 2713 584 2769 Filio
612 2723 719 2769 tota
746 2714 1038 2785 refunderis
1065 2755 1080 2780 ,
1111 2723 1158 2767 et
1189 2721 1358 2767 tamen
1389 2719 1494 2766 tota
1516 2709 1602 2764 ubi
1627 2709 1916 2780 refunderis
1947 2724 2039 2762 nec

440 2805 658 2861 recedis.
717 2805 1206 2880 .Przeoccupaturus
1257 2817 1393 2858 vero
1438 2802 1662 2856 alteram
1714 2801 2038 2856 Arianorum

441 2899 828 2971 objectionem,
861 2912 964 2968 qua
1003 2895 1484 2953 Sabelliauismum
1525 2892 1810 2950 catholicis
1844 2891 2040 2962 impin-

437 2993 660 3065 gebant,
691 3007 753 3049 ac
781 2991 828 3048 si
857 3005 1022 3047 unam
1049 2989 1406 3046 substantiam
1440 2986 1834 3043 indeminutam
1867 2984 2038 3041 conli—

439 3094 621 3142 tentes
646 3084 822 3140 Patris
845 3093 898 3140 et
928 3083 1071 3152 Filii,
1101 3098 1264 3138 unam
1297 3082 1425 3138 item
1457 3092 1814 3148 utrorumque
1845 3093 2035 3148 perso-

2143 1869 2286 1925 idem
2309 1871 2536 1926 Photius
2559 1887 2658 1927 sua
2682 1882 2842 1931 aetate
2875 1878 3098 1946 reperit,
3121 1868 3247 1934 cum
3274 1895 3400 1936 eum
3433 1880 3574 1938 inter
3596 1882 3746 1938 locu-

2144 1961 2404 2033 pletiores
2433 1964 2686 2035 antiquos
2714 1967 2972 2024 catholici
2999 1969 3270 2041 dogmatis
3302 1983 3470 2029 te5tcs
3489 1974 3751 2032 adversus

2143 2054 2395 2120 Arisnos,
2419 2056 2672 2114 adductis
2692 2058 2811 2129 cjus
2834 2059 3016 2116 verbis
3046 2062 3380 2120 Athanasius
3405 2066 3748 2137 allegaverit.

2143 2144 2407 2215 Equidem
2441 2147 2485 2202 si
2517 2148 2781 2220 Origenes
2825 2153 3203 2221 praecinuisset
3231 2153 3451 2212 Arianis
3473 2200 3487 2225 ,
3520 2161 3611 2229 qui
3655 2173 3751 2229 po-

2144 2239 2374 2296 tuissent
2409 2240 2580 2316 [xux]
2612 2254 2866 2300 auctores
2923 2247 3186 2304 adversus
3239 2250 3392 2306 illum
3421 2261 3548 2309 ante
3585 2269 3746 2310 exur-

2144 2341 2253 2388 tam
2293 2335 2724 2406 Origenistarum
2761 2341 3191 2396 controversiam
3223 2343 3392 2398 multa
3417 2347 3741 2413 scribentes,

2144 2435 2202 2479 et
2223 2436 2542 2484 accusantes
2573 2428 2628 2484 in
2657 2429 2776 2499 ejus
2803 2432 3062 2502 operibus
3087 2435 3278 2500 multa,
3304 2438 3384 2492 uti
3414 2437 3752 2506 Methodius,

2154 2519 2472 2576 Eustathius
2491 2524 2885 2591 Antiochenus,
2903 2526 3238 2597 Apollinaris
3259 2529 3340 2603 (hi
3361 2531 3468 2587 duo
3492 2533 3754 2603 postremi

2143 2613 2392 2668 acerrimi
2423 2613 2576 2671 fuere
2601 2616 2928 2672 Arianorum
2962 2621 3399 2695 impugnatores)
3421 2624 3515 2696 qui
3547 2626 3754 2696 potuis-

2143 2713 2294 2772 sent,
2335 2705 2554 2777 inquam
2574 2747 2590 2773 ,
2618 2707 2755 2763 nihil
2783 2711 3049 2779 ejusmodi
3082 2723 3293 2779 notare,
3324 2717 3470 2784 quod
3513 2720 3564 2772 in
3597 2716 3755 2773 Aria-

2143 2800 2306 2854 nismi
2337 2815 2556 2857 errores
2585 2801 2920 2860 deﬂecteret.
2954 2803 3120 2859 Illum
3156 2807 3365 2862 minime
3397 2811 3748 2880 reprehende-

2144 2902 2285 2959 runt,
2315 2892 2778 2962 inquitSocrates,
2809 2897 2901 2952 lib.
2931 2913 3006 2966 vr,
3039 2913 3159 2970 cap.
3194 2899 3282 2963 15.
3316 2909 3578 2975 tamquam
3597 2906 3661 2960 de
3685 2904 3751 2962 S.

2149 2983 2403 3040 Trinitate
2429 2985 2566 3042 male
2594 2988 2932 3055 sentientem;
2978 3001 3262 3061 propterea
3295 2993 3442 3064 quod
3461 3035 3476 3061 ,
3517 3003 3578 3050 ut
3608 2995 3753 3054 idem

2143 3078 2220 3135 ait
2245 3080 2341 3136 lib.
2373 3097 2467 3148 vlt,
2501 3096 2622 3153 cap.
2664 3086 2721 3145 6,
2751 3081 3014 3155 Origenes
3049 3087 3241 3154 passim
3278 3087 3334 3141 in
3359 3089 3467 3143 suis
3487 3089 3632 3145 libris
3661 3089 3757 3146 Fi-

440 3191 566 3233 nam
607 3176 762 3232 l'ateri
792 3175 1056 3233 deberent
1085 3217 1099 3241 ,
1143 3175 1404 3245 praeclare
1434 3173 1694 3230 adversus
1737 3171 2036 3229 Sabellium
2068 3155 2115 3219 (ἶ
2147 3172 2276 3226 lium
2322 3171 2467 3228 Patri
2509 3184 2820 3230 cowtarnum
2858 3177 3154 3246 conﬁtetur.
3203 3179 3344 3247 Quid
3390 3180 3438 3235 si
3490 3182 3755 3254 Origenes

439 3286 564 3330 sese
590 3270 879 3341 explicavit
908 3278 1068 3325 tract.
1102 3268 1135 3322 7
1177 3267 1271 3323 lib.
1306 3283 1365 3333 ιι,
1398 3282 1547 3323 ιιιιηι.
1572 3267 1629 3334 9,
1672 3266 1762 3322 ubi
1797 3273 1918 3336 post
1967 3263 2043 3319 al-

439 3365 608 3422 latum
643 3365 821 3420 locum
855 3360 1083 3418 Joannis
1117 3377 1172 3427 x,
1211 3361 1318 3417 50:
1356 3359 1468 3432 Ego
1496 3369 1542 3414 et
1570 3358 1726 3414 Pater
1757 3375 1916 3413 unum
1943 3374 2038 3413 su-

439 3475 574 3524 mus,
607 3457 723 3515 lucc
751 3457 901 3514 addit
934 3475 949 3513 :
984 3456 1134 3523 Quod
1160 3472 1264 3510 non
1294 3455 1468 3526 utique
1488 3454 1562 3510 sic
1589 3454 1693 3518 ait,
1721 3463 1776 3508 ut
1803 3453 1855 3509 in
1882 3468 2043 3508 unum

439 3550 570 3606 duos
607 3547 885 3621 redigenda
920 3548 1256 3618 confunderet
1281 3589 1296 3615 ,
1325 3546 1413 3600 sed
1443 3555 1496 3600 ut
1525 3545 1748 3601 duorum
1778 3562 1936 3600 unam
1962 3546 2044 3599 di-

438 3641 668 3697 uinitatis
692 3640 1057 3712 potestatisque
1097 3654 1206 3694 esse
1234 3637 1658 3708 omnipotentiam
1683 3653 1775 3690 nos
1814 3637 2040 3691 doceret.

442 3734 539 3791 Hae
573 3741 632 3791 et.
656 3733 774 3790 alia:
822 3733 1008 3804 plures
1045 3729 1289 3802 ejusdem
1319 3728 1538 3801 generis
1567 3728 1812 3784 formula:
1843 3770 1858 3796 ,
1903 3742 2041 3799 quas

439 3828 722 3886 brevitatis
741 3826 910 3898 gratia
936 3823 1422 3896 praetermittimus,
1451 3823 1798 3893 pluribusque
1820 3821 1874 3878 in
1898 3831 2043 3877 trac-

443 3919 646 3976 tatibus
676 3918 935 3974 adversus
976 3917 1208 3972 Arianos
1238 3931 1302 3971 ex
1337 3915 1616 3986 proposito
1656 3914 1904 3970 recitatis
1927 3955 1942 3980 ,
1974 3928 2040 3970 ac

441 4013 498 4068 in
528 4011 725 4068 librum
757 4010 1053 4068 secundum
1110 4009 1279 4066 ferme
1305 4007 1465 4064 simul
1500 4007 1661 4063 editis
1689 4006 2038 4078 reperiuntur

444 4104 931 4176 frequentissimae,
970 4117 1154 4160 nonne
1189 4099 1474 4158 manifeste
1529 4103 1854 4158 convincunt
1911 4116 2042 4156 nos-

443 4207 586 4256 trum
633 4201 926 4272 Auctorem
974 4207 1096 4269 post
1123 4206 1303 4253 natam
1351 4197 1464 4252 Arii
1502 4195 1757 4253 haeresim
1799 4195 2038 4254 vixisse?

442 4294 654 4366 Aliquae
679 4307 810 4350 sane
836 4289 1101 4362 ejusmodi
1128 4289 1428 4347 locutiones
1458 4289 1513 4346 in
1531 4289 1903 4347 Antenicaenis
1932 4287 2036 4344 Pa-

440 4386 615 4442 tribus
640 4384 868 4456 reperiri
892 4392 1119 4456 queunt,
1148 4391 1207 4439 ut
1226 4382 1366 4439 inter
1394 4381 1618 4440 Latinos
1647 4398 1787 4440 unus
1813 4381 2037 4438 Tertul-

438 4479 617 4536 lianus
637 4477 806 4534 semel
826 4493 982 4532 unam
1006 4475 1348 4533 substantiam
1367 4486 1423 4531 et
1443 4477 1840 4531 coteternitatem
1866 4473 2038 4544 scrip-

442 4572 514 4628 sit
543 4614 559 4638 ,
601 4587 709 4628 non
757 4570 812 4626 in
848 4585 970 4626 eam
1001 4579 1182 4627 tamen
1217 4571 1320 4625 vim
1367 4585 1473 4640 qua
1520 4584 1769 4625 errorem
1796 4568 2038 4639 aliquem

441 4663 607 4720 ferire
637 4663 876 4720 voluisse
920 4663 1208 4732 signiticet.
1251 4662 1320 4716 At
1349 4669 1427 4716 tot
1466 4659 1628 4715 simul
1661 4659 1951 4727 formulas,
1984 4667 2041 4716 ct

444 4758 659 4813 Arianis
682 4756 961 4813 erroribus
990 4772 1020 4812 e
1047 4756 1315 4814 diametro
1358 4769 1422 4811 ac
1469 4753 1678 4811 directe
1718 4755 1997 4825 oppositas
2023 4795 2039 4823 ,

442 4851 752 4924 t0tiensque
781 4850 1041 4922 repetitas
1065 4851 1120 4906 in
1147 4848 1366 4906 nemine
1387 4848 1744 4905 Antenicaeno
1766 4847 2041 4920 quispiam

444 4945 767 5003 ostenderit.

517 5023 768 5094 Editores
813 5034 1155 5092 Veronenses
1191 5033 1316 5090 huic
1351 5033 1682 5106 oppositioni
1718 5049 1778 5091 se
1817 5030 2039 5090 satisfe-

442 5134 586 5190 cisse
623 5129 1013 5195 crediderunt,
1045 5143 1167 5183 cum
1210 5127 1327 5184 haec
1371 5127 1571 5198 scripta
1615 5129 2035 5198 pronuntiarunt

442 5223 704 5280 adversus
742 5235 957 5277 errores
995 5219 1283 5290 Origenis,
1327 5221 1417 5291 qui
1464 5219 1579 5274 Arii
1624 5231 1778 5290 pater
1806 5220 1874 5276 ab
1911 5221 2038 5292 Epi-

446 5300 652 5387 phanio
684 5311 934 5368 traditur.
960 5309 1178 5368 Unusne
1223 5313 1428 5365 Anetor
1463 5318 1651 5364 noster
1694 5321 1935 5366 notasset
1982 5312 2035 5366 in

443 5408 675 5478 Origene
712 5405 998 5469 haeresim,
1039 5420 1198 5475 quam
1242 5419 1402 5459 nemo
1437 5418 1693 5474 umquam
1726 5415 1851 5460 ante
1881 5407 2039 5461 Aria-

444 5513 544 5554 nos
574 5499 628 5553 in
658 5512 726 5552 eo
754 5505 968 5552 notasse
997 5496 1284 5566 reperitur;
1317 5506 1370 5552 et
1402 5504 1511 5550 tam
1537 5495 1786 5566 repetitis
1815 5496 1866 5550 in
1901 5495 2038 5553 locis

440 5607 504 5647 ac
533 5605 634 5664 pro
654 5589 917 5646 concione
944 5595 1206 5656 notasset,
1240 5602 1305 5644 ac
1330 5589 1374 5644 si
1406 5585 1689 5659 Origenes.
1721 5587 1806 5644 vel
1847 5587 2039 5660 Orige-

442 5686 598 5741 nista:
624 5683 800 5754 palam
823 5681 915 5738 hic
937 5681 991 5738 in
1020 5681 1315 5740 Occidente
1364 5689 1611 5754 apertam
1642 5680 1893 5738 haeresim
1918 5689 2038 5738 tue-

437 5788 649 5848 rentur,
671 5778 913 5852 inquam
939 5776 1201 5839 invehere
1228 5777 1429 5837 acriter
1463 5775 1747 5837 catholicis
1769 5775 2040 5849 episcopis

2147 3265 2510 3320 Arianismum
2535 3266 2747 3322 docuit?
2773 3267 2963 3324 Aetius
2993 3269 3244 3326 Eunomii
3271 3281 3574 3344 praeceptor
3598 3275 3755 3331 Aria-

2147 3371 2340 3412 norum
2365 3356 2736 3413 ferocissimus
2765 3359 2912 3415 illum
2943 3366 3292 3433 contempsit,
3317 3363 3509 3420 eodem
3531 3367 3754 3425 Socrate

2149 3449 2418 3515 teSIe,lib.
2454 3465 2514 3515 ιι,
2546 3465 2666 3520 cap.
2687 3449 2778 3507 55.
2807 3451 2962 3521 Quod
2995 3453 3038 3510 si
3070 3470 3136 3510 ex
3165 3455 3382 3512 Arianis
3409 3457 3502 3513 alii
3533 3459 3653 3529 cjus
3682 3461 3747 3514 li-

2147 3542 2275 3599 bros
2304 3544 2371 3600 ad
2404 3559 2517 3600 sua:
2547 3546 2773 3603 haeresis
2800 3587 2817 3614 ,
2848 3549 2923 3602 uti
2957 3551 3247 3620 putabant,
3278 3552 3750 3611 conﬁrmationem

2146 3635 2385 3706 allegare
2411 3639 2589 3692 conati
2619 3646 2747 3693 sunt
2776 3680 2790 3703 ,
2826 3640 2946 3695 illos
2985 3643 3168 3696 statim
3200 3641 3432 3699 Basilius
3463 3653 3519 3701 et
3545 3645 3754 3719 Grego-

2144 3730 2257 3784 rius
2283 3729 2654 3786 Nazianzenus
2681 3733 3078 3803 redarguerunt,
3113 3733 3286 3805 inquit
3317 3735 3458 3792 idem
3488 3737 3747 3796 Socrates

2144 3822 2245 3878 lib.
2265 3838 2344 3890 tv,
2385 3837 2506 3893 cap.
2536 3822 2631 3890 26,
2653 3833 2702 3878 et
2732 3823 2974 3895 Origenis
3003 3823 3297 3881 doctrinam
3323 3828 3386 3882 ab
3408 3830 3534 3898 ipsis
3561 3847 3754 3900 nequa-

2143 3931 2299 3987 quam
2369 3915 2590 3987 intelligi
2634 3914 3069 3971 demonstrarunt.
3141 3916 3257 3974 lmo
3321 3920 3651 3978 Athanasius
3698 3923 3752 3980 in

2145 4010 2305 4081 epist.
2338 4008 2408 4065 de
2441 4009 2685 4064 Decretis
2712 4007 2950 4065 Nicamis
2978 4025 3125 4067 num.
3156 4011 3253 4079 27,
3287 4028 3408 4086 pag.
3454 4012 3584 4082 252,
3615 4013 3751 4071 Ori.

2143 4117 2336 4173 genem
2367 4115 2464 4172 pro
2495 4115 2556 4156 se
2577 4100 2855 4171 appellare
2875 4117 2984 4158 non
3012 4102 3281 4160 dubitavit
3311 4103 3575 4160 adversus
3593 4107 3752 4162 Aria-

2145 4208 2246 4250 nos
2275 4193 2630 4260 sentientem,
2679 4193 2968 4266 locumque
3017 4195 3134 4265 ejus
3171 4193 3370 4251 ibidem
3413 4195 3609 4269 allegat
3636 4212 3746 4269 quo

2144 4285 2435 4342 Arianismi
2483 4286 2897 4344 fundamentum
2931 4296 2988 4344 et
3016 4287 3192 4354 basis,
3229 4303 3260 4344 a
3309 4298 3497 4346 nostro
3533 4306 3754 4364 quoque

2141 4377 2423 4450 Scriptore
2452 4378 2684 4436 indicata
2709 4381 2912 4437 tract.7
2944 4380 3040 4437 lib.
3071 4395 3129 4445 ιι,
3159 4396 3310 4437 num.
3337 4384 3391 4452 l,
3422 4375 3580 4454 plane
3602 4385 3754 4442 evel-

2144 4468 2292 4526 litur.
2327 4469 2596 4544 Intelligat
2631 4473 2770 4528 enim
2799 4473 3091 4546 (Origenis
3123 4473 3286 4530 verba
3315 4484 3444 4531 sunt
3472 4476 3542 4533 ab
3579 4477 3752 4534 Atha-

2067 4542 2120 4607 D
2148 4565 2300 4622 nasio
2336 4542 2595 4637 recitata)
2619 4566 2707 4637 qui
2738 4542 2908 4622 dicere
2940 4542 3126 4635 audet,
3165 4568 3261 4639 fuit
3285 4568 3568 4639 aliquando
3591 4609 3608 4639 ,
3635 4586 3755 4625 cum

2149 4674 2250 4713 non
2277 4669 2408 4714 esset
2433 4657 2632 4714 Filius.

2217 4752 2300 4809 Ex
2336 4753 2439 4810 hoc
2463 4753 2638 4811 solum
2659 4753 2906 4824 Origenis
2933 4753 3243 4811 testimonio
3270 4756 3450 4826 potius
3491 4756 3751 4830 intelligi-

2147 4861 2287 4908 mus.
2321 4844 2486 4900 fuisse
2517 4844 2583 4900 id
2637 4859 2852 4916 quoque
2881 4847 3144 4914 temporis
3168 4848 3331 4902 alium
3369 4848 3629 4917 aliquem,
3658 4847 3753 4920 qui

2145 4937 2200 4993 id
2227 4935 2452 5003 diceret,
2485 4935 2627 5006 quod
2660 4936 2846 4991 Ariani
2875 4935 3101 4991 subinde
3126 4935 3385 4995 docuere.
3418 4937 3480 4992 In
3511 4937 3754 5012 Egypto

2145 5028 2360 5098 quidem
2405 5027 2613 5084 exstitit
2649 5029 2706 5083 S.
2753 5029 3046 5096 Dionysius
3079 5030 3478 5087 Alexandrinus
3505 5031 3755 5104 Origenis

2146 5118 2475 5189 discipulus;
2499 5121 2590 5190 qui
2615 5135 2721 5176 non
2749 5128 2810 5176 ut
2836 5119 3052 5176 Arianis
3079 5123 3421 5189 praecineret,
3445 5123 3540 5179 sed
3573 5132 3632 5179 ut
3653 5125 3755 5181 Sa-

2146 5211 2392 5267 belliame
2430 5214 2621 5271 ltmresi
2655 5214 2706 5269 in
2736 5212 2903 5285 Lybia
2931 5212 3280 5285 finitimisque
3306 5214 3441 5272 locis
3483 5219 3751 5288 grassanti

2147 5321 2598 5379 seseopponeret.
2621 5323 2740 5365 eam
2772 5307 3098 5364 locutionem
3129 5308 3343 5366 incaute
3373 5313 3671 5383 usurpavit,
3695 5322 3758 5372 ut

2144 5399 2314 5472 liquet
2341 5418 2406 5458 ex
2431 5402 2730 5475 fragmento
2751 5401 2993 5473 epistola:
3023 5401 3268 5472 ejusdem
3315 5405 3381 5458 ad
3430 5404 3750 5474 Euphrano-

2149 5513 2271 5554 nem
2298 5506 2354 5555 et
2377 5497 2744 5562 Anun0nium,
2787 5495 2929 5568 quod
2976 5494 3034 5552 S.
3087 5494 3416 5554 Athanasius
3460 5498 3656 5556 recitat
3695 5500 3749 5554 in

2149 5591 2308 5660 epist.
2323 5589 2392 5646 de
2421 5589 2665 5666 Sentent.
2691 5589 2955 5662 Dionysii,
2977 5605 3126 5646 num.
3149 5589 3488 5664 s,pag.2s6.
3520 5591 3745 5660 Etenim,

2149 5682 2242 5747 ait,
2266 5697 2384 5736 cum
2412 5684 2479 5736 sit
2499 5699 2579 5739 res
2601 5684 2762 5754 facta,
2787 5697 2890 5738 non
2916 5692 3027 5738 erat
3054 5691 3329 5755 antequam
3354 5685 3518 5751 ﬁeret.
3544 5683 3656 5741 l-lac
3680 5684 3752 5742 de

2149 5791 2310 5836 causa
2369 5776 2656 5850 Dionysius
2701 5776 3098 5838 Alexandrinus
3139 5777 3365 5836 Romam
3410 5776 3620 5836 delatus
3663 5785 3748 5838 est
