4242 6168
517 226 590 282 49
1272 208 1766 272 DISSERTATIO
1805 211 1843 274 l,
1887 207 1972 268 DE
2012 211 2069 270 S.
2113 211 2152 267 Ζ

2265 212 2413 272 DNIS
2453 215 2706 274 TRACT.
2748 217 2840 275 ET
2883 215 3172 273 ΑΞΤΑΊῈ.
3855 229 3924 287 50

518 349 587 398 ait
621 343 681 396 S.
737 341 1054 414 Dionysium
1105 351 1370 394 summum
1412 328 1777 394 Pontilicem,
1819 329 1905 400 qui
1955 326 2166 386 litteras
2193 333 2250 393 Α
2275 345 2364 388 res
2393 347 2600 403 eosque
2627 333 2998 401 Christianos,
3048 345 3106 389 ut
3150 349 3219 391 ex
3266 346 3526 396 contextu
3570 308 3918 416 colligemus,

519 437 705 492 statim
741 435 1045 505 rescripsit,
1087 428 1368 501 inquibus
1419 442 1540 482 eam
1598 421 1946 477 locutionem
2006 419 2165 477 valde

522 526 902 600 reprehendit.
935 525 1057 582 Non
1087 524 1205 580 levis
1229 521 1418 593 igitur,
1444 517 1536 576 sed
1556 527 1777 572 summa
1796 522 1871 569 est
1897 513 2162 585 impietas,

527 621 813 676 Dominum
863 620 1041 684 aliqua
1090 615 1238 672 modo
1285 613 1668 682 manufactum
1697 608 1901 673 dicere;
1945 623 2066 661 nam
2118 608 2166 661 si

523 719 696 787 factus
727 714 826 784 fuit
849 711 1041 777 Filius,
1073 709 1169 782 fuit
1196 705 1490 774 aliquando
1533 715 1656 758 cum
1695 716 1796 754 non
1828 709 1954 754 esset
1977 716 1995 764 ;
2017 698 2166 770 atqui

520 811 624 880 fuit
669 823 874 879 semper
922 824 941 860 :
982 807 1061 861 sic
1104 801 1398 873 Dionysius
1450 798 1744 853 Romanus
1774 795 1825 849 in
1859 793 2166 864 fragmento

518 900 671 971 apud
741 897 993 954 eumdem
1040 893 1393 951 Athanasium
1466 891 1540 946 de
1605 887 1854 944 Dccretis
1905 884 2161 950 Nictenis,

517 1007 678 1048 num.
725 989 818 1058 26,
865 1005 990 1060 pag.
1022 987 1147 1045 25:2.
1180 983 1602 1042 Alexandrinus
1660 995 1790 1034 vero
1839 978 2164 1048 Apologiam

518 1099 652 1140 mox
682 1081 939 1142 reddidit.
975 1081 1030 1136 in
1057 1094 1158 1151 qua
1188 1075 1492 1132 consilium
1539 1087 1700 1128 suum
1729 1080 1917 1126 contra
1963 1069 2166 1126 Sabel-

518 1178 704 1232 lianos
735 1174 1084 1246 patefaciens,
1131 1169 1366 1226 utseab
1415 1183 1490 1223 eo
1539 1180 1732 1223 errore
1779 1179 1938 1234 quem
1973 1163 2165 1218 Ariani

518 1268 756 1326 subinde
784 1273 1094 1339 arripuere,
1125 1265 1379 1335 probaret
1403 1259 1676 1326 alienum,
1721 1259 1890 1313 multa
1920 1258 2166 1323 scripsit,

516 1376 644 1433 qua:
677 1360 938 1414 adversus
971 1357 1201 1414 Arianos
1228 1351 1534 1410 catholicis
1576 1365 1776 1422 magno
1823 1350 1943 1404 usui
1986 1349 2162 1404 fuere.

519 1456 637 1511 llac
687 1466 811 1520 ergo
852 1467 929 1508 ex
985 1449 1207 1506 historia
1237 1447 1598 1518 exploratum
1626 1444 1707 1510 lit,
1743 1445 1903 1500 tertio
1941 1443 2162 1515 quidem

513 1545 724 1604 saeculo
767 1558 876 1600 eam
935 1541 1232 1598 formulam
1265 1554 1294 1593 a
1354 1537 1648 1594 nonnullis
1702 1538 1755 1592 in
1803 1536 1914 1592 sola
1945 1552 2164 1608 quoque

514 1640 756 1714 Egypto
781 1635 1100 1694 adhibitam
1130 1631 1308 1702 (unde
1340 1631 1543 1702 paucis
1597 1637 1810 1685 tantum
1859 1629 1912 1684 in
1968 1644 2164 1684 monu-

2270 425 2416 496 apud
2437 428 2673 501 judiccs,
2707 429 2758 483 id
2790 437 2878 484 est
2907 427 3296 500 magistratus,
3339 434 3483 505 apud
3512 437 3696 495 divites
3735 451 3792 498 et
3819 447 3923 500 ati-

2269 521 2508 586 quotiens
2562 519 2738 574 solum
2779 518 2930 590 apud
2987 518 3180 576 Gentes
3225 539 3244 577 :
3297 542 3420 595 quae
3467 540 3740 601 quatenus
3791 538 3924 597 solis

2273 609 2492 666 Arianis
2521 613 2875 674 conveniant,
2913 627 2988 667 ex
3019 617 3474 676 annotationibus
3496 626 3661 681 simul
3691 633 3926 701 sumptis

2271 714 2597 772 cognosces.
2625 703 2767 771 Quid
2802 704 3066 774 pluribus
3091 722 3237 778 opus
3262 719 3348 767 est
3366 755 3381 780 ,
3417 724 3478 771 ut
3505 716 3803 782 Auctorem
3830 729 3928 785 ad-

2272 809 2465 886 versus
2481 794 2719 862 Arianos
2747 805 2858 852 tam
2887 799 3128 868 praecise
3151 801 3471 874 loquentem
3500 824 3698 886 quarto
3723 823 3928 880 saeculo

2271 883 2524 942 ﬂoruisse
2555 886 2870 960 intelligas?

2274 1023 2302 1094 ᾗ
2345 1022 2437 1080 Ill.
2471 1054 2544 1065 -
2569 1026 2710 1080 Alite
2738 1029 2914 1132 quarti
2949 1031 3136 1085 seculi
3165 1031 3390 1094 haereses
3418 1043 3487 1098 ab
3518 1047 3739 1110 Auctore
3762 1054 3931 1132 impu-

2627 1130 2810 1190 gnatae
2835 1131 3056 1177 aetatem
3079 1130 3196 1198 ejus
3222 1133 3564 1201 conﬁrmant.

2343 1258 2620 1314 Addemus
2641 1258 2764 1330 jam
2793 1260 2862 1355 ad
2896 1263 3389 1330 conﬁrmationem
3415 1279 3549 1344 alia.
3578 1286 3774 1355 quibus
3791 1291 3930 1350 alias

2271 1349 2510 1444 haereses
2545 1362 2752 1422 quarto
2782 1353 2968 1418 Solum
3017 1360 3226 1416 swculo
3266 1370 3488 1434 genitas
3546 1349 3692 1436 idem
3739 1349 3928 1444 auem.

2269 1443 2567 1542 impugnat.
2594 1445 2854 1542 Erimum
2886 1457 2962 1503 tr.
2995 1451 3050 1516 l,
3084 1467 3237 1509 num.
3271 1456 3324 1525 5,
3359 1461 3463 1519 lib.
3495 1483 3536 1534 ι,
3585 1485 3784 1542 praeter
3805 1495 3900 1537 eos

2265 1538 2359 1609 qui
2385 1538 2439 1593 in
2469 1540 2564 1595 Dei
2594 1538 2802 1594 Filium
2833 1555 3064 1599 errores
3087 1559 3450 1623 sparserunt,
3495 1525 3922 1628 illds—e-tiainvre’:

2269 1631 2558 1703 prehendit
2579 1633 2672 1703 qui
2706 1634 2760 1686 in
2783 1632 3031 1703 Spiritus
3061 1641 3236 1696 sancti
3263 1643 3615 1711 divinitatem
3662 1661 3916 1719 subimus

515 1735 720 1791 mentis
743 1727 1180 1822 Alexandrinam
1203 1721 1918 1822 Ecclesiamspectantibus
1940 1722 2158 1822 legitur)
2191 1716 2238 1776 B
2267 1728 2658 1782 ratiocinantes
2689 1727 3020 1796 peccabanl-
3071 1731 3185 1788 Sub
3225 1752 3355 1793 sono
3405 1743 3559 1816 legis,
3605 1716 3915 1822 ἱηριιίιξᾷιξ

514 1839 571 1885 et
601 1841 670 1883 ea
709 1821 1014 1879 adhibitam
1050 1828 1248 1883 mente,
1278 1826 1341 1884 ut
1359 1813 1743 1870 Sabellianam
1783 1813 2035 1869 haeresim
2064 1829 2155 1869 ca-

519 1921 730 1975 tholico
775 1926 940 1969 sensu
986 1909 1318 1974 refellerent,
1349 1921 1461 1962 non
1497 1915 1562 1959 ut
1607 1919 1800 1960 novam
1843 1905 2160 1962 inducerent

520 2020 689 2080 atque
718 2001 1112 2061 defenderent;
1144 2015 1209 2056 ex
1254 2014 1360 2071 quo
1405 1996 1717 2068 Dionysius
1760 1996 2159 2053 Alexandrinus

522 2100 895 2158 commonitus
926 2109 1052 2151 eam
1081 2093 1360 2149 formulam
1391 2089 1700 2161 displicere
1721 2130 1736 2156 ,
1788 2089 1842 2144 in
1894 2089 2156 2167 Apologia

519 2193 854 2253 catholicum
883 2188 1084 2258 dogma
1116 2186 1183 2241 ita
1214 2186 1418 2240 diserte
1445 2182 1826 2246 conﬁrmavit,
1863 2191 1923 2237 ut
1960 2182 2049 2254 qui
2090 2197 2157 2238 ex

521 2285 770 2355 antiquis
796 2282 905 2336 Arii
934 2294 1176 2335 errorem
1205 2278 1462 2351 Dionysio
1497 2276 1889 2332 vehementius
1915 2275 2157 2333 luculen-

525 2381 751 2448 tiusque
777 2373 1046 2444 reiecerit,
1076 2372 1318 2427 inventus
1339 2371 1405 2425 sit
1429 2382 1636 2426 nemo.
1662 2367 1795 2437 Quis
1824 2368 2006 2438 itaque
2026 2383 2161 2424 con-

529 2480 619 2525 tra
656 2469 820 2533 hunc,
849 2465 931 2520 vel
964 2464 1124 2519 alium
1169 2463 1400 2533 aliquem
1427 2459 1697 2532 ejusdem
1725 2461 1943 2529 generis
1971 2469 2027 2515 et
2054 2459 2158 2515 loci

535 2560 814 2615 hominem
841 2567 1106 2628 tamquam
1143 2555 1256 2610 Arii
1285 2565 1508 2610 errores
1538 2561 2010 2622 propugnantem,
2040 2550 2160 2607 istis

535 2654 590 2708 iu
627 2649 938 2705 Occidentis
975 2646 1281 2719 regionibus
1309 2659 1474 2700 unum
1529 2651 1778 2698 nostrum
1819 2640 2156 2712 Scriptorem

529 2760 637 2817 pro
663 2747 930 2799 concione
956 2741 1154 2812 pluries
1176 2750 1231 2796 et
1250 2739 1448 2794 acriter
1478 2736 1814 2792 disseruisse
1843 2734 2153 2801 existimet;

528 2851 590 2896 ct
639 2854 750 2894 non
794 2837 978 2909 potius
1027 2835 1308 2906 intelligat,
1361 2834 1430 2888 ab
1473 2833 1579 2886 hoc
1623 2828 1800 2899 palam
1849 2828 2158 2898 impugnari

535 2933 772 2990 Arianos
799 2931 1003 2986 saeculo
1026 2942 1219 3002 quarto
1251 2928 1472 2997 ubique,
1507 2939 1572 2980 ac
1597 2925 1897 2994 praesertim
1917 2924 1970 2977 in
1999 2923 2156 2978 hisce

536 3026 704 3082 Italia:
735 3024 937 3080 finibus
955 3023 1089 3079 duce
1107 3019 1380 3078 Auxentio
1402 3019 1833 3082 debaceliantes;
1857 3029 1982 3070 cum
2011 3030 2157 3084 pra:-

2266 1819 2409 1888 ﬁdei,
2441 1819 2713 1874 stecularis
2769 1835 2951 1874 antore
2982 1822 3265 1891 jactantite
3319 1846 3595 1905 accensus,
3648 1819 3907 1901 nascentis

2265 1909 2366 2008 pei
2389 1910 2597 2008 Pco,
2629 1910 2669 1966 S
2677 1910 2968 2008 piritusque
2985 1919 3153 1971 sancti
3172 1919 3588 1986 intestimabilem
3614 1935 3906 2008 incompre.

2264 2004 2670 2073 hensibilemque
2692 2002 2982 2100 divinitatis
3015 2013 3434 2087 perpetuitatem,
3459 2023 3588 2090 jure
3613 2027 3729 2098 ipso
3751 2071 3768 2094 ,
3787 2002 3899 2100 quo

2264 2114 2327 2152 eo:
2372 2113 2482 2153 sese
2519 2105 2612 2162 est,
2641 2098 2966 2166 argumentis
2987 2109 3037 2155 te
3056 2118 3256 2175 cogere,
3288 2115 3613 2185 examinare,
3641 2098 3817 2175 metiri
3837 2140 3901 2177 ac

2264 2192 2558 2246 discernere
2605 2205 2764 2283 posse
2807 2197 3100 2259 praesumis.
3151 2196 3221 2254 Et
3265 2213 3462 2262 contra
3514 2209 3614 2264 bos
3658 2211 3894 2283 Spiritus

2264 2283 2441 2338 sancti
2471 2280 2767 2351 aequalitati
2804 2283 3244 2356 prtejudicantes,
3298 2303 3458 2353 tract.
3501 2302 3589 2369 15,
3633 2280 3783 2358 num.
3836 2309 3888 2372 1,

2264 2375 2362 2430 lib.
2397 2389 2456 2439 tt,
2487 2372 2806 2442 praeclaram
2834 2373 2982 2432 illam
3012 2380 3408 2447 professionem
3436 2390 3607 2448 edidit
3643 2412 3658 2448 :
3710 2394 3895 2465 Spiri~

2265 2479 2348 2522 tus
2392 2474 2718 2526 sanctus.....
2775 2468 2964 2525 habens
2994 2489 3151 2528 unam
3189 2479 3559 2552 substantiam,
3615 2489 3880 2556 virtutem,

2265 2559 2527 2622 deitatem,
2561 2561 2900 2630 majestatem,
2949 2567 3366 2640 voluntatemque
3406 2573 3585 2633 Patris
3633 2589 3682 2634 et
3732 2579 3882 2636 Filii.

2263 2647 2366 2716 Qui
2401 2656 2585 2702 autem
2614 2664 2676 2703 ex
2711 2650 3105 2723 antiquioribus
3135 2658 3411 2720 haereticis
3437 2666 3663 2737 Spiritui
3689 2683 3886 2730 sancto

2263 2737 2614 2793 detraherent
2666 2749 2826 2811 atque
2878 2742 3238 2819 decerperent
3291 2770 3398 2809 una
3446 2773 3568 2814 cum
3616 2760 3782 2829 Filio,
3826 2776 3886 2821 ut

2263 2830 2524 2885 Auctoris
2553 2839 2733 2888 textus
2763 2833 2888 2901 fert,
2921 2852 3084 2894 nemo
3113 2857 3253 2898 unus
3280 2856 3366 2902 est
3397 2852 3664 2907 omnium.
3692 2854 3884 2912 Ariani

2264 2924 2484 2980 fuerunt
2506 2926 2684 2994 primi,
2711 2929 2802 2997 qui
2829 2943 2951 2985 cum
2974 2929 3028 2986 in
3051 2932 3249 2991 Filium
3273 2953 3544 3011 errarent,
3575 2945 3770 3000 eodem
3795 2962 3884 3002 ar-

2261 3027 2519 3089 gumento
2551 3022 2601 3074 in
2632 3019 2891 3089 Spiritum
2948 3036 3193 3082 sanctum
3241 3045 3430 3088 errare
3472 3048 3883 3104 consequenter

531 3120 725 3177 sertim
758 3133 868 3174 non
894 3132 1012 3172 eam
1052 3118 1241 3182 solam,
1271 3130 1395 3186 quae
1437 3113 1492 3168 in
1534 3109 1590 3167 S.
1625 3110 1883 3182 Dionysio
1908 3109 2150 3166 Alexan-
2181 3096 2227 3160 (Ξ
2263 3111 2554 3168 debebant.
2588 3112 2758 3182 Quam
2783 3126 2961 3172 tamen
2990 3122 3434 3180 ευηεεουιίοηειη
3465 3127 3624 3197 primi
3653 3096 3881 3187 Ᾱηθηο-

531 3215 694 3270 drino
727 3209 1054 3283 reprehensa
1085 3207 1204 3276 fuit,
1249 3206 1348 3263 sed
1377 3205 1484 3260 alia
1518 3205 1700 3274 plures
1743 3201 2047 3258 locutiones
2077 3218 2157 3258 ex

534 3306 822 3380 proposito
865 3315 919 3361 et
972 3304 1164 3374 sarpius
1192 3303 1495 3373 impugnet,
1535 3306 1664 3353 ante
1702 3297 1888 3352 Arium
1939 3297 2154 3354 nemini

536 3414 796 3471 umquam
826 3395 1077 3452 auditas?
1110 3396 1364 3470 Socrates
1387 3393 1532 3447 enim
1557 3390 1652 3444 lib.
1679 3403 1717 3456 t,
1749 3403 1870 3458 cap.
1901 3389 1957 3453 6,
1989 3403 2158 3446 novas

536 3505 585 3550 et
612 3491 877 3548 inauditas
919 3489 1031 3544 Arii
1060 3490 1364 3544 assertiones
1407 3483 1638 3549 vocavit,
1681 3492 1737 3536 et
1783 3480 2154 3552 Sozomenus,

538 3588 635 3642 lib.
670 3601 849 3656 t,cap.
885 3583 986 3639 15:
1016 3583 1164 3649 Quod
1194 3580 1448 3636 anemine
1474 3591 1714 3646 umquam
1739 3574 1933 3628 dictum
1955 3573 2154 3645 fuerat,

545 3681 655 3750 ipse
699 3680 752 3732 in
793 3675 1034 3732 Ecclesia
1087 3691 1246 3728 ausus
1287 3670 1446 3743 fuerit
1486 3667 1804 3738 prmdicare;
1851 3675 1979 3721 ante
2014 3681 2158 3736 quos

548 3779 802 3841 utrosque
831 3768 1076 3832 Ruﬁnus,
1101 3766 1194 3822 lib.
1218 3782 1247 3820 χ
1276 3764 1444 3825 Hist.,
1468 3775 1590 3830 cap.
1618 3761 1644 3814 1
1669 3777 1682 3812 :
1714 3756 1889 3814 Prava
1916 3759 2160 3828 quadam

545 3866 610 3917 de
639 3863 742 3933 ﬁde
782 3860 973 3915 Christi
1004 3861 1262 3931 proferre,
1291 3866 1340 3912 et
1369 3869 1486 3919 qua:
1524 3861 1676 3907 antea
1729 3852 1783 3905 in
1823 3851 2157 3920 quaestionem

545 3971 824 4024 numquam
855 3961 1114 4017 uenerant,
1137 3950 1286 4019 carpit
1311 3965 1328 4014 ;
1358 3946 1500 4001 unde
1537 3953 1594 3999 et
1637 3941 1871 3998 Hilarius
1897 3942 2154 3998 Arianam

543 4065 729 4103 noram
750 4048 984 4103 Ita’resim
1004 4057 1176 4112 vocat,
1207 4045 1302 4098 lib.
1329 4055 1401 4095 \‘Il
1426 4037 1492 4092 de
1519 4037 1702 4101 Trin.,
1738 4052 1885 4090 num.
1918 4035 1973 4101 5,
1991 4035 2156 4090 luere-

544 4143 643 4197 sim
669 4141 946 4208 novellam,
975 4155 1119 4192 nutn.
1142 4138 1196 4202 5,
1229 4145 1276 4189 et
1307 4131 1561 4188 novellam
1592 4133 1727 4184 luem
1765 4144 1876 4197 post
1902 4128 2152 4198 quadrin-

547 4246 724 4306 gentos
748 4238 852 4304 fere
869 4249 1030 4286 annos
1045 4247 1207 4302 nuper
1227 4230 1506 4290 inventam,
1524 4225 1617 4279 lib.
1637 4241 1674 4288 t,
1695 4222 1760 4276 ad
1782 4221 2154 4276 Constantium

551 4345 705 4383 unm.
738 4329 796 4395 5,
823 4341 984 4398 quam
1015 4326 1220 4380 scilicet
1251 4333 1379 4376 aute
1425 4319 1614 4374 Arium
1643 4317 1829 4372 docuit
1866 4327 1920 4371 et
1950 4331 2153 4386 propu-

548 4425 735 4494 gnavit
778 4435 970 4485 nemo;
998 4418 1254 4489 quidquid
1289 4417 1381 4479 sit,
1415 4413 1459 4467 si
1490 4411 1724 4481 cuipiam
1756 4408 1950 4465 similis
1975 4409 2153 4481 aliqua

550 4487 804 4577 lormula,
826 4511 934 4568 alio
965 4487 1221 4566 tamenet
1246 4505 1518 4563 catholico
1546 4519 1708 4560 sensu
1725 4501 1994 4557 intellecta
2013 4542 2029 4568 ,
2061 4501 2155 4558 ad-
2180 4487 2236 4548 1)

553 4621 745 4663 versus
765 4605 1100 4662 Sabellianos
1129 4601 1414 4658 exciderit.

627 4699 705 4774 [ι]
733 4698 838 4755 Sed
869 4705 928 4752 ut
954 4696 1216 4759 Arianos,
1260 4708 1366 4748 non
1397 4699 1580 4746 autem
1607 4689 1884 4759 antiquum
1920 4685 2154 4756 aliquem

558 4807 802 4848 errorem
829 4790 1120 4845 Auctorem
1153 4794 1400 4842 nostrum
1432 4785 1778 4856 impugnasse
1806 4796 2027 4854 prorsus
2045 4782 2160 4838 evi-

557 4885 748 4940 denter
773 4884 1198 4947 demonstretur,
1256 4879 1393 4934 satis
1431 4878 1535 4933 erit
1587 4886 1873 4932 tractatum
1923 4876 2156 4946 primum

558 4980 716 5050 primi
745 4980 864 5035 libri
890 4980 1116 5050 ejusque
1156 4976 1541 5032 annotationes
1571 4973 1789 5044 legere:
1831 4975 1883 5028 in
1915 4988 1980 5028 eo
2009 4972 2155 5029 enim

557 5073 878 5128 Arianorum
906 5071 973 5126 de
998 5069 1264 5125 altissimo
1291 5067 1488 5122 divinae
1515 5066 1878 5136 generationis
1901 5059 2158 5138 mysterio

559 5166 945 5238 philosophicis
972 5164 1272 5221 rationibus
1297 5163 1742 5236 {disceptantium
1786 5161 2156 5217 curiositatem

564 5259 695 5315 nulli
722 5260 807 5314 alii
835 5270 998 5314 secta:
1021 5256 1292 5328 propriam
1323 5255 1424 5326 (de
1443 5270 1548 5327 quo
1571 5253 1772 5310 videsis
1793 5251 2065 5309 dissertat.
2091 5269 2150 5321 ιι,

560 5367 682 5422 cap.
714 5353 774 5419 2)
802 5352 1082 5422 explorate
1102 5347 1484 5419 reprehendit;
1514 5347 1686 5402 varias
1709 5357 1858 5402 n0tat
1882 5347 2034 5416 fides,
2059 5362 2154 5404 seu

559 5441 687 5498 ﬁdei
716 5441 992 5504 formulas,
1027 5451 1274 5494 tractatus
1317 5443 1519 5500 varios.
1571 5439 1660 5508 qui
1701 5439 1857 5492 fidem
1897 5439 1950 5492 in
1979 5447 2156 5495 sectas

559 5533 762 5590 multas
786 5531 1179 5597 discinderem,
1210 5529 1351 5601 quod
1383 5530 1450 5583 ad
1493 5545 1626 5583 unas
1671 5529 1990 5584 Arianorum
2042 5529 2154 5588 for-

558 5627 741 5683 mulas
768 5633 926 5694 atque
954 5632 1210 5678 tractatus
1237 5621 1420 5677 referri
1447 5629 1654 5691 potest;
1679 5619 1852 5676 ofﬁcia
1875 5621 2154 5681 haeretico-

562 5718 687 5771 i-iun
710 5718 956 5786 designat
985 5715 1267 5785 perspicue
1292 5715 1432 5783 apud
1457 5728 1602 5783 reges
1627 5753 1644 5780 ,
1676 5711 1728 5768 id
1755 5721 1839 5768 est
1865 5713 2157 5784 imperatu-

2268 3220 2388 3261 rum
2409 3203 2477 3260 de
2500 3220 2607 3259 uno
2636 3203 2773 3261 Filio
2793 3205 3071 3278 disputare
3099 3216 3339 3268 contenti
3367 3231 3472 3270 non
3498 3218 3874 3293 inculcaruut;

2267 3297 2411 3353 unde
2446 3296 2498 3353 in
2530 3313 2597 3353 eo
2622 3313 2834 3354 errasse
2861 3303 3030 3358 notati
3063 3321 3167 3360 non
3215 3317 3363 3374 sunt,
3413 3325 3512 3365 nec
3551 3310 3604 3366 in
3657 3311 3874 3374 Nicasna

2267 3390 2476 3462 synodo
2502 3389 2590 3446 hic
2609 3406 2763 3446 error
2777 3391 3085 3451 damnatus.
3111 3396 3446 3456 Posteriores
3466 3403 3642 3458 Solum
3660 3404 3871 3478 Ariani,

2267 3499 2363 3540 seu
2411 3485 2590 3555 potius
2639 3483 2960 3542 Semiariani
3023 3489 3084 3544 id-
3115 3492 3319 3547 erroris
3378 3494 3655 3564 invexere,
3708 3517 3870 3571 quem

2268 3577 2496 3649 proinde
2522 3579 2856 3635 confutatum
2880 3581 3067 3639 videre
3093 3593 3178 3640 est
3206 3586 3348 3657 apud
3397 3587 3658 3646 Hilarium
3702 3593 3794 3650 lib.
3831 3614 3868 3653 η

2265 3675 2334 3730 de
2354 3674 2634 3741 Trinitatc,
2663 3685 2717 3730 et
2745 3675 2885 3746 apud
2927 3678 3270 3734 Ambrosium
3321 3681 3413 3735 lib.
3445 3697 3536 3751 nt,
3563 3683 3632 3740 de
3659 3683 3866 3756 Spiritu

2264 3777 2474 3833 sancto,
2506 3767 2923 3839 damnatumque
2945 3770 2998 3825 in
3025 3769 3626 3845 Constantinopolitana
3652 3781 3865 3850 synodo

2263 3874 2356 3916 an.
2379 3860 2505 3915 591.
2539 3859 2686 3915 Hanc
2724 3875 2856 3916 sane
2885 3862 3133 3920 haeresim
3186 3881 3293 3920 uno
3323 3867 3620 3939 eodemque
3664 3873 3864 3928 saeculo

2263 3963 2478 4023 quarto,
2504 3969 2610 4023 quo
2636 3953 2859 4021 Ariana,
2883 3964 2936 4011 et
2965 3970 3032 4013 ex
3063 3959 3261 4015 Ariana
3294 3971 3471 4016 natam
3490 3963 3690 4020 diserte
3717 3965 3864 4022 allir-

2264 4046 2432 4100 mavit
2459 4045 2792 4102 Sozomenus
2826 4047 2920 4104 lib.
2959 4065 3028 4115 vt,
3062 4066 3181 4122 cap.
3223 4050 3294 4108 25
3321 4071 3334 4108 :
3366 4053 3567 4110 Eodem
3614 4066 3859 4130 tempore,

2266 4136 2492 4194 Valente
2544 4139 2748 4195 scilicet
2800 4139 3120 4212 imperante,
3153 4144 3344 4216 inquit,
3390 4164 3572 4204 rursus
3621 4163 3742 4205 nata
3791 4163 3867 4207 est

2260 4230 2499 4297 qumstio,
2533 4240 2706 4284 utrum
2729 4231 2959 4302 Spiritus
2989 4246 3198 4290 sanctus
3224 4237 3454 4310 ejusdem
3483 4257 3597 4293 cum
3627 4225 3784 4297 Patre
3817 4255 3866 4299 et
3931 4218 3952 4229 ι

2265 4317 2408 4374 Filio
2428 4321 2728 4378 substantiae
2753 4326 3036 4380 censendus
3065 4337 3233 4393 esset;
3269 4344 3384 4398 qua:
3404 4331 3607 4399 quidem
3650 4337 3866 4403 qutestio

2261 4427 2380 4466 cum
2405 4416 2744 4486 jampridem.
2805 4419 2858 4474 id
2902 4428 2984 4475 est
3017 4419 3130 4489 jam
3165 4421 3298 4476 inde
3326 4437 3356 4477 a
3401 4422 3862 4486 Semiarianorum

2261 4514 2406 4574 ortu,
2438 4518 2608 4586 carpta
2642 4511 2843 4580 fuisset,
2875 4520 2996 4566 tunc
3016 4513 3299 4568 maximum
3327 4514 3692 4574 incrementum
3711 4538 3862 4577 acce-

2260 4609 2424 4670 perat.
2473 4599 2776 4668 Anomiani,
2827 4603 2880 4658 id
2919 4614 3003 4660 est
3043 4607 3160 4674 pttri
3192 4607 3378 4665 Ariani
3408 4617 3465 4664 et
3518 4612 3860 4683 Semiariani,

2262 4707 2648 4753 consenserunt.
2691 4697 2905 4770 Utrique
2955 4703 3091 4756 enim
3136 4703 3393 4771 Spiritum
3435 4717 3672 4762 sanctum
3709 4711 3864 4765 mini-

2255 4799 2422 4843 strum
2447 4806 2577 4854 esse,
2605 4800 2654 4844 et
2683 4792 2862 4847 ordine
2889 4803 3039 4862 atque
3065 4795 3260 4850 honore
3299 4797 3524 4862 tertium,
3552 4810 3602 4854 et
3626 4801 3864 4857 substan-

2263 4879 2334 4933 tia
2381 4882 2684 4936 dissimilem
2731 4886 3109 4940 asseverabant.
3151 4887 3336 4958 itaque
3372 4904 3495 4945 cnm
3545 4889 3646 4946 hos
3688 4893 3863 4963 palam

2264 4983 2448 5031 noster
2499 4987 2688 5031 auctor
2714 4979 2954 5035 recitatis
3001 4996 3066 5036 ex
3113 4990 3268 5038 tract.
3321 4983 3347 5037 1
3407 4986 3586 5043 verbis
3626 4998 3862 5058 pungat;

2265 5068 2449 5135 procul
2471 5066 2636 5123 dubio
2659 5079 2786 5127 ante
2805 5073 3042 5128 medium
3065 5074 3322 5130 saeculum
3350 5089 3600 5148 quartum
3622 5081 3865 5139 scribere

2262 5175 2596 5232 nequaquam
2631 5164 2822 5234 potuit.

2335 5251 2431 5308 Est
2489 5264 2544 5311 et
2574 5256 2798 5313 literesis
2846 5259 2972 5326 alia,
3019 5276 3179 5333 quam
3226 5262 3482 5324 distincte
3519 5275 3671 5324 notat
3719 5277 3783 5324 tr.
3829 5269 3866 5325 7

2261 5343 2358 5402 lib.
2403 5363 2440 5402 tt
2490 5348 2574 5404 his
2609 5349 2791 5406 verbis
2823 5369 2837 5406 :
2886 5351 3002 5407 Una
3029 5356 3247 5425 denique
3295 5359 3475 5412 asserit
3509 5358 3688 5415 Jesum
3715 5359 3866 5416 Chri-

2262 5449 2401 5496 stum
2428 5441 2491 5496 ab
2514 5453 2656 5498 utero
2698 5443 2923 5517 Virginis
2977 5445 3160 5503 Maria:
3201 5451 3482 5521 sumpsisse
3527 5451 3864 5524 principium,

2264 5532 2529 5606 Deumque
2547 5535 2733 5590 exinde
2768 5537 2830 5591 ob
2848 5539 3106 5611 justitiam
3151 5543 3342 5609 factum
3381 5560 3506 5606 esse,
3539 5560 3640 5598 non
3665 5553 3870 5601 natum.

2268 5627 2381 5682 lmo
2427 5626 2656 5682 subinde
2713 5637 2833 5699 post
2893 5630 3236 5702 impugnatos
3282 5633 3511 5690 Arianos
3578 5647 3711 5695 eam
3775 5627 3878 5714 sub

2268 5719 2513 5790 etltsdetit
2547 5724 2807 5776 tractatus
2854 5722 3011 5775 linem
3063 5722 3133 5775 ita
3187 5723 3450 5800 conititur,
3501 5714 3557 5774 iit
3606 5710 3889 5792 utrasque
