  <div class='ocr_page' id='page_1' title='image "/cluster/home/n/w/nwhite01/storage/ocr_20150623/11/hvd.32044096580402/032.png"; bbox 0 0 4242 6168; ppageno 0'>
   <div class='ocr_carea' id='block_1_1' title="bbox 436 219 520 274">
    <p class='ocr_par' dir='ltr' id='par_1_1' title="bbox 436 219 520 274">
     <span class='ocr_line' id='line_1_1' title="bbox 436 219 520 274; baseline 0.024 -2"><span class='ocrx_word' id='word_1_1' title='bbox 436 219 520 274; x_wconf 68' lang='grc'><strong>55</strong></span> 
     </span>
    </p>
   </div>
   <div class='ocr_carea' id='block_1_2' title="bbox 1230 195 2105 284">
    <p class='ocr_par' dir='ltr' id='par_1_2' title="bbox 1230 195 2099 277">
     <span class='ocr_line' id='line_1_2' title="bbox 1230 195 2099 277; baseline 0.025 -24"><span class='ocrx_word' id='word_1_2' title='bbox 1230 195 1710 264; x_wconf 81' lang='lat' dir='ltr'><strong>DISSERTATIO</strong></span> <span class='ocrx_word' id='word_1_3' title='bbox 1750 210 1788 277; x_wconf 90' lang='lat' dir='ltr'><strong>l,</strong></span> <span class='ocrx_word' id='word_1_4' title='bbox 1835 205 1919 268; x_wconf 86' lang='lat' dir='ltr'><strong>DE</strong></span> <span class='ocrx_word' id='word_1_5' title='bbox 1956 213 2013 270; x_wconf 74' lang='grc' dir='ltr'><strong>Β.</strong></span> <span class='ocrx_word' id='word_1_6' title='bbox 2059 215 2099 274; x_wconf 83' lang='grc' dir='ltr'>Ζ</span> 
     </span>
    </p>
   </div>
   <div class='ocr_carea' id='block_1_3' title="bbox 2200 195 3859 284">
    <p class='ocr_par' dir='ltr' id='par_1_3' title="bbox 2200 217 3859 284">
     <span class='ocr_line' id='line_1_3' title="bbox 2200 217 3859 284; baseline 0.005 -9"><span class='ocrx_word' id='word_1_7' title='bbox 2200 217 2354 276; x_wconf 81' lang='lat' dir='ltr'><strong>ONIS</strong></span> <span class='ocrx_word' id='word_1_8' title='bbox 2400 219 2647 279; x_wconf 81' lang='lat' dir='ltr'><strong>TRACT.</strong></span> <span class='ocrx_word' id='word_1_9' title='bbox 2696 224 2787 281; x_wconf 84' lang='lat' dir='ltr'>ET</span> <span class='ocrx_word' id='word_1_10' title='bbox 2824 224 3102 284; x_wconf 75' lang='grc' dir='ltr'><strong>ΑΞΤΑΤΕ.</strong></span> <span class='ocrx_word' id='word_1_11' title='bbox 3789 227 3859 284; x_wconf 69' lang='grc' dir='ltr'><strong>Μ</strong></span> 
     </span>
    </p>
   </div>
   <div class='ocr_carea' id='block_1_4' title="bbox 437 297 3864 420">
    <p class='ocr_par' dir='ltr' id='par_1_4' title="bbox 437 297 3864 420">
     <span class='ocr_line' id='line_1_4' title="bbox 437 297 3864 420; baseline 0.004 -33"><span class='ocrx_word' id='word_1_12' title='bbox 437 330 605 387; x_wconf 84' lang='lat' dir='ltr'><strong>etesia</strong></span> <span class='ocrx_word' id='word_1_13' title='bbox 634 325 889 400; x_wconf 88' lang='lat' dir='ltr'><strong>primum</strong></span> <span class='ocrx_word' id='word_1_14' title='bbox 913 327 1128 394; x_wconf 83' lang='lat' dir='ltr'><strong>patens</strong></span> <span class='ocrx_word' id='word_1_15' title='bbox 1152 311 1442 420; x_wconf 69' lang='lat' dir='ltr'><strong>dedicata</strong></span> <span class='ocrx_word' id='word_1_16' title='bbox 1491 317 1591 376; x_wconf 84' lang='lat' dir='ltr'><strong>fuit</strong></span> <span class='ocrx_word' id='word_1_17' title='bbox 1634 341 1648 378; x_wconf 88' lang='lat'><strong>:</strong></span> <span class='ocrx_word' id='word_1_18' title='bbox 1688 325 1829 420; x_wconf 82' lang='lat' dir='ltr'><strong>quod</strong></span> <span class='ocrx_word' id='word_1_19' title='bbox 1850 327 1924 420; x_wconf 86' lang='lat' dir='ltr'><strong>ad</strong></span> <span class='ocrx_word' id='word_1_20' title='bbox 1951 297 2139 387; x_wconf 49' lang='lat' dir='ltr'><strong>obten-</strong></span> <span class='ocrx_word' id='word_1_21' title='bbox 2165 339 2213 396; x_wconf 78' lang='grc' dir='ltr'>Α</span> <span class='ocrx_word' id='word_1_22' title='bbox 2245 344 2422 394; x_wconf 87' lang='lat' dir='ltr'><strong>ctatus</strong></span> <span class='ocrx_word' id='word_1_23' title='bbox 2451 338 2520 394; x_wconf 78' lang='grc'><strong>55</strong></span> <span class='ocrx_word' id='word_1_24' title='bbox 2546 349 2602 394; x_wconf 88' lang='lat' dir='ltr'><strong>et</strong></span> <span class='ocrx_word' id='word_1_25' title='bbox 2627 340 2722 410; x_wconf 77' lang='lat'><strong>38,</strong></span> <span class='ocrx_word' id='word_1_26' title='bbox 2757 340 2828 397; x_wconf 65' lang='grc'><strong>42</strong></span> <span class='ocrx_word' id='word_1_27' title='bbox 2849 349 2909 400; x_wconf 87' lang='lat' dir='ltr'><strong>et</strong></span> <span class='ocrx_word' id='word_1_28' title='bbox 2931 341 3027 410; x_wconf 70' lang='grc'><strong>45,</strong></span> <span class='ocrx_word' id='word_1_29' title='bbox 3046 344 3138 404; x_wconf 93' lang='lat' dir='ltr'><strong>lib.</strong></span> <span class='ocrx_word' id='word_1_30' title='bbox 3162 363 3221 418; x_wconf 90' lang='lat' dir='ltr'><strong>n,</strong></span> <span class='ocrx_word' id='word_1_31' title='bbox 3239 349 3330 420; x_wconf 84' lang='lat' dir='ltr'><strong>qui</strong></span> <span class='ocrx_word' id='word_1_32' title='bbox 3354 346 3560 419; x_wconf 82' lang='lat' dir='ltr'><strong>singuli</strong></span> <span class='ocrx_word' id='word_1_33' title='bbox 3576 360 3703 402; x_wconf 82' lang='lat' dir='ltr'><strong>cum</strong></span> <span class='ocrx_word' id='word_1_34' title='bbox 3719 344 3864 400; x_wconf 80' lang='lat' dir='ltr'><strong>idem</strong></span> 
     </span>
    </p>
   </div>
   <div class='ocr_carea' id='block_1_5' title="bbox 437 405 2142 494">
    <p class='ocr_par' dir='ltr' id='par_1_5' title="bbox 437 405 2142 494">
     <span class='ocr_line' id='line_1_5' title="bbox 437 405 2142 494; baseline -0.004 -10"><span class='ocrx_word' id='word_1_35' title='bbox 437 422 674 484; x_wconf 82' lang='lat' dir='ltr'><strong>dendam</strong></span> <span class='ocrx_word' id='word_1_36' title='bbox 707 433 834 476; x_wconf 87' lang='lat' dir='ltr'><strong>eam</strong></span> <span class='ocrx_word' id='word_1_37' title='bbox 879 413 1175 488; x_wconf 82' lang='lat' dir='ltr'><strong>publicam</strong></span> <span class='ocrx_word' id='word_1_38' title='bbox 1209 405 1543 478; x_wconf 82' lang='lat' dir='ltr'><strong>plurimum</strong></span> <span class='ocrx_word' id='word_1_39' title='bbox 1575 415 1808 476; x_wconf 88' lang='lat' dir='ltr'><strong>confert.</strong></span> <span class='ocrx_word' id='word_1_40' title='bbox 1838 419 1956 478; x_wconf 85' lang='lat' dir='ltr'><strong>Huc</strong></span> <span class='ocrx_word' id='word_1_41' title='bbox 2005 439 2142 494; x_wconf 84' lang='lat' dir='ltr'><strong>quo-</strong></span> 
     </span>
    </p>
   </div>
   <div class='ocr_carea' id='block_1_6' title="bbox 442 502 2141 594">
    <p class='ocr_par' dir='ltr' id='par_1_6' title="bbox 442 502 2141 594">
     <span class='ocr_line' id='line_1_6' title="bbox 442 502 2141 594; baseline -0.007 -17"><span class='ocrx_word' id='word_1_42' title='bbox 442 533 554 594; x_wconf 83' lang='lat' dir='ltr'><strong>que</strong></span> <span class='ocrx_word' id='word_1_43' title='bbox 579 512 839 574; x_wconf 78' lang='lat' dir='ltr'><strong>conducit</strong></span> <span class='ocrx_word' id='word_1_44' title='bbox 869 512 1031 567; x_wconf 90' lang='lat' dir='ltr'><strong>locus</strong></span> <span class='ocrx_word' id='word_1_45' title='bbox 1079 521 1150 564; x_wconf 78' lang='lat' dir='ltr'><strong>ex</strong></span> <span class='ocrx_word' id='word_1_46' title='bbox 1177 509 1376 558; x_wconf 79' lang='lat' dir='ltr'><strong>tract.</strong></span> <span class='ocrx_word' id='word_1_47' title='bbox 1415 502 1490 558; x_wconf 81' lang='grc'><strong>10</strong></span> <span class='ocrx_word' id='word_1_48' title='bbox 1531 506 1630 562; x_wconf 81' lang='lat' dir='ltr'><strong>lib.</strong></span> <span class='ocrx_word' id='word_1_49' title='bbox 1675 525 1714 576; x_wconf 83' lang='grc' dir='ltr'><strong>ι,</strong></span> <span class='ocrx_word' id='word_1_50' title='bbox 1763 529 1912 570; x_wconf 91' lang='lat' dir='ltr'><strong>num.</strong></span> <span class='ocrx_word' id='word_1_51' title='bbox 1943 517 2013 580; x_wconf 81' lang='lat'><strong>5,</strong></span> <span class='ocrx_word' id='word_1_52' title='bbox 2049 517 2141 574; x_wconf 83' lang='lat' dir='ltr'><strong>ubi</strong></span> 
     </span>
    </p>
   </div>
   <div class='ocr_carea' id='block_1_7' title="bbox 443 599 2137 680">
    <p class='ocr_par' dir='ltr' id='par_1_7' title="bbox 443 599 2137 680">
     <span class='ocr_line' id='line_1_7' title="bbox 443 599 2137 680; baseline 0.026 -57"><span class='ocrx_word' id='word_1_53' title='bbox 443 608 779 678; x_wconf 51' lang='lat' dir='ltr'><strong>mulieres“</strong></span> <span class='ocrx_word' id='word_1_54' title='bbox 807 605 1090 662; x_wconf 56' lang='lat' dir='ltr'><strong>ecclesiam</strong></span> <span class='ocrx_word' id='word_1_55' title='bbox 1112 599 1222 657; x_wconf 74' lang='lat' dir='ltr'><strong>Dei</strong></span> <span class='ocrx_word' id='word_1_56' title='bbox 1247 603 1435 650; x_wconf 78' lang='lat' dir='ltr'><strong>totum</strong></span> <span class='ocrx_word' id='word_1_57' title='bbox 1456 599 1726 660; x_wconf 77' lang='lat' dir='ltr'><strong>inaurata:</strong></span> <span class='ocrx_word' id='word_1_58' title='bbox 1741 624 1930 678; x_wconf 85' lang='lat' dir='ltr'><strong>corpus</strong></span> <span class='ocrx_word' id='word_1_59' title='bbox 1957 611 2137 680; x_wconf 85' lang='lat' dir='ltr'><strong>palam</strong></span> 
     </span>
    </p>
   </div>
   <div class='ocr_carea' id='block_1_8' title="bbox 449 693 2140 779">
    <p class='ocr_par' dir='ltr' id='par_1_8' title="bbox 449 693 2140 779">
     <span class='ocr_line' id='line_1_8' title="bbox 449 693 2140 779; baseline 0.01 -38"><span class='ocrx_word' id='word_1_60' title='bbox 449 701 772 779; x_wconf 59' lang='lat' dir='ltr'><strong>processisse</strong></span> <span class='ocrx_word' id='word_1_61' title='bbox 805 697 1152 762; x_wconf 70' lang='lat' dir='ltr'><strong>indicantur,</strong></span> <span class='ocrx_word' id='word_1_62' title='bbox 1183 701 1305 746; x_wconf 85' lang='lat' dir='ltr'><strong>nec</strong></span> <span class='ocrx_word' id='word_1_63' title='bbox 1341 703 1464 743; x_wconf 91' lang='lat' dir='ltr'><strong>non</strong></span> <span class='ocrx_word' id='word_1_64' title='bbox 1503 693 1606 750; x_wconf 86' lang='lat' dir='ltr'><strong>ille</strong></span> <span class='ocrx_word' id='word_1_65' title='bbox 1625 697 1761 752; x_wconf 87' lang='lat' dir='ltr'><strong>alios</strong></span> <span class='ocrx_word' id='word_1_66' title='bbox 1791 715 1859 755; x_wconf 84' lang='lat' dir='ltr'><strong>ex</strong></span> <span class='ocrx_word' id='word_1_67' title='bbox 1908 710 2073 757; x_wconf 90' lang='lat' dir='ltr'><strong>tract.</strong></span> <span class='ocrx_word' id='word_1_68' title='bbox 2104 703 2140 758; x_wconf 83' lang='grc'><strong>5</strong></span> 
     </span>
    </p>
   </div>
   <div class='ocr_carea' id='block_1_9' title="bbox 449 782 2140 873">
    <p class='ocr_par' dir='ltr' id='par_1_9' title="bbox 449 782 2140 873">
     <span class='ocr_line' id='line_1_9' title="bbox 449 782 2140 873; baseline 0 -23"><span class='ocrx_word' id='word_1_69' title='bbox 449 798 684 873; x_wconf 81' lang='lat' dir='ltr'><strong>ejusdem</strong></span> <span class='ocrx_word' id='word_1_70' title='bbox 717 793 879 861; x_wconf 83' lang='lat' dir='ltr'><strong>libri,</strong></span> <span class='ocrx_word' id='word_1_71' title='bbox 913 807 1068 846; x_wconf 88' lang='lat' dir='ltr'><strong>num.</strong></span> <span class='ocrx_word' id='word_1_72' title='bbox 1113 788 1168 853; x_wconf 88' lang='lat'><strong>8,</strong></span> <span class='ocrx_word' id='word_1_73' title='bbox 1219 782 1285 837; x_wconf 81' lang='lat' dir='ltr'><strong>in</strong></span> <span class='ocrx_word' id='word_1_74' title='bbox 1320 795 1437 851; x_wconf 86' lang='lat' dir='ltr'><strong>quo</strong></span> <span class='ocrx_word' id='word_1_75' title='bbox 1475 785 1561 840; x_wconf 86' lang='lat' dir='ltr'><strong>de</strong></span> <span class='ocrx_word' id='word_1_76' title='bbox 1593 786 1918 847; x_wconf 73' lang='lat' dir='ltr'><strong>Christianis</strong></span> <span class='ocrx_word' id='word_1_77' title='bbox 1950 796 2140 850; x_wconf 82' lang='lat' dir='ltr'><strong>uxori-</strong></span> 
     </span>
    </p>
   </div>
   <div class='ocr_carea' id='block_1_10' title="bbox 449 875 2137 955">
    <p class='ocr_par' dir='ltr' id='par_1_10' title="bbox 449 875 2137 955">
     <span class='ocr_line' id='line_1_10' title="bbox 449 875 2137 955; baseline -0.017 -4"><span class='ocrx_word' id='word_1_78' title='bbox 449 896 548 951; x_wconf 84' lang='lat' dir='ltr'><strong>bus</strong></span> <span class='ocrx_word' id='word_1_79' title='bbox 593 888 808 946; x_wconf 80' lang='lat' dir='ltr'><strong>ethnico</strong></span> <span class='ocrx_word' id='word_1_80' title='bbox 857 883 1048 955; x_wconf 91' lang='lat' dir='ltr'><strong>nuptis</strong></span> <span class='ocrx_word' id='word_1_81' title='bbox 1096 884 1313 936; x_wconf 89' lang='lat' dir='ltr'><strong>Auctor</strong></span> <span class='ocrx_word' id='word_1_82' title='bbox 1355 875 1648 946; x_wconf 84' lang='lat' dir='ltr'><strong>loquens,</strong></span> <span class='ocrx_word' id='word_1_83' title='bbox 1682 899 1792 937; x_wconf 84' lang='lat' dir='ltr'><strong>non</strong></span> <span class='ocrx_word' id='word_1_84' title='bbox 1827 887 2016 941; x_wconf 71' lang='lat' dir='ltr'><strong>minus</strong></span> <span class='ocrx_word' id='word_1_85' title='bbox 2048 889 2137 944; x_wconf 63' lang='grc' dir='ltr'><strong>ίδιί</strong></span> 
     </span>
    </p>
   </div>
   <div class='ocr_carea' id='block_1_11' title="bbox 445 965 2137 1050">
    <p class='ocr_par' dir='ltr' id='par_1_11' title="bbox 445 965 2137 1050">
     <span class='ocr_line' id='line_1_11' title="bbox 445 965 2137 1050; baseline -0.003 -8"><span class='ocrx_word' id='word_1_86' title='bbox 445 987 704 1048; x_wconf 80' lang='lat' dir='ltr'><strong>idolorum</strong></span> <span class='ocrx_word' id='word_1_87' title='bbox 736 978 1052 1050; x_wconf 87' lang='lat' dir='ltr'><strong>templum,</strong></span> <span class='ocrx_word' id='word_1_88' title='bbox 1080 985 1244 1046; x_wconf 86' lang='lat' dir='ltr'><strong>quam</strong></span> <span class='ocrx_word' id='word_1_89' title='bbox 1294 965 1366 1020; x_wconf 88' lang='lat' dir='ltr'><strong>illi</strong></span> <span class='ocrx_word' id='word_1_90' title='bbox 1420 973 1751 1029; x_wconf 85' lang='lat' dir='ltr'><strong>ecclesiam</strong></span> <span class='ocrx_word' id='word_1_91' title='bbox 1797 978 2000 1034; x_wconf 88' lang='lat' dir='ltr'><strong>eodem</strong></span> <span class='ocrx_word' id='word_1_92' title='bbox 2047 981 2137 1038; x_wconf 87' lang='lat' dir='ltr'><strong>die</strong></span> 
     </span>
    </p>
   </div>
   <div class='ocr_carea' id='block_1_12' title="bbox 447 1061 2139 1156">
    <p class='ocr_par' dir='ltr' id='par_1_12' title="bbox 447 1061 2139 1156">
     <span class='ocr_line' id='line_1_12' title="bbox 447 1061 2139 1156; baseline -0.005 -19"><span class='ocrx_word' id='word_1_93' title='bbox 447 1082 621 1156; x_wconf 86' lang='lat' dir='ltr'><strong>palam</strong></span> <span class='ocrx_word' id='word_1_94' title='bbox 653 1061 816 1149; x_wconf 81' lang='lat' dir='ltr'><strong>petita</strong></span> <span class='ocrx_word' id='word_1_95' title='bbox 857 1071 1092 1146; x_wconf 82' lang='lat' dir='ltr'><strong>perinde</strong></span> <span class='ocrx_word' id='word_1_96' title='bbox 1119 1072 1292 1127; x_wconf 73' lang='lat' dir='ltr'><strong>notat.</strong></span> <span class='ocrx_word' id='word_1_97' title='bbox 1322 1069 1380 1114; x_wconf 74' lang='lat' dir='ltr'><strong>ut</strong></span> <span class='ocrx_word' id='word_1_98' title='bbox 1404 1067 1652 1130; x_wconf 84' lang='lat' dir='ltr'><strong>publica</strong></span> <span class='ocrx_word' id='word_1_99' title='bbox 1691 1080 1934 1140; x_wconf 84' lang='lat' dir='ltr'><strong>utraque</strong></span> <span class='ocrx_word' id='word_1_100' title='bbox 1977 1091 2139 1145; x_wconf 70' lang='lat' dir='ltr'><strong>(Eque</strong></span> 
     </span>
    </p>
   </div>
   <div class='ocr_carea' id='block_1_13' title="bbox 447 1156 2137 1242">
    <p class='ocr_par' dir='ltr' id='par_1_13' title="bbox 447 1156 2137 1242">
     <span class='ocr_line' id='line_1_13' title="bbox 447 1156 2137 1242; baseline -0.007 -6"><span class='ocrx_word' id='word_1_101' title='bbox 447 1177 614 1236; x_wconf 84' lang='lat' dir='ltr'><strong>fuisse</strong></span> <span class='ocrx_word' id='word_1_102' title='bbox 632 1171 1047 1242; x_wconf 81' lang='lat' dir='ltr'><strong>intelligantur.</strong></span> <span class='ocrx_word' id='word_1_103' title='bbox 1090 1164 1262 1222; x_wconf 88' lang='lat' dir='ltr'><strong>Unum</strong></span> <span class='ocrx_word' id='word_1_104' title='bbox 1293 1156 1534 1213; x_wconf 77' lang='lat' dir='ltr'><strong>tandem</strong></span> <span class='ocrx_word' id='word_1_105' title='bbox 1565 1175 1734 1237; x_wconf 62' lang='grc' dir='ltr'><strong>φης-ει</strong></span> <span class='ocrx_word' id='word_1_106' title='bbox 1768 1181 1994 1222; x_wconf 83' lang='lat' dir='ltr'><strong>omnem</strong></span> <span class='ocrx_word' id='word_1_107' title='bbox 2030 1170 2137 1224; x_wconf 88' lang='lat' dir='ltr'><strong>du-</strong></span> 
     </span>
    </p>
   </div>
   <div class='ocr_carea' id='block_1_14' title="bbox 449 1249 2138 1327">
    <p class='ocr_par' dir='ltr' id='par_1_14' title="bbox 449 1249 2138 1327">
     <span class='ocr_line' id='line_1_14' title="bbox 449 1249 2138 1327; baseline -0.007 0"><span class='ocrx_word' id='word_1_108' title='bbox 449 1266 716 1327; x_wconf 86' lang='lat' dir='ltr'><strong>bitationis</strong></span> <span class='ocrx_word' id='word_1_109' title='bbox 736 1265 932 1322; x_wconf 85' lang='lat' dir='ltr'><strong>aleam</strong></span> <span class='ocrx_word' id='word_1_110' title='bbox 956 1249 1412 1321; x_wconf 83' lang='lat' dir='ltr'><strong>considerandum</strong></span> <span class='ocrx_word' id='word_1_111' title='bbox 1450 1254 1816 1322; x_wconf 82' lang='lat' dir='ltr'><strong>subjicimus</strong></span> <span class='ocrx_word' id='word_1_112' title='bbox 1841 1273 1905 1311; x_wconf 77' lang='lat' dir='ltr'><strong>es</strong></span> <span class='ocrx_word' id='word_1_113' title='bbox 1935 1267 2138 1316; x_wconf 83' lang='lat' dir='ltr'><strong>tracta-</strong></span> 
     </span>
    </p>
   </div>
   <div class='ocr_carea' id='block_1_15' title="bbox 451 1343 2139 1426">
    <p class='ocr_par' dir='ltr' id='par_1_15' title="bbox 451 1343 2139 1426">
     <span class='ocr_line' id='line_1_15' title="bbox 451 1343 2139 1426; baseline -0.001 -13"><span class='ocrx_word' id='word_1_114' title='bbox 451 1372 515 1418; x_wconf 79' lang='lat' dir='ltr'><strong>tu</strong></span> <span class='ocrx_word' id='word_1_115' title='bbox 563 1363 596 1417; x_wconf 80' lang='grc'><strong>5</strong></span> <span class='ocrx_word' id='word_1_116' title='bbox 622 1359 706 1415; x_wconf 89' lang='lat' dir='ltr'><strong>lib.</strong></span> <span class='ocrx_word' id='word_1_117' title='bbox 729 1373 768 1426; x_wconf 83' lang='grc' dir='ltr'><strong>ι,</strong></span> <span class='ocrx_word' id='word_1_118' title='bbox 801 1356 902 1412; x_wconf 89' lang='lat' dir='ltr'><strong>ubi</strong></span> <span class='ocrx_word' id='word_1_119' title='bbox 957 1353 1150 1410; x_wconf 86' lang='lat' dir='ltr'><strong>statim</strong></span> <span class='ocrx_word' id='word_1_120' title='bbox 1197 1347 1268 1403; x_wconf 84' lang='lat' dir='ltr'><strong>ab</strong></span> <span class='ocrx_word' id='word_1_121' title='bbox 1311 1343 1474 1398; x_wconf 87' lang='lat' dir='ltr'><strong>initio</strong></span> <span class='ocrx_word' id='word_1_122' title='bbox 1516 1348 1752 1401; x_wconf 77' lang='lat' dir='ltr'><strong>Auctor</strong></span> <span class='ocrx_word' id='word_1_123' title='bbox 1781 1349 1960 1404; x_wconf 87' lang='lat' dir='ltr'><strong>doctos</strong></span> <span class='ocrx_word' id='word_1_124' title='bbox 1989 1354 2139 1411; x_wconf 84' lang='lat' dir='ltr'><strong>viros</strong></span> 
     </span>
    </p>
   </div>
   <div class='ocr_carea' id='block_1_16' title="bbox 453 1439 2138 1520">
    <p class='ocr_par' dir='ltr' id='par_1_16' title="bbox 453 1439 2138 1520">
     <span class='ocr_line' id='line_1_16' title="bbox 453 1439 2138 1520; baseline -0.005 -8"><span class='ocrx_word' id='word_1_125' title='bbox 453 1457 561 1513; x_wconf 89' lang='lat' dir='ltr'><strong>sibi</strong></span> <span class='ocrx_word' id='word_1_126' title='bbox 587 1452 934 1511; x_wconf 87' lang='lat' dir='ltr'><strong>concionanti</strong></span> <span class='ocrx_word' id='word_1_127' title='bbox 973 1454 1280 1520; x_wconf 70' lang='lat' dir='ltr'><strong>praesentes</strong></span> <span class='ocrx_word' id='word_1_128' title='bbox 1307 1439 1624 1511; x_wconf 79' lang='lat' dir='ltr'><strong>appellans,</strong></span> <span class='ocrx_word' id='word_1_129' title='bbox 1667 1441 1941 1499; x_wconf 74' lang='lat' dir='ltr'><strong>ethnicos</strong></span> <span class='ocrx_word' id='word_1_130' title='bbox 1972 1447 2138 1505; x_wconf 85' lang='lat' dir='ltr'><strong>intel-</strong></span> 
     </span>
    </p>
   </div>
   <div class='ocr_carea' id='block_1_17' title="bbox 455 1530 2136 1620">
    <p class='ocr_par' dir='ltr' id='par_1_17' title="bbox 455 1530 2136 1620">
     <span class='ocr_line' id='line_1_17' title="bbox 455 1530 2136 1620; baseline -0.013 -15"><span class='ocrx_word' id='word_1_131' title='bbox 455 1549 605 1620; x_wconf 77' lang='lat' dir='ltr'><strong>legit,</strong></span> <span class='ocrx_word' id='word_1_132' title='bbox 643 1562 770 1619; x_wconf 87' lang='lat' dir='ltr'><strong>quos</strong></span> <span class='ocrx_word' id='word_1_133' title='bbox 818 1542 1108 1601; x_wconf 84' lang='lat' dir='ltr'><strong>facundia</strong></span> <span class='ocrx_word' id='word_1_134' title='bbox 1150 1538 1268 1608; x_wconf 77' lang='lat' dir='ltr'><strong>ejus</strong></span> <span class='ocrx_word' id='word_1_135' title='bbox 1315 1539 1503 1601; x_wconf 79' lang='lat' dir='ltr'><strong>captos</strong></span> <span class='ocrx_word' id='word_1_136' title='bbox 1549 1533 1598 1587; x_wconf 89' lang='lat' dir='ltr'><strong>ei</strong></span> <span class='ocrx_word' id='word_1_137' title='bbox 1655 1530 1990 1594; x_wconf 79' lang='lat' dir='ltr'><strong>interfuisse</strong></span> <span class='ocrx_word' id='word_1_138' title='bbox 2029 1540 2136 1597; x_wconf 89' lang='lat' dir='ltr'><strong>fre-</strong></span> 
     </span>
    </p>
   </div>
   <div class='ocr_carea' id='block_1_18' title="bbox 457 1623 2131 1713">
    <p class='ocr_par' dir='ltr' id='par_1_18' title="bbox 457 1623 2131 1713">
     <span class='ocr_line' id='line_1_18' title="bbox 457 1623 2131 1713; baseline 0.003 -28"><span class='ocrx_word' id='word_1_139' title='bbox 457 1649 702 1713; x_wconf 73' lang='lat' dir='ltr'><strong>quentes,</strong></span> <span class='ocrx_word' id='word_1_140' title='bbox 727 1638 855 1696; x_wconf 89' lang='lat' dir='ltr'><strong>dum</strong></span> <span class='ocrx_word' id='word_1_141' title='bbox 884 1647 1108 1690; x_wconf 84' lang='lat' dir='ltr'><strong>sacras</strong></span> <span class='ocrx_word' id='word_1_142' title='bbox 1131 1626 1424 1684; x_wconf 83' lang='lat' dir='ltr'><strong>conciones</strong></span> <span class='ocrx_word' id='word_1_143' title='bbox 1454 1623 1719 1692; x_wconf 81' lang='lat' dir='ltr'><strong>haberet,</strong></span> <span class='ocrx_word' id='word_1_144' title='bbox 1777 1628 1980 1686; x_wconf 87' lang='lat' dir='ltr'><strong>ibidem</strong></span> <span class='ocrx_word' id='word_1_145' title='bbox 2032 1651 2131 1690; x_wconf 83' lang='lat' dir='ltr'><strong>an-</strong></span> 
     </span>
    </p>
   </div>
   <div class='ocr_carea' id='block_1_19' title="bbox 2248 428 3859 512">
    <p class='ocr_par' dir='ltr' id='par_1_19' title="bbox 2248 428 3859 512">
     <span class='ocr_line' id='line_1_19' title="bbox 2248 428 3859 512; baseline 0.006 -28"><span class='ocrx_word' id='word_1_146' title='bbox 2248 428 2466 488; x_wconf 87' lang='lat' dir='ltr'><strong>circiter</strong></span> <span class='ocrx_word' id='word_1_147' title='bbox 2492 441 2765 504; x_wconf 83' lang='lat' dir='ltr'><strong>repetant,</strong></span> <span class='ocrx_word' id='word_1_148' title='bbox 2817 450 2943 490; x_wconf 88' lang='lat' dir='ltr'><strong>eum</strong></span> <span class='ocrx_word' id='word_1_149' title='bbox 2992 452 3280 500; x_wconf 79' lang='lat' dir='ltr'><strong>numerum</strong></span> <span class='ocrx_word' id='word_1_150' title='bbox 3327 440 3557 512; x_wconf 81' lang='lat' dir='ltr'><strong>singulis</strong></span> <span class='ocrx_word' id='word_1_151' title='bbox 3596 440 3756 497; x_wconf 84' lang='lat' dir='ltr'><strong>annis</strong></span> <span class='ocrx_word' id='word_1_152' title='bbox 3804 439 3859 494; x_wconf 90' lang='lat' dir='ltr'><strong>in</strong></span> 
     </span>
    </p>
   </div>
   <div class='ocr_carea' id='block_1_20' title="bbox 2248 525 3857 606">
    <p class='ocr_par' dir='ltr' id='par_1_20' title="bbox 2248 525 3857 606">
     <span class='ocr_line' id='line_1_20' title="bbox 2248 525 3857 606; baseline 0.007 -31"><span class='ocrx_word' id='word_1_153' title='bbox 2248 525 2507 592; x_wconf 89' lang='lat' dir='ltr'><strong>paschate</strong></span> <span class='ocrx_word' id='word_1_154' title='bbox 2534 525 2878 598; x_wconf 81' lang='lat' dir='ltr'><strong>baptismatis</strong></span> <span class='ocrx_word' id='word_1_155' title='bbox 2896 527 3118 589; x_wconf 85' lang='lat' dir='ltr'><strong>lavacro</strong></span> <span class='ocrx_word' id='word_1_156' title='bbox 3141 535 3272 606; x_wconf 85' lang='lat' dir='ltr'><strong>tingi</strong></span> <span class='ocrx_word' id='word_1_157' title='bbox 3295 534 3517 590; x_wconf 83' lang='lat' dir='ltr'><strong>solitum</strong></span> <span class='ocrx_word' id='word_1_158' title='bbox 3548 531 3857 598; x_wconf 84' lang='lat' dir='ltr'><strong>insinuant;</strong></span> 
     </span>
    </p>
   </div>
   <div class='ocr_carea' id='block_1_21' title="bbox 2247 616 3862 696">
    <p class='ocr_par' dir='ltr' id='par_1_21' title="bbox 2247 616 3862 696">
     <span class='ocr_line' id='line_1_21' title="bbox 2247 616 3862 696; baseline 0.007 -28"><span class='ocrx_word' id='word_1_159' title='bbox 2247 616 2389 685; x_wconf 89' lang='lat' dir='ltr'><strong>quod</strong></span> <span class='ocrx_word' id='word_1_160' title='bbox 2420 617 2661 686; x_wconf 88' lang='lat' dir='ltr'><strong>profecto</strong></span> <span class='ocrx_word' id='word_1_161' title='bbox 2702 635 2808 675; x_wconf 91' lang='lat' dir='ltr'><strong>non</strong></span> <span class='ocrx_word' id='word_1_162' title='bbox 2857 619 2964 674; x_wconf 89' lang='lat' dir='ltr'><strong>nisi</strong></span> <span class='ocrx_word' id='word_1_163' title='bbox 2995 636 3122 693; x_wconf 71' lang='lat' dir='ltr'><strong>post</strong></span> <span class='ocrx_word' id='word_1_164' title='bbox 3163 627 3433 686; x_wconf 58' lang='lat' dir='ltr'><strong>redditam</strong></span> <span class='ocrx_word' id='word_1_165' title='bbox 3477 624 3739 684; x_wconf 71' lang='lat' dir='ltr'><strong>Ecclesiae</strong></span> <span class='ocrx_word' id='word_1_166' title='bbox 3763 640 3862 696; x_wconf 82' lang='lat' dir='ltr'><strong>pa-</strong></span> 
     </span>
    </p>
   </div>
   <div class='ocr_carea' id='block_1_22' title="bbox 2245 712 3079 775">
    <p class='ocr_par' dir='ltr' id='par_1_22' title="bbox 2245 712 3079 775">
     <span class='ocr_line' id='line_1_22' title="bbox 2245 712 3079 775; baseline 0.016 -12"><span class='ocrx_word' id='word_1_167' title='bbox 2245 722 2366 766; x_wconf 87' lang='lat' dir='ltr'><strong>cem</strong></span> <span class='ocrx_word' id='word_1_168' title='bbox 2395 712 2660 771; x_wconf 89' lang='lat' dir='ltr'><strong>accidisse</strong></span> <span class='ocrx_word' id='word_1_169' title='bbox 2685 713 2950 772; x_wconf 86' lang='lat' dir='ltr'><strong>credibile</strong></span> <span class='ocrx_word' id='word_1_170' title='bbox 2974 728 3079 775; x_wconf 87' lang='lat' dir='ltr'><strong>est.</strong></span> 
     </span>
    </p>
   </div>
   <div class='ocr_carea' id='block_1_23' title="bbox 2245 841 3861 926">
    <p class='ocr_par' dir='ltr' id='par_1_23' title="bbox 2245 841 3861 926">
     <span class='ocr_line' id='line_1_23' title="bbox 2245 841 3861 926; baseline 0.009 -30"><span class='ocrx_word' id='word_1_171' title='bbox 2245 842 2274 911; x_wconf 57' lang='grc' dir='ltr'><strong><em>ᾖ</em></strong></span> <span class='ocrx_word' id='word_1_172' title='bbox 2308 841 2371 896; x_wconf 85' lang='lat' dir='ltr'><strong>V.</strong></span> <span class='ocrx_word' id='word_1_173' title='bbox 2401 843 2780 901; x_wconf 86' lang='lat' dir='ltr'><strong>—Interdicta</strong></span> <span class='ocrx_word' id='word_1_174' title='bbox 2819 845 3068 908; x_wconf 76' lang='lat' dir='ltr'><strong>Gentibus</strong></span> <span class='ocrx_word' id='word_1_175' title='bbox 3113 853 3420 926; x_wconf 81' lang='lat' dir='ltr'><strong>tentplorum</strong></span> <span class='ocrx_word' id='word_1_176' title='bbox 3461 853 3761 924; x_wconf 71' lang='lat' dir='ltr'><strong>wdiﬁcatio,</strong></span> <span class='ocrx_word' id='word_1_177' title='bbox 3815 867 3861 911; x_wconf 88' lang='lat' dir='ltr'><strong>et</strong></span> 
     </span>
    </p>
   </div>
   <div class='ocr_carea' id='block_1_24' title="bbox 2315 934 3868 1017">
    <p class='ocr_par' dir='ltr' id='par_1_24' title="bbox 2315 934 3868 1017">
     <span class='ocr_line' id='line_1_24' title="bbox 2315 934 3868 1017; baseline 0.01 -30"><span class='ocrx_word' id='word_1_178' title='bbox 2315 934 2555 1000; x_wconf 80' lang='lat' dir='ltr'><strong>publicus</strong></span> <span class='ocrx_word' id='word_1_179' title='bbox 2609 938 2946 994; x_wconf 76' lang='lat' dir='ltr'><strong>nihilominus</strong></span> <span class='ocrx_word' id='word_1_180' title='bbox 2991 944 3308 1000; x_wconf 66' lang='lat' dir='ltr'><strong>idololatriae</strong></span> <span class='ocrx_word' id='word_1_181' title='bbox 3350 946 3538 1011; x_wconf 88' lang='lat' dir='ltr'><strong>cultus,</strong></span> <span class='ocrx_word' id='word_1_182' title='bbox 3582 946 3645 1001; x_wconf 88' lang='lat' dir='ltr'><strong>de</strong></span> <span class='ocrx_word' id='word_1_183' title='bbox 3683 947 3868 1017; x_wconf 80' lang='lat' dir='ltr'><strong>quibus</strong></span> 
     </span>
    </p>
   </div>
   <div class='ocr_carea' id='block_1_25' title="bbox 2316 1031 3866 1114">
    <p class='ocr_par' dir='ltr' id='par_1_25' title="bbox 2316 1031 3866 1114">
     <span class='ocr_line' id='line_1_25' title="bbox 2316 1031 3866 1114; baseline 0.011 -30"><span class='ocrx_word' id='word_1_184' title='bbox 2316 1031 2510 1088; x_wconf 84' lang='lat' dir='ltr'><strong>Auctor</strong></span> <span class='ocrx_word' id='word_1_185' title='bbox 2547 1037 2778 1090; x_wconf 85' lang='lat' dir='ltr'><strong>meminit</strong></span> <span class='ocrx_word' id='word_1_186' title='bbox 2813 1047 3014 1093; x_wconf 69' lang='lat' dir='ltr'><strong>(etatem</strong></span> <span class='ocrx_word' id='word_1_187' title='bbox 3058 1045 3178 1113; x_wconf 83' lang='lat' dir='ltr'><strong>ejus</strong></span> <span class='ocrx_word' id='word_1_188' title='bbox 3210 1048 3323 1108; x_wconf 85' lang='lat' dir='ltr'><strong>post</strong></span> <span class='ocrx_word' id='word_1_189' title='bbox 3360 1042 3584 1096; x_wconf 87' lang='lat' dir='ltr'><strong>medium</strong></span> <span class='ocrx_word' id='word_1_190' title='bbox 3624 1053 3866 1114; x_wconf 81' lang='lat' dir='ltr'><strong>quartum</strong></span> 
     </span>
    </p>
   </div>
   <div class='ocr_carea' id='block_1_26' title="bbox 2318 1128 3872 1202">
    <p class='ocr_par' dir='ltr' id='par_1_26' title="bbox 2318 1128 3872 1202">
     <span class='ocr_line' id='line_1_26' title="bbox 2318 1128 3872 1202; baseline 0.01 -23"><span class='ocrx_word' id='word_1_191' title='bbox 2318 1128 2564 1181; x_wconf 74' lang='lat' dir='ltr'><strong>swculum</strong></span> <span class='ocrx_word' id='word_1_192' title='bbox 2606 1129 2913 1186; x_wconf 72' lang='lat' dir='ltr'><strong>certioribus</strong></span> <span class='ocrx_word' id='word_1_193' title='bbox 2939 1133 3197 1186; x_wconf 81' lang='lat' dir='ltr'><strong>limitibus</strong></span> <span class='ocrx_word' id='word_1_194' title='bbox 3229 1133 3501 1202; x_wconf 79' lang='lat' dir='ltr'><strong>definiunt.</strong></span> <span class='ocrx_word' id='word_1_195' title='bbox 3542 1135 3750 1193; x_wconf 86' lang='lat' dir='ltr'><strong>Baronii</strong></span> <span class='ocrx_word' id='word_1_196' title='bbox 3784 1140 3872 1194; x_wconf 88' lang='lat' dir='ltr'><strong>ob-</strong></span> 
     </span>
    </p>
   </div>
   <div class='ocr_carea' id='block_1_27' title="bbox 2311 1221 3873 1293">
    <p class='ocr_par' dir='ltr' id='par_1_27' title="bbox 2311 1221 3873 1293">
     <span class='ocr_line' id='line_1_27' title="bbox 2311 1221 3873 1293; baseline 0.015 -22"><span class='ocrx_word' id='word_1_197' title='bbox 2311 1222 2474 1291; x_wconf 87' lang='lat' dir='ltr'><strong>jectio</strong></span> <span class='ocrx_word' id='word_1_198' title='bbox 2514 1223 2748 1293; x_wconf 74' lang='lat' dir='ltr'><strong>explosa.</strong></span> <span class='ocrx_word' id='word_1_199' title='bbox 2789 1221 2930 1292; x_wconf 81' lang='lat' dir='ltr'><strong>Quid</strong></span> <span class='ocrx_word' id='word_1_200' title='bbox 2969 1228 3120 1281; x_wconf 86' lang='lat' dir='ltr'><strong>circa</strong></span> <span class='ocrx_word' id='word_1_201' title='bbox 3168 1229 3427 1286; x_wconf 82' lang='lat' dir='ltr'><strong>ethnicum</strong></span> <span class='ocrx_word' id='word_1_202' title='bbox 3467 1235 3664 1291; x_wconf 88' lang='lat' dir='ltr'><strong>cultum</strong></span> <span class='ocrx_word' id='word_1_203' title='bbox 3705 1253 3736 1292; x_wconf 89' lang='lat' dir='ltr'><strong>a</strong></span> <span class='ocrx_word' id='word_1_204' title='bbox 3773 1237 3873 1292; x_wconf 84' lang='lat' dir='ltr'><strong>Ju-</strong></span> 
     </span>
    </p>
   </div>
   <div class='ocr_carea' id='block_1_28' title="bbox 2321 1312 3575 1398">
    <p class='ocr_par' dir='ltr' id='par_1_28' title="bbox 2321 1312 3575 1398">
     <span class='ocr_line' id='line_1_28' title="bbox 2321 1312 3575 1398; baseline 0.018 -34"><span class='ocrx_word' id='word_1_205' title='bbox 2321 1312 2447 1368; x_wconf 88' lang='lat' dir='ltr'><strong>liani</strong></span> <span class='ocrx_word' id='word_1_206' title='bbox 2476 1316 2615 1370; x_wconf 85' lang='lat' dir='ltr'><strong>obitu</strong></span> <span class='ocrx_word' id='word_1_207' title='bbox 2638 1317 2894 1374; x_wconf 86' lang='lat' dir='ltr'><strong>decretum</strong></span> <span class='ocrx_word' id='word_1_208' title='bbox 2923 1321 2991 1374; x_wconf 89' lang='lat' dir='ltr'><strong>ad</strong></span> <span class='ocrx_word' id='word_1_209' title='bbox 3018 1338 3234 1378; x_wconf 87' lang='lat' dir='ltr'><strong>annum</strong></span> <span class='ocrx_word' id='word_1_210' title='bbox 3260 1342 3421 1398; x_wconf 86' lang='lat' dir='ltr'><strong>usque</strong></span> <span class='ocrx_word' id='word_1_211' title='bbox 3447 1328 3575 1387; x_wconf 68' lang='grc'><strong>591.</strong></span> 
     </span>
    </p>
   </div>
   <div class='ocr_carea' id='block_1_29' title="bbox 2318 1445 3886 1534">
    <p class='ocr_par' dir='ltr' id='par_1_29' title="bbox 2318 1445 3886 1534">
     <span class='ocr_line' id='line_1_29' title="bbox 2318 1445 3886 1534; baseline 0.022 -33"><span class='ocrx_word' id='word_1_212' title='bbox 2318 1445 2654 1518; x_wconf 82' lang='lat' dir='ltr'><strong>Argumenta</strong></span> <span class='ocrx_word' id='word_1_213' title='bbox 2681 1469 2746 1509; x_wconf 80' lang='lat' dir='ltr'><strong>ex</strong></span> <span class='ocrx_word' id='word_1_214' title='bbox 2777 1454 3013 1526; x_wconf 89' lang='lat' dir='ltr'><strong>publicis</strong></span> <span class='ocrx_word' id='word_1_215' title='bbox 3041 1453 3500 1525; x_wconf 84' lang='lat' dir='ltr'><strong>Christianorum</strong></span> <span class='ocrx_word' id='word_1_216' title='bbox 3529 1473 3886 1534; x_wconf 87' lang='lat' dir='ltr'><strong>ecclesiisdu-</strong></span> 
     </span>
    </p>
   </div>
   <div class='ocr_carea' id='block_1_30' title="bbox 2243 1542 3888 1646">
    <p class='ocr_par' dir='ltr' id='par_1_30' title="bbox 2243 1542 3888 1646">
     <span class='ocr_line' id='line_1_30' title="bbox 2243 1542 3888 1646; baseline 0.025 -53"><span class='ocrx_word' id='word_1_217' title='bbox 2243 1547 2331 1594; x_wconf 91' lang='lat' dir='ltr'><strong>cto</strong></span> <span class='ocrx_word' id='word_1_218' title='bbox 2348 1542 2748 1612; x_wconf 85' lang='lat' dir='ltr'><strong>subjiciendum</strong></span> <span class='ocrx_word' id='word_1_219' title='bbox 2768 1549 2920 1604; x_wconf 88' lang='lat' dir='ltr'><strong>aliud</strong></span> <span class='ocrx_word' id='word_1_220' title='bbox 2943 1562 3249 1621; x_wconf 77' lang='lat' dir='ltr'><strong>snmptum</strong></span> <span class='ocrx_word' id='word_1_221' title='bbox 3273 1575 3338 1616; x_wconf 83' lang='lat' dir='ltr'><strong>ex</strong></span> <span class='ocrx_word' id='word_1_222' title='bbox 3362 1562 3625 1624; x_wconf 85' lang='lat' dir='ltr'><strong>idolorum</strong></span> <span class='ocrx_word' id='word_1_223' title='bbox 3649 1574 3888 1646; x_wconf 82' lang='lat' dir='ltr'><strong>templis.</strong></span> 
     </span>
    </p>
   </div>
   <div class='ocr_carea' id='block_1_31' title="bbox 2242 1636 3893 1735">
    <p class='ocr_par' dir='ltr' id='par_1_31' title="bbox 2242 1636 3893 1735">
     <span class='ocr_line' id='line_1_31' title="bbox 2242 1636 3893 1735; baseline 0.027 -52"><span class='ocrx_word' id='word_1_224' title='bbox 2242 1647 2363 1700; x_wconf 81' lang='lat' dir='ltr'><strong>quae</strong></span> <span class='ocrx_word' id='word_1_225' title='bbox 2387 1636 2497 1690; x_wconf 87' lang='lat' dir='ltr'><strong>etsi</strong></span> <span class='ocrx_word' id='word_1_226' title='bbox 2526 1646 2798 1708; x_wconf 87' lang='lat' dir='ltr'><strong>paterent,</strong></span> <span class='ocrx_word' id='word_1_227' title='bbox 2835 1640 3106 1698; x_wconf 66' lang='lat' dir='ltr'><strong>mdiﬁcari</strong></span> <span class='ocrx_word' id='word_1_228' title='bbox 3159 1659 3338 1710; x_wconf 83' lang='lat' dir='ltr'><strong>tamen</strong></span> <span class='ocrx_word' id='word_1_229' title='bbox 3368 1655 3620 1720; x_wconf 81' lang='lat' dir='ltr'><strong>Auctoris</strong></span> <span class='ocrx_word' id='word_1_230' title='bbox 3649 1636 3893 1735; x_wconf 50' lang='lat' dir='ltr'><strong>strnue;</strong></span> 
     </span>
    </p>
   </div>
   <div class='ocr_carea' id='block_1_32' title="bbox 461 1717 3885 1834">
    <p class='ocr_par' dir='ltr' id='par_1_32' title="bbox 461 1717 3885 1834">
     <span class='ocr_line' id='line_1_32' title="bbox 461 1717 3885 1834; baseline 0.008 -40"><span class='ocrx_word' id='word_1_231' title='bbox 461 1745 578 1794; x_wconf 84' lang='lat' dir='ltr'><strong>not.</strong></span> <span class='ocrx_word' id='word_1_232' title='bbox 631 1735 666 1789; x_wconf 71' lang='lat'><strong>2</strong></span> <span class='ocrx_word' id='word_1_233' title='bbox 711 1731 1088 1788; x_wconf 85' lang='lat' dir='ltr'><strong>ostendimus</strong></span> <span class='ocrx_word' id='word_1_234' title='bbox 1115 1767 1130 1786; x_wconf 91' lang='lat'><strong>.</strong></span> <span class='ocrx_word' id='word_1_235' title='bbox 1175 1719 1445 1788; x_wconf 83' lang='lat' dir='ltr'><strong>simulque</strong></span> <span class='ocrx_word' id='word_1_236' title='bbox 1507 1717 1828 1788; x_wconf 75' lang='lat' dir='ltr'><strong>colligimus</strong></span> <span class='ocrx_word' id='word_1_237' title='bbox 1877 1723 2136 1784; x_wconf 86' lang='lat' dir='ltr'><strong>Auctoris</strong></span> <span class='ocrx_word' id='word_1_238' title='bbox 2167 1737 2215 1798; x_wconf 74' lang='grc' dir='ltr'><strong>Β</strong></span> <span class='ocrx_word' id='word_1_239' title='bbox 2245 1738 2524 1794; x_wconf 68' lang='lat' dir='ltr'><strong>Quamnam</strong></span> <span class='ocrx_word' id='word_1_240' title='bbox 2543 1739 2815 1798; x_wconf 89' lang='lat' dir='ltr'><strong>poterant.</strong></span> <span class='ocrx_word' id='word_1_241' title='bbox 2841 1733 2892 1788; x_wconf 87' lang='lat' dir='ltr'><strong>Is</strong></span> <span class='ocrx_word' id='word_1_242' title='bbox 2909 1735 3192 1796; x_wconf 84' lang='lat' dir='ltr'><strong>nimirum</strong></span> <span class='ocrx_word' id='word_1_243' title='bbox 3212 1746 3404 1805; x_wconf 85' lang='lat' dir='ltr'><strong>eodem</strong></span> <span class='ocrx_word' id='word_1_244' title='bbox 3425 1762 3578 1814; x_wconf 87' lang='lat' dir='ltr'><strong>tract.</strong></span> <span class='ocrx_word' id='word_1_245' title='bbox 3605 1717 3885 1834; x_wconf 62' lang='lat' dir='ltr'><strong>7,num.i,</strong></span> 
     </span>
     <span class='ocr_line' id='line_1_33' title="bbox 911 1810 2898 1834; baseline 0 0"><span class='ocrx_word' id='word_1_246' title='bbox 911 1824 925 1834; x_wconf 71' lang='grc' dir='ltr'>ι</span> <span class='ocrx_word' id='word_1_247' title='bbox 1015 1823 1025 1832; x_wconf 66' lang='grc' dir='ltr'><strong>ρ</strong></span> <span class='ocrx_word' id='word_1_248' title='bbox 1200 1832 1227 1834; x_wconf 58' lang='lat'><strong>,_</strong></span> <span class='ocrx_word' id='word_1_249' title='bbox 1263 1810 1602 1834; x_wconf 59' lang='lat' dir='ltr'><strong>_._,_.......s2.....</strong></span> <span class='ocrx_word' id='word_1_250' title='bbox 1639 1811 1782 1834; x_wconf 80' lang='lat' dir='ltr'><strong>-_:L:|</strong></span> <span class='ocrx_word' id='word_1_251' title='bbox 1816 1828 1920 1834; x_wconf 34' lang='grc' dir='ltr'><strong>-μγ,</strong></span> <span class='ocrx_word' id='word_1_252' title='bbox 2074 1831 2083 1834; x_wconf 66' lang='grc'><strong>-</strong></span> <span class='ocrx_word' id='word_1_253' title='bbox 2324 1829 2356 1834; x_wconf 35' lang='grc' dir='ltr'><strong>ν-</strong></span> <span class='ocrx_word' id='word_1_254' title='bbox 2568 1825 2579 1834; x_wconf 87' lang='grc'>.</span> <span class='ocrx_word' id='word_1_255' title='bbox 2690 1827 2700 1834; x_wconf 87' lang='grc'>.</span> <span class='ocrx_word' id='word_1_256' title='bbox 2889 1828 2898 1834; x_wconf 90' lang='grc'><em>.</em></span> 
     </span>
    </p>
   </div>
   <div class='ocr_carea' id='block_1_33' title="bbox 461 1810 2120 1899">
    <p class='ocr_par' dir='ltr' id='par_1_33' title="bbox 461 1810 2120 1899">
     <span class='ocr_line' id='line_1_34' title="bbox 461 1810 2120 1899; baseline -0.008 -11"><span class='ocrx_word' id='word_1_257' title='bbox 461 1840 698 1897; x_wconf 68' lang='lat' dir='ltr'><strong>aetatem,</strong></span> <span class='ocrx_word' id='word_1_258' title='bbox 719 1843 815 1899; x_wconf 86' lang='lat' dir='ltr'><strong>qua</strong></span> <span class='ocrx_word' id='word_1_259' title='bbox 843 1823 1236 1880; x_wconf 83' lang='lat' dir='ltr'><strong>ethnicorum</strong></span> <span class='ocrx_word' id='word_1_260' title='bbox 1263 1810 1607 1886; x_wconf 66' lang='lat' dir='ltr'><strong>praesentiam</strong></span> <span class='ocrx_word' id='word_1_261' title='bbox 1639 1811 1782 1869; x_wconf 84' lang='lat' dir='ltr'><strong>nihil</strong></span> <span class='ocrx_word' id='word_1_262' title='bbox 1813 1828 2120 1889; x_wconf 84' lang='lat' dir='ltr'><strong>metueret;</strong></span> 
     </span>
    </p>
   </div>
   <div class='ocr_carea' id='block_1_34' title="bbox 464 1904 2124 1993">
    <p class='ocr_par' dir='ltr' id='par_1_34' title="bbox 464 1904 2124 1993">
     <span class='ocr_line' id='line_1_35' title="bbox 464 1904 2124 1993; baseline -0.007 -14"><span class='ocrx_word' id='word_1_263' title='bbox 464 1924 520 1978; x_wconf 88' lang='lat' dir='ltr'><strong>id</strong></span> <span class='ocrx_word' id='word_1_264' title='bbox 559 1921 699 1993; x_wconf 86' lang='lat' dir='ltr'><strong>quod</strong></span> <span class='ocrx_word' id='word_1_265' title='bbox 737 1918 910 1975; x_wconf 89' lang='lat' dir='ltr'><strong>solum</strong></span> <span class='ocrx_word' id='word_1_266' title='bbox 966 1910 1191 1969; x_wconf 85' lang='lat' dir='ltr'><strong>accidit</strong></span> <span class='ocrx_word' id='word_1_267' title='bbox 1233 1904 1435 1962; x_wconf 80' lang='lat' dir='ltr'><strong>saeculo</strong></span> <span class='ocrx_word' id='word_1_268' title='bbox 1465 1913 1678 1973; x_wconf 89' lang='lat' dir='ltr'><strong>quarto,</strong></span> <span class='ocrx_word' id='word_1_269' title='bbox 1709 1920 1836 1960; x_wconf 89' lang='lat' dir='ltr'><strong>cum</strong></span> <span class='ocrx_word' id='word_1_270' title='bbox 1867 1923 2124 1977; x_wconf 83' lang='lat' dir='ltr'><strong>persecu-</strong></span> 
     </span>
    </p>
   </div>
   <div class='ocr_carea' id='block_1_35' title="bbox 465 1995 2116 2075">
    <p class='ocr_par' dir='ltr' id='par_1_35' title="bbox 465 1995 2116 2075">
     <span class='ocr_line' id='line_1_36' title="bbox 465 1995 2116 2075; baseline -0.007 -4"><span class='ocrx_word' id='word_1_271' title='bbox 465 2014 708 2072; x_wconf 88' lang='lat' dir='ltr'><strong>tionibus</strong></span> <span class='ocrx_word' id='word_1_272' title='bbox 731 2010 1006 2068; x_wconf 79' lang='lat' dir='ltr'><strong>Gentium</strong></span> <span class='ocrx_word' id='word_1_273' title='bbox 1036 2019 1141 2075; x_wconf 90' lang='lat' dir='ltr'><strong>per</strong></span> <span class='ocrx_word' id='word_1_274' title='bbox 1161 1998 1506 2055; x_wconf 80' lang='lat' dir='ltr'><strong>Christianos</strong></span> <span class='ocrx_word' id='word_1_275' title='bbox 1529 1995 1881 2064; x_wconf 80' lang='lat' dir='ltr'><strong>imperatores</strong></span> <span class='ocrx_word' id='word_1_276' title='bbox 1894 2001 2116 2072; x_wconf 88' lang='lat' dir='ltr'><strong>deletis,</strong></span> 
     </span>
    </p>
   </div>
   <div class='ocr_carea' id='block_1_36' title="bbox 467 2086 2111 2190">
    <p class='ocr_par' dir='ltr' id='par_1_36' title="bbox 467 2086 2111 2190">
     <span class='ocr_line' id='line_1_37' title="bbox 467 2086 2111 2190; baseline -0.004 -31"><span class='ocrx_word' id='word_1_277' title='bbox 467 2103 792 2177; x_wconf 73' lang='lat' dir='ltr'><strong>religionem</strong></span> <span class='ocrx_word' id='word_1_278' title='bbox 820 2099 1211 2154; x_wconf 80' lang='lat' dir='ltr'><strong>christtanam</strong></span> <span class='ocrx_word' id='word_1_279' title='bbox 1240 2090 1360 2143; x_wconf 87' lang='lat' dir='ltr'><strong>sine</strong></span> <span class='ocrx_word' id='word_1_280' title='bbox 1379 2086 1499 2190; x_wconf 28' lang='lat' dir='ltr'><strong>iulio</strong></span> <span class='ocrx_word' id='word_1_281' title='bbox 1519 2094 1662 2140; x_wconf 84' lang='lat' dir='ltr'><strong>metu</strong></span> <span class='ocrx_word' id='word_1_282' title='bbox 1687 2088 1914 2190; x_wconf 71' lang='lat' dir='ltr'><strong>publicis</strong></span> <span class='ocrx_word' id='word_1_283' title='bbox 1940 2093 1993 2147; x_wconf 88' lang='lat' dir='ltr'><strong>in</strong></span> <span class='ocrx_word' id='word_1_284' title='bbox 2011 2110 2111 2190; x_wconf 77' lang='lat' dir='ltr'><strong>ec-</strong></span> 
     </span>
    </p>
   </div>
   <div class='ocr_carea' id='block_1_37' title="bbox 468 2180 2112 2267">
    <p class='ocr_par' dir='ltr' id='par_1_37' title="bbox 468 2180 2112 2267">
     <span class='ocr_line' id='line_1_38' title="bbox 468 2180 2112 2267; baseline -0.007 -13"><span class='ocrx_word' id='word_1_285' title='bbox 468 2197 665 2258; x_wconf 87' lang='lat' dir='ltr'><strong>clesiis</strong></span> <span class='ocrx_word' id='word_1_286' title='bbox 697 2190 944 2267; x_wconf 78' lang='lat' dir='ltr'><strong>profiteri</strong></span> <span class='ocrx_word' id='word_1_287' title='bbox 984 2185 1171 2252; x_wconf 86' lang='lat' dir='ltr'><strong>licuit,</strong></span> <span class='ocrx_word' id='word_1_288' title='bbox 1223 2192 1281 2236; x_wconf 91' lang='lat' dir='ltr'><strong>ut</strong></span> <span class='ocrx_word' id='word_1_289' title='bbox 1325 2180 1393 2234; x_wconf 86' lang='lat' dir='ltr'><strong>ad</strong></span> <span class='ocrx_word' id='word_1_290' title='bbox 1440 2192 1624 2234; x_wconf 89' lang='lat' dir='ltr'><strong>sacras</strong></span> <span class='ocrx_word' id='word_1_291' title='bbox 1669 2180 1961 2238; x_wconf 88' lang='lat' dir='ltr'><strong>conciones</strong></span> <span class='ocrx_word' id='word_1_292' title='bbox 2006 2186 2112 2257; x_wconf 89' lang='lat' dir='ltr'><strong>ipsi</strong></span> 
     </span>
    </p>
   </div>
   <div class='ocr_carea' id='block_1_38' title="bbox 469 2270 2110 2362">
    <p class='ocr_par' dir='ltr' id='par_1_38' title="bbox 469 2270 2110 2362">
     <span class='ocr_line' id='line_1_39' title="bbox 469 2270 2110 2362; baseline -0.002 -25"><span class='ocrx_word' id='word_1_293' title='bbox 469 2304 698 2362; x_wconf 82' lang='lat' dir='ltr'><strong>quoque</strong></span> <span class='ocrx_word' id='word_1_294' title='bbox 739 2283 947 2343; x_wconf 87' lang='lat' dir='ltr'><strong>ethnici</strong></span> <span class='ocrx_word' id='word_1_295' title='bbox 1003 2277 1459 2339; x_wconf 80' lang='lat' dir='ltr'><strong>admitterentur.</strong></span> <span class='ocrx_word' id='word_1_296' title='bbox 1491 2270 1673 2341; x_wconf 82' lang='lat' dir='ltr'><strong>Neque</strong></span> <span class='ocrx_word' id='word_1_297' title='bbox 1703 2286 1916 2329; x_wconf 78' lang='lat' dir='ltr'><strong>inoveat</strong></span> <span class='ocrx_word' id='word_1_298' title='bbox 1941 2280 2110 2348; x_wconf 89' lang='lat' dir='ltr'><strong>quod,</strong></span> 
     </span>
    </p>
   </div>
   <div class='ocr_carea' id='block_1_39' title="bbox 472 2365 2110 2448">
    <p class='ocr_par' dir='ltr' id='par_1_39' title="bbox 472 2365 2110 2448">
     <span class='ocr_line' id='line_1_40' title="bbox 472 2365 2110 2448; baseline -0.008 -8"><span class='ocrx_word' id='word_1_299' title='bbox 472 2394 644 2440; x_wconf 84' lang='lat' dir='ltr'><strong>tract.</strong></span> <span class='ocrx_word' id='word_1_300' title='bbox 687 2383 741 2448; x_wconf 87' lang='lat'><strong>5,</strong></span> <span class='ocrx_word' id='word_1_301' title='bbox 782 2392 936 2433; x_wconf 90' lang='lat' dir='ltr'><strong>num.</strong></span> <span class='ocrx_word' id='word_1_302' title='bbox 975 2373 1036 2440; x_wconf 92' lang='lat'><strong>8,</strong></span> <span class='ocrx_word' id='word_1_303' title='bbox 1071 2369 1270 2442; x_wconf 78' lang='lat' dir='ltr'><strong>pagani</strong></span> <span class='ocrx_word' id='word_1_304' title='bbox 1325 2366 1428 2421; x_wconf 82' lang='lat' dir='ltr'><strong>viri</strong></span> <span class='ocrx_word' id='word_1_305' title='bbox 1484 2365 1795 2428; x_wconf 82' lang='lat' dir='ltr'><strong>sacriﬁcium</strong></span> <span class='ocrx_word' id='word_1_306' title='bbox 1845 2368 2110 2437; x_wconf 83' lang='lat' dir='ltr'><strong>publicum</strong></span> 
     </span>
    </p>
   </div>
   <div class='ocr_carea' id='block_1_40' title="bbox 476 2460 2110 2540">
    <p class='ocr_par' dir='ltr' id='par_1_40' title="bbox 476 2460 2110 2540">
     <span class='ocr_line' id='line_1_41' title="bbox 476 2460 2110 2540; baseline -0.007 -7"><span class='ocrx_word' id='word_1_307' title='bbox 476 2478 744 2540; x_wconf 78' lang='lat' dir='ltr'><strong>afﬁrmet,</strong></span> <span class='ocrx_word' id='word_1_308' title='bbox 777 2469 964 2526; x_wconf 80' lang='lat' dir='ltr'><strong>uxoris</strong></span> <span class='ocrx_word' id='word_1_309' title='bbox 993 2474 1186 2520; x_wconf 86' lang='lat' dir='ltr'><strong>autem</strong></span> <span class='ocrx_word' id='word_1_310' title='bbox 1215 2460 1539 2516; x_wconf 69' lang='lat' dir='ltr'><strong>Christianae</strong></span> <span class='ocrx_word' id='word_1_311' title='bbox 1591 2470 1837 2522; x_wconf 84' lang='lat' dir='ltr'><strong>secretum</strong></span> <span class='ocrx_word' id='word_1_312' title='bbox 1879 2479 1897 2516; x_wconf 85' lang='lat'><strong><em>:</em></strong></span> <span class='ocrx_word' id='word_1_313' title='bbox 1927 2479 1994 2519; x_wconf 77' lang='lat' dir='ltr'><strong>ex</strong></span> <span class='ocrx_word' id='word_1_314' title='bbox 2043 2466 2110 2522; x_wconf 80' lang='lat' dir='ltr'><strong>iis</strong></span> 
     </span>
    </p>
   </div>
   <div class='ocr_carea' id='block_1_41' title="bbox 485 2553 2108 2635">
    <p class='ocr_par' dir='ltr' id='par_1_41' title="bbox 485 2553 2108 2635">
     <span class='ocr_line' id='line_1_42' title="bbox 485 2553 2108 2635; baseline -0.007 -10"><span class='ocrx_word' id='word_1_315' title='bbox 485 2570 669 2633; x_wconf 81' lang='lat' dir='ltr'><strong>enim,</strong></span> <span class='ocrx_word' id='word_1_316' title='bbox 730 2579 846 2635; x_wconf 69' lang='lat' dir='ltr'><strong>qua:</strong></span> <span class='ocrx_word' id='word_1_317' title='bbox 887 2560 1102 2615; x_wconf 83' lang='lat' dir='ltr'><strong>ibidem</strong></span> <span class='ocrx_word' id='word_1_318' title='bbox 1151 2554 1533 2609; x_wconf 74' lang='lat' dir='ltr'><strong>annotavimus</strong></span> <span class='ocrx_word' id='word_1_319' title='bbox 1573 2553 1742 2622; x_wconf 88' lang='lat' dir='ltr'><strong>liquet</strong></span> <span class='ocrx_word' id='word_1_320' title='bbox 1793 2569 1978 2610; x_wconf 89' lang='lat' dir='ltr'><strong>vocem</strong></span> <span class='ocrx_word' id='word_1_321' title='bbox 2025 2575 2108 2614; x_wconf 87' lang='lat' dir='ltr'><strong>se-</strong></span> 
     </span>
    </p>
   </div>
   <div class='ocr_carea' id='block_1_42' title="bbox 479 2647 2106 2717">
    <p class='ocr_par' dir='ltr' id='par_1_42' title="bbox 479 2647 2106 2717">
     <span class='ocr_line' id='line_1_43' title="bbox 479 2647 2106 2717; baseline -0.006 0"><span class='ocrx_word' id='word_1_322' title='bbox 479 2670 685 2717; x_wconf 82' lang='lat' dir='ltr'><strong>cretum</strong></span> <span class='ocrx_word' id='word_1_323' title='bbox 708 2657 776 2711; x_wconf 87' lang='lat' dir='ltr'><strong>ad</strong></span> <span class='ocrx_word' id='word_1_324' title='bbox 801 2653 1072 2711; x_wconf 83' lang='lat' dir='ltr'><strong>ecclesias</strong></span> <span class='ocrx_word' id='word_1_325' title='bbox 1090 2647 1522 2704; x_wconf 88' lang='lat' dir='ltr'><strong>transferendam</strong></span> <span class='ocrx_word' id='word_1_326' title='bbox 1540 2660 1644 2700; x_wconf 92' lang='lat' dir='ltr'><strong>non</strong></span> <span class='ocrx_word' id='word_1_327' title='bbox 1667 2661 1811 2714; x_wconf 86' lang='lat' dir='ltr'><strong>esse,</strong></span> <span class='ocrx_word' id='word_1_328' title='bbox 1826 2647 1922 2704; x_wconf 79' lang='lat' dir='ltr'><strong>sed</strong></span> <span class='ocrx_word' id='word_1_329' title='bbox 1946 2667 2106 2708; x_wconf 89' lang='lat' dir='ltr'><strong>unum</strong></span> 
     </span>
    </p>
   </div>
   <div class='ocr_carea' id='block_1_43' title="bbox 477 2740 2106 2823">
    <p class='ocr_par' dir='ltr' id='par_1_43' title="bbox 477 2740 2106 2823">
     <span class='ocr_line' id='line_1_44' title="bbox 477 2740 2106 2823; baseline -0.007 -15"><span class='ocrx_word' id='word_1_330' title='bbox 477 2762 738 2823; x_wconf 88' lang='lat' dir='ltr'><strong>spectare</strong></span> <span class='ocrx_word' id='word_1_331' title='bbox 764 2744 1136 2804; x_wconf 82' lang='lat' dir='ltr'><strong>Eucharistiae</strong></span> <span class='ocrx_word' id='word_1_332' title='bbox 1163 2751 1566 2797; x_wconf 81' lang='lat' dir='ltr'><strong>Sacramentum</strong></span> <span class='ocrx_word' id='word_1_333' title='bbox 1586 2781 1598 2802; x_wconf 86' lang='lat'><strong>.</strong></span> <span class='ocrx_word' id='word_1_334' title='bbox 1629 2740 1770 2809; x_wconf 90' lang='lat' dir='ltr'><strong>quod</strong></span> <span class='ocrx_word' id='word_1_335' title='bbox 1797 2756 1861 2796; x_wconf 84' lang='lat' dir='ltr'><strong>ex</strong></span> <span class='ocrx_word' id='word_1_336' title='bbox 1887 2742 2106 2814; x_wconf 84' lang='lat' dir='ltr'><strong>antiqua</strong></span> 
     </span>
    </p>
   </div>
   <div class='ocr_carea' id='block_1_44' title="bbox 477 2834 2106 2913">
    <p class='ocr_par' dir='ltr' id='par_1_44' title="bbox 477 2834 2106 2913">
     <span class='ocr_line' id='line_1_45' title="bbox 477 2834 2106 2913; baseline -0.006 -12"><span class='ocrx_word' id='word_1_337' title='bbox 477 2842 796 2913; x_wconf 85' lang='lat' dir='ltr'><strong>disciplina,</strong></span> <span class='ocrx_word' id='word_1_338' title='bbox 831 2839 1034 2896; x_wconf 90' lang='lat' dir='ltr'><strong>nedum</strong></span> <span class='ocrx_word' id='word_1_339' title='bbox 1062 2852 1094 2890; x_wconf 94' lang='lat' dir='ltr'><strong>a</strong></span> <span class='ocrx_word' id='word_1_340' title='bbox 1129 2835 1380 2904; x_wconf 80' lang='lat' dir='ltr'><strong>Paganis,</strong></span> <span class='ocrx_word' id='word_1_341' title='bbox 1411 2851 1479 2888; x_wconf 88' lang='lat' dir='ltr'><strong>ne</strong></span> <span class='ocrx_word' id='word_1_342' title='bbox 1499 2849 1529 2888; x_wconf 89' lang='lat' dir='ltr'><strong>a</strong></span> <span class='ocrx_word' id='word_1_343' title='bbox 1559 2834 1963 2891; x_wconf 86' lang='lat' dir='ltr'><strong>catechumenis</strong></span> <span class='ocrx_word' id='word_1_344' title='bbox 1988 2839 2106 2909; x_wconf 62' lang='lat' dir='ltr'><strong>quiv</strong></span> 
     </span>
    </p>
   </div>
   <div class='ocr_carea' id='block_1_45' title="bbox 477 2927 2105 3002">
    <p class='ocr_par' dir='ltr' id='par_1_45' title="bbox 477 2927 2105 3002">
     <span class='ocr_line' id='line_1_46' title="bbox 477 2927 2105 3002; baseline -0.002 -12"><span class='ocrx_word' id='word_1_345' title='bbox 477 2937 609 2990; x_wconf 85' lang='lat' dir='ltr'><strong>dem</strong></span> <span class='ocrx_word' id='word_1_346' title='bbox 642 2933 778 3002; x_wconf 83' lang='lat' dir='ltr'><strong>ipsis</strong></span> <span class='ocrx_word' id='word_1_347' title='bbox 811 2929 984 2985; x_wconf 85' lang='lat' dir='ltr'><strong>videri</strong></span> <span class='ocrx_word' id='word_1_348' title='bbox 1019 2938 1258 2998; x_wconf 83' lang='lat' dir='ltr'><strong>poterat,</strong></span> <span class='ocrx_word' id='word_1_349' title='bbox 1290 2927 1382 2997; x_wconf 89' lang='lat' dir='ltr'><strong>qui</strong></span> <span class='ocrx_word' id='word_1_350' title='bbox 1423 2941 1613 2980; x_wconf 88' lang='lat' dir='ltr'><strong>omnes</strong></span> <span class='ocrx_word' id='word_1_351' title='bbox 1657 2937 1780 2998; x_wconf 88' lang='lat' dir='ltr'><strong>post</strong></span> <span class='ocrx_word' id='word_1_352' title='bbox 1827 2929 2105 3001; x_wconf 78' lang='lat' dir='ltr'><strong>Evangelii</strong></span> 
     </span>
    </p>
   </div>
   <div class='ocr_carea' id='block_1_46' title="bbox 481 3018 2100 3090">
    <p class='ocr_par' dir='ltr' id='par_1_46' title="bbox 481 3018 2100 3090">
     <span class='ocr_line' id='line_1_47' title="bbox 481 3018 2100 3090; baseline -0.004 -8"><span class='ocrx_word' id='word_1_353' title='bbox 481 3026 780 3082; x_wconf 88' lang='lat' dir='ltr'><strong>lectionem</strong></span> <span class='ocrx_word' id='word_1_354' title='bbox 837 3022 1276 3089; x_wconf 83' lang='lat' dir='ltr'><strong>concionemque</strong></span> <span class='ocrx_word' id='word_1_355' title='bbox 1334 3020 1401 3074; x_wconf 90' lang='lat' dir='ltr'><strong>ab</strong></span> <span class='ocrx_word' id='word_1_356' title='bbox 1459 3018 1688 3074; x_wconf 83' lang='lat' dir='ltr'><strong>ecclesia</strong></span> <span class='ocrx_word' id='word_1_357' title='bbox 1747 3022 2100 3090; x_wconf 84' lang='lat' dir='ltr'><strong>arcebantur;</strong></span> 
     </span>
    </p>
   </div>
   <div class='ocr_carea' id='block_1_47' title="bbox 481 3111 3276 3204">
    <p class='ocr_par' dir='ltr' id='par_1_47' title="bbox 481 3111 3276 3204">
     <span class='ocr_line' id='line_1_48' title="bbox 481 3111 3276 3204; baseline 0.007 -34"><span class='ocrx_word' id='word_1_358' title='bbox 481 3116 631 3174; x_wconf 86' lang='lat' dir='ltr'><strong>unde</strong></span> <span class='ocrx_word' id='word_1_359' title='bbox 679 3115 884 3170; x_wconf 88' lang='lat' dir='ltr'><strong>ibidem</strong></span> <span class='ocrx_word' id='word_1_360' title='bbox 926 3115 1136 3168; x_wconf 83' lang='lat' dir='ltr'><strong>Auctor</strong></span> <span class='ocrx_word' id='word_1_361' title='bbox 1163 3111 1343 3168; x_wconf 77' lang='lat' dir='ltr'><strong>Statim</strong></span> <span class='ocrx_word' id='word_1_362' title='bbox 1399 3126 1520 3166; x_wconf 87' lang='lat' dir='ltr'><strong>sese</strong></span> <span class='ocrx_word' id='word_1_363' title='bbox 1553 3111 1832 3180; x_wconf 80' lang='lat' dir='ltr'><strong>explicans</strong></span> <span class='ocrx_word' id='word_1_364' title='bbox 1874 3115 2096 3170; x_wconf 87' lang='lat' dir='ltr'><strong>subdit:</strong></span> <span class='ocrx_word' id='word_1_365' title='bbox 2127 3119 2172 3182; x_wconf 85' lang='lat' dir='ltr'>C</span> <span class='ocrx_word' id='word_1_366' title='bbox 2209 3111 2302 3164; x_wconf 72' lang='lat' dir='ltr'><strong>lib.</strong></span> <span class='ocrx_word' id='word_1_367' title='bbox 2340 3128 2453 3167; x_wconf 72' lang='lat' dir='ltr'><strong>XXV</strong></span> <span class='ocrx_word' id='word_1_368' title='bbox 2497 3123 2550 3168; x_wconf 78' lang='lat' dir='ltr'><strong>cl</strong></span> <span class='ocrx_word' id='word_1_369' title='bbox 2603 3131 2775 3172; x_wconf 70' lang='lat' dir='ltr'><strong>XXVII-</strong></span> <span class='ocrx_word' id='word_1_370' title='bbox 2826 3122 3016 3197; x_wconf 76' lang='lat' dir='ltr'><strong>ItaQue</strong></span> <span class='ocrx_word' id='word_1_371' title='bbox 3046 3111 3276 3204; x_wconf 49' lang='lat' dir='ltr'><strong>Judaei);</strong></span> 
     </span>
    </p>
   </div>
   <div class='ocr_carea' id='block_1_48' title="bbox 478 3204 2098 3276">
    <p class='ocr_par' dir='ltr' id='par_1_48' title="bbox 478 3204 2098 3276">
     <span class='ocr_line' id='line_1_49' title="bbox 478 3204 2098 3276; baseline -0.002 -10"><span class='ocrx_word' id='word_1_372' title='bbox 478 3210 662 3276; x_wconf 86' lang='lat' dir='ltr'><strong>Illius,</strong></span> <span class='ocrx_word' id='word_1_373' title='bbox 710 3208 762 3262; x_wconf 87' lang='lat' dir='ltr'><strong>id</strong></span> <span class='ocrx_word' id='word_1_374' title='bbox 811 3216 896 3262; x_wconf 90' lang='lat' dir='ltr'><strong>est</strong></span> <span class='ocrx_word' id='word_1_375' title='bbox 927 3206 1141 3276; x_wconf 74' lang='lat' dir='ltr'><strong>pagani</strong></span> <span class='ocrx_word' id='word_1_376' title='bbox 1183 3205 1430 3275; x_wconf 77' lang='lat' dir='ltr'><strong>conjugis</strong></span> <span class='ocrx_word' id='word_1_377' title='bbox 1457 3245 1472 3269; x_wconf 91' lang='lat'><strong>,</strong></span> <span class='ocrx_word' id='word_1_378' title='bbox 1504 3204 1828 3260; x_wconf 84' lang='lat' dir='ltr'><strong>sacriﬁcium</strong></span> <span class='ocrx_word' id='word_1_379' title='bbox 1857 3224 1890 3259; x_wconf 92' lang='lat' dir='ltr'><strong>a</strong></span> <span class='ocrx_word' id='word_1_380' title='bbox 1921 3209 2098 3276; x_wconf 84' lang='lat' dir='ltr'><strong>quovis</strong></span> 
     </span>
    </p>
   </div>
   <div class='ocr_carea' id='block_1_49' title="bbox 477 3296 2097 3371">
    <p class='ocr_par' dir='ltr' id='par_1_49' title="bbox 477 3296 2097 3371">
     <span class='ocr_line' id='line_1_50' title="bbox 477 3296 2097 3371; baseline -0.004 -11"><span class='ocrx_word' id='word_1_381' title='bbox 477 3303 644 3360; x_wconf 81' lang='lat' dir='ltr'><strong>libere</strong></span> <span class='ocrx_word' id='word_1_382' title='bbox 673 3300 887 3362; x_wconf 74' lang='lat' dir='ltr'><strong>tractari</strong></span> <span class='ocrx_word' id='word_1_383' title='bbox 912 3307 1085 3371; x_wconf 83' lang='lat' dir='ltr'><strong>potest</strong></span> <span class='ocrx_word' id='word_1_384' title='bbox 1114 3313 1133 3352; x_wconf 90' lang='lat'><strong><em>:</em></strong></span> <span class='ocrx_word' id='word_1_385' title='bbox 1163 3307 1306 3351; x_wconf 84' lang='lat' dir='ltr'><strong>tuum</strong></span> <span class='ocrx_word' id='word_1_386' title='bbox 1335 3297 1354 3369; x_wconf 88' lang='lat'>(</span> <span class='ocrx_word' id='word_1_387' title='bbox 1379 3311 1604 3351; x_wconf 78' lang='lat' dir='ltr'><strong>uxorem</strong></span> <span class='ocrx_word' id='word_1_388' title='bbox 1631 3296 1978 3353; x_wconf 82' lang='lat' dir='ltr'><strong>Christianam</strong></span> <span class='ocrx_word' id='word_1_389' title='bbox 2018 3299 2097 3353; x_wconf 76' lang='lat' dir='ltr'><strong>ab-</strong></span> 
     </span>
    </p>
   </div>
   <div class='ocr_carea' id='block_1_50' title="bbox 477 3390 2090 3469">
    <p class='ocr_par' dir='ltr' id='par_1_50' title="bbox 477 3390 2090 3469">
     <span class='ocr_line' id='line_1_51' title="bbox 477 3390 2090 3469; baseline -0.004 -15"><span class='ocrx_word' id='word_1_390' title='bbox 477 3394 765 3469; x_wconf 79' lang='lat' dir='ltr'><strong>loquitttr)</strong></span> <span class='ocrx_word' id='word_1_391' title='bbox 793 3400 949 3450; x_wconf 80' lang='lat' dir='ltr'><strong>etiam</strong></span> <span class='ocrx_word' id='word_1_392' title='bbox 978 3411 1010 3447; x_wconf 82' lang='grc' dir='ltr'><em>α</em></span> <span class='ocrx_word' id='word_1_393' title='bbox 1037 3390 1351 3448; x_wconf 75' lang='lat' dir='ltr'><strong>Christianis</strong></span> <span class='ocrx_word' id='word_1_394' title='bbox 1382 3392 1508 3461; x_wconf 85' lang='lat' dir='ltr'><strong>ipsis</strong></span> <span class='ocrx_word' id='word_1_395' title='bbox 1539 3391 1744 3446; x_wconf 89' lang='lat' dir='ltr'><strong>minime</strong></span> <span class='ocrx_word' id='word_1_396' title='bbox 1765 3394 2090 3460; x_wconf 72' lang='lat' dir='ltr'><strong>consecratis,</strong></span> 
     </span>
    </p>
   </div>
   <div class='ocr_carea' id='block_1_51' title="bbox 478 3485 2091 3556">
    <p class='ocr_par' dir='ltr' id='par_1_51' title="bbox 478 3485 2091 3556">
     <span class='ocr_line' id='line_1_52' title="bbox 478 3485 2091 3556; baseline -0.002 -10"><span class='ocrx_word' id='word_1_397' title='bbox 478 3491 533 3547; x_wconf 87' lang='lat' dir='ltr'><strong>id</strong></span> <span class='ocrx_word' id='word_1_398' title='bbox 596 3498 683 3544; x_wconf 86' lang='lat' dir='ltr'><strong>est</strong></span> <span class='ocrx_word' id='word_1_399' title='bbox 749 3485 1183 3549; x_wconf 86' lang='lat' dir='ltr'><strong>eatechumenis,</strong></span> <span class='ocrx_word' id='word_1_400' title='bbox 1250 3487 1360 3542; x_wconf 74' lang='lat' dir='ltr'><strong>sine</strong></span> <span class='ocrx_word' id='word_1_401' title='bbox 1432 3485 1703 3556; x_wconf 79' lang='lat' dir='ltr'><strong>sacrilegio</strong></span> <span class='ocrx_word' id='word_1_402' title='bbox 1766 3487 1925 3542; x_wconf 76' lang='lat' dir='ltr'><strong>videri</strong></span> <span class='ocrx_word' id='word_1_403' title='bbox 1992 3504 2091 3543; x_wconf 87' lang='lat' dir='ltr'><strong>non</strong></span> 
     </span>
    </p>
   </div>
   <div class='ocr_carea' id='block_1_52' title="bbox 478 3589 670 3654">
    <p class='ocr_par' dir='ltr' id='par_1_52' title="bbox 478 3589 670 3654">
     <span class='ocr_line' id='line_1_53' title="bbox 478 3589 670 3654; baseline -0.005 -17"><span class='ocrx_word' id='word_1_404' title='bbox 478 3589 670 3654; x_wconf 82' lang='lat' dir='ltr'><strong>potest.</strong></span> 
     </span>
    </p>
   </div>
   <div class='ocr_carea' id='block_1_53' title="bbox 555 3671 2080 3742">
    <p class='ocr_par' dir='ltr' id='par_1_53' title="bbox 555 3671 2080 3742">
     <span class='ocr_line' id='line_1_54' title="bbox 555 3671 2080 3742; baseline -0.001 -12"><span class='ocrx_word' id='word_1_405' title='bbox 555 3674 902 3730; x_wconf 83' lang='lat' dir='ltr'><strong>Veronenses</strong></span> <span class='ocrx_word' id='word_1_406' title='bbox 927 3671 1196 3736; x_wconf 88' lang='lat' dir='ltr'><strong>editores,</strong></span> <span class='ocrx_word' id='word_1_407' title='bbox 1227 3685 1364 3739; x_wconf 89' lang='lat' dir='ltr'><strong>quos</strong></span> <span class='ocrx_word' id='word_1_408' title='bbox 1401 3672 1453 3726; x_wconf 93' lang='lat' dir='ltr'><strong>in</strong></span> <span class='ocrx_word' id='word_1_409' title='bbox 1503 3673 1744 3742; x_wconf 88' lang='lat' dir='ltr'><strong>neganda</strong></span> <span class='ocrx_word' id='word_1_410' title='bbox 1774 3674 1909 3738; x_wconf 83' lang='lat' dir='ltr'><strong>sacri</strong></span> <span class='ocrx_word' id='word_1_411' title='bbox 1944 3684 2080 3730; x_wconf 86' lang='lat' dir='ltr'><strong>tem-</strong></span> 
     </span>
    </p>
   </div>
   <div class='ocr_carea' id='block_1_54' title="bbox 479 3765 2087 3850">
    <p class='ocr_par' dir='ltr' id='par_1_54' title="bbox 479 3765 2087 3850">
     <span class='ocr_line' id='line_1_55' title="bbox 479 3765 2087 3850; baseline -0.002 -23"><span class='ocrx_word' id='word_1_412' title='bbox 479 3770 583 3841; x_wconf 88' lang='lat' dir='ltr'><strong>pli.</strong></span> <span class='ocrx_word' id='word_1_413' title='bbox 617 3784 710 3827; x_wconf 86' lang='lat' dir='ltr'><strong>seu</strong></span> <span class='ocrx_word' id='word_1_414' title='bbox 746 3768 994 3824; x_wconf 74' lang='lat' dir='ltr'><strong>ecclesia:</strong></span> <span class='ocrx_word' id='word_1_415' title='bbox 1022 3766 1432 3821; x_wconf 88' lang='lat' dir='ltr'><strong>constructione</strong></span> <span class='ocrx_word' id='word_1_416' title='bbox 1462 3765 1686 3850; x_wconf 80' lang='lat' dir='ltr'><strong>nimium</strong></span> <span class='ocrx_word' id='word_1_417' title='bbox 1729 3768 1956 3822; x_wconf 90' lang='lat' dir='ltr'><strong>multum</strong></span> <span class='ocrx_word' id='word_1_418' title='bbox 1992 3768 2087 3824; x_wconf 76' lang='lat' dir='ltr'><strong>de-</strong></span> 
     </span>
    </p>
   </div>
   <div class='ocr_carea' id='block_1_55' title="bbox 474 3859 2079 3941">
    <p class='ocr_par' dir='ltr' id='par_1_55' title="bbox 474 3859 2079 3941">
     <span class='ocr_line' id='line_1_56' title="bbox 474 3859 2079 3941; baseline -0.003 -20"><span class='ocrx_word' id='word_1_419' title='bbox 474 3873 674 3936; x_wconf 87' lang='lat' dir='ltr'><strong>ceptos</strong></span> <span class='ocrx_word' id='word_1_420' title='bbox 721 3863 969 3927; x_wconf 82' lang='lat' dir='ltr'><strong>vidimus,</strong></span> <span class='ocrx_word' id='word_1_421' title='bbox 1001 3873 1250 3916; x_wconf 87' lang='lat' dir='ltr'><strong>errorem</strong></span> <span class='ocrx_word' id='word_1_422' title='bbox 1289 3859 1466 3941; x_wconf 86' lang='lat' dir='ltr'><strong>errori</strong></span> <span class='ocrx_word' id='word_1_423' title='bbox 1519 3859 1798 3924; x_wconf 86' lang='lat' dir='ltr'><strong>addentes,</strong></span> <span class='ocrx_word' id='word_1_424' title='bbox 1831 3863 2079 3932; x_wconf 78' lang='lat' dir='ltr'><strong>exiguum</strong></span> 
     </span>
    </p>
   </div>
   <div class='ocr_carea' id='block_1_56' title="bbox 473 3951 2082 4017">
    <p class='ocr_par' dir='ltr' id='par_1_56' title="bbox 473 3951 2082 4017">
     <span class='ocr_line' id='line_1_57' title="bbox 473 3951 2082 4017; baseline -0.002 -4"><span class='ocrx_word' id='word_1_425' title='bbox 473 3956 908 4013; x_wconf 82' lang='lat' dir='ltr'><strong>Christianorum</strong></span> <span class='ocrx_word' id='word_1_426' title='bbox 964 3966 1254 4008; x_wconf 87' lang='lat' dir='ltr'><strong>numerum</strong></span> <span class='ocrx_word' id='word_1_427' title='bbox 1289 3952 1482 4006; x_wconf 89' lang='lat' dir='ltr'><strong>eodem</strong></span> <span class='ocrx_word' id='word_1_428' title='bbox 1538 3951 1589 4005; x_wconf 92' lang='lat' dir='ltr'><strong>in</strong></span> <span class='ocrx_word' id='word_1_429' title='bbox 1638 3961 1864 4008; x_wconf 71' lang='lat' dir='ltr'><strong>tractatu</strong></span> <span class='ocrx_word' id='word_1_430' title='bbox 1914 3955 1966 4017; x_wconf 90' lang='lat'><strong>7,</strong></span> <span class='ocrx_word' id='word_1_431' title='bbox 2013 3954 2082 4010; x_wconf 90' lang='lat' dir='ltr'><strong>ab</strong></span> 
     </span>
    </p>
   </div>
   <div class='ocr_carea' id='block_1_57' title="bbox 475 4043 2079 4115">
    <p class='ocr_par' dir='ltr' id='par_1_57' title="bbox 475 4043 2079 4115">
     <span class='ocr_line' id='line_1_58' title="bbox 475 4043 2079 4115; baseline -0.004 -7"><span class='ocrx_word' id='word_1_432' title='bbox 475 4053 724 4108; x_wconf 78' lang='lat' dir='ltr'><strong>Auctore</strong></span> <span class='ocrx_word' id='word_1_433' title='bbox 750 4045 1458 4115; x_wconf 76' lang='lat' dir='ltr'><strong>demonstratum~produnt.</strong></span> <span class='ocrx_word' id='word_1_434' title='bbox 1486 4043 1816 4102; x_wconf 75' lang='lat' dir='ltr'><strong>Demonstrat</strong></span> <span class='ocrx_word' id='word_1_435' title='bbox 1839 4057 1956 4101; x_wconf 87' lang='lat' dir='ltr'><strong>tunc</strong></span> <span class='ocrx_word' id='word_1_436' title='bbox 1977 4064 2079 4103; x_wconf 84' lang='lat' dir='ltr'><strong>non</strong></span> 
     </span>
    </p>
   </div>
   <div class='ocr_carea' id='block_1_58' title="bbox 473 4136 2077 4214">
    <p class='ocr_par' dir='ltr' id='par_1_58' title="bbox 473 4136 2077 4214">
     <span class='ocr_line' id='line_1_59' title="bbox 473 4136 2077 4214; baseline -0.002 -17"><span class='ocrx_word' id='word_1_437' title='bbox 473 4144 645 4214; x_wconf 80' lang='lat' dir='ltr'><strong>fuisse</strong></span> <span class='ocrx_word' id='word_1_438' title='bbox 665 4145 781 4213; x_wconf 83' lang='lat' dir='ltr'><strong>jam</strong></span> <span class='ocrx_word' id='word_1_439' title='bbox 809 4141 998 4210; x_wconf 80' lang='lat' dir='ltr'><strong>tentpla</strong></span> <span class='ocrx_word' id='word_1_440' title='bbox 1038 4136 1348 4194; x_wconf 77' lang='lat' dir='ltr'><strong>Christianis</strong></span> <span class='ocrx_word' id='word_1_441' title='bbox 1397 4149 1708 4206; x_wconf 87' lang='lat' dir='ltr'><strong>constructa,</strong></span> <span class='ocrx_word' id='word_1_442' title='bbox 1755 4141 1846 4195; x_wconf 85' lang='lat' dir='ltr'><strong>sed</strong></span> <span class='ocrx_word' id='word_1_443' title='bbox 1891 4156 2077 4194; x_wconf 83' lang='lat' dir='ltr'><strong>novum</strong></span> 
     </span>
    </p>
   </div>
   <div class='ocr_carea' id='block_1_59' title="bbox 474 4233 2072 4306">
    <p class='ocr_par' dir='ltr' id='par_1_59' title="bbox 474 4233 2072 4306">
     <span class='ocr_line' id='line_1_60' title="bbox 474 4233 2072 4306; baseline 0 -16"><span class='ocrx_word' id='word_1_444' title='bbox 474 4236 755 4306; x_wconf 76' lang='lat' dir='ltr'><strong>populum,</strong></span> <span class='ocrx_word' id='word_1_445' title='bbox 789 4243 838 4289; x_wconf 87' lang='lat' dir='ltr'><strong>et</strong></span> <span class='ocrx_word' id='word_1_446' title='bbox 865 4234 1137 4287; x_wconf 81' lang='lat' dir='ltr'><strong>minimum</strong></span> <span class='ocrx_word' id='word_1_447' title='bbox 1164 4248 1378 4286; x_wconf 71' lang='lat' dir='ltr'><strong>nurnero</strong></span> <span class='ocrx_word' id='word_1_448' title='bbox 1404 4233 1674 4288; x_wconf 73' lang='lat' dir='ltr'><strong>exstitisse.</strong></span> <span class='ocrx_word' id='word_1_449' title='bbox 1708 4234 1848 4288; x_wconf 83' lang='lat' dir='ltr'><strong>Nihil</strong></span> <span class='ocrx_word' id='word_1_450' title='bbox 1881 4234 2072 4290; x_wconf 82' lang='lat' dir='ltr'><strong>falsum</strong></span> 
     </span>
    </p>
   </div>
   <div class='ocr_carea' id='block_1_60' title="bbox 470 4323 2074 4398">
    <p class='ocr_par' dir='ltr' id='par_1_60' title="bbox 470 4323 2074 4398">
     <span class='ocr_line' id='line_1_61' title="bbox 470 4323 2074 4398; baseline 0 -14"><span class='ocrx_word' id='word_1_451' title='bbox 470 4328 652 4397; x_wconf 84' lang='lat' dir='ltr'><strong>magis</strong></span> <span class='ocrx_word' id='word_1_452' title='bbox 685 4343 698 4379; x_wconf 92' lang='lat'><strong>:</strong></span> <span class='ocrx_word' id='word_1_453' title='bbox 723 4325 985 4396; x_wconf 84' lang='lat' dir='ltr'><strong>siquidem</strong></span> <span class='ocrx_word' id='word_1_454' title='bbox 1016 4340 1083 4380; x_wconf 86' lang='lat' dir='ltr'><strong>eo</strong></span> <span class='ocrx_word' id='word_1_455' title='bbox 1104 4323 1206 4380; x_wconf 87' lang='lat' dir='ltr'><strong>loci</strong></span> <span class='ocrx_word' id='word_1_456' title='bbox 1233 4325 1334 4380; x_wconf 85' lang='lat' dir='ltr'><strong>etsi</strong></span> <span class='ocrx_word' id='word_1_457' title='bbox 1356 4324 1643 4380; x_wconf 81' lang='lat' dir='ltr'><strong>ecclesiam</strong></span> <span class='ocrx_word' id='word_1_458' title='bbox 1671 4341 1859 4381; x_wconf 88' lang='lat' dir='ltr'><strong>novam</strong></span> <span class='ocrx_word' id='word_1_459' title='bbox 1881 4341 2074 4398; x_wconf 77' lang='lat' dir='ltr'><strong>magno</strong></span> 
     </span>
    </p>
   </div>
   <div class='ocr_carea' id='block_1_61' title="bbox 469 4416 2072 4490">
    <p class='ocr_par' dir='ltr' id='par_1_61' title="bbox 469 4416 2072 4490">
     <span class='ocr_line' id='line_1_62' title="bbox 469 4416 2072 4490; baseline 0 -13"><span class='ocrx_word' id='word_1_460' title='bbox 469 4429 696 4490; x_wconf 86' lang='lat' dir='ltr'><strong>sumptu</strong></span> <span class='ocrx_word' id='word_1_461' title='bbox 720 4425 1083 4474; x_wconf 81' lang='lat' dir='ltr'><strong>constructam</strong></span> <span class='ocrx_word' id='word_1_462' title='bbox 1135 4418 1188 4471; x_wconf 91' lang='lat' dir='ltr'><strong>in</strong></span> <span class='ocrx_word' id='word_1_463' title='bbox 1235 4416 1473 4472; x_wconf 78' lang='lat' dir='ltr'><strong>fidelium</strong></span> <span class='ocrx_word' id='word_1_464' title='bbox 1525 4418 1863 4473; x_wconf 72' lang='lat' dir='ltr'><strong>connmodum</strong></span> <span class='ocrx_word' id='word_1_465' title='bbox 1917 4422 2072 4478; x_wconf 86' lang='lat' dir='ltr'><strong>valde</strong></span> 
     </span>
    </p>
   </div>
   <div class='ocr_carea' id='block_1_62' title="bbox 2160 3673 3101 3760">
    <p class='ocr_par' dir='ltr' id='par_1_62' title="bbox 2160 3673 3101 3760">
     <span class='ocr_line' id='line_1_63' title="bbox 2160 3673 3101 3760; baseline 0.022 -32"><span class='ocrx_word' id='word_1_466' title='bbox 2160 3673 2459 3730; x_wconf 60' lang='lat' dir='ltr'><strong>lulianum</strong></span> <span class='ocrx_word' id='word_1_467' title='bbox 2512 3676 2807 3736; x_wconf 86' lang='lat' dir='ltr'><strong>interclusa</strong></span> <span class='ocrx_word' id='word_1_468' title='bbox 2859 3688 3101 3760; x_wconf 83' lang='lat' dir='ltr'><strong>fuerunt,</strong></span> 
     </span>
    </p>
   </div>
   <div class='ocr_carea' id='block_1_63' title="bbox 2237 1825 3889 1918">
    <p class='ocr_par' dir='ltr' id='par_1_63' title="bbox 2237 1825 3889 1918">
     <span class='ocr_line' id='line_1_64' title="bbox 2237 1825 3889 1918; baseline 0.029 -47"><span class='ocrx_word' id='word_1_469' title='bbox 2237 1829 2534 1890; x_wconf 86' lang='lat' dir='ltr'><strong>postquam</strong></span> <span class='ocrx_word' id='word_1_470' title='bbox 2558 1825 2700 1880; x_wconf 81' lang='lat' dir='ltr'><strong>haud</strong></span> <span class='ocrx_word' id='word_1_471' title='bbox 2732 1828 3073 1898; x_wconf 66' lang='lat' dir='ltr'><strong>pracipuum</strong></span> <span class='ocrx_word' id='word_1_472' title='bbox 3109 1848 3247 1892; x_wconf 82' lang='lat' dir='ltr'><strong>esse</strong></span> <span class='ocrx_word' id='word_1_473' title='bbox 3271 1839 3408 1900; x_wconf 83' lang='lat' dir='ltr'><strong>dixit</strong></span> <span class='ocrx_word' id='word_1_474' title='bbox 3432 1847 3500 1905; x_wconf 89' lang='lat' dir='ltr'><strong>de</strong></span> <span class='ocrx_word' id='word_1_475' title='bbox 3529 1825 3682 1912; x_wconf 63' lang='lat' dir='ltr'><strong>novre</strong></span> <span class='ocrx_word' id='word_1_476' title='bbox 3711 1825 3889 1918; x_wconf 51' lang='lat' dir='ltr'><strong>eccle;</strong></span> 
     </span>
    </p>
   </div>
   <div class='ocr_carea' id='block_1_64' title="bbox 2231 1911 3888 2023">
    <p class='ocr_par' dir='ltr' id='par_1_64' title="bbox 2231 1911 3888 2023">
     <span class='ocr_line' id='line_1_65' title="bbox 2231 1911 3888 2023; baseline 0.031 -60"><span class='ocrx_word' id='word_1_477' title='bbox 2231 1911 2330 1965; x_wconf 75' lang='lat' dir='ltr'><strong>sia:</strong></span> <span class='ocrx_word' id='word_1_478' title='bbox 2375 1915 2754 2023; x_wconf 61' lang='lat' dir='ltr'><strong>aediﬁcatione</strong></span> <span class='ocrx_word' id='word_1_479' title='bbox 2780 1921 3049 2023; x_wconf 65' lang='lat' dir='ltr'><strong>laudibus</strong></span> <span class='ocrx_word' id='word_1_480' title='bbox 3098 1932 3388 2004; x_wconf 83' lang='lat' dir='ltr'><strong>geminare,</strong></span> <span class='ocrx_word' id='word_1_481' title='bbox 3433 1945 3630 2017; x_wconf 87' lang='lat' dir='ltr'><strong>quippe</strong></span> <span class='ocrx_word' id='word_1_482' title='bbox 3657 1911 3888 2023; x_wconf 62' lang='lat' dir='ltr'><strong>quodid</strong></span> 
     </span>
    </p>
   </div>
   <div class='ocr_carea' id='block_1_65' title="bbox 2229 2004 3882 2113">
    <p class='ocr_par' dir='ltr' id='par_1_65' title="bbox 2229 2004 3882 2113">
     <span class='ocr_line' id='line_1_66' title="bbox 2229 2004 3882 2113; baseline 0.033 -60"><span class='ocrx_word' id='word_1_483' title='bbox 2229 2019 2347 2113; x_wconf 66' lang='lat' dir='ltr'><strong>cum</strong></span> <span class='ocrx_word' id='word_1_484' title='bbox 2389 2004 2672 2078; x_wconf 83' lang='lat' dir='ltr'><strong>Gentibus,</strong></span> <span class='ocrx_word' id='word_1_485' title='bbox 2707 2014 2790 2068; x_wconf 81' lang='lat' dir='ltr'><strong>vel</strong></span> <span class='ocrx_word' id='word_1_486' title='bbox 2810 2014 3022 2070; x_wconf 77' lang='lat' dir='ltr'><strong>Judteis</strong></span> <span class='ocrx_word' id='word_1_487' title='bbox 3053 2032 3233 2087; x_wconf 82' lang='lat' dir='ltr'><strong>potest</strong></span> <span class='ocrx_word' id='word_1_488' title='bbox 3269 2045 3376 2086; x_wconf 85' lang='lat' dir='ltr'><strong>esse</strong></span> <span class='ocrx_word' id='word_1_489' title='bbox 3409 2004 3719 2113; x_wconf 41' lang='lat' dir='ltr'><strong>commune:</strong></span> <span class='ocrx_word' id='word_1_490' title='bbox 3743 2004 3882 2109; x_wconf 67' lang='lat' dir='ltr'><strong>hanc</strong></span> 
     </span>
    </p>
   </div>
   <div class='ocr_carea' id='block_1_66' title="bbox 2226 2093 3632 2194">
    <p class='ocr_par' dir='ltr' id='par_1_66' title="bbox 2226 2093 3632 2194">
     <span class='ocr_line' id='line_1_67' title="bbox 2226 2093 3632 2194; baseline 0.026 -49"><span class='ocrx_word' id='word_1_491' title='bbox 2226 2093 2384 2163; x_wconf 88' lang='lat' dir='ltr'><strong>hujus</strong></span> <span class='ocrx_word' id='word_1_492' title='bbox 2424 2110 2725 2167; x_wconf 81' lang='lat' dir='ltr'><strong>postremae</strong></span> <span class='ocrx_word' id='word_1_493' title='bbox 2757 2109 3068 2163; x_wconf 80' lang='lat' dir='ltr'><strong>sententiae</strong></span> <span class='ocrx_word' id='word_1_494' title='bbox 3108 2117 3377 2178; x_wconf 89' lang='lat' dir='ltr'><strong>rationem</strong></span> 
     </span>
    </p>
   </div>
   <div class='ocr_carea' id='block_1_67' title="bbox 2221 2185 3429 2276">
    <p class='ocr_par' dir='ltr' id='par_1_67' title="bbox 2221 2185 3429 2276">
     <span class='ocr_line' id='line_1_68' title="bbox 2221 2185 3429 2276; baseline 0.032 -38"><span class='ocrx_word' id='word_1_495' title='bbox 2221 2185 2330 2240; x_wconf 82' lang='lat' dir='ltr'><strong>illis</strong></span> <span class='ocrx_word' id='word_1_496' title='bbox 2376 2190 2430 2242; x_wconf 84' lang='lat' dir='ltr'><strong>si</strong></span> <span class='ocrx_word' id='word_1_497' title='bbox 2461 2191 2638 2259; x_wconf 88' lang='lat' dir='ltr'><strong>liceat,</strong></span> <span class='ocrx_word' id='word_1_498' title='bbox 2671 2196 2750 2249; x_wconf 82' lang='lat' dir='ltr'><strong>vel</strong></span> <span class='ocrx_word' id='word_1_499' title='bbox 2775 2200 2821 2252; x_wconf 88' lang='lat' dir='ltr'><strong>si</strong></span> <span class='ocrx_word' id='word_1_500' title='bbox 2859 2201 3062 2265; x_wconf 79' lang='lat' dir='ltr'><strong>velint,</strong></span> <span class='ocrx_word' id='word_1_501' title='bbox 3097 2205 3339 2274; x_wconf 79' lang='lat' dir='ltr'><strong>fortassis</strong></span> <span class='ocrx_word' id='word_1_502' title='bbox 3367 2237 3429 2276; x_wconf 81' lang='lat' dir='ltr'><strong>cu</strong></span> 
     </span>
    </p>
   </div>
   <div class='ocr_carea' id='block_1_68' title="bbox 2218 2279 3469 2378">
    <p class='ocr_par' dir='ltr' id='par_1_68' title="bbox 2218 2279 3469 2378">
     <span class='ocr_line' id='line_1_69' title="bbox 2218 2279 3469 2378; baseline 0.038 -47"><span class='ocrx_word' id='word_1_503' title='bbox 2218 2279 2506 2353; x_wconf 72' lang='lat' dir='ltr'><strong>(edi/icent,</strong></span> <span class='ocrx_word' id='word_1_504' title='bbox 2533 2288 2735 2343; x_wconf 83' lang='lat' dir='ltr'><strong>cultius</strong></span> <span class='ocrx_word' id='word_1_505' title='bbox 2757 2295 2968 2366; x_wconf 86' lang='lat' dir='ltr'><strong>erigant</strong></span> <span class='ocrx_word' id='word_1_506' title='bbox 2991 2304 3295 2378; x_wconf 82' lang='lat' dir='ltr'><strong>capitolia;</strong></span> <span class='ocrx_word' id='word_1_507' title='bbox 3326 2316 3413 2374; x_wconf 87' lang='lat' dir='ltr'><strong>ubi</strong></span> <span class='ocrx_word' id='word_1_508' title='bbox 3442 2339 3469 2378; x_wconf 75' lang='grc' dir='ltr'><em>ι</em></span> 
     </span>
    </p>
   </div>
   <div class='ocr_carea' id='block_1_69' title="bbox 2218 2380 3448 2472">
    <p class='ocr_par' dir='ltr' id='par_1_69' title="bbox 2218 2380 3448 2472">
     <span class='ocr_line' id='line_1_70' title="bbox 2218 2380 3448 2472; baseline 0.035 -47"><span class='ocrx_word' id='word_1_509' title='bbox 2218 2381 2330 2426; x_wconf 91' lang='lat' dir='ltr'><strong>tum</strong></span> <span class='ocrx_word' id='word_1_510' title='bbox 2363 2389 2469 2444; x_wconf 92' lang='lat' dir='ltr'><strong>pro</strong></span> <span class='ocrx_word' id='word_1_511' title='bbox 2519 2380 2722 2449; x_wconf 85' lang='lat' dir='ltr'><strong>templa</strong></span> <span class='ocrx_word' id='word_1_512' title='bbox 2754 2397 3026 2444; x_wconf 76' lang='lat' dir='ltr'><strong>annotat.</strong></span> <span class='ocrx_word' id='word_1_513' title='bbox 3060 2391 3100 2448; x_wconf 77' lang='lat'><strong>3&#39;</strong></span> <span class='ocrx_word' id='word_1_514' title='bbox 3144 2400 3203 2457; x_wconf 89' lang='lat' dir='ltr'><strong>in</strong></span> <span class='ocrx_word' id='word_1_515' title='bbox 3249 2405 3392 2472; x_wconf 86' lang='lat' dir='ltr'><strong>hunc</strong></span> <span class='ocrx_word' id='word_1_516' title='bbox 3429 2426 3448 2472; x_wconf 88' lang='grc' dir='ltr'>ι</span> 
     </span>
    </p>
   </div>
   <div class='ocr_carea' id='block_1_70' title="bbox 2217 2465 2710 2530">
    <p class='ocr_par' dir='ltr' id='par_1_70' title="bbox 2217 2465 2710 2530">
     <span class='ocr_line' id='line_1_71' title="bbox 2217 2465 2710 2530; baseline 0.02 -11"><span class='ocrx_word' id='word_1_517' title='bbox 2217 2465 2489 2526; x_wconf 82' lang='lat' dir='ltr'><strong>bavimus.</strong></span> <span class='ocrx_word' id='word_1_518' title='bbox 2545 2472 2710 2530; x_wconf 87' lang='lat' dir='ltr'><strong>Nunc</strong></span> 
     </span>
    </p>
   </div>
   <div class='ocr_carea' id='block_1_71' title="bbox 3659 2138 3913 2223">
    <p class='ocr_par' dir='ltr' id='par_1_71' title="bbox 3659 2138 3913 2223">
     <span class='ocr_line' id='line_1_72' title="bbox 3659 2138 3913 2223; baseline 0.028 -29"><span class='ocrx_word' id='word_1_519' title='bbox 3659 2138 3799 2198; x_wconf 83' lang='lat' dir='ltr'><strong>Nam</strong></span> <span class='ocrx_word' id='word_1_520' title='bbox 3829 2155 3876 2200; x_wconf 87' lang='lat' dir='ltr'><strong>et</strong></span> <span class='ocrx_word' id='word_1_521' title='bbox 3907 2216 3913 2223; x_wconf 30' lang='lat'><em>.</em></span> 
     </span>
    </p>
   </div>
   <div class='ocr_carea' id='block_1_72' title="bbox 3475 2243 3878 2310">
    <p class='ocr_par' dir='ltr' id='par_1_72' title="bbox 3475 2243 3878 2310">
     <span class='ocr_line' id='line_1_73' title="bbox 3475 2243 3878 2310; baseline 0.03 -30"><span class='ocrx_word' id='word_1_522' title='bbox 3475 2243 3554 2284; x_wconf 80' lang='lat' dir='ltr'><strong>ius</strong></span> <span class='ocrx_word' id='word_1_523' title='bbox 3589 2248 3878 2310; x_wconf 77' lang='lat' dir='ltr'><strong>synagogas</strong></span> 
     </span>
    </p>
   </div>
   <div class='ocr_carea' id='block_1_73' title="bbox 3471 2327 3871 2409">
    <p class='ocr_par' dir='ltr' id='par_1_73' title="bbox 3471 2327 3871 2409">
     <span class='ocr_line' id='line_1_74' title="bbox 3471 2327 3871 2409; baseline 0.038 -29"><span class='ocrx_word' id='word_1_524' title='bbox 3471 2327 3684 2397; x_wconf 83' lang='lat' dir='ltr'><strong>apitolia</strong></span> <span class='ocrx_word' id='word_1_525' title='bbox 3704 2338 3871 2409; x_wconf 82' lang='lat' dir='ltr'><strong>scrip-</strong></span> 
     </span>
    </p>
   </div>
   <div class='ocr_carea' id='block_1_74' title="bbox 3453 2431 3870 2502">
    <p class='ocr_par' dir='ltr' id='par_1_74' title="bbox 3453 2431 3870 2502">
     <span class='ocr_line' id='line_1_75' title="bbox 3453 2431 3870 2502; baseline 0.014 -30"><span class='ocrx_word' id='word_1_526' title='bbox 3453 2431 3708 2484; x_wconf 86' lang='lat' dir='ltr'><strong>ractatum</strong></span> <span class='ocrx_word' id='word_1_527' title='bbox 3740 2445 3870 2502; x_wconf 87' lang='lat' dir='ltr'><strong>pro.</strong></span> 
     </span>
    </p>
   </div>
   <div class='ocr_carea' id='block_1_75' title="bbox 2749 2480 3868 2591">
    <p class='ocr_par' dir='ltr' id='par_1_75' title="bbox 2749 2480 3868 2591">
     <span class='ocr_line' id='line_1_76' title="bbox 2749 2480 3868 2591; baseline 0.047 -60"><span class='ocrx_word' id='word_1_528' title='bbox 2749 2480 2998 2591; x_wconf 42' lang='lat' dir='ltr'><strong>aduerte</strong></span> <span class='ocrx_word' id='word_1_529' title='bbox 3029 2484 3182 2591; x_wconf 67' lang='lat' dir='ltr'><strong>duas</strong></span> <span class='ocrx_word' id='word_1_530' title='bbox 3227 2511 3522 2572; x_wconf 84' lang='lat' dir='ltr'><strong>sententias</strong></span> <span class='ocrx_word' id='word_1_531' title='bbox 3547 2480 3868 2591; x_wconf 53' lang='lat' dir='ltr'><strong>disiunctiic</strong></span> 
     </span>
    </p>
   </div>
   <div class='ocr_carea' id='block_1_76' title="bbox 2724 2575 3866 2678">
    <p class='ocr_par' dir='ltr' id='par_1_76' title="bbox 2724 2575 3866 2678">
     <span class='ocr_line' id='line_1_77' title="bbox 2724 2575 3866 2678; baseline 0.041 -58"><span class='ocrx_word' id='word_1_532' title='bbox 2724 2611 2738 2636; x_wconf 91' lang='lat'><strong>,</strong></span> <span class='ocrx_word' id='word_1_533' title='bbox 2777 2575 2866 2677; x_wconf 67' lang='lat' dir='ltr'><strong>uel</strong></span> <span class='ocrx_word' id='word_1_534' title='bbox 2887 2579 2933 2629; x_wconf 88' lang='lat' dir='ltr'><strong>si</strong></span> <span class='ocrx_word' id='word_1_535' title='bbox 2970 2577 3150 2636; x_wconf 74' lang='lat' dir='ltr'><strong>velint</strong></span> <span class='ocrx_word' id='word_1_536' title='bbox 3185 2604 3204 2643; x_wconf 87' lang='lat'><strong><em>:</em></strong></span> <span class='ocrx_word' id='word_1_537' title='bbox 3233 2608 3450 2660; x_wconf 83' lang='lat' dir='ltr'><strong>quarum</strong></span> <span class='ocrx_word' id='word_1_538' title='bbox 3481 2575 3648 2678; x_wconf 61' lang='lat' dir='ltr'><strong>prim;</strong></span> 
     </span>
    </p>
   </div>
   <div class='ocr_carea' id='block_1_77' title="bbox 2765 2665 3859 2768">
    <p class='ocr_par' dir='ltr' id='par_1_77' title="bbox 2765 2665 3859 2768">
     <span class='ocr_line' id='line_1_78' title="bbox 2765 2665 3859 2768; baseline 0.048 -51"><span class='ocrx_word' id='word_1_539' title='bbox 2765 2665 2966 2768; x_wconf 37' lang='lat' dir='ltr'><strong>nni-me</strong></span> <span class='ocrx_word' id='word_1_540' title='bbox 2993 2681 3224 2748; x_wconf 79' lang='lat' dir='ltr'><strong>potest,</strong></span> <span class='ocrx_word' id='word_1_541' title='bbox 3264 2665 3522 2764; x_wconf 76' lang='lat' dir='ltr'><strong>siquidem</strong></span> <span class='ocrx_word' id='word_1_542' title='bbox 3545 2665 3859 2768; x_wconf 32' lang='lat' dir='ltr'><strong>&#39;J—uiltbbritin</strong></span> 
     </span>
    </p>
   </div>
   <div class='ocr_carea' id='block_1_78' title="bbox 2214 2746 3851 2870">
    <p class='ocr_par' dir='ltr' id='par_1_78' title="bbox 2214 2746 3851 2870">
     <span class='ocr_line' id='line_1_79' title="bbox 2214 2746 3851 2870; baseline 0 0"><span class='ocrx_word' id='word_1_543' title='bbox 2214 2746 2996 2870; x_wconf 59' lang='grc' dir='ltr'><strong>ῑῖσίπίςῗέεαίῖθῖῖῖξτνιξΐηια.</strong></span> <span class='ocrx_word' id='word_1_544' title='bbox 3314 2799 3343 2844; x_wconf 78' lang='lat' dir='ltr'><strong>a</strong></span> <span class='ocrx_word' id='word_1_545' title='bbox 3389 2789 3711 2870; x_wconf 70' lang='grc' dir='ltr'><strong>τιιεοαοεεο,</strong></span> <span class='ocrx_word' id='word_1_546' title='bbox 3736 2806 3772 2864; x_wconf 84' lang='grc' dir='ltr'><strong>ι.</strong></span> <span class='ocrx_word' id='word_1_547' title='bbox 3798 2825 3851 2868; x_wconf 67' lang='grc' dir='ltr'><strong>ιι</strong></span> 
     </span>
    </p>
   </div>
   <div class='ocr_carea' id='block_1_79' title="bbox 2215 2836 3850 2968">
    <p class='ocr_par' dir='ltr' id='par_1_79' title="bbox 2215 2836 3850 2968">
     <span class='ocr_line' id='line_1_80' title="bbox 2463 2836 3850 2870; baseline 0.046 -21"><span class='ocrx_word' id='word_1_548' title='bbox 2463 2841 2473 2849; x_wconf 94' lang='grc'><strong>.</strong></span> <span class='ocrx_word' id='word_1_549' title='bbox 3316 2836 3343 2844; x_wconf 65' lang='grc'><em>”</em></span> <span class='ocrx_word' id='word_1_550' title='bbox 3396 2836 3711 2870; x_wconf 50' lang='lat' dir='ltr'><strong>&quot;-wuvmu’</strong></span> <span class='ocrx_word' id='word_1_551' title='bbox 3736 2836 3772 2864; x_wconf 51' lang='grc' dir='ltr'><strong>Ι.</strong></span> <span class='ocrx_word' id='word_1_552' title='bbox 3798 2836 3850 2868; x_wconf 66' lang='lat' dir='ltr'><strong>u</strong></span> 
     </span>
     <span class='ocr_line' id='line_1_81' title="bbox 2215 2836 3850 2968; baseline 0.022 -1"><span class='ocrx_word' id='word_1_553' title='bbox 2215 2837 2276 2968; x_wconf 66' lang='lat' dir='ltr'><strong>if</strong></span> <span class='ocrx_word' id='word_1_554' title='bbox 2296 2836 2801 2968; x_wconf 64' lang='lat' dir='ltr'><strong>’f.“.f&#39;;’f.‘.:,“:.‘.;f&quot;i:”3</strong></span> <span class='ocrx_word' id='word_1_555' title='bbox 2830 2855 3105 2968; x_wconf 47' lang='lat' dir='ltr'><strong>ista&quot;</strong></span> <span class='ocrx_word' id='word_1_556' title='bbox 3141 2881 3230 2968; x_wconf 58' lang='grc' dir='ltr'><strong>ενι-</strong></span> <span class='ocrx_word' id='word_1_557' title='bbox 3249 2874 3374 2949; x_wconf 56' lang='lat' dir='ltr'><strong>et</strong></span> <span class='ocrx_word' id='word_1_558' title='bbox 3395 2885 3498 2960; x_wconf 63' lang='grc' dir='ltr'><strong>ιιιε-</strong></span> <span class='ocrx_word' id='word_1_559' title='bbox 3520 2893 3580 2952; x_wconf 66' lang='grc' dir='ltr'><strong>εί</strong></span> <span class='ocrx_word' id='word_1_560' title='bbox 3608 2900 3850 2968; x_wconf 59' lang='lat' dir='ltr'><strong>eiusdem</strong></span> 
     </span>
    </p>
   </div>
   <div class='ocr_carea' id='block_1_80' title="bbox 2215 2931 3847 3066">
    <p class='ocr_par' dir='ltr' id='par_1_80' title="bbox 2215 2931 3847 3066">
     <span class='ocr_line' id='line_1_82' title="bbox 2238 2931 3847 2968; baseline 0.012 -28"><span class='ocrx_word' id='word_1_561' title='bbox 2238 2931 2248 2940; x_wconf 91' lang='lat'><strong>.</strong></span> <span class='ocrx_word' id='word_1_562' title='bbox 2630 2938 2640 2947; x_wconf 93' lang='lat'><strong>.</strong></span> <span class='ocrx_word' id='word_1_563' title='bbox 2899 2947 2908 2957; x_wconf 74' lang='grc'><em>,</em></span> <span class='ocrx_word' id='word_1_564' title='bbox 3268 2931 3374 2949; x_wconf 31' lang='grc' dir='ltr'><strong>νήη</strong></span> <span class='ocrx_word' id='word_1_565' title='bbox 3395 2931 3430 2941; x_wconf 73' lang='grc' dir='ltr'><strong><em>υ</em></strong></span> <span class='ocrx_word' id='word_1_566' title='bbox 3447 2931 3498 2960; x_wconf 75' lang='grc' dir='ltr'><strong>ο·</strong></span> <span class='ocrx_word' id='word_1_567' title='bbox 3522 2931 3580 2952; x_wconf 76' lang='grc' dir='ltr'>-η</span> <span class='ocrx_word' id='word_1_568' title='bbox 3608 2931 3847 2968; x_wconf 67' lang='grc' dir='ltr'><strong>υιυιυυηι</strong></span> 
     </span>
     <span class='ocr_line' id='line_1_83' title="bbox 2215 2934 3716 3050; baseline 0.011 -66"><span class='ocrx_word' id='word_1_569' title='bbox 2215 2938 2294 2984; x_wconf 80' lang='grc' dir='ltr'><strong>ιιι.</strong></span> <span class='ocrx_word' id='word_1_570' title='bbox 2326 2940 2544 2988; x_wconf 89' lang='lat' dir='ltr'><strong>cautum</strong></span> <span class='ocrx_word' id='word_1_571' title='bbox 2566 2934 2689 3003; x_wconf 77' lang='lat' dir='ltr'><strong>fuit,</strong></span> <span class='ocrx_word' id='word_1_572' title='bbox 2723 2957 2792 2993; x_wconf 84' lang='lat' dir='ltr'><strong>ne</strong></span> <span class='ocrx_word' id='word_1_573' title='bbox 2823 2947 3070 3018; x_wconf 78' lang='lat' dir='ltr'><strong>deinceps</strong></span> <span class='ocrx_word' id='word_1_574' title='bbox 3100 2961 3242 3021; x_wconf 55' lang='lat' dir='ltr'><strong>ulla,</strong></span> <span class='ocrx_word' id='word_1_575' title='bbox 3264 2975 3492 3040; x_wconf 60' lang='lat' dir='ltr'><strong>[acerem</strong></span> <span class='ocrx_word' id='word_1_576' title='bbox 3516 2993 3670 3046; x_wconf 55' lang='lat' dir='ltr'><strong>condi</strong></span> <span class='ocrx_word' id='word_1_577' title='bbox 3692 3012 3716 3050; x_wconf 53' lang='grc'><em>³</em></span> 
     </span>
     <span class='ocr_line' id='line_1_84' title="bbox 2215 3013 3847 3066; baseline 0 0"><span class='ocrx_word' id='word_1_578' title='bbox 2215 3038 2367 3066; x_wconf 77' lang='lat' dir='ltr'><strong>nonas</strong></span> <span class='ocrx_word' id='word_1_579' title='bbox 2411 3040 2426 3066; x_wconf 66' lang='lat'><strong>,°</strong></span> <span class='ocrx_word' id='word_1_580' title='bbox 2461 3027 2606 3066; x_wconf 84' lang='lat' dir='ltr'><strong>nnan</strong></span> <span class='ocrx_word' id='word_1_581' title='bbox 2663 3028 2844 3066; x_wconf 73' lang='lat' dir='ltr'><strong>incum</strong></span> <span class='ocrx_word' id='word_1_582' title='bbox 2894 3041 3107 3066; x_wconf 34' lang='lat' dir='ltr'><strong>hanc-“</strong></span> <span class='ocrx_word' id='word_1_583' title='bbox 3178 3063 3186 3066; x_wconf 89' lang='lat'>_</span> <span class='ocrx_word' id='word_1_584' title='bbox 3716 3013 3847 3066; x_wconf 55' lang='grc' dir='ltr'><em>μηδ’·</em></span> 
     </span>
    </p>
   </div>
   <div class='ocr_carea' id='block_1_81' title="bbox 2209 3027 3834 3162">
    <p class='ocr_par' dir='ltr' id='par_1_81' title="bbox 2209 3027 3834 3162">
     <span class='ocr_line' id='line_1_85' title="bbox 2209 3027 3834 3146; baseline 0.015 -25"><span class='ocrx_word' id='word_1_585' title='bbox 2209 3038 2367 3121; x_wconf 61' lang='grc' dir='ltr'><strong>ροςαε</strong></span> <span class='ocrx_word' id='word_1_586' title='bbox 2408 3040 2426 3078; x_wconf 82' lang='lat'><strong>-</strong></span> <span class='ocrx_word' id='word_1_587' title='bbox 2461 3027 2608 3094; x_wconf 74' lang='grc' dir='ltr'><strong>αυοα</strong></span> <span class='ocrx_word' id='word_1_588' title='bbox 2661 3028 2845 3097; x_wconf 60' lang='lat' dir='ltr'><strong>ipsum</strong></span> <span class='ocrx_word' id='word_1_589' title='bbox 3325 3027 3834 3146; x_wconf 43' lang='lat' dir='ltr'><strong>saeuius;</strong></span> 
     </span>
     <span class='ocr_line' id='line_1_86' title="bbox 2209 3111 3834 3162; baseline 0 0"><span class='ocrx_word' id='word_1_590' title='bbox 2209 3111 2302 3162; x_wconf 78' lang='grc' dir='ltr'><strong>ΙΙΙ).</strong></span> <span class='ocrx_word' id='word_1_591' title='bbox 2340 3128 2453 3162; x_wconf 76' lang='lat' dir='ltr'><strong>xxv</strong></span> <span class='ocrx_word' id='word_1_592' title='bbox 2497 3123 2550 3162; x_wconf 80' lang='lat' dir='ltr'><strong>et</strong></span> <span class='ocrx_word' id='word_1_593' title='bbox 2605 3131 2773 3162; x_wconf 32' lang='lat' dir='ltr'><strong>xxv&quot;-</strong></span> <span class='ocrx_word' id='word_1_594' title='bbox 2828 3122 3016 3162; x_wconf 71' lang='lat' dir='ltr'><strong>llnnnn</strong></span> <span class='ocrx_word' id='word_1_595' title='bbox 3057 3131 3200 3162; x_wconf 43' lang='lat' dir='ltr'><strong>rm.“</strong></span> <span class='ocrx_word' id='word_1_596' title='bbox 3816 3137 3834 3162; x_wconf 74' lang='grc' dir='ltr'><strong><em>ο</em></strong></span> 
     </span>
    </p>
   </div>
   <div class='ocr_carea' id='block_1_82' title="bbox 2432 3163 3830 3236">
    <p class='ocr_par' dir='ltr' id='par_1_82' title="bbox 2432 3163 3830 3236">
     <span class='ocr_line' id='line_1_87' title="bbox 2432 3163 3830 3236; baseline 0.026 -47"><span class='ocrx_word' id='word_1_597' title='bbox 2432 3163 2476 3236; x_wconf 44' lang='grc' dir='ltr'><strong>ἐή</strong></span> <span class='ocrx_word' id='word_1_598' title='bbox 2503 3163 2558 3236; x_wconf 42' lang='lat'><strong>&#39;0&#39;:</strong></span> <span class='ocrx_word' id='word_1_599' title='bbox 2588 3163 2781 3236; x_wconf 21' lang='lat' dir='ltr'><strong>Sig-lu.</strong></span> <span class='ocrx_word' id='word_1_600' title='bbox 2826 3163 3016 3229; x_wconf 49' lang='lat' dir='ltr'><strong>&quot;Ii-quc</strong></span> <span class='ocrx_word' id='word_1_601' title='bbox 3046 3163 3276 3204; x_wconf 66' lang='grc' dir='ltr'><strong>ουιιωοε</strong></span> <span class='ocrx_word' id='word_1_602' title='bbox 3317 3163 3541 3228; x_wconf 83' lang='lat' dir='ltr'><strong>respicit</strong></span> <span class='ocrx_word' id='word_1_603' title='bbox 3589 3181 3830 3236; x_wconf 76' lang='lat' dir='ltr'><strong>secunda</strong></span> 
     </span>
    </p>
   </div>
   <div class='ocr_carea' id='block_1_83' title="bbox 2203 3209 3827 3338">
    <p class='ocr_par' dir='ltr' id='par_1_83' title="bbox 2203 3209 3827 3338">
     <span class='ocr_line' id='line_1_88' title="bbox 2203 3209 3827 3326; baseline -0.01 -73"><span class='ocrx_word' id='word_1_604' title='bbox 2203 3209 2476 3259; x_wconf 88' lang='lat' dir='ltr'><strong>sententia</strong></span> <span class='ocrx_word' id='word_1_605' title='bbox 2515 3209 2558 3258; x_wconf 82' lang='lat' dir='ltr'><strong>si</strong></span> <span class='ocrx_word' id='word_1_606' title='bbox 2588 3209 2781 3276; x_wconf 80' lang='lat' dir='ltr'><strong>velint;</strong></span> <span class='ocrx_word' id='word_1_607' title='bbox 2817 3219 2989 3282; x_wconf 84' lang='lat' dir='ltr'><strong>prima</strong></span> <span class='ocrx_word' id='word_1_608' title='bbox 3020 3240 3207 3292; x_wconf 89' lang='lat' dir='ltr'><strong>autem</strong></span> <span class='ocrx_word' id='word_1_609' title='bbox 3240 3245 3288 3296; x_wconf 83' lang='lat' dir='ltr'><strong>si</strong></span> <span class='ocrx_word' id='word_1_610' title='bbox 3311 3209 3827 3326; x_wconf 72' lang='lat' dir='ltr'><strong>u&quot;ua:</strong></span> 
     </span>
     <span class='ocr_line' id='line_1_89' title="bbox 2203 3284 3827 3338; baseline -0.01 0"><span class='ocrx_word' id='word_1_611' title='bbox 2203 3297 2330 3338; x_wconf 68' lang='lat' dir='ltr'><strong>linat</strong></span> <span class='ocrx_word' id='word_1_612' title='bbox 2366 3298 2430 3338; x_wconf 72' lang='lat' dir='ltr'><strong>sul</strong></span> <span class='ocrx_word' id='word_1_613' title='bbox 2471 3297 2716 3338; x_wconf 70' lang='lat' dir='ltr'><strong>Contilna</strong></span> <span class='ocrx_word' id='word_1_614' title='bbox 2791 3310 2988 3338; x_wconf 61' lang='grc' dir='ltr'><strong>ηυζιι..-</strong></span> <span class='ocrx_word' id='word_1_615' title='bbox 3021 3334 3067 3338; x_wconf 63' lang='lat'><strong>_,</strong></span> <span class='ocrx_word' id='word_1_616' title='bbox 3129 3326 3139 3336; x_wconf 92' lang='lat'><strong>.</strong></span> <span class='ocrx_word' id='word_1_617' title='bbox 3207 3330 3219 3338; x_wconf 85' lang='lat'><em>.</em></span> <span class='ocrx_word' id='word_1_618' title='bbox 3699 3284 3827 3338; x_wconf 70' lang='lat' dir='ltr'><strong>per.-</strong></span> 
     </span>
    </p>
   </div>
   <div class='ocr_carea' id='block_1_84' title="bbox 2203 3297 3826 3419">
    <p class='ocr_par' dir='ltr' id='par_1_84' title="bbox 2203 3297 3826 3419">
     <span class='ocr_line' id='line_1_90' title="bbox 2203 3297 3826 3419; baseline 0.044 -71"><span class='ocrx_word' id='word_1_619' title='bbox 2203 3297 2334 3419; x_wconf 47' lang='lat' dir='ltr'><strong>tiuet</strong></span> <span class='ocrx_word' id='word_1_620' title='bbox 2365 3298 2431 3402; x_wconf 80' lang='lat' dir='ltr'><strong>ad</strong></span> <span class='ocrx_word' id='word_1_621' title='bbox 2471 3297 2739 3369; x_wconf 87' lang='lat' dir='ltr'><strong>Gentiles,</strong></span> <span class='ocrx_word' id='word_1_622' title='bbox 2790 3310 2990 3419; x_wconf 64' lang='lat' dir='ltr'><strong>qpibus</strong></span> <span class='ocrx_word' id='word_1_623' title='bbox 3020 3326 3258 3388; x_wconf 88' lang='lat' dir='ltr'><strong>proinde</strong></span> <span class='ocrx_word' id='word_1_624' title='bbox 3311 3297 3528 3412; x_wconf 60' lang='lat' dir='ltr'><strong>templ:</strong></span> <span class='ocrx_word' id='word_1_625' title='bbox 3531 3297 3826 3419; x_wconf 40' lang='lat'><strong>15335:;</strong></span> 
     </span>
    </p>
   </div>
   <div class='ocr_carea' id='block_1_85' title="bbox 2196 3390 3637 3498">
    <p class='ocr_par' dir='ltr' id='par_1_85' title="bbox 2196 3390 3637 3498">
     <span class='ocr_line' id='line_1_91' title="bbox 2196 3390 3637 3498; baseline 0.032 -54"><span class='ocrx_word' id='word_1_626' title='bbox 2196 3390 2452 3445; x_wconf 84' lang='lat' dir='ltr'><strong>Auctoris</strong></span> <span class='ocrx_word' id='word_1_627' title='bbox 2504 3402 2662 3446; x_wconf 60' lang='lat' dir='ltr'><strong>aetate</strong></span> <span class='ocrx_word' id='word_1_628' title='bbox 2688 3409 2798 3452; x_wconf 92' lang='lat' dir='ltr'><strong>non</strong></span> <span class='ocrx_word' id='word_1_629' title='bbox 2829 3400 3059 3464; x_wconf 87' lang='lat' dir='ltr'><strong>licuisse</strong></span> <span class='ocrx_word' id='word_1_630' title='bbox 3106 3390 3637 3498; x_wconf 45' lang='lat' dir='ltr'><strong>exploratuitlimeJU;</strong></span> 
     </span>
    </p>
   </div>
   <div class='ocr_carea' id='block_1_86' title="bbox 3524 3548 3815 3607">
    <p class='ocr_par' dir='ltr' id='par_1_86' title="bbox 3524 3548 3815 3607">
     <span class='ocr_line' id='line_1_92' title="bbox 3524 3548 3815 3607; baseline 0.024 -21"><span class='ocrx_word' id='word_1_631' title='bbox 3524 3570 3538 3595; x_wconf 73' lang='grc' dir='ltr'><strong>ο</strong></span> <span class='ocrx_word' id='word_1_632' title='bbox 3567 3548 3690 3590; x_wconf 89' lang='lat' dir='ltr'><strong>cum</strong></span> <span class='ocrx_word' id='word_1_633' title='bbox 3720 3557 3815 3607; x_wconf 75' lang='lat' dir='ltr'><strong>per</strong></span> 
     </span>
    </p>
   </div>
   <div class='ocr_carea' id='block_1_87' title="bbox 3549 3627 3809 3690">
    <p class='ocr_par' dir='ltr' id='par_1_87' title="bbox 3549 3627 3809 3690">
     <span class='ocr_line' id='line_1_93' title="bbox 3549 3627 3809 3690; baseline 0.027 -14"><span class='ocrx_word' id='word_1_634' title='bbox 3549 3627 3632 3680; x_wconf 88' lang='lat' dir='ltr'><strong>vel</strong></span> <span class='ocrx_word' id='word_1_635' title='bbox 3679 3643 3809 3690; x_wconf 74' lang='lat' dir='ltr'><strong>ante</strong></span> 
     </span>
    </p>
   </div>
   <div class='ocr_carea' id='block_1_88' title="bbox 3151 3702 3806 3782">
    <p class='ocr_par' dir='ltr' id='par_1_88' title="bbox 3151 3702 3806 3782">
     <span class='ocr_line' id='line_1_94' title="bbox 3151 3702 3806 3782; baseline 0.044 -30"><span class='ocrx_word' id='word_1_636' title='bbox 3151 3702 3236 3756; x_wconf 88' lang='lat' dir='ltr'><strong>vel</strong></span> <span class='ocrx_word' id='word_1_637' title='bbox 3268 3716 3392 3773; x_wconf 91' lang='lat' dir='ltr'><strong>post</strong></span> <span class='ocrx_word' id='word_1_638' title='bbox 3420 3710 3694 3774; x_wconf 78' lang='lat' dir='ltr'><strong>Iulianum</strong></span> <span class='ocrx_word' id='word_1_639' title='bbox 3734 3724 3806 3782; x_wconf 85' lang='lat' dir='ltr'><strong>ita</strong></span> 
     </span>
    </p>
   </div>
   <div class='ocr_carea' id='block_1_89' title="bbox 2189 3771 3799 3872">
    <p class='ocr_par' dir='ltr' id='par_1_89' title="bbox 2189 3771 3799 3872">
     <span class='ocr_line' id='line_1_95' title="bbox 2189 3771 3799 3872; baseline 0.027 -48"><span class='ocrx_word' id='word_1_640' title='bbox 2189 3771 2434 3835; x_wconf 88' lang='lat' dir='ltr'><strong>tolerata,</strong></span> <span class='ocrx_word' id='word_1_641' title='bbox 2468 3778 2528 3824; x_wconf 90' lang='lat' dir='ltr'><strong>ut</strong></span> <span class='ocrx_word' id='word_1_642' title='bbox 2548 3785 2687 3826; x_wconf 84' lang='lat' dir='ltr'><strong>nova</strong></span> <span class='ocrx_word' id='word_1_643' title='bbox 2712 3782 2895 3836; x_wconf 88' lang='lat' dir='ltr'><strong>tamen</strong></span> <span class='ocrx_word' id='word_1_644' title='bbox 2921 3791 3168 3844; x_wconf 90' lang='lat' dir='ltr'><strong>construi</strong></span> <span class='ocrx_word' id='word_1_645' title='bbox 3198 3771 3308 3851; x_wconf 81' lang='lat' dir='ltr'><strong>non</strong></span> <span class='ocrx_word' id='word_1_646' title='bbox 3332 3771 3799 3872; x_wconf 55' lang='lat' dir='ltr'><strong>permitterentur:</strong></span> 
     </span>
    </p>
   </div>
   <div class='ocr_carea' id='block_1_90' title="bbox 2185 3860 3796 3966">
    <p class='ocr_par' dir='ltr' id='par_1_90' title="bbox 2185 3860 3796 3966">
     <span class='ocr_line' id='line_1_96' title="bbox 2185 3860 3796 3966; baseline 0.032 -57"><span class='ocrx_word' id='word_1_647' title='bbox 2185 3860 2297 3916; x_wconf 83' lang='lat' dir='ltr'><strong>Hoc</strong></span> <span class='ocrx_word' id='word_1_648' title='bbox 2335 3872 2515 3917; x_wconf 87' lang='lat' dir='ltr'><strong>autem</strong></span> <span class='ocrx_word' id='word_1_649' title='bbox 2550 3873 2886 3933; x_wconf 82' lang='lat' dir='ltr'><strong>pnstretnnm</strong></span> <span class='ocrx_word' id='word_1_650' title='bbox 2920 3884 3134 3948; x_wconf 88' lang='lat' dir='ltr'><strong>tempus</strong></span> <span class='ocrx_word' id='word_1_651' title='bbox 3167 3897 3290 3952; x_wconf 90' lang='lat' dir='ltr'><strong>post</strong></span> <span class='ocrx_word' id='word_1_652' title='bbox 3315 3860 3516 3950; x_wconf 57' lang='lat' dir='ltr'><strong>inliani</strong></span> 
     </span>
    </p>
   </div>
   <div class='ocr_carea' id='block_1_91' title="bbox 2183 3956 3798 4051">
    <p class='ocr_par' dir='ltr' id='par_1_91' title="bbox 2183 3956 3798 4051">
     <span class='ocr_line' id='line_1_97' title="bbox 2183 3956 3798 4051; baseline 0.027 -43"><span class='ocrx_word' id='word_1_653' title='bbox 2183 3956 2250 4009; x_wconf 82' lang='lat' dir='ltr'><strong>ab</strong></span> <span class='ocrx_word' id='word_1_654' title='bbox 2295 3957 2532 4014; x_wconf 77' lang='lat' dir='ltr'><strong>Auctore</strong></span> <span class='ocrx_word' id='word_1_655' title='bbox 2563 3965 2796 4030; x_wconf 77' lang='lat' dir='ltr'><strong>Spectari</strong></span> <span class='ocrx_word' id='word_1_656' title='bbox 2823 3981 3043 4029; x_wconf 77' lang='lat' dir='ltr'><strong>constat</strong></span> <span class='ocrx_word' id='word_1_657' title='bbox 3066 3991 3136 4030; x_wconf 84' lang='lat' dir='ltr'><strong>ex</strong></span> <span class='ocrx_word' id='word_1_658' title='bbox 3169 3988 3327 4037; x_wconf 87' lang='lat' dir='ltr'><strong>tract.</strong></span> <span class='ocrx_word' id='word_1_659' title='bbox 3357 3984 3409 4051; x_wconf 83' lang='grc'><strong>5,</strong></span> <span class='ocrx_word' id='word_1_660' title='bbox 3440 3988 3528 4044; x_wconf 90' lang='lat' dir='ltr'><strong>ubi</strong></span> <span class='ocrx_word' id='word_1_661' title='bbox 3562 4007 3671 4049; x_wconf 91' lang='lat' dir='ltr'><strong>non</strong></span> 
     </span>
    </p>
   </div>
   <div class='ocr_carea' id='block_1_92' title="bbox 2183 4050 3794 4150">
    <p class='ocr_par' dir='ltr' id='par_1_92' title="bbox 2183 4050 3794 4150">
     <span class='ocr_line' id='line_1_98' title="bbox 2183 4050 3794 4150; baseline 0.027 -48"><span class='ocrx_word' id='word_1_662' title='bbox 2183 4063 2284 4102; x_wconf 91' lang='lat' dir='ltr'><strong>nus</strong></span> <span class='ocrx_word' id='word_1_663' title='bbox 2312 4050 2560 4108; x_wconf 73' lang='lat' dir='ltr'><strong>ecclesia:</strong></span> <span class='ocrx_word' id='word_1_664' title='bbox 2589 4069 2621 4109; x_wconf 92' lang='lat' dir='ltr'><strong>a</strong></span> <span class='ocrx_word' id='word_1_665' title='bbox 2651 4053 3002 4133; x_wconf 85' lang='lat' dir='ltr'><strong>Christianis,</strong></span> <span class='ocrx_word' id='word_1_666' title='bbox 3032 4083 3196 4138; x_wconf 87' lang='lat' dir='ltr'><strong>quam</strong></span> <span class='ocrx_word' id='word_1_667' title='bbox 3223 4078 3421 4146; x_wconf 85' lang='lat' dir='ltr'><strong>templa</strong></span> <span class='ocrx_word' id='word_1_668' title='bbox 3449 4080 3520 4136; x_wconf 86' lang='lat' dir='ltr'><strong>ab</strong></span> <span class='ocrx_word' id='word_1_669' title='bbox 3546 4083 3794 4150; x_wconf 79' lang='lat' dir='ltr'><strong>Ethnicis</strong></span> 
     </span>
    </p>
   </div>
   <div class='ocr_carea' id='block_1_93' title="bbox 2182 4142 3788 4245">
    <p class='ocr_par' dir='ltr' id='par_1_93' title="bbox 2182 4142 3788 4245">
     <span class='ocr_line' id='line_1_99' title="bbox 2182 4142 3788 4245; baseline 0.023 -49"><span class='ocrx_word' id='word_1_670' title='bbox 2182 4142 2394 4211; x_wconf 89' lang='lat' dir='ltr'><strong>publice</strong></span> <span class='ocrx_word' id='word_1_671' title='bbox 2431 4145 2598 4245; x_wconf 77' lang='lat' dir='ltr'><strong>adita,</strong></span> <span class='ocrx_word' id='word_1_672' title='bbox 2644 4156 2700 4202; x_wconf 89' lang='lat' dir='ltr'><strong>et</strong></span> <span class='ocrx_word' id='word_1_673' title='bbox 2736 4150 2966 4218; x_wconf 81' lang='lat' dir='ltr'><strong>istorum</strong></span> <span class='ocrx_word' id='word_1_674' title='bbox 3009 4142 3581 4238; x_wconf 41' lang='lat' dir='ltr'><strong>sacriﬁcium‘quidem</strong></span> <span class='ocrx_word' id='word_1_675' title='bbox 3614 4142 3788 4245; x_wconf 65' lang='lat' dir='ltr'><strong>publi:</strong></span> 
     </span>
    </p>
   </div>
   <div class='ocr_carea' id='block_1_94' title="bbox 2179 4235 3784 4326">
    <p class='ocr_par' dir='ltr' id='par_1_94' title="bbox 2179 4235 3784 4326">
     <span class='ocr_line' id='line_1_100' title="bbox 2179 4235 3784 4326; baseline 0.026 -40"><span class='ocrx_word' id='word_1_676' title='bbox 2179 4250 2293 4287; x_wconf 89' lang='lat' dir='ltr'><strong>cum</strong></span> <span class='ocrx_word' id='word_1_677' title='bbox 2346 4235 2576 4294; x_wconf 84' lang='lat' dir='ltr'><strong>traditur</strong></span> <span class='ocrx_word' id='word_1_678' title='bbox 2625 4254 2776 4296; x_wconf 91' lang='lat' dir='ltr'><strong>num.</strong></span> <span class='ocrx_word' id='word_1_679' title='bbox 2807 4244 2862 4298; x_wconf 91' lang='lat'><strong>8.</strong></span> <span class='ocrx_word' id='word_1_680' title='bbox 2905 4246 3147 4318; x_wconf 88' lang='lat' dir='ltr'><strong>Tempus</strong></span> <span class='ocrx_word' id='word_1_681' title='bbox 3190 4235 3445 4314; x_wconf 83' lang='lat' dir='ltr'><strong>nimirum</strong></span> <span class='ocrx_word' id='word_1_682' title='bbox 3494 4235 3640 4320; x_wconf 79' lang='lat' dir='ltr'><strong>aliud</strong></span> <span class='ocrx_word' id='word_1_683' title='bbox 3679 4268 3784 4326; x_wconf 86' lang='lat' dir='ltr'><strong>sub</strong></span> 
     </span>
    </p>
   </div>
   <div class='ocr_carea' id='block_1_95' title="bbox 2177 4325 3786 4421">
    <p class='ocr_par' dir='ltr' id='par_1_95' title="bbox 2177 4325 3786 4421">
     <span class='ocr_line' id='line_1_101' title="bbox 2177 4325 3786 4421; baseline 0.022 -41"><span class='ocrx_word' id='word_1_684' title='bbox 2177 4325 2487 4383; x_wconf 72' lang='lat' dir='ltr'><strong>chrisnianis</strong></span> <span class='ocrx_word' id='word_1_685' title='bbox 2539 4331 2979 4401; x_wconf 87' lang='lat' dir='ltr'><strong>imperatoribus.</strong></span> <span class='ocrx_word' id='word_1_686' title='bbox 3016 4356 3125 4412; x_wconf 89' lang='lat' dir='ltr'><strong>quo</strong></span> <span class='ocrx_word' id='word_1_687' title='bbox 3161 4355 3411 4412; x_wconf 86' lang='lat' dir='ltr'><strong>paterent</strong></span> <span class='ocrx_word' id='word_1_688' title='bbox 3440 4356 3638 4421; x_wconf 87' lang='lat' dir='ltr'><strong>templa</strong></span> <span class='ocrx_word' id='word_1_689' title='bbox 3665 4325 3786 4414; x_wconf 32' lang='lat' dir='ltr'><strong>idos</strong></span> 
     </span>
    </p>
   </div>
   <div class='ocr_carea' id='block_1_96' title="bbox 2179 4419 3781 4519">
    <p class='ocr_par' dir='ltr' id='par_1_96' title="bbox 2179 4419 3781 4519">
     <span class='ocr_line' id='line_1_102' title="bbox 2179 4419 3781 4519; baseline 0.022 -47"><span class='ocrx_word' id='word_1_690' title='bbox 2179 4419 2377 4484; x_wconf 78' lang='lat' dir='ltr'><strong>lorum,</strong></span> <span class='ocrx_word' id='word_1_691' title='bbox 2423 4422 2694 4494; x_wconf 89' lang='lat' dir='ltr'><strong>simulque</strong></span> <span class='ocrx_word' id='word_1_692' title='bbox 2729 4439 2793 4480; x_wconf 85' lang='lat' dir='ltr'><strong>ea</strong></span> <span class='ocrx_word' id='word_1_693' title='bbox 2842 4429 3113 4488; x_wconf 81' lang='lat' dir='ltr'><strong>aediﬁcare</strong></span> <span class='ocrx_word' id='word_1_694' title='bbox 3142 4451 3248 4492; x_wconf 91' lang='lat' dir='ltr'><strong>non</strong></span> <span class='ocrx_word' id='word_1_695' title='bbox 3278 4437 3487 4508; x_wconf 86' lang='lat' dir='ltr'><strong>liceret.</strong></span> <span class='ocrx_word' id='word_1_696' title='bbox 3516 4419 3781 4519; x_wconf 82' lang='lat' dir='ltr'><strong>assignari</strong></span> 
     </span>
    </p>
   </div>
   <div class='ocr_carea' id='block_1_97' title="bbox 2190 3582 3519 3687">
    <p class='ocr_par' dir='ltr' id='par_1_97' title="bbox 2190 3582 3519 3687">
     <span class='ocr_line' id='line_1_103' title="bbox 2190 3582 3519 3687; baseline 0.032 -52"><span class='ocrx_word' id='word_1_697' title='bbox 2190 3582 2522 3639; x_wconf 86' lang='lat' dir='ltr'><strong>christianos</strong></span> <span class='ocrx_word' id='word_1_698' title='bbox 2578 3585 2942 3655; x_wconf 84' lang='lat' dir='ltr'><strong>imperatores</strong></span> <span class='ocrx_word' id='word_1_699' title='bbox 2989 3599 3266 3666; x_wconf 87' lang='lat' dir='ltr'><strong>idolorum</strong></span> <span class='ocrx_word' id='word_1_700' title='bbox 3316 3582 3519 3687; x_wconf 68' lang='lat' dir='ltr'><strong>templa</strong></span> 
     </span>
    </p>
   </div>
   <div class='ocr_carea' id='block_1_98' title="bbox 471 4511 2610 4586">
    <p class='ocr_par' dir='ltr' id='par_1_98' title="bbox 471 4511 2610 4586">
     <span class='ocr_line' id='line_1_104' title="bbox 471 4511 2610 4586; baseline 0.001 -20"><span class='ocrx_word' id='word_1_701' title='bbox 471 4528 720 4586; x_wconf 77' lang='lat' dir='ltr'><strong>capacem</strong></span> <span class='ocrx_word' id='word_1_702' title='bbox 745 4511 992 4577; x_wconf 83' lang='lat' dir='ltr'><strong>fateatur,</strong></span> <span class='ocrx_word' id='word_1_703' title='bbox 1021 4519 1293 4581; x_wconf 80' lang='lat' dir='ltr'><strong>angustam</strong></span> <span class='ocrx_word' id='word_1_704' title='bbox 1321 4518 1502 4564; x_wconf 86' lang='lat' dir='ltr'><strong>tamen</strong></span> <span class='ocrx_word' id='word_1_705' title='bbox 1534 4511 1708 4566; x_wconf 90' lang='lat' dir='ltr'><strong>adhuc</strong></span> <span class='ocrx_word' id='word_1_706' title='bbox 1739 4514 1807 4565; x_wconf 92' lang='lat' dir='ltr'><strong>ob</strong></span> <span class='ocrx_word' id='word_1_707' title='bbox 1841 4513 2071 4568; x_wconf 88' lang='lat' dir='ltr'><strong>incredi-</strong></span> <span class='ocrx_word' id='word_1_708' title='bbox 2101 4513 2153 4573; x_wconf 93' lang='lat' dir='ltr'><strong>D</strong></span> <span class='ocrx_word' id='word_1_709' title='bbox 2179 4512 2380 4568; x_wconf 87' lang='lat' dir='ltr'><strong>nullum</strong></span> <span class='ocrx_word' id='word_1_710' title='bbox 2413 4525 2610 4583; x_wconf 86' lang='lat' dir='ltr'><strong>potest.</strong></span> 
     </span>
    </p>
   </div>
   <div class='ocr_carea' id='block_1_99' title="bbox 474 4603 2073 4676">
    <p class='ocr_par' dir='ltr' id='par_1_99' title="bbox 474 4603 2073 4676">
     <span class='ocr_line' id='line_1_105' title="bbox 474 4603 2073 4676; baseline -0.001 -12"><span class='ocrx_word' id='word_1_711' title='bbox 474 4608 644 4664; x_wconf 88' lang='lat' dir='ltr'><strong>bilem</strong></span> <span class='ocrx_word' id='word_1_712' title='bbox 672 4620 857 4660; x_wconf 86' lang='lat' dir='ltr'><strong>eorum</strong></span> <span class='ocrx_word' id='word_1_713' title='bbox 885 4603 1284 4659; x_wconf 83' lang='lat' dir='ltr'><strong>tnultitudinem</strong></span> <span class='ocrx_word' id='word_1_714' title='bbox 1309 4603 1473 4658; x_wconf 87' lang='lat' dir='ltr'><strong>fuisse</strong></span> <span class='ocrx_word' id='word_1_715' title='bbox 1496 4605 1765 4658; x_wconf 90' lang='lat' dir='ltr'><strong>inventam</strong></span> <span class='ocrx_word' id='word_1_716' title='bbox 1796 4605 1969 4676; x_wconf 81' lang='lat' dir='ltr'><strong>palam</strong></span> <span class='ocrx_word' id='word_1_717' title='bbox 1994 4608 2073 4662; x_wconf 85' lang='lat' dir='ltr'><strong>af-</strong></span> 
     </span>
    </p>
   </div>
   <div class='ocr_carea' id='block_1_100' title="bbox 474 4699 2072 4772">
    <p class='ocr_par' dir='ltr' id='par_1_100' title="bbox 474 4699 2072 4772">
     <span class='ocr_line' id='line_1_106' title="bbox 474 4699 2072 4772; baseline -0.004 -11"><span class='ocrx_word' id='word_1_718' title='bbox 474 4705 682 4761; x_wconf 80' lang='lat' dir='ltr'><strong>ﬁrmat.</strong></span> <span class='ocrx_word' id='word_1_719' title='bbox 712 4700 981 4756; x_wconf 71' lang='lat' dir='ltr'><strong>Emltate</strong></span> <span class='ocrx_word' id='word_1_720' title='bbox 1003 4701 1183 4772; x_wconf 75' lang='lat' dir='ltr'><strong>igitur,</strong></span> <span class='ocrx_word' id='word_1_721' title='bbox 1204 4702 1387 4771; x_wconf 79' lang='lat' dir='ltr'><strong>fratres</strong></span> <span class='ocrx_word' id='word_1_722' title='bbox 1403 4714 1422 4762; x_wconf 86' lang='lat'><strong><em>;</em></strong></span> <span class='ocrx_word' id='word_1_723' title='bbox 1437 4699 1834 4767; x_wconf 74' lang='lat' dir='ltr'><strong>wdiﬁcationem</strong></span> <span class='ocrx_word' id='word_1_724' title='bbox 1857 4711 2072 4756; x_wconf 78' lang='lat' dir='ltr'><strong>uestram</strong></span> 
     </span>
    </p>
   </div>
   <div class='ocr_carea' id='block_1_101' title="bbox 473 4795 2070 4865">
    <p class='ocr_par' dir='ltr' id='par_1_101' title="bbox 473 4795 2070 4865">
     <span class='ocr_line' id='line_1_107' title="bbox 473 4795 2070 4865; baseline -0.004 -11"><span class='ocrx_word' id='word_1_725' title='bbox 473 4799 590 4854; x_wconf 73' lang='lat' dir='ltr'><strong>sede</strong></span> <span class='ocrx_word' id='word_1_726' title='bbox 630 4801 728 4852; x_wconf 77' lang='lat' dir='ltr'><strong>ista</strong></span> <span class='ocrx_word' id='word_1_727' title='bbox 754 4797 817 4850; x_wconf 84' lang='lat' dir='ltr'><strong>de</strong></span> <span class='ocrx_word' id='word_1_728' title='bbox 845 4795 1043 4850; x_wconf 75' lang='lat' dir='ltr'><strong>nouella</strong></span> <span class='ocrx_word' id='word_1_729' title='bbox 1070 4795 1379 4864; x_wconf 79' lang='lat' dir='ltr'><strong>cognoscite,</strong></span> <span class='ocrx_word' id='word_1_730' title='bbox 1410 4795 1559 4864; x_wconf 87' lang='lat' dir='ltr'><strong>cujus</strong></span> <span class='ocrx_word' id='word_1_731' title='bbox 1585 4811 1784 4864; x_wconf 83' lang='lat' dir='ltr'><strong>quoque</strong></span> <span class='ocrx_word' id='word_1_732' title='bbox 1815 4797 2070 4865; x_wconf 84' lang='lat' dir='ltr'><strong>capacita-</strong></span> 
     </span>
    </p>
   </div>
   <div class='ocr_carea' id='block_1_102' title="bbox 477 4886 2074 4960">
    <p class='ocr_par' dir='ltr' id='par_1_102' title="bbox 477 4886 2074 4960">
     <span class='ocr_line' id='line_1_108' title="bbox 477 4886 2074 4960; baseline -0.003 -13"><span class='ocrx_word' id='word_1_733' title='bbox 477 4901 580 4947; x_wconf 73' lang='lat' dir='ltr'><strong>tem</strong></span> <span class='ocrx_word' id='word_1_734' title='bbox 614 4889 750 4960; x_wconf 84' lang='lat' dir='ltr'><strong>felici</strong></span> <span class='ocrx_word' id='word_1_735' title='bbox 777 4904 990 4944; x_wconf 76' lang='lat' dir='ltr'><strong>numero</strong></span> <span class='ocrx_word' id='word_1_736' title='bbox 1017 4887 1212 4958; x_wconf 78' lang='lat' dir='ltr'><strong>fecistis</strong></span> <span class='ocrx_word' id='word_1_737' title='bbox 1250 4895 1534 4958; x_wconf 83' lang='lat' dir='ltr'><strong>angustam.</strong></span> <span class='ocrx_word' id='word_1_738' title='bbox 1570 4886 1775 4942; x_wconf 86' lang='lat' dir='ltr'><strong>Tantus</strong></span> <span class='ocrx_word' id='word_1_739' title='bbox 1803 4898 1982 4942; x_wconf 89' lang='lat' dir='ltr'><strong>autem</strong></span> <span class='ocrx_word' id='word_1_740' title='bbox 2013 4888 2074 4943; x_wconf 87' lang='lat' dir='ltr'><strong>ﬁ-</strong></span> 
     </span>
    </p>
   </div>
   <div class='ocr_carea' id='block_1_103' title="bbox 477 4981 2072 5050">
    <p class='ocr_par' dir='ltr' id='par_1_103' title="bbox 477 4981 2072 5050">
     <span class='ocr_line' id='line_1_109' title="bbox 477 4981 2072 5050; baseline -0.003 -9"><span class='ocrx_word' id='word_1_741' title='bbox 477 4985 686 5040; x_wconf 85' lang='lat' dir='ltr'><strong>delium</strong></span> <span class='ocrx_word' id='word_1_742' title='bbox 728 4997 984 5038; x_wconf 85' lang='lat' dir='ltr'><strong>numerus</strong></span> <span class='ocrx_word' id='word_1_743' title='bbox 1027 4981 1080 5036; x_wconf 93' lang='lat' dir='ltr'><strong>in</strong></span> <span class='ocrx_word' id='word_1_744' title='bbox 1127 4989 1369 5050; x_wconf 82' lang='lat' dir='ltr'><strong>quartum</strong></span> <span class='ocrx_word' id='word_1_745' title='bbox 1396 4993 1609 5049; x_wconf 85' lang='lat' dir='ltr'><strong>quoque</strong></span> <span class='ocrx_word' id='word_1_746' title='bbox 1634 4981 1893 5035; x_wconf 64' lang='lat' dir='ltr'><strong>saeculum</strong></span> <span class='ocrx_word' id='word_1_747' title='bbox 1923 4995 2072 5037; x_wconf 87' lang='lat' dir='ltr'><strong>cont-</strong></span> 
     </span>
    </p>
   </div>
   <div class='ocr_carea' id='block_1_104' title="bbox 481 5071 2072 5156">
    <p class='ocr_par' dir='ltr' id='par_1_104' title="bbox 481 5071 2072 5156">
     <span class='ocr_line' id='line_1_110' title="bbox 481 5071 2072 5156; baseline -0.004 -20"><span class='ocrx_word' id='word_1_748' title='bbox 481 5077 648 5136; x_wconf 84' lang='lat' dir='ltr'><strong>mode</strong></span> <span class='ocrx_word' id='word_1_749' title='bbox 675 5077 838 5143; x_wconf 78' lang='lat' dir='ltr'><strong>cadit,</strong></span> <span class='ocrx_word' id='word_1_750' title='bbox 881 5075 1080 5146; x_wconf 83' lang='lat' dir='ltr'><strong>quippe</strong></span> <span class='ocrx_word' id='word_1_751' title='bbox 1107 5089 1226 5128; x_wconf 88' lang='lat' dir='ltr'><strong>cum</strong></span> <span class='ocrx_word' id='word_1_752' title='bbox 1257 5083 1407 5126; x_wconf 84' lang='lat' dir='ltr'><strong>antea</strong></span> <span class='ocrx_word' id='word_1_753' title='bbox 1435 5071 1506 5124; x_wconf 92' lang='lat' dir='ltr'><strong>ob</strong></span> <span class='ocrx_word' id='word_1_754' title='bbox 1528 5075 1939 5156; x_wconf 84' lang='lat' dir='ltr'><strong>persecutiones</strong></span> <span class='ocrx_word' id='word_1_755' title='bbox 1974 5076 2072 5130; x_wconf 83' lang='lat' dir='ltr'><strong>im-</strong></span> 
     </span>
    </p>
   </div>
   <div class='ocr_carea' id='block_1_105' title="bbox 481 5165 2073 5242">
    <p class='ocr_par' dir='ltr' id='par_1_105' title="bbox 481 5165 2073 5242">
     <span class='ocr_line' id='line_1_111' title="bbox 481 5165 2073 5242; baseline -0.004 -15"><span class='ocrx_word' id='word_1_756' title='bbox 481 5169 778 5242; x_wconf 83' lang='lat' dir='ltr'><strong>pedimenti</strong></span> <span class='ocrx_word' id='word_1_757' title='bbox 812 5169 1097 5238; x_wconf 83' lang='lat' dir='ltr'><strong>plurimum</strong></span> <span class='ocrx_word' id='word_1_758' title='bbox 1138 5165 1402 5234; x_wconf 73' lang='lat' dir='ltr'><strong>obiectum</strong></span> <span class='ocrx_word' id='word_1_759' title='bbox 1448 5175 1610 5230; x_wconf 88' lang='lat' dir='ltr'><strong>esset,</strong></span> <span class='ocrx_word' id='word_1_760' title='bbox 1644 5175 1750 5219; x_wconf 90' lang='lat' dir='ltr'><strong>tum</strong></span> <span class='ocrx_word' id='word_1_761' title='bbox 1781 5184 1848 5222; x_wconf 90' lang='lat' dir='ltr'><strong>ne</strong></span> <span class='ocrx_word' id='word_1_762' title='bbox 1877 5169 2073 5236; x_wconf 70' lang='lat' dir='ltr'><strong>prtedi-</strong></span> 
     </span>
    </p>
   </div>
   <div class='ocr_carea' id='block_1_106' title="bbox 481 5257 2065 5330">
    <p class='ocr_par' dir='ltr' id='par_1_106' title="bbox 481 5257 2065 5330">
     <span class='ocr_line' id='line_1_112' title="bbox 481 5257 2065 5330; baseline 0 -14"><span class='ocrx_word' id='word_1_763' title='bbox 481 5262 633 5318; x_wconf 80' lang='lat' dir='ltr'><strong>catio</strong></span> <span class='ocrx_word' id='word_1_764' title='bbox 655 5261 959 5330; x_wconf 81' lang='lat' dir='ltr'><strong>perveniret</strong></span> <span class='ocrx_word' id='word_1_765' title='bbox 979 5260 1030 5313; x_wconf 88' lang='lat' dir='ltr'><strong>in</strong></span> <span class='ocrx_word' id='word_1_766' title='bbox 1055 5257 1340 5327; x_wconf 89' lang='lat' dir='ltr'><strong>publicum,</strong></span> <span class='ocrx_word' id='word_1_767' title='bbox 1372 5267 1478 5310; x_wconf 92' lang='lat' dir='ltr'><strong>tum</strong></span> <span class='ocrx_word' id='word_1_768' title='bbox 1527 5272 1593 5311; x_wconf 90' lang='lat' dir='ltr'><strong>ne</strong></span> <span class='ocrx_word' id='word_1_769' title='bbox 1633 5259 1762 5313; x_wconf 88' lang='lat' dir='ltr'><strong>satis</strong></span> <span class='ocrx_word' id='word_1_770' title='bbox 1808 5261 1960 5315; x_wconf 89' lang='lat' dir='ltr'><strong>multi</strong></span> <span class='ocrx_word' id='word_1_771' title='bbox 1999 5262 2065 5317; x_wconf 90' lang='lat' dir='ltr'><strong>ad</strong></span> 
     </span>
    </p>
   </div>
   <div class='ocr_carea' id='block_1_107' title="bbox 482 5350 2064 5420">
    <p class='ocr_par' dir='ltr' id='par_1_107' title="bbox 482 5350 2064 5420">
     <span class='ocr_line' id='line_1_113' title="bbox 482 5350 2064 5420; baseline -0.003 -8"><span class='ocrx_word' id='word_1_772' title='bbox 482 5356 652 5412; x_wconf 85' lang='lat' dir='ltr'><strong>fidem</strong></span> <span class='ocrx_word' id='word_1_773' title='bbox 680 5355 985 5408; x_wconf 86' lang='lat' dir='ltr'><strong>transirent.</strong></span> <span class='ocrx_word' id='word_1_774' title='bbox 1017 5351 1072 5405; x_wconf 87' lang='lat' dir='ltr'><strong>In</strong></span> <span class='ocrx_word' id='word_1_775' title='bbox 1107 5365 1260 5420; x_wconf 85' lang='lat' dir='ltr'><strong>quam</strong></span> <span class='ocrx_word' id='word_1_776' title='bbox 1303 5365 1412 5403; x_wconf 86' lang='lat' dir='ltr'><strong>rem</strong></span> <span class='ocrx_word' id='word_1_777' title='bbox 1440 5350 1541 5402; x_wconf 88' lang='lat' dir='ltr'><strong>alia</strong></span> <span class='ocrx_word' id='word_1_778' title='bbox 1571 5365 1675 5404; x_wconf 91' lang='lat' dir='ltr'><strong>non</strong></span> <span class='ocrx_word' id='word_1_779' title='bbox 1701 5353 1838 5407; x_wconf 83' lang='lat' dir='ltr'><strong>levis</strong></span> <span class='ocrx_word' id='word_1_780' title='bbox 1868 5357 2064 5409; x_wconf 60' lang='lat' dir='ltr'><strong>conliro</strong></span> 
     </span>
    </p>
   </div>
   <div class='ocr_carea' id='block_1_108' title="bbox 481 5443 2066 5514">
    <p class='ocr_par' dir='ltr' id='par_1_108' title="bbox 481 5443 2066 5514">
     <span class='ocr_line' id='line_1_114' title="bbox 481 5443 2066 5514; baseline -0.003 -8"><span class='ocrx_word' id='word_1_781' title='bbox 481 5450 655 5506; x_wconf 86' lang='lat' dir='ltr'><strong>matio</strong></span> <span class='ocrx_word' id='word_1_782' title='bbox 677 5463 747 5502; x_wconf 76' lang='lat' dir='ltr'><strong>es</strong></span> <span class='ocrx_word' id='word_1_783' title='bbox 773 5448 837 5502; x_wconf 87' lang='lat' dir='ltr'><strong>iis</strong></span> <span class='ocrx_word' id='word_1_784' title='bbox 863 5445 1170 5501; x_wconf 77' lang='lat' dir='ltr'><strong>tractatibus</strong></span> <span class='ocrx_word' id='word_1_785' title='bbox 1214 5444 1465 5512; x_wconf 87' lang='lat' dir='ltr'><strong>suppetit;</strong></span> <span class='ocrx_word' id='word_1_786' title='bbox 1500 5443 1589 5513; x_wconf 91' lang='lat' dir='ltr'><strong>qui</strong></span> <span class='ocrx_word' id='word_1_787' title='bbox 1631 5446 1936 5514; x_wconf 87' lang='lat' dir='ltr'><strong>complures</strong></span> <span class='ocrx_word' id='word_1_788' title='bbox 1973 5464 2066 5503; x_wconf 89' lang='lat' dir='ltr'><strong>cu-</strong></span> 
     </span>
    </p>
   </div>
   <div class='ocr_carea' id='block_1_109' title="bbox 479 5535 2066 5614">
    <p class='ocr_par' dir='ltr' id='par_1_109' title="bbox 479 5535 2066 5614">
     <span class='ocr_line' id='line_1_115' title="bbox 479 5535 2066 5614; baseline 0.001 -22"><span class='ocrx_word' id='word_1_789' title='bbox 479 5543 682 5614; x_wconf 77' lang='lat' dir='ltr'><strong>jusque</strong></span> <span class='ocrx_word' id='word_1_790' title='bbox 713 5537 908 5610; x_wconf 79' lang='lat' dir='ltr'><strong>generis</strong></span> <span class='ocrx_word' id='word_1_791' title='bbox 933 5579 949 5603; x_wconf 92' lang='lat'><strong>,</strong></span> <span class='ocrx_word' id='word_1_792' title='bbox 1001 5536 1195 5600; x_wconf 68' lang='lat' dir='ltr'><strong>(etatis,</strong></span> <span class='ocrx_word' id='word_1_793' title='bbox 1237 5543 1426 5598; x_wconf 68' lang='lat' dir='ltr'><strong>sextus,</strong></span> <span class='ocrx_word' id='word_1_794' title='bbox 1472 5535 1816 5603; x_wconf 83' lang='lat' dir='ltr'><strong>conditionis,</strong></span> <span class='ocrx_word' id='word_1_795' title='bbox 1861 5537 1968 5592; x_wconf 91' lang='lat' dir='ltr'><strong>imo</strong></span> <span class='ocrx_word' id='word_1_796' title='bbox 2011 5548 2066 5596; x_wconf 86' lang='lat' dir='ltr'><strong>et</strong></span> 
     </span>
    </p>
   </div>
   <div class='ocr_carea' id='block_1_110' title="bbox 483 5628 2064 5696">
    <p class='ocr_par' dir='ltr' id='par_1_110' title="bbox 483 5628 2064 5696">
     <span class='ocr_line' id='line_1_116' title="bbox 483 5628 2064 5696; baseline -0.001 -5"><span class='ocrx_word' id='word_1_797' title='bbox 483 5635 714 5693; x_wconf 77' lang='lat' dir='ltr'><strong>nationis</strong></span> <span class='ocrx_word' id='word_1_798' title='bbox 735 5631 1144 5687; x_wconf 84' lang='lat' dir='ltr'><strong>catechumenos</strong></span> <span class='ocrx_word' id='word_1_799' title='bbox 1173 5643 1326 5683; x_wconf 86' lang='lat' dir='ltr'><strong>sacro</strong></span> <span class='ocrx_word' id='word_1_800' title='bbox 1357 5628 1675 5696; x_wconf 83' lang='lat' dir='ltr'><strong>baptismate</strong></span> <span class='ocrx_word' id='word_1_801' title='bbox 1720 5630 1786 5684; x_wconf 90' lang='lat' dir='ltr'><strong>ab</strong></span> <span class='ocrx_word' id='word_1_802' title='bbox 1827 5633 2064 5690; x_wconf 85' lang='lat' dir='ltr'><strong>Auctore</strong></span> 
     </span>
    </p>
   </div>
   <div class='ocr_carea' id='block_1_111' title="bbox 485 5721 2063 5802">
    <p class='ocr_par' dir='ltr' id='par_1_111' title="bbox 485 5721 2063 5802">
     <span class='ocr_line' id='line_1_117' title="bbox 485 5721 2063 5802; baseline -0.003 -14"><span class='ocrx_word' id='word_1_803' title='bbox 485 5733 540 5788; x_wconf 91' lang='lat' dir='ltr'><strong>in</strong></span> <span class='ocrx_word' id='word_1_804' title='bbox 557 5728 794 5802; x_wconf 76' lang='lat' dir='ltr'><strong>paschali</strong></span> <span class='ocrx_word' id='word_1_805' title='bbox 823 5724 958 5799; x_wconf 74' lang='grc' dir='ltr'><strong>[ιιιή</strong></span> <span class='ocrx_word' id='word_1_806' title='bbox 980 5725 1114 5782; x_wconf 84' lang='lat' dir='ltr'><strong>festo</strong></span> <span class='ocrx_word' id='word_1_807' title='bbox 1134 5722 1290 5780; x_wconf 85' lang='lat' dir='ltr'><strong>simul</strong></span> <span class='ocrx_word' id='word_1_808' title='bbox 1319 5721 1528 5780; x_wconf 86' lang='lat' dir='ltr'><strong>ablutos</strong></span> <span class='ocrx_word' id='word_1_809' title='bbox 1546 5723 1780 5779; x_wconf 88' lang='lat' dir='ltr'><strong>tradunt.</strong></span> <span class='ocrx_word' id='word_1_810' title='bbox 1802 5726 1932 5783; x_wconf 83' lang='lat' dir='ltr'><strong>Vide</strong></span> <span class='ocrx_word' id='word_1_811' title='bbox 1955 5735 2063 5783; x_wconf 88' lang='lat' dir='ltr'><strong>tra-</strong></span> 
     </span>
    </p>
   </div>
   <div class='ocr_carea' id='block_1_112' title="bbox 2250 4604 3776 4702">
    <p class='ocr_par' dir='ltr' id='par_1_112' title="bbox 2250 4604 3776 4702">
     <span class='ocr_line' id='line_1_118' title="bbox 2250 4604 3776 4702; baseline 0.02 -45"><span class='ocrx_word' id='word_1_812' title='bbox 2250 4604 2410 4675; x_wconf 90' lang='lat' dir='ltr'><strong>Atqui</strong></span> <span class='ocrx_word' id='word_1_813' title='bbox 2453 4606 2567 4664; x_wconf 72' lang='lat' dir='ltr'><strong>haec</strong></span> <span class='ocrx_word' id='word_1_814' title='bbox 2612 4613 2907 4680; x_wconf 87' lang='lat' dir='ltr'><strong>patentium</strong></span> <span class='ocrx_word' id='word_1_815' title='bbox 2957 4617 3278 4687; x_wconf 89' lang='lat' dir='ltr'><strong>templorum</strong></span> <span class='ocrx_word' id='word_1_816' title='bbox 3328 4624 3776 4702; x_wconf 85' lang='lat' dir='ltr'><strong>publicorumque</strong></span> 
     </span>
    </p>
   </div>
   <div class='ocr_carea' id='block_1_113' title="bbox 2178 4699 3770 4780">
    <p class='ocr_par' dir='ltr' id='par_1_113' title="bbox 2178 4699 3770 4780">
     <span class='ocr_line' id='line_1_119' title="bbox 2178 4699 3770 4780; baseline 0.016 -27"><span class='ocrx_word' id='word_1_817' title='bbox 2178 4699 2568 4758; x_wconf 76' lang='lat' dir='ltr'><strong>sacrificiorum</strong></span> <span class='ocrx_word' id='word_1_818' title='bbox 2611 4704 2817 4759; x_wconf 88' lang='lat' dir='ltr'><strong>mentio</strong></span> <span class='ocrx_word' id='word_1_819' title='bbox 2859 4707 3088 4764; x_wconf 85' lang='lat' dir='ltr'><strong>Baronio</strong></span> <span class='ocrx_word' id='word_1_820' title='bbox 3126 4712 3195 4767; x_wconf 88' lang='lat' dir='ltr'><strong>de</strong></span> <span class='ocrx_word' id='word_1_821' title='bbox 3224 4715 3506 4773; x_wconf 87' lang='lat' dir='ltr'><strong>interdicta</strong></span> <span class='ocrx_word' id='word_1_822' title='bbox 3552 4699 3770 4780; x_wconf 74' lang='lat' dir='ltr'><strong>coruin-</strong></span> 
     </span>
    </p>
   </div>
   <div class='ocr_carea' id='block_1_114' title="bbox 2178 4792 3770 4873">
    <p class='ocr_par' dir='ltr' id='par_1_114' title="bbox 2178 4792 3770 4873">
     <span class='ocr_line' id='line_1_120' title="bbox 2178 4792 3770 4873; baseline 0.016 -27"><span class='ocrx_word' id='word_1_823' title='bbox 2178 4792 2301 4848; x_wconf 88' lang='lat' dir='ltr'><strong>dem</strong></span> <span class='ocrx_word' id='word_1_824' title='bbox 2359 4796 2680 4866; x_wconf 87' lang='lat' dir='ltr'><strong>templorum</strong></span> <span class='ocrx_word' id='word_1_825' title='bbox 2731 4799 3091 4859; x_wconf 64' lang='lat' dir='ltr'><strong>aedificatione</strong></span> <span class='ocrx_word' id='word_1_826' title='bbox 3136 4806 3268 4862; x_wconf 91' lang='lat' dir='ltr'><strong>nihil</strong></span> <span class='ocrx_word' id='word_1_827' title='bbox 3317 4811 3770 4873; x_wconf 81' lang='lat' dir='ltr'><strong>animadvertenti</strong></span> 
     </span>
    </p>
   </div>
   <div class='ocr_carea' id='block_1_115' title="bbox 2178 4886 3777 4966">
    <p class='ocr_par' dir='ltr' id='par_1_115' title="bbox 2178 4886 3777 4966">
     <span class='ocr_line' id='line_1_121' title="bbox 2178 4886 3777 4966; baseline 0.018 -28"><span class='ocrx_word' id='word_1_828' title='bbox 2178 4886 2368 4952; x_wconf 86' lang='lat' dir='ltr'><strong>suasit,</strong></span> <span class='ocrx_word' id='word_1_829' title='bbox 2417 4899 2474 4941; x_wconf 89' lang='lat' dir='ltr'><strong>nt</strong></span> <span class='ocrx_word' id='word_1_830' title='bbox 2504 4891 2795 4946; x_wconf 82' lang='lat' dir='ltr'><strong>Auctorem</strong></span> <span class='ocrx_word' id='word_1_831' title='bbox 2844 4903 2967 4949; x_wconf 88' lang='lat' dir='ltr'><strong>ante</strong></span> <span class='ocrx_word' id='word_1_832' title='bbox 2991 4907 3240 4966; x_wconf 84' lang='lat' dir='ltr'><strong>quartum</strong></span> <span class='ocrx_word' id='word_1_833' title='bbox 3289 4904 3542 4960; x_wconf 87' lang='lat' dir='ltr'><strong>saeculum</strong></span> <span class='ocrx_word' id='word_1_834' title='bbox 3575 4906 3777 4965; x_wconf 72' lang='lat' dir='ltr'><strong>florem</strong></span> 
     </span>
    </p>
   </div>
   <div class='ocr_carea' id='block_1_116' title="bbox 2180 4980 3765 5069">
    <p class='ocr_par' dir='ltr' id='par_1_116' title="bbox 2180 4980 3765 5069">
     <span class='ocr_line' id='line_1_122' title="bbox 2180 4980 3765 5069; baseline 0.015 -35"><span class='ocrx_word' id='word_1_835' title='bbox 2180 4987 2285 5034; x_wconf 84' lang='lat' dir='ltr'><strong>tem</strong></span> <span class='ocrx_word' id='word_1_836' title='bbox 2332 4980 2645 5038; x_wconf 86' lang='lat' dir='ltr'><strong>defenderet</strong></span> <span class='ocrx_word' id='word_1_837' title='bbox 2674 5003 2685 5038; x_wconf 90' lang='lat'><strong>:</strong></span> <span class='ocrx_word' id='word_1_838' title='bbox 2715 4985 2850 5040; x_wconf 85' lang='lat' dir='ltr'><strong>Dum</strong></span> <span class='ocrx_word' id='word_1_839' title='bbox 2892 4988 3082 5046; x_wconf 83' lang='lat' dir='ltr'><strong>Auctor</strong></span> <span class='ocrx_word' id='word_1_840' title='bbox 3130 4995 3446 5062; x_wconf 79' lang='lat' dir='ltr'><strong>apertissime</strong></span> <span class='ocrx_word' id='word_1_841' title='bbox 3494 5011 3765 5069; x_wconf 83' lang='lat' dir='ltr'><strong>monstrat,</strong></span> 
     </span>
    </p>
   </div>
   <div class='ocr_carea' id='block_1_117' title="bbox 2174 5071 3769 5153">
    <p class='ocr_par' dir='ltr' id='par_1_117' title="bbox 2174 5071 3769 5153">
     <span class='ocr_line' id='line_1_123' title="bbox 2174 5071 3769 5153; baseline 0.018 -30"><span class='ocrx_word' id='word_1_842' title='bbox 2174 5071 2432 5126; x_wconf 81' lang='lat' dir='ltr'><strong>idolorum</strong></span> <span class='ocrx_word' id='word_1_843' title='bbox 2458 5075 2646 5143; x_wconf 85' lang='lat' dir='ltr'><strong>templa</strong></span> <span class='ocrx_word' id='word_1_844' title='bbox 2671 5086 2791 5130; x_wconf 87' lang='lat' dir='ltr'><strong>tunc</strong></span> <span class='ocrx_word' id='word_1_845' title='bbox 2819 5079 2977 5147; x_wconf 82' lang='lat' dir='ltr'><strong>fuisse</strong></span> <span class='ocrx_word' id='word_1_846' title='bbox 3016 5085 3260 5153; x_wconf 82' lang='lat' dir='ltr'><strong>patentia,</strong></span> <span class='ocrx_word' id='word_1_847' title='bbox 3309 5097 3354 5144; x_wconf 91' lang='lat' dir='ltr'><strong>et</strong></span> <span class='ocrx_word' id='word_1_848' title='bbox 3383 5091 3613 5147; x_wconf 77' lang='lat' dir='ltr'><strong>victimas</strong></span> <span class='ocrx_word' id='word_1_849' title='bbox 3645 5096 3769 5152; x_wconf 81' lang='lat' dir='ltr'><strong>soli-</strong></span> 
     </span>
    </p>
   </div>
   <div class='ocr_carea' id='block_1_118' title="bbox 2175 5165 3768 5254">
    <p class='ocr_par' dir='ltr' id='par_1_118' title="bbox 2175 5165 3768 5254">
     <span class='ocr_line' id='line_1_124' title="bbox 2175 5165 3768 5254; baseline 0.016 -36"><span class='ocrx_word' id='word_1_850' title='bbox 2175 5175 2251 5218; x_wconf 86' lang='lat' dir='ltr'><strong>tas</strong></span> <span class='ocrx_word' id='word_1_851' title='bbox 2291 5165 2591 5232; x_wconf 86' lang='lat' dir='ltr'><strong>immolari;</strong></span> <span class='ocrx_word' id='word_1_852' title='bbox 2642 5170 2786 5223; x_wconf 85' lang='lat' dir='ltr'><strong>aliud</strong></span> <span class='ocrx_word' id='word_1_853' title='bbox 2816 5188 3028 5238; x_wconf 86' lang='lat' dir='ltr'><strong>prorsus</strong></span> <span class='ocrx_word' id='word_1_854' title='bbox 3065 5178 3127 5232; x_wconf 92' lang='lat' dir='ltr'><strong>ab</strong></span> <span class='ocrx_word' id='word_1_855' title='bbox 3172 5178 3426 5236; x_wconf 85' lang='lat' dir='ltr'><strong>Ambrosii</strong></span> <span class='ocrx_word' id='word_1_856' title='bbox 3456 5189 3768 5254; x_wconf 78' lang='lat' dir='ltr'><strong>tentpnribus</strong></span> 
     </span>
    </p>
   </div>
   <div class='ocr_carea' id='block_1_119' title="bbox 2171 5255 3764 5343">
    <p class='ocr_par' dir='ltr' id='par_1_119' title="bbox 2171 5255 3764 5343">
     <span class='ocr_line' id='line_1_125' title="bbox 2171 5255 3764 5343; baseline 0.015 -33"><span class='ocrx_word' id='word_1_857' title='bbox 2171 5255 2304 5311; x_wconf 82' lang='lat' dir='ltr'><strong>illud</strong></span> <span class='ocrx_word' id='word_1_858' title='bbox 2333 5259 2490 5328; x_wconf 82' lang='lat' dir='ltr'><strong>fuisse</strong></span> <span class='ocrx_word' id='word_1_859' title='bbox 2510 5262 2753 5316; x_wconf 65' lang='lat' dir='ltr'><strong>sarculum</strong></span> <span class='ocrx_word' id='word_1_860' title='bbox 2781 5263 2972 5318; x_wconf 84' lang='lat' dir='ltr'><strong>Auctor</strong></span> <span class='ocrx_word' id='word_1_861' title='bbox 2993 5279 3166 5339; x_wconf 78' lang='lat' dir='ltr'><strong>aperte</strong></span> <span class='ocrx_word' id='word_1_862' title='bbox 3193 5272 3470 5343; x_wconf 74' lang='lat' dir='ltr'><strong>signiﬁcat,</strong></span> <span class='ocrx_word' id='word_1_863' title='bbox 3504 5295 3618 5330; x_wconf 84' lang='lat' dir='ltr'><strong>cum</strong></span> <span class='ocrx_word' id='word_1_864' title='bbox 3640 5296 3764 5336; x_wconf 84' lang='lat' dir='ltr'><strong>con-</strong></span> 
     </span>
    </p>
   </div>
   <div class='ocr_carea' id='block_1_120' title="bbox 2170 5353 3759 5430">
    <p class='ocr_par' dir='ltr' id='par_1_120' title="bbox 2170 5353 3759 5430">
     <span class='ocr_line' id='line_1_126' title="bbox 2170 5353 3759 5430; baseline 0.017 -27"><span class='ocrx_word' id='word_1_865' title='bbox 2170 5359 2266 5404; x_wconf 88' lang='lat' dir='ltr'><strong>stet</strong></span> <span class='ocrx_word' id='word_1_866' title='bbox 2285 5353 2399 5421; x_wconf 87' lang='lat' dir='ltr'><strong>jam</strong></span> <span class='ocrx_word' id='word_1_867' title='bbox 2429 5353 2552 5408; x_wconf 83' lang='lat' dir='ltr'><strong>olim</strong></span> <span class='ocrx_word' id='word_1_868' title='bbox 2593 5372 2692 5410; x_wconf 85' lang='lat' dir='ltr'><strong>non</strong></span> <span class='ocrx_word' id='word_1_869' title='bbox 2724 5367 2918 5413; x_wconf 86' lang='lat' dir='ltr'><strong>tantum</strong></span> <span class='ocrx_word' id='word_1_870' title='bbox 2958 5377 2989 5414; x_wconf 83' lang='grc' dir='ltr'><em>α</em></span> <span class='ocrx_word' id='word_1_871' title='bbox 3031 5362 3437 5425; x_wconf 75' lang='lat' dir='ltr'><strong>Constantino...</strong></span> <span class='ocrx_word' id='word_1_872' title='bbox 3470 5381 3515 5424; x_wconf 89' lang='lat' dir='ltr'><strong>et</strong></span> <span class='ocrx_word' id='word_1_873' title='bbox 3556 5389 3589 5426; x_wconf 89' lang='lat' dir='ltr'><strong>a</strong></span> <span class='ocrx_word' id='word_1_874' title='bbox 3619 5373 3759 5430; x_wconf 84' lang='lat' dir='ltr'><strong>Con-</strong></span> 
     </span>
    </p>
   </div>
   <div class='ocr_carea' id='block_1_121' title="bbox 2168 5447 3760 5536">
    <p class='ocr_par' dir='ltr' id='par_1_121' title="bbox 2168 5447 3760 5536">
     <span class='ocr_line' id='line_1_127' title="bbox 2168 5447 3760 5536; baseline 0.016 -39"><span class='ocrx_word' id='word_1_875' title='bbox 2168 5447 2377 5500; x_wconf 83' lang='lat' dir='ltr'><strong>stantio.</strong></span> <span class='ocrx_word' id='word_1_876' title='bbox 2390 5487 2401 5500; x_wconf 93' lang='lat'><strong>.</strong></span> <span class='ocrx_word' id='word_1_877' title='bbox 2502 5449 2728 5506; x_wconf 84' lang='lat' dir='ltr'><strong>uictimas</strong></span> <span class='ocrx_word' id='word_1_878' title='bbox 2745 5455 2900 5522; x_wconf 70' lang='lat' dir='ltr'><strong>fuisse</strong></span> <span class='ocrx_word' id='word_1_879' title='bbox 2919 5457 3116 5522; x_wconf 79' lang='lat' dir='ltr'><strong>vetitas,</strong></span> <span class='ocrx_word' id='word_1_880' title='bbox 3131 5467 3177 5511; x_wconf 89' lang='lat' dir='ltr'><strong>et</strong></span> <span class='ocrx_word' id='word_1_881' title='bbox 3195 5462 3386 5533; x_wconf 87' lang='lat' dir='ltr'><strong>tempta</strong></span> <span class='ocrx_word' id='word_1_882' title='bbox 3398 5466 3547 5536; x_wconf 81' lang='lat' dir='ltr'><strong>jussu</strong></span> <span class='ocrx_word' id='word_1_883' title='bbox 3559 5466 3760 5532; x_wconf 85' lang='lat' dir='ltr'><strong>claudi,</strong></span> 
     </span>
    </p>
   </div>
   <div class='ocr_carea' id='block_1_122' title="bbox 2167 5542 3762 5626">
    <p class='ocr_par' dir='ltr' id='par_1_122' title="bbox 2167 5542 3762 5626">
     <span class='ocr_line' id='line_1_128' title="bbox 2167 5542 3762 5626; baseline 0.011 -32"><span class='ocrx_word' id='word_1_884' title='bbox 2167 5542 2256 5595; x_wconf 86' lang='lat' dir='ltr'><strong>sed</strong></span> <span class='ocrx_word' id='word_1_885' title='bbox 2279 5558 2339 5595; x_wconf 90' lang='lat' dir='ltr'><strong>eo</strong></span> <span class='ocrx_word' id='word_1_886' title='bbox 2367 5550 2592 5612; x_wconf 75' lang='lat' dir='ltr'><strong>tempore</strong></span> <span class='ocrx_word' id='word_1_887' title='bbox 2617 5562 2708 5599; x_wconf 88' lang='lat' dir='ltr'><strong>nec</strong></span> <span class='ocrx_word' id='word_1_888' title='bbox 2735 5545 2996 5604; x_wconf 76' lang='lat' dir='ltr'><strong>Romanos</strong></span> <span class='ocrx_word' id='word_1_889' title='bbox 3025 5551 3248 5609; x_wconf 79' lang='lat' dir='ltr'><strong>obtinere</strong></span> <span class='ocrx_word' id='word_1_890' title='bbox 3273 5557 3493 5626; x_wconf 71' lang='lat' dir='ltr'><strong>potuisse</strong></span> <span class='ocrx_word' id='word_1_891' title='bbox 3519 5557 3592 5610; x_wconf 83' lang='lat' dir='ltr'><strong>vel</strong></span> <span class='ocrx_word' id='word_1_892' title='bbox 3612 5576 3762 5613; x_wconf 81' lang='lat' dir='ltr'><strong>aram</strong></span> 
     </span>
    </p>
   </div>
   <div class='ocr_carea' id='block_1_123' title="bbox 2166 5635 3768 5713">
    <p class='ocr_par' dir='ltr' id='par_1_123' title="bbox 2166 5635 3768 5713">
     <span class='ocr_line' id='line_1_129' title="bbox 2166 5635 3768 5713; baseline 0.011 -26"><span class='ocrx_word' id='word_1_893' title='bbox 2166 5649 2321 5688; x_wconf 86' lang='lat' dir='ltr'><strong>unam</strong></span> <span class='ocrx_word' id='word_1_894' title='bbox 2351 5635 2546 5705; x_wconf 81' lang='lat' dir='ltr'><strong>erigere</strong></span> <span class='ocrx_word' id='word_1_895' title='bbox 2599 5635 2862 5709; x_wconf 68' lang='lat' dir='ltr'><strong>Victoriae,</strong></span> <span class='ocrx_word' id='word_1_896' title='bbox 2905 5650 2961 5693; x_wconf 87' lang='lat' dir='ltr'><strong>ut</strong></span> <span class='ocrx_word' id='word_1_897' title='bbox 3007 5643 3292 5713; x_wconf 79' lang='lat' dir='ltr'><strong>plurimum</strong></span> <span class='ocrx_word' id='word_1_898' title='bbox 3339 5649 3406 5701; x_wconf 85' lang='lat' dir='ltr'><strong>ad</strong></span> <span class='ocrx_word' id='word_1_899' title='bbox 3443 5645 3768 5708; x_wconf 65' lang='lat' dir='ltr'><strong>Valentinia-</strong></span> 
     </span>
    </p>
   </div>
   <div class='ocr_carea' id='block_1_124' title="bbox 2166 5723 3782 5821">
    <p class='ocr_par' dir='ltr' id='par_1_124' title="bbox 2166 5723 3782 5821">
     <span class='ocr_line' id='line_1_130' title="bbox 2166 5723 3782 5821; baseline 0.01 -39"><span class='ocrx_word' id='word_1_900' title='bbox 2166 5745 2288 5783; x_wconf 86' lang='lat' dir='ltr'><strong>num</strong></span> <span class='ocrx_word' id='word_1_901' title='bbox 2307 5728 2477 5783; x_wconf 86' lang='lat' dir='ltr'><strong>scribit</strong></span> <span class='ocrx_word' id='word_1_902' title='bbox 2505 5723 2820 5800; x_wconf 83' lang='lat' dir='ltr'><strong>Ambrosius,</strong></span> <span class='ocrx_word' id='word_1_903' title='bbox 2851 5746 2898 5790; x_wconf 86' lang='lat' dir='ltr'><strong>ct</strong></span> <span class='ocrx_word' id='word_1_904' title='bbox 2924 5735 3162 5790; x_wconf 80' lang='lat' dir='ltr'><strong>adversus</strong></span> <span class='ocrx_word' id='word_1_905' title='bbox 3191 5740 3557 5810; x_wconf 79' lang='lat' dir='ltr'><strong>Symmachum</strong></span> <span class='ocrx_word' id='word_1_906' title='bbox 3588 5737 3782 5821; x_wconf 78' lang='lat' dir='ltr'><strong>dispit-</strong></span> 
     </span>
    </p>
   </div>
  </div>
