4242 6168
468 274 536 327 5:;
1872 271 2408 340 PROLEGOMENA.
2871 328 2876 332 .
3709 250 3775 332 si.

469 397 562 442 tat.
612 389 682 443 At
717 402 1041 460 quamquam
1098 386 1198 442 sub
1233 386 1594 442 Constantino
1644 397 1698 441 et
1749 386 2072 443 Constantio
2101 392 2366 450 Aorator
2416 391 2662 447 oratione
2701 392 2733 445 5
2788 401 2912 448 ante
2955 393 3129 464 ipsum
3184 393 3466 449 Jovianum
3532 396 3774 463 recitata,

471 479 672 552 templa
708 481 919 552 aperire
948 496 1012 536 ac
1052 481 1362 537 sacriﬁcare
1406 496 1513 537 non
1551 481 1795 549 licuerit,
1821 492 1942 554 post
1971 481 2070 539 Ju-

475 574 679 630 lianum
704 583 904 638 tamen,
939 574 1028 644 qui
1069 573 1302 630 ethnicae
1331 575 1731 644 superstitionis
1763 576 1966 630 cultum
2015 575 2067 630 in

475 668 744 734 integrum
790 667 1044 722 restituit.
1079 667 1146 722 ad
1191 667 1438 738 Magnum
1471 668 1837 723 Theodosium
1876 677 1929 722 et
1960 668 2070 724 Va-

470 761 824 816 lentinianum
851 758 1132 817 Juniorem
1177 776 1367 832 usque.
1409 763 1500 834 qui
1542 779 1758 818 onmem
1791 762 2068 818 ethnicum

467 855 668 911 cultum
701 854 895 908 iterum
927 852 1217 921 sustulere,
1244 843 1350 909 n'on
1378 854 1472 909 ita.
1501 853 1579 910 Ne
1608 863 1788 911 autem
1817 863 2071 911 moveant

470 959 591 1016 quae
618 945 686 999 de
720 943 974 1000 Victoriae
996 959 1089 998 ara
1119 959 1188 1000 ex
1219 944 1505 1000 Ambrosio
1535 953 1591 1001 et
1615 945 1942 1018 Symmacho
1968 946 2070 1001 Ba-

473 1040 689 1095 rouium
737 1048 1050 1103 moverunt,
1080 1039 1168 1094 vel
1195 1054 1317 1111 qua:
1343 1038 1522 1095 aﬁ'erri
1561 1040 1722 1094 etiam
1753 1049 1976 1110 possent
2000 1055 2068 1094 ex

469 1133 699 1188 Socrate
723 1143 778 1186 et
808 1131 1176 1196 Theodoreto,
1199 1146 1430 1201 quorum
1461 1132 1596 1186 alter
1625 1131 1719 1186 lib.
1749 1146 1805 1185 ιιι
1832 1129 2066 1200 οειρλλι,

467 1225 604 1280 alter
626 1239 756 1280 vero
784 1223 878 1278 lib.
904 1240 934 1277 v
952 1238 1070 1292 cap.
1096 1223 1167 1277 ΞΟ
1197 1221 1360 1288 Hist.,
1377 1221 1603 1277 Joviano
1623 1222 1823 1277 Juliani
1852 1236 2072 1276 succes-

470 1333 596 1374 sore
640 1320 942 1385 imperante
973 1319 1169 1385 templa
1213 1313 1413 1385 ubique
1446 1315 1665 1370 occlusa
1693 1315 1899 1369 diserte
1937 1314 2071 1369 scri-

471 1412 649 1466 bunt:
687 1411 824 1465 hanc
858 1408 1307 1479 propositionem,
1361 1424 1464 1478 qua
1511 1408 1689 1463 adhuc
1727 1417 1846 1476 post
1869 1407 2068 1463 Juliaui

473 1513 702 1560 mortem
736 1503 1012 1558 ethuicum
1065 1502 1270 1557 cultum
1300 1501 1612 1568 aliquandiu
1643 1501 1860 1557 licuisse
1881 1508 2067 1555 contra

469 1594 688 1652 Baronii
733 1594 1060 1667 hypotltesin
1104 1593 1518 1659 afﬁrmavimus,
1563 1592 1866 1648 luculenter
1913 1591 2069 1646 nobis

468 1688 812 1745 statuendam
831 1688 1202 1758 intelligimus,
1229 1702 1351 1744 cum
1376 1687 1677 1758 prtesertim
1705 1684 1902 1744 exinde
1925 1687 2068 1740 Auc-

2179 481 2337 554 paulo
2391 494 2679 554 antequam
2711 485 2756 541 is
2782 501 2813 542 e
2841 486 2975 541 vivis
3001 487 3308 556 excederet,
3337 487 3477 544 hanc
3499 489 3640 544 inter
3659 490 3778 559 ejus

2177 575 2364 630 laudes
2396 577 2567 645 ponit,
2628 577 2772 648 quod
2799 579 2972 648 legem
3006 581 3426 651 promulgaverit
3456 582 3507 635 in
3539 597 3640 652 qua
3668 585 3780 638 cui-

2175 684 2280 737 que
2319 669 2618 739 religionis.
2650 685 2770 740 qoa:
2796 670 2968 740 magis
3000 671 3254 740 placeret,
3291 671 3599 730 facultatem
3637 674 3778 732 fece-

2176 759 2269 824 rit,
2307 770 2362 815 et
2393 761 2513 815 unis
2557 761 2778 832 magicis
2824 762 3017 825 sacris,
3065 778 3184 833 quae
3237 766 3498 820 malelicia
3533 769 3779 824 contine-

2176 851 2323 912 bant,
2357 851 2681 917 interdictis,
2727 862 2920 907 caetera
2958 855 3222 911 sacriﬁcia
3273 872 3612 928 nequaquam
3650 873 3775 929 pro-

2177 942 2429 1000 hibuerit.
2466 945 2638 1014 Quam
2681 947 3008 1003 sententiam
3060 950 3257 1019 repetit
3304 951 3444 1008 idem
3491 953 3776 1022 Socrates,

2173 1053 2332 1106 quem
2381 1039 2578 1107 templa
2626 1039 2728 1093 sub
2757 1038 2985 1094 Joviano
3028 1041 3209 1096 clausa
3253 1053 3536 1099 testantem
3569 1045 3780 1101 audivi-

2177 1147 2336 1198 mus;
2367 1142 2421 1186 et
2453 1131 2590 1187 hanc
2613 1131 2880 1187 rationem
2930 1143 3188 1202 praeterea
3231 1134 3405 1199 affert,
3435 1151 3556 1191 nam
3593 1137 3775 1193 Jovia-

2175 1237 2278 1277 nus
2307 1222 2399 1277 lib.
2429 1239 2510 1288 ιιι,
2555 1237 2673 1292 cap.
2702 1223 2792 1288 25,
2838 1225 2892 1278 id
2922 1225 3019 1278 sibi
3047 1239 3403 1299 praposuerat.
3435 1238 3492 1283 ut
3519 1230 3774 1285 dissiden-

2173 1316 2303 1368 tium
2325 1317 2507 1388 jurgia
2539 1316 2802 1370 blanditiis
2831 1327 2874 1371 et
2913 1318 3014 1372 leni
3037 1321 3305 1372 verborum
3335 1321 3666 1390 persuasione
3687 1338 3778 1376 ex-

2172 1407 2449 1476 stingueret
2479 1422 2498 1460 :
2524 1407 2787 1478 aiebatque
2830 1424 2884 1463 se
2915 1411 3102 1463 nemini
3125 1411 3355 1475 omnino,
3383 1413 3767 1483 qualiscumque

2172 1497 2295 1567 ﬁdei
2318 1508 2466 1565 esset,
2497 1501 2781 1554 molestiam
2810 1501 3173 1556 exhibiturum.

2244 1590 2404 1644 Anno
2432 1590 2674 1645 nondum
2717 1592 2935 1647 evoluto
2963 1592 3220 1648 Jovianus
3254 1593 3397 1650 diem
3425 1594 3580 1663 obiit,
3611 1595 3771 1667 eique

2174 1681 2582 1737 Valentinianus
2607 1682 2890 1751 suffectus,
2919 1686 3011 1756 qui
3036 1686 3321 1741 Valentem
3353 1685 3576 1742 fratrem
3610 1688 3778 1758 impe-

471 1785 602 1839 toris
651 1793 864 1840 tetatem
913 1782 1243 1838 certioribus
1286 1781 1549 1836 limitibus
1620 1780 2068 1836 circumscribere
2099 1778 2148 1838 B
2175 1774 2237 1828 rii
2259 1773 2512 1829 comitem
2536 1777 2968 1846 assumpsit.llle
2990 1787 3168 1832 autem
3195 1788 3332 1834 teste
3351 1779 3678 1836 Zosimolib.
3701 1798 3776 1850 tv,

465 1880 698 1934 maxime
726 1877 978 1949 pendeat.
1010 1876 1068 1932 ld
1105 1885 1282 1931 autem
1328 1883 1386 1930 ut
1412 1881 1704 1938 statuatur,
1732 1872 1994 1943 quidquid
2035 1888 2064 1926 a

466 1970 661 2028 Juliani
685 1981 861 2025 morte
889 1968 957 2022 ad
987 1967 1241 2038 Magnum
1272 1965 1639 2021 Theodosium
1665 1963 1735 2018 de
1760 1964 1978 2034 templis
2004 1979 2068 2020 ac

469 2060 754 2117 sacriﬁciis
782 2058 1059 2116 decretum
1094 2066 1199 2124 est,
1234 2055 1422 2127 paucis
1451 2053 1708 2124 colligere
1733 2063 1788 2109 et
1815 2054 2063 2109 animad-

467 2163 682 2210 vertere
711 2159 1010 2236 eporgret.

547 2244 683 2318 [Liv]
713 2245 979 2301 Iovianus
1027 2242 1264 2312 optimus
1283 2239 1617 2296 christianos
1639 2241 1820 2297 statim
1851 2255 1914 2295 ac
1941 2249 2068 2312 post

466 2337 738 2394 lulianum
760 2336 1058 2406 imperator
1084 2333 1427 2408 renuntiatus
1446 2332 1698 2400 luit,cnm
1723 2333 2065 2403 experimento

467 2429 750 2494 didicisset,
799 2427 974 2498 inquit
998 2425 1332 2482 Sozomenus
1363 2426 1401 2480 l.
1433 2440 1484 2480 vt
1531 2439 1651 2496 cap.
1686 2427 1740 2489 3,
1772 2425 1851 2478 ira
1872 2423 1968 2477 Dei
2003 2424 2066 2477 ob

466 2523 746 2577 decessoris
772 2521 852 2576 sui
880 2521 1196 2590 impietatem
1223 2520 1448 2574 invectas
1475 2534 1584 2574 esse
1623 2518 1941 2572 calamitates
1967 2517 2066 2570 int-

469 2617 614 2685 perio
645 2615 906 2680 Romano,
936 2613 1068 2667 nihil
1086 2623 1360 2667 cunctatus
1385 2613 1593 2680 scripsit
1616 2612 1897 2666 rectoribus
1929 2609 2063 2664 Pro-

465 2711 774 2775 vinciarum,
807 2717 862 2762 ut
890 2709 945 2761 in
973 2709 1217 2763 ecclesias
1246 2711 1590 2775 convenirent,
1623 2717 1671 2762 et
1710 2709 1938 2762 divinum
1968 2725 2066 2763 nu-

465 2819 582 2857 men
625 2802 850 2857 studiose
893 2801 1138 2867 colerent,
1180 2800 1443 2870 solamque
1471 2799 1884 2855 Christianorum
1910 2803 2066 2870 ﬁdem

467 2893 721 2947 Romanis
750 2908 858 2946 esse
883 2895 1241 2946 venerandam.
1277 2889 1410 2946 Cum
1459 2892 1562 2947 hoc
1589 2891 1878 2948 Sozomeni
1909 2895 2063 2950 testi-

472 2985 658 3042 monio
688 2985 948 3050 concinit,
981 2985 1126 3055 quod
1172 2986 1223 3039 iu
1254 2983 1489 3040 Historia
1526 2985 1593 3040 ad
1616 2985 1968 3041 Athanasium
2001 3002 2065 3043 ac

470 3095 560 3136 res
581 3078 977 3135 Alexandrinas
1004 3079 1308 3149 pertinente
1325 3085 1380 3133 et
1399 3088 1598 3150 quarto
1623 3080 1822 3134 saeculo
1838 3079 2061 3150 scripta,

2169 1883 2290 1940 cap.
2323 1872 2377 1929 5,
2409 1869 2560 1924 initio
2594 1871 2802 1941 imperii
2830 1874 2912 1927 sui
2933 1885 3182 1928 nocturna
3206 1891 3353 1929 sacra
3375 1877 3485 1945 ﬁeri
3516 1875 3776 1942 prohibuit

2170 1961 2251 2032 (ut
2269 1977 2401 2016 sane
2425 1961 2620 2018 factum
2645 1965 2892 2020 videmus
2917 1967 3089 2035 primo
3111 1967 3319 2037 imperii
3339 1967 3454 2038 ejus
3478 1983 3621 2023 anno
3643 1967 3771 2036 364,

2171 2052 2290 2123 lege
2321 2055 2353 2109 7
2392 2054 2456 2108 de
2487 2053 2740 2125 Maleﬁcis
2766 2069 2813 2110 et
2844 2056 3222 2114 Mathematicis
3251 2059 3388 2115 Cod.
3420 2060 3688 2132 Theod.),
3723 2071 3778 2117 at

2169 2146 2421 2202 hortante
2451 2146 2780 2204 Praetextato
2816 2154 2993 2223 peragi
3039 2169 3098 2206 ea
3143 2155 3259 2219 rite,
3292 2155 3338 2208 vi
3359 2155 3486 2227 legis
3529 2173 3637 2212 sate
3665 2174 3776 2213 ces-

2170 2249 2335 2307 sante,
2366 2243 2598 2312 permisit
2613 2259 2634 2297 .'
2669 2243 2742 2297 ita
2773 2254 2936 2299 tamen
2967 2255 3024 2298 ttt
3069 2247 3242 2300 omnia
3266 2249 3544 2304 secundum
3584 2253 3777 2322 patrias

2169 2333 2584 2397 consuetudines,
2612 2335 2791 2404 quales
2827 2335 2889 2390 ab
2933 2337 3081 2393 initio
3115 2339 3353 2410 fuissent,
3388 2343 3774 2412 perﬁcerentur.

2169 2425 2429 2496 Equidem
2473 2427 2722 2483 Socrates
2767 2429 2870 2488 lib;
2914 2445 2986 2494 tv,
3010 2445 3129 2499 cap.
3183 2431 3276 2496 29,
3327 2432 3768 2490 Valentinianum

2170 2516 2302 2570 nulli
2345 2527 2516 2585 sectte,
2559 2535 2650 2572 nec
2689 2520 2926 2593 religioni
2959 2522 3246 2576 molestiam
3280 2525 3566 2581 exhibuisse
3593 2527 3772 2596 prodi-

2168 2605 2268 2661 dit.
2314 2607 2458 2663 ldem
2507 2609 2670 2665 tradit
2702 2612 3014 2680 expressius
3043 2625 3349 2670 eoaetaneus
3400 2617 3771 2674 Valentiniano

2170 2700 2404 2769 scriptor
2421 2702 2738 2757 Ammianus
2758 2702 3098 2760 Marcellinus
3120 2707 3213 2760 lib.
3245 2723 3370 2773 xxx,
3397 2723 3515 2778 cap.
3535 2709 3569 2764 9
3595 2727 3606 2763 :
3639 2709 3774 2765 Pos-

2169 2800 2329 2845 tremo
2369 2793 2464 2846 hoc
2491 2794 2838 2850 modet’amine
2867 2797 3184 2868 principatus
3229 2798 3494 2866 inclaruit,
3524 2801 3664 2871 quod
3687 2802 3768 2855 in-

2167 2891 2244 2937 ter
2269 2885 2574 2957 religionum
2597 2887 2914 2942 diversitates
2943 2889 3140 2943 medius
3170 2891 3324 2954 stetit,
3357 2907 3446 2945 nec
3465 2909 3768 2963 quemquam

2166 2974 2484 3042 inquietavit,
2516 2993 2674 3044 neque
2693 2990 2745 3032 ut
2776 2979 2872 3033 hoc
2896 2981 3148 3035 coleretur
3165 2985 3454 3051 imperavit,
3479 2994 3567 3038 aut
3593 2986 3726 3040 illud
3754 3002 3773 3041 :

2168 3082 2258 3120 nec
2291 3067 2578 3122 interdictis
2619 3070 2903 3126 ntinacibus
2955 3073 3299 3144 subjectorum
3337 3077 3582 3131 cervicem
3609 3078 3678 3131 ad
3717 3079 3774 3134 id

473 3187 632 3244 quam
665 3187 696 3227 e
723 3187 828 3226 ms.
851 3169 1082 3242 Capituli
1107 3170 1438 3227 Veronensis
1459 3173 1704 3228 concivis
1733 3181 1919 3228 noster
1939 3172 2061 3227 Mal-

2167 3161 2304 3231 quod
2340 3161 2452 3230 ipse
2497 3161 2682 3228 coluit,
2713 3164 3016 3230 inclinabat,
3059 3165 3149 3219 sed
3193 3167 3524 3222 intemeratas
3569 3169 3773 3239 reliquit

473 3265 608 3321 l‘eius
661 3264 954 3333 publicavit
1000 3274 1131 3317 tom.
1165 3279 1222 3318 ιιι
1251 3264 1535 3319 Observat.
1565 3263 1782 3330 Litter.,
1808 3279 1956 3318 num.
2005 3263 2062 3331 8,

473 3371 594 3428 pag.
625 3355 716 3420 71,
761 3356 830 3412 de
877 3355 982 3410 hoc
1020 3355 1210 3410 eodem
1243 3353 1670 3412 Joviani'edicto
1717 3356 1944 3411 traditur
1979 3356 2064 3413 his

466 3449 688 3505 verbis:
715 3447 967 3519 Sequente
990 3464 1162 3502 mense
1189 3446 1323 3502 Toth
1347 3463 1507 3511 -ινιιι,
1532 3449 1583 3503 id
1604 3456 1689 3503 est
1713 3448 1801 3503 die
1831 3449 1901 3504 14
1929 3463 2059 3520 sep-

471 3539 698 3597 tembris
727 3556 815 3593 au.
860 3538 986 3604 365,
1019 3542 1348 3610 imperatoris
1392 3537 1602 3595 Ioviani
1630 3541 1814 3596 littera:
1845 3540 2065 3596 advene-

465 3645 586 3691 runt
616 3635 684 3689 ad
728 3633 1009 3706 Olympum
1035 3637 1354 3705 praefectum,
1387 3645 1440 3688 ut
1468 3644 1665 3688 tantum
1710 3633 1852 3689 Deus
1897 3636 2062 3689 excel-

465 3743 554 3783 sus
591 3727 788 3781 colatur
813 3736 858 3780 et
890 3723 1143 3790 Christus,
1186 3735 1233 3779 et
1265 3736 1321 3780 ut
1346 3726 1399 3780 in
1439 3726 1662 3780 ecclesiis
1692 3727 1989 3798 colligentes
2011 3745 2066 3783 se

465 3819 645 3890 populi
672 3818 924 3872 celebrent
949 3817 1270 3889 religionem.
1293 3817 1387 3874 Hae
1400 3828 1578 3873 autem
1606 3818 1816 3874 Joviani
1845 3819 2059 3886 litteras,

464 3914 566 3969 etsi
601 3927 699 3983 pro
725 3911 1048 3968 Chrisﬁanis
1087 3911 1251 3977 datae,
1300 3927 1407 3966 non
1455 3922 1634 3966 tamen
1676 3912 1759 3967 lex
1803 3911 2063 3968 adversus

462 4019 704 4075 paganos
747 4003 892 4061 edita
938 4004 1045 4060 dici
1093 4015 1339 4074 possunt,
1384 4003 1530 4060 unde
1569 4003 1703 4058 nihil
1749 4020 1816 4059 ex
1864 4003 1967 4058 illis
2009 4006 2061 4058 in

465 4096 906 4153 Tlteodosiauum
937 4097 1181 4152 codicem
1228 4097 1384 4151 titulo
1425 4096 1494 4152 de
1526 4094 1756 4167 Paganis
1798 4097 2060 4151 insertum

461 4190 584 4246 luit.
617 4189 688 4244 At
710 4191 1056 4260 imperatoris
1086 4201 1267 4246 mente
1310 4191 1442 4245 satis
1475 4189 1600 4244 hinc
1624 4191 1858 4261 cognita,
1887 4205 2060 4261 quan-

465 4293 577 4340 tum
607 4285 817 4340 scilicet
840 4284 1152 4340 christiante
1181 4286 1280 4339 soli
1313 4283 1438 4340 ﬁdei
1479 4283 1739 4339 adversus
1772 4283 2050 4338 ethniCum

459 4378 662 4434 cultum
693 4377 954 4444 deferret,
986 4377 1102 4433 ﬁeri
1130 4377 1320 4448 potuit,
1351 4387 1405 4432 ut
1431 4377 1662 4449 gentiles
1687 4377 1972 4432 adversum
2001 4393 2061 4434 se

459 4469 607 4538 leges
631 4469 922 4524 abeodem
955 4470 1280 4539 imperatore
1302 4470 1451 4524 brevi
1483 4469 1754 4546 ferendas,
1787 4470 1874 4525 vel
1904 4479 2057 4525 vele-

2168 3249 2263 3304 has
2304 3262 2496 3322 partes,
2542 3263 2598 3306 ut
2636 3255 2846 3322 reperit.
2890 3254 3027 3323 Quin
3059 3257 3172 3325 ipse
3211 3272 3424 3327 quoque
3472 3259 3769 3330 imperator

2171 3342 2232 3396 L.
2266 3342 2298 3398 9
2325 3343 2456 3399 Cod.
2484 3343 2689 3400 Tlteod.
2717 3346 2781 3400 de
2799 3345 2982 3419 Malef.
3010 3357 3058 3402 et
3077 3349 3360 3404 Mathem.:
3391 3352 3769 3424 Aruspicinam,

2169 3437 2359 3508 inquit,
2410 3455 2501 3510 ego
2531 3441 2725 3493 nullam
2754 3457 2870 3496 cum
2910 3442 3281 3512 maleﬁciorum
3327 3447 3523 3499 caussis
3564 3445 3769 3512 habere,

2167 3532 2482 3586 consortium
2500 3533 2683 3604 judico
2715 3550 2734 3587 :
2763 3549 2923 3604 neque
2968 3537 3156 3604 ipsam,
3203 3545 3294 3589 aut
3327 3535 3484 3590 aliam
3516 3548 3763 3608 praeterea

2168 3641 2466 3680 concessam
2507 3644 2538 3681 a
2577 3628 2863 3700 majoribus
2891 3630 3187 3699 religionem
3229 3646 3388 3702 genus
3417 3647 3525 3685 esse
3550 3630 3772 3685 arbitror

2168 3719 2416 3774 criminis.
2454 3719 2623 3774 Testes
2651 3731 2768 3775 sunt
2800 3722 2935 3792 leges
2963 3739 2997 3775 a
3025 3738 3105 3774 me
3126 3723 3179 3775 in
3201 3724 3413 3776 exordio
3443 3724 3647 3793 imperii
3672 3726 3770 3778 mei

2167 3811 2338 3878 datte,
2376 3812 2558 3882 quibus
2597 3814 2900 3884 unicuique,
2931 3815 3070 3884 quod
3118 3816 3290 3868 animo
3317 3815 3629 3880 imbibisset,
3683 3833 3769 3872 co-

2167 3902 2307 3956 lendi
2337 3903 2494 3958 libera
2524 3904 2748 3974 facultas
2775 3906 2965 3959 tributa
2984 3914 3079 3959 est.
3111 3904 3247 3961 Hinc
3271 3907 3518 3962 laudatur
3547 3924 3576 3960 a
3609 3907 3765 3978 Sym-

2167 3994 2361 4049 macho
2401 3997 2590 4066 gentili
2641 3997 2858 4052 homine
2904 3999 2957 4053 iu
2995 3997 3171 4053 Relat.
3214 3997 3280 4054 ad
3332 3999 3762 4057 Valentinianum

2165 4085 2466 4154 Juniorem,
2499 4104 2649 4143 num.
2685 4091 2718 4145 5
2742 4099 2797 4144 et
2824 4091 2908 4156 l7,
2951 4101 3004 4145 cl
3032 4091 3092 4148 S.
3123 4090 3443 4148 AmbrOsius
3482 4095 3641 4164 epist.
3674 4096 3762 4159 l7,

2165 4195 2314 4234 num.
2348 4179 2435 4244 l6,
2468 4179 2846 4236 Valentiniano
2877 4183 3081 4238 seniori
3111 4183 3380 4254 objectum
3411 4184 3596 4250 refert,
3621 4187 3764 4255 quod

2167 4271 2451 4327 Gentilibus
2474 4273 2848 4328 conniventiam
2869 4276 3225 4347 praestitisset;
3246 4287 3302 4330 et
3328 4277 3378 4330 in
3405 4290 3495 4346 ep.
3522 4277 3590 4332 18
3606 4277 3764 4347 Sym-

2164 4364 2340 4420 machi
2365 4365 2686 4422 relationem
2715 4368 2988 4434 refellens,
3023 4384 3124 4439 qua
3153 4369 3363 4425 Juniori
3388 4370 3765 4426 Valentiniano

2164 4459 2626 4527 pra-decessurum
2662 4462 3062 4517 conniventiam
3114 4463 3426 4519 imitandam
3469 4480 3764 4535 preposue-

456 4577 547 4619 res
576 4563 935 4617 restituendas
984 4563 1241 4618 timerent
1269 4570 1358 4618 :et
1411 4563 1537 4618 hinc
1581 4562 1717 4617 forte
1755 4563 1955 4626 evenit,
2000 4570 2058 4616 ut

2167 4561 2244 4606 rat
2274 4571 2287 4607 :
2323 4553 2385 4609 Si
2404 4555 2560 4622 enim,
2592 4556 2762 4625 inquit
2792 4571 2846 4609 ιι.
2875 4554 2966 4619 39,
2999 4572 3092 4625 pro
3120 4557 3226 4610 suis
3245 4558 3513 4612 dumtaxat
3538 4559 3767 4628 partibus

458 4655 636 4711 eodem
688 4664 914 4726 tempore
977 4655 1153 4725 (quod
1209 4653 1377 4710 tradit
1450 4655 1705 4710 Socrates
1763 4653 1902 4708 libro
1963 4669 2049 4718 ιιι,

458 4763 578 4819 cap.
609 4745 703 4817 24)
741 4757 924 4800 cuncta
968 4747 1235 4818 gentilium
1273 4747 1463 4814 templa
1503 4737 1685 4815 ubique
1724 4745 2053 4800 occluderen-

459 4847 544 4892 tur
571 4855 590 4892 :
615 4839 812 4907 ipsique
852 4839 1144 4892 dwmonunt
1181 4839 1471 4893 sacerdotes
1507 4836 1661 4890 variis
1705 4839 1756 4890 in
1790 4838 1938 4902 locis,
1969 4837 2053 4892 ubi

458 4931 670 5001 quisque
697 4939 916 5000 poterat,
973 4945 1082 4984 sese
1107 4928 1348 4984 abderent
1402 4926 1569 5000 (quod
1594 4935 1771 4981 tamen
1803 4942 1908 4982 non
1935 4927 2054 4984 sine

458 5025 877 5094 ettaggeratione
915 5023 1092 5093 aliqua
1125 5022 1329 5076 dictum
1367 5022 1635 5091 accipito;
1669 5031 1852 5075 cuncta
1883 5020 2052 5087 enim,

457 5124 513 5171 et
538 5116 724 5186 ubique
747 5114 936 5170 stricte
957 5127 1173 5185 sumpta
1203 5113 1493 5168 falsissima
1515 5122 1661 5177 sunt,
1692 5122 1750 5166 ut
1779 5127 1845 5168 ex
1867 5113 2054 5167 dicen-

454 5207 540 5263 dis
572 5207 819 5281 patebit).
881 5208 1079 5264 Eadem
1116 5223 1330 5278 quoque
1372 5207 1439 5262 de
1485 5221 1646 5262 causa
1681 5195 1878 5262 factum
1907 5205 2057 5261 vide-

453 5307 540 5354 tur
598 5309 656 5356 ut
694 5299 990 5356 Christiani
1041 5301 1094 5354 in
1138 5298 1347 5354 honore
1375 5307 1578 5362 essent,
1630 5297 1827 5368 Pagani
1870 5306 2052 5353 autem

453 5395 786 5464 contemptui
815 5391 1008 5457 habiti,
1039 5390 1361 5461 ethnicaque
1415 5391 1612 5459 templa
1645 5389 2050 5456 nonnullorum,

455 5497 511 5543 ut
540 5487 847 5557 opinamur,
878 5484 1308 5540 Christianorum
1359 5483 1477 5537 zelo
1506 5482 1701 5538 alicubi
1725 5481 2051 5538 'everteren-

449 5587 558 5645 tur,
594 5578 667 5632 uti
698 5576 953 5632 Libauius
992 5585 1131 5630 orat.
1177 5575 1244 5630 12
1288 5576 1564 5630 memoriae
1595 5575 1847 5642 prodidit.
1873 5571 2046 5628 Caste-

448 5687 565 5726 rmn
595 5680 652 5722 ut
679 5671 825 5725 nulla
858 5672 908 5723 in
940 5668 1060 5739 lege
1083 5670 1151 5725 ab
1177 5685 1242 5725 eo
1283 5671 1612 5740 imperatore
1641 5667 1900 5724 adversus
1928 5667 2040 5724 ido-

439 5763 614 5818 lorum
647 5762 793 5820 aedes
817 5765 918 5820 lata
952 5759 1154 5820 factum
1189 5771 1390 5837 pateat,
1425 5762 1754 5822 Themisti‘us
1785 5760 2039 5820 ethnicus

2160 4663 2338 4700 eorum
2386 4648 2851 4703 dissimulationem
2897 4646 3208 4719 Principum
3258 4651 3626 4720 pradicarunt,
3675 4653 3766 4720 qui

2161 4757 2276 4795 cum
2301 4751 2464 4796 essent
2494 4740 2796 4806 Christiani,
2827 4742 3027 4796 decreta
3059 4754 3226 4798 tamen
3257 4746 3525 4816 gentilium
3558 4747 3765 4802 minime

2159 4842 2502 4898 removerunt,
2543 4844 2737 4901 quanto
2767 4836 2930 4907 magis
2978 4840 3144 4890 amori
3173 4837 3322 4892 debes
3349 4839 3620 4907 fraterno?
3661 4839 3766 4894 Va-

2161 4925 2439 4980 lentiniani
2464 4924 2701 4980 iunioris
2728 4925 2894 4981 frater
2917 4929 3002 4981 hic
3021 4929 3321 4998 appellatus
3339 4938 3426 4984 est
3453 4929 3763 4996 Gratianus,

2162 5016 2440 5072 christiani
2488 5031 2666 5071 autem
2702 5016 2812 5089 |'t.v]
2865 5017 3133 5088 principes
3163 5021 3356 5090 plurali
3403 5037 3631 5077 numero
3665 5037 3760 5078 vo-

2162 5109 2288 5173 éztli,
2324 5108 2519 5179 quibus
2556 5109 2841 5176 Occidens,
2873 5110 2941 5166 de
2967 5125 3076 5182 quo
3099 5121 3212 5166 erat
3247 5114 3494 5183 quaestio,
3525 5124 3761 5183 pareret,

2161 5215 2268 5256 nou
2293 5201 2385 5256 alii
2422 5200 2665 5271 profecto
2691 5215 2816 5258 esse
2847 5212 3072 5272 possunt
3121 5219 3282 5272 quam
3317 5203 3573 5259 Iovianus
3603 5215 3765 5277 atque

2159 5292 2574 5349 Valentinianus
2602 5295 2818 5361 Senior,
2870 5295 2962 5367 qui
3005 5295 3220 5365 utrique
3246 5295 3450 5350 decreta
3477 5294 3763 5352 Gentilium

2158 5386 2364 5440 minime
2391 5388 2664 5441 removisse
2692 5385 2999 5447 traduntur,
3031 5384 3393 5457 Gentiumque
3420 5387 3628 5442 cultum
3658 5390 3753 5443 tui-

2160 5479 2304 5534 nime
2347 5478 2754 5544 interdicentes,
2805 5479 3004 5547 templa
3041 5493 3106 5532 ac
3145 5477 3407 5534 sacriﬁcia
3444 5480 3760 5549 permisisse

2156 5572 2570 5628 convincuntur.
2629 5569 2864 5634 Valens,
2918 5571 3006 5625 cui
3061 5585 3091 5624 a
3165 5569 3540 5626 Valentiniano
3593 5571 3758 5628 fratre

2155 5665 2391 5722 Orientis
2419 5666 2701 5735 imperium
2723 5665 2978 5718 tributum
3011 5664 3131 5728 fuit,
3156 5663 3347 5720 iisdem
3376 5664 3558 5720 fratris
3590 5667 3756 5720 vesti-

2149 5761 2252 5834 giis
2298 5758 2493 5814 institit
2530 5758 2595 5815 ad
2645 5757 2861 5830 aliquod
2907 5767 3148 5831 tempus;
3201 5758 3382 5831 quoad
3425 5757 3751 5816 Christianis
