4242 6168
378 239 461 312 si
1149 248 1606 309 DISSERTATIO
1644 253 1684 319 t,
1730 253 1820 310 DE
1860 252 2259 317 SJZENONIS
2290 259 2552 320 ιτιιΛοτ.
2598 263 2689 321 ET
2728 264 3015 325 ETATE.
3083 344 3095 355 ~
3688 273 3757 330 ss

383 368 708 443 praesertim
743 367 1038 424 monachis
1071 365 1426 422 vehementer
1455 367 1792 439 urgentibus,
1821 366 2030 423 sacriﬁ-
2059 373 2116 434 Α
2141 369 2311 429 fuisse
2336 374 2596 443 videtur,
2643 377 2696 433 id
2745 380 2926 449 ipsum
2970 378 3217 437 decrevit
3253 382 3359 456 leg.
3411 385 3471 442 11
3519 384 3764 457 ejusdem

383 465 467 521 cia
501 465 577 520 ita
622 461 887 528 abstulit,
920 471 980 517 ut
1007 475 1115 516 non
1164 470 1345 521 tamen
1377 460 1433 514 in
1481 459 1673 517 eodem
1703 461 1913 516 oriente
1944 461 2030 516 in-

389 558 720 615 tercluserit
743 541 1220 626 penitnstempla,
1252 566 1354 608 nec
1375 551 1828 610 tburiﬁeatiouem
1860 554 2030 610 inter-

391 651 622 708 dixerit.
671 650 816 706 Hinc
861 648 1131 705 Libanius
1172 647 1224 701 in
1274 644 1521 701 oratione
1549 660 1647 717 pro
1674 645 1915 716 Templis
1961 646 2030 703 ad

399 744 783 801 TlteodOsium
835 742 1116 814 Magnum,
1147 739 1241 811 qui
1276 749 1397 809 post
1427 738 1711 795 Valentem
1736 739 1789 794 id
1826 750 2033 809 tempo-

398 837 480 895 ris
518 838 573 892 iu
599 838 728 893 solo
757 837 986 893 Oriente
1018 832 1346 903 imperabat,
1386 846 1506 903 pag.
1533 832 1663 899 475,
1689 834 1830 888 inter
1851 833 2028 903 Opera

398 933 622 988 minora
644 931 844 987 Jacobi
870 928 1192 987 Gotltolredi
1226 944 1241 983 :
1269 926 1486 983 Juliano
1515 938 1717 984 mortuo
1735 930 1874 1001 apud
1897 928 2030 985 Per-

399 1040 515 1091 sas;
552 1024 813 1093 inquit...
851 1022 1041 1078 mansit
1085 1030 1224 1076 certe
1247 1019 1621 1088 sacrificiorum
1650 1037 1774 1076 usus
1812 1023 1883 1076 ad
1905 1030 2031 1077 tem-

397 1133 500 1188 pus
527 1116 772 1186 aliquod.
821 1113 1175 1170 Nooaloribus
1219 1120 1393 1167 autent
1418 1113 1725 1182 quibusdam
1754 1116 1966 1181 exortis,
1996 1133 2030 1171 a

399 1210 614 1265 duobus
662 1209 905 1279 equidem
951 1207 1200 1278 fratribus
1247 1206 1500 1277 (Valente
1542 1214 1597 1261 et
1623 1206 2027 1281 Valentiniano)

336 1334 347 1347 .
402 1301 707 1372 prohibitus
754 1300 857 1372 fuit
877 1340 892 1366 ,
924 1308 979 1352 at
1009 1315 1114 1353 non
1143 1307 1189 1353 et
1218 1297 1532 1363 thuriﬁcatio
1556 1314 1574 1351 :
1618 1300 1746 1369 quin
1791 1298 1930 1357 hanc
1958 1301 2028 1357 ab

399 1396 529 1465 ipso
557 1410 782 1466 quoque
818 1392 1132 1449 Theodosio
1163 1391 1282 1461 lege
1322 1392 1586 1445 ﬁrmatam
1615 1393 1817 1448 subdit.
1868 1395 2027 1467 Equi-

398 1488 534 1543 dem
560 1487 617 1542 in
639 1486 871 1545 Oriente
897 1486 1122 1541 ineunte
1143 1480 1434 1538 Theodosii
1460 1483 1691 1555 imperio
1713 1486 1916 1542 Gentes
1937 1488 2027 1542 ad-

398 1580 582 1636 adhuc
628 1580 934 1652 facultatem
974 1576 1230 1632 habebant
1276 1576 1501 1631 adeundi
1552 1581 1697 1649 fana,
1746 1582 2027 1653 patriisque

398 1674 594 1728 ritibus
622 1672 844 1727 numina
865 1670 1111 1742 placandi
1138 1669 1357 1724 Zosimo
1382 1675 1521 1725 teste
1550 1670 1641 1727 lib.
1676 1689 1748 1740 tv,
1775 1690 1896 1746 cap.
1916 1661 2020 1745 29“,

2137 463 2311 534 tituli,
2358 482 2497 539 quas
2534 477 2789 541 utrasque
2819 472 2876 527 in
2921 471 3310 531 'l‘lteodosiano
3346 475 3551 536 Codice
3584 480 3765 550 legere

2135 559 2365 627 poteris.
2411 559 2504 615 Hae
2547 577 2711 633 porro
2756 563 2910 635 leges
2961 579 3115 622 anno
3157 570 3448 635 sequenti.
3493 585 3617 627 cum
3649 570 3763 642 jam

2134 649 2363 706 obiisset
2393 650 2808 708 Valentinianus
2846 654 3079 719 Junior.
3108 673 3139 712 a
3183 657 3492 717 Theodosio
3536 663 3759 719 univer-

2135 759 2255 800 sum
2281 744 2593 800 Romanum
2624 747 2919 817 imperium
2945 750 3265 809 moderante
3284 754 3620 811 conﬁrmatae
3647 757 3762 813 lue-

2134 839 2589 929 runt..novisque
2617 854 2681 895 ac
2704 843 3085 899 severissimis
3122 847 3298 917 poenis
3324 858 3497 905 aucta:
3522 867 3536 905 :
3566 850 3763 921 quibus

2132 945 2296 985 nemo
2328 929 2603 985 idolorum
2636 930 2783 988 :edes
2819 934 2946 989 sive
2977 936 3030 989 itt
3065 936 3325 1006 urbibus,
3359 940 3479 997 sive
3520 941 3573 996 in
3615 945 3764 1013 pagis

2129 1025 2375 1096 ingredi,
2406 1024 2791 1093 sacriﬁcioque
2817 1027 3026 1086 oﬁ‘erre
3055 1046 3216 1087 nemo
3244 1018 3313 1090 ne
3333 1033 3385 1089 in
3419 1035 3614 1092 itinere
3640 1038 3761 1108 qui-

2129 1119 2252 1173 dem
2283 1126 2522 1189 poterat.
2557 1117 2689 1186 Quae
2716 1118 2873 1190 leges
2912 1137 3037 1178 cum
3057 1124 3257 1181 alicubi
3283 1143 3390 1182 non
3412 1129 3638 1185 omnino
3665 1129 3764 1185 ob-

2130 1220 2487 1269 servarentur
2517 1212 2692 1284 (utin
2724 1213 3062 1283 quibusdam
3096 1219 3295 1275 Africa:
3326 1224 3477 1294 pagis
3506 1226 3760 1280 remotis-

2129 1305 2283 1361 simis
2313 1305 2534 1370 evenit,
2571 1303 2623 1358 in
2658 1306 2866 1374 quibus
2898 1312 3165 1367 sacriﬁcia
3192 1314 3465 1372 celebrata
3497 1317 3665 1389 liquet
3694 1335 3760 1374 ex

2131 1398 2436 1469 Augustino
2466 1404 2525 1449 et
2542 1410 2669 1457 can.
2699 1398 2734 1452 3
2764 1402 2991 1456 concilii
3019 1401 3466 1477 Carthaginensis
3488 1425 3580 1464 an.
3608 1410 3706 1465 401
3738 1408 3758 1481 )

2129 1503 2285 1544 nova:
2313 1489 2469 1559 leges
2499 1487 2664 1543 editae
2690 1490 2934 1549 subinde
2964 1497 3314 1556 inveniuntur
3333 1541 3350 1567 ,
3378 1501 3575 1573 quibus
3605 1517 3764 1574 pago-

2128 1596 2247 1637 rum
2298 1582 2420 1636 fana
2466 1580 2640 1637 deleri
2681 1580 2904 1651 jussum
2938 1587 3072 1655 luit,
3114 1590 3182 1645 de
3225 1593 3422 1663 quibus
3462 1595 3583 1652 vide
3623 1594 3761 1652 Cod.

2126 1675 2335 1732 Tlteod.
2370 1674 2457 1729 tit.
2495 1673 2560 1727 de
2595 1671 2856 1745 Paganis.
2900 1680 3027 1737 Haec
3046 1682 3114 1739 de
3141 1686 3484 1743 ethnicorum
3528 1689 3759 1761 templo-

400 1780 517 1837 quo
540 1764 893 1834 spectaus‘in
932 1763 1179 1818 oratione
1225 1770 1519 1816 memorata
1541 1762 1814 1834 Libanius,
1840 1768 2019 1825 Theo-
2053 1772 2102 1832 B
2126 1786 2246 1825 rum
2276 1767 2796 1839 sacriﬁciorumque
2830 1773 2945 1831 lato
2975 1776 3090 1834 fuse
3114 1778 3342 1835 dicenda
3372 1780 3613 1848 fueram,
3647 1797 3755 1839 ηοη

401 1856 627 1912 dosium
678 1856 768 1910 bis
817 1855 1154 1924 alloquitur:
1187 1852 1267 1909 l’u
1302 1852 1464 1925 igitur
1500 1872 1658 1925 neque
1699 1863 1887 1930 templa
1934 1879 2020 1916 oc-

400 1951 578 2016 cludi,
612 1966 777 2021 neque
803 1948 972 2003 ullum
1013 1949 1159 2003 aditu
1185 1950 1351 2002 arceri
1382 1950 1605 2018 jussisti,
1647 1969 1804 2022 neque
1823 1957 2016 2027 ignem,

400 2041 1035 2114 nequethuriﬁcationem
1052 2083 1066 2106 ,
1093 2057 1256 2110 neque
1283 2039 1416 2095 alios
1442 2043 1830 2116 fumigationum
1859 2052 2020 2105 Itono-

401 2154 487 2192 res
525 2136 737 2204 templis
776 2135 987 2205 arisque
1033 2135 1228 2206 ejeeisti
1258 2150 1278 2189 :
1302 2134 1501 2205 quibus
1545 2136 1674 2192 nihil
1721 2152 2019 2212 repugnant

400 2230 656 2300 ejusdem
680 2228 976 2285 Theodosii
1012 2228 1163 2299 leges
1194 2228 1224 2281 7
1264 2235 1319 2283 et
1355 2227 1389 2282 9
1432 2228 1513 2281 lit.
1545 2229 1608 2283 de
1652 2229 1880 2304 Paganis
1909 2277 1923 2301 ,
1966 2236 2019 2292 in

400 2323 607 2394 quibus
633 2322 753 2377 sola
778 2321 1045 2377 sacriﬁcia
1072 2321 1240 2376 vetita
1274 2320 1576 2388 traduntur,
1599 2332 1655 2378 et
1682 2326 2018 2384 sacriﬁcandi

398 2412 642 2468 consilio
666 2400 871 2484 templa
901 2412 1138 2483 lanaque
1168 2411 1433 2467 adeuntes
1471 2415 1620 2484 gravi
1682 2431 1838 2487 pinna
1876 2420 2020 2475 mn]-

396 2515 647 2563 ctaulur.
674 2548 677 2553 .

480 2598 592 2656 Sed
620 2598 689 2654 ab
714 2598 932 2655 Oriente
956 2598 1027 2654 ad
1055 2598 1411 2657 Occidentem
1442 2611 1803 2658 revertamur.
1829 2603 2026 2659 Valen-

395 2691 612 2747 tiniano
641 2690 866 2747 Seniore
889 2691 1000 2746 vita
1044 2690 1249 2760 functo,
1271 2694 1589 2751 Occidentis
1625 2697 1916 2762 imperium
1956 2697 2024 2751 ad

393 2783 714 2842 Gratianum
743 2792 799 2840 et
813 2784 1247 2841 Valentinianum
1272 2788 1856 2861 .luniorem’pervcnit.
1890 2788 2028 2845 Gra-

393 2877 577 2931 tianus
599 2884 781 2932 autem
807 2877 984 2947 legent
1014 2876 1139 2931 tulit
1159 2877 1225 2932 ab
1242 2879 1495 2937 Honorio
1523 2881 1828 2949 laudatam,
1869 2879 1929 2937 L.
1956 2881 2028 2937 ‘20

393 2971 460 3027 de
492 2969 752 3043 Paganis,
778 2985 883 3039 qua
927 2968 1146 3040 templis
1184 2980 1239 3027 et
1283 2976 1568 3031 sacriﬁciis
1600 2973 1826 3029 intactis
1859 2990 2025 3029 unum

392 3064 658 3135 publicum
682 3075 945 3135 sumptum
968 3065 1331 3133 superstitioni
1363 3070 1666 3123 deterrima:
1693 3064 1918 3121 exhiberi
1941 3069 2025 3122 in-

2127 1873 2235 1917 tam
2267 1872 2325 1917 ut
2360 1859 2587 1916 Baronii
2632 1858 2972 1922 hallucinato
3016 1879 3255 1938 pateret,
3289 1889 3449 1944 quam
3487 1886 3545 1932 ut
3584 1873 3757 1931 nostri

2124 1955 2379 2009 Auctoris
2398 1953 2608 2008 certior
2638 1961 2775 2009 tetas
2791 1967 3147 2017 statueretur.
3176 1962 3312 2020 Cum
3326 1966 3471 2021 enim
3489 1968 3535 2023 is
3548 1983 3614 2022 ex
3644 1979 3756 2020 una

2126 2056 2277 2115 parte
2294 2046 2345 2101 id
2367 2043 2636 2115 temporis
2661 2047 2952 2119 scripserit
2982 2062 3268 2110 tractatum
3298 2056 3367 2111 14
3411 2059 3446 2112 Ι.
3472 2076 3510 2123 ι,
3536 2056 3757 2130 quando

2124 2138 2396 2195 Gentibus
2430 2152 2572 2192 nova
2633 2141 2843 2208 templa
2897 2144 3135 2202 condere
3172 2163 3279 2204 non
3318 2150 3555 2217 licebat,
3606 2146 3756 2218 quod

2124 2230 2683 2288 soliChristianorum
2712 2230 3109 2304 imperatorum
3141 2237 3273 2313 [ινι]
3294 2243 3439 2297 aetati
3468 2238 3753 2297 convenit:

2124 2340 2188 2381 ex
2221 2325 2327 2380 alia
2355 2337 2489 2379 vero
2524 2325 2813 2392 scripserit
2837 2338 2994 2386 tract.
3027 2330 3081 2396 5,
3117 2346 3239 2386 cum
3274 2334 3496 2403 impune
3531 2338 3587 2386 et
3616 2337 3757 2382 tem-

2127 2417 2212 2488 pla
2256 2417 2408 2471 adire
2435 2422 2493 2472 et
2522 2415 2794 2473 sacriﬁcia
2828 2422 3109 2477 celebrare
3127 2421 3335 2480 Gentes
3366 2428 3596 2495 possent
3617 2418 3762 2489 (qum

2125 2523 2340 2580 quoque
2363 2506 2631 2562 sacriﬁcia
2661 2506 2716 2561 in
2745 2513 2897 2579 agris
2925 2514 3061 2568 facta
3080 2553 3094 2574 ,
3120 2514 3188 2568 ab
3214 2515 3413 2570 eodem
3447 2520 3762 2568 memorau-

2127 2610 2214 2654 tur
2235 2599 2304 2654 tr.
2334 2600 2403 2655 15
2431 2599 2676 2668 ejusdem
2710 2602 2862 2667 libri,
2896 2621 3046 2659 ntttn.
3085 2606 3151 2677 ὃ)
3181 2621 3419 2676 quarum
3452 2612 3638 2658 rerum
3667 2610 3764 2667 p0-

2131 2702 2298 2747 testas
2335 2692 2436 2746 sub
2460 2689 2792 2747 Christianis
2822 2696 3246 2766 imperatoribus
3284 2696 3500 2751 saltem
3525 2694 3580 2746 in
3609 2688 3766 2745 Occi-

2128 2784 2293 2840 dente
2316 2782 2459 2838 l‘acta
2484 2792 2568 2838 est
2584 2782 2761 2838 solum
2779 2801 2808 2839 a
2832 2786 3031 2842 Juliaui
3048 2788 3197 2843 obitu
3217 2802 3409 2853 usque
3436 2782 3510 2842 ad
3529 2799 3616 2841 an.
3635 2782 3764 2853 591,

2129 2891 2236 2945 quo
2281 2875 2480 2944 templa
2511 2873 2691 2929 clausa
2735 2885 2793 2932 et
2821 2879 3092 2934 sacriﬁcia
3119 2882 3303 2935 omnia
3339 2877 3560 2952 ubique
3597 2880 3769 2938 inter-

2130 2968 2272 3022 dicta
2296 2966 2511 3021 fuerunt
2535 2983 2550 3020 :
2576 2980 2921 3038 consequens
2942 2969 3001 3024 ﬁt
3025 2972 3127 3025 hoc
3150 2970 3504 3030 iutermedio
3527 2985 3768 3046 tempore

2132 3059 2378 3115 laudatos
2406 3065 2668 3113 tractatus
2694 3059 2766 3113 ab
2790 3059 3030 3117 Auctore
3054 3064 3289 3133 scriptos
3311 3059 3531 3136 fuisse,
3554 3086 3624 3128 ex
3646 3073 3765 3146 qui-

392 3156 584 3213 hibuit.
618 3158 753 3213 Hinc
798 3156 857 3213 S.
890 3156 1217 3213 Ambrosius
1246 3163 1417 3232 epist.
1446 3162 1514 3219 18
1535 3205 1548 3229 ,
1587 3163 1661 3214 ad
1700 3159 2031 3217 Valentinia-
2054 3159 2099 3223 C
2133 3154 2234 3211 bus
2262 3165 2396 3207 tetas
2421 3151 2539 3222 ejus
2564 3152 2869 3208 certissima
2901 3154 3081 3224 colligi
3112 3152 3523 3223 potest-\Quod
3551 3165 3597 3220 si
3637 3168 3758 3238 quis

396 3266 527 3305 num
559 3250 791 3317 ll,num.
826 3249 918 3317 16,
948 3249 1017 3304 dc
1041 3248 1294 3305 Gratiani
1315 3254 1436 3324 lege
1458 3266 1772 3308 sermonem
1797 3251 2022 3319 faciens,

399 3341 536 3398 nihil
570 3358 667 3413 per
692 3357 812 3397 eam
844 3339 1218 3411 superstitioni
1246 3344 1485 3400 ethniczc
1512 3345 1820 3400 detractum
1856 3355 2024 3402 testa-

402 3446 492 3491 tur
523 3444 724 3506 prteter
761 3447 1011 3505 sumptus
1038 3473 1053 3496 ,
1077 3434 1171 3503 qui
1216 3449 1247 3489 e
1282 3438 1506 3509 praediis
1534 3437 1806 3492 redibant.
1855 3435 2028 3493 Nemo

403 3538 578 3583 tamen
598 3527 815 3582 donaria
842 3525 1075 3581 delubris
1092 3534 1140 3579 et
1166 3524 1336 3596 legata
1355 3527 1717 3600 haruspicibus
1737 3526 2024 3600 denegavit,

403 3619 524 3675 sola
554 3617 763 3671 sublata
798 3625 919 3671 sunt
949 3617 1154 3684 prardia
1180 3632 1194 3669 :
1224 3626 1279 3671 et
1305 3633 1455 3674 nutu.
1491 3620 1594 3687 51,
1626 3618 1819 3674 eodem
1851 3619 2024 3691 impe-

408 3721 568 3768 rante
607 3713 867 3768 Gratiano
889 3754 905 3777 ,
938 3712 1204 3782 sacrificia
1233 3711 1419 3782 ubique
1455 3712 1810 3768 concelebrata
1847 3715 2024 3784 palam

409 3805 600 3859 docet.
628 3803 784 3872 Quod
814 3805 859 3859 si
884 3803 1144 3859 Victoriae
1170 3817 1317 3856 aram
1347 3819 1377 3858 a
1411 3806 1648 3859 ltomana
1675 3804 1821 3860 curia
1851 3819 2028 3860 remo-

410 3896 528 3963 vit,
556 3897 609 3951 id
641 3912 710 3953 ex
733 3910 802 3952 eo
825 3895 1024 3952 factum
1054 3893 1239 3966 prodit
1275 3894 1473 3952 ibidem
1509 3897 1856 3961 Ambrosius,
1883 3896 2026 3967 quod

412 3990 560 4044 haud
603 3989 884 4045 ferendum
921 3998 1071 4045 esset
1108 3988 1433 4057 sacriﬁcium
1459 4031 1473 4056 ,
1507 3990 1594 4046 tibi
1634 3992 1807 4060 plures
1841 4006 2026 4045 conve-

411 4082 568 4136 niunt
610 4080 931 4146 Christiani;
980 4080 1228 4150 plerique
1269 4081 1413 4136 enim
1450 4090 1758 4137 senatorum
1814 4081 2027 4137 Christo

412 4189 617 4230 nomen
641 4171 923 4228 dederant.
946 4173 1133 4244 Itaque
1160 4172 1263 4227 sub
1286 4170 1544 4229 Gratiano
1573 4183 1629 4231 et
1650 4175 2026 4229 Valentiniano

410 4266 682 4323 fratribus
713 4268 766 4321 in
799 4264 1093 4323 Occidente
1118 4265 1393 4321 idolorum
1430 4268 1622 4336 templa
1655 4274 1877 4338 patuere
1900 4309 1914 4330 ,
1945 4277 2023 4321 at-

409 4375 521 4431 que
550 4361 607 4415 in
636 4359 720 4414 bis
746 4374 852 4414 non
876 4356 1205 4414 tburiﬁcatio
1240 4358 1355 4413 sola
1376 4368 1433 4414 ιιι
1458 4359 1512 4414 in
1535 4360 1751 4416 Oriente
1776 4358 2023 4428 contigit,

408 4451 513 4509 sed
534 4460 593 4507 et
619 4451 880 4506 sacriﬁcia
913 4451 1189 4506 celebrata
1221 4450 1439 4506 luerunt
1467 4470 1480 4505 :
1514 4453 1655 4508 unde
1689 4450 1945 4507 Libanius
1971 4453 2023 4507 in

2131 3244 2352 3315 objiciat
2410 3242 2677 3298 sacriﬁcia
2733 3244 2787 3297 in
2845 3243 3046 3300 Africae
3094 3249 3244 3317 pagis
3291 3244 3485 3306 habita
3533 3254 3753 3317 ineunte

2129 3337 2333 3393 steculo
2346 3337 2555 3407 quinto,
2576 3345 2635 3389 ut
2652 3351 2827 3406 nuper
2848 3352 2917 3392 ex
2935 3337 3234 3408 Augusﬁuo
3255 3347 3314 3394 et
3332 3336 3750 3418 Carthaginensi

2128 3428 2339 3502 synodo
2366 3428 2695 3493 monuimus,
2748 3443 3078 3500 reponemus
3104 3431 3287 3485 statim
3317 3433 3427 3497 (ne
3454 3436 3582 3493 hinc
3610 3442 3749 3497 torte

2128 3522 2379 3579 Auctoris
2415 3529 2628 3576 aetatem
2675 3530 2798 3591 post
2834 3537 2923 3577 au.
2950 3522 3048 3579 59l
3073 3565 3088 3589 ,
3122 3539 3288 3593 posse
3319 3529 3569 3593 protrudi
3597 3533 3747 3601 quis-

2128 3617 2270 3688 piam
2292 3614 2633 3685 suspicetur)
2663 3614 2805 3684 quod
2843 3616 2943 3670 etsi
2978 3624 3102 3684 post
3139 3616 3195 3670 id
3220 3626 3438 3684 tempus
3470 3617 3521 3672 in
3561 3621 3744 3690 aliquo

2131 3723 2266 3779 pago
2303 3706 2653 3763 Ethnicorum
2682 3708 3039 3776 quorumdam
3073 3707 3289 3764 licentia
3327 3722 3394 3762 eo
3436 3708 3739 3779 devenerit,

2130 3811 2187 3857 ut
2213 3802 2599 3871 imperatorem
2635 3800 2895 3870 repetitas
2920 3799 3084 3854 etiam
3110 3800 3258 3870 leges
3288 3786 3739 3856 contemnerent:

2130 3910 2290 3951 nemo
2318 3903 2496 3950 tamen
2526 3892 2753 3948 inveniri
2779 3902 3011 3964 poterat,
3031 3895 3121 3964 qui
3149 3893 3217 3949 de
3240 3908 3573 3964 paganorum
3600 3904 3737 3950 tetu-

2130 3989 2339 4059 ploruut
2371 3987 2493 4057 jure
2524 3985 2732 4057 legibus
2770 3998 2987 4057 ageret,
3015 3987 3210 4057 quibus
3248 3999 3355 4041 nou
3382 3985 3471 4055 jus
3513 3988 3741 4059 templo-

2130 4096 2250 4135 rum
2310 4058 2470 4134 modo
2494 4121 2509 4144 ,
2547 4079 2642 4133 sed
2674 4081 2786 4148 ipsa
2826 4094 3043 4148 quoque
3084 4078 3282 4150 templa
3304 4119 3319 4144 ,
3350 4079 3431 4133 vel
3463 4078 3587 4133 laua
3612 4058 3739 4135 cum

2129 4171 2412 4227 sacriﬁciis
2433 4170 2649 4225 sublata
2668 4170 2778 4240 jam
2807 4169 3038 4225 luerunt.
3069 4170 3235 4225 Pctrro
3258 4170 3460 4223 Auctor
3485 4177 3648 4229 tract.
3673 4172 3742 4226 15

2130 4280 2302 4337 nuper
2330 4266 2565 4336 allegato
2596 4273 2792 4333 pra-ter
2818 4265 3083 4319 sacrilieia
3113 4265 3167 4318 in
3201 4279 3457 4333 pagorum
3483 4262 3618 4317 lanis
3644 4279 3736 4318 ce-

2129 4359 2335 4413 lebrata
2356 4398 2371 4423 ,
2404 4357 2525 4412 lites
2546 4371 2761 4426 quoque
2785 4357 2853 4411 de
2882 4357 3205 4427 templorum
3228 4358 3353 4424 jure
3371 4356 3603 4425 quotidie
3628 4371 3739 4411 mo«

2132 4460 2213 4505 tas
2242 4458 2501 4516 testatur,
2533 4456 2592 4503 ut
2622 4448 2809 4503 videre
2837 4457 2921 4502 est
2950 4463 3016 4502 ex
3039 4438 3226 4502 annot.
3260 4447 3328 4502 l5
3354 4446 3405 4500 in
3435 4461 3499 4503 ea
3531 4447 3695 4503 verba
3720 4467 3733 4504 :

408 4540 663 4596 oratione
691 4539 906 4595 laudata
927 4579 944 4605 ,
978 4556 1100 4611 pag.
1133 4541 1241 4596 481
1264 4582 1279 4605 ,
1307 4540 1484 4597 Ranae
1506 4544 1558 4597 in
1584 4543 1889 4598 Occidentis
1912 4558 2023 4597 me-
2051 4548 2105 4607 D
2128 4542 2226 4597 lus
2255 4542 2562 4610 templorum
2590 4557 2654 4595 ne
2677 4541 2791 4610 quis
2816 4539 2957 4594 vobis
2983 4541 3170 4610 eripiat
3204 4539 3438 4610 quotidie
3495 4539 3732 4613 litigatis.

410 4634 616 4704 tropoli
635 4632 894 4703 sacri/icio
918 4634 1098 4687 relicta
1124 4631 1436 4688 Theodosio
1453 4635 1763 4705 imperatori
1785 4634 2024 4689 Orientis

408 4726 729 4781 afﬁrmavit.
771 4723 907 4779 Hinc
947 4732 1125 4779 autem
1172 4730 1282 4778 tota
1325 4725 1541 4781 Baronii
1575 4726 1721 4782 cadit
1750 4727 2021 4795 objectio,

408 4817 507 4891 qui
536 4835 605 4874 ex
631 4833 736 4872 una
764 4815 1016 4871 Victoriae
1035 4831 1127 4870 ara
1152 4814 1342 4871 Ruina:
1363 4818 1604 4875 Gratiani
1621 4819 1776 4889 jussu
1793 4818 2024 4885 sublata,

406 4914 486 4969 de
524 4928 629 4982 qua
662 4925 807 4965 nunc
853 4924 1024 4976 nuper
1062 4908 1336 4974 diximus,
1371 4913 1473 4969 sub
1502 4913 1768 4969 Ambrosii
1809 4926 2024 4983 quoque

407 5017 636 5063 aetatem
658 5015 714 5059 et
742 5002 941 5072 templa
969 5001 1152 5058 clausa
1190 5010 1249 5059 et
1279 5006 1547 5062 sacriﬁcia
1573 5006 1856 5062 interdicta
1880 5008 2024 5063 exis-

411 5100 647 5161 limans,
682 5099 970 5152 Auctorem
998 5103 1244 5152 nostrum
1274 5100 1472 5168 templa
1499 5107 1556 5155 et
1580 5100 1846 5155 sacriﬁcia
1874 5079 2026 5155 coiit“

407 5198 806 5263 memorantem
835 5188 908 5242 ab
930 5201 997 5244 eo
1026 5197 1276 5260 tempore
1297 5190 1696 5248 excludendum
1718 5192 2024 5248 certissime

405 5282 805 5352 pronuntiavit.

485 5370 700 5426 Primus
738 5370 832 5442 qui
858 5371 913 5426 in
934 5369 1231 5428 Occidente
1256 5373 1477 5444 templis
1503 5381 1561 5429 et
1601 5372 1880 5429 sacriﬁciis
1909 5373 2024 5430 bel-

404 5468 524 5523 lum
539 5465 757 5529 indixit,
772 5464 892 5530 luit,
914 5464 1176 5522 Gratiano
1190 5466 1359 5523 tratre
1374 5468 1488 5536 jam
1510 5468 1801 5533 exstincto,
1828 5468 2023 5524 Valen-

400 5562 651 5617 tinianus
678 5558 895 5625 Junior,
923 5560 1028 5628 leg.
1051 5560 1121 5615 10
1152 5561 1237 5615 tit.
1261 5560 1329 5616 de
1351 5559 1603 5633 Paganis,
1638 5559 1759 5616 data
1777 5575 1866 5615 an.
1892 5561 2017 5625 591,

400 5671 466 5711 ιιι
509 5654 631 5709 Kal.
662 5653 871 5717 Martii;
900 5652 1203 5723 eodemque
1236 5660 1444 5725 pariter
1481 5670 1626 5711 anno
1650 5672 1716 5710 xv
1752 5655 1867 5710 Kal.
1894 5656 2021 5712 Julii

401 5746 636 5819 Bagoas
664 5744 1006 5803 Theodosius
1027 5784 1045 5813 ,
1076 5746 1167 5816 qui
1195 5746 1315 5817 ejus
1346 5747 1484 5819 legis
1512 5745 1809 5805 condenda:
1829 5757 2022 5806 auctor
2070 5814 2087 5822 υ

2124 4635 2308 4707 Itaque
2339 4635 2461 4690 licet
2489 4644 2621 4689 tutas
2647 4633 2868 4688 alterius
2888 4632 3128 4690 auctoris
3144 4674 3157 4691 .
3182 4633 3274 4703 qui
3301 4631 3564 4686 sacriﬁcia
3586 4645 3737 4685 com-

2131 4737 2476 4796 memoraret,
2508 4727 2785 4799 prorogari
2816 4727 2981 4797 possit
3010 4727 3147 4782 ultra
3171 4742 3370 4780 annum
3400 4726 3527 4791 591,
3554 4727 3725 4781 nostri

2126 4822 2368 4893 profecto
2382 4839 2496 4905 ⁸ιιοιι
2526 4827 2728 4893 potest.

2132 4960 2162 5031 ς
2192 4959 2280 5015 Vl.
2307 4990 2374 5000 —
2399 4960 2591 5013 Auctor
2612 4975 2710 5011 non
2743 4967 2847 5011 tam
2873 4954 3203 5010 Lactantium
3226 4996 3240 5018 ,
3263 4953 3354 5007 sed
3381 4962 3428 5006 et
3469 4950 3731 5006 Hilarium

2203 5055 2464 5119 imitatus,
2491 5062 2602 5125 post
2634 5051 2855 5105 medium
2886 5059 3128 5122 quartunt
3161 5048 3403 5102 steculum
3428 5046 3615 5100 vixisse
3641 5045 3731 5099 de-

2200 5158 2536 5202 monstratur.
2862 5137 2868 5142 ’

2088 5304 2093 5313 ·
2201 5281 2362 5337 ilisee
2392 5281 2648 5352 temporis
2677 5280 2877 5337 ﬁnibus
2895 5323 2909 5344 ,
2939 5295 3079 5350 quos
3100 5279 3366 5349 superiori
3395 5277 3734 5349 paragrapho

2128 5374 2356 5431 Auctori
2405 5374 2837 5445 pmscripsimus
2891 5374 3038 5429 inter
3081 5371 3277 5428 Juliani
3328 5370 3612 5440 imperium
3679 5380 3735 5425 et

2127 5483 2220 5525 an.
2251 5468 2351 5525 '59l
2390 5471 2592 5539 optime
2623 5474 2931 5539 congruunt
2959 5466 3049 5521 illa
3080 5480 3198 5536 quae
3221 5465 3293 5522 de
3326 5464 3509 5519 tlilarii
3560 5463 3736 5517 imita-

2131 5563 2279 5618 tione
2307 5560 2659 5631 suhjicintus;
2684 5560 2830 5632 quod
2859 5575 3058 5614 novum
3092 5557 3613 5625 invictissitnutuque
3642 5569 3731 5607 ar-

2126 5636 2442 5729 gumentum
2498 5654 2802 5710 habendum
2847 5663 2966 5718 est,
2999 5665 3058 5707 ut
3107 5650 3249 5705 idern
3297 5651 3499 5704 Auctor
3542 5653 3739 5714 quarto

2126 5747 2328 5805 saeculo
2356 5744 2680 5804 vindicetur.
2729 5744 2806 5802 Et
2855 5740 3300 5803 annotationibus
3337 5738 3396 5794 in
3426 5748 3495 5792 Ir.
3525 5733 3559 5787 8
3587 5729 3685 5788 lib.
3725 5738 3747 5793 ἰ
