4242 6168
515 274 583 329 ξιξ)
1869 266 2374 327 PROLEGOMENA
2387 313 2398 326 .
3741 275 3814 330 illi

510 397 566 446 et
599 398 668 448 tr.
701 390 766 446 l7
793 404 858 446 ac
886 388 950 445 21
979 388 1075 444 lib.
1108 406 1144 445 ιι
1183 403 1320 459 quos
1345 388 1611 460 genuinos
1666 386 1835 444 nostri
1860 385 2114 441 Auctoris
2140 385 2187 448 Α
2221 383 2328 439 ΙΙος
2355 400 2518 456 porro
2547 388 2790 457 captivos
2837 396 2917 441 tot
2943 388 3214 458 tantisque
3237 403 3303 442 ex
3335 389 3577 458 partibus
3603 387 3814 460 disper-

514 479 924 540 demonstrasse
953 482 1110 538 nobis
1136 481 1404 544 videmur,
1424 494 1524 551 cap
1553 479 1604 547 l,
1638 478 1668 550 δ
1699 479 2114 549 2,perspicuum

511 573 674 644 plane
704 585 820 639 est,
850 573 1012 641 hunc,
1039 572 1166 630 dum
1186 573 1408 628 eosdem
1439 581 1700 628 tractatus
1729 567 1979 641 scripsit,
2005 585 2116 640 pra:

514 664 687 720 oculis
717 665 972 722 habuisse
1013 664 1201 720 Hilarii
1242 664 1692 719 commentarium
1735 664 1788 718 in
1830 662 2072 718 Psalmos
2099 700 2115 728 ,

519 771 584 811 ex
612 770 720 825 quo
748 755 946 816 nedum
978 757 1277 812 sententias
1303 755 1548 823 aliquot,
1578 754 1674 810 sed
1706 754 1896 810 eadem
1946 769 2118 824 quan-

514 849 692 920 doque
719 850 880 908 verba
899 850 1188 919 excerpsit.
1221 851 1388 908 Porro
1418 851 1504 905 hic
1531 849 1980 915 commentarius,
2010 848 2114 903 Be-

513 943 810 999 nedic:inis
847 945 1150 1000 editoribus
1197 944 1591 1014 probantibus,
1641 955 1969 1014 postremum
2018 939 2112 995 Hi-

515 1035 635 1092 lat-ii
684 1052 822 1106 opus
865 1036 987 1105 fuit,
1026 1037 1283 1106 scriptum
1333 1047 1452 1105 post
1497 1052 1700 1092 annum
1747 1037 1855 1092 564
1895 1044 1951 1089 et
1991 1045 2116 1090 ante

512 1143 712 1184 annum
745 1129 850 1184 368
879 1146 986 1198 quo
1035 1128 1126 1186 ille
1168 1134 1278 1197 jam
1320 1143 1352 1184 e
1382 1129 1516 1183 vivis
1546 1136 1876 1183 excesserat.
1913 1126 2114 1182 Saltem

516 1229 636 1288 post
679 1220 848 1276 libros
877 1221 944 1276 de
975 1219 1240 1275 Trinitate
1279 1220 1456 1275 editos
1487 1221 1538 1276 itt
1567 1221 1731 1275 exilio
1762 1230 1886 1274 ante
1915 1234 2112 1272 annum

514 1311 620 1367 560
667 1312 758 1368 ille
799 1313 1221 1370 commentarius
1267 1313 1578 1368 lucubratus
1627 1313 1930 1368 certissime
1973 1311 2112 1378 fuit,

517 1417 804 1476 postquam
848 1408 1059 1462 solutus
1096 1407 1259 1463 exilio
1302 1423 1367 1462 ex
1405 1406 1625 1461 Oriente
1673 1408 1724 1460 in
1767 1405 2112 1460 Occidentem

513 1499 672 1554 rediit
697 1541 710 1562 ,
744 1500 885 1569 quod
917 1499 1032 1570 ip~o
1060 1515 1200 1554 anno
1226 1499 1332 1554 560
1362 1499 1559 1554 factum
1581 1509 1684 1553 est.
1718 1498 1901 1568 Itaque
1928 1507 2115 1552 noster

514 1592 740 1656 Aut-tor,
765 1599 852 1663 qui
871 1594 1020 1650 hunc
1040 1593 1490 1650 commentarium
1517 1602 1622 1644 tam
1646 1590 1931 1645 commode
1958 1590 2110 1658 legit;

515 1695 573 1740 ut
599 1702 667 1744 ex
713 1701 781 1741 eo
822 1686 1080 1756 quasdam
1111 1687 1416 1741 sententias
1443 1684 1668 1740 totidem
1721 1697 2109 1750 nonnunquam

2219 495 2311 536 sos
2341 496 2465 537 esse
2494 483 2802 552 oportebat,
2835 492 2888 536 ut
2917 483 3004 553 qui
3027 483 3084 537 in
3115 485 3354 552 ipsorum
3384 483 3816 553 redemptionem

2219 573 2576 643 conferrent,
2620 591 2809 632 eorum
2852 578 3063 645 largitas
3107 578 3382 645 provinciis
3415 577 3650 632 ommbus
3696 585 3819 632 nota

2218 679 2369 730 esset,
2400 683 2696 739 eorumque
2727 670 2813 740 pia
2827 671 3042 734 semina,
3068 668 3120 723 id
3141 681 3226 724 est
3249 670 3636 741 eleemosynae,
3666 671 3819 724 totius

2218 759 2622 827 quodammodo
2650 760 2786 815 orbis
2817 778 2908 830 per
2939 763 3192 822 membra.
3229 777 3326 833 per
3362 763 3670 832 provincias
3711 761 3818 816 sci-

2223 851 2346 907 licet
2389 852 2618 907 Romatti
2669 852 2902 921 imperii,
2948 857 3291 926 jactarentur.
3338 853 3450 909 Sub
3497 853 3821 908 Constantio

2219 944 2435 1015 quidem
2464 960 2527 999 ac
2558 946 2660 998 sub
2705 946 3080 1000 Valentiniano
3105 947 3328 1000 Seniore
3374 945 3606 1014 aliisque
3641 946 3817 1015 quarti

2218 1039 2401 1092 sweuli
2438 1039 2787 1109 principibus,
2817 1039 3079 1094 barbaros
3107 1038 3338 1094 subinde
3365 1038 3592 1093 irruisse
3618 1038 3671 1092 io
3705 1037 3819 1092 Ro-

2219 1134 2362 1186 mani
2412 1133 2624 1200 imperii
2673 1134 2804 1188 lines
2835 1133 3060 1201 legimus
3090 1173 3105 1198 ,
3140 1147 3204 1187 ex
3255 1131 3448 1200 quibus
3477 1132 3819 1186 Cltri~tianos

2217 1227 2286 1279 ab
2319 1225 2506 1279 iisdem
2551 1227 2601 1279 in
2621 1227 2990 1296 captivitatem
3020 1224 3316 1278 subductos
3360 1222 3491 1277 nihil
3520 1222 3670 1278 dubii
3700 1233 3814 1287 esr;

2219 1329 2269 1372 at
2303 1319 2445 1373 inter
2475 1319 2649 1372 varias
2680 1319 2729 1372 id
2776 1319 2990 1388 generis
3023 1316 3364 1371 incursiones
3395 1315 3523 1369 nulli
3568 1315 3660 1368 illa
3687 1329 3819 1368 con-

2217 1426 2410 1481 gruere
2438 1411 2662 1465 omnino
2690 1420 2936 1480 possunt,
2963 1425 3084 1479 qua:
3121 1409 3188 1463 ab
3228 1408 3461 1463 Auctore
3488 1407 3816 1472 indicantur,
3853 1421 3859 1432 ·

2218 1503 2323 1557 nisi
2353 1502 2402 1556 ei
2427 1543 2442 1569 ,
2472 1520 2592 1573 quae
2638 1503 3207 1570 lladrianottolitanam
3256 1515 3485 1570 pugnam
3527 1510 3815 1554 consecuta

2217 1605 2322 1661 est,
2355 1597 2406 1649 in
2438 1611 2539 1665 qua
2576 1611 2679 1648 una
2711 1611 2832 1649 cunt
2861 1594 3060 1663 duplici
3085 1594 3355 1648 exercitus
3389 1602 3537 1661 parte
3565 1592 3681 1660 ipse
3717 1590 3820 1644 Va-

2217 1689 2334 1744 lens
2364 1689 2656 1758 imperator
2703 1687 3010 1742 miserrime
3061 1685 3242 1758 periit.
3291 1686 3514 1740 Caetera:
3547 1685 3816 1754 siquidem

514 1778 695 1832 verbis
738 1779 1068 1848 excerpserit
1096 1819 1110 1842 ,
1143 1788 1263 1847 post
1307 1775 1542 1830 mediuttt
1570 1787 1822 1845 quartum
1853 1775 2110 1830 saeculum

2220 1784 2579 1850 incursiOoes,
2612 1792 2667 1836 ut
2695 1798 2762 1837 ex
2788 1780 3101 1836 Marcellino
3129 1779 3368 1850 singulas
3414 1789 3666 1833 accurate
3695 1777 3816 1830 des-

515 1871 862 1926 collorandus
890 1880 1002 1937 est,
1047 1870 1192 1940 quod
1234 1871 1492 1938 temporis
1537 1867 1794 1924 limitibus
1846 1866 2112 1935 superiori

513 1964 853 2035 paragrapho
895 1966 1085 2034 positis
1117 1966 1312 2020 mirum
1343 1964 1397 2018 in
1443 1967 1659 2017 modum
1694 1961 2006 2030 respondet.
2031 1961 2114 2015 Ad

512 2068 765 2126 quartum
833 2071 994 2126 porro
1057 2056 1312 2110 saeculum
1353 2053 1700 2110 statuendum
1749 2053 2114 2108 conducerent

512 2149 698 2214 etiam,
718 2164 838 2218 qua:
867 2148 934 2202 de
964 2147 1229 2204 Lactantii
1254 2149 1552 2202 imitatione
1579 2146 1769 2202 eodem
1801 2163 1919 2216 cap.
1946 2147 1998 2210 l,
2025 2145 2052 2217 ἓ
2078 2145 2114 2201 2

509 2237 814 2301 innuimus,
848 2255 970 2294 cum
1003 2239 1069 2294 ad
1100 2246 1350 2314 quartum
1373 2253 1587 2309 quoque
1607 2239 1863 2293 smculum
1886 2238 2114 2293 Lactan-

514 2334 619 2388 titts
658 2336 944 2402 pertineat.
978 2332 1048 2388 At
1087 2349 1208 2388 eum
1237 2334 1465 2388 imitatio
1494 2332 1678 2387 Hilarii
1710 2334 1911 2387 arctius
1941 2340 1996 2387 et
2023 2351 2110 2387 se-

513 2427 628 2482 rius
659 2436 871 2497 tempus
902 2428 1222 2498 prospiciat,
1250 2444 1313 2482 ex
1347 2442 1407 2482 ea
1442 2427 1542 2482 hoc
1587 2429 1708 2483 loco
1733 2440 2110 2498 argumentum

510 2521 780 2591 praecipue
808 2521 1113 2576 ducendum
1151 2522 1250 2576 rati
1278 2537 1466 2577 sumus
1501 2539 1513 2574 :
1549 2521 1690 2590 quod
1720 2521 1857 2575 adeo
1888 2530 1972 2575 est
1995 2522 2108 2575 evi-

511 2612 646 2668 dens
670 2653 685 2677 ,
713 2622 769 2666 ut
801 2628 962 2669 remo
1010 2614 1343 2684 reSpondere
1387 2613 1732 2683 probabiliter
1771 2614 1938 2684 possit
1964 2653 1979 2679 ,
2009 2613 2112 2668 nisi

510 2705 600 2773 qui
634 2715 744 2760 tres
767 2705 836 2760 ab
859 2708 1094 2761 Auctore
1131 2717 1391 2762 tractatus
1416 2707 1627 2774 ableget
1650 2748 1667 2775 ,
1689 2717 1742 2761 ut
1774 2707 1980 2762 Hilario
2018 2708 2112 2761 tri-

519 2796 647 2852 buat
675 2814 812 2866 quos
838 2798 908 2853 ab
928 2799 1116 2854 Hilarii
1149 2801 1290 2871 stylo
1319 2802 1480 2856 nimis
1508 2811 1693 2869 aperte
1740 2802 2112 2870 discrepantes

519 2901 813 2959 nostroque
846 2891 1068 2946 Auctori
1098 2893 1449 2948 vindicandos
1494 2893 1691 2948 ibidem
1731 2895 2066 2950 ostendimus
2094 2913 2106 2950 :

515 2983 812 3052 eademque
827 2984 1036 3038 ratione
1049 2994 1278 3054 quatuor
1289 2985 1425 3040 alios
1439 2994 1696 3040 tractatus
1711 2987 1906 3042 ibidem
1923 3001 2111 3042 recen-

509 3077 674 3140 sitos,
701 3076 754 3130 in
785 3077 980 3145 quibus
1006 3077 1206 3132 Auctor
1236 3079 1287 3133 itt
1313 3078 1559 3134 eamdem
1587 3080 1850 3134 rationem
1879 3081 2106 3135 Lactan-

2217 1879 2459 1931 crilieote
2488 1877 2885 1946 cognoscimus,
2913 1875 3060 1929 leves
3084 1883 3137 1928 et
3163 1871 3372 1942 angusti
3395 1868 3557 1940 spatii
3581 1870 3816 1933 fuerunt,

2219 1984 2317 2021 nec
2346 1968 2583 2036 integras
2617 1968 2924 2036 provincias
2955 1964 3276 2034 deprazdata:
3304 1970 3431 2017 sunt
3451 2004 3465 2026 ,
3496 1961 3763 2029 citiusque
3787 1976 3819 2016 ιι

2220 2060 2476 2114 Romanis
2503 2059 2718 2129 sopitae,
2765 2057 3011 2114 barbaris
3042 2058 3360 2127 plerumque
3407 2070 3593 2125 pacem
3635 2063 3820 2124 petere

2216 2154 2420 2208 comis
2447 2167 2508 2207 ea
2536 2151 2847 2206 conditione
2879 2159 2934 2204 ιιι
2957 2149 3199 2219 captivos
3258 2150 3308 2202 in
3352 2147 3616 2217 integrum
3658 2143 3820 2199 resd-

2217 2253 2450 2305 luerent,
2483 2244 2556 2297 uti
2585 2242 2653 2297 de
2684 2241 2915 2312 quadam
2947 2241 3250 2309 irruptione
3287 2239 3387 2294 sub
3414 2237 3630 2294 Juliatto
3657 2235 3815 2291 Zosi-

2216 2352 2338 2390 mus
2359 2350 2623 2406 expresse
2649 2333 2886 2404 prodidit
2916 2334 3009 2388 lib.
3062 2347 3142 2396 ut,
3173 2347 3293 2402 cap.
3318 2331 3372 2386 5.
3394 2332 3472 2384 At
3517 2344 3622 2384 non
3651 2328 3723 2383 ita
3750 2325 3820 2384 de

2217 2427 2306 2482 illa
2336 2467 2350 2490 ,
2382 2441 2542 2495 quam
2578 2425 2791 2481 Valenti
2843 2424 3066 2479 feralem
3112 2423 3370 2476 diximus.
3417 2421 3499 2475 Ex
3547 2419 3815 2475 Atttntiani

2216 2518 2512 2574 Marcellini
2543 2518 2634 2571 lib.
2672 2535 2793 2572 χχχι
2823 2533 2932 2571 rent
2967 2519 3149 2586 paucis
3175 2499 3579 2569 describamus.

2287 2610 2420 2667 Cum
2447 2611 2622 2668 Hunni
2651 2610 2951 2667 Gothorum
2975 2610 3123 2679 gettti
3153 2607 3456 2662 vastitatem
3484 2607 3813 2670 intulissent,

2216 2702 2268 2757 lti
2303 2714 2362 2759 ut
2404 2704 2718 2758 llunnorunt
2773 2703 3029 2771 impetum
3070 2700 3429 2769 dilfugerent,
3481 2698 3815 2753 domicilium

2214 2796 2282 2849 ab
2313 2797 2457 2850 onmi
2485 2797 2697 2850 illorum
2725 2796 2912 2850 notitia
2944 2802 3209 2850 remotum
3232 2791 3532 2860 quatsituri,
3569 2791 3620 2844 in
3645 2789 3818 2844 Thra-

2214 2888 2352 2944 ciam
2400 2902 2523 2942 sese
2566 2886 2807 2956 recipere
2857 2886 3186 2956 cogitarunt.
3243 2882 3561 2940 Oratoribus
3605 2881 3672 2935 ad
3706 2881 3816 2936 Va-

2216 2978 2417 3034 lentem
2446 2979 2648 3045 missis,
2684 2981 2848 3034 multa
2875 2978 3255 3048 pollicentibus
3287 2976 3580 3044 imperator
3602 2975 3814 3040 annuit,

2213 3070 2286 3126 ita
2321 3084 2497 3128 tatttcn
2529 3084 2585 3128 ut
2614 3073 2731 3128 sine
2763 3087 3038 3127 armorum
3071 3070 3446 3142 deportatione
3481 3070 3534 3124 in
3561 3084 3679 3123 eam
3712 3067 3818 3121 Ito-

513 3169 645 3224 tiunt
679 3169 919 3224 imitatus
940 3213 954 3238 ,
985 3179 1039 3225 et
1069 3169 1292 3225 totidem
1321 3171 1643 3242 quandoque
1673 3173 1855 3228 verbis
1895 3183 2114 3228 secutus
2139 3162 2184 3223 C
2218 3184 2431 3223 manant
2489 3168 2823 3238 provinciam
2872 3166 3304 3237 ingrederentur.
3366 3163 3422 3218 ld
3477 3162 3692 3233 quidem
3745 3163 3816 3216 ita

509 3272 594 3319 est
616 3306 630 3327 ,
663 3265 733 3319 ab
761 3265 951 3320 eodem
977 3275 1136 3321 erunt
1156 3267 1496 3334 abjudicaodi
1518 3308 1531 3330 ,
1557 3275 1614 3320 ut
1643 3267 1943 3321 tribuantur
1973 3267 2107 3321 Lac-

516 3356 716 3421 tantio;
739 3357 881 3427 qttod
917 3369 1094 3412 tamen
1125 3360 1168 3413 si
1195 3361 1315 3428 quis
1343 3359 1559 3423 dixerit,
1591 3375 1657 3413 ne
1677 3357 1970 3413 Auctorem
1995 3367 2116 3428 post

509 3447 774 3504 Lactantii
813 3460 1025 3506 aetatem
1073 3452 1305 3507 collocct
1331 3495 1343 3516 ,
1375 3468 1495 3508 cunt
1525 3453 1858 3508 Lactantium
1904 3469 1936 3509 θ
1977 3453 2112 3512 laico

510 3543 772 3596 adversus
801 3541 1004 3598 Gentes
1033 3545 1302 3600 scribente
1333 3547 1647 3616 episcopum
1693 3545 2107 3602 concionantem

512 3633 672 3689 faciet
693 3677 708 3700 ,
740 3635 1074 3691 eruditorum
1106 3638 1216 3692 risu
1241 3638 1556 3708 excipietur.

508 3772 658 3846 [Lvn]
689 3773 715 3846 §
743 3772 1162 3845 Vll.—lnsignis
1193 3777 1430 3830 Auctoris
1458 3776 1598 3829 locus
1617 3776 2008 3848 decaptivorum
2030 3793 2110 3831 re-

583 3866 875 3934 demptione
889 3884 1002 3920 cum
1019 3867 1135 3921 aliis
1150 3867 1347 3921 duobus
1373 3867 1430 3922 S.
1462 3868 1717 3922 Ambrosii
1738 3869 1957 3936 miriﬁce
1983 3885 2108 3923 con-

581 3974 768 4030 gruens
794 3957 821 4022 ,’
846 3969 1078 4029 spectare
1118 3960 1402 4013 ostenditur
1453 3971 1625 4031 captos
1665 3977 1695 4013 a
1739 3959 1968 4014 barbaris
1996 3971 2109 4033 post

584 4047 1149 4122 Hadriarwpolitanam
1183 4067 1407 4121 pugnam
1437 4070 1522 4105 an.
1559 4050 1685 4106 578.
1720 4053 1957 4106 Auctoris
1985 4063 2110 4107 tcta-

581 4152 681 4197 tem
734 4145 1006 4216 prorogari
1053 4161 1154 4198 non
1198 4161 1346 4212 posse
1400 4146 1538 4199 ultra
1574 4156 1818 4216 quartum
1867 4150 2110 4202 steculutn

579 4238 774 4308 aliquot
802 4239 1114 4310 argumentis
1137 4239 1398 4292 statuitur.

534 4367 544 4375 ’
581 4371 874 4427 Auctorem
901 4387 1008 4426 non
1041 4380 1236 4441 quarto
1257 4372 1431 4427 solum
1477 4372 1677 4427 saeculo
1700 4414 1713 4437 ,
1741 4371 1836 4428 sed
1865 4381 1982 4443 post
2008 4387 2108 4426 au-

512 4479 640 4518 num
671 4480 885 4534 quoque
921 4463 1029 4520 360
1083 4475 1136 4520 et
1173 4473 1300 4520 ante
1343 4481 1542 4520 annum
1570 4465 1666 4521 591
1703 4465 1954 4521 ﬂoruisse
1984 4465 2110 4520 hac-

2217 3261 2516 3329 przestitunt
2541 3274 2632 3312 au.
2672 3260 2798 3313 576.
2831 3260 2901 3313 At
2944 3258 3020 3312 illi
3051 3257 3280 3312 subinde
3320 3257 3390 3310 ob
3441 3257 3815 3311 ministrorum

2215 3351 2562 3419 cupiditatem
2611 3351 2754 3405 fame
2787 3351 3034 3420 Oppressi
3063 3359 3114 3405 et
3162 3349 3228 3404 ad
3279 3349 3638 3405 rebellionem
3669 3363 3818 3404 com—

2213 3447 2371 3515 pulsi,
2407 3445 2656 3500 ferociam
2699 3445 3004 3511 induentes,
3052 3446 3355 3499 universam
3383 3443 3671 3498 Thraciam
3705 3457 3810 3498 non

2214 3547 2399 3607 strage
2424 3539 2598 3593 solum
2631 3547 2684 3592 et
2712 3538 2974 3593 incendiis
2999 3579 3014 3602 ,
3039 3537 3136 3592 sed
3165 3537 3370 3608 ingenti
3397 3551 3616 3608 quoque
3646 3538 3817 3606 capti-

2213 3645 2404 3684 vorum
2433 3645 2660 3685 numero
2713 3630 3026 3701 depopulati
3058 3639 3202 3684 sunt.
3234 3629 3346 3683 Hoc
3394 3629 3580 3684 audito
3618 3629 3818 3685 Valens

2214 3721 2377 3776 rebus
2405 3723 2784 3790 quoquomodo
2815 3721 3129 3790 compositis
3154 3735 3276 3775 cum
3308 3722 3594 3776 Persarum
3618 3733 3798 3791 gente,

2211 3811 2265 3867 itt
2292 3812 2575 3868 Thraciam
2603 3815 2708 3868 cito
2733 3815 3034 3878 contendit,
3067 3823 3122 3868 et
3160 3828 3248 3866 an.
3285 3813 3389 3868 378
3414 3814 3554 3884 apud
3587 3815 3813 3870 Hadria-

2214 3905 2478 3974 nopolim,
2496 3907 2788 3962 commisso
2800 3922 2920 3960 cum
2950 3906 3192 3960 barbaris
3212 3906 3419 3976 prtelio,
3441 3923 3526 3962 res
3552 3907 3813 3962 infelicis-

2212 3999 2348 4052 sitne
2372 3999 2556 4053 cessit.
2599 3998 2730 4053 Nam
2759 4009 2978 4062 constat,
3007 3999 3177 4068 inquit
3205 4000 3573 4065 Marcellinus,
3605 4001 3689 4054 vix
3715 4010 3818 4054 ter-

2215 4093 2342 4145 tiam
2393 4093 2613 4146 evasisse
2651 4094 2907 4147 exercitus
2964 4103 3181 4163 partem.
3237 4090 3348 4146 Nec
3387 4093 3495 4146 ulla
3546 4093 3820 4146 annalibus

2214 4195 2404 4255 prwter
2433 4183 2752 4240 Cannensem
2783 4203 3009 4257 pugnans
3035 4188 3109 4240 ita
3137 4187 3205 4239 ad
3231 4187 3622 4240 internecionem
3639 4202 3722 4239 res
3748 4187 3820 4239 le-

2211 4281 2351 4350 gitur
2380 4289 2540 4352 gesta.
2573 4279 2682 4334 Hac
2713 4280 2764 4334 itt
2795 4279 3018 4334 victoria
3068 4279 3172 4334 dici
3207 4281 3292 4333 vix
3325 4288 3503 4348 potest
3543 4291 3676 4349 quot
3721 4295 3816 4334 va-

2215 4371 2413 4426 riarum
2443 4372 2847 4442 provinciarum
2883 4370 3082 4426 milites
3117 4370 3489 4440 captivitatem
3531 4372 3818 4426 subierint.

2214 4463 2320 4518 Sed
2353 4464 2480 4532 quid
2531 4465 2734 4519 milites
2784 4479 2921 4518 unos
2966 4465 3366 4517 memoramus!
3417 4463 3624 4518 Exinde
3671 4461 3818 4516 enim

513 4565 669 4610 tenus
701 4556 840 4610 dicta
882 4559 1229 4612 convincunt.
1264 4557 1415 4612 Nunc
1443 4568 1720 4625 pestremo
1762 4559 1882 4613 loco
1912 4557 2110 4612 factum
2140 4549 2194 4608 D
2219 4557 2380 4613 Gothi
2409 4559 2559 4624 elati,
2616 4574 2718 4614 nec
2746 4574 2850 4612 non
2886 4557 3146 4612 Romanis
3193 4558 3366 4628 magis
3398 4557 3668 4612 terribiles
3694 4598 3708 4621 ,
3741 4557 3824 4609 di-

511 4647 657 4702 aliutl
689 4645 1005 4702 historicum
1047 4648 1115 4703 ab
1159 4651 1396 4704 Auctore
1429 4650 1718 4704 indicatum
1766 4651 2108 4706 animadver-

512 4740 733 4797 tendum
767 4742 1138 4809 proponimus,
1179 4758 1246 4798 ex
1271 4757 1380 4813 quo
1419 4743 1469 4796 id
1499 4743 1674 4811 ipsum
1707 4752 1923 4814 tempus
1957 4743 2108 4796 miri-

513 4833 616 4888 fice
643 4832 1073 4888 conﬁrmabitur.
1102 4832 1159 4887 In
1186 4833 1292 4888 line
1320 4841 1478 4888 tract.
1507 4835 1591 4901 ll),
1625 4834 1715 4888 lib.
1743 4850 1781 4897 ι,
1812 4833 2110 4889 liberalita-

513 4931 622 4979 tem
672 4939 892 4980 suorum
941 4924 1245 4980 auditorum
1286 4925 1492 4980 Auctor
1539 4927 1955 4983 commendans:
2005 4927 2111 4984 Sed

514 5018 644 5082 lucc,
677 5017 874 5088 inquit,
903 5033 1006 5072 non
1046 5019 1114 5070 ad
1143 5034 1250 5084 vos,
1277 5022 1484 5089 fratres,
1510 5035 1724 5089 quarunt
1751 5021 1961 5091 largitas
1986 5035 2110 5090 pro-

513 5110 694 5164 vinciis
717 5111 953 5164 omnibus
975 5121 1094 5165 uota
1117 5123 1188 5166 est
1211 5153 1224 5176 ,
1249 5128 1466 5180 quorum
1489 5113 1575 5184 pia
1599 5114 1791 5167 semina
1811 5115 1964 5167 totius
1985 5131 2113 5185 quo-

515 5205 635 5258 dant
658 5205 808 5259 modo
834 5205 971 5260 orbis
997 5222 1087 5276 per
1126 5205 1347 5260 membra
1384 5207 1738 5275 jactantur;a
1781 5207 1919 5261 vobis
1966 5209 2115 5262 multi

514 5297 762 5366 redempti
787 5313 805 5350 :
834 5297 983 5352 multi
1007 5298 1186 5352 edictis
1207 5298 1455 5370 feralibus
1493 5299 1728 5354 liberati:
1755 5302 1901 5354 multi
1931 5301 2109 5356 condi-

513 5389 738 5442 tionibus
791 5390 940 5444 duris
973 5391 1113 5446 exuti
1160 5392 1354 5462 gratias
1403 5402 1584 5462 agunt.
1629 5391 1725 5446 Hic
1754 5391 1823 5448 de
1865 5396 2106 5463 captivo-

513 5497 632 5538 rum
659 5482 1034 5552 redemptione
1081 5500 1262 5539 sermo
1291 5493 1395 5552 est,
1424 5501 1651 5554 quorum
1679 5486 1793 5554 alii,
1830 5488 1930 5542 nisi
1974 5489 2111 5542 redi-

517 5588 795 5634 merentur
823 5621 840 5645 ,
885 5579 1036 5634 duris
1091 5580 1490 5635 conditionibus
1547 5581 1974 5650 premebantur,
2024 5582 2119 5638 alii

516 5672 680 5726 etiam
728 5671 891 5727 editis
941 5670 1199 5727 feralibus
1250 5673 1473 5727 obnoxii
1512 5685 1742 5728 mortem
1793 5675 2123 5743 cogebantur

517 5770 813 5835 oppetere,
869 5776 924 5821 ut
957 5763 1160 5821 ibidem
1219 5764 1273 5821 in
1312 5766 1752 5822 annotationibus
1809 5768 2118 5822 statuimus.

2216 4653 2381 4720 gressi
2402 4661 2522 4706 sunt
2552 4651 2794 4718 effusorie
2818 4666 2908 4721 per
2935 4651 3144 4704 Arctoas
3177 4652 3485 4720 provincias,
3530 4666 3657 4720 quas
3704 4665 3822 4718 per-

2218 4759 2457 4814 agravere
2495 4744 2704 4797 licenter
2747 4743 2974 4810 adusque
3015 4743 3216 4797 radices
3245 4743 3457 4811 Alpium
3505 4741 3768 4796 Iuliarum
3805 4783 3818 4805 ,

2218 4856 2343 4908 quas
2383 4838 2622 4892 Venetias
2668 4837 2960 4909 appellabat
3009 4839 3330 4905 antiquitas:
3369 4846 3494 4892 sttnt
3520 4837 3631 4907 ipsa
3681 4836 3824 4890 Mar-

2219 4932 2402 4987 cellini
2437 4932 2625 4986 verba.
2657 4932 2772 5000 Qua
2805 4942 2884 4985 tot
2910 4933 3306 5002 provinciarum
3340 4933 3391 4984 in
3437 4931 3686 4985 vastitate
3714 4946 3819 4985 non

2216 5023 2585 5079 Macedoniam
2615 5025 2790 5079 solum
2831 5033 2994 5093 atque
3021 5024 3379 5087 Thessaliam,
3404 5023 3473 5077 de
3492 5023 3692 5092 quibus
3718 5023 3824 5078 Zo-

2218 5117 2387 5170 sintus
2420 5115 2513 5170 lib.
2549 5132 2620 5179 tv,
2651 5131 2767 5186 cap.
2795 5117 2884 5181 51,
2909 5117 3191 5185 subegere,
3211 5115 3304 5170 sed
3346 5124 3545 5183 praeter
3585 5116 3824 5170 interne-

2218 5208 2430 5262 cionem
2461 5209 2856 5278 quampluriom
2882 5208 3198 5261 innumeros
3219 5224 3284 5260 ex
3303 5207 3426 5260 aliis
3448 5221 3663 5276 quoque
3682 5208 3823 5262 Mar-

2225 5299 2421 5355 cellino
2473 5303 2784 5356 memoratis
2816 5298 3107 5370 provinciis
3146 5299 3488 5354 deduxerunt
3533 5299 3817 5370 captivos,

2226 5407 2291 5448 ex
2324 5408 2555 5462 quorum
2598 5394 2856 5448 servitute
2889 5433 2903 5456 ,
2947 5389 3282 5454 venditione,
3312 5391 3397 5445 vel
3445 5390 3820 5462 redemptione

2225 5489 2571 5558 proﬁcerent.
2609 5487 2808 5542 Horum
2837 5495 3016 5541 autem
3038 5486 3402 5556 captivorum,
3427 5488 3516 5556 qtti
3549 5503 3575 5539 ιι
3599 5487 3711 5542 suis
3736 5501 3822 5542 re-

2223 5579 2355 5634 dinti
2379 5595 2484 5634 non
2521 5589 2789 5648 poterant,
2808 5579 3084 5634 calamitas
3101 5586 3247 5632 tanta
3271 5590 3408 5646 erat,
3443 5588 3501 5633 ttt
3521 5579 3668 5632 durat
3699 5594 3818 5632 ser-

2229 5675 2386 5728 vituti
2406 5675 2485 5728 vel
2507 5670 2678 5745 [Lvut]
2695 5659 2853 5725 morti
2884 5670 3045 5725 etiam
3061 5670 3476 5726 addicerentur:
3496 5669 3649 5737 cujus
3677 5667 3822 5722 cala—

2228 5767 2436 5823 mitatis
2467 5775 2610 5822 tanta
2637 5765 2958 5823 Christianis
2987 5765 3210 5828 incessit
3252 5761 3552 5832 miseratio,
3577 5770 3637 5818 ttt
3660 5776 3824 5834 pecu-
