4242 6168
544 266 615 325 65
1950 259 2482 319 PROLEGOMENA.
3154 283 3166 300 υ
3791 260 3860 314 ﬁl

545 387 826 460 profundo,
857 385 1133 442 destruitur
1152 386 1207 441 in
1229 395 1458 440 nostram
1481 383 1858 451 verecundiam,
1883 380 2156 437 deswvitur
2181 386 2231 448 Α
2262 382 2314 436 in
2341 391 2749 451 persecutorum
2778 385 3080 453 catalogum
3106 379 3229 452 jure
3257 381 3506 439 retulerit
3533 383 3864 454 Augustinus

544 480 598 535 in
640 495 890 550 corpora:
930 479 1077 533 dolor
1114 477 1261 532 nobis
1301 487 1373 532 est
1417 478 1644 548 injuriis.
1688 475 1807 532 Alia
1849 473 2156 529 testimonia

545 572 750 628 videsis
788 580 973 626 annot.
1022 571 1095 626 20
1144 570 1198 626 in
1239 579 1398 625 tract.
1429 570 1499 626 27
1551 570 1644 625 lib.
1677 585 1736 624 ιι.
1790 568 1927 636 Quid
1961 582 2152 639 porro,

547 666 593 722 si
633 666 768 721 falsa
810 665 1036 720 inolevit
1076 664 1263 735 opinio
1287 706 1302 731 ,
1347 665 1525 719 nullas
1565 672 1760 735 quarto
1798 664 1996 717 saeculo
2036 676 2159 732 per-

547 759 892 824 secutiones,
937 767 1203 830 martyres
1242 759 1418 812 nullos
1449 755 1652 812 fuisse?
1677 756 1868 812 Nonne
1893 754 2152 809 Constan-

550 853 625 907 tio
675 851 973 921 imperante
1025 866 1220 922 magno
1265 852 1587 906 Arianorum
1633 858 1860 919 patrono
1924 847 2041 901 dira
2103 846 2155 900 in

549 943 859 1017 Catholico‘s
887 946 1119 1001 Nicaeum
1151 946 1272 1001 ﬁdei
1303 945 1618 1000 defensores
1642 941 1947 1014 persecutio
1975 940 2151 995 desae-

548 1038 648 1094 viit
668 1082 681 1104 ,
715 1055 819 1110 qua
850 1039 943 1095 alii
971 1039 1023 1094 in
1054 1039 1274 1094 exilium
1305 1038 1596 1108 deportati,
1627 1037 1718 1092 alii
1739 1036 1968 1106 equuleo
2009 1033 2151 1098 torti,

549 1133 641 1187 alii
668 1133 828 1187 etiam
861 1142 1036 1188 morte
1076 1131 1321 1186 mulctati
1362 1130 1614 1186 fuerunt?
1654 1128 1789 1184 Hinc
1831 1127 2064 1182 Hilarius
2104 1125 2156 1180 in

551 1225 690 1280 libro
721 1225 979 1280 adversus
1009 1225 1378 1280 Constantium
1414 1240 1465 1277 ιι.
1504 1227 1554 1289 1,
1587 1220 1893 1276 Catholicos
1922 1218 1988 1273 ad
2018 1233 2160 1272 mar-

552 1319 748 1388 tyrium
777 1318 1048 1381 hortatur;
1077 1328 1130 1372 et
1155 1315 1397 1371 Liberius
1427 1316 1479 1368 in
1504 1315 1728 1384 epistola
1750 1312 1816 1366 ad
1833 1309 2161 1381 Confessores

552 1422 679 1466 ante
704 1412 925 1465 exilium
955 1425 1110 1464 suum
1140 1410 1362 1478 scripta,
1387 1424 1506 1476 qua:
1531 1417 1707 1462 exstat
1730 1406 1871 1476 apud
1903 1405 2159 1459 llilarium

553 1501 688 1571 frag.
720 1501 784 1566 6,
821 1502 904 1555 his
935 1500 1114 1556 verbis
1146 1501 1313 1555 utitur
1340 1515 1395 1554 n.
1430 1500 1456 1554 1
1484 1516 1497 1552 :
1529 1497 1651 1552 Jant
1687 1498 1755 1551 ad
1789 1501 2018 1569 futuram
2045 1499 2160 1569 gloo

549 1594 683 1650 riam
714 1604 964 1664 martyres
993 1609 1079 1647 vos
1105 1593 1412 1663 designavit.
1447 1590 1712 1647 Similiter
1741 1590 2068 1646 Athanasius
2106 1590 2158 1645 in

551 1683 781 1755 Apolog.
811 1685 878 1738 ad
908 1683 1192 1738 Constant.
1225 1701 1280 1738 n.
1311 1684 1407 1748 32,
1441 1698 1563 1753 pag.
1596 1683 1734 1738 316:
1773 1681 1912 1737 Nam
1939 1685 1983 1736 si
2009 1683 2046 1736 ii
2076 1684 2162 1753 qui

2261 473 2362 528 lib.
2394 488 2529 528 xvm
2555 474 2625 530 de
2646 475 2765 529 Civ.
2799 475 2916 541 Dei,
2961 489 3083 545 cap.
3111 472 3199 529 59..
3229 473 3446 529 Juliano
3471 474 3755 530 interfecto
3771 489 3861 528 an.

2260 564 2396 627 365.
2429 575 2546 635 post
2573 565 2737 620 breve
2757 565 2968 621 Joviani
2999 565 3284 635 imperium
3313 565 3722 621 Valentinianus
3745 579 3866 622 suc-

2259 658 2456 724 cessit,
2486 659 2576 730 qui
2617 660 2847 716 subinde
2883 661 3160 716 Valentem
3190 659 3410 716 fratrem
3443 663 3495 716 in
3528 662 3744 729 imperii
3771 677 3863 718 so-

2259 752 2511 806 cietatem
2543 753 2854 819 assumpsit.
2903 753 3001 808 llic
3021 762 3197 808 autem
3221 764 3530 824 postremus
3548 754 3868 809 Constantio

2261 845 2432 898 multo
2465 845 2838 900 vehementior
2863 845 2961 900 fuit
2987 847 3036 900 in
3067 847 3260 903 tuenda
3285 849 3605 903 Arianorum
3631 848 3828 905 haeresi
3847 890 3865 917 ,

2262 935 2473 1006 ﬁdeque
2495 937 2760 992 catholica
2783 938 3140 1010 oppugnanda
3165 955 3262 1009 per
3283 940 3554 996 Orientem
3573 985 3587 1008 ,
3614 942 3698 998 cui
3730 955 3870 1010 prte-

2262 1039 2413 1094 erat;
2454 1030 2523 1085 de
2561 1046 2666 1102 qua
2706 1032 3088 1101 persecutione
3123 1033 3455 1104 Augustinus
3493 1034 3684 1091 eodem
3725 1034 3870 1091 libro

2263 1136 2384 1190 cap.
2417 1121 2518 1188 52,
2564 1125 2681 1178 hmc
2719 1123 2920 1193 scripta
2962 1124 3214 1194 reliquit:
3253 1125 3522 1181 Postremo
3551 1137 3728 1181 nostra
3757 1144 3869 1182 me-

2263 1214 2429 1266 moria
2470 1211 2657 1268 Valens
2687 1253 2699 1266 .
2731 1254 2744 1267 .
2780 1254 2793 1263 .
2823 1216 3048 1269 Arianus
3071 1257 3084 1279 ,
3117 1232 3284 1270 nonne
3311 1234 3496 1288 magna
3525 1220 3875 1287 persecutione

2263 1322 2355 1376 per
2379 1305 2439 1359 01
2455 1305 2604 1359 ientis
2627 1317 2798 1378 partes
2840 1308 3148 1362 catholicam
3177 1309 3386 1362 vastavit
3408 1308 3562 1378 ﬁdem
3583 1325 3600 1374 ;
3625 1321 3675 1363 et
3700 1309 3792 1364 lib.
3833 1325 3872 1365 ιι

2262 1410 2452 1455 contra
2482 1401 2689 1454 litteras
2715 1400 2958 1455 l'etiliani
2989 1419 3042 1456 ιι.
3071 1401 3213 1458 206:
3249 1401 3494 1469 Quaerant
3521 1401 3648 1470 quid
3677 1402 3871 1457 Catho-

2265 1493 2365 1548 lica
2405 1496 2458 1548 in
2486 1493 2694 1549 Oriente
2735 1513 2976 1568 perpessa
3004 1497 3092 1558 sit,
3124 1497 3331 1567 quando
3367 1495 3560 1552 Valens
3591 1497 3875 1566 imperabat

2263 1589 2509 1642 Arianus.
2547 1588 2681 1644 Hinc
2725 1591 2910 1658 procul
2943 1589 3109 1645 dubio
3141 1589 3198 1646 S.
3236 1590 3558 1644 Ambrosius
3589 1590 3684 1645 lib.
3737 1605 3776 1644 ιι
3807 1589 3878 1646 de

2265 1680 2420 1744 Fide,
2447 1696 2569 1750 cap.
2602 1680 2692 1746 16,
2716 1683 3122 1752 persecutiones
3142 1682 3455 1751 appellans.
3481 1697 3614 1752 quas
3636 1682 3703 1737 ab
3725 1683 3879 1738 Aria-

552 1776 797 1830 adversus
829 1793 908 1832 me
931 1776 1248 1831 subscribere
1269 1775 1602 1844 recusabant,
1634 1786 1706 1829 tot
1731 1777 1986 1846 tantisque
2009 1776 2156 1830 malis
2187 1779 2234 1839 B
2264 1790 2457 1829 norum
2490 1773 2710 1844 perlidia
2730 1816 2745 1841 ,
2781 1776 3033 1830 nimirum
3061 1776 3162 1830 sub
3191 1775 3509 1830 Constantio
3540 1787 3594 1831 et
3629 1775 3876 1842 Valente,

551 1880 669 1923 sunt
696 1869 909 1935 affecti;
934 1871 978 1924 si
1008 1870 1156 1934 laici,
1187 1871 1272 1939 qui
1299 1887 1413 1923 cum
1441 1868 1648 1922 Arionis
1672 1869 2046 1922 communicare
2068 1884 2162 1922 no-

554 1961 792 2029 luerunt,
821 1963 1004 2030 capitis
1029 1962 1261 2016 damnati
1283 1972 1402 2015 sunt
1420 2005 1434 2029 ,
1465 1972 1570 2017 etc.
1599 1961 1806 2028 Quibus
1829 1961 2023 2016 similia
2049 1968 2162 2014 tra-

553 2054 693 2109 dens
724 2053 958 2108 Hilarius
987 2055 1039 2108 in
1069 2055 1204 2108 libro
1236 2053 1495 2109 adversus
1520 2053 1894 2108 Constantium
1923 2094 1938 2118 ,
1967 2067 2021 2107 ιι.
2058 2052 2119 2106 11
2146 2094 2162 2119 ,

558 2147 846 2202 Tolosanm
892 2147 1148 2202 Ecclesia:
1195 2148 1407 2202 clericos
1445 2146 1662 2217 fustibus
1701 2162 1893 2212 caesos,
1924 2145 2166 2200 diacones

556 2239 766 2310 plumbo
801 2239 953 2294 elisos
981 2248 1232 2295 testatur.
1267 2240 1380 2295 Huc
1411 2239 1727 2296 revocandae
1768 2240 1873 2295 illa:
1911 2238 2086 2294 cades
2114 2237 2167 2292 in

556 2331 920 2386 Alexandrina
942 2332 1182 2388 Ecclesia
1199 2331 1431 2403 Georgio
1457 2332 1743 2387 invadente
1762 2340 2012 2402 peractas,
2034 2347 2168 2402 quas

555 2421 886 2478 Athanasius
927 2422 1284 2478 considerans
1323 2423 1374 2477 in
1418 2424 1576 2492 epist.
1608 2423 1674 2477 ad
1704 2422 2078 2488 Orthodoxos,
2108 2439 2171 2476 ne

555 2512 750 2567 multus
794 2514 891 2567 sim
933 2513 988 2566 in
1014 2513 1299 2580 scribendo,
1328 2515 1521 2585 inquit,
1546 2516 1828 2584 persecutio
1851 2516 2016 2582 adest,
2044 2530 2171 2584 qua-

557 2605 620 2660 lis
644 2622 920 2676 numquam
943 2617 1095 2662 antea
1119 2609 1362 2662 atlversus
1385 2607 1672 2662 Ecclesium
1694 2609 1870 2662 oborta
1891 2619 1999 2675 est;
2029 2608 2169 2663 unde

557 2699 1022 2754 eminentissimus
1052 2701 1337 2755 Annalium
1367 2715 1564 2770 parens
1589 2689 1880 2756 cardioa‘lis
1910 2702 2170 2756 Baronius

557 2793 624 2848 iis
683 2794 870 2848 relatis
909 2809 1030 2863 qua:
1069 2793 1136 2849 ad
1185 2792 1486 2849 Constantii
1529 2795 1961 2864 persecutionem
2006 2795 2168 2864 perti-

559 2895 722 2949 nent,
747 2885 868 2952 jure
892 2884 1164 2939 concludit
1189 2901 1243 2939 ιι.
1272 2886 1362 2948 87,
1413 2887 1478 2938 ad
1531 2901 1621 2939 an.
1650 2885 1791 2941 555:
1823 2885 1907 2939 Ea:
1932 2887 2027 2951 iis,
2055 2902 2170 2958 qua:

560 2977 697 3030 dicta
727 2987 845 3030 sunt
876 2975 937 3030 de
974 2978 1315 3046 quarumdam
1349 2977 1696 3031 Ecclesiarum
1724 2978 2014 3045 vexatione,
2044 2977 2171 3049 quid

559 3079 757 3136 creterra
796 3085 962 3139 passa:
1000 3071 1130 3136 sint,
1185 3071 1300 3124 licet
1331 3072 1502 3140 potius
1530 3071 1817 3124 existimare
1848 3087 1999 3140 quant
2039 3071 2165 3123 scri-

2273 1868 2538 1924 Catltolici
2570 1869 2712 1938 passi
2746 1880 2903 1934 sunt,
2948 1885 3004 1924 ιι.
3038 1870 3143 1924 140
3173 1869 3252 1924 sic
3303 1868 3567 1940 loquitur:
3603 1867 3727 1923 Non
3758 1868 3878 1923 libet

2267 1960 2617 2030 confessorum
2648 1977 2816 2026 neces,
2844 1971 3117 2029 tormenta,
3143 1962 3300 2016 exilia
3323 1963 3584 2016 recordari
3602 2005 3618 2029 ,
3647 1971 3700 2016 et
3725 1977 3876 2017 num.

2269 2054 2367 2108 141
2397 2069 2411 2105 :
2444 2052 2551 2107 Sed
2567 2055 2684 2124 jam
2707 2054 2833 2108 satis
2861 2069 3132 2123 superque,
3161 2054 3481 2126 omnipotens
3508 2051 3668 2120 Deus,
3700 2062 3881 2108 nostra

2269 2147 2424 2201 exitio
2452 2157 2728 2218 nostroque
2750 2149 3000 2218 sanguine
3029 2147 3378 2216 confessormn
3405 2164 3549 2202 neces
3569 2189 3586 2215 ,
3613 2148 3768 2202 exilia
3793 2163 3880 2201 sa-

2275 2239 2544 2292 cerdotum
2565 2278 2580 2304 ,
2610 2248 2658 2291 et
2684 2241 2832 2309 nefas
2861 2233 3016 2292 tantté
3041 2238 3318 2308 impietatis
3341 2239 3580 2304 eluimus,
3609 2238 3753 2294 bello
3779 2240 3884 2295 sci-

2275 2329 2402 2385 licet
2439 2330 2696 2394 Gothico,
2735 2345 2802 2384 ex
2843 2345 2951 2401 quo
2992 2341 3137 2384 tanta
3180 2334 3230 2385 in
3259 2330 3562 2386 Romanum
3596 2331 3881 2402 imperium

2276 2422 2546 2494 pernicies
2573 2423 2841 2486 manavit;
2871 2432 2926 2478 et
2953 2423 3046 2477 lib.
3080 2439 3136 2478 ιιι
3174 2424 3241 2478 de
3267 2422 3421 2490 Fide,
3467 2439 3587 2493 cap.
3617 2425 3702 2489 15,
3730 2440 3884 2483 num.

2273 2513 2408 2570 1‘28:
2448 2512 2661 2568 Librum
2704 2514 3072 2569 sacerdotalem
3117 2515 3204 2588 (id
3246 2523 3330 2571 est
3367 2515 3638 2572 Nicamam
3683 2515 3881 2584 ﬁdem)

2274 2605 2387 2675 quis
2427 2615 2655 2659 nostrum
2682 2605 2944 2676 resignare
2973 2606 3162 2659 audeat
3182 2648 3198 2672 ,
3231 2608 3491 2679 signatum
3517 2624 3548 2660 a
3575 2609 3887 2679 confessori-

2275 2697 2390 2765 bus,
2419 2709 2466 2752 et
2494 2701 2771 2754 multorum
2790 2704 2904 2773 jam
2932 2700 3178 2770 martyrio
3203 2711 3550 2754 consecratum
3567 2701 3593 2754 ἵ
3617 2717 3764 2769 quem
3790 2739 3804 2754 .
3828 2741 3840 2754 .
3867 2741 3879 2754 .

2271 2792 2359 2861 qui
2385 2792 2574 2845 violare
2598 2808 2700 2845 non
2726 2793 2838 2846 ausi
2865 2803 2979 2845 sunt
2998 2833 3010 2852 ,
3039 2795 3352 2864 confessores
3379 2802 3424 2846 et
3447 2802 3697 2863 martyres
3725 2795 3854 2846 exsti
3871 2825 3883 2832 -

2273 2891 2459 2935 terunt.
2488 2881 2758 2949 Quomodo
2787 2884 2939 2953 ﬁdem
2962 2900 3136 2937 eorum
3164 2899 3433 2952 possumus
3461 2883 3732 2954 denegare,
3757 2900 3888 2955 quo-

2275 2989 2391 3027 rum
2422 2975 2689 3027 victoriam
2724 2976 3107 3043 prazdicamus?

2349 3065 2481 3119 Dum
2513 3065 2715 3120 Valens
2754 3065 2988 3122 Ariauus
3020 3070 3070 3121 in
3101 3065 3322 3122 Oriente
3361 3065 3670 3123 Cathollcos
3704 3082 3889 3138 perse-

561 3161 716 3216 bere:
758 3163 804 3216 si
849 3163 982 3217 enim
1020 3173 1094 3218 tot
1129 3173 1371 3232 tantaque
1406 3180 1516 3218 esse
1554 3173 1922 3230 memorantur,
1968 3179 2082 3234 qum
2115 3179 2178 3217 ea:
2204 3167 2250 3230 ρ
2280 3159 2567 3228 quebatur.
2617 3159 2963 3216 Athalaricus
3003 3159 3304 3215 Gothorum
3353 3176 3444 3216 rex
3495 3161 3550 3215 in
3593 3161 3888 3218 Occidente

562 3254 878 3308 diversorum
905 3264 1195 3324 temporum
1243 3257 1550 3326 scriptorum
1606 3257 1906 3328 fragmentis
1960 3255 2174 3310 collecta

565 3361 725 3415 nuper
755 3347 1130 3410 reccnsuimus;
1175 3348 1349 3416 qualia
1379 3358 1628 3417 quantave
1658 3349 1853 3418 reliqua
1884 3347 2044 3416 fuisse
2075 3364 2171 3413 pu-

565 3438 723 3492 tanda
749 3449 868 3492 sunt
912 3455 1027 3509 qua:
1049 3441 1248 3509 sepulta
1273 3442 1476 3496 silentio
1502 3451 1873 3502 remanserunt,
1897 3457 2012 3494 cum
2035 3442 2079 3494 si
2103 3441 2179 3495 vel

566 3529 724 3582 unius
752 3526 1021 3594 Ecclesiae,
1049 3532 1130 3584 cui
1158 3531 1441 3586 catholicus
1465 3533 1518 3586 in
1543 3533 1898 3586 communione
1927 3532 2179 3585 catholica

565 3619 688 3674 cleri
703 3617 820 3692 [ιιι]
837 3633 990 3692 atque
1007 3622 1188 3691 populi
1205 3635 1438 3692 prwesset
1456 3622 1762 3692 Episcopus,
1777 3639 1856 3677 res
1877 3623 2179 3690 conscripta:

574 3712 820 3783 fuissent,
856 3713 1052 3785 grande
1077 3712 1308 3767 volumen
1335 3729 1398 3766 ea:
1426 3714 1586 3767 illatis
1615 3713 1678 3768 ab
1709 3713 1916 3768 Arionis
1946 3713 2179 3767 cladibus

567 3804 747 3874 procul
776 3805 930 3858 dubio
960 3804 1179 3875 diligens
1209 3805 1481 3860 historicus
1510 3807 1828 3876 confecisset.

646 3895 848 3951 Deinde
879 3896 1069 3951 eodem
1123 3897 1441 3952 Constantio
1499 3899 1797 3968 imperante
1837 3896 2008 3968 Sapor
2049 3898 2179 3953 Pcr—

568 4002 749 4041 sarum
779 4004 873 4043 rex
899 3985 1160 4043 Romanis
1188 3989 1413 4044 infestus
1440 4005 1686 4062 magnam
1709 3989 1973 4044 adversus
1994 3990 2181 4045 Chris—

571 4081 746 4135 tianos
777 4083 1210 4149 persecutionem
1239 4085 1565 4149 commovit,
1596 4084 1647 4137 in
1679 4099 1784 4154 qua
1812 4082 1966 4153 plura
1994 4083 2178 4138 Cltris~

571 4171 841 4227 tianorum
875 4173 1041 4228 millia
1073 4173 1355 4240 obierunt,
1389 4175 1719 4246 Hieronymo
1761 4183 1898 4230 teste
1927 4175 1980 4229 in
2009 4175 2177 4230 Chro-

569 4265 713 4320 nico.
745 4265 1082 4322 Sozomeuus
1113 4267 1204 4323 lib.
1239 4285 1307 4334 ιι,
1338 4283 1368 4323 ιι
1399 4269 1577 4339 capite
1610 4268 1786 4338 primo
1814 4269 1878 4325 ad
1907 4268 2175 4326 decimum

570 4359 787 4412 tertium
807 4400 822 4424 ,
858 4360 997 4414 hanc
1029 4361 1458 4430 persecutionem
1490 4362 1607 4417 fuse
1635 4361 1927 4428 describit,
1965 4363 2175 4432 plures-

569 4464 676 4520 que
704 4467 734 4504 e
761 4452 1090 4522 martyribus
1119 4451 1391 4516 nominat,
1425 4455 1478 4508 in
1507 4470 1681 4525 eoque
1717 4456 2059 4512 solummodo
2088 4471 2175 4509 er-

2278 3263 2468 3306 contra
2489 3252 2712 3308 eosdem
2739 3253 3028 3324 pugnabat.
3055 3253 3327 3309 Habemus
3353 3254 3516 3309 etiam
3549 3270 3689 3309 nunc
3744 3271 3886 3325 pra--

2280 3345 2644 3398 mantissimas
2687 3344 2948 3400 Ecclesiae
2985 3344 3230 3401 Gothicae
3272 3347 3478 3400 litteras
3498 3349 3563 3400 ad
3589 3346 3885 3402 Ecclesiam

2279 3435 2654 3506 Cappadocem
2701 3438 2932 3507 scriptas
2970 3453 3112 3491 anim
3152 3438 3293 3503 572,
3335 3438 3385 3492 in
3416 3439 3610 3508 quilnts
3641 3439 3697 3494 S.
3731 3439 3888 3495 Sahae

2281 3532 2602 3603 martyrium
2625 3531 2969 3588 describitur.
3011 3533 3088 3588 De
3119 3533 3217 3588 hac
3262 3535 3639 3604 persecutione
3665 3550 3693 3586 a
3727 3535 3888 3590 variis

2281 3627 2486 3678 comvis
2527 3626 2842 3681 auctoribus
2883 3625 3124 3690 ﬁrmata,
3149 3640 3378 3696 quorum
3402 3627 3708 3680 testimonia
3749 3625 3884 3680 Rui-

2286 3718 2491 3772 nartius
2521 3718 2574 3771 in
2601 3727 2720 3771 acta
2749 3719 2806 3772 S.
2834 3718 2990 3773 Saba:
3019 3718 3270 3790 martyris
3297 3718 3526 3788 allegat,
3554 3718 3886 3788 Augustinus

2282 3808 2377 3864 lib.
2428 3825 2564 3864 xvut
2601 3809 2670 3865 de
2690 3807 2920 3865 Civitate
2946 3811 3060 3874 Dei,
3085 3825 3204 3880 cap.
3228 3810 3330 3877 52,
3351 3810 3729 3878 litecscripsit:
3765 3808 3885 3864 Non

2281 3911 2353 3956 est
2391 3904 2673 3972 persecutio
2713 3904 3096 3974 computanda,
3137 3904 3340 3972 quando
3379 3920 3471 3958 rea:
3509 3902 3792 3958 Gothorum
3830 3904 3884 3957 in

2283 3995 2394 4066 ipsa
2418 3995 2606 4049 Gal/ria
2636 4005 2932 4062 persecutus
2960 4005 3033 4050 est
3055 3995 3703 4050 (Iltristianos‘crudelitate
3728 3997 3888 4049 mira-

2281 4088 2406 4153 bili,
2437 4107 2551 4142 cum
2579 4091 2646 4143 ibi
2675 4106 2774 4144 non
2801 4098 2967 4143 essent
2993 4088 3092 4144 nisi
3117 4088 3404 4155 Catholici,
3431 4106 3647 4158 quorum
3673 4091 3887 4162 plurimi

2283 4187 2532 4256 martyrio
2557 4185 2789 4239 coronati
2817 4185 2976 4238 sunt?
3004 4185 3272 4240 Prmterea
3310 4184 3650 4240 Christianos
3688 4184 3884 4240 barba-

2284 4293 2469 4334 rorum
2493 4278 2708 4334 illorum
2731 4279 2974 4350 captivos
2987 4279 3240 4334 idolorum
3263 4280 3533 4350 contagiis,
3556 4288 3694 4334 metu
3708 4280 3886 4334 mortis

2282 4373 2576 4442 inquinatos
2600 4373 2888 4429 didicimus
2943 4389 3007 4428 ex
3039 4373 3359 4439 Ambrosio,
3403 4373 3516 4433 lib.
3539 4387 3577 4427 ιι
3608 4371 3677 4428 de
3703 4371 3885 4439 Ofﬁc.,

2282 4479 2403 4535 cap.
2434 4465 2527 4529 28,
2555 4477 2611 4521 et
2636 4481 2703 4520 ex
2731 4465 2814 4519 his
2839 4479 2934 4521 eos
2963 4466 3122 4519 morti
3149 4463 3371 4520 allectos
3396 4464 3768 4535 intelligimus.
3793 4464 3887 4534 qui

570 4553 649 4595 '3'
671 4583 684 4604 ν
709 4543 850 4612 il“0d
881 4542 1029 4598 illam
1052 4543 1120 4599 δά
1140 4546 1478 4601 Commmini
1507 4562 1680 4601 ωνιιηι
1711 4550 1926 4614 Γθῖθΐθιν
1956 4548 2083 4602 dum
2110 4562 2175 4604 ex
2206 4560 2259 4620 D
2282 4556 2592 4614 christiana:
2622 4557 2745 4613 ﬁdei
2777 4572 2882 4612 non
2912 4555 3331 4625 valedixissent,
3365 4572 3464 4612 nec
3505 4555 3665 4611 idolis
3693 4557 3888 4612 inuno-

571 4634 859 4702 autiquiori
884 4635 1197 4709 Hieronymi
1227 4640 1538 4694 testimonio
1552 4639 1782 4708 aliisque
1805 4654 1837 4694 a
1862 4639 2075 4695 Valesio
2090 4641 2186 4696 ad-

571 4727 750 4782 ductis
790 4729 844 4782 in
887 4732 1169 4787 notatione
1209 4732 1276 4787 ad
1307 4742 1468 4802 caput
1521 4735 1588 4787 15
1623 4733 1961 4802 exploratum
1989 4741 2099 4797 est.
2134 4735 2186 4789 id

570 4823 788 4892 generis
817 4825 1246 4891 persecutionem
1280 4829 1512 4894 cmpisse
1551 4838 1638 4880 an.
1673 4825 1797 4890 347,
1832 4825 2175 4896 productam-

572 4930 679 4985 qne
723 4915 894 4972 fuisse
937 4933 1106 4989 usque
1148 4917 1215 4971 ad
1258 4917 1422 4988 Regis
1462 4917 1582 4987 ejus
1623 4926 1884 4986 mortem,
1911 4919 2001 4988 qui
2031 4918 2177 4974 diem

573 5009 709 5063 obiit
737 5024 828 5062 an.
862 5011 985 5076 580,
1017 5013 1094 5064 uti
1127 5008 1439 5064 Ruinartius
1470 5009 1522 5063 in
1555 5009 1693 5062 Actis
1722 5010 1938 5063 sinceris
1979 5011 2174 5065 rectis-

573 5103 710 5157 sime
762 5103 982 5172 probat,
1010 5104 1096 5158 ubi
1122 5112 1314 5172 praeter
1343 5111 1638 5158 memorata
1667 5119 1696 5158 a
1722 5103 2026 5160 Sozomeno
2050 5104 2186 5159 alio-

575 5210 692 5250 rum
741 5207 860 5249 acta
901 5204 1202 5266 martyrum
1248 5209 1310 5250 ea
1355 5197 1406 5250 in
1449 5197 1829 5266 persecutione
1878 5197 2184 5254 functorum

577 5285 914 5356 suppeditat.

645 5387 1020 5442 Constantium
1049 5388 1295 5445 Julianus
1325 5391 1568 5462 excepit,
1598 5391 1688 5461 qui
1729 5392 1939 5447 tametsi
1981 5390 2181 5446 nullam

575 5480 630 5534 in
670 5478 1015 5536 Christianos
1050 5493 1294 5552 apertam
1335 5485 1769 5552 persecutionem
1811 5485 2035 5550 indixit,
2079 5500 2184 5541 non

575 5571 732 5642 pauci
761 5582 942 5628 tamen
964 5613 982 5648 ,ξ
1013 5574 1130 5644 ipso
1157 5576 1494 5647 imperante,
1521 5578 1767 5648 martyrii
1801 5579 2029 5646 palmam
2057 5592 2189 5634 con-

571 5664 742 5732 secuti
786 5667 1088 5736 probantur
1114 5684 1180 5726 ex
1228 5672 1293 5726 iis
1322 5673 1456 5726 actis
1501 5687 1623 5743 quae
1654 5671 1901 5735 laudatus
1954 5670 2186 5746 Ruinar-

569 5757 676 5811 tius
706 5756 847 5816 inter
871 5747 1090 5816 sincera
1120 5761 1320 5832 publici
1344 5761 1483 5830 juris
1511 5761 1676 5830 fecit;
1703 5769 1764 5818 ut
1790 5763 1938 5819 illum
1966 5764 2191 5834 proinde

2289 4647 2519 4704 lassent.

2359 4739 2597 4794 Tandem
2620 4737 2817 4810 Pagani
2839 4753 2960 4794 eum
2982 4738 3069 4794 vel
3095 4739 3480 4810 imperatorum
3503 4738 3778 4806 mandato,
3803 4739 3890 4794 vel

2283 4830 2714 4887 Chrisﬁanorum
2755 4831 2892 4895 zelo,
2940 4831 3137 4900 templa
3181 4831 3447 4887 idolorum
3488 4831 3691 4897 everti,
3721 4831 3890 4887 simu-

2280 4926 2426 4982 lacra
2453 4927 2780 4993 comminui,
2806 4926 2892 4982 vel
2921 4926 3082 4981 etiam
3117 4927 3446 4996 pr0pinqnos
3477 4927 3648 4981 veteri
3702 4941 3890 4996 super-

2286 5021 2509 5075 stitione
2538 5021 2722 5075 reliCta
2752 5019 2969 5075 Christo
2999 5033 3195 5074 nomen
3225 5018 3356 5073 dare
3377 5063 3391 5087 ,
3420 5018 3631 5088 sibique
3657 5019 3890 5090 quodam

2284 5112 2449 5167 modo
2475 5113 2612 5183 eripi
2644 5112 2930 5178 viderunt,
2975 5126 3154 5166 nonne
3185 5112 3366 5166 furore
3394 5112 3627 5181 quodam
3661 5111 3848 5181 perciti
3871 5153 3887 5176 ,

2267 5205 2552 5262 seditione
2580 5205 2718 5262 facta
2738 5248 2750 5267 .
2782 5207 2837 5260 in
2864 5205 3204 5260 Christianos
3228 5205 3496 5275 quoslibet
3525 5207 3783 5275 impetum
3811 5203 3891 5260 fe-

2285 5316 2432 5368 cere,
2463 5301 2753 5371 pluresque
2784 5299 3211 5355 interfecerunt?
3241 5297 3515 5366 Legantur
3538 5309 3657 5354 acta
3687 5308 3892 5370 marty-

2286 5411 2404 5450 rum
2435 5393 2836 5451 Anaunensium
2865 5391 3154 5462 Vigiliique
3175 5390 3478 5446 Tritlentiui
3506 5390 3768 5461 episcopi,
3794 5391 3888 5458 qui

2287 5487 2388 5543 sub
2407 5487 2564 5545 ﬁnem
2579 5502 2793 5558 quoque
2815 5484 3003 5540 saeculi
3029 5483 3205 5555 quarti
3233 5485 3286 5538 in
3311 5483 3546 5540 ﬁnitimo
3570 5483 3891 5538 Tridentino

2289 5597 2420 5652 agro
2443 5599 2470 5636 a
2496 5581 2722 5652 Paganis
2743 5579 2909 5634 occisi
2947 5587 3092 5632 sunt.
3140 5577 3254 5630 Huc
3275 5585 3527 5647 spectant
3555 5577 3642 5632 illa
3664 5575 3720 5631 S.
3753 5577 3892 5630 Am-

2297 5672 2470 5728 brosii
2488 5669 2628 5753 [ut]
2649 5672 2686 5726 l.
2712 5688 2731 5726 ι
2759 5669 2828 5724 de
2865 5667 3077 5736 Officiis,
3101 5668 3492 5734 ministrorum,
3519 5684 3570 5724 c.
3599 5666 3691 5732 42,
3709 5683 3760 5722 ιι.
3783 5668 3886 5755 ηε

2296 5765 2588 5819 Cavendum
2619 5764 2770 5818 etiam
2799 5775 2935 5824 reor,
2967 5776 3030 5814 ne
3053 5761 3177 5815 dum
3208 5760 3368 5822 "aliqui
3399 5760 3556 5812 nimia
3582 5759 3762 5828 gloria?
3786 5764 3882 5812 ett-5
