4242 6168
357 219 434 276 65
1099 210 1572 272 DISSERTATIO
1613 215 1656 282 l,
1701 213 1791 270 DE
1830 215 1888 272 S.
1932 213 2227 291 ZENONIS
2264 215 2518 274 TRACT.
2566 218 2659 274 ΕΤ
2699 217 2994 277 ᾸΕΤΑΤΕ.
3679 236 3751 293 66

354 334 602 406 pidime,
632 330 946 386 insolentius
970 331 1236 386 abutantur
1262 331 1649 400 potestatibus,
1678 339 1726 386 et
1756 331 1988 396 plerum-
2014 331 2062 390 A
2093 331 2298 385 minum
2324 332 2495 386 movit
2516 332 2738 388 Eusebii
2767 334 3215 408 llieronymique
3255 339 3564 411 silentium,
3597 347 3757 406 facile

351 443 454 496 que
477 439 681 478 aversos
706 440 740 476 a
765 421 916 476 nobis
940 424 1127 477 animos
1152 419 1437 496 Gentilium
1464 422 1527 476 in
1553 424 1730 476 studia
1757 439 1998 493 persecu-

354 518 519 573 tionis
543 514 767 570 excitent
797 525 953 585 atque
980 516 1284 585 inﬂamment
1311 512 1383 565 ad
1412 513 1778 569 iracundiam.
1812 513 1999 584 Itaque

350 612 444 668 illi
469 619 528 665 ut
555 624 882 680 perseverare
904 609 1122 679 possint,
1149 617 1192 662 et
1217 606 1489 677 supplicia
1519 609 1744 671 vincere,
1773 618 1999 678 quantos

355 705 534 775 perire
555 702 789 774 faciunt!
834 702 923 756 ubi
951 709 1310 772 persecutores
1331 709 1390 754 et
1416 711 1705 774 martyres
1728 702 1998 758 iudicatos

354 798 535 853 vides.
559 795 697 865 Qua:
721 794 890 850 verba
917 795 1094 865 procul
1109 794 1271 851 dubio
1295 797 1728 864 persecutiones
1749 802 2001 865 spectant

354 891 628 948 excitatis
657 904 689 943 a
721 888 1010 944 catholicis
1037 887 1346 956 quibusdam
1380 887 1651 955 clericis,
1685 887 1770 944 vel
1801 903 1995 942 mona-

353 984 479 1040 chis
497 1025 512 1048 ,
537 982 630 1052 qui
657 981 794 1037 dum
822 981 988 1036 nimio
1010 979 1323 1035 Christiana:
1355 980 1654 1052 religionis
1678 981 1800 1038 zelo
1827 990 1998 1051 potes-

354 1086 492 1132 tates
521 1074 795 1130 adversus
824 1072 1089 1130 idolorum
1123 1073 1352 1142 templa,
1390 1073 1448 1128 in
1491 1073 1722 1128 Oriente
1766 1089 1998 1141 prmser-

353 1170 458 1226 tim
478 1212 492 1232 .
518 1168 972 1231 commovebant,
993 1163 1240 1220 Gentium
1266 1164 1711 1237 indignationem
1732 1164 1996 1221 adversus

351 1260 712 1317 Christianos
732 1258 1088 1320 concitarunt,
1110 1255 1162 1311 in
1183 1255 1382 1327 quibus
1408 1257 1633 1326 aliquos
1656 1255 1872 1327 quidem
1899 1273 1996 1326 per

353 1356 479 1410 haec
518 1363 771 1425 tempora
813 1367 842 1406 a
890 1348 1114 1421 Pagauis
1156 1351 1493 1406 tumultuose
1535 1352 1994 1407 concurrentibus

353 1449 578 1505 occisos
606 1447 754 1504 sacri
788 1443 1021 1501 Annales
1055 1452 1338 1499 testantur.
1373 1444 1512 1499 Post
1543 1452 1628 1498 tot
1661 1446 1997 1513 persecutio-

354 1555 489 1596 num
519 1538 706 1610 quarti
733 1536 925 1592 sasculi
955 1534 1255 1590 testimonia
1283 1535 1404 1604 quis
1437 1535 1853 1605 persecutiones
1907 1536 1992 1591 vel

359 1640 644 1702 martyres
686 1628 898 1698 aliquot
943 1625 994 1681 in
1037 1626 1354 1682 tractatibus
1400 1627 1472 1682 ab
1518 1629 1762 1683 Auctore
1807 1637 1992 1684 nostro

2107 422 2259 495 [uti]
2283 425 2634 494 expungitur.
2673 427 2960 483 Eusebius
2994 432 3148 486 enim
3172 432 3241 489 de
3270 435 3497 493 Zenone
3520 453 3628 494 non
3659 456 3760 512 po-

2105 517 2204 570 tuit
2243 518 2506 581 scrib-re,
2540 533 2663 574 cum
2700 519 2753 571 is
2781 519 3081 590 aliquanto
3115 537 3238 597 post
3268 529 3492 586 Eusebii
3540 542 3760 592 aetatem

2103 605 2368 702 ﬂoruerit.
2394 609 2522 702 ipse
2553 623 2684 702 vero
2716 607 3134 687 Hieronymus,
3177 621 3270 692 qui
3302 622 3372 677 de
3401 625 3767 702 setiptorihus

2104 699 2490 756 ecclesiasticis
2533 701 2867 772 catalogum
2915 713 3102 767 texuit
3129 728 3222 769 an.
3268 715 3400 782 592,

2103 900 2260 940 neam
2288 886 2686 985 suppeditat—tiu
2725 889 2996 958 eju~dem
3023 900 3214 968 operis
3253 903 3506 976 prologo,
3539 909 3633 968 ubi
3657 915 3777 985 plu-

2102 996 2193 1037 res
2224 983 2526 1081 praesertim
2571 981 2850 1081 id_:e_tatis
2893 991 3207 1060 scriptores
3239 997 3512 1058 omissum
3542 1005 3608 1063 iri
3640 981 3780 1081 pm-

2099 1071 2363 1139 sentiens,
2385 1089 2454 1128 ne
2497 1073 2568 1128 ob
2599 1070 2653 1126 id
2695 1071 2757 1126 in
2796 1075 3060 1135 invidiam
3100 1082 3512 1160 devocaretur,
3562 1070 3656 1156 bis
3685 1120 3774 1161 se-

2099 1177 2158 1265 se
2195 1165 2683 1265 verbis-excusat:
2722 1165 2793 1220 Si
2837 1169 2931 1237 qui
2981 1183 3168 1226 autem
3226 1176 3303 1231 de
3349 1181 3431 1237 his
3474 1192 3568 1256 qui
3615 1211 3772 1265 usque

2099 1258 2255 1313 hodie
2293 1259 2613 1328 scriptitarit,
2663 1277 2695 1313 a
2740 1276 2823 1313 me
2861 1263 2918 1316 in
2949 1263 3050 1320 hoc
3092 1267 3380 1328 volumine
3431 1258 3772 1349 μνωιενηιέεεί

2097 1361 2218 1405 sunt
2248 1394 2264 1419 ,
2298 1351 2396 1406 sibi
2427 1354 2596 1426 magis
2635 1369 2791 1420 quam
2841 1356 2976 1410 mihi
3021 1359 3308 1418 debebunt
3343 1369 3622 1444 impuram
3656 1381 3769 1438 Νε.

2096 1461 2198 1516 que
2221 1446 2361 1502 enim
2408 1446 2636 1500 celantes
2667 1447 2862 1544 scripta
2905 1466 3003 1506 sua
3043 1453 3110 1508 de
3164 1452 3288 1524 his,
3319 1466 3409 1533 qui
3435 1468 3591 1544 longe
3617 1487 3759 1541 sunt,

2097 1553 2250 1591 nosse
2294 1538 2459 1606 potui,
2494 1547 2543 1592 et
2586 1536 2728 1605 quod
2759 1540 2881 1594 aliis
2906 1546 3135 1613 forsitan
3198 1549 3279 1604 Sit
3318 1536 3680 1628 notumImi/ri
3707 1536 3764 1623 in

2097 1627 2194 1682 hoc
2222 1640 2475 1684 terrarum
2505 1629 2700 1699 angulo
2729 1632 2888 1700 fuerit
2921 1636 3196 1706 ignotum.
3230 1643 3385 1706 ςενιε
3408 1671 3530 1709 cum
3555 1661 3765 1729 “ripa-5

356 1735 706 1782 memoratos
753 1738 948 1793 urgere
986 1720 1214 1791 amplius
1252 1721 1424 1785 ausit,
1455 1731 1516 1776 ut
1546 1721 1993 1777 contra'eviden-
2022 1729 2069 1791 Β
2098 1721 2210 1775 suis
2237 1722 2547 1785 claruerint,
2580 1735 2688 1773 non
2726 1737 3046 1799 magnOpere
3088 1739 3280 1790 nostri
3321 1743 3523 1799 εειεηιίί
3542 1720 3760 1817 ἀίερξη,

359 1820 579 1876 tissima
613 1824 942 1890 argumenta
983 1815 1350 1884 superioribus
1391 1815 1748 1886 paragraphis
1787 1829 1990 1886 pr0po-

356 1913 469 1970 sita
503 1911 660 1968 illum
688 1927 718 1964 a
752 1920 950 1979 quarto
977 1908 1172 1964 saeculo
1203 1907 1601 1964 excludendum
1629 1908 1955 1964 contendat?

1014 2039 1241 2097 CAPUT
1280 2040 1367 2096 Ill.

360 2178 658 2222 PROBATUB
689 2174 983 2217 AUCTOREI
1029 2173 1408 2223 TRACTATUUH,
1456 2172 1599 2223 QUEM
1645 2172 1851 2214 VIXISSE
1900 2172 1991 2213 OS-

435 2270 718 2314 'I'ESDIIUS
771 2267 989 2310 ετεουιυ
1019 2267 1108 2318 ιν,
1141 2266 1265 2307 ESSE
1305 2266 1352 2308 Β.
1400 2267 1646 2308 ῑεΝοΝΕιί
1690 2266 1987 2308 EPISCOPUI

441 2362 830 2405 VERONENSSI.

364 2465 394 2537 §
433 2463 476 2518 1.
501 2491 577 2502 -
605 2459 923 2515 Memoratos
950 2466 1198 2513 tractatus
1226 2458 1342 2512 huic
1366 2457 1563 2513 Zenoni
1604 2474 1802 2531 semper
1841 2458 1988 2512 attri-

448 2555 628 2617 butas,
661 2561 711 2606 et
735 2551 1020 2618 codicibus,
1045 2560 1093 2604 et
1119 2551 1343 2621 antiquis
1364 2551 1594 2616 testibus,
1621 2561 1666 2605 et
1684 2549 1988 2605 Veronensis

450 2645 709 2701 Ecclesite
732 2642 1015 2697 traditione
1045 2642 1351 2697 ostenditur.

453 2738 567 2794 Sed
601 2737 715 2808 jam
759 2744 975 2806 tempus
1002 2744 1088 2790 est
1129 2744 1184 2788 ut
1220 2735 1285 2790 ad
1337 2735 1552 2791 tertium
1592 2733 1982 2791 controversia

369 2840 564 2900 caput,
611 2827 760 2901 quod
799 2827 1068 2900 propositi
1103 2827 1273 2882 nostri
1305 2829 1640 2896 potissimum
1683 2837 1788 2892 est,
1833 2841 1990 2882 acce-

376 2924 625 2978 damus:
669 2919 934 2975 nimirum
982 2935 1113 2974 num
1162 2919 1224 2986 is,
1273 2934 1431 2988 quem
1483 2921 1696 2976 unicum
1750 2919 1992 2974 omnium

381 3014 753 3070 iudicatorum
781 3018 1110 3067 tractatuum
1143 3021 1414 3065 auctorem
1438 3026 1558 3066 esse
1589 3013 1763 3081 capite
1795 3013 1993 3081 prium,

2097 1814 2188 1866 dia
2211 1814 2570 1885 suspirabunt.
2633 1812 2930 1873 Enimvero
2957 1823 3079 1891 quis
3104 1831 3302 1893 spuria
3331 1847 3592 1902 umquam
3620 1812 3753 1893 ven-

2098 1905 2295 1961 ditavit
2320 1906 2689 1976 Athenagorae
2717 1918 2772 1962 et
2795 1908 3183 1970 Commodiani
3215 1934 3404 1990 Opera,
3440 1925 3512 1977 de
3543 1928 3745 1992 quibus

2108 1999 2478 2072 Hieronymus
2531 1997 2668 2053 nihil
2711 2004 3006 2062 meminit?
3051 2009 3144 2080 qui
3187 2010 3318 2067 Julii
3348 2015 3480 2068 item
3517 2014 3741 2070 Firmici

2094 2089 2324 2147 Materni
2355 2099 2412 2146 et
2441 2089 2721 2147 Philastrii
2755 2094 2926 2154 libros
2953 2100 3024 2154 ob
3060 2105 3345 2158 materiam
3391 2104 3568 2158 multo
3593 2106 3741 2158 cele-

2094 2183 2220 2239 bres
2248 2183 2446 2239 eodem
2479 2185 2717 2239 auctoris
2750 2192 2929 2246 nostri
2958 2195 3161 2250 saeculo
3189 2210 3254 2250 ac
3282 2204 3446 2249 aetate
3493 2194 3735 2263 scriptos

2094 2279 2434 2348 prieterivit,
2468 2289 2525 2334 ut
2565 2295 2727 2337 nemo
2758 2293 2946 2344 tamen
2978 2289 3098 2344 illos
3126 2290 3179 2344 in
3229 2290 3459 2345 dubium
3494 2303 3731 2344 vocave-

2093 2371 2182 2425 rit.
2219 2370 2385 2426 Adde
2411 2371 2552 2443 quod
2584 2381 2912 2434 tractatuum
2969 2395 3067 2436 seu
3105 2382 3441 2436 concionum
3473 2387 3732 2436 auctores

2090 2461 2160 2516 ab
2189 2462 2438 2532 antiquis
2477 2479 2600 2519 raro
2629 2469 2890 2526 nominati
2923 2472 3199 2543 leguntur.
3233 2473 3374 2541 Quis
3400 2481 3730 2528 mentionem

2089 2553 2224 2638 fecit
2253 2555 2312 2610 S.
2351 2555 2664 2624 Gaudentii,
2692 2562 2936 2633 episcopi
2968 2565 3238 2630 Brixiani,
3279 2564 3374 2635 qui
3408 2574 3586 2622 tamen
3617 2565 3733 2638 ipse

2092 2647 2307 2703 Zenoni
2357 2665 2580 2722 suppar,
2639 2661 2902 2711 tractatus
2948 2659 3119 2728 magis
3169 2641 3502 2718 elaboratus
3549 2662 3736 2720 vivens

2093 2741 2321 2812 collegit
2352 2755 2411 2799 et
2436 2743 2642 2800 edidit?
2671 2745 2805 2813 Quis
2843 2765 3099 2820 umquam
3145 2754 3492 2812 meminerat
3526 2772 3734 2814 sermo-

2098 2849 2230 2887 num
2260 2833 2501 2919 S..Petri
2544 2835 2865 2912 Chrysologi
2886 2883 2900 2907 ,
2926 2851 3227 2912 antequam
3262 2859 3296 2900 a
3329 2846 3384 2903 P.
3421 2849 3579 2909 Pezio
3609 2853 3738 2912 edc-

2098 2933 2256 2979 retur
2280 2928 2602 3000 Anonymus
2642 2931 2990 2997 Mellicensis,
3044 2933 3133 3003 qui
3184 2949 3338 2991 unus
3385 2957 3451 2998 ex
3499 2947 3738 3017 antiquis

2102 3031 2225 3069 eum
2279 3016 2485 3076 idcirco
2532 3023 2675 3077 inter
2719 3025 3123 3080 ecclesiasticos
3151 3027 3459 3098 scriptores
3490 3016 3727 3094 retulit?

376 3118 435 3164 et
490 3116 771 3160 auctorem
823 3102 1046 3175 quidem
1096 3102 1276 3172 quarti
1321 3102 1505 3156 szeculi
1543 3103 1717 3171 capite
1758 3101 1996 3156 secundo
2026 3111 2071 3174 ρ
2103 3109 2443 3178 Gennadius,
2474 3117 2563 3182 qui
2607 3118 2965 3187 epismlamm
2996 3117 3054 3173 so
3101 3117 3310 3176 Leonis
3361 3130 3732 3188 les'imonium

381 3198 649 3252 hactenus
703 3193 1228 3258 demonstravimus,
1276 3208 1401 3247 num
1449 3194 1515 3258 is,
1560 3194 1800 3263 inquam,
1834 3194 1903 3246 sit
1935 3192 1992 3248 S.

381 3291 536 3347 Zeno
565 3291 860 3360 episcopus
894 3285 1250 3344 Veronensis.
1300 3285 1450 3354 Quod
1483 3296 1539 3340 ut
1577 3287 1858 3356 probetur,
1895 3285 2003 3341 duo

392 3384 556 3441 nobis
582 3381 1019 3455 probandaresse
1045 3378 1438 3447 intelligimus;
1483 3378 1714 3446 primum
1759 3377 2005 3433 laudatos

385 3485 654 3533 tractatus
683 3474 811 3529 huic
836 3475 925 3527 uni
969 3471 1180 3527 Zenoni
1214 3483 1428 3538 semper
1471 3469 1638 3525 fuisse
1683 3469 1999 3534 attributus,

385 3578 504 3624 tum
543 3581 674 3622 vero
700 3566 817 3635 ejus
836 3574 1057 3619 aetatem
1089 3563 1143 3616 in
1168 3571 1416 3630 quartum
1441 3560 1699 3615 sa-culum
1721 3561 2005 3615 commode

390 3662 612 3718 cadere.
663 3660 745 3716 Ad
791 3660 1029 3729 primum
1070 3666 1256 3712 autem
1313 3653 1458 3722 quod
1502 3656 1754 3724 pertinet,
1803 3653 2005 3710 Zenoni

391 3756 616 3829 quidem
666 3755 766 3810 bus
800 3762 1063 3809 tractatus
1094 3747 1415 3805 nominatim
1461 3747 1776 3804 adscribunt
1819 3763 2007 3804 manu—

392 3847 587 3920 scripti
613 3860 802 3903 omnes
828 3844 1050 3901 codices
1084 3857 1193 3897 non
1242 3847 1352 3894 tam
1392 3841 1628 3911 generali
1681 3840 1768 3894 illa
1812 3840 2007 3895 inscri-

395 3942 605 4014 ptione,
649 3956 768 4012 qua:
819 3938 1101 3995 codicibus
1159 3931 1490 4004 praeﬁgitur,
1523 3948 1684 4004 quam
1733 3933 2006 3988 nonnullis

402 4034 655 4092 formulis
698 4033 752 4088 in
793 4031 995 4102 capite,
1044 4027 1133 4084 vel
1184 4027 1238 4081 in
1283 4025 1391 4081 ﬁne
1435 4025 1638 4094 aliquot
1685 4034 2008 4082 tractatuum

396 4125 893 4200 appositis,quibus
916 4123 1111 4178 unicus
1138 4117 1385 4176 omnium
1415 4128 1622 4184 auctor,
1651 4133 1808 4186 quem
1839 4117 2002 4188 cap.l

397 4220 686 4277 statuimus
719 4259 732 4284 ,
766 4217 824 4274 S.
879 4217 1030 4274 Zeno
1058 4224 1254 4286 aperte
1282 4210 1606 4280 nominatur,
1649 4217 1708 4266 ut
1741 4226 1808 4267 ex
1851 4210 2010 4268 dictis

400 4314 599 4372 eodem
623 4313 819 4384 capite,
848 4311 877 4384 §
911 4313 968 4378 l,
1000 4310 1268 4381 colligere
1298 4306 1648 4362 licet.Solum
1689 4319 1810 4360 cum
1842 4305 2010 4375 prima

402 4407 578 4464 editio
599 4422 629 4462 c
658 4405 884 4463 Guarini
912 4401 1136 4461 schedis
1164 4411 1384 4471 sumpta
1407 4399 1698 4470 prodiisset
1722 4412 1813 4453 an.
1847 4399 2008 4465 1508,

2105 3203 2350 3272 locuples
2373 3205 2633 3275 profudit,
2669 3210 2737 3265 de
2757 3211 3103 3267 sermonibus
3129 3225 3198 3265 ne
3222 3215 3450 3272 verbum
3478 3222 3722 3291 quidem.

2108 3294 2227 3349 Alia
2279 3295 2329 3350 id
2381 3299 2597 3366 generis
2647 3303 2816 3357 multa
2859 3303 3202 3371 dimittimus,
3237 3320 3364 3363 cum
3415 3312 3483 3368 ad
3528 3313 3727 3372 similia

2108 3387 2414 3444 refellenda
2448 3391 2693 3460 pluribus
2719 3412 2944 3453 necesse
2969 3413 3076 3453 non
3106 3398 3199 3454 sit.

2184 3484 2376 3576 hlirum
2409 3502 2571 3554 porro
2621 3491 2858 3548 maxime
2901 3493 3099 3548 accidit
3145 3495 3400 3554 inventos
3443 3517 3589 3571 esse,
3633 3507 3726 3576 qui

2109 3574 2178 3666 de
2211 3575 2431 3632 Zenone
2464 3589 2655 3635 nostro
2684 3584 3008 3648 scriberent,
3037 3585 3240 3641 nullam
3268 3605 3584 3649 sermonum
3607 3574 3728 3666 ejus

2111 3664 2306 3720 factam
2358 3667 2525 3724 fuisse
2572 3674 2933 3741 mentionem,
2967 3685 3254 3747 antequam
3306 3680 3382 3736 illi
3428 3664 3727 3744 ederentur

2115 3756 2355 3813 Venetiis
2385 3773 2476 3813 an.
2510 3761 2674 3826 1508,
2703 3780 2827 3820 cum
2860 3783 2889 3820 a
2917 3749 3326 3825 Veronensibus
3370 3773 3578 3842 jamdiu
3613 3779 3720 3833 ali-

2111 3859 2243 3920 quot
2286 3852 2622 3922 antiquiores
2665 3871 2728 3910 ea
2770 3858 3007 3914 editione
3055 3869 3218 3917 testes
3275 3867 3467 3934 prolati
3500 3868 3722 3927 fuerint.

2113 3943 2354 4015 Baptism
2381 3945 2635 4002 Perettus
2672 3948 2725 4004 iu
2773 3951 2954 4007 latinis
2977 3953 3202 4010 scholiis
3232 3955 3298 4011 ad
3335 3957 3506 4014 Vitam
3541 3961 3598 4018 S.
3623 3963 3724 4020 Ze-

2114 4037 2272 4092 nonis
2298 4037 2368 4092 ab
2405 4038 2641 4107 ipsemet
2669 4041 2851 4100 italice
2881 4047 3243 4116 cottscriptam
3283 4049 3453 4106 edidit
3489 4053 3720 4112 Carmen

2115 4130 2388 4188 Michaelis
2428 4131 2644 4189 Fossati
2693 4135 3036 4194 lucubratum
3086 4156 3176 4196 au.
3213 4144 3374 4212 1482,
3423 4147 3476 4202 in
3527 4163 3636 4219 quo
3667 4150 3723 4207 bi

2117 4241 2306 4282 versus
2342 4225 2597 4296 leguntur
2625 4245 2640 4282 :

2211 4338 2350 4407 Zeno
2372 4353 2538 4404 sacer,
2561 4344 2836 4407 patriaeque
2861 4353 3021 4407 pater,
3050 4351 3133 4395 tua
3155 4360 3292 4397 musa
3317 4354 3511 4400 tuorum

2272 4402 2949 4469 Sermonuin‘codex'qua'nta
2973 4408 3119 4458 docet
3136 4408 3306 4460 fuerit.

403 4515 510 4558 nec
533 4499 750 4556 codices
779 4508 963 4555 essent
991 4497 1230 4569 cogniti;
1287 4494 1552 4561 nonnulli,
1585 4493 1675 4563 qui
1709 4506 1817 4559 non
1862 4490 2003 4547 codi-

2117 4504 2195 4560 Ne
2222 4521 2351 4561 vero
2395 4505 2516 4576 ejus
2561 4509 2806 4578 opusculi
2851 4509 3045 4568 raritas
3090 4512 3437 4582 obtrudatur,
3483 4518 3722 4578 editores

406 4609 503 4649 ces
537 4593 718 4657 modo,
743 4591 838 4650 Sed
855 4606 964 4648 nec
991 4589 1288 4646 editionem
1315 4586 1484 4656 ipsam
1514 4586 1784 4651 viderunt,
1815 4599 1880 4640 ex
1906 4599 2012 4638 non

405 4690 552 4746 bene
577 4687 868 4744 intellectis
910 4685 1050 4743 Sixti
1079 4682 1346 4742 Senensis
1374 4680 1552 4737 verbis
1581 4693 1865 4752 perperam
1898 4677 2016 4747 Opi-

409 4783 526 4838 nati
571 4790 718 4844 sunt.
767 4778 1068 4836 Guarinum
1126 4778 1307 4848 ipsum
1360 4774 1461 4830 hos
1512 4780 1770 4830 tractatus
1817 4769 2019 4826 Zenoni

410 4875 675 4939 aflixisse,
702 4889 997 4944 eorumque
1031 4884 1352 4944 procurasse
1394 4869 1714 4935 editionem,
1761 4864 1907 4922 unde
1951 4864 2020 4920 de

413 4968 525 5023 illis
555 4967 701 5021 nulla
725 4976 885 5023 exstet
911 4965 1052 5036 apud
1083 4977 1274 5022 veteres
1319 4964 1537 5028 ruentia;
1578 4975 1700 5032 qua:
1745 4969 2018 5030 postrema

414 5061 814 5117 animadversio
861 5061 1122 5118 cardiuali
1166 5058 1496 5116 Bellarmino
1540 5055 1858 5128 gravissima
1907 5053 2022 5108 visa

416 5162 528 5220 est,
560 5152 867 5209 memoratis
890 5155 1032 5210 inter
1069 5162 1304 5208 caeteros
1335 5150 1568 5207 Eusebio
1613 5156 1776 5216 atque
1828 5152 2024 5207 Hiero-

417 5262 614 5317 nymo,
656 5247 796 5318 apud
835 5262 972 5318 quos
1018 5247 1088 5303 de
1135 5246 1358 5302 Zenone
1403 5242 1706 5301 Veronensi
1753 5257 2025 5301 summum

420 5339 727 5394 silentium.

500 5432 575 5488 At
605 5433 671 5488 de
699 5433 932 5501 somnio,
961 5448 1068 5506 quo
1089 5438 1416 5489 tractatuum
1447 5429 1746 5500 suppositio
1774 5439 1828 5487 et
1853 5431 2019 5488 editio

422 5528 672 5585 Guarino
701 5527 1037 5599 impingitur,
1071 5525 1206 5582 nihil
1231 5525 1427 5580 attinet
1468 5523 1671 5590 dicere,
1719 5539 1842 5579 cum
1895 5524 2026 5582 illud

428 5630 634 5695 praeter
667 5619 827 5676 ﬁdem
845 5621 1089 5676 codicum
1110 5619 1226 5691 ipsa
1247 5617 1503 5673 editionis
1523 5616 1684 5672 verba
1712 5617 1763 5671 in
1785 5617 2026 5688 generali

426 5715 756 5792 praefatione
787 5717 956 5774 relata
985 5714 1116 5772 satis
1156 5713 1442 5785 disjiciant.
1475 5712 1628 5781 Quod
1669 5729 1798 5771 vero
1825 5712 2029 5773 Bellar-

2121 4599 2465 4655 Veronenses
2503 4601 2557 4656 in
2584 4602 2931 4672 praefatione,
2964 4605 3058 4674 qui
3104 4605 3156 4660 in
3203 4605 3554 4666 Bibliothecis
3579 4629 3716 4682 quo-

2121 4709 2226 4764 que
2255 4693 2470 4749 Patrum
2499 4695 2733 4750 Zenonis
2758 4696 3017 4766 operibus
3049 4699 3363 4770 pra-ﬁgitur,
3407 4703 3545 4758 duos
3583 4706 3720 4764 alios

2122 4794 2290 4842 testes
2337 4787 2659 4859 allegarunt,
2697 4788 2944 4845 Flavium
2972 4791 3236 4850 Blondem
3269 4795 3449 4852 saeculi
3483 4815 3554 4853 xv
3580 4802 3718 4857 scri-

2124 4889 2334 4950 ptorem
2381 4881 2433 4935 in
2486 4881 2601 4937 Ital.
2653 4881 2734 4936 Ill.
2765 4899 2880 4954 reg.
2913 4884 2968 4950 9,
3002 4895 3054 4940 et
3081 4885 3300 4944 Petrum
3329 4889 3396 4946 de
3439 4890 3722 4952 Natalibus

2124 4975 2438 5044 episcopum
2488 4977 2808 5045 scriptorem
2854 4978 3039 5034 saeculi
3092 4996 3180 5036 xw
3211 5024 3227 5048 ,
3275 4984 3367 5038 lib.
3416 5001 3433 5040 ι
3475 4984 3716 5061 Catalog.

2132 5066 2450 5123 Sanctorum
2477 5084 2597 5138 cap.
2624 5067 2714 5124 45.
2753 5069 3002 5125 Perettus
3045 5087 3206 5142 porro
3257 5077 3308 5130 iu
3360 5078 3582 5135 scholiis
3612 5098 3722 5138 me-

2132 5157 2355 5212 moratis
2396 5158 2600 5214 addidit
2625 5159 2972 5216 Guillelmum
3005 5163 3378 5238 Pastrengum,
3425 5173 3515 5240 qui
3543 5173 3723 5230 medio

2130 5252 2345 5308 circiter
2385 5255 2586 5309 saeculo
2633 5269 2724 5309 xlv
2771 5253 2972 5310 ﬂoruit.
3029 5257 3125 5312 llic
3170 5273 3350 5316 autem
3393 5263 3448 5318 in
3501 5281 3726 5336 perraro

2133 5360 2298 5416 opere
2340 5346 2391 5401 in
2432 5345 2595 5402 editis
2642 5347 2904 5418 inscripto
2933 5349 2998 5402 de
3038 5350 3340 5422 Originibus
3382 5371 3577 5424 rerum,
3625 5359 3724 5415 sed

2136 5453 2443 5508 perperam,
2474 5438 2600 5494 dum
2626 5441 2711 5506 (ut
2737 5442 2941 5511 optime
2970 5444 3358 5502 animadvertit
3386 5449 3568 5520 Scipio
3591 5451 3724 5506 Maf-
3813 5507 3818 5512 ,

2135 5531 2268 5588 [eius
2318 5530 2414 5586 lib.
2443 5545 2482 5586 ιι
2523 5530 2591 5588 de
2635 5531 3006 5603 Scriptoribus
3035 5535 3462 5614 Veronensibus)
3491 5542 3603 5596 haec
3646 5545 3730 5598 in-

2135 5624 2360 5696 scriptio
2386 5623 2452 5678 ad
2481 5625 2776 5682 secundum
2806 5627 3149 5684 solummodo
3173 5627 3456 5704 Pastrengi
3483 5631 3728 5692 libellum

2140 5718 2403 5790 pertinet;
2453 5718 2659 5790 primus
2703 5729 2883 5776 autem
2933 5719 3011 5778 illi
3060 5722 3374 5794 praemissus
3400 5743 3466 5785 ex
3493 5727 3736 5792 auctoris
