4242 6168
439 269 515 324 41
1809 267 2026 326 PROLE

2132 267 2340 327 MENA.
3672 280 3744 336 48

442 400 563 440 cum
593 388 796 440 Auctor
825 383 978 439 iniam
1001 371 1343 441 substantiam
1371 385 1572 442 acriver
1592 385 1849 453 inculcet,
1875 402 2036 458 quam
2065 387 2118 448 Α
2144 401 2370 444 necesse
2397 390 2578 445 esset?
2607 389 2932 449 Incredibile
2963 392 3014 447 id
3048 407 3180 450 sane
3209 402 3326 460 est,
3361 397 3403 452 si
3438 400 3746 469 prasertim

441 481 624 536 cateri
652 479 895 550 ejusdem
924 480 1028 534 aevi
1059 478 1246 535 Patres
1273 479 1535 535 adversus
1562 482 1792 536 Arianos
1820 497 1888 536 ex
1913 495 2038 551 pro-

439 573 621 644 posito
646 573 970 628 dimicantes
999 572 1364 642 inculcarunt,
1393 573 1878 630 consubstantialis
1908 574 2036 630 licet

437 680 625 722 vocem
680 678 1019 737 nequaquam
1063 663 1342 733 adhibeat,
1393 665 1525 721 satis
1573 680 1632 721 se
1681 667 2036 722 nihilominus

437 759 700 818 adversus
719 776 838 818 eam
871 760 1121 817 haeresim
1148 759 1518 816 decertantem
1542 760 1739 831 prodit.
1772 761 1878 818 Sed
1911 776 2035 832 per-

433 869 626 926 gamus
651 855 717 911 ad
743 856 870 912 alia.

506 949 659 1006 Hanc
684 965 844 1005 unam
875 950 1234 1007 substantiam
1265 959 1322 1007 ut
1349 951 1536 1007 Ariani
1566 951 1634 1008 de
1664 951 1843 1010 medio
1871 952 2032 1009 tolle-

433 1052 594 1110 rent,
640 1044 973 1115 olijiciebant
1022 1044 1122 1101 hac
1168 1045 1381 1101 ratione
1408 1045 1480 1101 de
1525 1045 1702 1102 Patris
1731 1046 2030 1102 substantia

431 1139 639 1210 aliquid
669 1140 839 1196 fuisse
867 1139 1169 1211 demptum,
1203 1146 1262 1195 ut
1285 1139 1455 1196 Filius
1477 1140 1814 1211 gigneretur,
1843 1142 2033 1211 sicque

432 1233 777 1290 imminutum
807 1244 857 1290 et
892 1233 1265 1304 imperfectum
1299 1233 1517 1289 Patrem
1541 1249 1572 1290 a
1595 1233 1896 1290 Catltolicis
1930 1233 2030 1290 ad-

432 1327 757 1382 mittendum
802 1326 1144 1383 dictitabant.
1195 1325 1404 1393 Quibus
1453 1335 1512 1380 ut
1558 1340 1618 1382 se
1664 1342 1726 1382 se
1771 1325 2033 1396 objiceret

431 1421 657 1485 Auctor,
713 1430 780 1474 tr.
821 1422 878 1488 Ξ,
915 1422 1018 1476 hac
1061 1419 1336 1474 locutione
1374 1433 1506 1474 usus
1537 1429 1621 1474 est
1675 1437 1688 1472 :
1735 1417 1899 1474 Pater
1937 1436 2029 1475 suo

429 1524 665 1570 manente
691 1515 889 1585 integro
915 1523 1073 1578 statu,
1093 1522 1257 1568 totum
1283 1528 1338 1568 se
1365 1512 1698 1582 reciprocavit
1725 1512 1778 1566 in
1808 1510 2027 1580 Filium,

428 1624 493 1662 ne
520 1609 644 1678 quid
666 1607 866 1662 sibimet
901 1607 1190 1679 derogant.
1222 1605 1292 1662 Et
1320 1613 1478 1660 tract.
1509 1605 1543 1659 5
1573 1622 1586 1658 :
1622 1603 1698 1659 De
1727 1603 1834 1660 Deo
1854 1604 2026 1659 nasci-

429 1709 517 1754 tur
555 1698 719 1766 Deus,
753 1708 915 1753 totum
945 1697 1116 1752 Patris
1145 1696 1358 1764 habens,
1393 1696 1524 1750 nihil
1553 1695 1805 1768 derogans
1832 1693 1981 1749 Patri
2009 1709 2028 1748 :

2150 484 2467 540 consideres
2498 526 2513 552 ,
2573 484 2824 556 Origenis
2876 490 3036 556 grmci
3089 490 3405 560 antiquique
3459 493 3749 563 scriptoris

2140 593 2303 649 opera
2333 579 2777 637 Occidentalibus
2817 582 3002 652 ignota
3034 583 3237 652 fuisse,
3269 596 3561 655 antequam
3590 589 3742 646 cele-

2139 669 2253 726 bris
2281 672 2653 728 controversia
2689 671 2758 728 de
2783 672 3034 744 Origenis
3067 674 3222 730 libris
3257 676 3361 732 sub
3389 677 3553 734 linem
3595 695 3748 751 pror-

2137 773 2231 818 sus
2253 765 2427 834 quarti
2450 766 2636 822 saeculi
2661 766 3014 822 excitaretur.
3039 767 3174 824 Illud
3197 781 3378 826 autem
3397 783 3610 830 certum
3661 786 3746 832 est

2139 854 2245 913 hoc
2276 857 2509 927 primum
2542 868 2788 930 tempore
2821 877 2928 916 non
2968 861 3036 915 ab
3075 861 3381 934 Epiphanio
3407 866 3608 936 solum,
3649 870 3746 926 sed

2136 968 2168 1009 a
2196 953 2516 1026 Theopbylo
2546 955 2918 1012 Alexandrino
2946 957 3177 1028 aliisque
3219 960 3588 1031 compluribus
3620 961 3743 1019 Ori-

2136 1061 2330 1119 genem
2360 1056 2634 1118 tamquam
2665 1049 2776 1103 Arii
2819 1059 3028 1120 patrem
3068 1050 3274 1108 traduci
3313 1053 3576 1124 ccepissc;
3617 1065 3742 1113 ante

2136 1139 2282 1210 quod
2317 1149 2529 1210 tempus
2555 1156 2676 1196 cum
2708 1155 2869 1197 nemo
2900 1159 3037 1197 unus
3071 1143 3326 1200 inventus
3377 1147 3449 1202 sit
3491 1150 3582 1219 qui
3613 1149 3734 1206 Ori-

2139 1231 2265 1304 geni
2287 1247 2412 1287 eum
2441 1247 2687 1290 errorem
2717 1233 2976 1302 aflixerit,
3009 1237 3142 1293 satis
3174 1238 3473 1308 probabilis
3504 1244 3742 1299 nonnul-

2136 1323 2205 1378 lis
2239 1323 2350 1377 visa
2380 1331 2465 1379 est
2517 1339 2704 1381 eorum
2743 1326 2835 1397 qui
2864 1325 3083 1398 Origeni
3128 1330 3489 1398 patrocinium
3527 1348 3744 1391 accom-

2136 1415 2424 1471 modarunt
2465 1418 2770 1482 excusatio,
2784 1416 3034 1490 Origenis
3057 1419 3227 1478 libros
3247 1422 3317 1477 ab
3337 1423 3556 1480 Arianis
3576 1425 3740 1484 fuisse

2133 1515 2442 1578 corruptos,
2476 1507 2636 1564 sicuti
2661 1509 2996 1567 adulterasse
3017 1527 3112 1568 eos
3135 1513 3192 1570 S.
3218 1514 3476 1573 Methodii
3507 1517 3742 1590 Sympooo

2133 1601 2291 1668 sion,
2340 1600 2499 1672 eique
2546 1603 2775 1659 Arianas
2825 1605 3111 1676 opiniones
3162 1607 3460 1666 inseruisse
3509 1620 3742 1668 testatur

2135 1692 2357 1747 Photius
2383 1693 2505 1748 cod.
2538 1692 2677 1762 223,
2709 1694 2870 1765 idque
2902 1697 3078 1767 ipsum
3107 1699 3372 1756 accidisse
3399 1703 3740 1772 suspicamur

427 1796 559 1850 alter
604 1794 787 1850 renitet
823 1793 880 1846 in
921 1793 1083 1846 altero
1107 1831 1121 1850 ,
1168 1790 1396 1864 cujusvis
1425 1789 1593 1863 gloria
1624 1789 1910 1843 communis
1953 1796 2026 1842 est
2055 1781 2104 1843 Β
2133 1784 2482 1868 Theognosto
2505 1829 2521 1855 ,
2574 1803 2735 1858 quem
2778 1789 2997 1846 Arianis
3033 1792 3402 1852 locationibus
3438 1807 3736 1855 scatentem

429 1889 610 1952 honor,
653 1886 777 1958 quia
802 1885 940 1956 quod
969 1893 1040 1939 est
1069 1881 1221 1951 Filii,
1265 1881 1443 1938 Patris
1492 1891 1567 1937 est
1609 1897 1626 1935 :
1670 1881 1810 1952 quod
1851 1879 2028 1935 Patris

429 1980 694 2036 amborum
731 1996 744 2032 :
777 1977 922 2047 quod
953 1977 1127 2047 ipsum
1158 1985 1414 2044 repetens
1442 1983 1513 2030 tr.
1537 1975 1573 2030 '5
1602 1972 1739 2032 alias
1769 1974 2028 2028 formulas

429 2074 648 2131 Arionis
689 2087 720 2129 e
763 2071 1028 2127 diametro
1055 2074 1334 2138 Oppositas
1360 2069 1557 2139 ingerit
1585 2085 1597 2120 :
1629 2066 1844 2146 Dedoto
1870 2075 2024 2134 totus,

428 2167 494 2222 de
520 2181 637 2221 vero
667 2180 838 2232 verus,
863 2163 928 2218 de
957 2161 1182 2232 perfecto
1211 2163 1490 2234 perfectus.
1521 2159 1709 2214 Totum
1731 2159 1909 2214 Patris
1935 2159 2029 2212 ha-

428 2260 571 2327 bens,
600 2258 732 2314 nihil
760 2257 1016 2328 derogans
1042 2255 1215 2311 Patri.
1249 2254 1379 2311 Item
1409 2262 1566 2310 tract.
1602 2254 1669 2311 15
1699 2253 1793 2308 lib.
1823 2268 1882 2319 II,
1923 2267 2026 2308 nu—

426 2367 566 2408 mer.
595 2353 630 2408 5
660 2369 674 2407 :
713 2350 1059 2406 Indeminutaz
1092 2350 1297 2404 deitatis
1342 2359 1555 2418 paterna
1585 2347 1894 2414 substantia,
1935 2362 2029 2418 pa-

428 2452 672 2515 ternaque
700 2443 955 2498 voluntas.
987 2442 1056 2498 Et
1083 2442 1139 2498 in
1166 2441 1273 2496 ﬁne
1305 2449 1464 2498 tract.
1502 2442 1538 2495 2
1574 2441 1667 2496 lib.
1694 2457 1709 2496 ι
1748 2439 1876 2514 τίτιι
1913 2456 2029 2494 cum

426 2537 481 2591 in
503 2535 664 2592 tribus
686 2552 791 2590 una
817 2536 910 2602 sis,
941 2534 1084 2589 nullo
1118 2543 1274 2608 pacto
1300 2533 1544 2588 dividatis
1570 2549 1589 2587 :
1615 2534 1759 2587 nulla
1790 2533 2029 2586 humana:

424 2628 746 2683 curiositatis
786 2627 1045 2682 calumnia
1086 2625 1436 2680 commoveris.
1478 2625 1522 2678 Α
1559 2633 1771 2696 paterno
1805 2623 1945 2692 fonte
1973 2621 2027 2675 in

430 2719 572 2776 Filio
599 2730 706 2776 tota
732 2721 1025 2792 refunderis
1051 2762 1066 2786 ,
1097 2729 1146 2774 et
1176 2729 1345 2774 tamen
1375 2727 1480 2773 tota
1504 2717 1589 2772 ubi
1615 2716 1904 2787 refunderis
1935 2732 2026 2770 nec

427 2812 644 2868 recedis.
707 2812 1193 2882 Praeoccupaturus
1244 2825 1380 2866 vero
1425 2809 1650 2864 alteram
1701 2809 2025 2864 Arianorum

427 2905 815 2977 objectiouem,
847 2919 951 2975 qua
990 2902 1471 2960 Sabellianismum
1513 2900 1798 2958 catholicis
1831 2900 2028 2971 impin-

423 3000 646 3072 gebant,
677 3014 741 3055 ac
767 2998 814 3055 si
844 3012 1008 3054 unam
1035 2996 1393 3053 substantiam
1427 2994 1822 3050 indeminutam
1855 2992 2026 3049 confi-

425 3101 607 3149 tentes
632 3091 809 3147 Patris
832 3099 885 3147 et
915 3089 1058 3159 Filii,
1087 3105 1250 3145 unam
1284 3089 1412 3146 item
1443 3099 1801 3155 utrorumque
1833 3101 2022 3156 perso-

2132 1876 2274 1932 idem
2298 1877 2525 1933 Photius
2548 1894 2646 1934 sua
2670 1888 2828 1937 aetate
2861 1885 3083 1953 reperit,
3107 1875 3234 1941 cum
3260 1903 3386 1944 eum
3421 1888 3561 1946 inter
3583 1891 3733 1947 locu-

2132 1969 2392 2040 pletiores
2421 1971 2673 2042 antiquos
2702 1973 2959 2030 catholici
2985 1976 3256 2048 dogmatis
3289 1992 3456 2037 teates
3476 1982 3738 2040 adversus

2131 2061 2383 2127 Arisnos,
2408 2063 2659 2121 adductis
2679 2065 2798 2136 ejus
2821 2066 3003 2123 verbis
3032 2070 3366 2128 Athanasius
3391 2074 3734 2144 allegaverit.

2131 2151 2394 2222 Equidem
2428 2155 2473 2210 si
2505 2155 2768 2228 Origenes
2811 2160 3190 2228 pra'cinuisset
3217 2161 3436 2219 Arianis
3458 2207 3472 2232 ,
3505 2169 3596 2236 qui
3640 2181 3736 2237 po-

2132 2246 2362 2303 tuissent
2397 2247 2566 2323 [xux]
2599 2261 2853 2308 auctores
2909 2255 3172 2312 adversus
3224 2257 3378 2313 illum
3406 2268 3532 2316 ante
3570 2276 3730 2317 exor-

2132 2349 2240 2395 tam
2281 2343 2710 2414 Origenistarum
2747 2348 3177 2404 controversiam
3209 2351 3378 2405 multa
3402 2353 3725 2420 scribentes,

2131 2442 2190 2486 et
2209 2444 2529 2491 accusantes
2561 2435 2614 2491 in
2643 2437 2763 2506 ejns
2788 2439 3047 2509 operibus
3072 2443 3263 2507 multa,
3290 2445 3368 2499 uti
3399 2444 3737 2514 bletbodius,

2141 2527 2458 2585 Eustathius
2478 2532 2870 2599 Antiocheuus,
2889 2533 3223 2604 Apollinaris
3245 2536 3326 2610 (lii
3346 2537 3454 2594 duo
3477 2540 3739 2610 postremi

2129 2621 2379 2676 acerrimi
2408 2621 2563 2679 fuere
2587 2625 2914 2680 Arianorum
2948 2629 3385 2702 impugnatores)
3407 2631 3502 2703 qui
3533 2635 3739 2703 potuis-

2130 2721 2281 2780 sent,
2323 2713 2575 2785 inquam,
2603 2716 2741 2772 nihil
2769 2718 3035 2788 ejusmodi
3068 2731 3279 2788 notare,
3311 2725 3457 2792 quod
3499 2727 3551 2780 in
3584 2725 3741 2782 Aria-

2129 2808 2292 2862 nismi
2323 2824 2542 2866 errores
2571 2809 2906 2868 deﬂecteret.
2939 2812 3107 2868 Illum
3143 2815 3352 2871 minime
3385 2820 3734 2889 reprehende-

2130 2911 2271 2967 runt,
2301 2901 2764 2970 inquitSocrates.
2795 2906 2888 2961 lib.
2918 2922 2992 2976 vr,
3025 2922 3146 2978 cap.
3180 2909 3268 2973 l3,
3303 2919 3565 2984 tamquam
3584 2915 3648 2969 de
3672 2913 3738 2971 S.

2136 2991 2390 3049 Trinitate
2415 2994 2552 3050 male
2580 2997 2918 3064 sentientem;
2965 3009 3249 3071 propterea
3282 3002 3462 3074 quod,
3504 3013 3564 3060 ut
3594 3005 3739 3062 idem

2129 3087 2206 3142 ait
2231 3088 2328 3145 lib.
2360 3105 2453 3157 vn,
2487 3105 2608 3162 cap.
2650 3095 2706 3154 ti,
2737 3090 3000 3164 Origenes
3035 3097 3228 3165 passim
3265 3097 3320 3150 in
3345 3099 3453 3152 suis
3472 3097 3618 3154 libris
3646 3097 3742 3155 Fi-

426 3197 552 3240 nam
593 3182 749 3238 fateri
779 3181 1043 3239 deberent
1072 3223 1086 3248 ,
1131 3181 1391 3252 praeclare
1421 3181 1681 3236 adversus
1725 3179 2023 3237 Sabellium
2055 3163 2102 3227 Ο
2134 3180 2263 3234 lium
2308 3181 2452 3237 Patri
2495 3193 2805 3239 maternum
2843 3163 3140 3255 confitetur.
3189 3188 3330 3256 Quid
3376 3189 3424 3244 si
3476 3191 3740 3262 Origenes

426 3293 550 3336 sese
577 3276 866 3347 explicavit
895 3284 1055 3332 tract.
1089 3275 1122 3330 7
1164 3274 1258 3330 lib.
1293 3290 1352 3341 tt,
1384 3289 1534 3330 num.
1559 3274 1616 3342 9,
1659 3273 1749 3329 ubi
1783 3281 1905 3344 post
1953 3271 2029 3328 al-

425 3372 595 3429 latum
629 3371 808 3426 locum
842 3367 1069 3424 Joannis
1103 3384 1159 3435 x,
1198 3368 1304 3424 ὅθι
1343 3365 1454 3439 Ego
1482 3377 1530 3422 et
1556 3365 1713 3422 Pater
1744 3382 1902 3421 unum
1930 3382 2024 3421 su-

425 3481 560 3531 mus,
593 3464 710 3522 bare
738 3463 886 3520 addit
921 3481 936 3520 :
971 3463 1121 3530 Quod
1147 3479 1250 3517 non
1281 3462 1454 3533 utique
1475 3461 1549 3517 sic
1576 3461 1680 3525 ait,
1708 3471 1763 3516 ut
1790 3461 1842 3517 in
1869 3476 2030 3516 unum

426 3557 556 3612 duos
593 3554 871 3627 redigenda
906 3554 1242 3624 confunderet
1267 3596 1282 3622 ,
1311 3553 1399 3608 sed
1429 3562 1482 3608 ut
1511 3553 1734 3607 duorum
1765 3569 1923 3608 unam
1949 3554 2030 3607 di-

425 3648 655 3704 vinitatis
679 3647 1043 3719 potestatisque
1084 3661 1192 3700 esse
1220 3645 1645 3715 omnipotentiam
1669 3660 1762 3697 nos
1801 3645 2026 3699 doceret.

428 3741 525 3798 Hae
559 3748 618 3797 et
643 3739 761 3796 alia
809 3740 994 3810 plures
1031 3736 1275 3809 ejusdem
1306 3736 1524 3807 generis
1553 3736 1798 3792 formula:
1829 3777 1844 3804 ,
1890 3749 2028 3806 quas

425 3834 708 3892 brevitatis
728 3833 896 3904 gratia
922 3831 1408 3902 praetermittimus,
1437 3829 1785 3900 pluribusque
1807 3829 1861 3885 in
1885 3838 2029 3884 trac-

429 3925 632 3982 tatibus
661 3924 921 3980 adversus
961 3924 1194 3979 Arianos
1224 3938 1288 3978 ex
1323 3923 1602 3993 proposito
1642 3921 1891 3978 recitatis
1913 3961 1928 3986 ,
1960 3935 2026 3976 ac

425 4019 484 4074 in
515 4019 710 4074 librum
743 4017 1038 4074 secundum
1096 4016 1266 4072 ferme
1291 4014 1451 4070 simul
1486 4014 1647 4071 editis
1675 4012 2023 4085 reperiuntur

429 4110 916 4182 frequentissimae,
955 4124 1140 4166 nonne
1175 4107 1460 4165 manifeste
1515 4108 1840 4164 convincunt
1896 4122 2028 4162 nos-

428 4213 572 4262 trum
620 4207 911 4263 Auctorem
959 4214 1083 4277 post
1109 4213 1289 4260 natam
1338 4203 1450 4258 Arii
1488 4203 1743 4259 haeresim
1785 4201 2023 4259 vixisse?

427 4301 640 4372 Aliqua:
665 4313 796 4356 sane
822 4295 1087 4368 ejusmodi
1113 4297 1414 4353 locutiones
1444 4296 1498 4352 in
1517 4294 1888 4353 A'ntenicaanis
1916 4293 2021 4350 Pa-

426 4393 601 4448 tribus
625 4391 854 4463 reperiri
877 4397 1105 4462 queunt,
1134 4397 1193 4445 ttt
1212 4388 1352 4445 inter
1380 4387 1604 4445 Latinos
1632 4403 1772 4444 unus
1798 4386 2022 4444 Tertul-

423 4485 603 4543 lianus
623 4484 792 4541 semel
812 4499 968 4538 unam
992 4480 1340 4538 substantiam
1353 4491 1409 4537 et
1428 4481 1825 4536 coaeternitatem
1851 4479 2023 4550 scrip-

427 4579 498 4634 sit
528 4620 544 4644 ,
587 4593 694 4635 non
743 4578 798 4634 in
834 4591 956 4633 eam
987 4584 1168 4631 tamen
1202 4576 1306 4630 vim
1353 4590 1458 4646 qua
1505 4589 1754 4629 errorem
1781 4573 2022 4644 aliquem

426 4669 592 4726 ferire
622 4670 861 4726 voluisse
905 4666 1194 4737 signiticet.
1238 4668 1306 4721 At
1335 4675 1412 4721 tot
1451 4664 1614 4720 simul
1647 4664 1936 4732 formulas,
1969 4673 2025 4722 et

429 4763 645 4818 Arianis
668 4761 946 4819 erroribus
975 4776 1006 4816 e
1032 4760 1300 4818 diametro
1344 4775 1408 4816 ac
1453 4759 1663 4816 directe
1703 4761 1981 4831 oppositas
2007 4801 2024 4828 ,

427 4856 737 4928 totiensque
766 4854 1026 4926 repetitas
1050 4854 1106 4910 in
1133 4853 1352 4910 nemine
1372 4854 1730 4910 Antenicaeno
1751 4854 2025 4927 quispiam

430 4949 752 5006 ostenderit.

503 5023 752 5096 Editores
797 5037 1140 5097 Veronenses
1177 5037 1301 5095 huic
1336 5039 1665 5111 oppositioni
1702 5055 1762 5096 se
1801 5037 2024 5096 satisfe-

427 5135 571 5193 cisse
609 5133 997 5200 crediderunt,
1029 5149 1152 5190 cum
1195 5132 1312 5190 haec
1356 5133 1556 5204 scripta
1599 5137 2019 5205 pronuntiarunt

426 5227 689 5284 adversus
727 5241 941 5284 errores
978 5225 1267 5298 Origenis,
1311 5226 1402 5297 qni
1448 5225 1562 5280 Arii
1607 5239 1762 5297 pater
1790 5228 1858 5284 ab
1895 5228 2021 5298 Epi-

430 5304 637 5391 phanio
669 5317 918 5374 traditur.
944 5317 1163 5375 Unusne
1207 5319 1412 5373 Auctor
1447 5325 1634 5372 noster
1678 5328 1919 5374 notasset
1966 5319 2019 5374 in

427 5414 658 5485 Origene
696 5411 982 5476 haeresim,
1024 5428 1183 5482 quam
1226 5426 1386 5467 nemo
1420 5427 1676 5482 umquam
1710 5423 1835 5468 ante
1865 5414 2023 5468 Aria-

427 5520 527 5561 nos
557 5505 611 5560 in
641 5517 708 5559 eo
737 5513 953 5560 notasse
981 5504 1268 5574 reperitur;
1300 5513 1353 5560 et
1386 5511 1494 5559 tam
1520 5503 1770 5575 repetitis
1798 5504 1850 5559 in
1884 5503 2022 5561 locis

422 5614 487 5654 ac
515 5612 617 5672 pro
637 5596 900 5654 concione
928 5603 1190 5664 notasset,
1224 5610 1288 5652 ac
1314 5596 1358 5651 si
1389 5594 1672 5668 Origenes.
1704 5595 1790 5652 vel
1831 5595 2022 5668 Orige-

423 5693 580 5748 nistze
607 5689 786 5761 palam
808 5689 898 5747 hic
921 5689 976 5744 in
1004 5688 1299 5747 Occidente
1347 5699 1594 5761 apertam
1625 5687 1876 5746 haeresim
1902 5697 2021 5745 tueo

419 5796 636 5856 rentur,
659 5785 712 5841 in
733 5801 894 5857 quant
924 5783 1184 5846 invehere
1211 5784 1412 5844 acriter
1446 5782 1730 5844 catholicis
1752 5781 2024 5856 episcopis

2133 3273 2497 3329 Arianismum
2521 3275 2732 3331 docuit?
2757 3276 2949 3332 Aetius
2978 3278 3228 3334 Eunomii
3257 3289 3559 3351 praeceptor
3582 3281 3740 3338 Aria-

2133 3379 2326 3420 norum
2351 3365 2720 3422 ferocissimus
2749 3366 2897 3422 illum
2927 3373 3275 3440 contempsit,
3301 3370 3493 3427 eodem
3515 3373 3740 3432 Socrate

2134 3467 2292 3523 te5te,
2312 3457 2404 3514 lib.
2440 3474 2499 3524 n,
2531 3473 2650 3528 cap.
2672 3457 2762 3514 55.
2791 3459 2946 3528 Quod
2978 3460 3022 3516 si
3054 3476 3119 3516 ex
3148 3462 3366 3519 Arianis
3393 3463 3485 3519 alii
3517 3466 3637 3536 ejus
3666 3469 3732 3522 li-

2132 3551 2260 3607 bros
2289 3553 2356 3608 ad
2389 3567 2502 3608 sua:
2532 3554 2757 3609 haeresis
2783 3593 2800 3621 ,
2832 3556 2907 3609 uti
2942 3557 3231 3626 putabant,
3261 3558 3734 3618 confirmationem

2131 3642 2370 3714 allegare
2395 3646 2573 3700 conati
2603 3653 2731 3700 sunt
2759 3686 2773 3710 ,
2810 3647 2930 3702 illos
2969 3649 3152 3704 statim
3185 3648 3417 3706 Basilius
3447 3660 3503 3708 et
3528 3652 3738 3727 Grego-

2130 3737 2243 3793 rius
2268 3737 2637 3794 Nazianzenus
2665 3739 3062 3810 redarguerunt,
3097 3741 3271 3813 inquit
3301 3743 3443 3800 idem
3473 3744 3732 3804 Socrates

2130 3829 2230 3884 lib.
2251 3845 2329 3897 tv,
2370 3845 2490 3900 Cap.
2521 3829 2615 3896 26,
2637 3838 2686 3884 et
2716 3829 2958 3903 Origenis
2987 3831 3281 3889 doctrinam
3307 3836 3371 3890 ab
3393 3837 3519 3907 ipsis
3545 3855 3739 3908 nequa-

2128 3937 2284 3994 quam
2355 3922 2574 3994 intelligi
2618 3921 3054 3979 demonstrarunt.
3125 3924 3241 3982 luto
3305 3928 3636 3986 Athanasius
3683 3931 3738 3988 in

2130 4017 2290 4087 epist.
2323 4015 2392 4072 de
2426 4017 2669 4072 Decretis
2697 4015 2934 4073 Niemnis
2962 4034 3110 4074 num.
3140 4019 3237 4087 27,
3271 4035 3393 4094 pag.
3439 4021 3570 4091 252,
3601 4023 3736 4080 Ori-

2129 4123 2321 4180 genem
2353 4122 2450 4180 pro
2480 4123 2540 4163 se
2561 4107 2839 4179 appellare
2859 4125 2967 4166 nou
2997 4109 3265 4167 dubitatrit
3295 4111 3561 4169 adversus
3579 4115 3737 4171 Aria-

2130 4215 2231 4256 nos
2260 4200 2614 4267 sentientem,
2663 4200 2953 4274 locumque
3001 4202 3119 4273 ejus
3155 4201 3355 4259 ibidem
3398 4203 3594 4277 allegat
3621 4221 3732 4278 quo

2129 4292 2420 4349 Arianismi
2468 4293 2881 4352 fundamentum
2916 4303 2972 4352 et
3001 4295 3177 4362 basis,
3214 4311 3245 4352 a
3294 4307 3482 4354 nostro
3519 4315 3738 4372 quoque

2127 4384 2408 4457 Scriptore
2437 4385 2668 4443 indicata
2692 4389 2896 4445 tractfl
2929 4388 3024 4445 lib.
3055 4403 3114 4452 n.
3144 4403 3294 4444 num.
3323 4391 3376 4459 I,
3407 4384 3566 4461 plane
3587 4393 3738 4450 evel-

2129 4475 2277 4533 litur.
2313 4476 2580 4550 Inteltigat
2616 4481 2754 4535 enim
2783 4479 3075 4554 (Origenis
3107 4480 3270 4536 verba
3299 4492 3428 4538 sunt
3457 4484 3528 4541 ab
3565 4485 3736 4541 Atha-

2052 4549 2104 4614 Ῑ)
2133 4572 2285 4630 nasio
2321 4549 2580 4644 recitata)
2604 4573 2692 4643 qui
2722 4549 2892 4630 dicere
2924 4549 3110 4642 audet,
3149 4575 3247 4645 fuit
3270 4575 3553 4646 aliquando
3575 4617 3592 4646 ,
3619 4594 3740 4633 cum

2134 4681 2236 4720 non
2262 4675 2392 4721 esset
2417 4663 2617 4720 Filius.

2201 4759 2285 4816 Ex
2321 4760 2424 4816 hoc
2448 4759 2622 4817 solum
2643 4759 2890 4832 Origenis
2917 4761 3228 4818 testimonio
3255 4763 3434 4834 potius
3476 4764 3736 4838 intelligi-

2133 4867 2272 4915 mus,
2305 4851 2470 4907 fuisse
2502 4851 2568 4908 id
2621 4867 2836 4924 quoque
2865 4854 3128 4923 temporis
3153 4855 3316 4910 alium
3353 4855 3613 4925 aliquem,
3642 4855 3737 4927 qui

2129 4944 2184 5000 id
2211 4943 2438 5012 diceret,
2470 4943 2612 5014 quod
2645 4944 2829 5000 Ariani
2859 4944 3086 5000 subinde
3111 4944 3369 5002 docuere.
3403 4945 3464 5000 In
3496 4944 3739 5020 ,Ευριο

2130 5036 2345 5106 quidem
2389 5035 2598 5093 exstitit
2634 5038 2691 5092 S.
2737 5037 3030 5106 Dionysius
3065 5037 3462 5095 Alexandrinus
3489 5039 3739 5112 Origenis

2131 5127 2459 5198 discipulus;
2483 5130 2575 5199 qui
2600 5145 2706 5184 non
2732 5138 2794 5184 ut
2820 5129 3036 5186 Arianis
3064 5132 3406 5199 praecineret,
3429 5131 3523 5187 sed
3557 5140 3616 5187 ut
3638 5133 3740 5189 Sa-

2131 5219 2378 5276 bellianae
2415 5223 2606 5279 haeresi
2639 5223 2690 5278 in
2721 5221 2887 5294 Lybia
2916 5222 3264 5294 finitimisque
3291 5222 3425 5279 locis
3467 5227 3736 5296 grassanti

2131 5330 2250 5371 sese
2263 5330 2582 5388 opponeret.
2605 5332 2724 5373 eam
2757 5316 3083 5374 locutionem
3114 5317 3326 5373 incaute
3356 5320 3656 5390 usurpavit,
3679 5330 3742 5379 ut

2128 5406 2298 5480 liquet
2325 5426 2389 5466 ex
2415 5411 2714 5483 fragmento
2734 5409 2977 5480 epistola:
3007 5409 3252 5480 ejusdem
3298 5411 3365 5465 ad
3414 5411 3735 5481 Euphrano-

2132 5521 2255 5562 nem
2282 5514 2338 5562 et
2361 5505 2727 5570 Animoiiium,
2769 5503 2913 5574 quod
2959 5503 3018 5560 S.
3071 5501 3400 5561 Athanasius
3445 5505 3640 5563 recitat
3680 5507 3734 5562 in

2132 5599 2292 5668 epist.
2307 5597 2375 5653 de
2405 5596 2648 5673 Sentent.
2675 5595 2938 5668 Dionysii,
2961 5613 3109 5653 num.
3132 5597 3472 5672 4,pag.246.
3503 5598 3730 5668 Etenim,

2133 5689 2225 5755 ait,
2249 5704 2368 5743 cum
2396 5691 2462 5743 sit
2483 5705 2563 5746 res
2584 5691 2745 5760 facta,
2770 5704 2873 5744 non
2899 5699 3010 5744 erat
3039 5699 3313 5762 antequam
3338 5692 3501 5758 ﬁeret.
3527 5690 3640 5748 Hac
3665 5691 3736 5748 de

2133 5797 2293 5842 causa
2353 5783 2640 5856 Dionysius
2683 5782 3081 5845 Alexandrinus
3122 5785 3348 5843 Romam
3394 5783 3604 5842 delatus
3647 5793 3733 5846 est
