4242 6168
492 225 565 281 49

1264 210 1720 270 DISSERTATIO
1760 212 1800 274 Ι,
1843 205 1930 265 DE
1969 208 2027 266 S.
2069 203 2138 261 ΖΕ

2244 201 2387 262 ιΝιε.
2428 203 2704 266 TRACT.
2749 211 2839 268 ET
2881 210 3164 268 ᾹΞΤᾹΊῈ.
3866 221 3934 281 50

495 349 563 398 ait
598 342 658 396 S.
717 337 1046 411 Dionysium
1097 348 1360 390 summum
1400 329 1735 395 Pontiﬁcem,
1778 327 1866 398 qui
1915 323 2125 414 litteras
2152 324 2208 384 Α
2234 335 2342 379 res
2374 334 2594 414 eosque
2623 325 2992 396 Christianos,
3042 341 3098 385 ut
3141 344 3207 386 ex
3252 334 3512 385 contextu
3556 293 3931 414 colligemus,

495 435 685 491 statim
722 431 1036 501 rescripsit,
1079 430 1130 484 iu
1166 426 1358 498 quibus
1407 439 1526 480 eam
1581 421 1909 478 locutionem
1967 413 2125 471 valde

499 523 889 599 reprehendit.
924 521 1048 578 Non
1079 521 1200 576 levis
1224 519 1404 591 igitur,
1430 515 1522 573 sed
1541 530 1740 570 summa
1760 521 1835 568 est
1861 509 2122 581 impietas,

506 620 797 676 Dominum
849 615 1031 679 aliqua
1083 612 1234 667 modo
1281 610 1636 680 manufestum
1663 607 1866 670 dicere;
1910 619 2029 657 nam
2081 600 2128 654 si

501 717 677 786 factus
707 711 811 782 fuit
836 707 1032 772 Filius,
1065 705 1163 777 fuit
1192 702 1470 772 aliquando
1511 715 1625 754 cum
1662 714 1763 751 non
1795 705 1921 751 esset
1943 712 1961 761 ;
1983 691 2129 764 atqui

498 810 602 878 fuit
649 820 861 877 seraper
912 819 931 857 :
972 803 1051 857 sic
1097 798 1386 870 Dionysius
1433 795 1712 850 Romanus
1742 792 1792 846 iu
1827 789 2130 860 fragmento

495 898 650 969 apud
724 893 983 952 eumdem
1030 890 1381 946 Athanasium
1447 887 1516 942 de
1577 884 1822 940 Dccrctis
1872 879 2126 944 Nicaanis,

496 1006 658 1047 num.
706 987 806 1057 26,
856 1002 980 1057 pag.
1012 982 1141 1040 252.
1175 979 1576 1039 Alexandrinus
1630 991 1758 1031 vero
1807 973 2130 1044 Apologiam

497 1098 633 1138 mox
663 1078 932 1138 reddidit.
965 1076 1018 1131 in
1047 1090 1150 1146 qua
1183 1072 1470 1129 consilium
1515 1083 1670 1124 suum
1697 1076 1885 1123 contra
1931 1064 2133 1120 Sabel-

498 1176 687 1231 lianos
721 1170 1074 1245 patefaciens,
1122 1177 1179 1222 ut
1206 1181 1264 1221 se
1290 1166 1358 1219 ab
1401 1180 1468 1220 eo
1513 1176 1700 1218 errore
1747 1174 1906 1230 quem
1942 1157 2134 1212 Ariani

500 1266 744 1324 Subinde
775 1269 1084 1334 arripuere,
1116 1261 1370 1330 probaret
1390 1256 1650 1321 alienum,
1691 1254 1860 1308 multa
1890 1252 2135 1316 scripsit,

500 1374 631 1429 qua:
664 1357 936 1411 adversus
962 1352 1194 1408 Arianos
1223 1347 1509 1405 catholicis
1551 1360 1746 1416 magno
1792 1344 1914 1398 usui
1956 1342 2133 1397 fuere.

507 1452 626 1507 llac
677 1463 813 1515 ergo
860 1462 930 1504 ex
974 1445 1200 1500 historia
1231 1443 1574 1514 exploratum
1603 1438 1681 1504 ﬁt,
1714 1438 1874 1493 tertio
1912 1436 2134 1508 quidem

502 1540 718 1598 sarculo
766 1553 888 1595 eam
936 1535 1225 1592 formulam
1259 1550 1288 1589 a
1347 1532 1624 1588 nonnullis
1677 1531 1729 1585 in
1775 1529 1886 1584 sola
1917 1543 2138 1600 quoque

504 1634 757 1706 Egypto
785 1631 1086 1687 adhibitam
1117 1626 1301 1696 (unde
1333 1627 1520 1698 paucis
1575 1631 1783 1679 tantum
1833 1621 1886 1676 in
1940 1635 2138 1676 monu-

2229 413 2403 486 apud
2426 418 2668 489 judices,
2704 421 2756 476 id
2788 430 2874 476 est
2903 424 3278 495 magistratus,
3320 421 3464 494 apud
3496 421 3700 479 divites
3747 445 3805 490 et
3831 443 3932 496 ali.

2229 508 2499 608 quotiens
2553 511 2733 566 solum
2774 513 2924 582 apud
2979 514 3166 570 Gentes
3209 533 3227 570 :
3277 532 3398 585 quas
3447 523 3745 586 quatenus
3796 533 3926 591 solis

2233 598 2480 656 Arianis
2509 604 2867 668 conveniant,
2905 621 2976 661 ex
3006 607 3450 663 annotationibus
3474 609 3652 665 simul
3687 626 3922 692 sumptis

2233 702 2578 761 cognosces.
2607 695 2756 762 Quid
2790 697 3050 767 pluribus
3074 717 3217 772 opus
3242 710 3358 767 est,
3393 710 3452 756 ut
3483 700 3795 771 Auctorem
3823 721 3920 774 ad-

2234 797 2445 841 versus
2459 785 2702 842 Arianos
2732 796 2845 845 tam
2876 794 3108 862 praecise
3132 795 3443 864 loquentem
3475 809 3687 869 quarto
3713 812 3915 868 saeculo

2234 874 2497 935 ﬂoruisse
2525 878 2857 952 intelligas?

2239 1015 2267 1086 ᾗ
2315 1015 2406 1072 ΙΙΙ.
2440 1046 2513 1058 -
2537 1017 2686 1071 Alia:
2719 1023 2901 1090 quarti
2933 1024 3114 1078 seculi
3143 1022 3364 1080 htereses
3390 1026 3453 1082 ab
3491 1032 3718 1095 Auctore
3741 1039 3907 1113 impu-

2600 1123 2792 1180 gnatae
2816 1126 3032 1171 aetatem
3055 1121 3173 1190 ejus
3199 1119 3538 1187 confirmant.

2313 1249 2594 1306 Addemus
2611 1250 2736 1322 jam
2766 1254 2836 1308 ad
2875 1255 3358 1313 conﬁrmationem
3381 1260 3514 1323 alia.
3543 1266 3738 1333 quibus
3754 1268 3894 1322 alias

2241 1342 2483 1398 haereses
2518 1355 2723 1414 quarto
2753 1347 2942 1409 Solum
2989 1347 3198 1404 sacculo
3237 1353 3448 1419 genitas
3509 1354 3654 1412 idem
3700 1368 3890 1413 auctor

2241 1435 2542 1506 impugnat.
2574 1437 2825 1493 Primum
2861 1449 2936 1494 tr.
2968 1441 3019 1505 l,
3055 1456 3208 1496 num.
3241 1441 3294 1508 5,
3329 1444 3424 1500 lib.
3457 1462 3498 1511 ι,
3548 1459 3745 1518 praeter
3765 1465 3883 1512 eos.

2239 1529 2332 1599 qui
2356 1529 2411 1583 in
2441 1530 2539 1586 Dei
2569 1531 2773 1586 Filium
2806 1546 3035 1588 errores
3059 1547 3414 1602 sparserunt,
3459 1539 3584 1596 illos
3608 1543 3769 1595 etiam
3797 1555 3884 1595 re-

2243 1622 2534 1693 prehendit
2555 1627 2645 1695 qui
2677 1627 2731 1679 in
2755 1623 3005 1693 Spiritus
3035 1627 3210 1683 sancti
3237 1628 3580 1687 divinitatem
3627 1631 3881 1686 subtilius

505 1727 712 1782 mentis
739 1721 1169 1780 Alexandrinam
1193 1720 1493 1776 Ecclesiam
1524 1713 1892 1785 spectantibus
1915 1713 2136 1785 legitur)
2169 1707 2216 1767 B
2244 1718 2633 1773 ratiocinantes
2663 1717 2998 1789 peccabant.
3047 1721 3162 1777 Sub
3203 1738 3330 1776 sono
3378 1723 3528 1796 legis,
3574 1724 3786 1794 inquit,
3817 1740 3883 1776 ac

503 1830 561 1875 et
591 1832 660 1874 ea
698 1814 998 1871 adhibitam
1033 1823 1239 1879 tuente,
1270 1821 1330 1880 ut
1350 1808 1719 1866 Sabellianam
1759 1805 2008 1860 ltzcresitn
2038 1821 2133 1860 ca-

507 1911 715 1964 tholico
764 1921 930 1962 sensu
971 1903 1308 1969 refellerent,
1340 1917 1446 1956 non
1478 1910 1538 1954 ut
1582 1912 1774 1953 novam
1818 1895 2140 1953 inducerent

505 2010 672 2070 atque
700 1996 1096 2056 defenderent;
1129 2010 1198 2051 ex
1244 2009 1352 2065 quo
1395 1990 1692 2062 Dionysius
1736 1987 2140 2044 Alexandrinus

507 2093 882 2148 commonitus
912 2104 1033 2146 eam
1062 2088 1352 2144 formulam
1381 2085 1676 2156 displicere
1696 2123 1712 2148 ,
1762 2081 1816 2136 in
1869 2080 2137 2158 Apologia

501 2186 834 2243 catholicum
865 2183 1065 2254 dogma
1100 2181 1170 2236 ita
1202 2180 1410 2235 diserte
1437 2175 1800 2238 conﬁrmavit.
1838 2182 1898 2228 ut
1936 2173 2027 2244 qui
2069 2187 2139 2227 ex

501 2279 744 2348 antiquis
769 2276 882 2332 Arii
911 2289 1161 2330 errorem
1192 2272 1450 2345 Dionysio
1478 2267 1862 2326 vehementius
1889 2266 2139 2323 luculen-

503 2373 721 2440 tiusque
748 2368 1021 2439 reiecerit,
1053 2367 1306 2421 inventus
1327 2365 1398 2419 sit
1421 2377 1604 2420 nemo.
1632 2360 1766 2431 Quis
1795 2359 1984 2430 itaque
2004 2372 2141 2414 con~

505 2472 593 2517 Ira
629 2463 788 2529 hunc,
817 2461 899 2515 vel
932 2459 1099 2514 alium
1148 2457 1386 2527 aliquem
1415 2453 1666 2526 ejusdem
1693 2453 1916 2522 generis
1947 2461 2005 2508 et
2033 2450 2137 2507 loci

509 2554 779 2608 hominem
807 2562 1076 2623 tamquam
1115 2549 1231 2604 Arii
1261 2560 1478 2604 errores
1503 2554 1948 2618 propugnantem
1971 2585 1988 2611 ,
2019 2541 2138 2599 iSIis

506 2648 562 2702 in
597 2645 897 2701 Occidentis
934 2640 1252 2715 regionibus
1281 2655 1444 2694 unum
1492 2646 1745 2694 nostrum
1787 2633 2134 2706 Scriptorem

498 2755 604 2812 pro
630 2745 886 2796 concione
912 2737 1118 2809 pluries
1141 2745 1196 2791 et
1215 2733 1415 2789 acriter
1443 2730 1780 2788 disseruisse
1809 2728 2130 2796 exisumet;

496 2847 557 2892 ct
605 2851 711 2891 non
754 2833 933 2905 potius
983 2830 1268 2902 intelligat,
1322 2828 1392 2882 ab
1433 2827 1540 2884 hoc
1587 2823 1770 2894 palam
1817 2821 2134 2894 impugnari

502 2931 731 2986 Arianos
758 2927 957 2984 saeculo
980 2937 1178 2998 quarto
1211 2923 1428 2992 ubique,
1463 2938 1534 2979 ac
1562 2917 1873 2992 praesertim
1894 2919 1955 2972 in
1984 2919 2134 2975 hisce

2244 1809 2385 1878 ﬁdei,
2417 1813 2690 1865 saecularis
2748 1825 2935 1866 amore
2967 1814 3245 1884 jactantite
3299 1830 3567 1880 accensus,
3619 1814 3879 1870 nascentis

2243 1899 2344 1956 Dei
2365 1903 2428 1959 de
2437 1901 2574 1969 Deo,
2607 1901 2956 1974 Spiritusque
2972 1909 3136 1963 sancti
3156 1908 3565 1964 inazstimabilem
3589 1909 3882 1977 incompre-

2243 1995 2652 2065 hensibilemque
2673 1994 2973 2054 divinitatis
3005 2002 3417 2072 perpetuitatem,
3442 2003 3568 2070 jure
3593 2002 3708 2072 ipso
3731 2041 3747 2065 ,
3776 2014 3880 2069 quo

2244 2105 2306 2142 εστ
2351 2105 2460 2145 δεεε
2497 2097 2591 2153 εδει
2625 2095 2959 2159 argumentis
2981 2105 3029 2152 te
3048 2112 3248 2168 cogere,
3279 2096 3598 2160 examinare,
3625 2092 3799 2148 metiri
3822 2107 3885 2144 ac

2245 2182 2536 2238 discernere
2585 2197 2748 2251 posse
2799 2193 3095 2254 praesumis.
3145 2189 3215 2246 Et
3260 2197 3452 2244 contra
3503 2187 3604 2242 ltos
3645 2184 3882 2255 Spiritus

2243 2276 2420 2331 sancti
2450 2273 2756 2344 aequalitati
2793 2282 3240 2352 prmjudicantes,
3293 2290 3452 2336 tract.
3493 2280 3582 2344 t3,
3625 2293 3773 2332 num.
3827 2277 3880 2340 l,

2245 2367 2342 2422 lib.
2377 2383 2436 2434 ιι,
2466 2365 2794 2436 praeclaram
2824 2371 2979 2430 illam
3009 2373 3405 2445 professionem
3432 2367 3603 2424 edidit
3638 2385 3652 2422 :
3703 2366 3886 2438 Spiri-

2244 2471 2326 2515 tus
2372 2468 2700 2520 sanctus.....
2760 2463 2961 2523 habens
2991 2486 3150 2524 unam
3188 2464 3558 2527 substantiam,
3613 2463 3876 2525 virtutem,

2242 2552 2510 2619 deitatem,
2543 2556 2895 2625 majestatem,
2945 2563 3368 2626 voluntatemque
3409 2552 3585 2607 Patris
3634 2563 3681 2608 et
3731 2551 3880 2607 Filii.

2239 2642 2342 2712 Qui
2380 2653 2568 2700 autem
2598 2661 2661 2700 es
2695 2647 3107 2719 antiquioribus
3137 2645 3416 2704 haereticis
3440 2643 3666 2713 Spiritui
3691 2653 3886 2701 sancto

2236 2733 2600 2791 detraherent
2651 2744 2815 2806 atque
2871 2739 3248 2814 decerperent
3299 2750 3406 2790 una
3453 2750 3574 2792 cum
3622 2735 3788 2806 Filio,
3832 2747 3892 2793 ut

2237 2829 2509 2885 Auctoris
2537 2837 2719 2885 textus
2750 2828 2882 2898 fert,
2916 2849 3091 2890 nemo
3125 2845 3268 2887 unus
3293 2837 3378 2884 est
3407 2831 3674 2889 omnium.
3705 2831 3896 2889 Ariani

2239 2922 2467 2978 fuerunt
2489 2923 2670 2993 primi,
2697 2924 2790 2993 qui
2820 2939 2946 2982 cum
2969 2926 3029 2982 in
3056 2925 3268 2983 Filium
3291 2939 3557 3000 errarent,
3586 2929 3787 2990 eodem
3812 2944 3901 2986 ar-

502 3024 666 3079 ltalia:
696 3021 890 3078 ﬁnibus
907 3020 1045 3076 duce
1064 3015 1338 3074 Auxentio
1359 3014 1970 3108 debaccliantesicum
2000 3027 2137 3082 prae-
2166 3092 2206 3108 η
2238 3025 2502 3087 gumento
2535 3020 2586 3071 in
2618 3015 2885 3085 Spiritum
2943 3031 3219 3079 sanctum
3265 3039 3446 3084 errare
3487 3038 3906 3101 consequenter

497 3118 689 3176 sertim
719 3132 823 3173 non
850 3131 966 3171 eam
1008 3115 1200 3177 solam,
1229 3125 1350 3203 quae
1372 3109 1445 3203 “in
1493 3109 1561 3167 S.
1601 3103 2132 3203 Dionysio-Alexan-
2161 3093 2208 3155 C
2240 3107 2538 3165 debebam,
2573 3109 2746 3179 Quam
2772 3123 2955 3170 .amen
2985 3121 3448 3184 cunaecmionem
3478 3127 3635 3203 prim
3665 3093 3900 3190 Ariano‘

497 3213 660 3269 drino
691 3208 1014 3281 reprehensa
1045 3205 1168 3271 fuit,
1212 3201 1310 3258 sed
1337 3200 1443 3255 alia
1481 3205 1688 3273 plures
1729 3195 2041 3254 locutiones
2070 3214 2139 3254 ex

503 3305 788 3380 proposito
829 3314 884 3360 et
935 3302 1134 3371 saepius
1162 3298 1465 3368 impugnet,
1509 3303 1653 3351 ante
1694 3292 1881 3346 Arium
1933 3295 2136 3349 nemini

510 3413 770 3470 umquam
799 3393 1048 3450 auditas?
1083 3392 1342 3463 Socrates
1364 3389 1512 3442 enim
1537 3388 1644 3442 lib.
1671 3399 1711 3451 ι,
1743 3397 1864 3452 cap.
1895 3384 1952 3448 6,
1985 3400 2140 3440 novas

514 3504 563 3549 et
590 3490 854 3547 inauditas
896 3487 1010 3543 Arii
1039 3484 1350 3540 assertiones
1391 3481 1632 3546 vocavit,
1676 3487 1732 3532 et
1779 3475 2138 3545 Sozomenus,

519 3586 619 3640 lib.
652 3598 831 3653 t,cap.
867 3581 968 3637 15:
998 3579 1152 3646 Quod
1183 3575 1435 3630 anemine
1461 3587 1709 3643 umquam
1735 3568 1927 3623 dictum
1949 3569 2140 3639 fuerat,

527 3679 640 3749 ipse
687 3677 739 3729 in
780 3672 1019 3728 Ecclesia
1075 3685 1239 3723 ausus
1281 3665 1437 3737 fuerit
1476 3664 1798 3734 prtedicare;
1844 3670 1971 3716 ante
2005 3677 2144 3732 quos

531 3777 792 3837 utrosque
820 3764 1066 3828 Ruﬁnus,
1091 3761 1188 3816 lib.
1213 3776 1242 3814 ιι
1271 3758 1437 3820 Hist.,
1459 3772 1583 3827 cap.
1611 3757 1636 3811 1
1663 3774 1676 3808 :
1707 3752 1880 3809 Praua
1907 3754 2146 3824 qua-dam

530 3864 599 3914 de
628 3859 732 3930 [ide
773 3856 962 3911 Christi
994 3857 1258 3926 proferre,
1287 3861 1334 3906 ct
1363 3865 1478 3914 qua:
1517 3857 1670 3904 antea
1720 3849 1775 3901 in
1814 3846 2143 3916 qutestionem

531 3966 817 4021 numquam
845 3956 1108 4013 uenerant,
1132 3945 1322 4013 ctepit;
1352 3942 1493 3997 unde
1529 3949 1586 3995 et
1628 3937 1860 3994 llilarius
1886 3937 2141 3993 Arianam

531 4061 720 4100 noram
742 4044 976 4098 htrresim
996 4052 1171 4106 vocat,
1203 4039 1295 4093 lib.
1323 4051 1393 4090 \‘Il
1417 4034 1484 4088 de
1511 4033 1692 4098 Trin.,
1729 4048 1874 4087 num.
1907 4031 1960 4097 5,
1979 4030 2144 4086 hane-

533 4141 633 4194 sim
660 4137 938 4203 novellam,
967 4150 1114 4187 num.
1137 4132 1190 4196 5,
1223 4140 1269 4183 et
1300 4127 1553 4183 novellam
1583 4130 1717 4181 tuem
1754 4140 1864 4194 post
1890 4123 2140 4195 quadrin-

536 4241 716 4303 gentos
741 4233 844 4300 fere
861 4245 1022 4282 annos
1038 4241 1200 4296 nuper
1221 4225 1496 4286 inventam,
1515 4221 1608 4275 lib.
1627 4237 1663 4284 ι,
1683 4219 1749 4273 ιιι]
1770 4216 2143 4273 Constantium

541 4342 698 4380 ιιιιιιι.
731 4325 789 4391 5,
817 4337 976 4393 quam
1007 4321 1212 4376 scilicet
1243 4329 1370 4372 ante
1414 4315 1604 4370 Arium
1632 4314 1816 4369 docuit
1853 4323 1908 4368 et
1938 4326 2142 4383 pr0pu-

538 4421 728 4491 gnarit
770 4431 962 4481 nemo;
990 4413 1245 4484 quidquid
1280 4412 1371 4476 sit,
1404 4409 1448 4463 si
1479 4408 1713 4476 cuipiam
1745 4405 1938 4462 similis
1963 4403 2141 4476 aliqua

2245 3216 2366 3304 rum
2388 3200 2460 3304 de
2484 3218 2593 3256 uno
2622 3200 2762 3257 Filio
2783 3202 3078 3304 disputare
3113 3223 3354 3280 contenti
3379 3200 3495 3283 non
3509 3226 3891 3303 inculcaruul;

2245 3292 2584 3388 unde‘ineo
2609 3309 2824 3351 errasse
2852 3300 3026 3354 notati
3061 3319 3178 3368 non

2247 3385 2460 3456 synodo
2486 3385 2576 3483 hic
2595 3401 2752 3483 error
2766 3388 3083 3450 damnatus.
3113 3385 3449 3473 Ροειρι-ίόηε
3470 3421 3648 3477 Summ
3665 3419 3857 3483 Ariani

2248 3491 2366 3582 seu.
2394 3479 2576 3589 pptius
2627 3478 2950 3539 Semiariaui
3014 3487 3079 3542 id-
3111 3463 3880 3589 erroris"invaserefquei;

2250 3571 2483 3672 proinde
2507 3573 2844 3631 cunt‘utalum
2862 3577 3058 3672 rvidere
3085 3599 3173 3644 est
3201 3557 3345 3666 apud

2248 3667 2316 3722 de
2337 3666 2621 3775 Trinitjite,
2650 3679 2706 3775 et
2733 3671 2873 3741 apud
2916 3654 3264 3775 Ambrosium

2248 3771 2461 3868 sancti?2
2490 3761 2911 3868 damnatumque
2932 3766 2986 3821 iu
3013 3743 3632 3856 Constantinopoli-tan:

2249 3867 2342 3908 an.
2364 3853 2490 3908 591.
2524 3852 2674 3910 Hanc
2712 3870 2844 3911 sane
2872 3857 3123 3918 hzeresim
3177 3885 3284 3925 uno
3315 3852 3616 3954 eodemque
3660 3852 3862 3947 ἐξερίηῶ

2249 3956 2471 4040 quarto,
2491 3963 2597 4016 quo
2623 3947 2847 4016 Ariana,
2871 3959 2925 4006 et
2954 3965 3020 4008 ex
3052 3959 3251 4017 Ariana
3285 3979 3464 4026 natam
3483 3947 3685 4036 diserte
3712 3983 3860 4040 alﬁr-

2251 4039 2907 4144 {l'la-Vil-SOZOtl-IPDUS-lib.
2947 4060 3016 4110 VI,
3050 4063 3170 4121 cap.
3213 4053 3324 4112 25:
3357 4059 3560 4121 Eodem
3608 4081 3837 4144 tempore

2254 4129 2479 4187 Valente
2530 4133 2736 4189 scilicet
2788 4134 3334 4216 imperante,inquit,
3380 4120 3564 4214 rursus

2249 4223 2486 4314 multatio,
2520 4233 2692 4278 utrum
2717 4226 2946 4296 Spiritus
2976 4244 3186 4289 sanctus
3213 4241 3442 4309 ejusdem
3473 4265 3588 4303 cum
3618 4239 3776 4310 Patre
3809 4271 3858 4314 et
3924 4236 3944 4247 ἱ

2254 4311 2397 4367 Filio
2413 4315 2716 4413 substantiis
2741 4320 3022 4413 censendus
3053 4336 3180 4378 esset
3203 4344 3222 4391 ;
3257 4345 3372 4398 qua:
3393 4336 3597 4402 quidem
3640 4311 3856 4413 quastia

2251 4421 2369 4460 cum
2395 4409 2732 4478 jarnpridem.
2792 4412 2846 4467 id
2889 4422 2971 4468 est
3004 4413 3117 4483 jam
3153 4418 3278 4476 inde
3314 4437 3344 4478 a
3389 4409 3852 4499 Semiaria'norum

542 4510 797 4574 ίοηηιιιθ,
819 4507 926 4564 alio
957 4517 1134 4561 tamen
1159 4516 1212 4560 et
1237 4501 1508 4559 catholico
1535 4498 1983 4556 sensuintellccta
2001 4537 2017 4562 ,
2050 4496 2144 4552 ad—
2169 4480 2225 4542 Ῐ)
2249 4508 2394 4566 ortu,
2427 4511 2597 4575 ccepta
2630 4503 2830 4573 fuisset.
2862 4513 2982 4560 tunc
3002 4480 3286 4566 maximum

544 4617 738 4661 versus
757 4602 1094 4658 Sabellianos
1122 4597 1402 4654 exciderit.

619 4697 697 4771 [L]
725 4694 830 4751 Sed
862 4701 921 4748 ut
947 4693 1208 4756 Arianos,
1251 4705 1356 4744 non
1387 4695 1570 4742 autem
1596 4685 1872 4756 antiquum
1909 4681 2144 4751 aliquem

551 4804 794 4846 errorem
822 4786 1114 4842 Auctorem
1147 4791 1390 4838 nostrum
1422 4782 1766 4851 impugnasse
1795 4791 2016 4849 prorsus
2034 4776 2148 4832 evi-

551 4882 740 4937 denter
766 4881 1190 4943 demonstretur,
1248 4876 1382 4931 satis
1421 4874 1524 4929 erit
1576 4881 1862 4928 tractatum
1913 4871 2146 4941 primum

552 4977 710 5048 primi
739 4976 857 5033 libri
883 4978 1111 5046 ejusque
1151 4972 1531 5028 annotationes
1560 4968 1778 5040 legere:
1820 4970 1872 5023 in
1904 4983 1968 5023 eo
1998 4967 2145 5023 enim

553 5071 872 5124 Arianorum
900 5069 968 5123 de
994 5066 1257 5122 altissimo
1283 5063 1478 5119 divina:
1505 5061 1868 5131 generationis
1889 5053 2147 5132 mysterio

554 5163 940 5234 philosophicis
966 5160 1265 5217 rationibus
1290 5158 1732 5231 {disceptantium
1775 5155 2145 5212 curiositatem

558 5256 687 5312 nulli
716 5257 802 5311 alii
830 5267 994 5311 secta:
1016 5252 1284 5324 propriam
1315 5251 1415 5322 (de
1434 5265 1540 5321 quo
1560 5248 1762 5304 videsis
1783 5247 2055 5303 dissertat.
2080 5263 2140 5315 ιι,

555 5364 676 5419 cap.
697 5350 768 5418 ’2)
795 5349 1078 5420 explorate
1098 5342 1474 5414 reprehendit;
1505 5342 1677 5397 varias
1698 5351 1848 5396 notat
1872 5342 2024 5411 ﬁdes,
2049 5357 2145 5398 seu

554 5439 680 5495 ﬁdei
711 5438 987 5500 formulas,
1023 5445 1268 5490 tractatus
1309 5438 1510 5496 varios.
1561 5433 1651 5502 qui
1692 5433 1847 5487 ﬁdem
1888 5434 1940 5488 in
1969 5441 2146 5489 sectas

552 5532 755 5588 multas
780 5527 1174 5592 discindereut,
1205 5525 1343 5596 quod
1375 5525 1442 5578 ad
1483 5539 1616 5578 uuas
1661 5524 1980 5580 Arianorum
2032 5524 2144 5581 for-

553 5625 734 5681 mulas
761 5631 921 5691 atque
949 5627 1205 5674 tractatus
1231 5616 1413 5672 referri
1440 5623 1646 5686 potest;
1669 5614 1843 5670 ofﬁcia
1865 5615 2144 5674 haeretico-

556 5716 680 5770 Hun
703 5715 950 5783 designat
979 5710 1260 5780 perspicue
1285 5710 1425 5778 apud
1451 5723 1594 5776 reges
1619 5747 1635 5775 ,
1667 5706 1720 5762 id
1746 5716 1830 5763 est
1856 5709 2147 5780 imperato-

2249 4602 2414 4664 perat.
2463 4591 2764 4660 Anomiani,
2815 4596 2866 4651 id
2906 4608 2990 4653 est
3030 4603 3146 4668 puri
3179 4606 3363 4665 Ariani
3395 4620 3451 4666 et
3505 4616 3825 4682 Semiariaui

2251 4700 2636 4746 consenserunt.
2680 4690 2893 4763 Utrique
2943 4696 3078 4750 enim
3122 4699 3380 4768 Spiritum
3421 4671 3852 4774 sanctum-mini:

2245 4791 2568 4883 struat-esse,
2593 4793 2642 4837 et
2672 4785 2850 4840 ordine
2877 4795 3027 4856 atque
3053 4789 3247 4848 honore
3285 4798 3509 4864 tertium,
3537 4814 3588 4857 et
3612 4808 3852 4866 substan-

2252 4874 2324 4926 tia
2371 4874 2674 4928 dissimilem
2721 4879 3097 4935 asseverabant.
3138 4883 3322 4956 Itaque
3358 4904 3480 4946 cum
3531 4893 3632 4951 ltus
3673 4901 3849 4970 palatn

2254 4975 2438 5064 noster
2479 4979 2677 5064 auctor
2703 4972 2943 5028 recitatis
2989 4990 3054 5029 ex
3101 4986 3254 5034 tract.
3307 4982 3333 5035 1
3393 4987 3572 5045 verbis
3612 5006 3846 5064 pungat;

2255 5061 2438 5128 procul
2460 5059 2626 5116 dubio
2649 5071 2775 5120 ante
2795 5065 3031 5121 medium
3053 5070 3308 5127 saeculum
3336 5042 3585 5147 quartum

2251 5168 2587 5226 nequaquam
2621 5157 2811 5227 potuit.

2324 5245 2421 5302 Est
2479 5257 2534 5304 et
2563 5249 2786 5306 haeresis
2835 5252 2961 5319 alia,
3007 5268 3166 5325 quam
3213 5259 3467 5323 distincte
3503 5277 3654 5327 notat
3702 5281 3766 5328 tr.
3813 5275 3849 5330 'l

2251 5336 2348 5394 lib.
2393 5355 2431 5395 ιι
2480 5341 2563 5396 his
2599 5342 2780 5399 verbis
2812 5362 2826 5400 :
2875 5344 2990 5400 Una
3017 5349 3235 5420 denique
3282 5359 3461 5411 asserit
3493 5359 3670 5416 .Iesum
3697 5362 3847 5419 Chri-

2252 5443 2390 5490 stum
2418 5434 2480 5489 ab
2503 5445 2646 5491 utero
2687 5436 2912 5510 Virginis
2965 5438 3148 5497 Marica
3189 5448 3467 5516 sumpsisse
3511 5453 3842 5522 principium,

2254 5525 2518 5599 Deumque
2537 5529 2722 5583 exinde
2757 5531 2819 5585 ob
2837 5532 3095 5603 justitiam
3140 5538 3328 5604 factum
3366 5556 3490 5603 esse.
3523 5560 3621 5597 non
3643 5553 3844 5603 natum.

2258 5620 2371 5676 lmo
2417 5621 2647 5677 subinde
2702 5629 2822 5691 post
2881 5623 3220 5696 impugnatos
3265 5629 3495 5687 Arianos
3561 5647 3677 5687 eam
3742 5628 3847 5694 sub

2258 5713 2503 5785 Ejusdem
2536 5717 2796 5769 tractatus
2841 5713 2998 5767 ﬁnem
3055 5717 3122 5770 ita
3174 5719 3432 5797 cotiﬁ'ttal,
3484 5711 3538 5774 iit
3588 5701 3847 5794 “irasque
