4242 6168
439 262 502 317 st
1835 256 2370 329 PROLEGDMENA.
2946 200 2953 209 Ν
3688 267 3757 323 se

444 379 682 437 haereses
711 376 903 435 eodem
953 390 1070 433 τωο
1098 374 1341 445 vigentes
1371 372 1505 429 satis
1536 371 1807 431 ostendat.
1836 372 2048 439 Idcirco
2071 374 2125 438 A
2154 375 2377 444 [nivalis
2408 374 2459 429 in
2491 375 2625 432 locis
2653 388 2837 431 sacros
2874 384 3048 433 cretus
3093 359 3380 444 haberent,
3411 392 3549 447 quos
3575 379 3755 435 eccle-

440 470 701 535 adversus
742 470 879 527 hanc
907 468 1129 535 iterum,
1159 475 1448 538 antequam
1475 464 1704 523 Arianos
1743 468 2044 536 impugnat,

440 561 520 619 sic
548 561 742 631 effatur
770 568 929 617 tract.
965 556 999 614 6
1024 557 1266 631 ejusdem
1295 556 1388 621 lib.
1418 572 1457 613 ιι
1487 574 1499 609 :
1558 554 1620 612 Si
1661 556 1919 617 hominem
1960 572 2048 611 so-

442 655 570 720 lum,
620 654 770 721 sicuti
808 651 1022 724 quidam
1063 659 1266 723 putant,
1339 651 1403 715 ab
1456 658 1601 705 utero
1658 647 1884 719 Virginis
1931 664 2047 705 eum

437 747 718 819 sumpsisse
745 746 1074 816 principium,
1099 759 1214 817 quae
1236 758 1379 815 spes,
1406 753 1538 809 et_c.,
1586 740 1677 809 ubi
1705 741 2048 801 animadver-

437 840 601 897 tenda
632 839 969 909 potissimum
1018 837 1204 903 verba,
1248 836 1380 893 sicut
1418 835 1630 907 quidam
1677 842 1881 906 putant,
1923 848 2045 906 qua:

440 928 585 985 hunc
604 943 848 985 errorem
873 944 1027 1000 aeque
1050 942 1112 981 ac
1139 928 1396 981 Arianum
1431 934 1753 998 prasentem
1784 924 2039 983 indicant.

441 1022 632 1088 Porro,
660 1022 761 1078 etsi
796 1021 1171 1076 haereticorum
1203 1028 1449 1075 veterum
1497 1020 1677 1090 plures
1719 1020 1862 1074 hunc
1889 1033 2043 1075 erro-

436 1131 553 1173 rem
585 1114 920 1171 tradiderunt
963 1114 1055 1186 (de
1082 1113 1275 1186 quibus
1302 1113 1425 1169 vide
1475 1121 1665 1167 aunot.
1697 1114 1732 1168 5
1775 1112 1827 1167 in
1866 1121 1935 1168 tr.
1962 1110 2041 1182 6),

440 1211 572 1266 nulli
608 1220 782 1266 tamen
813 1209 1031 1274 eodem,
1073 1224 1180 1279 quo
1213 1207 1399 1262 Ariani
1441 1207 1665 1271 sarculo,
1696 1222 1820 1262 eum
1851 1206 2043 1263 defen—

437 1310 647 1369 sarunt,
672 1299 771 1375 [ui
804 1302 903 1361 nisi
932 1299 1259 1363 Photiniani.
1287 1299 1375 1371 qui
1420 1310 1477 1355 ut
1516 1299 1585 1355 ab
1630 1299 1846 1355 Arianis
1888 1299 2046 1369 longe

438 1393 674 1460 abirent,
720 1394 773 1449 in
800 1407 921 1449 eam
955 1392 1205 1453 haeresim
1238 1391 1478 1446 incidere
1507 1408 1519 1444 :
1554 1390 1694 1447 unde
1733 1405 1839 1447 non
1868 1391 2047 1447 minus

439 1485 623 1543 Ariani
663 1485 1014 1543 Photinianos
1041 1499 1201 1556 quam
1239 1482 1547 1541 Pbotiniani
1573 1482 1801 1549 Arianos
1827 1495 2049 1537 aversa—

435 1578 652 1634 bantur.
686 1575 950 1635 Catholici
981 1588 1159 1633 autcm
1187 1576 1332 1632 inter
1354 1587 1612 1648 utrosque
1642 1576 1805 1633 medii
1834 1585 2043 1631 utrum-

435 1686 542 1741 que
594 1686 839 1729 errorem
900 1671 1287 1740 coarguebant,
1340 1677 1396 1725 et
1441 1668 1569 1724 hinc
1622 1680 1810 1724 noster
1839 1667 2043 1729 Auctor

2151 467 2260 523 sias
2337 468 2639 539 vocabant,
2684 482 2844 525 novas
2888 468 3066 523 tamen
3116 468 3468 542 publicasque
3518 471 3571 525 in
3620 486 3749 527 eum

2152 574 2305 627 nsum
2339 559 2487 616 mdes
2533 559 2804 623 aediﬁcare
2859 559 2966 617 illis
3018 574 3124 619 non
3183 560 3352 616 licuit.
3419 559 3610 619 Solum
3663 577 3760 634 per

2147 648 2562 709 Constantinum
2604 654 3011 725 imperatorem.
3054 650 3144 721 qui
3175 646 3394 707 Christo
3424 666 3622 711 nomen
3662 652 3758 719 de-

2150 742 2250 811 dit,
2273 742 2611 814 publicarum
2637 741 2991 799 ecclesiarum
3016 741 3507 807 construendarum
3532 742 3757 805 facultas

2150 842 2343 904 quarto
2375 835 2605 904 primum
2629 833 2831 890 saeculo
2858 832 2997 889 facta
3022 832 3123 893 fuit
3154 853 3168 889 :
3201 850 3266 897 ac
3295 836 3518 905 proinde
3559 839 3758 895 Aucto—

2151 944 2266 986 rem
2288 928 2356 983 de
2386 945 2526 987 nova
2551 928 2757 1001 publica
2782 928 3012 993 ecclesia
3042 936 3149 993 tam
3175 929 3455 1003 explorate
3483 929 3757 991 disseren-

2153 1029 2258 1077 tem
2287 1029 2413 1085 ante
2457 1020 2509 1076 id
2558 1021 2815 1077 saeculum
2847 1020 3057 1093 vixisse
3088 1036 3373 1097 perperam
3401 1024 3624 1093 dixeris.
3659 1025 3758 1081 ιιι-

2152 1130 2337 1170 ramttr
2364 1125 2544 1179 autem
2576 1114 2813 1173 editores
2846 1115 3185 1181 Veronenses
3213 1116 3331 1173 hanc
3358 1117 3412 1179 in
3444 1118 3758 1188 prmfatione

2150 1206 2453 1263 scribentes
2496 1225 2509 1262 :
2569 1206 2646 1261 De
2700 1206 2960 1278 spirituali
3022 1207 3365 1277 (adi/icalione
3416 1210 3601 1277 domus
3658 1209 3758 1268 Dei

2154 1298 2346 1359 Auctor
2385 1299 2700 1355 demonstrat
2748 1308 2871 1356 tunc
2902 1315 3003 1357 non
3046 1301 3208 1372 fuisse
3239 1304 3355 1375 jam
3386 1302 3577 1376 templa
3605 1302 3759 1363 Chri-

2151 1392 2331 1447 stiunis
2374 1400 2685 1449 constructa.
2745 1392 2801 1461 Si
2848 1407 3012 1461 unum
3057 1393 3237 1464 templi
3282 1408 3478 1463 nomen
3532 1395 3758 1463 chtqri

2152 1497 2259 1537 non
2300 1494 2616 1553 usurpatum
2664 1482 2949 1553 dixissent,
3003 1483 3138 1543 nihil
3192 1500 3616 1557 repugnaremus
3657 1488 3758 1544 :id

2151 1575 2295 1633 enim
2347 1590 2544 1632 nomen
2594 1575 2865 1633 idolorum
2897 1576 3105 1633 aedibus
3134 1578 3295 1643 tribui
3322 1581 3565 1648 Solitum,
3597 1578 3758 1641 Chri-

2151 1667 2316 1725 5tiani
2342 1668 2410 1724 ad
2447 1669 2705 1731 ecclesias
2733 1670 3019 1731 traducere
3046 1671 3203 1727 veriti
3233 1682 3359 1728 sunt
3385 1681 3513 1733 ante
3542 1674 3598 1729 S.
3630 1675 3759 1747 Am-

436 1770 693 1832 utrosque
717 1763 988 1818 contraria
1030 1756 1288 1821 docentes
1333 1775 1435 1816 una
1482 1759 1907 1832 reprehendens,
1940 1760 2043 1817 sub
2074 1772 2122 1835 Β
2152 1762 2392 1818 brosiunt
2423 1773 2587 1831 atque
2612 1761 2984 1823 Theodosium
3020 1747 3325 1830 iuniorem,
3375 1766 3468 1837 qui
3515 1780 3581 1822 ea
3625 1782 3760 1825 voce

436 1853 716 1926 utriusque
772 1854 995 1913 haeresis
1059 1863 1180 1927 post
1240 1852 1479 1909 medium
1553 1862 1805 1924 quartum
1870 1867 2043 1909 saecu-

437 1946 546 2005 lum
595 1945 758 2015 simul
806 1945 1223 2017 compugnantis
1280 1953 1496 2003 aetatem
1550 1959 1611 2002 se
1657 1944 1861 2002 vixisse
1916 1959 2041 2017 pro-

435 2037 536 2097 dit.
1856 2022 1861 2027 ’

505 2131 676 2201 Quem
699 2139 974 2197 auctorem
1004 2129 1253 2187 habuerit
1271 2144 1447 2197 error,
1472 2144 1580 2203 quo
1600 2129 1696 2187 Dei
1723 2129 1902 2202 imago
1932 2145 2037 2186 non

435 2225 488 2280 in
520 2225 722 2289 animo,
755 2223 855 2280 sed
882 2224 932 2279 in
963 2237 1193 2294 corpore
1222 2222 1613 2289 collocabatur,
1639 2221 1734 2277 illo
1764 2221 2039 2279 Ceneseos

435 2316 750 2377 testimonio
780 2317 833 2372 in
872 2316 1011 2375 hanc
1038 2332 1151 2372 rem
1198 2330 1483 2397 perperam
1519 2314 1765 2371 traducto
1796 2331 1811 2369 :
1843 2314 2039 2373 Facia-

433 2425 546 2463 mus
562 2409 817 2473 hominem
833 2409 901 2463 ad
910 2409 1343 2479 imagincm,etc.,
1362 2407 1539 2479 prodit
1552 2406 1883 2483 Epiphanius
1900 2406 2033 2463 lltBl‘.

435 2501 527 2579 70,
560 2500 818 2569 Andium,
863 2500 949 2561 vel
990 2500 1251 2561 Andreum
1299 2501 1584 2561 nominans
1612 2510 1807 2572 quarto
1837 2500 2039 2556 saeculo

433 2596 728 2664 viventem,
757 2610 915 2667 quem
948 2584 1164 2666 quidem
1197 2608 1440 2663 errorem
1484 2593 1678 2651 eodem
1721 2593 1925 2650 saeculo
1954 2608 2037 2649 re-

429 2689 551 2761 jicit
617 2688 678 2747 S.
732 2689 967 2755 Hilarius
1018 2690 1068 2745 in
1116 2687 1310 2765 psalm.
1359 2702 1565 2755 enix,
1614 2698 1669 2743 et
1717 2686 2037 2747 Philastrius

432 2795 484 2836 c.
517 2781 605 2836 97.
638 2780 790 2853 nunc
821 2794 950 2852 ergo
976 2794 1216 2837 errorem
1248 2790 1431 2845 nosler
1459 2793 1674 2853 quoque
1704 2787 1897 2841 auctor
1929 2795 2035 2834 non

430 2873 658 2937 cursim,
705 2872 800 2927 sed
858 2887 924 2927 ex
973 2872 1249 2947 proposito
1293 2884 1347 2935 ct
1400 2871 1519 2929 fuse
1582 2871 1840 2939 refellens
1896 2870 2034 2927 dno-

435 2966 538 3023 bus
584 2966 636 3020 in
689 2966 1004 3029 tractatibus
1059 2967 1126 3023 l9
1170 2975 1225 3024 et
1266 2967 1358 3038 20,
1394 2967 1487 3025 lib.
1527 2983 1585 3035 ιι,
1615 2966 1807 3024 eodem
1847 2969 2034 3040 procul

434 3059 597 3115 dubio
628 3060 829 3117 stnculo
868 3060 1066 3117 vixisse
1095 3060 1452 3121 convincitur.

2150 1868 2248 1924 pro
2277 1851 2711 1910 Christianorum
2740 1855 2987 1919 ecclesiis
3017 1854 3388 1927 significandis
3415 1859 3649 1928 primum
3674 1860 3755 1915 nsi

2144 1945 2518 2017 inveniuntur,
2551 1955 2608 2001 ut
2638 1946 2882 2016 pluribus
2927 1946 3410 2011 animadvertimus
3437 1957 3623 2005 annot.
3678 1950 3751 2006 26

2147 2040 2200 2095 in
2238 2048 2392 2099 tract.
2421 2039 2457 2095 5
2480 2038 2573 2095 lib.
2603 2055 2641 2095 ι.
2672 2037 2740 2099 At
2768 2053 2891 2099 cum
2909 2038 2977 2096 de
2995 2039 3258 2097 materiali
3279 2039 3638 2099 aedificatione
3678 2042 3755 2098 illi

2146 2132 2393 2193 editores
2424 2131 2754 2204 intelligant,
2770 2132 2840 2189 de
2864 2147 2970 2205 qua
3012 2133 3188 2197 tribus
3218 2133 3272 2191 in
3302 2134 3628 2216 testimoniis
3653 2152 3755 2193 nu-

2146 2242 2242 2298 per
2268 2225 2510 2289 recitatis
2543 2236 2648 2287 tam
2679 2234 2866 2297 aperta
2896 2226 2956 2283 fit
2997 2228 3231 2296 mentio,
3265 2226 3551 2290 admiratio
3578 2230 3753 2287 inces-

2141 2321 2216 2381 sit
2242 2320 2493 2392 plurima,
2516 2318 2660 2390 quod
2683 2319 2814 2379 illud
2844 2319 2969 2377 inde
2994 2328 3370 2391 argumentum
3398 2320 3748 2390 intenderim,

2144 2415 2290 2473 unde
2317 2428 2378 2471 se
2408 2413 2567 2483 plane
2598 2412 2841 2469 devictos
2868 2411 3028 2468 fateri
3061 2412 3401 2473 debuissent.
3424 2413 3563 2482 Quid
3590 2430 3751 2486 porro

2143 2506 2190 2565 si
2218 2504 2718 2567 anim-advertantur
2748 2504 2863 2563 haec
2891 2502 2995 2561 alia
3025 2503 3271 2574 ejusdem
3304 2513 3566 2563 tractatus
3587 2508 3749 2563 verba

2140 2613 2298 2657 num.
2335 2598 2361 2653 1
2392 2614 2405 2651 :
2432 2598 2534 2655 Aut
2553 2596 2775 2665 nullum,
2809 2604 2900 2655 aut
2929 2612 3195 2665 perrarum
3215 2607 3289 2653 est
3310 2615 3401 2669 per
3426 2615 3623 2659 omnem
3653 2598 3750 2655 Ec-

2142 2691 2352 2748 clesium
2385 2689 2478 2745 Dei
2507 2689 2753 2753 orationis
2775 2689 2877 2745 loci
2899 2690 3204 2759 membrum,
3228 2691 3366 2760 quod
3386 2693 3546 2761 possit
3571 2694 3749 2763 quam

2141 2783 2291 2838 ruina
2320 2782 2373 2837 in
2399 2798 2454 2837 se
2482 2782 2825 2853 mergentibus
2853 2780 3169 2845 idololatria
3197 2782 3394 2843 aedibus
3423 2800 3560 2845 nunc
3588 2800 3751 2856 usque

2139 2873 2464 2945 aliquatenus
2492 2873 2803 2942 comparari.
2839 2873 3041 2928 Auctor
3074 2888 3182 2941 non
3206 2881 3364 2943 negat
3393 2874 3594 2929 uultum
3624 2889 3743 2928 om-

2141 2968 2293 3033 nino,
2318 2975 2410 3025 ant
2439 2982 2708 3037 perrarum
2731 2964 2993 3025 orationis
3030 2965 3232 3035 locum,
3263 2965 3314 3031 id
3345 2976 3429 3031 est
3458 2966 3742 3035 ecclesiam

2140 3057 2258 3133 [an]
2285 3055 2715 3141 Chrisrianorum
2744 3058 2931 3127 fuisse,
2969 3058 3065 3125 sed
3095 3058 3262 3129 multa
3284 3060 3462 3130 potius
3485 3061 3747 3119 orationis

508 3151 751 3221 Tandem
789 3151 1012 3219 Mariam
1061 3163 1187 3209 ante
1231 3162 1468 3224 partum,
1515 3152 1570 3209 in
1620 3160 1796 3223 partu,
1827 3163 1883 3210 et
1913 3162 2036 3225 post
2059 3160 2106 3226 ο
2138 3151 2277 3217 loca,
2306 3165 2404 3206 seu
2427 3150 2687 3215 ecclesias
2715 3148 3038 3211 Christianis
3066 3148 3233 3209 fuisse
3281 3151 3576 3223 supponit,
3608 3152 3747 3207 inter

435 3256 650 3318 partum
676 3245 936 3323 virginem
985 3243 1112 3307 tr.8
1137 3244 1231 3303 lib.
1282 3259 1342 3317 tt,
1393 3243 1587 3309 asserit
1616 3244 1856 3315 pra'cisis
1895 3245 2032 3303 adeo

432 3339 696 3407 lormulis,
729 3349 785 3393 nt
822 3354 914 3395 eas
960 3338 1198 3411 reperire
1230 3352 1335 3393 non
1366 3337 1529 3397 liceat
1555 3338 1607 3395 in
1629 3338 1905 3407 quopiam,
1933 3355 2034 3393 au-

434 3440 650 3499 tequam
680 3429 740 3497 B.
770 3429 947 3501 uarie
986 3430 1266 3501 virginitas
1305 3440 1505 3501 quarto
1532 3430 1730 3489 saeculo
1758 3446 2037 3503 oppugna-

434 3531 605 3580 retur.
644 3522 777 3585 Vidc
806 3523 858 3579 in
889 3522 1029 3577 hanc
1072 3536 1189 3585 rem
1233 3521 1386 3593 plqra
1413 3529 1602 3589 atntot.
1632 3522 1666 3577 5
1711 3523 1764 3578 in
1793 3531 1860 3579 tr.
1892 3523 1925 3579 5
1974 3523 2037 3579 li-

435 3617 535 3671 bro
556 3632 593 3680 ι,
627 3614 715 3679 ubi
743 3615 844 3681 alia
876 3629 1084 3691 quoque
1107 3613 1357 3685 Auctoris
1385 3614 1439 3670 iu
1466 3614 1710 3673 eamdem
1740 3629 1854 3681 rem
1886 3614 2037 3671 testi-

435 3710 619 3767 monia
650 3707 778 3781 alibi
810 3710 1039 3781 repetita
1070 3707 1398 3779 indicantur,
1453 3724 1571 3783 qua:
1602 3708 1670 3765 ad
1709 3710 2034 3771 catholicum

434 3804 631 3876 dogma
672 3814 860 3873 contra
915 3810 1230 3877 nascentem
1261 3802 1511 3859 haeresim
1541 3801 1919 3863 vindicandum
1950 3802 2036 3859 vel

434 3897 860 3970 promovendum
883 3896 1023 3953 dicta
1055 3895 1221 3953 fuisse
1243 3895 1513 3953 videntur.

434 4033 465 4106 ᾗ
502 4033 590 4091 ιν.
622 4063 696 4073 -
724 4032 934 4089 Novum
974 4042 1334 4104 argumean
1381 4047 1445 4087 ea:
1482 4030 1691 4103 publica
1721 4032 1920 4086 urbana
1953 4047 2036 4086 ec-

506 4129 663 4184 clesia
691 4129 923 4198 petitum.
981 4126 1255 4181 Editorum
1302 4125 1667 4181 Veronensium
1713 4141 1775 4179 nc
1819 4124 2036 4180 Baronii

508 4222 817 4292 obiectiones
863 4220 1060 4276 diluta.
1113 4221 1231 4275 Alia
1278 4220 1626 4293 conjiciuntur
1692 4235 1755 4273 ea:
1816 4218 2034 4290 publicis

506 4312 758 4386 Episcopi
780 4313 1126 4381 concionibus,
1152 4312 1334 4385 quibus
1363 4311 1550 4368 Gentes
1571 4326 1771 4384 quoque
1793 4311 2029 4379 aderant,

506 4420 555 4465 et
578 4425 644 4464 ea:
675 4423 865 4480 magna
893 4408 1372 4463 catechumenorum
1425 4407 1731 4479 frequentia,
1772 4407 1860 4478 qui
1902 4420 2031 4476 quo-

510 4501 681 4555 tannis
708 4499 1101 4571 baptizabantur
1121 4500 1175 4554 in
1197 4501 1457 4570 paschale.

510 4637 724 4709 insigne
755 4636 807 4691 in
838 4651 951 4697 rem
986 4645 1306 4706 praesentem
1334 4633 1700 4691 testimonium
1724 4632 2030 4706 suppeditat

438 4732 602 4797 etiam
658 4737 913 4793 tractatus
938 4728 1005 4786 14
1035 4728 1126 4784 lib.
1153 4744 1203 4796 ι,
1232 4727 1323 4800 qui
1352 4727 1415 4782 de
1444 4724 1823 4794 AEdi/icatione
1851 4725 2032 4781 domus

436 4820 535 4878 Dei
558 4823 871 4893 inscriptus,
900 4822 1084 4895 procul
1112 4821 1275 4877 dubio
1314 4819 1530 4875 habitus
1550 4818 1618 4872 ab
1637 4815 1875 4875 Auctore
1908 4817 2032 4884 fuit,

435 4930 559 4970 cum
592 4929 728 4975 nova
765 4914 1028 4979 aediﬁcata
1060 4915 1111 4971 in
1144 4912 1276 4971 urbe
1304 4910 1531 4967 ecclesia
1583 4910 1813 4981 primum
1842 4910 2031 4982 patuit.

438 5006 572 5075 llinc
607 5006 856 5062 feSIivum
894 5005 1025 5063 illud
1072 5004 1389 5077 principium
1421 5021 1433 5056 :
1478 5000 1692 5073 Vellem,
1732 5004 1922 5079 fratres
1948 5003 2032 5056 di-

435 5098 719 5171 lectissimi,
751 5097 1050 5169 triumphali
1078 5093 1477 5167 quodammodo
1502 5094 1578 5149 uti
1602 5108 1854 5161 sermone,
1887 5094 2031 5149 novi-

434 5208 532 5263 que
557 5191 724 5261 Operis
772 5205 941 5243 arcem
984 5204 1187 5245 sacram
1225 5185 1465 5240 laudibus
1497 5185 1776 5261 geminare.
1822 5184 2031 5243 Rursus

437 5299 493 5337 ιι.
523 5282 577 5348 ‘2,
600 5282 762 5337 cedem
792 5282 941 5349 istam
971 5277 1221 5349 novellam
1272 5287 1558 5349 memorat,
1599 5292 1826 5349 eamque
1854 5277 2027 5351 utili/5.

432 5375 681 5428 rationem
703 5386 920 5425 vestram
952 5380 1128 5440 vocat,
1160 5370 1302 5447 quod
1333 5369 1568 5435 divitum,
1596 5380 1653 5435 ut
1684 5371 1758 5439 ait
1793 5384 1942 5437 Itum.
1972 5369 2025 5436 5,

433 5462 893 5539 prwrogationrbus
941 5460 1131 5531 crebris
1173 5459 1455 5527 deberetur.
1500 5458 1740 5529 Tandem
1780 5473 1929 5533 num.
1974 5457 2028 5524 6,

434 5572 595 5611 sacrm
621 5555 868 5609 orationis
899 5557 993 5608 iste
1027 5556 1169 5610 locus
1199 5569 1358 5609 novus
1385 5554 1710 5627 appellatur,
1741 5570 1900 5629 quem
1932 5563 2032 5609 ter-

432 5662 589 5705 reslre
610 5648 925 5703 domicilium
972 5651 1075 5703 sub
1120 5648 1279 5705 linem
1310 5652 1569 5709 nominat.
1606 5650 1777 5719 Porro
1804 5649 1904 5704 etsi
1938 5648 2033 5713 tri-

431 5741 527 5798 bus
573 5742 767 5816 primis
810 5742 1068 5801 Ecclesiae
1108 5744 1322 5800 sarculis
1366 5740 1660 5821 Christiani
1706 5742 2028 5815 quibusdam

2138 3260 2274 3316 quas
2304 3253 2483 3313 tamen
2529 3246 2701 3312 nulla,
2718 3257 2809 3300 aut
2831 3261 3046 3316 perraro
3066 3254 3234 3313 esset,
3267 3259 3389 3316 quae
3407 3246 3477 3300 ob
3502 3247 3747 3318 magnili-

2138 3340 2369 3399 centiam
2390 3354 2512 3397 cum
2536 3337 2853 3393 idololatriae
2878 3337 3087 3403 aedibus
3104 3337 3404 3408 comparari
3433 3347 3635 3409 posset.

2212 3432 2477 3495 Baronius
2518 3432 2570 3486 in
2617 3429 3061 3497 annotationibus
3091 3428 3159 3487 ad
3190 3429 3631 3501 Martyrologium
3676 3445 3743 3485 ex

2142 3525 2244 3585 hoc
2283 3524 2595 3585 testimonio
2643 3523 2854 3595 colligit
2902 3524 3194 3583 Auctorem
3235 3533 3363 3583 ante
3401 3519 3744 3581 Constantini

2144 3629 2388 3689 tempora
2430 3616 2715 3683 claruisse,
2760 3616 2958 3686 quippe
3002 3613 3146 3685 quod
3193 3613 3355 3683 hujus
3400 3612 3743 3683 imperatoris

2140 3724 2326 3780 opera,
2400 3708 2586 3764 Romae
2657 3708 2980 3779 praesertim,
3040 3703 3436 3776 augustissima:
3507 3704 3744 3767 basilica:

2140 3814 2343 3860 erectae
2382 3800 2620 3859 fuerunt.
2662 3801 2875 3871 Optime
2908 3798 3149 3871 quidem,
3204 3799 3247 3854 si
3289 3798 3490 3861 nullum
3536 3808 3742 3865 tantum

2140 3901 2387 3959 orationis
2410 3900 2578 3956 locum
2594 3913 2718 3955 cum
2741 3897 3006 3955 idolorum
3025 3895 3231 3965 aedibus
3252 3895 3555 3965 comparari
3582 3911 3743 3966 posse

2139 3995 2346 4053 Auctor
2370 3991 2718 4056 affirmasset,
2767 4004 2873 4049 non
2912 4003 3047 4046 vero
3071 4004 3193 4053 cum
3236 3989 3312 4047 uel
3354 4004 3621 4059 perrarum
3649 3989 3744 4043 ad-

2112 4086 2278 4143 didit
2306 4104 2319 4141 :
2351 4086 2476 4142 hinc
2519 4084 2665 4141 enim
2692 4083 2926 4153 aliquam
2956 4083 3154 4138 alicubi
3182 4082 3467 4138 ecclesiam
3500 4081 3744 4151 magniﬁ-

2138 4177 2471 4235 centissimis
2502 4174 2768 4233 idolorum
2793 4174 3009 4245 templis
3029 4188 3367 4245 nequaquam
3389 4171 3585 4229 cedere
3610 4173 3742 4228 satis

2140 4271 2409 4343 indigitat.
2467 4269 2691 4331 Interim
2723 4284 2859 4326 vero
2904 4283 3028 4325 cum
3070 4267 3268 4329 multas
3317 4266 3407 4325 hic
3456 4265 3742 4336 ecclesias,

2136 4364 2240 4420 etsi
2272 4379 2377 4421 non
2406 4360 2740 4433 magniﬁcas,
2766 4360 2933 4419 variis
2968 4361 3020 4416 in
3057 4360 3207 4433 locis
3237 4358 3529 4417 :edillcatas
3559 4366 3743 4415 osten-

2137 4454 2264 4522 dat,
2290 4454 2401 4524 jam
2426 4454 2595 4525 magis
2614 4454 2784 4510 multo
2809 4452 3199 4509 Veronensium
3224 4449 3488 4507 editorum
3518 4448 3743 4507 halluci-

2056 4555 2113 4616 D
2136 4548 2283 4607 natio
2308 4559 2486 4620 patet,
2508 4548 2600 4618 qui
2632 4547 2734 4604 hoc
2763 4547 2818 4604 in
2850 4555 3083 4603 tractatu
3123 4544 3295 4613 nulla;
3315 4553 3439 4601 tunc
3483 4543 3682 4614 templa
3708 4560 3765 4600 a-

2137 4639 2459 4695 Christianis
2502 4647 2813 4694 constructa
2844 4636 3093 4705 viderunt
3123 4654 3135 4692 :
3165 4635 3309 4708 quod
3359 4637 3404 4701 si
3450 4634 3737 4703 vidissent,

2140 4732 2383 4805 profecto
2411 4733 2702 4797 Auctorem
2753 4740 2879 4798 ante
2923 4739 3170 4801 quartum
3195 4729 3455 4799 socculum
3482 4729 3739 4789 collocari

2139 4840 2249 4889 non
2280 4840 2438 4896 posse
2478 4823 2733 4891 facillime
2763 4823 3163 4895 cognovissent.

2212 4916 2322 4974 llas
2340 4924 2521 4983 autem
2549 4915 2809 4975 ecclesias
2840 4914 3081 4984 publicas
3103 4913 3270 4973 fuisse
3302 4912 3387 4973 vel
3408 4911 3533 4968 inde
3568 4921 3735 4983 patet,

2140 5007 2284 5081 quod
2311 5023 2376 5064 eo
2400 5007 2629 5077 consilio
2659 5006 2939 5077 aediﬁcata:
2980 5006 3153 5081 palam
3183 5004 3425 5079 inerunt.
3450 5014 3508 5067 ut
3552 5014 3737 5063 essent

2137 5099 2404 5169 ecclesiae,
2426 5115 2548 5156 cum
2579 5100 2708 5159 olim
2740 5101 2960 5172 privatae
2989 5100 3133 5171 mdes
3162 5099 3217 5157 in
3244 5097 3736 5167 ecclesiasticarum

2138 5200 2499 5263 conventuum
2513 5207 2669 5265 usum
2695 5195 2833 5263 plant
2861 5192 3091 5265 inissent
3117 5191 3400 5259 traductae.
3432 5201 3487 5249 ιιι
3514 5206 3584 5257 ne
3604 5193 3735 5263 quid

2140 5285 2378 5345 exterius
2422 5285 2477 5342 in
2522 5285 2776 5357 Gentium
2804 5285 3049 5345 notitiam
3092 5294 3314 5359 pateret.
3348 5284 3587 5353 Publica;
3614 5284 3735 5357 qui-

2136 5379 2259 5437 dem
2295 5381 2401 5437 illae
2426 5381 2622 5453 saltem
2656 5381 2828 5449 fuere,
2877 5396 3106 5452 petram
3150 5380 3277 5437 licet
3314 5378 3584 5449 ecclesiae,
3613 5392 3735 5451 quae

2136 5488 2258 5539 cum
2281 5472 2595 5529 idololatria:
2625 5474 2837 5545 templis
2867 5472 3102 5535 conterri
3141 5470 3337 5541 alicubi
3367 5478 3648 5544 poterant,
3679 5469 3734 5524 id

2135 5564 2277 5639 quod
2298 5566 2430 5625 alias
2451 5581 2664 5638 quoque
2695 5565 2957 5637 publicas,
3002 5564 3126 5621 licet
3171 5562 3457 5631 inferiores
3501 5562 3643 5627 mole
3677 5570 3735 5625 et

2136 5656 2553 5730 ntagnillcentia,
2599 5655 2771 5715 fuisse
2821 5657 3032 5715 suadet.
3074 5655 3345 5717 Praeterea
3377 5665 3535 5719 tract.
3584 5655 3613 5713 7
3661 5654 3729 5715 ab

2134 5753 2368 5839 Auctore
2399 5750 2610 5809 habitus
2650 5749 2895 5824 profecto
2938 5750 3172 5824 videtur,
3195 5764 3319 5811 cum
3344 5764 3485 5821 nova
3514 5750 3603 5811 illa
3639 5762 3731 5807 ec-
