4242 6168
449 257 527 312 Ξὸό
1173 239 1654 306 DISSERTATIO
1694 243 1734 311 l,
1779 235 1868 297 DE
1905 239 1966 334 εὶ.
2009 239 2095 298 ΖΕ

2199 241 2314 300 NlS
2362 244 2612 304 TRACT.
2661 251 2748 307 ET
2788 251 3069 314 ᾸΞΤΑΤΕ.
3760 255 3826 312 Μ

451 369 612 424 clesia
642 368 886 440 primum
909 376 1096 440 patens
1117 363 1367 427 dedica!a
1417 355 1538 412 Ῑυίι
1584 375 1597 414 τ
1637 355 1878 451 quodad
1906 365 2092 413 osten-

2201 367 2384 416 ctatus
2415 361 2485 418 5'5
2511 373 2567 417 et
2593 364 2688 433 38,
2723 367 2794 424 42
2819 379 2878 428 et
2901 371 2996 441 45,
3014 374 3107 432 lib.
3131 391 3188 446 tt,
3207 379 3299 449 qui
3325 378 3530 451 singuli
3545 391 3673 434 cum
3690 374 3832 429 idem

452 459 685 518 dendam
718 475 842 518 eam
886 459 1148 530 publicam
1179 453 1495 544 plurimum
1527 450 1761 544 confert.
1792 450 1914 506 lluc
1961 464 2096 544 quos
2204 451 2430 510 circiter
2457 465 2732 527 repetant,
2786 478 2913 520 eum
2962 483 3249 528 numerum
3296 450 3526 544 singulis
3566 470 3726 527 annis
3773 468 3826 522 iu

456 569 564 626 que
589 553 855 612 conducit
885 554 1034 608 locus
1077 568 1140 610 ex
1165 556 1322 608 tract.
1355 539 1428 597 10
1479 543 1588 600 lib.
1631 561 1671 610 ι,
1721 559 1873 600 num.
1903 545 1971 607 5.
2006 543 2096 598 Ubi
2204 548 2471 615 paschale
2499 548 2848 620 baptismatis
2867 558 3086 617 lavacro
3109 564 3240 636 tingi
3265 539 3486 621 solitum
3517 562 3823 626 insinuant;

457 648 803 708 mulieresnd
831 647 1096 702 ecclesiam
1116 645 1207 701 Dei
1227 650 1384 699 totum
1403 637 1686 694 inauratae
1703 656 1894 709 corpus
1917 639 2093 708 palam
2204 638 2351 709 quod
2383 639 2627 708 profecto
2669 661 2777 702 non
2827 651 2933 706 nisi
2965 665 3090 724 post
3133 657 3402 715 redditam
3445 654 3706 712 Ecclesia:
3731 669 3826 725 pa-

461 740 802 808 processisse
833 737 1164 805 indicantur,
1189 751 1284 791 nec
1317 743 1426 785 non
1466 731 1570 786 ille
1591 731 1726 786 alius
1755 746 1825 786 ex
1874 739 2031 785 tract.
2061 729 2097 784 5
2203 746 2326 788 cem
2357 734 2626 792 accidisse
2651 742 2918 802 credibile
2943 758 3046 805 est,

459 832 705 902 ejusdem
743 832 907 899 libri,
939 847 1086 885 num.
1131 830 1184 895 8,
1228 829 1279 883 iu
1309 838 1415 895 quo
1451 823 1531 878 de
1563 822 1887 878 Christianis
1917 823 2099 878 uxori-

456 922 550 978 bus
595 925 842 979 etliuico
885 923 1070 993 nuptis
1118 925 1315 976 Auctor
1359 918 1624 987 loquens,
1658 933 1763 971 non
1797 918 1978 971 minus
2008 917 2096 971 isti

431 1014 732 1071 idolorum
769 1016 1072 1086 templum,
1101 1029 1260 1084 quam
1306 1010 1378 1066 illi
1425 1010 1723 1066 ecclesiam
1768 1011 1965 1065 eodem
2009 1010 2096 1066 die

413 1109 621 1181 palam
664 1095 852 1180 petita
887 1109 1112 1180 perinde
1140 1117 1310 1172 notat,
1341 1113 1398 1160 ut
1422 1105 1637 1176 publica
1673 1116 1903 1175 utraque
1944 1122 2098 1176 mque

407 1202 607 1260 fuisse
631 1202 1061 1272 intelligantur.
1106 1201 1280 1258 Unum
1312 1201 1525 1256 tandem
1556 1213 1707 1277 extra
1737 1218 1958 1258 omnem
1992 1202 2096 1256 du-

405 1293 739 1349 bitationis
764 1294 952 1352 aleam
973 1293 1426 1354 considerandum
1457 1295 1780 1364 subjicimus
1805 1311 1873 1350 ex
1901 1303 2097 1349 tracta-

401 1394 470 1440 tu
530 1387 572 1440 5
603 1384 722 1440 lib.
750 1399 795 1452 ι,
833 1386 924 1438 ubi
970 1385 1154 1440 statim
1206 1386 1275 1441 ab
1322 1387 1477 1440 initio
1514 1390 1718 1443 Auctor
1742 1389 1924 1442 doctos
1952 1388 2098 1444 viros

396 1479 520 1534 sibi
555 1479 947 1533 concionnnti
979 1489 1278 1547 praesentes
1306 1479 1618 1554 appellans,
1648 1483 1904 1539 ethnicos
1933 1484 2097 1541 intel-

397 1570 574 1641 legit,
623 1584 786 1661 quos
838 1567 1092 1625 facundia
1134 1571 1253 1641 ejus
1302 1581 1498 1644 captos
1548 1575 1597 1629 ei
1640 1576 1953 1632 interfuisse
1991 1577 2096 1632 ire-
2202 1578 2288 1625 cto
2305 1567 2703 1638 subjiciendum
2723 1573 2875 1629 aliud
2899 1581 3184 1644 sumptum
3209 1589 3273 1631 ex
3297 1577 3559 1640 idolorum
3582 1589 3820 1661 templis,

404 1670 697 1734 quentes,
729 1660 870 1718 dum
898 1675 1081 1716 sacras
1105 1665 1406 1722 conciones
1443 1663 1696 1734 haberet,
1746 1668 1947 1725 ibidem
1995 1687 2094 1726 an-
2202 1678 2321 1732 (Ιυω
2346 1661 2449 1716 ("Si
2479 1671 2753 1731 Ρ³ιθ¹⁶θηιο
2790 1666 3068 1723 audiiin
3099 1675 3274 1726 tamen
3304 1672 3554 1736 Λιιειοΐίε
3583 1660 3706 1742 aevo
3726 1701 3825 1742 ne-

414 1766 540 1814 not.
603 1756 646 1810 2
705 1754 1091 1816 ostendimus.
1135 1758 1415 1830 simulque
1488 1759 1800 1830 colligimus
1849 1763 2095 1820 Auctoris

2207 1771 2476 1827 quaquam
2496 1763 2768 1824 poterant.
2795 1757 3142 1815 lsuimirum
3161 1765 3346 1825 eodem
3365 1780 3518 1834 tract.
3542 1741 3823 1850 7,itunt.l,

421 1863 683 1920 atatem,
709 1865 820 1922 qua
850 1848 1184 1907 ethnicorum
1211 1855 1594 1924 praesentiam
1627 1853 1758 1909 nihil
1791 1867 2090 1925 metueret;
2203 1861 2486 1922 postquam
2509 1851 2654 1904 haud
2685 1852 3062 1921 praecipuum
3087 1870 3202 1916 esse
3225 1861 3358 1924 dixit
3379 1867 3446 1928 de
3475 1888 3626 1932 novre
3655 1848 3831 1935 cccle.

428 1946 487 2048 id
524 1943 682 2048 quod
723 1941 906 2048 solum
944 1943 1376 2048 accidit-smequ
1412 1958 1662 2048 quarto,
1692 1961 1816 2002 cum
1847 1964 2097 2048 ρεξτεεω.
2199 1946 2295 2000 sise
2339 1944 2706 2048 aedificatione
2731 1943 3046 2048 ‘ltfutlibsss
3083 1958 3346 2032 geminare,
3387 1969 3582 2044 quippe
3610 1977 3740 2048 quod
3782 1976 3835 2032 id

439 2039 690 2096 tionibus
717 2036 970 2130 Gentium
994 2051 1085 2106 per
1104 2036 1456 2130 Christianos
1489 2043 1863 2110 imperatores
1877 2041 2092 2109 deletis,
2199 2055 2314 2093 cum
2356 2036 2626 2104 Gentibus,
2660 2033 3025 2095 vel-H4401:
3049 2061 3202 2117 potest
3238 2075 3340 2117 esse
3371 2033 3667 2130 commune;
3700 2071 3838 2130 hanc

445 2127 1150 2226 religionem—christianam
1177 2129 1288 2184 sine
1308 2133 1445 2226 pullo
1471 2139 1644 2187 metu
1669 2131 1899 2226 publicis
1923 2133 1976 2187 in
2001 2149 2090 2190 ec-
2198 2131 2356 2226 hujus
2386 2139 2676 2226 postrema:
2694 2135 2960 2226 Asentei‘i‘t
2981 2133 3056 2193 im
3088 2149 3343 2211 pauonem

448 2224 643 2286 clesiis
678 2222 923 2296 profiteri
954 2221 1118 2289 licuit,
1165 2233 1219 2276 ut
1259 2223 1322 2277 ad
1367 2238 1602 2280 sacras
1650 2223 1946 2280 conciones
1990 2226 2094 2296 ipsi
2196 2225 2304 2280 illis
2351 2225 2394 2278 si
2421 2223 2593 2290 liceat,
2624 2224 2701 2278 vel
2726 2222 2775 2276 si
2829 2219 3045 2299 velim,
3072 2210 3876 2318 [orlassisc;ﬁ:!;"‘;’;‘;2;;‘

451 2333 679 2392 (ιυοιιιιε
723 2315 928 2374 cummi
952 2315 1399 2428 “admitterentur.
1439 2317 1654 2428 Neque
1677 2319 2093 2428 omoveat‘quod,
2197 2319 2472 2388 aediﬁcent,
2498 2319 2688 2428 cultius
2710 2316 2946 2385 erigant
2974 2280 3842 2428 οᾶρξιοὲἱῗῑιὲῗϊὶίἒιέἴαθ

455 2425 627 2470 tract.
671 2414 726 2481 5,
769 2426 920 2466 ηυιη.
952 2409 1006 2476 8,
1036 2409 1225 2480 pagani
1275 2409 1376 2463 viri
1437 2411 1779 2473 sacri/icium
1831 2411 2094 2481 publicum
2199 2420 2310 2466 tum
2343 2426 2440 2482 pro
2489 2413 2676 2482 templa
2708 2415 2998 2474 annotat,
3108 2383 3817 2503 iJ-b'uxz'lztg‘lfn

460 2509 731 2575 afﬁrmet,
765 2505 945 2561 uroris
971 2513 1150 2558 autem
1179 2500 1507 2559 Christiana:
1566 2515 1822 2560 secretum
1865 2522 1981 2562 εει
2029 2507 2094 2563 iis
2199 2505 2464 2560 bavimus.
2517 2505 2668 2561 Nunc
2707 2503 2968 2567 adverte
2997 2518 3136 2578 duas
3183 2500 3450 2594 ερηιεηῶ

2203 867 2233 936 §
2267 865 2331 919 V.
2362 865 2747 926 —Interdicta
2787 851 3034 938 Gentibus
3077 883 3384 955 templorum
3425 880 3723 950 wdiﬁcatio,
3775 895 3820 938 ct

2275 957 2517 1024 publicus
2572 961 2912 1026 nihilominus
2956 975 3270 1029 idololatria:
3312 974 3500 1036 cultus,
3544 972 3607 1026 de
3643 974 3824 1044 quibus

2275 1055 2471 1110 Auctor
2507 1060 2743 1114 meminit
2777 1076 2977 1123 (etatem
3021 1075 3135 1143 ejus
3167 1076 3281 1137 post
3320 1066 3542 1120 medium
3582 1080 3821 1138 quartum

2276 1149 2524 1203 sarculum
2565 1153 2875 1214 certioribus
2901 1163 3150 1216 limitibus
3182 1159 3455 1226 deﬁniunt.
3495 1159 3702 1217 Baronii
3736 1166 3823 1219 ob-

2268 1245 2433 1317 jectio
2473 1245 2709 1314 explosa.
2750 1248 2892 1318 Quid
2931 1259 3071 1311 circa
3115 1253 3376 1307 etlmicum
3416 1255 3612 1312 cultum
3653 1277 3683 1314 a
3719 1260 3819 1315 Ju-

2278 1339 2405 1392 liani
2434 1338 2570 1392 obitu
2594 1340 2854 1400 decretum
2883 1352 2953 1404 ad
2980 1363 3176 1402 annum
3205 1361 3366 1415 usque
3393 1347 3517 1406 59L

2274 1474 2608 1544 Argumento
2636 1492 2703 1532 ex
2734 1481 2973 1548 publicis
3003 1479 3434 1541 Christianorum
3463 1490 3820 1550 ecclesiisdu-

3481 2462 3677 2516 clatum
3709 2475 3840 2532 pro-

3457 2558 3486 2600 8
3514 2546 3838 2620 disjuncﬁrc

470 2603 655 2667 enim,
718 2615 834 2670 qua:
876 2597 1074 2652 ibidem
1121 2596 1504 2652 annotarimus
1548 2598 1724 2667 liquet
1777 2614 1965 2654 vocem
2012 2617 2093 2655 se-

464 2704 672 2750 cretum
696 2692 765 2746 ad
791 2691 1048 2748 ecclesias
1065 2688 1494 2744 transferendam
1513 2705 1623 2745 non
1646 2706 1795 2759 esse,
1811 2692 1908 2748 sed
1931 2710 2092 2750 unum

462 2797 727 2858 spectare
753 2784 1110 2842 Eucharistim
1139 2795 1542 2839 Sacramentum
1562 2827 1575 2847 ,
1607 2785 1752 2854 quod
1780 2801 1845 2841 ex
1871 2786 2091 2857 antiqua

2199 2599 2422 2702 positas,
2456 2600 2510 2702 si.
2531 2599 2700 2665 liceat,
2736 2595 2829 2701 uel.
2852 2601 2904 2651 εἰ
2938 2609 3104 2667 velint
3136 2634 3156 2671 .·
3186 2637 3413 2687 quarum

2199 2691 2346 2746 dseos
2377 2691 2649 2794 pertinere
2692 2691 2930 2794 minime
2955 2712 3174 2772 potest,
3216 2691 3486 2785 siquidem
3510 2691 3828 2794 Vidn—soritis:

2197 2793 2332 2890 s-ect'a
2361 2782 2507 2890 nulla
2541 2782 2949 2890 lege-prohibita
2991 2795 3232 2856 traditur
3347 2782 3819 2890 Theodositrlit;

463 2879 784 2950 disciplina,
817 2878 1015 2934 nedum
1041 2893 1072 2931 a
1105 2877 1358 2946 Paganis,
1387 2893 1453 2932 ne
1473 2893 1504 2932 a
1535 2879 1948 2936 catechumenis
1973 2881 2091 2952 quiv

463 2973 598 3066 dem
631 2971 765 3040 ipsis
799 2969 973 3066 videri
1001 2979 1235 3039 poterat,
1267 2969 1359 3066 qui
1399 2984 1588 3066 omnes
1622 2983 1761 3066 post
1811 2975 2117 3046 Evangelii
2197 2972 2278 3026 tit.
2309 2980 2527 3028 cautum
2549 2970 2667 3066 fuit,
2701 2988 2763 3024 ne
2792 2973 3030 3044 deinceps
3057 2981 3198 3038 ullas
3223 2969 3454 3054 Iacerent
3478 2969 3814 3066 canitiei;

518 3027 525 3028 κ
653 3027 667 3040 .
1001 3027 1014 3039 .
1223 3027 1234 3035 .
1285 3027 1301 3038 .
1634 3027 1649 3041 .
1812 3027 1850 3029 ί
2400 3027 2403 3028 ν
2656 3027 2667 3038 ι
2947 3027 3024 3044 τί
3060 3027 3198 3038 πω...
3247 3027 3427 3049 “tu”.
3496 3027 3507 3031 τ

468 3064 768 3120 lectionem
823 3063 1254 3130 concionemque
1313 3061 1379 3115 ab
1435 3063 1666 3118 ecclesia
1727 3067 2085 3133 arcebantur;
2193 3081 2352 3135 gogas
2392 3081 2410 3119 :
2445 3064 2589 3134 quod
2641 3064 2815 3133 ipsum
2862 3027 3246 3131 confirmatum
3287 3027 3632 3152 legiturwti:

467 3155 619 3214 unde
667 3154 870 3210 ibidem
911 3157 1114 3209 Auctor
1141 3153 1324 3208 statim
1379 3168 1499 3209 sese
1532 3155 1816 3224 explicans
1859 3160 2040 3215 subdit
2069 3179 2082 3214 :
2113 3163 2158 3226 ε
2195 3154 2288 3208 lib.
2325 3169 2436 3208 xxv
2481 3164 2535 3208 ct
2588 3169 2752 3208 xxm.
2801 3152 2986 3224 Itaque
3015 3157 3241 3220 Judtcos
3282 3145 3507 3239 respicit
3555 3145 3801 3244 secunda,

465 3249 651 3315 Illius,
700 3247 751 3303 id
800 3257 883 3342 est
915 3248 1120 3318 pagani
1163 3245 1412 3342 conjugis
1439 3287 1453 3311 ,
1485 3249 1814 3342 sacrificium
1843 3269 1877 3304 a
1908 3253 2086 3322 quovis
2191 3247 2543 3342 sctitentiaAsi
2573 3247 2759 3342 velint;
2795 3248 2963 3342 prima
2993 3264 3178 3310 autem
3209 3259 3255 3312 si
3280 3259 3430 3316 liceat
3460 3270 3638 3334 palam
3669 3290 3797 3342 per-

464 3343 632 3398 libere
663 3341 874 3396 tractari
901 3347 1067 3411 potest
1095 3355 1114 3394 .'
1145 3349 1291 3393 tuum
1320 3338 1588 3410 (uxorem
1615 3339 1967 3398 christianam
2007 3344 2086 3398 alr
2191 3341 2325 3396 tinet
2355 3341 2419 3395 ad
2459 3339 2724 3407 Gentiles,
2772 3341 2967 3413 quibus
2997 3347 3230 3414 proinde
3282 3355 3483 3422 templa
3521 3338 3797 3421 mdiﬁigare

466 3435 755 3509 loquitur)
783 3440 938 3490 etiam
966 3453 997 3488 a
1024 3432 1338 3490 Christianis
1368 3433 1492 3502 ipsis
1523 3435 1731 3490 minime
1753 3440 2081 3506 consecratis,
2187 3434 2442 3490 Auctoris
2493 3444 2650 3489 tetate
2677 3449 2783 3490 non
2813 3434 3038 3492 licuisse
3084 3440 3428 3510 exploratum
3477 3456 3565 3502 est
3599 3468 3610 3504 :
3643 3454 3790 3521 quod

467 3531 523 3587 id
586 3538 673 3584 est
740 3528 1169 3590 catechumenis,
1237 3527 1348 3582 sine
1419 3527 1691 3600 sacrilegio
1755 3532 1916 3587 videri
1984 3549 2083 3588 non
2187 3547 2295 3587 non
2321 3533 2421 3588 nisi
2448 3533 2499 3590 in
2530 3542 2778 3602 quartum
2803 3533 3064 3590 saeculum
3091 3536 3291 3590 cadere
3315 3546 3514 3605 potest,
3543 3555 3666 3596 cum
3696 3560 3791 3611 per

468 3630 662 3694 potest.
2185 3627 2515 3684 christianos
2570 3629 2928 3696 imperatores
2975 3627 3246 3685 idolorum
3295 3633 3498 3699 templa
3527 3634 3611 3688 vel
3658 3645 3788 3692 ante

546 3715 894 3772 Veronenses
920 3712 1184 3778 editores,
1216 3726 1353 3781 quos
1389 3713 1441 3767 in
1491 3715 1736 3785 neganda
1765 3720 1902 3776 sacri
1938 3729 2075 3776 tem-
2183 3720 2454 3776 lulianum
2507 3718 2798 3774 interclusa
2848 3721 3088 3786 luerunt,
3136 3722 3220 3776 vel
3253 3732 3374 3792 post
3402 3723 3676 3780 lulianum
3716 3727 3786 3784 ita

471 3810 574 3881 pli,
609 3824 701 3866 seu
739 3809 984 3864 ecclesia:
1012 3807 1420 3862 constructione
1451 3807 1676 3893 nimium
1721 3813 1951 3868 multum
1987 3815 2082 3870 de-
2185 3817 2431 3880 tolerata,
2465 3823 2524 3868 ut
2544 3828 2682 3868 nova
2706 3823 2886 3868 tamen
2911 3814 3156 3868 construi
3186 3830 3293 3870 non
3319 3817 3782 3886 permitterentur.

467 3915 666 3976 ceptus
713 3903 962 3968 vidimus,
993 3917 1240 3958 errorem
1281 3902 1454 3956 errori
1508 3902 1792 3969 addentes,
1825 3909 2076 3978 exiguum
2182 3907 2297 3962 Hoc
2334 3917 2513 3962 autem
2547 3915 2879 3975 postremum
2911 3915 3124 3975 tempus
3157 3916 3278 3976 post
3303 3907 3502 3963 Juliaui
3549 3918 3781 3970 mortem

467 3997 902 4053 Christianorum
958 4008 1245 4049 numerum
1282 3994 1471 4048 eodem
1529 3994 1579 4048 in
1630 4005 1861 4052 tractatu
1910 4001 1963 4063 7,
2011 4001 2080 4056 ab
2181 4002 2250 4054 ab
2294 4003 2530 4056 Auctore
2561 4002 2792 4071 spectari
2818 4010 3034 4058 constat
3057 4017 3128 4057 ex
3161 4011 3316 4058 tract.
3347 4002 3398 4068 5,
3428 4001 3516 4056 ubi
3550 4017 3659 4058 non
3684 4003 3784 4058 mi-

469 4094 716 4148 Auctore
743 4086 1448 4157 demonstratumproduut.
1476 4085 1812 4146 Demonstrat
1835 4102 1955 4148 tunc
1976 4111 2079 4150 non
2182 4108 2284 4148 nus
2312 4095 2557 4152 ecclesiae
2587 4110 2618 4150 a
2647 4092 2994 4162 Christianis,
3024 4111 3188 4165 quam
3215 4095 3412 4165 templa
3439 4094 3509 4150 ab
3536 4095 3784 4154 Etlinicis
3855 4121 3858 4126 -

467 4185 637 4254 fuisse
657 4185 775 4255 jam
803 4183 992 4250 tentpla
1031 4179 1341 4236 Christianis
1389 4192 1703 4248 constructa,
1752 4185 1844 4239 sed
1891 4203 2078 4241 novum
2181 4187 2393 4256 publice
2431 4187 2596 4252 adita,
2642 4195 2698 4241 et
2733 4187 2960 4250 istorum
3003 4188 3316 4256 sacriﬁcium
3356 4186 3573 4256 quidem
3606 4188 3778 4256 publi-

469 4277 748 4346 populum,
782 4284 832 4329 et
861 4275 1131 4328 minimum
1157 4290 1370 4328 numero
1395 4277 1670 4331 exstitisse.
1704 4277 1846 4333 Nihil
1881 4281 2072 4336 falsum
2179 4295 2292 4332 cum
2345 4278 2575 4334 traditur
2623 4293 2772 4334 num.
2803 4278 2858 4332 8.
2901 4277 3142 4346 Tempus
3184 4278 3438 4332 nimirum
3487 4277 3633 4332 aliud
3671 4277 3776 4334 sub

466 4369 645 4438 magis
677 4366 978 4436 :siquidem
1010 4381 1077 4421 eo
1098 4365 1199 4422 loci
1227 4367 1328 4422 etsi
1350 4367 1639 4422 ecclesiam
1666 4385 1857 4424 novam
1880 4387 2073 4443 magno
2177 4369 2486 4425 chrisuianis
2538 4369 2974 4439 imperatoribus.
3013 4384 3122 4439 quo
3157 4376 3406 4438 paterent
3435 4370 3633 4436 templa
3659 4367 3780 4424 ido-

465 4469 688 4530 sumptu
713 4466 1077 4515 constructam
1129 4459 1182 4513 in
1229 4459 1466 4514 fidelium
1518 4462 1861 4518 coi'nrnodum
1915 4466 2071 4523 valde
2177 4463 2376 4526 lorum,
2422 4461 2693 4532 simulque
2727 4475 2790 4515 ea
2839 4460 3111 4516 aedificare
3139 4475 3246 4518 uon
3275 4459 3483 4524 liceret,
3512 4459 3775 4532 assignari

468 4569 712 4626 capacem
737 4552 986 4618 fateatur,
1016 4561 1288 4623 angustam
1316 4560 1496 4606 tamen
1529 4553 1705 4609 adhuc
1736 4558 1804 4609 ob
1839 4557 2070 4612 incredi-
2099 4557 2152 4617 D
2178 4555 2380 4610 nullum
2411 4563 2608 4623 potest.

470 4647 638 4704 bilem
664 4660 850 4700 eorum
879 4645 1279 4700 multitudinem
1305 4644 1467 4700 fuisse
1491 4647 1761 4701 inventam
1794 4649 1967 4718 palum
1993 4651 2072 4705 af-
2249 4645 2409 4716 Atqui
2451 4646 2566 4701 huic
2611 4645 2907 4717 patentium
2956 4644 3278 4714 templorum
3328 4643 3773 4713 publicorumque

471 4744 674 4799 firmat.
703 4740 2070 4813 Exsultateigitur,fratresnediﬁcationemuestram
2177 4739 2568 4794 sacrificiorum
2611 4738 2817 4794 mentio
2859 4738 3088 4794 Baronio
3127 4738 3196 4792 de
3224 4737 3504 4792 interdicta
3551 4751 3768 4791 eorum-

471 4839 584 4893 cde
623 4841 719 4892 ista
746 4838 810 4890 de
838 4836 1039 4891 nouella
1066 4836 1375 4905 cognoscite,
1406 4838 1555 4907 cujus
1583 4851 1782 4906 quoque
1813 4839 2068 4906 capacila-
2177 4832 2301 4887 dem
2359 4834 2680 4903 templorum
2731 4831 3092 4887 aedificatione
3137 4831 3270 4885 nihil
3317 4829 3770 4891 animadvertenti

474 4941 574 4986 teut
607 4929 741 4999 [elici
770 4945 985 4984 numero
1012 4928 1208 4998 fecistis
1246 4937 1531 4999 angustam.
1567 4929 1773 4982 Tantus
1801 4939 1980 4983 autem
2010 4929 2074 4983 fi-
2178 4925 2369 4991 suasit,
2417 4936 2475 4978 ut
2505 4928 2797 4979 Auctorem
2845 4933 2969 4978 ante
2993 4933 3243 4993 quartum
3291 4923 3542 4978 saeculum
3576 4922 3778 4978 liorem

475 5023 678 5078 deliutn
719 5037 978 5077 numerus
1023 5021 1077 5076 in
1123 5029 1366 5090 quartum
1394 5036 1607 5091 quoque
1634 5022 1892 5076 saeculum
1921 5036 2071 5077 cont-
2180 5027 2286 5073 tem
2333 5018 2647 5073 defenderet
2675 5036 2687 5071 :
2717 5017 2852 5070 Dum
2895 5017 3085 5072 Auctor
3133 5017 3448 5086 apertissime
3496 5025 3767 5080 monstrat,

478 5116 641 5174 mode
667 5116 830 5183 cadit,
874 5115 1077 5186 quippe
1103 5129 1223 5168 cum
1254 5123 1406 5167 antea
1433 5113 1506 5166 ob
1527 5115 1940 5186 persecutiones
1974 5116 2072 5169 im-
2175 5110 2432 5164 idolorum
2460 5109 2648 5178 templa
2674 5120 2794 5162 tunc
2823 5109 2980 5178 fuisse
3020 5109 3264 5180 patentia,
3312 5117 3357 5164 ct
3386 5108 3616 5162 victimas
3649 5108 3774 5164 soli-

479 5209 769 5280 pedimenti
803 5209 1094 5277 plurimum
1135 5206 1402 5274 obiectum
1448 5216 1612 5270 esset,
1645 5216 1752 5260 tum
1782 5224 1849 5263 ne
1878 5208 2074 5276 prtedi-
2177 5214 2253 5256 tas
2294 5203 2594 5267 immolari;
2645 5203 2791 5256 aliud
2821 5218 3033 5268 prorsus
3071 5203 3132 5257 ab
3177 5201 3430 5255 Ambrosii
3460 5203 3774 5270 temporibus

478 5301 626 5356 catio
649 5300 1026 5369 perreniretin
1051 5297 1339 5366 publicum,
1372 5308 1479 5352 tum
1528 5314 1595 5352 ne
1635 5300 1765 5354 satis
1811 5300 1962 5354 multi
2002 5301 2068 5355 ad
2174 5293 2306 5349 illud
2336 5295 2493 5365 fuisse
2514 5296 2758 5350 sarculum
2787 5294 2978 5348 Auctor
2998 5303 3171 5365 aperte
3199 5293 3476 5363 signiﬁcat,
3511 5311 3624 5347 cum
3646 5309 3770 5349 con-

477 5394 646 5450 fidem
673 5395 980 5448 transirent.
1014 5389 1070 5444 In
1105 5405 1260 5460 quam
1303 5405 1413 5444 rem
1441 5391 1544 5444 alia
1573 5406 1678 5445 non
1705 5393 1842 5446 levis
1871 5396 2068 5448 conllr-
2174 5399 2270 5443 stet
2290 5391 2404 5459 jam
2434 5389 2557 5442 olim
2599 5405 2698 5444 non
2730 5398 2924 5443 tantum
2964 5405 2995 5441 a
3036 5388 3443 5443 Constantino...
3477 5400 3522 5442 et
3563 5405 3596 5442 a
3626 5387 3767 5442 Cano

476 5488 648 5544 matio
669 5502 738 5542 ex
765 5487 829 5541 iis
855 5484 1171 5540 tractatibus
1214 5486 1468 5554 suppetit;
1503 5485 1593 5554 qui
1635 5486 1942 5554 complures
1977 5502 2070 5541 cu-
2174 5485 2480 5538 stantia.....
2507 5484 2734 5538 victimas
2751 5485 2907 5553 [‘uissc
2926 5484 3123 5545 vetitas,
3138 5490 3184 5535 et
3202 5482 3391 5553 templa
3404 5481 3768 5554 jussaclaudi,

473 5582 674 5652 jusque
706 5577 903 5649 generis
928 5620 944 5642 ,
999 5576 1164 5631 artatis
1184 5617 1196 5640 ,
1239 5584 1430 5639 sextus,
1475 5576 1786 5628 conditionis
1809 5617 1822 5642 ,
1867 5577 1974 5631 imo
2018 5587 2073 5633 et
2174 5580 2263 5634 sed
2287 5596 2346 5632 eo
2375 5587 2600 5648 tempore
2625 5593 2715 5631 nec
2743 5577 3002 5630 Montanos
3032 5577 3253 5631 obtinere
3278 5575 3501 5646 potuisse
3527 5573 3600 5627 vel
3619 5589 3769 5628 arum

477 5675 705 5731 nationis
729 5671 1146 5727 catechumenos
1174 5683 1330 5724 sacro
1361 5669 1681 5737 baptismate
1727 5669 1794 5724 ah
1836 5672 2072 5728 Auctore
2174 5687 2330 5726 uuam
2360 5671 2554 5741 erigere
2608 5669 2870 5735 Victorite,
2913 5677 2967 5722 ut
3015 5669 3296 5739 plurimum
3343 5668 3412 5720 ad
3450 5664 3770 5721 Valentinia-

478 5773 532 5828 in
550 5767 787 5842 paschali
817 5764 956 5838 [cui]
978 5765 1116 5823 festo
1135 5763 1293 5820 simul
1323 5763 1534 5819 ablutos
1552 5764 1789 5820 tradunt.
1811 5765 1941 5823 Vide
1964 5775 2072 5822 tra-
2176 5783 2298 5821 num
2317 5764 2486 5821 scribit
2515 5755 2830 5827 Ambrosius,
2860 5774 2906 5816 et
2932 5761 3174 5818 adversus
3199 5761 3566 5828 Symmachum
3594 5754 3781 5829 dispu—

2279 2876 2504 2984 Judteis,
2525 2893 2618 2984 ait.
2632 2879 2769 2984 ‘595;
2801 2883 3058 2984 etsolum
3203 2894 3332 2965 421,
3353 2903 3459 2976 leg.
3481 2910 3543 2966 2i
