4242 6168
473 288 540 342 ss
1878 286 2245 345 PROLEGOM
2257 287 2414 354 ENA.
2875 343 2880 346 ,
3715 267 3782 349 sio

475 412 568 457 tat.
616 403 686 458 At
721 417 1047 475 quamquam
1103 401 1204 457 sub
1238 401 1599 457 Constantino
1649 411 1703 456 et
1755 401 2078 458 ConStantio
2106 407 2372 465 Aorator
2421 406 2668 463 oratione
2706 407 2738 461 5
2793 417 2918 463 ante
2961 409 3135 479 ipsum
3189 409 3472 464 Jovianum
3537 412 3781 479 recitata,

475 494 676 566 templa
713 496 925 567 aperire
953 510 1017 551 ac
1057 495 1368 552 sacrificare
1411 511 1518 552 non
1556 497 1800 564 licuerit,
1827 507 1948 568 post
1977 496 2076 554 Ju-

409 643 413 647 .
480 588 684 644 lianum
709 598 909 652 tamen,
943 589 1034 658 qui
1074 587 1306 644 ethnicm
1336 590 1736 659 superstitionis
1768 591 1971 645 cultum
2021 590 2072 645 in

480 682 748 748 integrum
795 682 1048 737 restituit.
1083 681 1150 736 ad
1197 682 1442 753 Magnum
1476 683 1842 738 Theodosium
1882 693 1936 738 et
1966 683 2075 740 Va-

474 775 828 831 lentinianum
855 773 1137 832 iuniorem
1182 791 1372 846 usque.
1414 777 1505 848 qui
1547 793 1764 832 onmem
1796 777 2073 832 ethnicum

472 869 673 925 cultum
705 868 899 923 iterum
931 867 1222 935 sustulere,
1249 857 1355 924 non
1383 869 1478 924 ita.
1506 868 1584 925 Ne
1613 878 1793 926 autem
1823 878 2077 926 moveant

475 973 596 1030 quae
623 959 690 1014 de
724 957 979 1014 Victoria:
1001 973 1094 1013 ara
1125 974 1193 1014 ex
1225 959 1510 1015 Ambrosio
1541 969 1597 1016 et
1620 959 1947 1033 Symmacho
1974 961 2075 1016 Ba-

478 1055 694 1110 rouium
742 1063 1054 1118 moverunt,
1085 1053 1172 1109 vel
1199 1069 1322 1125 quae
1347 1053 1528 1109 afferri
1567 1055 1728 1110 etiam
1759 1064 1982 1124 possent
2006 1071 2074 1110 ex

474 1147 704 1203 Socrate
728 1157 782 1200 et
812 1145 1180 1210 Theodoreto,
1203 1161 1435 1216 quorum
1466 1147 1601 1201 alter
1630 1146 1724 1201 lib.
1754 1161 1810 1200 ιιι
1837 1144 2071 1216 οιιι).24,

471 1239 608 1294 alter
630 1253 760 1294 vero
789 1238 883 1292 lib.
908 1255 938 1291 v
956 1253 1074 1306 cap.
1101 1238 1172 1291 20
1202 1236 1365 1303 Hist.,
1382 1236 1609 1292 Joviano
1629 1237 1828 1292 Juliani
1858 1251 2076 1292 succes-

474 1347 601 1388 sore
645 1334 946 1399 imperante
977 1333 1174 1400 templa
1217 1328 1418 1400 ubique
1451 1329 1670 1384 occlusa
1698 1330 1904 1384 diserte
1943 1329 2076 1384 scri-

475 1426 653 1480 bunt:
691 1425 829 1479 hanc
862 1423 1312 1494 propositionem,
1366 1438 1469 1492 qua
1517 1423 1695 1478 adhuc
1733 1433 1851 1492 post
1874 1422 2073 1478 Juliani

477 1527 706 1574 mortem
741 1517 1017 1572 etbuicum
1070 1516 1275 1572 cultum
1305 1515 1618 1582 aliquandiu
1648 1516 1866 1572 licuisse
1887 1521 2073 1570 contra

474 1609 692 1667 Baronii
738 1608 1066 1681 hypotltesin
1109 1608 1523 1674 affirmavimus,
1567 1607 1871 1663 luculenter
1919 1605 2075 1661 nobis

472 1702 816 1759 statuendam
835 1703 1208 1773 intelligimus,
1233 1716 1356 1758 cum
1382 1702 1682 1772 przesertim
1711 1699 1908 1758 exinde
1930 1701 2074 1754 Auc-

2184 497 2342 569 paulo
2397 509 2684 570 antequam
2715 501 2762 556 is
2787 516 2818 558 e
2847 502 2980 557 vivis
3006 503 3314 572 excederet,
3343 503 3482 560 hanc
3505 505 3646 560 inter
3665 506 3784 575 ejus

2182 590 2369 645 laudes
2401 593 2573 660 ponit,
2633 592 2777 664 quod
2804 594 2977 664 legem
3011 596 3431 666 promulgaverit
3461 598 3512 651 in
3545 613 3646 667 qua
3673 602 3786 655 cui-

2181 699 2285 752 que
2325 684 2623 754 religionis.
2655 701 2775 756 qute
2801 686 2973 756 magis
3005 687 3260 755 placeret,
3296 687 3605 746 lacultatem
3643 691 3784 749 fece-

2182 774 2275 840 rit,
2313 785 2367 831 et
2399 777 2518 830 unis
2563 777 2782 847 magicis
2829 777 3022 840 sacris,
3070 794 3190 848 qua:
3243 783 3504 837 maleficia
3538 785 3785 841 contine-

2181 865 2328 929 bant,
2362 867 2685 932 interdictis,
2731 877 2924 922 caetera
2963 871 3227 927 sacrificia
3278 888 3618 944 nequaquam
3655 889 3780 946 pro-

2182 957 2434 1016 hibuerit.
2471 961 2642 1029 Quam
2685 963 3012 1019 sententiam
3065 967 3263 1034 repetit
3310 967 3449 1024 idem
3497 969 3781 1039 Socrates,

2179 1068 2338 1122 quem
2385 1055 2583 1122 templa
2631 1054 2733 1108 sub
2763 1054 2990 1109 Joviano
3033 1057 3215 1112 clausa
3258 1068 3542 1115 testantem
3574 1061 3786 1118 audivi-

2183 1161 2341 1213 mus;
2371 1157 2426 1202 et
2458 1147 2594 1202 hanc
2619 1146 2884 1202 rationem
2934 1159 3194 1217 prieterca
3237 1150 3410 1215 alfert,
3440 1168 3563 1207 nam
3598 1153 3781 1210 Jovia-

2180 1252 2284 1292 nus
2313 1237 2403 1291 lib.
2434 1254 2514 1304 ιιι,
2559 1253 2678 1307 cap.
2707 1238 2796 1304 25,
2843 1241 2897 1293 id
2927 1241 3024 1294 sibi
3051 1255 3408 1314 proposuerat.
3441 1255 3497 1299 ut
3525 1246 3780 1301 dissiden-

2179 1331 2308 1383 tium
2330 1332 2512 1403 jurgia
2544 1331 2807 1385 blanditiis
2835 1343 2879 1386 et
2917 1333 3018 1386 leni
3043 1336 3309 1388 verborum
3339 1338 3671 1406 persuasione
3692 1354 3782 1392 ex—

2178 1421 2454 1491 stingueret
2484 1437 2503 1476 :
2529 1423 2792 1493 aiebatque
2835 1439 2890 1478 se
2919 1427 3107 1478 nemini
3130 1427 3360 1492 omnino,
3388 1429 3771 1500 qualiscumque

2178 1513 2300 1582 fidei
2323 1523 2471 1580 esset,
2502 1516 2786 1568 molestiam
2815 1516 3178 1571 exhibiturum.

2250 1605 2409 1659 Anno
2437 1605 2678 1660 nondum
2721 1608 2939 1662 evoluto
2967 1607 3224 1663 Jovianus
3259 1608 3401 1665 diem
3429 1610 3585 1678 obiit,
3615 1611 3775 1683 eique

2181 1695 2587 1752 Valentinianus
2611 1697 2895 1765 sull'ectus,
2923 1700 3016 1770 qui
3040 1701 3326 1757 Valentem
3357 1701 3580 1758 fratrem
3614 1704 3784 1774 impe-

475 1799 608 1853 toris
656 1807 869 1854 aetatem
919 1797 1248 1852 certioribus
1291 1796 1554 1851 limitibus
1626 1794 2074 1850 circumscribere
2104 1793 2153 1852 B
2181 1789 2242 1843 rii
2265 1788 2517 1844 comitem
2541 1792 2854 1862 assumpsit.
2879 1792 2972 1848 Ille
2995 1802 3172 1848 autem
3200 1795 3682 1852 tcsteZosimolib.
3705 1813 3780 1866 tv,

470 1893 703 1949 maxime
731 1891 983 1962 pendeat.
1015 1891 1072 1946 ld
1109 1899 1287 1945 autem
1333 1897 1391 1944 ut
1417 1896 1709 1954 statuatur,
1737 1886 1999 1958 quidquid
2040 1903 2069 1940 a

472 1984 666 2041 Juliani
689 1994 866 2039 morte
895 1982 962 2036 ad
993 1981 1246 2052 Magnum
1278 1979 1645 2035 Theodosium
1671 1977 1740 2033 de
1765 1979 1983 2048 templis
2009 1993 2073 2035 ac

473 2074 759 2131 sacrificiis
787 2072 1064 2130 decretum
1099 2081 1205 2138 est,
1239 2070 1428 2142 paucis
1456 2068 1713 2140 colligere
1739 2079 1793 2124 et
1820 2068 2068 2124 animad-

470 2177 686 2224 vertere
715 2173 1015 2250 Oporgret.

552 2258 688 2332 [LIV]
718 2259 984 2315 Jovianus
1033 2254 1269 2327 optimus
1289 2254 1622 2311 christianos
1644 2255 1825 2311 statim
1856 2269 1920 2310 ac
1947 2264 2072 2327 post

471 2351 743 2407 lulianum
765 2351 1063 2420 imperator
1089 2348 1432 2423 renuntiatus
1450 2347 1570 2415 fuit,
1585 2363 1702 2402 cum
1728 2348 2070 2418 experimento

471 2443 755 2508 didicisset,
805 2442 979 2512 inquit
1003 2440 1337 2496 Sozomenus
1368 2441 1406 2495 l.
1439 2455 1489 2495 γι
1536 2454 1656 2510 cap.
1691 2441 1744 2504 5,
1777 2440 1855 2493 ira
1877 2438 1973 2493 Dei
2008 2439 2072 2492 ob

471 2537 751 2591 decessoris
777 2535 857 2591 sui
885 2536 1201 2605 impietatem
1228 2535 1452 2589 invectas
1480 2549 1590 2588 esse
1628 2533 1946 2588 calamitates
1973 2533 2072 2585 im-

473 2630 618 2699 perio
651 2629 911 2694 Romano,
941 2627 1072 2682 nihil
1091 2637 1364 2682 cunctatus
1390 2628 1598 2695 scripsit
1621 2627 1902 2682 rectoribus
1934 2625 2068 2680 Pro-

468 2725 778 2790 vinciarum,
810 2731 866 2776 ut
895 2723 950 2776 in
977 2723 1222 2778 ecclesias
1250 2725 1594 2790 convenirent,
1628 2733 1676 2777 et
1715 2724 1942 2778 divinum
1973 2741 2071 2778 nu-

470 2834 587 2870 men
628 2816 854 2871 studiose
897 2816 1142 2882 colerent,
1185 2815 1448 2886 solamque
1476 2814 1889 2870 Christianorum
1915 2818 2071 2886 ﬁdem

471 2906 726 2960 Romanis
755 2923 862 2961 esse
887 2910 1246 2961 venerandam.
1281 2904 1415 2961 Cum
1463 2907 1567 2962 hoc
1594 2907 1883 2964 Sozomeni
1914 2911 2068 2965 testi-

475 2999 662 3056 monio
693 2999 952 3064 concinit,
986 3000 1129 3070 quod
1176 3001 1228 3054 in
1258 2999 1494 3055 Historia
1531 3001 1598 3055 ad
1620 3000 1973 3056 Athanasium
2005 3018 2070 3058 ac

472 3109 564 3150 res
585 3092 982 3149 Alexandrinas
1008 3094 1313 3164 pertinente
1329 3101 1384 3148 et
1404 3103 1602 3165 quarto
1627 3095 1826 3149 szeculo
1843 3095 2066 3165 scripta,

2175 1899 2295 1955 cap.
2328 1886 2382 1943 5.
2414 1884 2565 1939 initio
2599 1886 2807 1956 imperii
2835 1889 2917 1942 sui
2938 1899 3187 1943 nocturna
3211 1907 3358 1944 sacra
3379 1892 3490 1961 ﬁcri
3521 1890 3780 1958 prohibuit

2175 1975 2256 2047 (ut
2274 1991 2406 2031 sane
2430 1976 2625 2033 factum
2650 1979 2896 2035 videmus
2921 1982 3094 2050 primo
3116 1983 3324 2052 imperii
3344 1983 3459 2053 ejus
3482 1999 3625 2038 anno
3647 1983 3776 2052 564,

2176 2067 2295 2139 lege
2326 2070 2358 2124 7
2397 2070 2460 2124 de
2490 2068 2744 2140 Maleﬁcis
2771 2085 2818 2125 et
2849 2072 3227 2130 Mathematicis
3256 2075 3393 2131 Cod.
3425 2076 3693 2148 Theod.),
3727 2087 3782 2133 at

2175 2161 2426 2218 hortante
2456 2161 2784 2220 Praetextato
2822 2170 2998 2238 peragi
3043 2185 3103 2222 ea
3147 2171 3264 2234 rite,
3297 2171 3343 2224 ri
3365 2171 3490 2243 legis
3533 2188 3642 2228 sua:
3669 2191 3780 2230 ces-

2175 2263 2340 2322 sante,
2371 2258 2638 2327 permisit:
2675 2257 2747 2313 ita
2777 2270 2941 2314 tamen
2972 2272 3028 2314 ut
3073 2264 3247 2316 omnia
3271 2265 3548 2320 secundum
3587 2269 3781 2338 patrias

2175 2349 2590 2413 consuetudines,
2617 2351 2796 2420 quales
2832 2351 2893 2405 ab
2938 2353 3086 2408 initio
3119 2355 3357 2426 fuissent,
3392 2358 3777 2428 perﬁcerentur.

2174 2441 2434 2512 Equidem
2477 2443 2727 2498 Socrates
2771 2445 2874 2504 lib;
2917 2461 2990 2510 tv,
3014 2461 3133 2515 cap.
3187 2447 3280 2514 29,
3331 2448 3772 2506 Valentinianum

2175 2531 2307 2586 nulli
2349 2543 2520 2600 sectae,
2564 2551 2655 2588 nec
2694 2536 2930 2609 religioni
2962 2537 3250 2592 molestiam
3284 2541 3570 2596 exhibuisse
3597 2543 3776 2612 prodi-

2173 2621 2273 2677 dit.
2319 2623 2462 2679 ldem
2512 2624 2674 2681 tradit
2707 2628 3018 2696 espressius
3047 2640 3353 2686 coaetaneus
3404 2633 3775 2690 Valentiniano

2175 2715 2408 2785 scriptor
2425 2718 2742 2773 Ammianus
2763 2718 3102 2776 Marcellinus
3124 2722 3217 2776 lib.
3250 2739 3375 2789 xxx,
3401 2739 3518 2795 cap.
3539 2725 3573 2780 9
3598 2743 3610 2779 ε
3642 2725 3777 2781 Pos-

2174 2815 2333 2861 tremo
2373 2809 2468 2862 hoc
2495 2811 2842 2866 moderamine
2871 2813 3188 2884 principatus
3234 2815 3498 2883 inclaruit,
3527 2818 3668 2887 quod
3691 2819 3772 2872 in-

2172 2907 2248 2952 ter
2273 2900 2578 2973 religionum
2601 2903 2918 2958 diversitates
2947 2905 3144 2959 medius
3175 2907 3328 2970 stetit,
3361 2924 3450 2962 nec
3469 2925 3772 2979 quemquam

2170 2989 2489 3059 inquietavit,
2519 3009 2678 3060 neque
2697 3006 2750 3048 ut
2781 2995 2875 3049 hoc
2900 2997 3152 3052 coleretur
3170 3001 3458 3069 imperavit,
3483 3011 3571 3055 aut
3597 3003 3731 3056 illud
3759 3019 3778 3058 :

2172 3097 2262 3136 nec
2295 3084 2582 3138 interdictis
2623 3086 2907 3142 minacibus
2959 3089 3302 3160 subjectorum
3341 3093 3586 3148 cervicem
3613 3095 3683 3148 ad
3721 3095 3778 3149 id

477 3201 637 3258 quam
669 3200 701 3241 e
727 3201 832 3240 ms.
855 3183 1086 3256 Capituli
1111 3185 1442 3242 Veronensis
1463 3187 1708 3242 concivis
1737 3197 1924 3243 noster
1945 3187 2065 3242 Mal-

2171 3177 2308 3246 quod
2345 3177 2456 3246 ipse
2501 3176 2686 3244 coluit,
2717 3180 3020 3247 inclinabat,
3063 3181 3153 3236 sed
3196 3183 3528 3238 intemeratas
3572 3186 3777 3256 reliquit

476 3278 612 3335 Teius
665 3278 959 3347 publicavit
1005 3289 1135 3332 tom.
1170 3294 1226 3332 ιιι
1255 3278 1540 3334 Observat.
1569 3278 1786 3345 Litter.,
1813 3295 1960 3334 num.
2009 3279 2066 3346 8,

476 3385 598 3442 pag.
629 3369 721 3434 71,
765 3370 834 3426 de
881 3369 985 3424 hoc
1024 3369 1214 3425 eodem
1247 3367 1674 3427 Joviani'edicto
1720 3372 1948 3427 traditur
1984 3371 2069 3428 his

470 3463 654 3519 verbis
677 3480 692 3518 :
718 3461 971 3533 Sequente
995 3479 1166 3516 mense
1193 3461 1327 3516 Toth
1351 3478 1511 3526 svnt,
1536 3464 1587 3518 id
1609 3472 1693 3518 est
1716 3463 1805 3518 die
1835 3464 1905 3520 14
1933 3479 2063 3536 sep-

474 3553 701 3611 Iembris
731 3570 819 3607 an.
864 3553 990 3619 363,
1024 3557 1352 3624 imperatoris
1396 3553 1605 3610 Ioviani
1634 3556 1818 3611 littera:
1848 3556 2069 3612 advene-

468 3659 590 3705 runt
620 3650 687 3704 ad
732 3647 1013 3719 Olympum
1038 3651 1357 3719 praefectum,
1391 3660 1444 3703 ut
1472 3659 1669 3703 tantum
1713 3648 1856 3704 Deus
1901 3652 2066 3705 excel-

469 3758 557 3796 sus
595 3741 792 3795 colatur
816 3751 861 3794 et
893 3738 1147 3804 Christus,
1190 3750 1238 3794 et
1268 3750 1324 3794 ut
1350 3741 1402 3794 in
1443 3741 1666 3796 ecclesiis
1695 3742 1993 3813 colligentes
2015 3761 2070 3799 se

469 3834 648 3905 papuli
675 3832 927 3886 celebrent
952 3832 1274 3903 religionem.
1297 3832 1390 3888 Ha:
1403 3843 1582 3888 autem
1609 3833 1820 3889 Joviani
1848 3835 2063 3901 litterm,

468 3929 570 3983 etsi
603 3941 702 3997 pro
728 3925 1052 3982 Cbrisﬁanis
1091 3926 1254 3991 datae,
1304 3942 1410 3981 non
1459 3936 1638 3981 tamen
1680 3927 1763 3982 lex
1805 3925 2067 3982 adversus

465 4033 707 4090 paganos
750 4018 896 4076 edita
941 4018 1048 4074 dici
1096 4029 1342 4088 possunt,
1388 4018 1533 4074 unde
1573 4018 1706 4074 nihil
1753 4035 1820 4073 ex
1867 4018 1970 4073 illis
2013 4021 2065 4073 in

469 4110 909 4168 Tlteodosiauum
939 4112 1184 4166 codicem
1231 4112 1388 4166 titulo
1428 4111 1497 4166 de
1529 4109 1759 4182 Paganis
1801 4111 2064 4166 insertum

464 4205 587 4260 luit.
621 4205 690 4259 At
713 4206 1058 4275 imperatoris
1088 4216 1270 4261 mente
1313 4207 1445 4260 satis
1478 4204 1603 4259 hinc
1627 4205 1861 4276 cognita,
1889 4219 2064 4275 quan-

468 4307 581 4355 tum
610 4300 820 4355 scilicet
842 4299 1155 4355 christiana:
1183 4301 1283 4354 soli
1316 4298 1442 4355 ﬁdei
1482 4298 1742 4354 adversus
1775 4297 2052 4353 ethnicum

463 4393 664 4448 cultum
696 4392 957 4458 deferret,
989 4393 1105 4448 fieri
1133 4393 1323 4463 potuit.
1353 4401 1407 4447 ut
1434 4391 1666 4464 gentiles
1689 4392 1975 4447 adversum
2004 4407 2064 4448 se

461 4483 611 4553 leges
634 4483 925 4539 ali-eodem
958 4484 1283 4554 imperatore
1305 4484 1454 4539 brevi
1487 4483 1756 4562 ferendas,
1789 4484 1877 4540 vel
1907 4492 2060 4540 vete-

2172 3264 2268 3320 has
2308 3277 2500 3337 partes,
2547 3279 2603 3321 ut
2640 3271 2850 3339 reperit.
2895 3271 3031 3339 Quin
3063 3273 3176 3342 ipse
3215 3289 3428 3344 quoque
3476 3275 3773 3346 imperator

2175 3357 2236 3412 L.
2269 3359 2302 3413 9
2329 3358 2460 3415 Cod.
2488 3358 2694 3416 Tlteod.
2721 3362 2786 3416 de
2804 3362 2986 3436 Malef.
3013 3374 3061 3418 et
3082 3365 3328 3420 Mathem.
3351 3384 3363 3420 :
3394 3369 3773 3440 Aruspicinam,

2173 3452 2363 3524 inquit,
2413 3471 2505 3526 ego
2535 3457 2729 3509 nullam
2758 3473 2874 3512 cum
2914 3459 3285 3529 maleﬁciorum
3331 3463 3527 3516 caussis
3568 3463 3772 3528 habere,

2171 3549 2486 3602 consortium
2503 3549 2686 3620 judico
2719 3566 2738 3604 :
2766 3566 2926 3621 neque
2972 3553 3160 3620 ipsam,
3207 3562 3298 3606 aut
3331 3552 3488 3607 aliam
3519 3564 3767 3624 praeterea

2171 3656 2470 3696 concessam
2510 3659 2542 3696 a
2580 3645 2866 3716 majoribus
2895 3646 3190 3715 religionem
3233 3663 3392 3718 genus
3421 3663 3529 3702 esse
3553 3646 3775 3701 arbitror

2172 3735 2420 3790 criminis.
2458 3734 2627 3789 Testes
2655 3747 2772 3792 sunt
2804 3739 2939 3808 leges
2967 3755 3000 3791 a
3029 3754 3108 3791 me
3129 3739 3183 3792 in
3205 3741 3417 3793 exordio
3446 3741 3650 3810 imperii
3675 3741 3774 3794 mei

2171 3826 2341 3893 dolat,
2379 3827 2561 3898 quibus
2600 3830 2903 3900 unicuique,
2934 3831 3074 3900 quod
3121 3832 3294 3884 animo
3320 3831 3632 3896 imbibisset,
3685 3849 3772 3888 co-

2170 3917 2310 3971 lendi
2341 3919 2497 3973 libera
2527 3920 2751 3989 facultas
2777 3921 2969 3975 tributa
2987 3930 3082 3975 est.
3115 3920 3250 3977 Hinc
3275 3923 3522 3978 laudatur
3551 3941 3578 3976 a
3612 3923 3768 3994 Sym-

2171 4009 2364 4065 macho
2404 4012 2593 4081 gentili
2645 4012 2861 4068 homine
2907 4015 2960 4068 in
2999 4013 3174 4069 Relat.
3217 4014 3284 4070 ad
3335 4015 3765 4073 Valentinianum

2168 4101 2469 4168 Juniorem,
2503 4119 2652 4159 num.
2687 4106 2721 4160 5
2745 4115 2800 4160 et
2827 4107 2911 4172 l7,
2955 4117 3006 4161 et
3035 4106 3096 4163 S.
3126 4106 3446 4165 AmbrOsius
3485 4113 3644 4181 epist.
3676 4113 3766 4177 17,

2168 4209 2318 4248 num.
2352 4194 2438 4259 16,
2471 4195 2849 4252 Valentiniano
2880 4200 3084 4254 seniori
3114 4199 3384 4270 objectum
3413 4200 3599 4267 refert,
3624 4204 3766 4272 quod

2169 4286 2454 4342 Gentilibus
2477 4289 2851 4344 conniventiam
2872 4292 3228 4363 praestitisset;
3249 4303 3304 4346 et
3331 4294 3380 4346 in
3408 4307 3498 4362 ep.
3524 4294 3593 4349 18
3609 4294 3768 4364 Sym-

2167 4379 2342 4435 machi
2369 4379 2689 4437 relationem
2718 4384 2991 4448 relellens,
3025 4400 3127 4455 qua
3156 4384 3366 4441 Juniori
3392 4386 3768 4443 Valentiniano

2166 4474 2628 4542 pra-decessurum
2665 4477 3065 4532 conniventiam
3116 4479 3429 4535 imitandam
3472 4497 3767 4552 proposue-

459 4591 550 4632 res
579 4577 938 4631 restituendas
987 4577 1244 4634 timerent
1273 4584 1361 4632 :et
1413 4578 1540 4632 hinc
1583 4576 1720 4632 forte
1759 4578 1958 4640 evenit,
2003 4585 2061 4631 ut
2085 4581 2137 4640 1)
2162 4575 2246 4620 Νη
2277 4585 2289 4621 ε
2326 4567 2388 4624 Si
2407 4570 2563 4637 enim,
2595 4571 2765 4640 inquit
2794 4586 2849 4624 η.
2877 4570 2968 4634 59,
3001 4587 3094 4641 pro
3123 4573 3229 4626 suis
3249 4573 3516 4628 dumtaxat
3541 4575 3770 4644 partibus

461 4668 640 4725 eodem
691 4678 916 4740 tempore
980 4669 1156 4740 (quod
1212 4667 1379 4724 tradit
1454 4669 1708 4724 Socrates
1767 4668 1904 4723 libro
1965 4684 2052 4733 ιιι,

461 4777 582 4832 cap.
612 4759 706 4831 24)
743 4771 926 4814 cuneta
970 4763 1239 4833 gentilium
1275 4761 1466 4827 templa
1505 4751 1688 4829 ubique
1727 4760 2056 4814 occluderen-

462 4861 548 4906 tur
574 4869 593 4906 :
617 4853 815 4922 ipsique
854 4854 1147 4907 damonum
1184 4853 1474 4906 sacerdotes
1509 4850 1664 4904 variis
1707 4853 1759 4905 in
1793 4852 1940 4916 locis,
1971 4851 2056 4906 ubi

461 4946 672 5016 quisque
699 4955 918 5014 poterat,
975 4961 1084 4999 sese
1109 4943 1351 4997 abderent
1405 4940 1572 5014 (quod
1596 4948 1774 4995 tamen
1805 4957 1911 4996 non
1938 4941 2056 4998 sine

461 5041 880 5109 exaggeratione
918 5037 1094 5106 aliqua
1128 5035 1332 5089 dictum
1370 5035 1638 5104 accipito;
1671 5045 1855 5089 cuncta
1886 5034 2054 5101 enim,

459 5139 516 5186 et
540 5131 726 5202 ubique
750 5129 939 5184 stricte
960 5140 1176 5197 sumpta
1206 5126 1496 5180 falsissima
1518 5136 1664 5190 sunt,
1694 5135 1753 5180 ut
1781 5141 1846 5182 ex
1870 5126 2056 5181 dicen-

456 5221 542 5277 dis
575 5220 821 5294 patebit).
884 5220 1082 5275 Eadem
1119 5233 1333 5289 quoque
1375 5219 1441 5274 de
1488 5234 1648 5274 causa
1683 5208 1880 5276 factum
1909 5219 2059 5276 vide-

456 5321 544 5366 tttr
601 5322 659 5367 ut
697 5311 992 5366 Christiani
1043 5313 1096 5366 in
1141 5309 1349 5366 honore
1377 5321 1580 5376 essent,
1633 5311 1830 5382 Pagani
1873 5321 2054 5367 autem

457 5405 789 5474 contemptui
819 5402 1011 5467 habiti,
1041 5403 1363 5474 ethnicaque
1418 5404 1614 5474 templa
1646 5403 2052 5471 nonnullorum,

458 5508 515 5553 ut
543 5498 849 5567 opinamur,
880 5495 1311 5552 Christianorum
1361 5496 1479 5552 zelo
1508 5497 1702 5553 alicubi
1727 5496 2053 5553 'everteren-

453 5597 561 5656 tur,
596 5589 669 5643 uti
699 5588 955 5646 Libanius
994 5600 1132 5644 orat.
1178 5589 1246 5644 12
1289 5591 1566 5646 memoria:
1597 5590 1849 5657 prodidit.
1875 5586 2049 5644 Crete-

450 5698 567 5738 rum
597 5691 652 5735 ut
679 5685 826 5739 nulla
858 5685 908 5738 in
941 5682 1061 5754 lege
1084 5685 1152 5740 ab
1179 5700 1245 5740 eo
1284 5686 1614 5756 imperatore
1643 5683 1903 5739 adversus
1930 5683 2042 5739 ido-

441 5775 615 5831 lorum
646 5776 793 5834 :edcs
815 5779 918 5834 lata
953 5774 1155 5834 factum
1190 5786 1392 5851 pateat,
1426 5778 1756 5837 Themisti'us
1787 5776 2041 5835 ethnicus

2163 4677 2340 4715 eorum
2389 4663 2854 4717 dissimulationem
2900 4662 3210 4734 Principum
3260 4667 3629 4736 pradicarunt,
3677 4669 3768 4737 qui

2164 4771 2278 4810 cum
2303 4766 2466 4810 essent
2497 4755 2799 4821 Christiani,
2829 4758 3030 4812 decreta
3061 4769 3229 4813 tamen
3259 4762 3528 4831 gentilium
3560 4763 3768 4818 minime

2162 4857 2505 4913 removerunt,
2547 4859 2740 4916 quanto
2770 4852 2932 4923 magis
2981 4856 3146 4906 amori
3175 4852 3325 4908 debes
3351 4856 3622 4924 fraterno?
3647 4856 3768 4914 .Va-

2164 4939 2442 4994 lentiniaui
2467 4939 2704 4995 Junioris
2731 4940 2896 4996 frater
2921 4945 3004 4998 llic
3024 4944 3323 5014 appellatus
3342 4955 3428 5001 est
3455 4945 3766 5013 Gratianus,

2164 5031 2443 5086 christiani
2491 5047 2669 5087 autem
2705 5032 2815 5105 [ιν]
2867 5033 3135 5104 principes
3165 5037 3359 5107 plurali
3405 5053 3633 5094 numero
3667 5054 3763 5094 vo-

2165 5124 2290 5189 cati,
2326 5123 2522 5194 quibus
2559 5125 2843 5191 Occidens,
2876 5127 2944 5183 de
2970 5142 3079 5198 quo
3101 5139 3214 5182 erat
3249 5131 3496 5199 quaestio,
3527 5141 3764 5199 pareret,

2163 5231 2270 5271 non
2296 5217 2387 5272 alii
2424 5216 2668 5287 profecto
2695 5232 2819 5274 esse
2849 5229 3075 5288 possunt
3124 5236 3284 5289 quam
3319 5220 3576 5276 lovianus
3605 5232 3768 5293 atque

2163 5308 2577 5365 Valentinianus
2605 5311 2821 5377 Senior,
2873 5312 2964 5384 qui
3007 5312 3222 5382 utrique
3248 5313 3453 5366 decreta
3479 5310 3766 5369 Gentilium

2161 5401 2367 5455 minime
2393 5404 2666 5457 removisse
2694 5401 3002 5464 traduntur,
3033 5402 3394 5473 Gentiumque
3422 5403 3630 5458 cultum
3660 5407 3756 5459 tui-

2162 5495 2306 5549 nime
2349 5494 2756 5560 interdicentes,
2807 5495 3007 5564 templa
3043 5511 3108 5549 ac
3147 5493 3409 5550 sacrificia
3446 5496 3762 5565 permisisse

2158 5587 2572 5642 convincuntur.
2631 5586 2866 5650 Valens,
2921 5587 3008 5642 cui
3063 5601 3094 5640 a
3167 5585 3542 5642 Valentiniano
3595 5587 3761 5644 fratre

2157 5681 2393 5737 Orientis
2421 5682 2704 5751 imperium
2724 5681 2980 5735 tributum
3013 5680 3132 5744 fuit.
3158 5679 3348 5736 iisdem
3377 5680 3560 5736 fratris
3592 5683 3758 5737 vesti-

2151 5776 2254 5849 giis
2300 5774 2495 5830 inStitit
2531 5773 2597 5830 ad
2646 5772 2863 5844 aliquod
2908 5783 3151 5846 tempus;
3203 5773 3384 5847 quoad
3427 5774 3753 5832 Christianis
