4242 6168
388 245 471 316 57'
1161 256 1612 318 DlSSER'l‘ATlO
1651 265 1688 329 ι,
1735 263 1823 320 DE
1863 261 2250 324 SJZENONIS
2289 263 2534 324 ruam.
2581 266 2672 324 ET
2716 269 3004 330 arma.
3077 348 3090 356 ‘
3684 273 3753 329 ss

389 372 708 448 praesertim
746 371 1045 427 monachis
1081 371 1435 430 vehementer
1464 377 1794 448 urgentibus,
1824 376 2028 432 sacriﬁ-
2058 383 2112 442 Α
2137 378 2300 436 fuisse
2327 379 2580 446 videtur,
2627 381 2681 436 id
2735 385 2914 454 ipsum
2956 383 3214 439 decrevit
3251 383 3355 456 leg.
3409 386 3467 441 11
3516 385 3760 456 ejusdem

385 471 468 526 cia
502 471 576 524 ita
621 465 886 532 abstulit,
923 476 983 520 ut
1012 480 1121 520 non
1171 476 1352 522 tamen
1385 470 1439 524 in
1488 469 1675 526 eodem
1706 473 1912 526 oriente
1943 471 2027 526 in-

390 562 715 620 lercluserit
738 561 970 630 penitus
997 559 1224 628 templa,
1257 575 1358 616 nec
1381 561 1827 621 thuriﬁcationem
1860 565 2028 620 inter-

388 657 615 712 dixerit.
664 654 810 709 llinc
858 652 1133 709 Libanius
1175 653 1227 706 in
1278 655 1522 710 oratione
1551 672 1647 726 pro
1675 657 1913 728 Templis
1959 656 2027 711 ad

392 749 774 805 TheodOsium
829 747 1116 818 Magnum,
1149 747 1241 816 qui
1278 759 1397 817 post
1429 748 1708 805 Valentem
1736 751 1786 805 id
1823 761 2030 818 tempo-

389 843 470 899 ris
507 843 560 897 in
588 843 716 896 solo
747 842 983 896 Oriente
1015 839 1344 908 imperabat,
1385 856 1502 912 pag.
1531 842 1659 909 475,
1686 846 1825 899 inter
1847 843 2026 913 Opera

390 939 606 992 minora
629 935 832 991 Jacobi
862 934 1190 992 Gotliolredi
1223 952 1239 989 :
1267 935 1480 992 Iuliano
1511 949 1712 994 mortuo
1731 941 1869 1010 apud
1894 938 2028 993 Pcr-

389 1045 500 1095 sas,
539 1029 799 1096 inquit...
840 1028 1034 1082 mansit
1079 1037 1219 1082 certe
1242 1029 1614 1097 sacriﬁciorum
1643 1048 1768 1085 usus
1807 1033 1877 1084 ad
1901 1041 2029 1084 teut-

386 1139 485 1193 pus
511 1121 756 1190 aliquod.
808 1119 1166 1175 Nouatoribus
1212 1129 1384 1176 autent
1410 1123 1717 1190 quibusdam
1747 1125 1963 1189 exortis,
1995 1140 2029 1178 a

389 1215 594 1269 duobus
643 1214 892 1284 equidem
940 1213 1191 1283 fratribus
1238 1215 1488 1284 (Valente
1531 1224 1586 1270 et
1613 1216 2027 1286 Valentiniano)

329 1339 337 1351 ι
391 1306 688 1376 prohibitus
737 1305 842 1376 {ait
863 1345 878 1371 ,
912 1313 967 1357 at
999 1321 1102 1358 non
1132 1315 1178 1358 et
1208 1305 1519 1372 thuriﬁcatio
1543 1323 1562 1360 :
1608 1309 1739 1376 quin
1786 1307 1926 1364 hanc
1957 1307 2028 1362 ab

388 1401 510 1468 ipso
538 1415 764 1469 quoque
802 1398 1120 1454 Theodosio
1151 1398 1268 1468 lege
1308 1402 1573 1454 lirmatam
1604 1401 1814 1454 subdit.
1865 1401 2030 1472 Equi-

388 1493 514 1547 dem
541 1492 594 1546 iu
618 1491 854 1548 Oriente
882 1491 1108 1545 ineunte
1131 1489 1418 1546 Theodosii
1447 1491 1681 1561 imperio
1707 1492 1915 1548 Gentes
1937 1493 2032 1546 ad-

386 1585 560 1640 adhuc
607 1585 918 1656 facultatem
959 1582 1214 1637 habebant
1261 1585 1487 1639 adeundi
1538 1589 1689 1657 fana,
1745 1587 2032 1656 patriisque

387 1679 572 1732 ritibus
601 1677 824 1731 numina
848 1675 1096 1746 placandi
1124 1676 1337 1732 Zosimo
1364 1685 1503 1733 teste
1535 1679 1630 1733 lib.
1669 1695 1747 1743 tv,
1776 1694 1898 1748 cap.
1919 1665 2027 1747 ἓξ,

2133 472 2301 540 tituli,
2346 488 2480 544 quas
2519 481 2780 545 utrasque
2812 477 2865 531 in
2909 476 3306 532 Tlteodosiano
3343 476 3548 535 Codice
3582 480 3762 549 legere

2132 566 2354 635 poteris.
2398 565 2489 620 liae
2533 582 2700 638 porro
2749 567 2897 639 leges
2945 584 3109 624 anno
3154 571 3444 636 sequenti.
3490 586 3613 626 cum
3647 570 3760 640 jam

2131 657 2351 712 obiisset
2383 657 2800 714 Valentinianus
2837 659 3032 714 Junior
3055 701 3068 719 .
3100 675 3133 714 a
3180 659 3488 716 Theodosio
3533 662 3756 717 univer-

2132 767 2250 806 sum
2278 752 2580 807 Romanum
2613 752 2902 822 imperium
2929 752 3262 809 moderante
3283 755 3617 810 conﬁrmata:
3645 756 3759 811 luc-

2132 855 2256 900 rnnt
2274 888 2289 906 .
2315 847 2576 916 novisque
2606 860 2671 901 ac
2696 846 3071 902 severissimis
3115 848 3295 918 poenis
3322 858 3493 904 aucta:
3520 866 3533 904 :
3565 849 3760 920 quibus

2132 926 2592 992 nemo'idolorum
2626 937 2775 993 ardes
2810 939 2927 992 sive
2958 939 3011 991 iu
3050 939 3322 1006 urbibus,
3357 940 3476 996 sive
3518 941 3570 995 in
3613 944 3760 1012 pagis

2129 1032 2369 1102 ingredi,
2399 1032 2782 1100 sacriliciaque
2808 1031 3006 1088 oﬁ‘erre
3037 1048 3212 1088 nemo
3242 1019 3310 1089 ne
3331 1033 3382 1089 in
3417 1035 3611 1091 itinere
3637 1037 3757 1107 qui-

2130 1126 2252 1179 dem
2283 1133 2513 1194 poterat.
2548 1125 2680 1193 Qtue
2711 1125 2858 1194 leges
2893 1141 3016 1179 cum
3039 1125 3254 1181 alicubi
3281 1143 3386 1182 non
3410 1129 3635 1184 omnino
3662 1129 3760 1184 ob-

2131 1228 2480 1275 servarentur
2510 1219 2685 1292 (utin
2719 1217 3042 1288 quibusdam
3082 1220 3291 1275 Al‘riem
3325 1223 3474 1293 pagis
3504 1225 3756 1279 remotis-

2131 1312 2284 1367 simis
2315 1313 2527 1377 evenit,
2563 1312 2615 1365 in
2651 1312 2849 1381 quibus
2880 1312 3157 1367 sacriﬁcia
3187 1314 3462 1371 celebrata
3495 1317 3661 1388 liquet
3691 1335 3756 1372 ex

2135 1405 2434 1474 Augustino
2463 1412 2518 1456 et
2539 1419 2662 1459 can.
2693 1405 2727 1458 '5
2757 1403 2970 1459 concilii
2999 1401 3463 1476 Carthaginiensis
3487 1425 3577 1463 an.
3606 1409 3702 1464 401
3736 1408 3754 1480 )

2133 1509 2287 1548 nova:
2317 1495 2467 1566 leges
2497 1495 2658 1550 editae
2685 1495 2914 1549 subinde
2945 1497 3311 1555 inveniuntur
3331 1542 3347 1567 ,
3377 1501 3572 1571 quibus
3603 1518 3761 1574 pago-

2133 1602 2251 1642 rum
2302 1589 2422 1642 lana
2467 1589 2634 1644 deleri
2676 1587 2886 1657 jussum
2921 1587 3056 1653 fuit,
3103 1590 3178 1645 de
3223 1593 3419 1662 quibus
3459 1595 3580 1651 vide
3621 1595 3758 1652 Cod.

2133 1681 2340 1736 Theod.
2376 1681 2458 1734 tit.
2496 1681 2557 1734 de
2593 1680 2842 1752 Pagauis.
2884 1679 3009 1735 Haec
3029 1681 3104 1737 de
3135 1687 3481 1743 ethnicorum
3526 1690 3757 1760 templo-

390 1785 499 1841 quo
523 1769 875 1839 Spectaus‘in
914 1769 1163 1823 oratione
1209 1781 1500 1825 memorata
1525 1771 1817 1836 Libanius,
1843 1771 2027 1826 Theo-
2062 1776 2109 1834 B
2134 1791 2253 1829 rum
2283 1775 2787 1846 sacriﬁciorumqne
2819 1775 2928 1829 l‘ato
2959 1775 3078 1831 fuse
3106 1777 3340 1835 dicenda
3371 1781 3610 1848 fuerant,
3645 1799 3752 1840 non

391 1862 604 1916 dosium
657 1862 748 1915 his
797 1861 1136 1929 alloquitur:
1169 1859 1248 1915 Tu
1283 1862 1443 1933 igitur
1482 1881 1646 1934 neque
1693 1865 1890 1932 templa
1939 1881 2030 1917 oc-

391 1957 558 2021 cludi,
592 1972 757 2027 neque
783 1954 953 2009 ullum
995 1955 1141 2008 aditu
1167 1959 1328 2010 arceri
1360 1960 1587 2027 jussisti,
1633 1975 1806 2027 neque
1827 1959 2024 2029 ignem,

393 2047 1048 2120 nequethuri/icationem,
1075 2064 1237 2117 neque
1265 2049 1393 2104 alios
1421 2052 1833 2124 [umigutionum
1863 2053 2029 2106 Itono—

393 2160 475 2198 res
511 2143 718 2211 templis
760 2141 970 2210 arisque
1016 2142 1210 2212 ejecisti
1241 2158 1258 2196 :
1284 2143 1479 2213 quibus
1526 2145 1661 2199 nihil
1716 2155 2026 2213 repugnant

393 2237 640 2308 ejusdem
663 2235 960 2291 Theodosii
997 2235 1146 2306 leges
1178 2236 1207 2287 7
1247 2244 1300 2290 et
1336 2236 1368 2290 9
1411 2237 1492 2290 tit.
1525 2239 1588 2292 de
1637 2237 1882 2308 Paganis
1911 2279 1926 2302 ,
1971 2239 2026 2293 in

394 2331 594 2401 quibus
620 2329 739 2384 sola
766 2327 1032 2384 sacriﬁcia
1059 2328 1226 2382 vetita
1261 2329 1558 2396 traduntur,
1581 2340 1640 2385 et
1671 2329 2025 2386 sacriﬁcandi

395 2421 632 2476 consilio
657 2409 861 2491 templa
892 2420 1126 2489 lanaque
1157 2419 1416 2473 adeuntes
1454 2424 1602 2492 gravi
1671 2436 1837 2494 pinna
1877 2423 2025 2477 mul-

394 2523 642 2571 ctantnr.

480 2606 592 2663 Sed
620 2606 689 2661 ab
714 2605 931 2661 Oriente
957 2605 1024 2660 ad
1055 2605 1400 2661 Occidentem
1431 2619 1801 2665 revertamur.
1829 2606 2030 2662 Valen-

399 2699 615 2755 tiniano
645 2698 870 2754 Seniore
895 2698 1005 2752 vita
1051 2696 1580 2763 functo,Oceidentis
1615 2701 1915 2768 imperium
1958 2701 2026 2754 ad

398 2792 721 2850 Gratianum
752 2800 808 2847 et
823 2792 1260 2846 Valentinianum
1283 2792 1856 2866 Juniorem'pervenit.
1891 2792 2030 2848 Gra-

401 2886 586 2938 tianus
609 2893 793 2938 autem
821 2884 998 2953 legem
1030 2882 1154 2937 tulit
1175 2882 1495 2940 abllouorio
1523 2887 1828 2952 laudatam,
1869 2883 1930 2939 L.
1957 2885 2030 2940 ΞΟ

401 2980 469 3034 dc
504 2977 765 3049 Paganis,
793 2991 898 3044 qua
943 2974 1162 3045 templis
1203 2985 1257 3030 et
1295 2980 1572 3034 sacriﬁciis
1605 2978 1826 3032 intactis
1860 2993 2027 3033 unum

402 3071 671 3142 publicum
697 3081 962 3140 sumptum
987 3069 1339 3137 superstitioni
1372 3073 1662 3126 deterritum
1689 3069 1918 3125 exhiberi
1943 3072 2027 3125 in-

2136 1877 2242 1920 tam
2275 1878 2333 1920 ut
2369 1867 2586 1922 Baronii
2631 1867 2958 1922 hallucinato
3003 1878 3254 1937 pateret,
3288 1890 3446 1944 quam
3486 1887 3542 1931 ut
3582 1877 3754 1933 nOstri

2135 1960 2388 2013 Auctoris
2408 1961 2608 2013 certior
2639 1970 2770 2015 tetas
2787 1969 3144 2016 statueretur.
3175 1963 3311 2019 Cum
3325 1967 3532 2023 enimis
3547 1984 3612 2023 ex
3645 1983 3753 2024 una

2136 2061 2286 2118 parte
2304 2050 2356 2104 id
2379 2052 2638 2120 temporis
2663 2051 2942 2123 scripserit
2971 2059 3267 2112 tractatum
3298 2057 3365 2112 14
3411 2061 3444 2112 Ι.
3471 2076 3508 2124 ι,
3535 2062 3754 2132 quando

2135 2141 2408 2198 Gentibus
2443 2158 2577 2198 nova
2637 2145 2838 2214 templa
2890 2143 3133 2202 condere
3173 2165 3279 2206 non
3318 2151 3552 2219 licebat,
3604 2154 3752 2224 quod

2134 2235 2234 2290 soli
2253 2235 2689 2293 Christianorum
2717 2239 3107 2308 imperatorum
3142 2240 3274 2315 [ινι]
3296 2245 3437 2298 relati
3467 2247 3748 2301 convenit:

2133 2344 2197 2384 ex
2230 2329 2337 2383 alia
2367 2343 2500 2382 vero
2533 2332 2814 2400 scripserit
2837 2339 2989 2384 tract.
3024 2330 3079 2396 5,
3118 2349 3240 2389 cum
3276 2337 3492 2405 impune
3527 2346 3582 2392 et
3611 2347 3748 2392 tem-

2136 2421 2220 2491 pla
2264 2421 2419 2474 adire
2448 2428 2502 2475 et
2533 2423 2798 2478 sacriﬁcia
2829 2421 3109 2479 celebrare
3130 2424 3336 2482 Gentes
3367 2438 3587 2498 possent
3611 2429 3752 2500 (qua:

2133 2527 2348 2584 quoque
2374 2512 2642 2567 sacriﬁcia
2673 2515 2726 2568 in
2755 2515 2898 2584 agris
2925 2515 3061 2568 facta
3082 2556 3095 2576 ,
3123 2517 3190 2570 ab
3217 2518 3408 2573 eodem
3441 2535 3750 2574 memoran-

2135 2615 2219 2659 tur
2242 2604 2311 2659 t'r.
2344 2605 2413 2659 15
2443 2604 2688 2672 ejusdem
2723 2608 2865 2670 libri,
2899 2623 3047 2661 nmn.
3088 2611 3154 2680 5)
3185 2626 3410 2680 quarum
3441 2627 3622 2666 rerum
3651 2626 3750 2681 po-

2136 2707 2304 2753 testas
2343 2697 2445 2751 sub
2469 2695 2800 2754 Chrisﬁanis
2829 2700 3249 2768 imperatoribus
3287 2701 3480 2756 saltem
3506 2704 3560 2756 in
3591 2702 3747 2756 Occi-

2133 2790 2297 2846 dente
2323 2788 2466 2843 lacta
2493 2799 2576 2843 est
2593 2791 2772 2845 solum
2790 2807 2816 2844 a
2839 2791 3035 2847 .lnliani
3053 2792 3201 2847 obitu
3222 2807 3394 2857 usque
3417 2791 3486 2848 ad
3506 2809 3594 2848 an.
3615 2793 3744 2860 591,

2133 2897 2239 2951 quo
2287 2881 2486 2950 templa
2517 2880 2702 2937 clausa
2747 2892 2801 2939 et
2831 2883 3097 2938 sacriﬁcia
3126 2885 3305 2940 omnia
3337 2883 3535 2954 ubique
3574 2886 3716 2940 inter
3736 2911 3748 2922 -

2134 2975 2275 3028 dicta
2301 2972 2517 3026 luerunt
2541 2989 2555 3026 :
2583 2988 2928 3046 consequens
2951 2973 3008 3028 ﬁt
3033 2977 3133 3029 hoc
3157 2975 3479 3031 intermedio
3505 2986 3749 3044 tempore

2135 3066 2383 3120 laudatos
2413 3073 2678 3122 tractatus
2707 3068 2776 3122 ab
2800 3067 3037 3124 Auctore
3063 3069 3294 3138 scriptos
3315 3066 3512 3132 fuisse,
3535 3083 3605 3123 ex
3629 3069 3749 3138 qui-

401 3164 597 3218 hibuit.
631 3164 768 3218 Hinc
816 3163 874 3218 S.
909 3161 1237 3217 Ambrosius
1267 3165 1424 3232 epist.
1452 3165 1518 3221 18
1540 3209 1552 3232 ,
1591 3167 1658 3218 ad
1695 3163 2032 3219 Valentiuia-
2057 3165 2102 3227 C
2138 3160 2237 3216 bus
2266 3172 2400 3213 mtas
2427 3158 2544 3228 ejus
2570 3163 2878 3216 certissima
2911 3161 3088 3229 colligi
3121 3159 3509 3228 potest..Quod
3538 3161 3583 3214 si
3624 3161 3746 3231 quis

405 3273 537 3311 num
571 3257 638 3320 11,
658 3271 806 3310 num.
844 3254 935 3320 16,
967 3254 1036 3308 de
1061 3252 1304 3308 Gratiani
1325 3255 1441 3324 lege
1463 3271 1773 3311 sermonem
1801 3255 2025 3323 faciens,

406 3349 544 3404 nihil
581 3365 679 3418 per
705 3363 826 3402 eam
859 3345 1230 3416 supersﬁtioni
1261 3345 1487 3403 ethnic:e
1514 3349 1824 3404 detractum
1861 3359 2027 3404 testa-

407 3454 498 3497 tur
530 3451 734 3512 pra-ter
773 3453 1022 3509 sumptus
1050 3478 1063 3500 ,
1089 3439 1179 3507 qui
1225 3453 1255 3492 e
1291 3441 1506 3511 praediis
1536 3442 1810 3496 redibant.
1861 3438 2030 3496 Nemo

406 3545 582 3591 tamen
605 3533 823 3587 donaria
851 3529 1082 3585 delubris
1100 3539 1146 3582 ct
1171 3529 1338 3599 legata
1358 3531 1717 3604 haruspicibus
1739 3531 2027 3604 denegavit,

406 3627 526 3681 sola
558 3623 768 3677 sublata
805 3631 925 3676 sunt
956 3622 1196 3688 pra'dia:
1227 3630 1281 3674 et
1308 3635 1452 3676 num.
1489 3625 1592 3691 51,
1625 3623 1822 3678 eodem
1856 3623 2028 3694 impe-

411 3729 570 3776 rante
611 3719 872 3774 Gratiano
895 3759 910 3781 ,
944 3715 1204 3785 sacrificia
1235 3715 1418 3782 ubique
1454 3717 1812 3772 concelebrata
1852 3719 2028 3787 palam

412 3814 602 3867 docet.
633 3809 787 3878 Quod
818 3811 862 3864 si
889 3807 1147 3863 Victoriae
1173 3822 1318 3860 aram
1347 3822 1376 3860 a
1411 3810 1647 3864 ltomaua
1676 3809 1824 3864 curia
1855 3824 2031 3864 remo-

413 3905 530 3971 vit,
561 3904 612 3958 id
645 3919 714 3959 ex
737 3917 805 3958 eo
830 3901 1029 3956 factum
1059 3898 1240 3970 prodit
1276 3899 1471 3956 ibidem
1507 3903 1858 3964 Ambrosius,
1886 3901 2029 3971 quod

415 3997 561 4052 haud
607 3995 886 4051 ferendum
926 4003 1076 4048 esset
1113 3992 1432 4058 sacriﬁcium
1457 4037 1471 4059 ,
1507 3995 1593 4051 ubi
1635 3996 1810 4066 plures
1845 4010 2030 4050 convc-

415 4092 568 4144 niunt
615 4088 936 4151 Christiani;
987 4085 1230 4154 plerique
1271 4085 1411 4139 enim
1450 4096 1760 4141 senatorum
1817 4085 2030 4142 Christo

416 4198 620 4237 nomen
645 4179 928 4234 dederant.
953 4177 1138 4247 Itaque
1164 4177 1264 4230 sub
1287 4175 1544 4232 Gratiano
1573 4189 1630 4234 et
1652 4179 2029 4233 Valentiniano

415 4274 685 4332 fratribus
717 4275 769 4327 in
804 4271 1098 4328 Occidente
1125 4269 1392 4323 idolorum
1429 4273 1622 4339 templa
1657 4279 1880 4341 patuere
1903 4314 1917 4334 ,
1949 4283 2026 4324 at-

413 4383 525 4440 que
556 4369 611 4422 in
641 4367 724 4420 his
750 4380 856 4420 non
881 4360 1208 4419 tliuriﬁcatio
1244 4361 1356 4416 sola
1377 4373 1431 4416 ut
1459 4363 1511 4417 in
1535 4364 1753 4418 Oriente
1779 4362 2026 4432 contigit,

413 4460 517 4517 sed
539 4469 596 4515 et
625 4457 884 4513 sacriﬁcia
918 4455 1190 4511 celebrata
1225 4455 1439 4509 luerunt
1468 4473 1479 4508 :
1515 4456 1657 4510 unde
1691 4455 1948 4509 Libanius
1975 4457 2025 4510 in

2135 3251 2357 3321 objiciat
2417 3251 2687 3308 sacriﬁcia
2745 3255 2797 3308 in
2855 3251 3054 3308 Africae
3103 3255 3251 3322 pagis
3298 3251 3476 3306 habita
3525 3252 3744 3307 ineunte

2133 3343 2562 3412 Stecnloqninto,
2584 3355 2644 3398 ut
2664 3363 2838 3416 nuper
2859 3363 2927 3402 ex
2946 3344 3240 3415 Augustino
3262 3355 3318 3400 et
3335 3344 3744 3417 Carthagineusi

2132 3435 2344 3507 synodo
2372 3437 2706 3504 monuimus,
2761 3453 3085 3510 reponemus
3113 3439 3292 3492 statim
3323 3443 3428 3505 (ne
3455 3439 3580 3492 hinc
3609 3440 3746 3492 torte

2131 3528 2384 3584 Auctoris
2422 3537 2638 3584 aetatem
2687 3541 2808 3602 post
2846 3549 2933 3586 an.
2960 3531 3055 3587 39l
3082 3573 3096 3596 ,
3130 3547 3293 3600 posse
3325 3531 3569 3600 protrudi
3597 3531 3746 3602 quis-

2133 3623 2275 3692 piam
2297 3622 2642 3694 suSpicetur)
2674 3624 2814 3694 quod
2854 3626 2952 3678 etsi
2989 3633 3109 3692 post
3148 3624 3201 3678 id
3228 3633 3441 3693 tempus
3473 3624 3524 3677 in
3564 3624 3744 3692 aliquo

2135 3730 2271 3784 pago
2309 3713 2663 3770 Ethnicprnm
2694 3717 3047 3786 quorumdam
3082 3716 3295 3771 licentia
3333 3732 3399 3770 eo
3441 3715 3740 3781 devenerit,

2135 3817 2191 3862 ut
2219 3808 2606 3876 imperatorem
2645 3811 2904 3880 repetitas
2929 3809 3092 3862 etiam
3118 3808 3264 3878 leges
3294 3818 3741 3864 contemnerent:

2135 3917 2295 3956 nemo
2325 3910 2502 3955 tamen
2533 3902 2761 3957 inveniri
2788 3911 3018 3974 poterat,
3039 3904 3128 3972 qui
3155 3901 3223 3956 de
3247 3917 3576 3972 paganorum
3605 3912 3739 3957 tem-

2134 3995 2346 4078 plormn
2377 3993 2498 4062 jure
2531 3994 2739 4064 legibus
2778 4007 2994 4065 ageret,
3022 3995 3216 4064 quibus
3255 4009 3359 4050 non
3387 3995 3474 4065 jus
3517 3996 3743 4066 templo-

2135 4102 2254 4140 rum
2315 4087 2475 4140 modo
2500 4127 2514 4150 ,
2554 4089 2649 4140 sed
2681 4091 2792 4157 ipsa
2833 4103 3048 4156 quoque
3091 4087 3286 4158 templa
3311 4129 3324 4152 ,
3355 4089 3435 4142 vel
3468 4088 3591 4141 {una
3617 4104 3740 4143 cum

2133 4177 2417 4232 sacriﬁciis
2439 4177 2656 4232 sublata
2674 4179 2784 4248 jatn
2814 4178 3044 4232 fuerant.
3075 4179 3126 4231 Pi
3152 4195 3240 4233 rro
3264 4180 3464 4233 Auctor
3490 4188 3652 4236 tract.
3679 4181 3744 4234 1ῑί

2134 4287 2306 4342 nuper
2335 4272 2570 4340 allegato
2601 4283 2797 4340 pra-ter
2824 4273 3087 4326 sacriﬁcia
3119 4273 3171 4326 in
3206 4289 3460 4342 pagorum
3487 4273 3621 4328 {aliis
3648 4289 3738 4327 ce-

2133 4364 2337 4418 lebrata
2359 4404 2374 4428 ,
2409 4363 2528 4417 lites
2551 4379 2765 4433 quoque
2791 4365 2857 4419 de
2888 4365 3209 4434 templorum
3233 4367 3356 4433 jure
3376 4367 3606 4436 quotidie
3631 4381 3741 4421 mo-

2135 4465 2216 4509 tas
2245 4464 2504 4521 testatur,
2538 4463 2596 4509 ut
2627 4457 2812 4510 videre
2841 4465 2925 4508 est
2955 4471 3020 4509 ex
3043 4465 3230 4510 annot.
3264 4457 3331 4512 15
3359 4457 3408 4510 iu
3439 4472 3501 4513 ea
3534 4458 3734 4513 verba:

413 4551 667 4606 oratione
695 4547 910 4602 laudata
932 4586 948 4610 ,
983 4561 1104 4616 pag.
1137 4546 1242 4599 484
1267 4587 1280 4609 ,
1309 4543 1484 4599 llonue
1507 4547 1560 4599 in
1587 4547 1892 4600 Occidentis
1915 4563 2025 4600 me-
2055 4553 2108 4610 D
2131 4547 2228 4601 lus
2259 4547 2565 4614 templorum
2594 4564 2656 4602 ne
2681 4549 2794 4617 quis
2821 4547 2960 4601 vobis
2987 4549 3174 4616 eripiat
3209 4550 3440 4618 quotidie
3499 4550 3732 4622 litigatis.

415 4643 623 4713 tropoli
643 4640 897 4710 sacriﬁcia
924 4641 1104 4694 relicta
1130 4636 1435 4692 Theodosio
1455 4638 1765 4707 imperatori
1788 4637 2026 4692 Orientis

414 4736 735 4792 afﬁrmavit.
777 4731 911 4786 Hinc
953 4739 1131 4785 autem
1178 4737 1284 4784 tota
1328 4729 1542 4782 Baronii
1577 4729 1724 4783 cadit
1753 4730 2023 4798 objectio,

414 4828 513 4902 qui
544 4845 612 4884 ex
639 4843 742 4880 una
771 4823 1023 4880 Victoriae
1043 4838 1135 4877 ara
1161 4821 1344 4876 Roma:
1365 4820 1605 4875 Gratiani
1624 4821 1777 4889 jussu
1797 4821 2026 4886 sublata,

413 4926 492 4980 de
533 4938 637 4993 qua
670 4935 813 4976 nunc
860 4933 1031 4985 nuper
1071 4916 1338 4977 diximus.
1373 4914 1473 4969 sub
1503 4915 1770 4969 Ambrosii
1811 4930 2026 4984 quoque

415 5029 646 5075 aetatem
668 5026 723 5069 et
752 5013 949 5082 templa
979 5011 1160 5067 clausa
1199 5018 1256 5065 et
1285 5008 1548 5064 sacriﬁcia
1577 5009 1858 5064 interdicta
1883 5011 2026 5066 exis--

419 5113 658 5172 limans,
693 5111 979 5162 Auctorem
1009 5113 1250 5159 nostrum
1279 5102 1472 5169 templa
1500 5109 1557 5156 et
1583 5103 1847 5156 sacriﬁcia
1877 5083 2026 5157 εοιῖἷ-

417 5211 816 5258 memorantem
847 5199 918 5252 ab
941 5211 1007 5253 eo
1037 5208 1280 5266 tempore
1303 5191 1698 5250 excludendum
1720 5195 2025 5250 certissime

416 5294 816 5366 pronuntiavit.

497 5383 712 5440 Primus
751 5381 842 5452 qui
870 5383 924 5436 in
945 5378 1237 5436 Occidente
1263 5375 1477 5445 templis
1504 5383 1561 5429 et
1603 5374 1881 5430 sacriﬁciis
1912 5375 2026 5432 bel-

416 5482 536 5537 lum
554 5475 902 5540 iudixit,l'nit,
926 5473 1184 5530 Gratiano
1199 5472 1359 5526 fratre
1376 5471 1487 5538 jam
1510 5471 1802 5536 exstincto,
1829 5469 2024 5526 Valen-

412 5575 664 5632 tinianus
692 5570 906 5635 Junior,
935 5569 1038 5636 leg.
1062 5565 1130 5622 10
1161 5567 1243 5618 tit.
1267 5564 1332 5619 de
1353 5562 1603 5634 Paganis,
1639 5561 1759 5617 data
1779 5579 1867 5617 an.
1893 5564 2018 5627 591,

413 5687 476 5726 ιιι
523 5668 644 5721 Kal.
677 5665 882 5728 Martii;
913 5661 1210 5730 cudemque
1244 5663 1444 5729 pariter
1481 5672 1626 5712 anno
1652 5674 1716 5712 xv
1753 5657 1867 5712 Kal.
1895 5658 2022 5714 Julii

414 5761 649 5831 Magnus
678 5755 1016 5813 TheodosiUs
1038 5793 1055 5822 ,
1087 5753 1173 5822 qui
1203 5752 1318 5822 ejus
1349 5749 1483 5820 legis
1512 5748 1809 5807 condenda:
1831 5759 2022 5807 auctor
2073 5818 2088 5824 ,

2127 4640 2310 4710 Itaque
2343 4641 2463 4694 licet
2492 4651 2624 4694 aetas
2650 4640 2871 4694 alterius
2891 4641 3159 4698 auctoris.
3185 4643 3276 4710 qui
3304 4642 3566 4696 sacriﬁcia
3589 4655 3738 4694 com-

2133 4742 2478 4800 memoraret,
2512 4735 2787 4804 prorogari
2819 4733 2983 4803 possit
3013 4735 3149 4788 ultra
3174 4751 3372 4790 animm
3403 4736 3529 4801 591,
3557 4737 3726 4792 nostri

2129 4826 2370 4896 profecto
2385 4843 2498 4908 .non
2529 4834 2730 4897 potest.

2135 4963 2164 5034 ς
2195 4963 2281 5017 Vl.
2310 4994 2376 5003 —
2403 4964 2592 5017 Auctor
2615 4981 2711 5016 non
2745 4973 2848 5016 tum
2876 4961 3204 5016 Lactantium
3228 5005 3241 5026 ,
3266 4963 3355 5016 sed
3383 4972 3430 5016 et
3471 4960 3732 5016 Hilarium

2205 5059 2433 5112 imitatus
2451 5098 2466 5123 ,
2493 5069 2604 5129 post
2635 5057 2855 5111 medium
2887 5067 3128 5128 quartum
3163 5057 3404 5111 steculum
3430 5056 3616 5110 vixisse
3643 5056 3731 5109 de-

2202 5162 2536 5206 monstratur.

2203 5285 2363 5341 llisce
2393 5287 2648 5356 temporis
2679 5286 2908 5350 ﬁnibus,
2941 5302 3079 5356 quos
3101 5288 3365 5358 superiori
3396 5287 3733 5358 paragrapho

2130 5378 2356 5434 Auctori
2406 5381 2836 5449 praeseripsimus
2892 5381 3037 5435 inter
3081 5381 3277 5436 .luliani
3329 5380 3612 5449 imperium
3679 5390 3733 5434 et

2129 5487 2220 5527 an.
2253 5473 2351 5530 591
2390 5475 2592 5543 optime
2624 5482 2930 5544 congruunt
2959 5473 3048 5528 illa
3081 5490 3198 5544 qua:
3223 5473 3292 5530 de
3326 5474 3508 5528 Hilarii
3559 5474 3732 5526 imita-

2133 5566 2278 5622 tione
2309 5566 2659 5636 subjicimus;
2685 5566 2829 5637 quod
2860 5583 3057 5620 novum
3093 5567 3612 5634 itwietissimumque
3641 5579 3727 5616 ar-

2127 5668 2441 5731 gumentum
2499 5659 2803 5715 habendum
2849 5670 2966 5725 est,
2999 5672 3056 5713 ιιι
3109 5659 3248 5714 idem
3297 5660 3498 5712 Auctor
3541 5663 3734 5724 quarto

2127 5751 2328 5809 saeculo
2357 5749 2680 5808 vindicetur.
2730 5750 2807 5809 Εἰ
2858 5749 3298 5806 annotationibus
3338 5748 3394 5802 in
3424 5757 3492 5802 tr.
3524 5744 3558 5798 8
3587 5741 3679 5797 lib.
3722 5757 3738 5799 ι
