4242 6168
504 260 575 317 59
1858 252 2103 314 PROLEI

2207 255 2390 314 ENA.
3732 261 3806 319 00

500 384 557 432 et
588 384 657 437 tr.
690 376 756 439 l7
782 390 848 435 ac
875 374 941 433 21
968 374 1066 433 lib.
1097 392 1136 432 ιι
1170 346 1312 446 quos
1335 374 1603 446 genuinos
1655 372 1826 431 nostri
1849 371 2105 429 Auctoris
2130 371 2179 435 Α
2211 370 2319 426 llos
2344 386 2508 443 porro
2537 374 2782 444 captivos
2826 350 2908 429 tot
2933 374 3205 445 tantisque
3226 389 3295 430 ex
3325 375 3569 446 partibus
3592 375 3806 448 disper-

503 465 914 527 demonstrasse
941 468 1100 527 nobis
1125 467 1395 532 videmur,
1414 480 1516 537 cap
1542 465 1596 534 l,
1627 464 1657 537 ε
1688 465 2106 536 2,ι)θι·θρὶθιιιιω

388 611 397 616 .
500 560 662 632 plane
692 571 775 619 est
794 602 810 627 ,
838 559 1003 628 hunc,
1027 559 1157 617 dum
1175 559 1398 617 eosdem
1428 567 1691 619 tractatus
1719 552 1970 628 scripsit,
1993 570 2107 626 prae

503 650 676 709 oculis
705 651 961 710 habuisse
1002 650 1191 711 Hilarii
1231 651 1682 707 commentarium
1725 650 1792 704 in.
1819 649 2063 705 Psalmos
2088 686 2105 714 ,

508 758 574 799 ex
601 757 708 813 quo
737 742 935 803 nedum
965 743 1267 800 sententias
1292 741 1538 810 aliquot,
1566 740 1664 798 sed
1694 739 1887 797 eadem
1935 756 2109 811 quan-

503 835 681 908 doque
706 836 868 897 verba
887 837 1178 906 excerpsit.
1209 838 1377 895 Porro
1406 838 1494 893 hic
1520 836 1971 904 commentarius,
1999 834 2106 891 Be-

502 931 799 987 nedictinis
835 931 1139 989 editoribus
1186 931 1581 1002 probantibus,
1629 941 1960 1001 postremum
2007 926 2103 982 lli-

503 1023 625 1096 larii
673 1039 811 1095 opus
853 1023 976 1093 fuit,
1014 1023 1273 1094 scriptum
1320 1033 1442 1093 post
1485 1039 1689 1081 annum
1735 1023 1845 1079 564
1884 1030 1942 1077 et
1980 1031 2107 1079 ante

501 1130 702 1171 annum
734 1115 839 1177 568
868 1132 976 1186 quo
1023 1115 1116 1175 ille
1156 1120 1268 1184 jam
1309 1130 1341 1171 e
1370 1115 1506 1171 vivis
1534 1122 1865 1171 excesserat.
1902 1112 2105 1169 Saltem

505 1216 628 1277 post
668 1207 837 1267 libros
866 1207 934 1263 de
963 1206 1229 1263 Trinitate
1267 1207 1445 1263 editos
1475 1207 1527 1263 in
1556 1207 1720 1263 exilio
1750 1216 1877 1261 ante
1903 1220 2103 1260 annum

503 1298 610 1356 560
656 1299 747 1357 ille
787 1299 1210 1363 commentarius
1255 1286 1568 1357 lucubratus
1616 1298 1920 1355 certissime
1962 1296 2102 1364 fuit,

506 1402 793 1463 postquam
836 1395 1048 1453 solutus
1084 1394 1249 1451 exilio
1291 1409 1358 1449 ex
1393 1392 1615 1448 Oriente
1660 1393 1714 1448 in
1746 1390 2102 1447 Occidentem

503 1486 701 1551 rediit,
733 1486 874 1557 quod
905 1486 1022 1557 ip»o
1048 1502 1190 1541 anno
1214 1484 1322 1541 560
1351 1484 1548 1541 factum
1570 1494 1673 1540 est.
1707 1484 1891 1555 Itaque
1910 1492 2104 1554 noster

504 1578 730 1644 Auctor,
754 1585 842 1651 qui
859 1580 1010 1639 hunc
1029 1579 1480 1637 commentarium
1506 1587 1612 1632 tam
1635 1576 1920 1632 commode
1946 1574 2100 1645 legit;

506 1683 563 1728 ut
589 1689 658 1733 ex
703 1688 771 1728 eo
811 1673 1070 1743 quasdam
1100 1672 1406 1728 sententias
1432 1670 1658 1726 totidem
1710 1683 2098 1737 nonnunquam

2209 481 2302 523 sos
2331 482 2456 524 esse
2483 469 2793 539 Oportebat,
2824 478 2881 523 ut
2905 469 2995 540 qui
3016 469 3076 524 in
3105 471 3345 540 ipsorum
3375 470 3807 540 redemptionem

2209 560 2567 631 conferrent,
2610 577 2799 619 eorum
2842 564 3054 632 largitas
3097 564 3373 632 provinciis
3407 564 3641 619 omnibus
3687 573 3810 618 nota

2208 665 2359 717 esset,
2389 668 2687 726 eorumque
2716 656 2804 727 pia
2816 656 3033 721 semina,
3058 654 3111 709 id
3131 667 3216 712 est
3239 656 3627 728 eleemosyuas,
3655 656 3809 711 totius

2208 746 2434 814 quodam
2459 747 2612 801 modo
2640 746 2777 801 orbis
2807 763 2899 816 per
2928 748 3182 810 membra,
3218 763 3317 820 per
3352 749 3660 819 provincias
3701 747 3807 803 sci-

2211 838 2336 894 licet
2379 839 2610 894 Romani
2658 838 2893 908 imperii,
2938 842 3282 913 jactarsntur.
3327 840 3441 897 Sub
3487 839 3810 896 Constantio

2208 929 2426 1002 quidem
2454 946 2518 987 ac
2546 932 2651 985 sub
2694 931 3070 987 Valentiniano
3092 933 3319 987 Seniore
3363 930 3595 1001 aliisque
3629 932 3806 1002 quarti

2208 1024 2391 1079 saeculi
2427 1025 2777 1095 principibus,
2807 1024 3070 1080 barbaros
3096 1024 3327 1081 subinde
3354 1025 3581 1080 irruisse
3606 1024 3660 1080 in
3693 1024 3808 1079 Ro-

2208 1120 2353 1173 mani
2401 1119 2614 1187 imperii
2662 1119 2795 1174 lines
2825 1119 3051 1187 legimus
3080 1159 3096 1185 ,
3129 1133 3194 1173 ex
3244 1118 3439 1187 quibus
3466 1118 3809 1173 Chri~tianos

2206 1212 2276 1266 ab
2308 1210 2496 1265 iisdem
2541 1212 2591 1265 in
2610 1212 2981 1282 captivitatem
3010 1209 3307 1264 subductos
3349 1208 3482 1264 nihil
3510 1208 3659 1265 dubii
3688 1217 3804 1273 est;

2208 1314 2259 1358 at
2293 1304 2435 1359 inter
2464 1304 2640 1359 varias
2669 1304 2719 1358 id
2765 1306 2981 1374 generis
3012 1302 3356 1357 inettrsiones
3384 1300 3515 1355 nulli
3559 1300 3650 1355 illa
3677 1314 3810 1354 con-

2206 1412 2400 1468 gruere
2427 1396 2652 1451 omnino
2679 1405 2926 1466 possunt,
2953 1410 3075 1465 quas
3111 1395 3179 1450 ab
3218 1392 3452 1449 Auctore
3478 1392 3807 1459 indicantur,
3842 1406 3850 1421 ’

2206 1488 2314 1544 nisi
2342 1487 2432 1556 ei,
2461 1505 2583 1559 qum
2628 1489 3198 1557 Hadrianotiolitanam
3246 1501 3477 1557 pugnam
3517 1496 3807 1541 consecuta

2206 1590 2312 1647 est,
2344 1583 2396 1635 in
2427 1596 2529 1651 qua
2565 1596 2670 1634 una
2700 1596 2822 1635 cum
2850 1579 3051 1650 duplici
3074 1579 3346 1634 exercitus
3379 1587 3528 1647 parte
3554 1577 3673 1647 ipse
3707 1576 3811 1630 Va-

2206 1675 2325 1731 lens
2353 1674 2647 1744 imperator
2692 1673 3000 1729 miserrime
3050 1671 3233 1744 periit.
3280 1671 3505 1727 Caetera:
3536 1670 3807 1740 siquidem

504 1765 686 1821 verbis
727 1765 1060 1835 excerpserit
1085 1805 1100 1831 ,
1131 1760 1532 1834 postmedium
1559 1772 1812 1832 quartum
1842 1761 2101 1815 θωθυιιιηὶ
2132 1769 2180 1829 Β
2208 1769 2569 1836 incursiOties,
2601 1777 2658 1822 ut
2684 1783 2752 1823 ex
2777 1766 3092 1823 Marcellino
3119 1765 3359 1836 singulas
3404 1774 3657 1820 accurate
3686 1763 3807 1817 des-

505 1858 852 1919 cellucandus
878 1866 993 1924 est,
1037 1855 1182 1927 quod
1224 1856 1483 1925 temporis
1527 1853 1784 1913 limitibus
1835 1851 2101 1921 superiori

503 1951 843 2022 paragrapho
885 1952 1076 2022 positis
1107 1952 1302 2007 mirum
1333 1949 1388 2004 in
1432 1951 1649 2004 modum
1683 1946 1995 2017 respondet.
2020 1946 2104 2001 Ad

502 2054 756 2114 quartum
823 2057 985 2112 porro
1047 2042 1304 2097 saeculum
1343 2039 1690 2098 statuendum
1738 2039 2105 2095 conducerent

502 2135 689 2202 etiam,
708 2150 829 2206 qua:
857 2134 925 2199 de
954 2133 1221 2191 Lactantii
1244 2135 1542 2190 imitatione
1568 2132 1759 2188 eodem
1790 2148 1909 2203 cap.
1934 2132 1987 2197 l,
2015 2130 2043 2204 §
2067 2130 2104 2187 2

498 2224 806 2289 innuimus,
838 2241 961 2281 cum
993 2225 1060 2283 ad
1090 2231 1342 2303 quartum
1363 2239 1577 2296 quoque
1596 2224 1853 2280 saeculum
1874 2224 2104 2280 Lactan-

504 2321 611 2377 tius
648 2322 935 2389 pertineat.
967 2319 1040 2376 At
1078 2335 1199 2375 cum
1226 2320 1455 2376 imitatio
1483 2318 1668 2374 Hilarii
1699 2320 1901 2374 arctius
1929 2326 1986 2374 et
2012 2336 2100 2374 se-

502 2414 620 2470 rius
649 2422 862 2484 tempus
892 2414 1213 2485 prospiciat,
1241 2430 1304 2470 ex
1337 2428 1398 2468 ea
1432 2413 1532 2470 hoc
1576 2414 1697 2471 loco
1722 2425 2100 2484 argumentum

500 2507 771 2578 praecipue
798 2507 1105 2564 ducendum
1140 2508 1241 2562 rati
1267 2523 1457 2564 sumus
1489 2524 1504 2561 :
1538 2506 1680 2577 quod
1709 2506 1848 2562 adeo
1878 2516 1962 2561 est
1984 2507 2098 2562 evi-

500 2598 637 2656 dens
661 2640 676 2663 ,
702 2609 760 2654 ut
791 2614 953 2656 nemo
1001 2600 1334 2671 respondere
1376 2598 1722 2670 probabiliter
1761 2599 1928 2669 possit
1953 2638 1969 2665 ,
1997 2599 2102 2653 nisi

500 2691 592 2760 qui
624 2702 736 2748 tres
757 2691 827 2748 ab
848 2694 1085 2748 Auctore
1121 2702 1382 2749 tractatus
1405 2692 1617 2761 ableget
1640 2733 1658 2761 ,
1678 2702 1733 2748 ut
1763 2692 1970 2748 Hilario
2007 2693 2103 2747 tri.

509 2783 639 2840 bitat
666 2800 803 2854 quos
829 2784 898 2840 ab
918 2785 1107 2842 Hilarii
1139 2787 1280 2858 ston
1309 2787 1471 2843 nimis
1498 2796 1683 2857 aperte
1730 2787 2102 2857 discrepantes

510 2886 805 2947 nostroque
836 2877 1060 2934 Auctori
1088 2879 1439 2935 vindicandos
1483 2880 1682 2936 ibidem
1721 2881 2098 2938 ostendimus:

507 2969 803 3040 eademque
816 2971 1027 3026 ratione
1039 2980 1269 3042 quatuor
1279 2973 1416 3028 alios
1429 2981 1687 3028 tractatus
1701 2973 1896 3029 ibidem
1914 2988 2102 3030 recen-

499 3063 634 3117 sitos
651 3104 665 3129 ,
691 3063 745 3119 in
775 3063 971 3133 quibus
996 3062 1197 3119 Auctor
1225 3066 1278 3120 in
1303 3065 1550 3121 eamdem
1576 3067 1841 3121 rationem
1868 3067 2096 3122 Lactan-

2206 1864 2449 1917 cribente
2476 1862 2875 1932 cognoscimus,
2902 1861 3050 1916 leves
3073 1868 3128 1914 et
3152 1858 3363 1928 angusti
3385 1854 3547 1927 spatii
3570 1855 3807 1919 fuerunt,

2209 1968 2307 2008 nec
2335 1953 2574 2023 integras
2606 1953 2914 2022 provincias
2944 1950 3267 2020 depraedauc
3293 1955 3456 2013 sunt,
3486 1947 3754 2015 citiusque
3776 1961 3810 2002 a

2208 2046 2467 2101 Romanis
2492 2045 2707 2115 sopitae,
2753 2044 3001 2100 barbaris
3029 2044 3351 2113 plerumque
3396 2055 3584 2112 pacem
3624 2048 3811 2111 petere

2206 2139 2410 2194 cunctis
2436 2153 2498 2193 ea
2525 2137 2837 2193 conditione
2867 2145 2924 2191 ut
2945 2135 3190 2206 captivos
3247 2136 3299 2189 in
3342 2134 3608 2203 integrum
3647 2129 3811 2185 resni-

2206 2238 2440 2291 tuerent,
2473 2229 2545 2284 uti
2573 2228 2643 2283 de
2672 2227 2905 2299 quadam
2936 2226 3241 2297 irruptione
3276 2225 3378 2281 sub
3404 2222 3622 2280 Iuliano
3647 2221 3806 2278 Zosi-

2206 2337 2328 2377 mus
2349 2335 2613 2393 expresse
2638 2320 2876 2390 prodidit
2904 2320 2999 2374 lib.
3050 2333 3133 2385 ut,
3163 2334 3284 2389 cap.
3308 2317 3363 2373 5.
3383 2317 3463 2371 At
3506 2329 3613 2372 non
3638 2314 3713 2369 ita
3739 2311 3811 2371 de

2206 2412 2297 2468 illa
2325 2452 2341 2476 ,
2371 2427 2532 2481 quam
2565 2410 2781 2467 Valenti
2832 2409 3057 2466 feralem
3101 2410 3362 2465 diximus.
3407 2407 3488 2463 Ex
3535 2405 3806 2491 Ammiani

2205 2503 2501 2561 Marcellini
2531 2503 2624 2557 lib.
2659 2520 2783 2558 xm
2812 2519 2922 2558 rem
2957 2505 3140 2573 paucis
3164 2502 3559 2557 describamus.

2276 2595 2410 2653 Cum
2435 2595 2612 2655 Hunni
2640 2596 2941 2653 Gothorum
2964 2597 3113 2667 genti
3142 2593 3446 2650 vastitatem
3474 2592 3804 2658 intulissent,

2205 2688 2259 2743 hi
2292 2698 2353 2745 ut
2393 2689 2709 2744 Hunnorum
2761 2689 3019 2758 impetum
3059 2686 3420 2757 dill‘ugerent,
3470 2684 3805 2740 domicilium

2204 2782 2272 2837 ab
2302 2783 2447 2838 omni
2474 2782 2688 2838 illorum
2714 2782 2902 2837 notitia
2933 2787 3200 2837 remotum
3223 2777 3522 2847 quaesituri,
3559 2777 3611 2831 in
3636 2775 3809 2831 Thra-

2204 2874 2343 2933 ciam
2390 2889 2512 2930 sese
2555 2872 2798 2942 recipere
2846 2871 3177 2943 cogitarunt.
3232 2868 3552 2927 Oratoribus
3594 2868 3664 2922 ad
3696 2867 3808 2923 Va-

2206 2965 2408 3023 lentem
2435 2965 2639 3032 missis,
2674 2966 2839 3022 multa
2864 2964 3246 3035 pollicentibus
3276 2962 3571 3031 imperator
3593 2961 3805 3027 annuit,

2204 3057 2277 3114 ita
2311 3071 2488 3116 tamen
2520 3070 2577 3115 ut
2604 3060 2723 3115 sine
2753 3073 3029 3114 armorum
3061 3056 3437 3128 deportatione
3471 3056 3525 3110 in
3551 3070 3670 3110 eam
3702 3054 3810 3108 Ito—

504 3155 637 3215 tium
668 3155 910 3212 imitatus
931 3199 946 3225 ,
975 3165 1031 3212 et
1059 3155 1283 3213 totidem
1311 3158 1634 3229 quandoque
1663 3159 1846 3215 verbis
1885 3169 2105 3216 secutus
2129 3150 2175 3213 C
2208 3170 2422 3211 manam
2479 3154 2814 3226 provinciam
2862 3152 3296 3224 ingrederentur.
3355 3149 3412 3204 ld
3466 3148 3684 3219 quidem
3735 3148 3807 3203 ita

501 3258 585 3307 est
607 3292 621 3316 ,
654 3251 725 3307 ab
751 3250 943 3308 eodem
968 3262 1128 3308 erunt
1146 3253 1487 3321 abjudicandi
1509 3295 1522 3319 ,
1547 3262 1606 3307 ut
1633 3252 1934 3308 tribuantur
1963 3253 2098 3309 Lac-

507 3343 708 3409 tantio;
729 3344 873 3415 quod
908 3354 1086 3399 tamen
1115 3346 1160 3400 si
1185 3347 1306 3416 quis
1334 3345 1550 3411 dixerit,
1580 3361 1648 3401 ne
1667 3344 1963 3401 Auctorem
1984 3354 2107 3415 post

500 3434 765 3491 Lactantii
805 3447 1017 3493 aetatem
1051 3439 1297 3495 'collocet
1321 3481 1334 3505 ,
1365 3455 1486 3496 cum
1514 3440 1849 3495 Lactantium
1894 3456 1927 3497 θ
1966 3440 2103 3501 laico

501 3529 764 3584 adversus
792 3528 996 3586 Gentes
1023 3532 1295 3588 scribente
1324 3534 1639 3603 episcopum
1683 3531 2098 3589 concionantem

503 3620 664 3678 faciet
685 3664 700 3688 ,
731 3622 1066 3679 eruditorum
1096 3625 1208 3679 risu
1232 3625 1547 3695 excipietur.

500 3759 650 3834 [LVII]
680 3759 707 3834 §
734 3759 1154 3833 Vll.—Insignis
1183 3763 1421 3818 Auctoris
1449 3763 1589 3817 locus
1608 3763 2000 3837 decaptivorum
2020 3780 2102 3825 re-

574 3853 867 3923 demptione
880 3870 994 3907 cum
1009 3853 1127 3909 aliis
1141 3854 1340 3909 duobus
1364 3854 1422 3911 S.
1453 3855 1709 3909 Ambrosii
1728 3856 1949 3924 miriﬁce
1973 3872 2099 3910 con-

572 3961 760 4019 gruens
785 3945 813 4011 ,'
837 3955 1070 4017 spectare
1110 3946 1394 4001 ostenditur
1444 3957 1617 4020 captos
1655 3964 1687 4001 α
1729 3947 1959 4002 barbaris
1986 3958 2100 4021 post

575 4034 1141 4111 HadrianOpolitanam
1174 4055 1399 4115 pugnam
1428 4057 1514 4094 an.
1550 4038 1676 4094 578.
1709 4041 1948 4093 Auctoris
1976 4049 2102 4095 (eta-

572 4138 673 4185 tem
725 4132 998 4204 prorogari
1043 4148 1147 4186 non
1189 4148 1338 4202 posse
1390 4134 1530 4188 ultra
1564 4142 1809 4204 quartum
1857 4136 2101 4190 sicca/unt

570 4225 765 4296 aliquot
793 4226 1105 4299 argumentis
1128 4226 1404 4303 statuitura

524 4354 537 4363 ’
572 4358 865 4415 Auctorem
891 4373 1000 4414 non
1032 4368 1228 4428 quarto
1248 4358 1423 4415 solum
1469 4359 1669 4415 saeculo
1691 4401 1705 4425 ,
1731 4358 1827 4415 sed
1856 4369 1975 4430 post
1998 4373 2099 4414 an-

502 4465 633 4506 num
663 4466 877 4522 quoque
912 4450 1021 4507 360
1073 4462 1128 4506 et
1165 4460 1293 4508 ante
1335 4468 1533 4508 annum
1561 4452 1657 4509 591
1694 4452 1946 4509 ﬂoruisse
1975 4451 2101 4507 hac-

2207 3247 2508 3316 praestitum
2532 3260 2624 3299 an.
2663 3246 2791 3301 576.
2822 3246 2893 3300 At
2935 3245 3013 3300 illi
3043 3243 3272 3299 subinde
3310 3243 3381 3297 ob
3430 3242 3806 3298 ministrorum

2205 3338 2554 3406 cupiditatem
2602 3336 2746 3393 fame
2778 3337 3026 3408 oppressi
3053 3345 3106 3392 et
3153 3335 3221 3391 ad
3270 3334 3628 3392 rebellionem
3658 3348 3809 3390 com-

2203 3433 2362 3507 pulsi,
2397 3432 2648 3487 ferociam
2690 3432 2996 3499 induentes,
3043 3432 3347 3487 universam
3373 3428 3662 3485 Thraciam
3695 3443 3801 3487 non

2203 3533 2390 3594 strage
2414 3526 2589 3581 solum
2621 3535 2676 3579 et
2703 3525 2967 3581 incendiis
2991 3565 3007 3590 ,
3031 3523 3129 3579 sed
3156 3524 3361 3595 ingenti
3387 3536 3607 3594 quoque
3635 3524 3808 3593 capti-

2204 3631 2395 3672 vorum
2424 3631 2652 3672 numero
2704 3617 3018 3688 depopulati
3049 3624 3194 3670 sunt.
3225 3614 3338 3669 Hoc
3384 3614 3570 3670 audito
3607 3614 3809 3671 Valens

2204 3708 2368 3765 rebus
2395 3709 2777 3777 quoquomodo
2805 3707 3121 3777 compositis
3145 3721 3268 3762 cum
3298 3706 3585 3762 Persarum
3608 3718 3789 3778 gente,

2202 3798 2257 3856 in
2282 3799 2567 3857 Thraciam
2593 3800 2700 3855 cito
2724 3800 3025 3864 contendit,
3057 3809 3113 3855 et
3150 3814 3241 3852 an.
3275 3797 3380 3854 378
3404 3799 3546 3869 apud
3576 3800 3804 3856 Hadria-

2204 3892 2470 3962 nopolim,
2486 3893 2779 3947 commisso
2790 3907 2911 3946 cum
2940 3891 3001 3945 ba
3011 3891 3184 3947 rbaris
3202 3891 3410 3961 prtulio,
3431 3908 3518 3947 res
3542 3892 3805 3948 infelicis-

2202 3986 2339 4040 sitne
2362 3985 2546 4041 cessit.
2589 3984 2721 4039 Nam
2749 3993 2969 4049 constat,
2997 3984 3168 4053 inquit
3195 3984 3565 4051 Marcellinus,
3595 3986 3681 4040 vis:
3705 3994 3810 4040 ter-

2205 4080 2333 4135 tium
2384 4079 2604 4132 evasisse
2641 4079 2897 4133 exercitus
2954 4087 3172 4149 portent.
3228 4074 3339 4132 Nec
3377 4077 3487 4132 ulla
3536 4078 3812 4131 annalibus

2204 4181 2394 4243 printer
2423 4170 2744 4226 Cannensem
2774 4187 3000 4244 pugnam
3025 4173 3100 4226 ita
3126 4172 3197 4225 ad
3220 4171 3613 4226 internecionem
3629 4187 3714 4225 res
3739 4172 3811 4225 le-

2201 4268 2342 4338 gitur
2370 4274 2531 4339 gesta.
2564 4264 2674 4320 Hac
2702 4265 2755 4320 in
2785 4264 3008 4319 victoria
3058 4264 3164 4320 dici
3197 4265 3284 4319 vix
3316 4273 3495 4334 potest
3533 4275 3667 4335 quot
3710 4280 3807 4320 va-

2204 4357 2404 4413 riarum
2433 4357 2838 4428 provinciarum
2872 4356 3072 4412 milites
3107 4355 3481 4426 captivitatem
3520 4356 3809 4415 subierint.
3864 4392 3865 4395 η

2204 4449 2311 4505 Sed
2343 4449 2471 4518 quid
2521 4450 2726 4505 milites
2774 4463 2913 4504 unos
2956 4449 3357 4503 memoramus!
3406 4447 3615 4503 Exinde
3662 4446 3810 4502 enim

504 4552 661 4603 tenus
691 4543 832 4599 dicta
873 4546 1221 4601 convincunt.
1254 4544 1407 4600 Nunc
1434 4554 1711 4613 postremo
1752 4544 1873 4600 loco
1902 4542 2102 4599 factum
2130 4535 2186 4595 D
2210 4541 2371 4599 Gothi
2399 4544 2550 4611 elati,
2606 4559 2708 4601 nec
2736 4559 2842 4598 non
2876 4542 3138 4597 Romanis
3182 4543 3357 4614 magis
3387 4542 3659 4599 terribiles
3684 4583 3699 4608 ,
3730 4542 3816 4595 di-

502 4634 649 4691 aliud
679 4634 997 4692 historicum
1038 4636 1107 4692 ab
1149 4638 1387 4692 Auctore
1419 4636 1709 4691 indicatum
1756 4636 2100 4701 animadver—

502 4728 724 4786 tendum
757 4731 1130 4799 proponimus,
1170 4746 1237 4787 ex
1263 4744 1372 4801 quo
1409 4729 1461 4784 id
1489 4730 1666 4799 ipsum
1688 4720 1915 4799 tempus
1947 4728 2099 4783 miri-

504 4821 608 4877 tice
634 4821 1065 4877 conﬁrmabitur.
1092 4820 1151 4876 in
1176 4820 1284 4876 line
1311 4828 1468 4875 tract.
1496 4804 1582 4888 Π),
1614 4820 1707 4875 lib.
1734 4836 1772 4884 ι,
1803 4819 2102 4877 liberalita-

503 4920 614 4969 tem
663 4928 883 4969 suorum
932 4912 1237 4969 auditorum
1276 4911 1483 4967 Auctor
1529 4912 1947 4971 commendans:
1995 4912 2103 4971 Sed

505 5007 636 5072 lucc,
667 5001 866 5078 inquit,
895 5022 998 5060 non
1037 5006 1105 5058 ad
1134 5021 1241 5072 vos,
1268 5007 1475 5077 fratres,
1500 5021 1715 5076 quarunt
1742 5007 1953 5078 largitas
1976 5021 2101 5076 pro-

503 5100 686 5154 vinciis
708 5098 945 5154 omnibus
967 5108 1086 5153 nota
1108 5109 1180 5153 est
1203 5139 1216 5163 ,
1240 5114 1458 5167 quorum
1480 5098 1566 5171 pia
1590 5100 1783 5153 semina
1802 5101 1956 5154 totius
1976 5116 2105 5172 quo-

506 5194 627 5248 dam
649 5192 800 5247 modo
825 5192 963 5247 orbis
988 5208 1079 5263 per
1117 5191 1339 5247 membra
1375 5192 1729 5261 jactantur;a
1772 5193 1911 5248 vobis
1957 5194 2106 5248 multi

504 5284 754 5354 redempti
778 5300 796 5338 :
825 5283 976 5339 multi
997 5283 1179 5338 edictis
1198 5284 1447 5356 feralibus
1483 5284 1720 5340 liberati:
1746 5287 1894 5341 inulti
1922 5287 2102 5342 condi-

504 5374 730 5429 tionibus
782 5376 931 5430 duris
964 5377 1105 5431 eisuti
1151 5377 1346 5448 gratias
1393 5387 1576 5448 agunt.
1620 5376 1717 5433 Hic
1745 5376 1814 5434 de
1855 5382 2098 5449 captivo-

503 5484 625 5524 rum
650 5467 1027 5539 redemptione
1073 5485 1253 5526 sermo
1283 5480 1386 5537 est,
1414 5486 1643 5542 quorum
1670 5471 1785 5540 alii,
1821 5474 1922 5529 nisi
1965 5475 2103 5529 redi-

508 5572 787 5619 merentur
814 5606 832 5631 ,
875 5564 1028 5621 duris
1082 5566 1482 5623 conditionibus
1538 5567 1926 5637 premebantur
1952 5609 1966 5633 ,
2015 5569 2111 5625 alii

506 5656 671 5715 etiam
719 5656 882 5712 editis
930 5656 1190 5714 feralibus
1240 5659 1464 5715 obnoxii
1502 5672 1733 5715 mortem
1785 5660 2114 5729 cogebantur

506 5754 803 5821 oppetere,
857 5761 913 5807 ut
944 5748 1151 5807 ibidem
1209 5750 1263 5809 in
1303 5752 1745 5810 annotationibus
1799 5753 2110 5810 statuimus.

2207 4638 2372 4707 gressi
2392 4646 2513 4692 sunt
2543 4635 2785 4703 eﬂ‘usorie
2808 4651 2899 4707 per
2925 4635 3136 4690 Arctoas
3166 4636 3477 4706 prouincias.
3520 4650 3648 4705 quas
3693 4649 3813 4703 per-

2208 4730 2448 4801 agravere
2485 4729 2696 4783 licenter
2737 4728 2966 4796 adusque
3004 4729 3208 4783 radices
3235 4727 3449 4796 Alpium
3496 4726 3759 4781 Juliarum
3796 4767 3810 4791 ,

2209 4841 2334 4895 quas
2373 4823 2614 4878 Venetias
2658 4822 2951 4895 appellabat
3000 4824 3281 4890 antiquitas
3301 4838 3321 4876 :
3359 4830 3485 4878 sunt
3509 4822 3622 4893 ipsa
3671 4821 3816 4877 Mar-

2209 4918 2394 4974 cellini
2428 4918 2617 4972 verba.
2647 4917 2763 4985 Qua
2795 4927 2875 4970 tot
2900 4917 3298 4987 provinciarum
3330 4919 3383 4971 in
3428 4915 3678 4971 vastitate
3703 4930 3811 4971 non

2207 5009 2576 5066 Macedoniam
2605 5010 2782 5064 solum
2821 5017 2985 5079 atque
3011 5009 3371 5074 Thessaliam,
3396 5009 3465 5064 de
3483 5009 3684 5078 quibus
3709 5008 3816 5063 Zo-

2208 5103 2379 5158 simus
2410 5101 2504 5157 lib.
2540 5117 2610 5165 tv,
2641 5116 2758 5171 cap.
2785 5102 2876 5166 51,
2899 5101 3183 5171 subegere,
3201 5100 3295 5156 sed
3337 5109 3537 5169 praeter
3575 5101 3815 5155 interne-

2209 5194 2422 5249 cionem
2451 5193 2848 5264 quamplurinm
2872 5193 3190 5248 innumeros
3210 5208 3275 5246 ex
3294 5193 3418 5247 aliis
3439 5194 3815 5262 quoque'Mar-

2216 5286 2413 5341 cellino
2464 5286 2775 5342 memoratis
2806 5284 3098 5356 provinciis
3137 5284 3479 5340 deduxerunt
3524 5284 3770 5354 captivos
3793 5327 3809 5353 ,

2217 5392 2284 5433 ex
2314 5394 2546 5449 quorum
2588 5379 2848 5434 servitute
2881 5420 2894 5444 ,
2938 5376 3272 5441 venditione,
3302 5377 3389 5432 vel
3435 5375 3813 5448 redemptione

2215 5474 2563 5544 proﬁcerent.
2599 5473 2800 5529 Horum
2828 5482 3009 5529 autem
3029 5471 3393 5543 captivorum,
3418 5473 3507 5542 qui
3539 5487 3567 5525 a
3589 5472 3703 5527 suis
3727 5486 3814 5528 re-

2214 5564 2347 5620 dimi
2369 5580 2476 5620 non
2511 5566 3076 5635 poterant,ealamitas
3091 5572 3239 5619 tanta
3261 5574 3400 5631 erat,
3434 5573 3492 5619 ut
3512 5565 3661 5619 dum
3691 5579 3810 5618 ser-

2220 5660 2377 5713 vituti
2397 5660 2478 5714 vel
2498 5657 2670 5731 [LVIII]
2685 5645 2845 5712 morti
2875 5657 3037 5712 etiam
3052 5656 3436 5713 addicerentur
3454 5674 3468 5710 :
3488 5654 3641 5724 cujus
3669 5653 3814 5709 cala-

2219 5752 2429 5810 mitatis
2457 5760 2602 5809 tanta
2627 5750 2949 5810 Christianis
2978 5751 3201 5815 incessit
3243 5747 3544 5820 miseratio,
3568 5756 3629 5805 ut
3650 5762 3818 5820 pecu-
