4242 6168
314 251 373 309 (il
1079 235 1559 302 DlSSERTATlO
1598 239 1638 307 l,
1685 237 1772 294 DE
1813 236 1870 294 Β.
1915 232 2235 294 ZENONIS.
2281 236 2531 292 TllACT.
2578 236 2667 293 ET
2708 239 2993 296 IETATE.
3669 248 3740 305 ίὶὲ

321 369 408 427 ηδε
436 362 690 434 undique
718 361 1094 429 conten-stur,
1138 361 1192 418 in
1234 365 1500 423 casuque
1546 368 1661 413 rem
1718 348 1976 409 nonnulli
2002 355 2054 415 Α
2089 350 2155 407 l6
2205 351 2304 409 lib.
2361 370 2401 420 ι,
2454 352 2599 424 quod
2629 356 2869 426 antiquis
2914 355 3042 410 licet
3070 355 3283 414 suculis
3306 357 3600 431 frequens
3636 364 3751 425 fne-

320 472 538 529 quoque
554 453 934 515 Ecclesiarutn
953 453 1215 521 antistites
1242 444 1384 512 ipsa
1408 459 1565 505 saera
1578 458 1713 503 vasa
1727 441 1977 501 conﬂare

325 568 433 613 non
465 547 792 611 dubitarint,
819 560 888 602 ex
924 560 1150 617 quorum
1179 534 1526 599 venditione
1558 538 1842 608 pecuniam
1871 549 1976 591 co-

327 654 522 718 gerent
552 685 568 710 ,
600 640 745 701 unde
793 637 976 708 plures
1019 637 1468 697 redimeremur.
1521 628 1817 688 Rccitanda
1864 627 1977 683 hoc

331 741 454 797 loco
477 746 602 797 sunt
641 733 754 791 duo
791 730 851 787 S.
899 731 1181 789 Ambrosii
1227 724 1559 783 testimonia
1605 740 1670 779 ex
1704 723 1798 779 lib.
1833 737 1871 777 ιι
1901 720 1977 776 de

331 830 531 889 (illiciis
545 825 770 887 Ministr.
797 837 920 891 quae
934 821 1002 877 de
1028 821 1144 878 hac
1162 817 1548 887 redemptione
1565 823 1718 872 certo
1737 814 1977 883 loquun-

334 936 456 989 tnr;
486 932 537 978 ct
562 936 630 979 ex
662 920 729 975 iis
775 916 1073 986 apparebit
1104 957 1123 983 ,
1156 922 1360 986 quanta
1410 911 1753 981 captivorum
1801 904 1975 960 fuerit

334 1015 660 1077 infelicitas.
687 1017 994 1081 quantaque
1044 1008 1134 1062 sit
1165 1007 1285 1075 ejus
1327 1003 1619 1074 scriptoris
1668 1013 1791 1055 cum
1822 995 1976 1053 Anc-

336 1120 451 1166 tore
477 1115 658 1165 nostro
679 1098 986 1158 consensio.
1030 1098 1301 1155 Primum
1343 1095 1529 1165 itaque
1549 1093 1610 1151 S.
1644 1088 1973 1147 Ambrosius

333 1216 453 1269 cap.
489 1199 556 1254 15
579 1236 597 1263 ,
628 1209 773 1267 pum.
825 1190 930 1246 70:
973 1189 1237 1249 Summa
1273 1189 1427 1245 etiam
1461 1184 1745 1243 liberalitas
1789 1189 1972 1251 captos

331 1292 600 1353 redimere.
623 1287 813 1355 eripere
827 1299 891 1338 est
919 1280 1180 1341 hostium
1206 1280 1463 1345 manibus,
1486 1274 1813 1334 subtrahere
1854 1272 1971 1327 neci

335 1385 585 1445 homines,
613 1390 659 1437 et
694 1378 917 1437 suauitate
955 1377 1217 1445 feminas
1253 1373 1600 1443 turpitudini;
1627 1370 1843 1426 reddere
1873 1385 1971 1437 pa-

333 1478 557 1537 rentibus
580 1474 777 1537 liberos,
799 1479 1042 1540 parentes
1081 1469 1299 1535 liberis,
1328 1468 1462 1529 ciues
1481 1467 1664 1538 patria:
1679 1464 1964 1520 restituere.

337 1570 482 1633 Nola
524 1578 636 1625 sunt
672 1565 781 1621 lues
816 1564 969 1619 nimis
1019 1560 1270 1634 Illyrici
1306 1563 1545 1619 vastitate
1601 1568 1653 1615 et
1700 1555 1969 1614 Thracia:

332 1665 513 1737 quanti
530 1662 705 1733 ubique
736 1657 936 1715 venales
979 1668 1157 1723 erant
1199 1667 1311 1713 toto
1350 1655 1543 1726 captivi
1579 1653 1701 1710 orbe
1727 1692 1741 1715 ,
1765 1667 1890 1721 quos
1920 1653 1968 1707 si

2084 440 2175 505 rit,
2204 458 2316 500 non
2353 452 2536 501 tamen
2566 444 2707 501 ultra
2753 454 3008 516 quartum
3032 445 3294 502 sreculnm
3345 451 3492 507 allen
3519 458 3750 517 acriter

2084 534 2486 603 reprehensum
2542 535 2699 593 facile
2756 537 3022 593 invenies.
3068 537 3277 594 Exinde
3324 542 3529 600 eodem
3600 548 3742 605 libro

2083 616 2243 684 tract.
2288 630 2345 696 ι,
2375 647 2529 688 ιιιιιιι.
2566 632 2617 698 1,
2646 640 2702 686 et
2728 639 2888 687 tract.
2927 629 2982 698 5,
3006 647 3156 687 num.
3186 633 3240 699 6,
3272 635 3555 705 virginum
3584 642 3731 708 apud

2080 719 2333 777 ethnicos
2363 730 2475 780 tum
2497 721 2805 778 ﬂorentium
2853 723 3121 789 meminit,
3150 739 3286 794 quas
3311 726 3572 784 Vestales
3601 744 3724 786 esse

2078 810 2213 867 nihil
2246 812 2404 871 dubii
2431 825 2536 871 est.
2570 815 2677 873 llas
2701 825 2884 871 autem
2916 824 3110 884 quarto
3136 833 3357 889 quoque
3378 822 3597 876 saeculo
3624 821 3723 877 tio-

2080 914 2265 963 rentes
2297 920 2365 962 ex
2393 907 2512 965 aliis
2554 906 2872 964 auctoribus
2919 910 2971 963 in
3014 912 3465 971 annotationibus
3518 916 3723 972 nostris

2076 998 2452 1057 Ostendimus:
2505 1008 2560 1057 at
2597 1000 2790 1071 quinto
2840 1002 3041 1058 saeculo
3089 1004 3250 1061 nullm
3281 1006 3557 1073 luerunt,
3600 1026 3731 1068 cum

2076 1100 2200 1161 post
2228 1092 2480 1149 sublatos
2505 1093 2715 1151 eisdem
2741 1092 3009 1161 redditus,
3037 1105 3087 1151 et
3113 1098 3315 1169 praedia
3341 1103 3493 1167 item
3520 1103 3741 1164 sublata

2075 1198 2106 1242 a
2136 1183 2427 1252 Gratiano,
2452 1194 2575 1256 post
2602 1185 2901 1243 Theodosii
2930 1189 3101 1261 Magni
3126 1190 3413 1248 victoriam
3443 1194 3532 1254 de
3557 1200 3753 1277 Euge-

2075 1281 2168 1333 nio
2197 1279 2433 1335 relatam
2479 1295 2569 1334 an.
2622 1277 2753 1345 illi»,
2808 1282 3001 1339 eodem
3050 1284 3381 1347 Theodosio.
3409 1284 3762 1369 imperante

2076 1373 2232 1428 unica
2273 1374 2448 1429 vetula
2490 1372 2732 1441 quadam
2770 1392 2837 1431 ea:
2860 1378 3141 1450 uirginibus
3179 1380 3500 1442 Vestalibus
3536 1396 3761 1465 reliqua

2074 1474 2412 1521 memoretur
2438 1480 2468 1517 a
2502 1463 2730 1519 Zosimo
2759 1467 2856 1523 lib.
2888 1487 2940 1538 v,
2971 1486 3091 1543 cap.
3120 1473 3300 1538 38,ex
3324 1490 3445 1545 qun
3477 1463 3755 1547 Vestales

2071 1557 2312 1615 animam
2341 1555 2578 1613 traxisse
2603 1556 2672 1612 ad
2699 1561 2955 1618 ultimum
2992 1579 3159 1635 usque
3187 1565 3493 1625 Theodosii
3537 1578 3740 1630 senio.

2072 1653 2148 1705 ris
2173 1663 2351 1705 mvum
2380 1689 2395 1714 ,
2429 1656 2548 1702 tum
2586 1662 2725 1715 vero
2780 1656 3048 1720 extinctas
3102 1657 3262 1728 plane
3310 1658 3489 1718 fuisse
3518 1668 3728 1735 probat

331 1772 554 1822 reuoces,
580 1755 728 1810 unius
747 1751 1027 1823 prouincia:
1063 1766 1356 1808 astantes-um
1378 1750 1592 1820 explere
1611 1761 1717 1801 non
1740 1746 1971 1814 possint!
1999 1749 2044 1810 Β
2076 1741 2291 1812 Lipsius
2314 1743 2369 1796 in
2414 1739 2708 1811 Syntagm.
2754 1747 2825 1804 de
2863 1748 3192 1816 Vestalibus,
3223 1766 3343 1822 cap.
3372 1753 3466 1809 is.
3506 1758 3614 1813 Sed
3645 1760 3719 1817 de

333 1849 550 1909 Barbari
578 1846 722 1903 enim
770 1842 1160 1916 (prosequitur
1192 1859 1348 1899 num.
1387 1840 1482 1913 7t)
1516 1839 1654 1896 nihil
1675 1838 1969 1907 deferebant

331 1938 661 2005 humanitatis
685 1935 753 1995 ad
780 1933 1207 1997 misericordiam
1230 1975 1246 2001 ,
1279 1936 1385 1993 nisi
1415 1933 1574 2005 jquod
1618 1929 1843 1986 auaritia
1888 1946 1969 1986 re-

330 2039 611 2095 seruarem
641 2030 711 2084 ad
728 2027 1161 2097 redeatptt'onent.
1204 2028 1369 2085 Aliud
1423 2021 1815 2091 testimonium
1843 2039 1965 2094 cup.

331 2126 423 2191 28.
451 2142 597 2187 ιιιιιιι.
633 2122 760 2187 156.
790 2119 1036 2192 eiusdem
1085 2119 1210 2177 libri
1238 2137 1297 2187 tt,
1343 2121 1430 2178 his
1453 2120 1652 2177 verbis
1709 2119 1971 2187 exprimi-

333 2230 448 2278 tur:
482 2218 596 2281 Ναί
621 2214 904 2285 aliquando
927 2214 981 2272 in
1009 2212 1259 2271 invidiam
1288 2216 1567 2271 incidimus
1598 2258 1616 2283 ,
1652 2211 1809 2286 quod
1845 2228 1969 2267 cou-

333 2314 629 2389 {regeritnus
652 2325 779 2366 vasa
804 2308 1019 2379 mystica
1040 2349 1056 2374 ,
1097 2317 1153 2362 ut
1181 2308 1401 2376 captivos
1439 2310 1966 2366 redimeremus.....

337 2407 464 2478 Quis
494 2415 669 2468 autem
696 2412 770 2460 est
797 2413 901 2460 teut
925 2400 1092 2481 durus
1117 2441 1131 2465 ,
1159 2400 1360 2458 immitis
1378 2442 1393 2469 ,
1425 2403 1642 2473 ferreus
1659 2446 1681 2470 ,
1739 2403 1826 2458 cui
1863 2402 1973 2465 dia-

336 2502 519 2574 ριῐοεαι
547 2501 685 2570 quod
710 2496 862 2554 homo
891 2493 1164 2555 redimitur
1192 2510 1224 2549 α
1248 2502 1425 2559 morte,
1459 2496 1672 2566 femina
1700 2494 1771 2549 ab
1802 2496 1972 2564 impu-

337 2593 583 2653 ritatibus
609 2592 965 2655 barbarorum,
993 2602 1109 2659 qua
1135 2577 1387 2658 grauiores
1431 2597 1598 2642 morte
1624 2598 1800 2642 sunt:
1840 2587 1975 2651 adq-

341 2686 642 2749 leseeutulte
661 2684 741 2739 uel
761 2682 963 2753 pueruli
979 2680 1059 2736 vel
1079 2680 1299 2752 infantes
1319 2678 1380 2732 ab
1400 2678 1666 2749 idolorum
1685 2680 1970 2753 contagiis,

341 2783 529 2854 quibus
579 2779 764 2848 martis
790 2786 934 2833 metu
975 2771 1415 2845 iuquiuabantur?
1458 2771 1831 2839 Advertistin,
1861 2785 1973 2847 toto

346 2876 573 2948 captivas
598 2873 742 2936 orbe,
772 2883 918 2941 quos
956 2868 1051 2938 qui
1078 2866 1407 2931 redimeret,
1430 2863 1785 2922 substraheret
1811 2870 1972 2925 neci?

347 2967 489 3038 Quid
518 2981 640 3021 cum
670 2962 934 3019 Auctoris
964 2958 1138 3015 nostri
1164 2957 1343 3013 verbis
1373 2957 1544 3029 magis
1569 2960 1970 3017 consentiens?

347 3048 521 3132 igitur
547 3068 604 3114 ut
628 3057 695 3113 ad
726 3053 1043 3126 argumenti
1077 3064 1341 3106 summam
1375 3048 1591 3104 tandem
1636 3050 1924 3107 redeamus
1948 3097 1964 3122 ,

2076 1832 2420 1909 argumentis
2469 1847 2590 1901 qua:
2613 1850 2716 1906 pro
2747 1840 3056 1903 deﬁnienda
3080 1860 3177 1901 seu
3206 1846 3708 1907 circuntscribenda

2074 1926 2332 1985 Auctoris
2360 1933 2536 1981 astate
2564 1932 2842 2000 expiscari
2892 1938 3164 2007 potuimus
3185 1979 3201 2005 ,
3227 1938 3335 2008 jam
3392 1941 3555 1998 nimis
3594 1945 3709 1999 fur-

2072 2030 2223 2079 [8958
2254 2021 2456 2077 multa.
2489 2021 2570 2077 Ad
2595 2025 2941 2097 obiectiones
2967 2034 3148 2088 statim
3186 2033 3528 2093 accedamus.

2072 2156 2207 2235 [clx]
2231 2157 2259 2231 ς
2288 2156 2750 2241 Vlll.—0bjectio
2778 2168 2842 2223 de
2861 2157 3295 2243 persecutionibus
3321 2181 3367 2226 et
3392 2175 3703 2248 martyribus

2100 2251 2375 2324 disjicitur.
2397 2248 2578 2307 Brevis
2602 2253 2827 2313 historia
2853 2265 3261 2345 persecutionum
3281 2267 3450 2337 quarti
3475 2269 3671 2333 sa’culi,

2145 2390 2279 2459 Qua:
2303 2389 2598 2448 Baronium
2620 2409 2924 2455 moverunt
2940 2443 2955 2466 ,
2980 2415 3102 2456 eum
3126 2402 3192 2457 ad
3218 2417 3307 2458 res
3327 2407 3701 2474 superioribus

2074 2482 2430 2555 paragrapbis
2452 2486 2687 2556 agitatas
2711 2494 3055 2561 pertineant,
3082 2494 3282 2551 ibidem
3312 2497 3511 2567 rejects
3542 2500 3699 2556 nobis

2073 2587 2233 2644 sunt,
2258 2593 2367 2633 uno
2395 2579 2487 2634 illo
2510 2592 2748 2653 excepto
2774 2586 2845 2640 de
2874 2586 3195 2644 idololatria:
3219 2589 3391 2660 signis
3416 2591 3467 2649 in
3490 2594 3700 2647 numis-

2076 2672 2345 2738 matibus,
2376 2671 2519 2743 quod
2560 2683 2744 2731 tamen
2785 2687 3041 2735 extract.
3101 2680 3170 2737 10
3212 2681 3434 2737 ductum
3462 2694 3693 2740 annota-

2075 2763 2220 2819 tione
2244 2764 2303 2820 ll
2332 2763 2462 2819 satis
2513 2762 2748 2823 dilutum
2775 2769 3048 2825 invenies.
3090 2765 3226 2840 Quae
3264 2788 3429 2844 porro
3452 2776 3693 2835 editores

2075 2858 2417 2917 Veronenses
2455 2859 2508 2914 in
2552 2862 2928 2930 praefationem
2958 2866 3308 2923 contulerunt
3334 2880 3650 2941 argumenta
3672 2913 3688 2939 ,

2074 2960 2133 3006 ut
2173 2951 2461 3008 Auctorem
2520 2954 2958 3024 antiquissimum
3017 2959 3445 3028 persuaderent,
3507 2963 3687 3018 omnia

2073 3060 2186 3101 non
2207 3045 2378 3101 tribus
2399 3043 2575 3099 solum
2601 3048 2793 3113 primis
2819 3050 3076 3105 Ecclesia:
3098 3051 3310 3106 steculis
3329 3054 3682 3122 conveniunt,

347 3167 477 3211 cum
516 3158 703 3206 uoster
729 3149 947 3205 Auctor
973 3142 1358 3200 liberalitatem
1386 3155 1603 3196 suorum
1652 3143 1967 3204 auditorum
1997 3132 2043 3196 C
2074 3138 2171 3195 sed
2189 3139 2351 3195 etiam
2377 3149 2590 3207 quarto,
2625 3148 2682 3194 et
2710 3141 2968 3197 nottnulla
3000 3143 3129 3197 item
3148 3144 3359 3212 quinto.
3386 3144 3530 3214 quod
3559 3161 3687 3216 par-
3728 3136 3736 3143 ”

351 3246 407 3301 in
432 3240 762 3300 redimendis
792 3237 1034 3309 captivis
1076 3234 1581 3293 muniilcentissime
1621 3234 1972 3294 demonstra-

352 3346 464 3393 tam
486 3332 904 3398 commendans,
935 3328 1367 3399 redemptionem
1388 3326 1701 3382 earumdem
1724 3331 1973 3399 captivo-

353 3444 499 3494 rum,
530 3425 601 3483 de
621 3424 820 3496 quibus
845 3422 1071 3492 scripsit
1097 3419 1440 3485 Ambrosius,
1469 3428 1694 3489 spectet,
1728 3435 1831 3489 qua
1861 3438 1969 3478 una

355 3534 546 3581 verum
592 3516 707 3574 ﬁeri
736 3516 954 3589 patuit,
995 3522 1057 3570 ut
1101 3512 1153 3568 id
1195 3511 1410 3583 generis
1449 3511 1664 3582 largitas
1694 3515 1972 3581 prouinciis

354 3611 593 3673 omnibus
622 3620 744 3669 nota
770 3618 942 3675 esset,
970 3610 1187 3681 ejusque
1219 3606 1309 3675 pia
1336 3606 1531 3660 sentina
1554 3605 1710 3661 totius
1742 3609 1973 3677 quodam

355 3704 514 3761 modo
536 3703 671 3763 orbis
698 3719 793 3775 per
811 3700 1045 3761 membra
1076 3702 1407 3772 jactarentur
1431 3738 1447 3763 ,
1475 3708 1529 3751 ut
1577 3696 1716 3752 idem
1767 3703 1974 3759 Auctor

360 3798 579 3869 prodit:
606 3797 745 3853 haud
775 3795 944 3853 dubie
974 3803 1240 3850 tractatus
1268 3791 1339 3846 10
1368 3792 1463 3845 lib.
1494 3806 1531 3845 ll
1572 3790 1792 3846 habitus
1825 3804 1974 3860 patet

362 3903 489 3965 post
512 3908 708 3949 annum
735 3893 862 3954 378.
886 3905 998 3962 quo
1023 3886 1244 3945 barbari
1275 3894 1481 3955 tantum
1511 3884 1847 3953 captivorum
1871 3903 1969 3943 nu-

362 4003 577 4046 merum
607 3969 801 4057 partim
823 3998 893 4040 ex
937 3981 1201 4039 Romanis
1245 3977 1506 4034 militibus
1532 3978 1643 4049 jam
1694 3979 1922 4036 devictis
1953 4024 1969 4050 ,

363 4079 563 4153 partim
592 4094 657 4135 es
689 4085 769 4133 tot
794 4075 1057 4136 Romanis
1085 4071 1384 4144 provinciis
1411 4070 1648 4126 subactis
1672 4070 1967 4131 deduxere.

439 4172 553 4234 Sed
589 4186 712 4230 cum
741 4186 841 4243 pro
865 4167 1152 4227 statuenda
1198 4164 1450 4221 Auctoris
1492 4174 1651 4221 atate
1680 4181 1971 4237 argumen-

361 4278 542 4325 torum
576 4265 699 4323 linis
723 4263 942 4325 tandem
983 4261 1180 4332 aliquis
1210 4272 1339 4315 esse
1370 4257 1595 4324 debeat,
1624 4272 1784 4329 quam
1830 4262 1972 4318 miri.

361 4364 467 4421 lies
497 4359 677 4418 omnis
707 4373 772 4423 es
794 4358 960 4419 variis
982 4357 1107 4414 licet
1135 4351 1457 4411 tractatibus
1498 4352 1721 4409 collecta
1764 4360 1972 4424 tempo-

360 4454 440 4512 ris
464 4452 661 4513 indicia
684 4452 737 4506 in
782 4449 1039 4509 saeuiunt
1069 4459 1324 4519 quartum
1372 4446 1724 4516 conspirant,
1749 4453 1805 4501 ct
1847 4449 1970 4518 qui-

2076 3233 2170 3289 tim
2215 3247 2278 3287 ex
2311 3230 2469 3286 dictis
2511 3231 2572 3297 fit
2609 3242 2889 3303 apertum,
2919 3236 3115 3305 partim
3147 3252 3212 3293 ex
3243 3236 3684 3294 annotationibus

2072 3334 2375 3396 Opportune
2410 3322 2750 3394 :tppone'ndis
2790 3326 3011 3396 patebit.
3059 3326 3237 3382 Unum
3278 3329 3672 3395 tantummodo,

2074 3420 2214 3491 quod
2238 3420 2647 3475 exmemoratis
2667 3420 2736 3474 ab
2761 3420 2997 3476 Auctore
3025 3422 3494 3492 persecutionibns
3514 3432 3675 3495 atque

2076 3511 2400 3584 martyribus
2430 3510 2664 3576 ducitur,
2700 3512 3074 3568 vehementius
3107 3514 3280 3570 videri
3312 3516 3544 3586 cuipiam
3580 3532 3676 3585 po-

2074 3612 2216 3671 test;
2251 3613 2310 3659 ttt
2348 3603 2415 3659 ad
2456 3604 2594 3659 istud
2641 3605 3007 3661 subruendum
3050 3622 3157 3663 non
3197 3609 3330 3664 satis
3367 3610 3511 3677 sint,
3559 3625 3680 3682 qua)

2076 3709 2289 3755 nostras
2329 3700 2383 3754 in
2418 3700 2796 3756 annotationes
2835 3699 3196 3771 coniecimus.
3240 3702 3423 3774 Itaque
3469 3703 3537 3759 de
3573 3703 3675 3759 huc

2075 3795 2352 3851 nonnulla.
2388 3794 2502 3849 Non
2549 3794 2763 3851 duobus
2798 3806 3007 3851 tantum
3061 3811 3181 3866 quin
3236 3797 3303 3852 ab
3337 3797 3524 3853 iisdem
3565 3799 3678 3855 edi.-

2075 3889 2283 3945 torihus
2328 3888 2647 3961 allegantur,
2698 3890 2792 3946 sed
2844 3890 3016 3945 tribus
3064 3892 3115 3945 in
3162 3890 3295 3947 locis
3343 3895 3673 3963 persecutio-

2075 3997 2238 4049 num,
2274 3980 2355 4037 vel
2384 3990 2683 4051 martyrum
2716 3983 3002 4054 praesentis
3033 3992 3141 4038 tum
3173 3986 3431 4056 temporis
3459 4000 3648 4041 eccum

2075 4076 2318 4133 bentium
2356 4076 2417 4131 ﬁt
2454 4078 2739 4146 explorata
2778 4077 2999 4132 mentio.
3042 4077 3136 4132 Tr.
3184 4079 3239 4155 6Z
3271 4079 3338 4135 de
3378 4078 3676 4148 Patientia,

2077 4170 2169 4225 lib.
2202 4186 2250 4235 ι,
2283 4186 2338 4225 ιι.
2370 4172 2436 4229 8:
2469 4170 2547 4225 Tu
2577 4173 2878 4243 quotidiana
2905 4182 3193 4243 martyrum
3223 4185 3384 4228 mater
3423 4190 3475 4243 es
3504 4185 3549 4228 et
3590 4192 3677 4228 co-

2074 4280 2224 4317 rona.
2257 4263 2439 4319 Traet.
2469 4264 2538 4319 27
2566 4264 2661 4319 lib.
2696 4281 2762 4332 ll,
2812 4281 2867 4321 ιι.
2899 4265 2952 4331 ⁸5,
2983 4267 3382 4337 persecutionem
3411 4266 3512 4321 sub
3559 4268 3675 4321 vin-

2075 4354 2269 4411 demias
2291 4355 2547 4424 allegoria
2600 4357 2715 4411 fuse
2741 4356 2983 4427 depingit
3011 4364 3066 4411 et
3092 4369 3356 4429 martyres
3384 4366 3670 4425 memorat,

2075 4449 2267 4519 quibus
2288 4447 2528 4515 uiolenta,
2552 4447 2746 4518 inquit,
2769 4450 2991 4521 infertur
3012 4466 3216 4517 manus,
3241 4451 3440 4522 quique
3461 4452 3530 4505 ad
3550 4469 3674 4521 sup-

360 4546 492 4603 dem
513 4546 588 4603 ita
608 4554 740 4609 tite:
760 4544 827 4600 iis
846 4543 952 4609 alia
975 4557 1080 4599 non
1105 4551 1235 4598 ante
1257 4539 1495 4596 medium
1517 4540 1660 4596 idem
1681 4541 1960 4612 sarculum,
1996 4526 2045 4597 Ι)
2070 4541 2218 4611 plieii
2243 4540 2414 4596 locum
2440 4541 2857 4598 deducuntur....
2873 4558 3075 4596 summa
3103 4545 3331 4598 ontnium
3362 4546 3672 4599 contumelia

364 4639 467 4694 alia
530 4653 656 4692 vero
710 4652 813 4690 non
869 4636 1068 4691 smeulo
1120 4633 1410 4705 posteriori
1446 4634 1737 4688 Auctorem
1795 4634 1967 4705 scrip-

362 4734 507 4788 sisse
534 4729 695 4799 plane
719 4729 1078 4785 convincunt!
1118 4725 1176 4782 ln
1196 4726 1429 4797 priorem
1460 4735 1668 4796 partem
1700 4769 1715 4791 ,
1764 4726 1832 4782 de
1859 4742 1964 4798 qua

364 4838 474 4881 una
502 4838 624 4887 cum
654 4822 892 4892 pluribus
912 4822 1142 4893 qua-stic
1180 4826 1298 4886 est,
1324 4818 1579 4890 pleraque
1618 4836 1683 4875 ex
1718 4819 1965 4892 pluribus

365 4916 686 4975 tractatibus
708 4916 950 4985 conjecta
988 4922 1143 4970 sunt:
1189 4911 1259 4968 de
1288 4911 1524 4969 secunda
1553 4922 1733 4967 autem
1758 4954 1771 4977 ,
1804 4928 1963 4984 quam

364 5024 535 5067 nemo
561 5008 932 5080 impugnavit,
964 5013 1147 5076 aperta
1172 5012 1321 5069 sunt,
1349 5019 1468 5074 quae
1500 5018 1567 5059 ex
1597 5002 1965 5060 'l’heod0siani

366 5099 587 5159 Cedieis
633 5100 837 5171 legibus
869 5098 1225 5169 allegavimus
1256 5094 1284 5167 ς
1323 5096 1359 5150 5
1381 5136 1395 5161 ,
1430 5094 1573 5149 unde
1605 5093 1809 5150 Auctor
1833 5105 1974 5152 trae-

370 5204 549 5249 totum
575 5196 853 5264 septimum
882 5191 1007 5249 libri
1038 5190 1193 5261 primi
1225 5188 1506 5258 scripsisse
1529 5189 1815 5244 statuimus
1841 5200 1970 5247 ante

365 5301 580 5345 annutu
605 5286 699 5344 illi
732 5327 745 5349 .
771 5286 917 5357 quod
961 5282 1325 5341 testimonium
1356 5281 1456 5337 etsi
1498 5282 1551 5337 in
1580 5297 1640 5338 re
1666 5285 1966 5353 praesertim

368 5381 604 5439 miniata
620 5380 952 5436 contentiosa
980 5378 1113 5433 satis
1156 5389 1425 5446 superque
1466 5390 1590 5432 esse
1614 5374 1845 5435 debeat:
1888 5378 1969 5433 ni-

370 5476 485 5532 hilo
525 5484 703 5530 tamen
730 5474 908 5530 minus
930 5472 1069 5527 duas
1102 5468 1602 5529 animadversiones
1630 5472 1813 5541 paucis
1842 5486 1968 5543 aug.

360 5583 561 5641 gerere
586 5568 761 5636 [decet
784 5581 854 5623 ex
875 5566 994 5623 aliis
1013 5561 1347 5627 tractatibus,
1377 5570 1436 5617 ut
1455 5561 1733 5618 cohaerere
1776 5578 1966 5620 omnes

364 5661 625 5727 idemque
664 5667 874 5729 tempus
908 5670 1099 5711 omnes
1136 5661 1381 5725 spectare
1416 5668 1733 5725 cognoscas.
1785 5655 1967 5713 Primo

365 5750 638 5811 mandas
665 5751 878 5823 nuptias
916 5749 1119 5806 Auctor
1161 5747 1501 5817 persequitur
1541 5747 1738 5806 acerbe
1760 5758 1828 5806 tr.
1854 5751 1888 5808 5
1910 5760 1968 5810 et

2071 4634 2215 4689 illusi
2245 4651 2277 4688 a
2324 4635 2735 4705 persecutoribus
2754 4636 3088 4709 jugulautur,
3111 4644 3217 4691 etc.
3243 4636 3478 4691 Tandem
3511 4645 3666 4692 tract.

2074 4727 2142 4784 45
2180 4727 2422 4798 ejusdem
2445 4727 2565 4783 libri
2589 4746 2602 4781 :
2628 4731 2917 4785 Autumnus
2935 4746 3135 4802 quoque
3152 4733 3387 4802 martyrii
3410 4732 3554 4785 locus
3575 4741 3668 4799 est,

2072 4825 2128 4875 in
2150 4837 2250 4887 quo
2270 4837 2372 4876 non
2393 4823 2533 4888 vitis,
2560 4824 2651 4878 sed
2672 4825 2884 4896 fossuris
2906 4827 3117 4898 sanguis
3136 4824 3439 4892 eﬂ'unditur.
3466 4825 3673 4895 Quibus

2072 4911 2127 4967 in
2171 4912 2306 4967 locis
2343 4927 2465 4968 cum
2508 4917 2917 4985 persecutiones
2956 4924 3012 4972 et
3051 4925 3319 4988 ntartyres
3364 4916 3673 4973 iudicentur

2073 5017 2405 5074 prmsentes,
2450 5007 2560 5060 imo
2591 5016 2646 5062 et
2674 5009 3006 5077 quotidiani,
3054 5008 3146 5079 qui
3193 5009 3245 5063 itt
3277 4990 3525 5079 quartum
3568 5024 3673 5064 sm-

2075 5095 2252 5151 culunt
2286 5112 2314 5150 a
2341 5098 2662 5153 Christianis
2689 5100 3104 5171 imperatoribus
3129 5112 3448 5172 occupatum
3476 5103 3674 5161 cadere

2074 5205 2410 5261 nequaquam
2465 5193 2793 5261 creduntur;
2848 5196 3103 5252 Auctoris
3142 5205 3273 5252 artas
3313 5198 3379 5252 ad
3420 5212 3672 5269 persecu-

2070 5284 2277 5339 tionum
2313 5293 2522 5356 tempus
2550 5286 2826 5343 evehenda
2855 5290 3144 5361 colligitur.

2148 5379 2215 5432 At
2256 5378 2430 5447 primo
2472 5380 3007 5437 animadvertendum
3050 5393 3160 5449 est,
3197 5382 3250 5438 id
3280 5383 3495 5454 generis
3525 5384 3675 5439 locu-

2075 5469 2251 5524 tiones
2291 5469 2345 5524 in
2389 5470 2506 5527 aliis
2538 5472 2711 5543 quarti
2739 5487 2955 5544 quoque
2982 5474 3504 5531 smculi'auctoribus
3534 5476 3672 5545 logi;

2074 5562 2218 5617 inter
2245 5578 2380 5633 quas
2408 5563 2677 5619 audienda
2707 5565 2795 5619 illa
2842 5565 3028 5621 Hilarii
3070 5582 3132 5623 ex
3173 5565 3579 5622 Commentario
3620 5566 3672 5619 in

2074 5657 2210 5727 psal.
2237 5672 2414 5726 cxxn,
2443 5675 2496 5714 n.
2524 5659 2612 5725 10,
2643 5659 2712 5715 de
2734 5659 2973 5716 ﬁdelium
3004 5661 3213 5732 injuriis
3239 5661 3539 5733 loquentis:
3564 5654 3679 5715 Ctes-

2075 5751 2273 5823 diutur,
2299 5754 2676 5823 maledicimur,
2702 5755 2971 5829 fugamur,
2992 5770 3236 5811 necantur
3255 5758 3418 5823 ferro,
3440 5749 3685 5823 ﬂammis,
