4242 6168
547 241 617 300 (ἲὸ
1954 237 2484 296 PROLEGOMENA.
3155 263 3166 279 -
3794 239 3865 294 Gl

548 362 828 435 profundo,
859 360 1136 417 deswvitur
1155 362 1209 416 in
1231 371 1461 416 nostram
1484 360 1860 428 verecundiam,
1886 358 2158 414 decrevitur
2183 365 2233 425 Α
2264 360 2316 414 in
2342 369 2750 430 persecutorum
2779 364 3081 432 catalogum
3107 357 3230 431 jure
3259 361 3509 418 retulerit
3536 362 3867 434 Augustinus

547 455 602 510 in
643 470 892 525 corpora:
933 455 1080 508 dolor
1117 453 1263 508 nobis
1303 463 1376 508 est
1419 454 1647 524 injuriis.
1691 452 1810 508 Alia
1852 451 2158 506 testimonia

548 547 752 603 videsis
791 556 976 602 annot.
1025 547 1098 602 20
1147 546 1200 600 in
1242 555 1400 601 tract.
1432 546 1502 602 27
1554 547 1646 602 lib.
1680 562 1738 600 ιι.
1793 545 1930 613 Quid
1962 559 2154 616 porro,

551 641 596 696 si
635 641 770 696 falsa
812 641 1038 696 inolevit
1078 641 1265 711 opinio
1289 681 1304 706 ,
1349 641 1528 696 nullas
1568 649 1762 712 quarto
1801 640 1999 694 saeculo
2039 653 2161 709 per-

550 734 894 800 secutiones,
939 743 1205 805 martyres
1245 734 1420 788 nullos
1451 732 1654 789 fuisse?
1680 732 1871 788 Nonne
1895 731 2155 786 Constan-

553 827 627 882 tio
677 827 975 897 imperante
1027 842 1222 897 magno
1267 828 1589 882 Arianorum
1635 834 1862 895 patrono
1927 823 2044 877 dira
2105 823 2156 877 in

551 919 861 977 Catholicos
889 921 1121 977 Nicaeum
1152 922 1274 977 lidei
1305 920 1621 975 defensores
1645 917 1950 989 persecutio
1978 917 2153 972 desae-

550 1013 683 1079 viit,
717 1030 820 1085 qua
851 1014 944 1070 alii
972 1015 1024 1070 in
1056 1015 1276 1069 exilium
1307 1014 1598 1084 deportati,
1629 1012 1720 1068 alii
1741 1013 1970 1082 equuleo
2011 1011 2154 1075 torti,

551 1108 642 1162 alii
670 1108 830 1162 etiam
862 1118 1038 1163 morte
1078 1107 1323 1162 muICIati
1365 1106 1616 1162 luerunt?
1656 1104 1792 1159 Hinc
1833 1103 2066 1158 Hilarius
2106 1102 2159 1157 in

553 1199 692 1255 libro
722 1199 980 1255 adversus
1011 1201 1379 1256 Constantium
1415 1217 1467 1253 ιι,
1506 1204 1556 1265 1,
1589 1197 1894 1252 Catholieos
1924 1195 1990 1250 ad
2020 1211 2161 1249 mar-

554 1294 749 1363 tyrium
779 1293 1049 1357 hortatur;
1079 1304 1131 1348 et
1156 1292 1398 1348 Liberius
1428 1292 1481 1345 in
1506 1291 1730 1361 cpistola
1752 1289 1818 1343 ad
1835 1286 2163 1358 Confessores

553 1397 680 1440 ante
705 1387 926 1440 exilium
956 1401 1112 1440 suum
1141 1386 1363 1455 scripta,
1389 1401 1508 1452 qua:
1532 1394 1708 1439 exstat
1731 1383 1873 1453 apud
1904 1381 2161 1436 llilarium

554 1475 689 1546 frag.
721 1477 785 1542 6,
821 1478 906 1531 his
936 1476 1115 1532 verbis
1147 1478 1314 1531 utitur
1341 1492 1396 1530 n.
1432 1476 1457 1531 1
1485 1492 1498 1529 :
1529 1474 1652 1528 Jam
1687 1475 1756 1528 ad
1789 1478 2019 1546 futuram
2047 1476 2162 1546 glo-

551 1569 684 1626 riam
714 1580 965 1640 martyres
993 1585 1080 1623 vos
1106 1569 1414 1639 designavit.
1448 1567 1713 1624 Similiter
1741 1567 2070 1623 Athanasius
2107 1567 2159 1622 in

552 1658 782 1730 Apolog.
812 1661 878 1715 ad
909 1659 1194 1715 Constant.
1226 1677 1281 1715 η.
1312 1661 1408 1726 52,
1443 1675 1564 1730 pag.
1597 1660 1735 1715 516:
1774 1658 1914 1714 Nam
1940 1661 1984 1713 si
2010 1661 2047 1712 ii
2077 1661 2163 1729 qui

2263 451 2363 506 lib.
2396 467 2531 507 xvm
2557 452 2625 508 de
2648 454 2767 508 Civ.
2799 453 2917 519 Dei,
2963 468 3084 524 cap.
3111 451 3201 508 52.
3231 451 3449 508 Juliano
3474 453 3864 510 interleetoan.

2262 541 2398 605 565,
2431 553 2547 612 post
2574 543 2738 598 breve
2758 544 2970 600 Joviani
3000 544 3286 614 imperium
3315 543 3724 601 Valentinianus
3748 560 3868 603 suc-

2260 636 2458 702 cessit,
2488 637 2577 708 qui
2618 639 2849 694 subinde
2884 639 3161 694 Valentem
3193 637 3412 694 fratrem
3445 642 3498 695 in
3532 641 3746 709 imperii
3774 658 3867 698 so-

2261 730 2512 784 cietatem
2545 731 2856 798 assumpsit.
2905 731 3002 786 Hic
3022 739 3198 786 autem
3224 743 3533 802 postremus
3552 734 3872 789 Constantio

2263 823 2434 876 multo
2466 823 2839 878 vehementior
2865 824 2962 879 luit
2988 825 3038 879 in
3069 825 3264 881 tuenda
3288 827 3608 882 Arianorum
3634 829 3832 885 haeresi
3851 871 3868 898 ,

2264 913 2475 984 ﬁdeque
2497 915 2762 971 catholica
2785 916 3141 988 oppugnanda
3168 934 3265 988 per
3285 919 3558 975 Orientem
3576 964 3590 988 ,
3617 922 3701 978 cui
3732 936 3873 989 prae-

2263 1017 2415 1072 crat;
2456 1007 2525 1063 de
2562 1024 2667 1080 qua
2707 1011 3091 1079 persecutione
3125 1011 3458 1083 Augustinus
3496 1013 3687 1070 eodem
3727 1014 3874 1071 libro

2265 1113 2386 1168 cap.
2419 1099 2520 1165 52,
2565 1104 2682 1156 hinc
2721 1102 2922 1172 scripta
2964 1103 3217 1172 reliquit:
3255 1103 3524 1160 Postremo
3553 1116 3730 1160 nostra
3759 1125 3872 1162 me-

2264 1191 2431 1244 moria
2471 1189 2659 1246 Valens
2687 1232 2700 1245 .
2733 1233 2746 1246 .
2781 1233 2794 1241 .
2825 1194 3050 1247 Arianus
3073 1236 3086 1259 ,
3119 1211 3287 1249 nonne
3313 1213 3498 1267 magna
3527 1200 3878 1267 persecutione

2265 1299 2357 1353 per
2380 1283 2440 1337 0:
2457 1284 2606 1337 ientis
2629 1295 2800 1355 partes
2842 1286 3150 1340 catholicam
3179 1287 3388 1341 vastavit
3410 1288 3603 1357 fidem;
3627 1301 3676 1342 et
3703 1288 3795 1344 lib.
3835 1305 3874 1345 tt

2264 1388 2453 1433 contra
2483 1378 2690 1432 litteras
2716 1379 2959 1434 l’etiliani
2990 1397 3044 1434 ιι.
3073 1380 3215 1438 206:
3250 1381 3497 1448 Quaerant
3523 1381 3650 1450 quid
3679 1382 3874 1437 (ἑαιὴοο

2266 1470 2366 1526 lica
2406 1474 2458 1526 in
2487 1471 2695 1527 Oriente
2735 1491 2978 1546 perpessa
3006 1476 3092 1538 sit,
3126 1475 3332 1545 quando
3369 1475 3561 1531 Valens
3592 1478 3877 1547 imperabat

2264 1566 2510 1620 Arianus.
2547 1566 2682 1622 Hinc
2727 1569 2912 1636 procul
2945 1568 3110 1623 dubio
3143 1567 3200 1625 S.
3237 1569 3558 1624 Ambrosius
3591 1570 3686 1625 lib.
3739 1585 3778 1625 ιι
3808 1569 3880 1627 de

2266 1657 2421 1722 Fide,
2448 1674 2570 1728 cap.
2602 1657 2693 1724 16,
2718 1662 3123 1730 persecutiones
3143 1661 3456 1730 appellans.
3483 1677 3616 1731 quas
3638 1663 3704 1717 ab
3726 1663 3881 1718 Aria-

553 1751 798 1805 adversus
829 1769 908 1807 me
931 1752 1248 1808 subscribere
1270 1752 1603 1821 recusabant,
1635 1763 1706 1806 tot
1733 1755 1987 1823 tantisque
2009 1753 2157 1807 malis
2188 1757 2234 1816 Β
2265 1768 2458 1806 norum
2491 1751 2710 1822 perlidia
2731 1795 2746 1819 ,
2781 1755 3034 1809 nimirum
3062 1755 3163 1808 sub
3192 1754 3510 1809 Constantio
3541 1766 3595 1810 et
3630 1754 3878 1822 Valente,

551 1856 669 1898 sunt
697 1844 870 1911 affecti
889 1862 908 1910 ;
935 1846 978 1899 si
1008 1846 1156 1910 laici,
1188 1847 1272 1914 qui
1300 1863 1414 1899 cmu
1441 1844 1649 1899 Arianis
1673 1847 2046 1900 communicare
2069 1861 2162 1900 no-

554 1937 793 2004 luerunt,
821 1939 1004 2005 capitis
1029 1938 1262 1992 damnati
1283 1948 1435 2006 sunt,
1466 1948 1570 1993 etc.
1599 1938 1807 2005 Quibus
1829 1938 2022 1992 similia
2049 1946 2163 1992 tra—

554 2029 693 2084 dens
724 2028 958 2084 Hilarius
987 2031 1038 2084 in
1069 2031 1204 2084 libro
1236 2029 1496 2085 adversus
1520 2029 1894 2085 Constantium
1923 2072 1938 2095 ,
1966 2045 2021 2084 n.
2058 2029 2120 2084 11
2147 2071 2162 2097 ,

558 2122 846 2178 Tolosaiue
893 2123 1148 2179 Ecclesiae
1195 2124 1407 2178 clericos
1445 2123 1663 2194 fustibus
1700 2139 1893 2188 caesos,
1925 2123 2166 2177 diacones

555 2215 766 2286 plumbo
801 2215 953 2270 elisos
981 2224 1232 2272 testatur.
1267 2215 1380 2272 Huc
1411 2217 1726 2273 revocandae
1768 2217 1873 2272 illae
1911 2215 2086 2271 caedes
2114 2215 2167 2270 in

556 2306 921 2362 Alexandrina
941 2307 1182 2363 Ecclesia
1199 2308 1431 2380 Georgio
1457 2309 1742 2364 invadente
1762 2317 2013 2380 peractae,
2034 2324 2168 2380 quas

555 2397 886 2452 Athanasius
927 2397 1284 2455 considerans
1322 2400 1374 2454 in
1418 2400 1575 2468 epist.
1607 2400 1673 2454 ad
1703 2399 2077 2465 Orthodoxos,
2108 2417 2171 2454 ne

554 2488 748 2542 multus
793 2490 890 2543 sim
933 2489 987 2542 in
1014 2489 1299 2557 scribendo,
1328 2491 1520 2562 inquit,
1545 2493 1827 2561 persecutio
1851 2493 2016 2560 adest,
2043 2508 2171 2562 qua-

556 2580 620 2635 lis
643 2597 920 2652 numquam
943 2593 1094 2638 antea
1119 2585 1362 2639 adversus
1384 2583 1672 2638 Ecclesium
1693 2585 1869 2640 oborta
1890 2596 1998 2652 est;
2027 2585 2169 2660 unde

555 2675 1022 2730 eminentissimus
1051 2676 1337 2731 Annalium
1367 2691 1562 2747 parens
1589 2665 1878 2733 cardinalis
1910 2679 2169 2734 Baronius

557 2768 624 2823 iis
683 2770 869 2824 relatis
908 2785 1030 2838 qum
1068 2769 1136 2825 ad
1185 2768 1485 2826 Constantii
1529 2771 1960 2840 persecutionem
2005 2773 2168 2842 perti—

558 2869 720 2924 nent,
745 2859 867 2927 jure
891 2859 1163 2914 concludit
1189 2877 1242 2914 n.
1271 2862 1362 2924 87,
1412 2862 1477 2915 ad
1531 2877 1620 2916 an.
1649 2862 1790 2917 555:
1823 2862 1906 2916 Ex
1931 2864 2026 2929 iis,
2054 2879 2169 2934 qua:

559 2952 696 3005 dicta
726 2961 844 3006 sunt
875 2950 936 3004 de
973 2955 1314 3022 quarumdam
1348 2953 1695 3008 Ecclesiarum
1723 2955 2013 3022 vexatione,
2044 2955 2170 3026 quid

557 3055 756 3110 cauerat
795 3061 961 3114 passa:
999 3046 1128 3112 sint,
1185 3047 1299 3100 licet
1331 3048 1500 3116 potius
1529 3049 1816 3101 existimare
1847 3064 1998 3117 quam
2038 3048 2164 3100 scri-

2273 1845 2539 1901 Catholici
2571 1847 2713 1916 passi
2747 1858 2904 1912 sunt,
2949 1865 3004 1902 ιι.
3039 1848 3144 1903 140
3174 1848 3253 1902 sic
3304 1847 3568 1918 loquitur:
3603 1847 3728 1902 Non
3759 1848 3878 1904 libet

2267 1938 2618 2008 canfessorum
2649 1955 2816 2005 neces,
2845 1949 3117 2008 tormenta,
3144 1941 3301 1994 exilia
3325 1942 3584 1994 recordari
3603 1984 3619 2009 ,
3648 1951 3701 1996 et
3727 1957 3877 1996 num.

2270 2032 2369 2085 1-H
2399 2048 2412 2083 :
2445 2029 2552 2085 Sed
2569 2033 2684 2102 jam
2708 2033 2834 2086 satis
2861 2048 3133 2101 superque,
3163 2032 3482 2104 omnipotens
3508 2029 3670 2099 Deus,
3701 2042 3882 2088 nostro

2269 2124 2425 2179 exitio
2453 2135 2728 2196 nostroque
2751 2127 3000 2197 sanguine
3029 2126 3378 2194 confessorum
3405 2143 3550 2181 neces
3571 2168 3586 2194 ,
3614 2127 3769 2181 exilia
3794 2143 3882 2180 sa-

2276 2217 2545 2269 cerdotum
2565 2257 2581 2281 ,
2611 2227 2659 2270 et
2685 2219 2833 2287 nefas
2861 2211 3016 2270 tantté
3042 2217 3318 2287 impietatis
3341 2218 3580 2284 eluimus,
3609 2217 3753 2274 bello
3779 2220 3885 2274 scio

2275 2307 2403 2362 licet
2440 2308 2696 2372 Gothico,
2736 2323 2804 2363 ex
2844 2323 2950 2379 quo
2992 2319 3137 2363 tanta
3180 2312 3230 2364 in
3261 2309 3562 2365 Romanum
3596 2311 3881 2381 imperium

2276 2400 2547 2471 pernicies
2573 2402 2841 2464 manavit;
2871 2411 2926 2455 et
2953 2401 3045 2456 lib.
3079 2417 3136 2456 ιιι
3173 2402 3241 2457 de
3267 2401 3421 2469 Fide,
3467 2418 3587 2472 cap.
3617 2403 3703 2468 15,
3729 2419 3884 2464 num.

2273 2491 2409 2548 128:
2449 2491 2661 2546 Librum
2704 2493 3071 2547 sacerdotalem
3117 2493 3203 2566 (id
3245 2503 3329 2550 est
3367 2494 3638 2551 Nicaenam
3683 2495 3882 2564 ﬁdem)

2273 2583 2388 2653 quis
2427 2593 2655 2637 nostrum
2682 2584 2944 2654 resignare
2972 2585 3196 2650 audeat,
3229 2586 3490 2658 signatum
3517 2603 3547 2640 a
3575 2590 3887 2659 confessori-

2275 2675 2390 2743 bus,
2419 2688 2466 2731 et
2495 2679 2771 2732 multorum
2789 2682 2904 2751 jam
2931 2679 3178 2749 martyrio
3201 2690 3550 2734 consecratum
3566 2680 3592 2733 .9
3617 2696 3763 2748 quem
3790 2719 3803 2734 .
3828 2721 3840 2734 .
3867 2721 3879 2734 .

2271 2770 2359 2839 qui
2383 2770 2573 2823 violare
2597 2786 2699 2824 non
2725 2771 2837 2824 ausi
2863 2781 2978 2823 sunt
2997 2813 3009 2831 ,
3038 2773 3352 2843 confessores
3377 2781 3423 2824 et
3447 2781 3696 2843 martyres
3724 2774 3854 2826 exsti
3870 2805 3883 2813 -

2272 2869 2459 2912 terunt.
2487 2859 2757 2927 Quomodo
2785 2862 2937 2931 fidem
2961 2878 3134 2916 eorum
3163 2878 3432 2932 possumus
3461 2863 3731 2934 denegare,
3755 2880 3888 2934 quo-

2274 2967 2390 3004 rum
2422 2953 2688 3005 uictoriam
2722 2954 3105 3020 praedicamus?

2347 3042 2479 3096 Dum
2512 3042 2714 3098 Valens
2753 3043 2986 3100 Arianus
3018 3048 3068 3100 in
3099 3043 3320 3101 Oriente
3360 3043 3668 3102 Cathollcos
3703 3062 3888 3118 perse-

559 3136 714 3191 bere:
757 3138 802 3192 si
847 3138 980 3192 enim
1019 3148 1091 3193 τοι
1128 3148 1370 3208 tantaque
1405 3155 1514 3194 esse
1552 3150 1921 3207 mensoranlur,
1966 3156 2081 3211 qme
2113 3156 2177 3194 ex
2203 3144 2249 3207 (ζ
2279 3136 2565 3205 quebatur.
2615 3136 2960 3194 Athalaricus
3001 3137 3303 3194 Gothorum
3351 3155 3443 3195 rex
3493 3140 3547 3195 in
3591 3141 3887 3198 Occidente

560 3229 877 3283 diuersorum
905 3239 1194 3299 temporum
1241 3233 1549 3302 scriptorum
1604 3234 1905 3304 fragmentis
1958 3231 2173 3286 collecta

563 3336 723 3390 nuper
753 3322 1129 3385 recensuimus;
1173 3324 1348 3392 qualia
1377 3334 1627 3393 quantove
1656 3326 1852 3394 reliqua
1883 3324 2043 3394 fuisse
2073 3341 2170 3390 pu-

562 3413 721 3467 tanda
747 3424 866 3468 sunt
911 3431 1025 3485 quia
1048 3417 1246 3485 sepulta
1272 3418 1475 3472 silentio
1500 3428 1871 3479 remanserunt,
1895 3434 2010 3471 cum
2034 3419 2078 3471 si
2102 3419 2178 3472 vel

564 3504 722 3558 unius
750 3502 1019 3569 Ecclesiae,
1047 3507 1128 3559 cui
1156 3508 1439 3562 catholicus
1464 3509 1516 3562 in
1541 3509 1897 3562 communione
1925 3508 2177 3562 catholica

561 3594 686 3649 cleri
701 3593 818 3667 [ως]
835 3609 988 3668 atque
1005 3598 1185 3666 populi
1201 3610 1436 3668 praeesset
1455 3598 1760 3669 Episcopus,
1775 3615 1855 3654 res
1875 3599 2178 3667 conscripta:

572 3687 818 3758 fuissent,
853 3689 1050 3760 grande
1074 3688 1306 3743 volumen
1333 3705 1396 3742 ex
1424 3690 1584 3744 illatis
1614 3689 1676 3744 ab
1707 3689 1915 3745 Arionis
1943 3690 2178 3744 cladibus

564 3779 745 3849 procul
774 3781 929 3833 dubio
958 3779 1177 3851 diligens
1207 3780 1479 3836 historicus
1508 3783 1826 3852 confecisset.

644 3870 846 3926 Deinde
877 3871 1066 3927 eodem
1121 3872 1438 3928 Constantio
1496 3875 1795 3943 imperante
1835 3872 2007 3944 Sapor
2047 3875 2178 3930 Pcr-

565 3977 747 4016 sarum
777 3979 870 4018 rex
897 3961 1158 4018 Romanis
1185 3965 1411 4020 infestus
1438 3981 1684 4038 magnam
1707 3965 1971 4020 adversus
1992 3967 2179 4021 Chris-

569 4057 743 4110 tianos
774 4057 1207 4124 persecutionem
1237 4061 1563 4126 commovit,
1593 4060 1645 4113 in
1677 4074 1782 4130 qua
1810 4059 1963 4129 plura
1992 4059 2176 4114 Chris-

569 4147 838 4202 tianorum
871 4149 1038 4202 millia
1069 4148 1353 4216 obierunt,
1387 4151 1717 4222 Hieronymo
1759 4159 1896 4206 teste
1925 4152 1977 4205 in
2007 4152 2175 4207 Chro-

566 4240 711 4295 nico.
743 4240 1080 4298 Sozomenus
1111 4243 1202 4298 lib.
1237 4259 1305 4310 ιι,
1335 4259 1366 4298 a
1397 4246 1574 4314 capite
1608 4244 1784 4315 primo
1812 4245 1877 4301 ad
1905 4245 2174 4302 decimum

567 4334 784 4387 tertium
804 4375 819 4400 ,
855 4334 994 4389 hanc
1026 4336 1456 4405 persecutionem
1487 4338 1605 4394 fuse
1633 4337 1925 4404 describit,
1963 4341 2173 4409 plures-

567 4439 673 4494 que
702 4441 732 4479 e
759 4428 1087 4497 martyribus
1116 4427 1389 4492 nominat,
1423 4431 1476 4485 in
1504 4446 1679 4502 eoque
1714 4433 2057 4488 solummodo
2086 4448 2173 4487 er-

2277 3241 2466 3284 contra
2489 3229 2711 3286 eosdem
2737 3231 3025 3302 pugnabat.
3053 3231 3324 3288 Habemus
3351 3234 3514 3288 etiam
3546 3249 3688 3289 nunc
3743 3251 3886 3305 pra--

2278 3322 2643 3376 stantissimas
2685 3322 2946 3378 Ecclesia:
2983 3322 3228 3380 Gothicae
3269 3327 3476 3380 litteras
3496 3328 3560 3380 ad
3587 3325 3884 3382 Ecclesiam

2278 3413 2652 3483 Cappadocem
2699 3416 2930 3486 scriptas
2968 3432 3110 3470 anno
3151 3417 3291 3483 572,
3332 3417 3383 3472 in
3414 3419 3607 3488 quibus
3638 3418 3695 3475 S.
3729 3419 3887 3476 Salue

2279 3509 2600 3581 martyrium
2623 3509 2966 3567 describitur.
3009 3512 3085 3567 De
3117 3512 3215 3567 hac
3259 3514 3636 3584 persecutione
3663 3529 3692 3566 a
3724 3515 3886 3570 variis

2279 3605 2484 3656 cozevis
2525 3605 2840 3659 auctoribus
2881 3603 3122 3668 lirmata,
3147 3620 3376 3674 quorum
3399 3607 3706 3660 testimonia
3748 3605 3882 3661 Rui-

2283 3695 2489 3749 nartius
2520 3695 2572 3748 in
2599 3706 2718 3749 acta
2747 3697 2804 3750 S.
2832 3696 2988 3752 Saba:
3015 3697 3268 3768 martyris
3295 3697 3524 3767 allegat,
3552 3697 3884 3768 Augustinus

2281 3785 2375 3840 lib.
2425 3803 2562 3842 xvnt
2599 3787 2668 3842 de
2687 3786 2918 3844 Civitate
2944 3789 3057 3852 Dei,
3082 3803 3201 3859 cap.
3225 3789 3328 3856 52,
3348 3789 3727 3858 haecscripsit:
3763 3789 3882 3844 Non

2279 3888 2351 3933 est
2389 3882 2671 3950 persecutio
2711 3882 3094 3953 computanda,
3134 3883 3338 3952 quando
3377 3899 3468 3937 rea:
3506 3882 3789 3938 Gothorum
3828 3885 3882 3937 in

2281 3971 2392 4043 ipsa
2416 3972 2603 4027 Gothia
2633 3983 2930 4041 persecutus
2957 3984 3029 4028 est
3051 3974 3700 4030 Christianoscrudelitate
3725 3977 3886 4030 mira-

2279 4066 2404 4132 bili,
2435 4084 2550 4119 cum
2576 4068 2644 4120 ibi
2673 4084 2772 4122 non
2797 4077 2964 4121 essent
2990 4066 3089 4122 nisi
3114 4066 3402 4134 Catholici,
3429 4085 3645 4138 quorum
3670 4071 3884 4142 plurimi

2281 4164 2529 4233 martyrio
2555 4163 2786 4217 coronati
2814 4163 2973 4217 sunt?
3001 4163 3267 4219 Prmterea
3307 4163 3647 4219 Christianos
3685 4164 3881 4219 barba-

2282 4271 2466 4311 rorum
2490 4256 2706 4312 illorum
2728 4258 2970 4328 captivos
2985 4257 3238 4313 idolorum
3259 4259 3530 4329 contagiis,
3553 4269 3690 4313 metu
3705 4261 3884 4315 mortis

2279 4350 2572 4420 inquinatos
2597 4352 2884 4407 didicimus
2939 4367 3004 4406 ex
3037 4352 3356 4418 Ambrosio,
3399 4351 3513 4412 lib-
3537 4367 3574 4407 ιι
3605 4352 3673 4408 de
3699 4351 3881 4420 Olﬁc.,

2279 4457 2400 4512 cap.
2431 4443 2524 4507 28.
2553 4455 2608 4498 et
2633 4459 2700 4498 ex
2727 4444 2810 4498 his
2836 4458 2930 4499 eos
2960 4445 3118 4498 morti
3145 4442 3368 4499 allectos
3393 4444 3764 4515 intelligimus.
3791 4444 3884 4514 qui

567 4527 646 4570 τίη
668 4558 681 4579 ο
707 4519 848 4587 (Ιιιοά
879 4517 1026 4573 illam
1049 4519 1117 4575 ad
1137 4522 1475 4577 COHSlamini
1505 4539 1678 4578 mum
1707 4526 1923 4591 ῐέίδΐθιν
1953 4525 2081 4579 dum
2108 4540 2173 4581 θκ
2203 4537 2256 4597 D
2279 4533 2589 4592 Christianae
2619 4535 2741 4591 fidei
2773 4551 2879 4590 non
2909 4534 3328 4605 valedixissent,
3361 4552 3462 4592 nec
3503 4535 3661 4591 idolis
3689 4537 3884 4592 immo-

567 4609 855 4677 antiquiori
881 4610 1193 4684 Hieronymi
1224 4616 1536 4669 testimonio
1549 4615 1779 4684 aliisque
1803 4631 1834 4670 a
1859 4616 2072 4672 Valesio
2088 4618 2183 4672 ad-

568 4701 746 4757 ductis
787 4704 840 4758 in
883 4707 1166 4764 notatione
1205 4707 1273 4763 ad
1304 4717 1465 4777 caput
1519 4710 1585 4762 13
1621 4709 1958 4778 exploratum
1987 4719 2096 4774 est,
2132 4711 2183 4766 id

567 4799 784 4867 generis
813 4801 1242 4867 persecutionem
1277 4803 1508 4869 coapisse
1547 4814 1635 4856 an.
1670 4801 1794 4866 347,
1830 4801 2172 4872 productam-

569 4905 675 4960 qne
720 4891 890 4947 fuisse
933 4908 1103 4964 usque
1145 4893 1212 4946 ad
1255 4892 1418 4962 Regis
1459 4893 1578 4963 ejus
1619 4902 1881 4962 mortem,
1909 4895 1998 4965 qui
2029 4895 2174 4951 diem

570 4985 706 5038 obiit
733 4999 824 5038 an.
859 4985 982 5052 580,
1013 4987 1090 5038 uti
1124 4984 1435 5038 Ruinartius
1467 4984 1518 5039 in
1551 4985 1690 5039 Actis
1719 4987 1934 5040 sinceris
1977 4989 2172 5043 rectis-

569 5078 707 5132 sime
758 5077 978 5146 probat,
1007 5079 1092 5132 ubi
1119 5087 1310 5147 praeter
1339 5087 1634 5134 memorata
1663 5095 1692 5134 a
1719 5080 2022 5137 Sozomeno
2047 5081 2183 5136 alio-

572 5184 689 5223 rum
737 5182 854 5222 acta
896 5179 1198 5240 martyrum
1245 5185 1307 5226 ea
1351 5172 1402 5226 in
1444 5173 1826 5242 persecutioiie
1875 5173 2181 5231 functorum

574 5259 909 5330 suppeditat.

641 5360 1015 5417 Constantium
1044 5363 1291 5420 Julianus
1320 5367 1563 5438 excepit,
1593 5367 1683 5436 qui
1725 5367 1935 5422 tametsi
1978 5367 2178 5423 nullam

570 5453 626 5508 in
666 5453 1010 5510 Christianos
1045 5467 1290 5526 apertam
1331 5460 1766 5528 persecutionem
1807 5461 2031 5527 indixit,
2075 5476 2180 5516 non

570 5546 728 5616 pauci
757 5556 938 5602 tamen
959 5589 984 5623 ,ἢ
1008 5548 1126 5618 ipso
1152 5551 1490 5621 imperante,
1517 5554 1763 5625 martyrii
1797 5553 2025 5620 palmam
2053 5568 2185 5610 con-

570 5639 739 5706 secuti
782 5642 1082 5710 probantur
1109 5658 1176 5700 ex
1223 5646 1288 5701 iis
1317 5647 1451 5699 actis
1496 5661 1618 5718 qius
1650 5646 1898 5710 laudatus
1951 5646 2182 5700 Ruinar-

568 5732 674 5787 lius
704 5731 846 5790 inter
870 5724 1086 5791 sincera
1115 5736 1315 5805 publici
1340 5734 1478 5804 juris
1506 5737 1671 5806 fecit;
1698 5745 1759 5793 ut
1786 5729 1934 5794 illum
1963 5738 2187 5808 proinde

2287 4625 2515 4680 lassent.

2355 4716 2593 4772 Tandem
2617 4716 2813 4788 Pagani
2836 4732 2957 4772 cum
2979 4717 3066 4773 vel
3091 4718 3476 4788 imperatorum
3499 4718 3774 4786 mandato,
3800 4719 3885 4774 vel

2279 4808 2710 4865 Christianorum
2751 4809 2888 4874 zelo,
2936 4811 3133 4878 templa
3177 4810 3442 4866 idolorum
3485 4810 3686 4876 everti,
3716 4811 3886 4867 simu-

2276 4903 2422 4960 lacra
2449 4905 2776 4970 comminui,
2802 4905 2888 4960 vel
2917 4905 3078 4960 etiam
3111 4906 3441 4974 prOpittqttos
3473 4906 3643 4960 veteri
3697 4921 3886 4977 super-

2283 4998 2504 5052 stitione
2535 4999 2718 5053 relicta
2748 4997 2966 5053 Christo
2995 5012 3190 5053 nomen
3221 4997 3352 5052 dare
3373 5042 3386 5065 ,
3415 4997 3626 5067 sibique
3652 4999 3884 5069 quodam

2281 5089 2444 5145 modo
2471 5091 2608 5160 eripi
2641 5090 2925 5156 viderunt,
2970 5105 3149 5145 nonne
3180 5091 3361 5145 lurore
3389 5091 3622 5159 quodam
3655 5091 3843 5160 perciti
3865 5133 3882 5157 ,

2264 5183 2548 5240 seditione
2576 5183 2714 5239 facta
2733 5226 2746 5244 .
2778 5184 2832 5238 in
2859 5184 3199 5238 Christianos
3223 5183 3491 5253 quoslibet
3519 5185 3778 5254 impetum
3807 5184 3885 5240 le—

2281 5293 2428 5345 cere,
2458 5279 2750 5349 pluresque
2780 5277 3206 5332 interfecerunt?
3235 5276 3509 5344 Legantur
3533 5288 3652 5332 acta
3681 5289 3886 5350 marty-

2283 5387 2400 5428 rum
2430 5372 2831 5429 Anaunensium
2860 5369 3148 5440 Vigiliique
3170 5368 3472 5424 Tritlentini
3500 5369 3763 5441 episcopi,
3790 5371 3882 5440 qui

2283 5464 2384 5520 sub
2402 5464 2558 5521 linem
2574 5479 2787 5535 quoque
2810 5462 2998 5518 saeculi
3023 5461 3199 5533 quarti
3227 5462 3280 5515 in
3306 5461 3540 5519 ﬁnitimo
3565 5463 3884 5518 Tridentino

2285 5574 2415 5628 agro
2437 5575 2466 5613 a
2491 5557 2718 5629 Paganis
2739 5557 2904 5613 occisi
2942 5565 3086 5611 sunt.
3134 5554 3248 5609 Huc
3269 5564 3521 5626 spectant
3549 5557 3637 5610 illa
3658 5554 3715 5610 S.
3748 5557 3884 5610 Am-

2294 5649 2466 5705 brosii
2483 5645 2624 5723 [ut]
2644 5650 2681 5704 I.
2707 5666 2726 5704 ι
2752 5647 2823 5713 de
2860 5647 3072 5715 Ofﬁciis
3095 5647 3486 5713 ministrorum,
3513 5663 3563 5703 c.
3592 5645 3684 5710 42,
3702 5663 3755 5701 ιι.
3778 5648 3879 5730 ηε

2291 5741 2582 5796 Cavendum
2614 5741 2766 5796 etiam
2794 5754 2930 5802 reor,
2962 5755 3024 5793 ne
3048 5740 3172 5794 dum
3202 5740 3362 5800 aliqui
3393 5739 3550 5792 nimia
3576 5738 3755 5806 gloria?
3780 5743 3875 5791 cui
