4242 6168
336 265 407 323 65

1101 256 1555 315 DISSERTATIO
1595 258 1637 325 l,
1679 258 1767 314 DE
1805 256 1862 314 S.
1905 251 2197 327 ZENONIS
2234 251 2495 310 TRACT.
2543 254 2637 310 ET
2678 253 2969 314 IETATE.

3643 269 3712 326 66

331 381 580 453 piditrzte,
613 372 934 428 insolentius
958 371 1248 427 abutantur
1274 374 1629 446 potestatibus,
1656 383 1704 429 et
1733 373 1960 438 plerum-
1987 370 2034 428 Α
2065 368 2269 422 minum
2294 368 2471 422 movit
2493 368 2718 425 Eusebii
2744 371 3189 442 llieronymiqtte
3229 372 3530 444 silentium,
3563 379 3718 437 facile

329 490 426 544 que
451 483 661 524 auersos
687 483 722 520 a
747 463 899 518 nobis
921 464 1130 518 animos
1156 463 1439 542 Gentilium
1461 466 1515 520 in
1538 467 1708 519 studia
1735 479 1971 536 persecu—

332 564 491 620 tionis
516 559 744 616 excitent
774 566 929 626 atque
955 556 1295 625 inﬂamment
1323 557 1392 610 ad
1417 558 1755 612 iracundiam.
1789 555 1972 625 Itaque

329 658 414 715 illi
441 665 500 711 ut
528 665 853 725 perseverare
873 649 1078 718 possint
1098 691 1117 716 ,
1149 660 1199 704 et
1226 651 1482 722 supplicia
1508 652 1723 713 vincere.
1751 659 1973 720 quantos

332 751 506 823 perire
527 745 761 820 facium!
804 743 888 796 ubi
915 751 1320 811 persecutores
1341 754 1396 799 et
1419 754 1684 816 martyres
1707 744 1973 800 indicatos

332 844 507 900 vides.
532 840 669 910 Quae
694 835 850 893 verba
877 835 1069 905 procul
1091 835 1280 892 dubio
1303 840 1706 907 persecutiones
1728 842 1977 908 spectant

332 937 601 995 excitatas
630 948 660 987 a
693 929 966 987 catholicis
993 929 1353 997 quihusdam
1385 929 1631 997 clericis,
1664 929 1749 986 vel
1781 943 1972 984 mona-

332 1030 451 1086 chis
469 1071 484 1094 ,
509 1027 602 1098 qui
631 1025 759 1080 dum
785 1021 943 1077 nimio
966 1019 1327 1078 Christianae
1360 1023 1634 1095 religionis
1658 1024 1778 1080 zelo
1807 1031 1977 1093 potes-

333 1131 464 1177 tates
494 1119 760 1174 adversus
786 1114 1056 1172 idolorum
1101 1117 1316 1184 templa
1339 1157 1354 1180 ,
1391 1116 1444 1170 in
1481 1116 1702 1171 Oriente
1746 1130 1976 1183 praeser-

332 1215 432 1271 tim
452 1256 466 1276 .
491 1210 928 1271 commovebant,
951 1205 1232 1262 Gentium
1260 1207 1691 1279 indignationem
1713 1206 1976 1262 adversus

331 1304 685 1361 Christianos
705 1299 1058 1362 concitarunt,
1081 1297 1141 1352 in
1165 1298 1380 1368 quibus
1404 1299 1614 1368 aliquos
1637 1298 1853 1370 quidem
1879 1313 1977 1367 per

332 1400 452 1453 haac
492 1405 741 1467 tempera
778 1407 804 1446 a
849 1389 1085 1460 Paganis
1131 1394 1482 1448 tumultuose
1522 1393 1977 1448 concurrentibus

332 1491 551 1548 occisos
579 1488 726 1545 sacri
756 1483 983 1541 Annales
1021 1493 1330 1541 testantur.
1367 1487 1500 1540 Post
1532 1494 1612 1540 tot
1645 1486 1980 1554 persecutio-

333 1597 463 1639 num
493 1578 678 1652 quarti
704 1574 877 1631 saeculi
909 1576 1226 1630 testimonia
1261 1577 1398 1646 quis
1429 1577 1836 1646 persecutiones
1890 1576 1977 1630 vel

338 1683 615 1745 martyres
657 1668 850 1738 aliquot
891 1664 944 1718 in
994 1668 1343 1724 tractatibus
1391 1669 1462 1723 ab
1507 1670 1748 1723 Auctore
1792 1677 1978 1723 nostro

335 1776 675 1826 memoratos
721 1776 896 1834 urgere
934 1761 1170 1832 amplius
1211 1763 1413 1826 attsit,
1445 1773 1504 1817 ut
1534 1761 1979 1818 contra'eviden—

338 1863 551 1919 tissima
585 1863 890 1931 argumenta
931 1856 1335 1925 superioribus
1379 1856 1735 1927 paragraphis
1775 1869 1977 1926 prepo-

336 1958 444 2014 sita
475 1955 632 2011 illum
660 1969 688 2007 a
721 1961 901 2022 quarto
927 1951 1124 2006 saeculo
1155 1947 1588 2005 excludendum
1617 1947 1942 2003 contendat?

970 2082 1198 2140 CAPUT
1246 2081 1350 2137 Ill.

340 2222 634 2268 PBOBATUB
664 2218 945 2261 Αυετοιιειί
990 2213 1392 2263 τιιΑοτΑτυωί,
1441 2213 1587 2263 QUEM
1633 2210 1840 2252 VleSSE
1889 2210 1980 2252 OS-

412 2315 692 2360 TENDIIUS
745 2313 954 2354 S£CULO
985 2312 1078 2364 IV,
1108 2309 1235 2351 ESSE
1280 2307 1331 2348 8.
1382 2306 1635 2348 ΖΕΝΟΝΕΙΙ
1679 2304 1978 2346 ΕΡΙΒΟΟΡΗΙ

418 2407 779 2451 ἳΕΒΟΝΕΝέΕΜ
789 2433 800 2443 .

345 2511 373 2583 §
410 2509 454 2565 l.
479 2537 555 2548 —
583 2505 892 2561 Memoratos
919 2511 1170 2560 tractatus
1198 2501 1320 2554 huic
1345 2497 1549 2554 Zenoni
1589 2513 1790 2570 semper
1828 2496 1978 2551 attri-

426 2602 606 2663 butas,
639 2606 688 2652 et
713 2598 991 2665 codicibus,
1017 2606 1064 2650 et
1091 2593 1320 2664 antiquis
1341 2592 1578 2655 testibus,
1607 2600 1652 2644 et
1670 2588 1978 2644 Veronensis

427 2691 686 2748 Ecclesite
708 2690 986 2745 traditione
1017 2685 1327 2743 ostenditur.

428 2784 543 2841 Sed
577 2784 690 2855 jam
732 2791 947 2854 tempus
974 2789 1060 2836 est
1100 2787 1155 2833 ut
1193 2777 1260 2832 ad
1313 2775 1532 2832 tertium
1573 2773 1967 2829 controversia:

347 2887 539 2948 caput,
586 2875 732 2948 quod
770 2873 1041 2948 propositi
1075 2870 1245 2926 nostri
1279 2869 1620 2938 potissimum
1664 2875 1769 2931 est,
1813 2880 1974 2922 acce-

353 2971 600 3025 damus:
643 2969 906 3023 nimirum
955 2980 1084 3022 num
1132 2964 1196 3030 is,
1245 2976 1406 3032 quem
1460 2960 1675 3014 unicum
1730 2959 1974 3013 omnium

357 3061 723 3118 iudicatorum
751 3066 1081 3116 tractatuum
1113 3064 1388 3109 auctorem
1412 3067 1534 3106 esse
1565 3052 1741 3120 capite
1772 3052 1975 3120 primo,

2078 459 2230 533 [LXII]
2255 461 2619 530 expungitur.
2659 464 2934 519 Eusebius
2967 465 3120 520 enim
3145 465 3214 522 de
3243 467 3462 527 Zenone
3485 487 3590 528 non
3621 488 3718 543 po-

2077 554 2176 608 tuit
2215 553 2488 617 scrib-re,
2523 569 2651 609 cum
2687 557 2732 609 is
2757 558 3051 626 aliquanto
3085 570 3210 628 post
3239 562 3455 620 Eusebii
3503 575 3716 622 {etatem

2076 643 2344 699 ﬂoruerit.
2377 645 2508 711 Ipse
2539 660 2676 701 vero
2703 646 3103 720 Hieronymus,
3147 654 3237 724 qui
3268 655 3336 711 de
3362 658 3720 736 setiptoribus

2078 736 2481 792 ecclesiasticis
2524 739 2837 810 catalogum
2887 743 3069 797 texuit
3097 759 3188 801 an.
3233 748 3358 816 599.,
3403 752 3562 822 paulo
3603 752 3722 820 post

2079 829 2248 886 nostri
2289 828 2608 898 Scriptoris
2649 832 2862 888 obitum
2893 875 2908 899 ,
2957 840 3372 907 responsionem
3415 846 3552 902 satis
3600 840 3720 896 ido-

2079 937 2236 978 neam
2263 922 2602 990 suppeditat
2627 925 2680 978 in
2712 925 2962 994 eju~dem
2989 930 3174 998 operis
3206 935 3450 1006 prologo,
3486 937 3580 992 ubi
3605 930 3729 1002 plu-

2081 1034 2170 1075 res
2201 1015 2519 1087 pracsertim
2564 1019 2615 1073 id
2647 1020 2821 1073 aztatis
2864 1023 3164 1091 scriptores
3192 1028 3452 1084 omissum
3482 1030 3555 1084 iri
3588 1039 3739 1097 prai-

2078 1107 2342 1174 sentiens,
2369 1122 2446 1162 ne
2487 1109 2558 1164 ob
2587 1107 2642 1163 id
2684 1108 2736 1162 in
2770 1109 3032 1167 invidiam
3073 1113 3448 1184 devocaretur,
3500 1120 3598 1174 his
3636 1131 3742 1172 se-

2079 1216 2138 1257 se
2185 1200 2370 1256 verbis
2402 1210 2672 1256 excusat:
2706 1199 2768 1255 Si
2815 1202 2908 1271 qui
2957 1215 3131 1259 autem
3178 1208 3243 1262 de
3289 1208 3370 1263 his
3415 1212 3510 1279 qui
3573 1225 3753 1281 usque

2081 1296 2234 1351 hodie
2272 1295 2596 1364 scriptitarit,
2647 1312 2680 1348 a
2721 1310 2803 1348 me
2842 1297 2898 1350 in
2929 1296 3028 1352 hoc
3069 1301 3322 1356 volumine
3374 1306 3762 1373 praetermissa;

2079 1399 2198 1444 sunt
2229 1432 2244 1457 ,
2279 1388 2380 1444 sibi
2411 1390 2577 1462 magis
2617 1403 2772 1456 quam
2823 1390 2955 1444 mihi
3000 1392 3251 1449 debebunt
3286 1397 3582 1467 imputare.
3617 1397 3748 1461 Ne.

2080 1499 2180 1555 que
2202 1484 2343 1540 enim
2391 1483 2618 1536 celantes
2649 1482 2843 1552 scripta
2887 1501 2983 1539 sua
3023 1487 3086 1542 de
3129 1487 3231 1554 his,
3262 1490 3352 1558 qui
3379 1489 3543 1560 longe
3572 1505 3725 1563 sum,

2083 1591 2232 1629 nosse
2278 1575 2441 1644 potui,
2475 1584 2522 1628 et
2566 1571 2710 1641 quod
2740 1575 2862 1628 aliis
2886 1580 3107 1647 forsitan
3156 1581 3221 1633 sit
3261 1591 3461 1643 notum,
3497 1580 3633 1634 ini/ti
3661 1589 3718 1641 in

2083 1666 2178 1719 hoc
2206 1677 2457 1721 terrarum
2487 1665 2681 1736 angulo
2709 1667 2868 1735 fuerit
2901 1670 3155 1740 ignotum.
3181 1670 3329 1727 Certe
3353 1689 3472 1726 cum
3499 1673 3713 1742 scriptis

2010 1769 2056 1830 Β
2085 1758 2196 1812 suis
2222 1759 2527 1824 claruerint,
2560 1772 2668 1810 non
2707 1773 3024 1832 magrwpere
3065 1765 3230 1818 nostri
3275 1764 3468 1818 silentii
3491 1763 3708 1833 dispen-

2086 1851 2175 1903 dia
2199 1852 2551 1921 suspirabunt.
2614 1849 2908 1907 Enimvero
2936 1855 3057 1924 quis
3081 1856 3265 1925 spuria
3291 1870 3546 1924 umquam
3572 1871 3704 1912 ven-

2087 1943 2282 1999 ditavit
2306 1943 2671 2013 Atltenagora:
2698 1954 2752 1998 et
2774 1943 3156 2001 Commodiani
3185 1961 3371 2016 opera,
3406 1946 3474 2001 de
3503 1948 3700 2017 quibus

2098 2035 2464 2109 Hieronymus
2515 2035 2651 2091 nihil
2694 2038 2986 2094 meminit?
3032 2041 3122 2111 qui
3163 2039 3293 2095 Julii
3322 2041 3449 2095 item
3483 2039 3702 2096 Firmici

2084 2127 2310 2184 Materni
2341 2137 2398 2183 et
2427 2127 2704 2184 Philastrii
2737 2130 2907 2186 libros
2933 2132 3005 2185 ob
3041 2134 3322 2186 materiam
3367 2132 3536 2187 multo
3561 2134 3705 2188 cele-

2085 2221 2211 2277 bres
2238 2221 2432 2276 eodem
2465 2223 2701 2276 auctoris
2734 2223 2911 2279 nostri
2941 2225 3143 2279 szeculo
3171 2239 3234 2279 ac
3262 2235 3421 2280 aetate
3465 2226 3702 2295 scriptos

2086 2316 2419 2385 praeterivit,
2453 2327 2510 2371 ut
2551 2333 2711 2374 nemo
2743 2328 2929 2375 tamen
2962 2320 3082 2374 illos
3110 2319 3162 2374 in
3210 2319 3432 2375 dubium
3466 2337 3700 2378 vocave-

2086 2409 2174 2463 rit.
2209 2407 2369 2463 Adde
2396 2408 2538 2479 quod
2569 2418 2898 2465 tractatuum
2953 2425 3052 2466 seu
3091 2412 3414 2467 concionum
3445 2421 3703 2469 auctores

2081 2499 2152 2555 ab
2180 2500 2422 2570 antiquis
2462 2516 2585 2556 raro
2614 2502 2876 2557 nominati
2910 2503 3182 2573 leguntur.
3211 2505 3342 2572 Quis
3369 2515 3700 2561 menttonem

2080 2591 2212 2676 fecit
2241 2593 2304 2648 S.
2337 2592 2652 2660 Gaudentii,
2679 2594 2924 2664 episcopi
2955 2594 3214 2661 Brixiani,
3249 2597 3554 2676 quitamen
3586 2597 3702 2668 ipse

2081 2671 2296 2741 Zenoni
2343 2701 2565 2758 suppar,
2626 2695 2891 2742 tractatus
2936 2689 3106 2758 magis
3154 2671 3466 2745 elaboratus
3515 2691 3704 2746 vivens

2079 2779 2309 2850 collegit
2337 2791 2394 2836 et
2419 2779 2630 2836 edidit?
2660 2778 2795 2845 Quis
2833 2795 3087 2850 umquam
3132 2781 3456 2837 meminerat
3491 2797 3702 2838 sermo-

2083 2888 2212 2926 num
2243 2871 2314 2943 S._
2339 2873 2484 2928 Petri
2528 2870 2855 2943 Chrysolugi
2876 2913 2890 2937 ,
2917 2880 3205 2943 antequam
3235 2889 3263 2928 a
3293 2873 3348 2928 P.
3385 2874 3546 2930 Pezio
3576 2876 3706 2932 ede-

2083 2973 2238 3019 retur
2263 2939 2586 3037 Aouonymtts
2632 2963 2980 3029 Mellicensis,
3033 2965 3120 3035 qui
3168 2979 3305 3020 unus
3352 2981 3419 3021 ex
3467 2967 3706 3037 antiquis

2084 3071 2207 3109 eum
2261 3056 2466 3113 idcirco
2516 3058 2668 3112 inter
2711 3057 3111 3114 ecclesiasticos
3137 3058 3430 3129 scriptores
3462 3059 3698 3114 retulit?

353 3167 410 3212 el
467 3165 742 3210 200mm"
794 3150 1017 3224 quidem
1066 3145 1245 3217 quam
1293 3143 1478 3198 δωευίί
1517 3143 1692 3210 επβίιθ
1733 3141 1976 3196 secundo
2007 3151 2053 3216 C
2085 3150 2423 3216 Gennadius,
2454 3152 2546 3218 qui
2591 3152 2955 3222 epistularum
2986 3150 3045 3207 S.
3089 3150 3288 3207 Leonis
3335 3153 3705 3208 testimonium

358 3246 624 3302 hactenus
675 3240 1198 3302 demonstravimus,
1246 3250 1374 3290 num
1423 3234 1490 3300 is,
1534 3233 1776 3302 inquam,
1810 3233 1880 3286 sit
1913 3232 1974 3288 S.

359 3341 513 3398 Zeno
541 3341 833 3410 episcopus
869 3331 1221 3391 Veronensis.
1271 3326 1426 3396 Quod
1459 3335 1514 3380 ut
1555 3326 1837 3396 probetur,
1874 3325 1986 3380 duo

373 3434 534 3491 nobis
560 3431 995 3506 probanda~esse
1021 3422 1415 3492 intelligimus;
1461 3418 1693 3487 primum
1739 3415 1990 3473 laudatos

367 3535 633 3583 tractatus
662 3525 788 3580 huic
813 3523 904 3577 uni
946 3516 1153 3574 Zenoni
1187 3526 1406 3581 semper
1449 3508 1618 3564 fuisse
1663 3508 1986 3574 attributus,

369 3630 487 3675 tum
524 3633 655 3674 vero
681 3616 798 3686 ejus
817 3621 1036 3668 :etatem
1066 3609 1118 3662 in
1142 3614 1396 3676 quartum
1420 3600 1682 3655 sa-culum
1703 3600 1993 3656 commode

374 3713 595 3770 cadere.
647 3710 728 3767 Ad
773 3709 1009 3779 primum
1051 3712 1231 3757 autem
1291 3694 1440 3766 quod
1483 3696 1738 3764 pertinet,
1788 3691 1994 3749 Zenoni

379 3807 602 3880 quidem
652 3805 751 3861 hos
784 3810 1045 3858 tractatus
1075 3791 1398 3851 nominatim
1445 3788 1764 3844 adscribunt
1806 3803 1998 3880 manu-

380 3879 574 3971 scripti
601 3911 788 3954 onmes
815 3892 1034 3951 codices
1067 3903 1171 3943 non
1221 3893 1334 3940 tam
1375 3881 1614 3953 generali
1667 3881 1756 3935 illa
1801 3879 1999 3935 inscri-

383 3995 593 4066 ptione,
638 4006 757 4062 qua:
808 3985 1084 4044 codicibus
1140 3975 1477 4051 prmﬁgitur,
1510 3989 1672 4044 quam
1722 3973 1999 4029 nonnullis

394 4086 646 4144 formulis
688 4084 743 4139 in
784 4079 984 4150 capite,
1031 4074 1117 4129 vel
1166 4075 1218 4128 in
1264 4070 1376 4125 (ine
1421 4066 1627 4134 aliquot
1675 4073 2002 4122 tractatuum

388 4175 885 4253 appositis,quibns
908 4169 1098 4225 unicus
1123 4163 1372 4222 omnium
1402 4169 1612 4225 auctor,
1641 4174 1801 4228 quem
1832 4157 1996 4253 capit

390 4249 679 4330 statuimus
713 4310 726 4335 ,
759 4267 819 4323 S.
873 4264 1021 4322 Zeno
1049 4271 1239 4332 aperte
1267 4253 1597 4320 nominatur,
1641 4259 1700 4308 ut
1733 4267 1802 4308 ex
1845 4249 2004 4307 dictis

394 4367 592 4426 eodem
617 4363 815 4434 capite,
843 4359 873 4432 §
905 4359 962 4424 l,
994 4355 1255 4427 colligere
1285 4347 1640 4406 licet.Solum
1681 4361 1804 4402 cum
1836 4344 2004 4415 prima

397 4459 572 4516 editio
593 4473 626 4512 e
654 4454 881 4512 Guarini
908 4447 1127 4508 scbedis
1155 4455 1374 4516 sumpta
1397 4440 1691 4513 prodiisset
1717 4453 1807 4494 an.
1840 4439 2002 4503 1508,

2088 3243 2333 3312 locuples
2355 3243 2623 3313 proludit,
2663 3246 2730 3302 de
2751 3244 3092 3303 sermonibus
3116 3259 3182 3298 ne
3204 3244 3428 3300 verbum
3454 3244 3698 3316 quidem.

2093 3335 2212 3389 Alia
2264 3335 2314 3390 id
2367 3336 2583 3404 generis
2639 3340 2810 3394 multa
2853 3337 3187 3404 dimittimus,
3221 3353 3342 3394 cum
3393 3338 3462 3394 ad
3507 3337 3704 3394 similia

2095 3427 2402 3483 refellenda
2434 3429 2687 3498 pluribus
2712 3449 2936 3489 necesse
2962 3448 3066 3488 non
3096 3433 3186 3488 sit.

2172 3525 2366 3578 Mirum
2399 3540 2561 3592 porro
2613 3529 2852 3584 maxime
2893 3528 3088 3584 accidit
3135 3529 3383 3584 inventos
3426 3544 3572 3596 esse,
3616 3529 3709 3600 qui

2097 3614 2168 3671 de
2200 3615 2422 3671 Zenone
2455 3625 2649 3672 nostro
2679 3620 2999 3683 scriberent,
3029 3619 3228 3674 nullam
3256 3636 3568 3676 sermonum
3591 3621 3711 3690 ejus

2102 3705 2299 3760 factam
2351 3707 2518 3761 luisse
2564 3711 2926 3784 mentionem,
2959 3720 3244 3781 antequam
3295 3711 3369 3766 illi
3415 3712 3712 3768 ederentur

2106 3797 2348 3852 Venetiis
2378 3807 2469 3852 an.
2504 3798 2668 3862 1508,
2697 3815 2820 3856 cum
2853 3817 2882 3855 a
2910 3784 3315 3858 Veronensibus
3359 3802 3565 3873 jamdiu
3600 3803 3707 3858 ali-

2104 3898 2236 3960 quot
2281 3890 2617 3959 antiquiores
2659 3907 2721 3946 ea
2764 3893 2999 3949 editione
3046 3904 3209 3950 testes
3265 3896 3456 3966 prolati
3489 3896 3710 3952 fuerint.

2107 3983 2349 4054 Baptism
2375 3983 2630 4040 Perettus
2667 3985 2718 4039 in
2767 3986 2946 4042 latinis
2970 3987 3194 4044 scltoliis
3222 3987 3288 4043 ad
3325 3988 3496 4043 Vitam
3529 3989 3587 4046 S.
3611 3989 3712 4046 Ze-

2108 4077 2266 4131 nonis
2293 4076 2362 4130 ab
2401 4075 2636 4144 ipsomet
2664 4077 2844 4134 italice
2874 4081 3234 4150 cotiscriptam
3274 4081 3443 4136 edidit
3479 4081 3710 4138 Carmen

2109 4169 2383 4226 Michaelis
2422 4167 2639 4226 Fossati
2688 4171 3028 4228 lucubratum
3079 4190 3168 4230 an.
3205 4176 3364 4243 1482,
3414 4177 3467 4232 in
3517 4191 3626 4249 quo
3658 4177 3714 4234 lii

2112 4279 2301 4320 versus
2336 4263 2592 4333 leguntur
2621 4282 2634 4319 :

2206 4376 2344 4441 Zeno
2367 4389 2532 4440 sacer,
2555 4380 2830 4441 patriaeque
2854 4387 3014 4441 pater,
3043 4386 3125 4429 tua
3148 4392 3284 4429 musa
3309 4385 3503 4431 tuorum

2267 4440 2742 4491 Sermonum’oodex
2764 4447 2942 4502 quanta
2966 4442 3111 4492 docet
3129 4442 3299 4492 fuerit.

399 4568 506 4610 nec
529 4550 748 4608 codices
777 4555 959 4603 essent
987 4541 1220 4614 cogniti;
1277 4535 1546 4602 nonnulli,
1578 4535 1668 4604 qui
1702 4547 1811 4599 non
1856 4529 1991 4586 cudi

2113 4542 2190 4599 Ne
2217 4558 2346 4598 vero
2390 4541 2510 4612 ejus
2555 4544 2800 4614 opusculi
2845 4544 3039 4599 raritas
3083 4546 3430 4614 obtrudatnr,
3476 4549 3715 4607 editores

404 4662 498 4702 ces
535 4643 717 4708 modo,
742 4638 839 4698 sed
854 4652 962 4694 nec
988 4633 1280 4690 editionem
1307 4630 1478 4700 ipsam
1509 4627 1778 4692 viderunt,
1809 4639 1874 4680 ex
1901 4637 2007 4677 non

403 4743 550 4798 bene
575 4735 866 4795 intellectis
910 4730 1048 4788 Sixti
1077 4725 1338 4786 Senensis
1367 4721 1547 4778 verbis
1577 4733 1860 4792 perperam
1894 4716 2012 4786 opi.

409 4835 526 4891 nati
570 4840 718 4892 sunt.
768 4825 1066 4884 Guarinum
1125 4822 1300 4891 ipsum
1353 4817 1456 4872 hos
1507 4821 1766 4870 tractatus
1812 4808 2016 4865 Zenoni

411 4927 676 4989 aﬂixisse,
703 4934 996 4989 eorumque
1030 4927 1346 4988 procurasse
1389 4910 1710 4975 editionem,
1758 4903 1904 4960 unde
1948 4902 2017 4958 de

416 5021 527 5076 illis
556 5017 702 5072 nulla
727 5023 886 5070 exstet
913 5009 1052 5082 apud
1083 5019 1270 5064 veteres
1313 5005 1534 5069 mentio;
1575 5015 1697 5072 quae
1743 5008 2015 5069 postrema

417 5109 816 5169 animadversio
863 5105 1122 5164 cardinali
1165 5100 1495 5158 Bellarmino
1539 5095 1857 5169 gravissima
1904 5091 2020 5146 visa

419 5213 534 5271 est,
564 5199 870 5258 memoratis
892 5201 1034 5254 inter
1069 5204 1301 5251 cteteros
1332 5191 1567 5248 Eusebio
1611 5196 1774 5256 atque
1827 5189 2023 5245 Hiero-

421 5313 620 5370 nymo,
661 5294 799 5366 apud
839 5307 975 5364 quos
1020 5290 1090 5346 de
1136 5287 1356 5345 Zenone
1402 5282 1705 5342 Veronensi
1753 5296 2024 5338 summum

424 5389 732 5447 silentium.

504 5483 580 5540 At
609 5482 677 5537 de
703 5479 936 5545 somnio,
965 5492 1071 5550 quo
1093 5481 1416 5532 tractatuum
1447 5469 1746 5541 suppositio
1774 5478 1828 5526 et
1854 5469 2019 5525 editio

427 5579 678 5638 Guarino
706 5572 1041 5645 impingitur,
1075 5568 1208 5625 nihil
1233 5568 1427 5622 attinet
1468 5564 1672 5630 dicere,
1720 5579 1843 5618 cum
1896 5561 2027 5619 illud

431 5681 641 5748 prater
673 5667 833 5725 ﬁdem
851 5665 1094 5721 codicum
1115 5663 1228 5734 ipsa
1250 5659 1503 5716 editionis
1522 5657 1686 5714 verba
1713 5656 1764 5711 in
1786 5655 2028 5728 generali

430 5767 764 5846 praefatione
793 5763 961 5820 relata
990 5758 1121 5816 satis
1161 5756 1444 5828 disjiciant.
1476 5753 1630 5824 Quod
1671 5769 1799 5811 vero
1827 5752 2032 5811 Bellar-

2117 4637 2459 4693 Veronenses
2497 4635 2551 4690 in
2579 4637 2925 4708 praelatiotte,
2958 4639 3053 4710 qui
3099 4640 3151 4694 in
3198 4638 3548 4697 Bibliothecis
3573 4659 3709 4712 quo-

2117 4747 2222 4801 que
2251 4731 2465 4785 Patrum
2493 4729 2728 4786 Zenonis
2753 4730 3012 4800 operibus
3045 4732 3358 4804 pra-ﬁgitur,
3402 4735 3539 4790 duos
3577 4735 3714 4793 alios

2119 4832 2285 4879 testes
2333 4823 2655 4894 allegarunt,
2693 4823 2939 4879 Flavium
2967 4825 3231 4883 Blondem
3264 4827 3444 4884 saeculi
3479 4845 3548 4884 xv
3575 4831 3714 4887 scri-

2120 4926 2331 4987 ptorem
2378 4917 2430 4971 in
2482 4917 2598 4972 ltal.
2650 4916 2730 4971 Ill.
2761 4934 2876 4988 reg.
2908 4919 2964 4984 9,
2998 4930 3051 4974 et
3077 4920 3296 4976 Petrum
3325 4922 3393 4978 de
3435 4921 3717 4981 Natalibus

2121 5012 2434 5081 episcopum
2485 5012 2805 5079 scriptorem
2850 5012 3036 5068 saeculi
3089 5030 3177 5070 xw
3207 5057 3223 5081 ,
3270 5016 3363 5070 lib.
3413 5033 3428 5072 ι
3471 5015 3712 5091 Catalog.

2129 5103 2447 5159 Sanctorum
2474 5118 2594 5173 cap.
2621 5102 2712 5158 45.
2750 5104 2999 5160 Perottus
3043 5122 3203 5177 porro
3253 5109 3305 5162 in
3357 5110 3578 5166 scholiis
3607 5128 3719 5168 me-

2130 5194 2353 5248 moratis
2394 5194 2597 5250 addidit
2623 5193 2969 5251 Guillelmutn
3003 5197 3375 5270 Pastrengum,
3423 5204 3512 5271 qui
3540 5202 3720 5259 medio

2129 5289 2343 5344 circiter
2382 5291 2584 5344 saeculo
2631 5305 2722 5344 xtv
2770 5288 2970 5345 ﬂoruit.
3027 5291 3124 5347 llic
3168 5305 3348 5349 autem
3391 5296 3446 5350 in
3498 5312 3722 5367 perraro

2133 5397 2297 5452 opere
2338 5383 2390 5438 in
2431 5381 2593 5438 editis
2641 5382 2902 5453 inscripto
2931 5383 2996 5438 de
3036 5384 3338 5456 Originibus
3380 5404 3574 5455 rerum,
3623 5388 3722 5444 sed

2138 5490 2442 5545 perperam,
2473 5474 2598 5529 dum
2625 5476 2710 5542 (ut
2736 5476 2939 5546 optime
2969 5478 3356 5534 animadvertit
3384 5481 3566 5552 Scipio
3589 5480 3722 5535 Maf-
3811 5535 3818 5540 .

2137 5567 2270 5624 l'eius
2318 5567 2414 5623 lib.
2442 5582 2482 5622 ll
2522 5565 2589 5622 de
2634 5566 3004 5638 Scriptoribus
3033 5568 3462 5646 Veronensibus)
3490 5573 3602 5628 hate
3644 5573 3727 5626 in-

2137 5660 2361 5732 scriptio
2386 5659 2452 5715 ad
2481 5660 2776 5716 secundum
2806 5660 3148 5718 solummodo
3172 5661 3456 5735 Pastreugi
3484 5661 3725 5722 libellum

2142 5754 2404 5826 pertinet;
2454 5753 2659 5826 primus
2703 5764 2883 5813 autem
2933 5754 3010 5810 illi
3059 5754 3373 5827 praemissus
3399 5773 3466 5815 ex
3494 5754 3731 5818 auctoris
