4242 6168
549 206 618 272 (i7
1921 204 2453 275 PROLEOOMENA.
3787 221 3854 277 68

547 341 724 386 mente
748 339 801 385 et
830 329 1051 386 materia
1083 332 1196 402 ipsa
1225 332 1289 386 de
1327 330 1464 386 Viris
1494 330 1790 388 lllnstribus
1836 333 2136 388 lnscriben-
2166 339 2218 399 Α
2241 345 2306 386 ex
2334 329 2502 400 ipsius
2531 335 2761 385 tractatu
2788 331 2852 384 de
2880 328 3025 384 .lmla
3057 329 3426 387 testintoninm
3455 333 3668 400 recitat,
3707 336 3850 405 quad

544 423 646 477 dns
695 423 900 489 fuerat;
948 423 1293 494 Pastrengns,
1342 424 1583 494 inquam,
1638 425 1692 478 in
1743 425 1846 482 hoc
1889 423 1958 480 de
1999 423 2144 480 Viris

544 515 851 572 lllnstribus
903 516 1087 570 libello
1135 531 1258 587 pag.
1306 518 1397 581 77,
1438 517 1498 573 S.
1551 516 1782 572 Zenonis
1827 517 2146 572 tractatibus

542 609 846 673 recensitis,
878 609 993 664 haec
1034 610 1251 678 subjicit
1279 627 1292 664 :
1328 609 1515 665 Omnia
1536 610 1646 664 lucc
1671 612 1920 682 opuscula
1950 624 2142 665 memo-

542 700 721 754 rabilis
745 698 974 755 Joannes
1006 701 1290 772 presbyter,
1339 703 1554 775 majoris
1580 702 1811 757 ecclesia:
1846 705 2146 757 mansionu-

541 795 669 859 rius,
702 811 756 848 se
778 793 967 848 uidisse
1009 804 1057 848 et
1103 796 1286 864 legisse
1329 805 1561 850 testatur.
1592 796 1798 853 Praeter
1831 795 1930 852 hos
1959 805 2142 852 autem

541 901 570 940 a
604 885 1001 942 Veronensibus
1025 887 1288 959 allegatos
1313 897 1477 944 testes
1499 889 1587 943 alii
1610 889 1946 959 antiquiores
1973 891 2144 945 multo

542 986 598 1035 et
625 980 774 1035 omni
803 982 1121 1051 exceptione
1159 983 1392 1052 majores
1416 994 1730 1052 suppetunt.
1765 982 1959 1039 Petrus
1987 982 2142 1051 Caio,

544 1071 751 1128 ordinis
795 1073 1238 1139 Priedicatorum,
1265 1075 1382 1145 ‘qui
1431 1075 1538 1129 duo
1577 1073 1854 1130 volumina
1899 1076 1969 1131 de
2009 1071 2146 1130 Vitis

547 1166 867 1221 Sanctorum
899 1168 1117 1237 collegit
1163 1168 1383 1223 ineunte
1421 1168 1622 1222 saeculo
1651 1181 1762 1234 xiv,
1793 1179 1821 1221 a
1870 1168 2031 1222 Petro
2077 1168 2146 1242 de

546 1257 824 1314 Natalibns
858 1260 1093 1327 laudata,
1140 1261 1193 1315 in
1233 1261 1340 1316 line
1373 1260 1620 1315 Historiae
1663 1261 1980 1316 elevatiottis
2019 1269 2143 1314 σοι’-

547 1350 694 1419 poris
722 1349 779 1406 S.
815 1350 1070 1416 Zenonis,
1099 1351 1261 1406 editio
1302 1352 1370 1406 ab
1406 1351 1752 1406 llensch‘enio
1781 1366 1848 1407 ex
1880 1367 1981 1406 ms.
2017 1350 2146 1406 Bar-

549 1440 758 1506 herino,
782 1452 908 1496 tom.
931 1459 990 1509 n,
1013 1443 1238 1512 Aprilis,
1266 1460 1384 1515 pag.
1415 1445 1507 1512 76,
1540 1459 1645 1497 nou
1674 1444 1849 1499 Solum
1879 1453 2146 1500 memorat

548 1533 784 1590 Zenonis
814 1545 1091 1600 tractatus,
1121 1537 1214 1592 sed
1245 1541 1474 1592 testatur
1503 1538 1667 1593 etiam
1715 1549 1810 1594 eos
1840 1539 2054 1607 pulchro
2097 1547 2146 1592 et

544 1628 720 1682 subtili
759 1630 892 1699 ston
943 1631 1104 1684 editos
1148 1645 1202 1683 se
1248 1629 1436 1684 vidisse
1475 1631 1531 1684 in
1575 1629 1774 1685 duobus
1802 1629 2148 1684 voluminibus

2251 422 2306 476 iu
2335 436 2401 476 eo
2425 421 2642 492 quidem
2676 429 2909 478 tractatu
2935 433 3078 479 nunc
3106 424 3171 479 14
3201 424 3295 479 lib.
3330 440 3366 480 n
3422 425 3741 490 exhibetur;
3796 439 3851 483 et

2252 514 2340 569 hic
2390 521 2654 570 tractatus
2694 515 2785 570 ille
2823 526 2908 571 est
2957 531 3118 586 quem
3165 517 3219 572 in
3267 517 3568 574 Veronensi
3609 519 3850 576 Ecclesia

2249 607 2378 661 olim
2409 607 2622 676 publice
2658 607 2854 663 lectum
2898 608 3166 663 dominica
3210 612 3366 666 tertia
3415 612 3852 682 Quadragesima:

2249 715 2315 755 ex
2364 699 2626 756 Urbinate
2665 701 2854 757 codice
2895 710 3141 775 annotat.
3193 703 3219 757 1
3266 704 3700 760 observavimus.
3757 703 3854 760 liis

2255 801 2433 849 autem
2465 792 2712 848 formulis
2755 793 3028 850 Zenonem
3073 794 3362 854 thaterius
3387 798 3646 870 appellat.
3675 799 3854 855 Primo

2249 895 2387 954 part.
2449 901 2463 941 ι
2515 885 2580 940 de
2627 895 2919 954 cantentptu
2961 885 3253 955 Canonum,
3283 905 3405 960 pag.
3472 889 3587 946 3‘52
3651 899 3782 946 tom.
3836 906 3852 946 t

2250 977 2524 1049 Spicilegii
2573 978 2865 1034 Acheriani
2909 979 3216 1035 novissimae
3262 982 3515 1037 editionis
3561 999 3574 1034 :
3630 983 3761 1038 Utar
3799 992 3855 1036 ut

2250 1077 2333 1130 Iric
2383 1077 2687 1130 auctoritate
2725 1075 2950 1131 Zenonis
2998 1075 3151 1140 beati,
3201 1077 3253 1129 in
3300 1091 3534 1131 sermone
3597 1078 3852 1144 videlicet,

2249 1182 2397 1239 quem
2423 1169 2490 1223 de
2515 1167 2660 1222 Juda
2691 1168 2989 1235 patriarcha
3009 1178 3058 1221 et
3088 1166 3314 1222 Thamar
3338 1183 3472 1222 nuru
3516 1169 3679 1239 ipsius
3710 1185 3856 1223 more

2249 1275 2342 1314 suo
2391 1260 2789 1338 luculentissima
2832 1263 2973 1331 fecit,
2997 1259 3238 1326 dicentis,
3291 1269 3433 1326 etc.;
3488 1277 3700 1317 rursum
3733 1270 3856 1332 post

2249 1365 2441 1422 pauca,
2479 1351 2547 1406 Ut
2579 1351 2718 1406 Zeno
2749 1361 2957 1406 sanctus
2985 1353 3242 1422 afﬁrmat;
3265 1353 3424 1408 tertio
3454 1355 3506 1407 in
3540 1354 3644 1408 line
3680 1368 3850 1408 serm.

2263 1444 2288 1497 1
2322 1443 2391 1498 de
2417 1443 2860 1512 Qnadragesima,
2893 1459 2944 1513 ρ.
2978 1443 3108 1509 39-1,
3140 1443 3280 1498 Zeno
3327 1443 3503 1498 beatus
3531 1445 3620 1498 ille
3662 1463 3688 1499 ε
3729 1462 3854 1500 con-

2212 1538 2414 1591 'trario
2455 1537 2574 1599 ait;
2640 1551 2702 1590 ac
2747 1535 2961 1590 tandem
3011 1536 3322 1606 expressius
3371 1538 3424 1592 in
3469 1537 3736 1608 Synodica
3783 1537 3853 1592 ad

2256 1629 2622 1700 presbyteros,
2677 1643 2794 1699 pag.
2827 1629 2930 1685 377
2964 1643 2980 1682 :
3013 1628 3140 1682 Cum
3187 1629 3425 1700 specialis
3468 1639 3637 1684 noster
3673 1630 3856 1684 doctor

545 1720 623 1791 (id
643 1730 726 1774 est
749 1720 958 1776 duobus
984 1722 1133 1776 libris
1163 1721 1498 1792 dispertitos,
1528 1730 1586 1777 ut
1613 1722 1666 1776 in
1700 1735 1831 1777 mss.
1875 1722 2142 1793 visuntur)
2176 1732 2225 1793 Β
2262 1730 2414 1793 atque
2444 1721 2706 1793 provisor,
2735 1722 2909 1774 beatus
2940 1725 3110 1791 utique
3136 1719 3297 1786 Zeno,
3327 1721 3496 1788 dicat,
3527 1733 3634 1779 etc.

544 1811 706 1879 apud.
741 1811 802 1866 S.
833 1809 1093 1866 Zenonem
1140 1811 1206 1866 de
1259 1812 1478 1878 Verona,
1529 1813 1580 1867 id
1605 1821 1686 1868 est
1731 1815 1783 1868 in
1815 1814 2148 1868 manztsterio

547 1901 608 1957 S.
637 1901 868 1958 Zenoitis
902 1903 1222 1959 Veronensi.
1271 1904 1470 1958 Eodem
1519 1905 1739 1959 ineunte
1785 1905 1986 1959 saeculo
2032 1917 2142 1968 xiv,

548 1995 884 2064 imperialem
916 1993 1226 2063 Historiam,
1261 1997 1324 2052 ex
1367 2011 1469 2067 qua
1519 1997 1810 2053 Panvinius
1857 2006 2042 2052 noster
2090 1997 2143 2051 in

546 2088 972 2157 Antiquitatibus
1001 2087 1404 2146 Veronensibus
1432 2088 1844 2146 conscribendis
1871 2105 1978 2144 non
2011 2088 2145 2143 nihil

549 2181 796 2250 profecit,
825 2180 1064 2236 Joannes
1103 2182 1319 2251 quidam
1367 2183 1438 2238 ab
1483 2182 1675 2238 eodem
1721 2181 1984 2237 Panvinio
2028 2181 2144 2236 dia-

545 2288 716 2329 conus
762 2274 1114 2342 Veronensis,
1161 2291 1190 2330 a
1237 2277 1536 2346 Pastrengo
1576 2286 1755 2331 autem
1800 2277 1914 2332 fere
1960 2288 2148 2331 comvo

545 2371 808 2438 presbyter
831 2369 1210 2423 nsansionarius
1232 2378 1591 2439 nuncupatus,
1626 2370 1862 2440 scripsit.
1887 2370 1936 2424 ls
1962 2379 2143 2424 autem

546 2457 641 2513 lib.
676 2475 692 2514 ι
719 2461 836 2529 ejus
853 2459 1026 2532 [um]
1054 2462 1313 2529 historite,
1341 2477 1406 2517 ex
1439 2477 1541 2532 qua
1572 2463 1748 2518 adhuc
1779 2477 1921 2517 nunc
1953 2478 2142 2518 manu-

517 2553 744 2622 .scripta
776 2553 1132 2625 Hieronymus
1155 2554 1488 2609 Tartarotius
1517 2555 1765 2626 quaedam
1792 2563 2043 2624 excerpta
2075 2553 2144 2609 ad

545 2661 642 2700 nos
672 2645 1528 2716 perhumanitermisit,eumdem
1555 2658 1879 2704 tractatuum
1906 2648 2144 2705 Zenonis

543 2741 776 2797 indicem
806 2745 959 2807 texit,
993 2758 1150 2813 quem
1182 2754 1294 2796 tum
1319 2742 1637 2798 Gnillclmus
1661 2744 2006 2815 Pastrengns,
2031 2752 2147 2798 tum

545 2833 738 2889 Petrus
802 2835 870 2890 de
913 2833 1190 2890 Natalibus
1241 2835 1460 2890 totidem
1510 2835 1692 2890 verbis
1733 2836 2144 2908 transcripsisse

543 2937 865 2997 noscuntur,
894 2937 948 2981 et
995 2926 1179 2982 addit:
1226 2925 1354 2981 Hac
1392 2927 1557 2996 ipsius
1599 2929 1792 3000 scripta
1821 2937 1868 2982 et
1895 2937 2143 2982 tractatus

540 3017 655 3086 ipse
674 3019 778 3090 legi
809 3027 856 3073 et
879 3018 1006 3074 vidi.
1040 3019 1080 3074 Β
1113 3020 1332 3090 regione
1365 3019 1525 3089 hujus
1569 3019 1766 3076 indicis
1794 3021 1909 3076 haec
1937 3022 2141 3092 margi-

2326 1814 2434 1870 Sed
2479 1813 2608 1882 quid
2636 1813 2690 1868 in
2729 1812 3080 1868 recensendis
3118 1814 3354 1882 antiquis
3385 1814 3613 1871 testibus
3651 1813 3852 1869 immo-

2252 1922 2438 1972 ramur
2459 1906 2685 1971 diutius,
2717 1904 2764 1959 si
2790 1905 3036 1959 omnium
3063 1905 3492 1960 vetustissimum
3524 1907 3854 1977 praestantis-

2251 2002 2561 2071 simumque
2603 1999 2973 2054 testimonium
3024 2003 3263 2070 suppetit
3300 2016 3365 2055 ex
3408 2015 3510 2056 lllS.
3559 1999 3811 2056 Remensi
3836 2042 3851 2067 ,

2251 2109 2413 2165 quem
2450 2093 2726 2148 llincmari
2766 2092 3162 2164 archiepiscopi
3194 2093 3414 2149 nomine
3455 2102 3811 2164 praenotatum
3834 2133 3850 2158 ,

2252 2186 2692 2256 monasteriaque
2729 2183 2788 2241 S.
2823 2185 3052 2257 Remigii
3099 2185 3245 2242 dono
3277 2183 3534 2240 traditum
3574 2185 3628 2240 in
3661 2183 3855 2255 prmia-

2252 2277 2397 2333 tione
2435 2273 2707 2333 vidimus?
2751 2269 2843 2334 ubi
2869 2279 3032 2334 etiam
3064 2275 3545 2333 animadvertimus
3575 2275 3718 2332 hunc
3760 2290 3854 2332 co-

2250 2371 2450 2436 dicem,
2477 2382 2763 2441 antequam
2795 2372 2846 2426 in
2877 2371 3148 2428 llincmari
3182 2387 3372 2427 manus
3401 2372 3626 2439 veniret,
3661 2371 3714 2426 in
3750 2369 3854 2427 Ve-

2249 2467 2501 2521 ronensis
2529 2466 2786 2522 Ecclesiae
2807 2476 2964 2520 usum
2989 2465 3196 2534 jamdiu
3224 2466 3394 2522 fuisse
3413 2508 3428 2532 ,
3461 2475 3517 2520 ut
3541 2468 3654 2536 ipsa
3680 2465 3849 2521 Hinc-

2251 2558 2390 2613 mari
2415 2567 2595 2625 :etatc,
2633 2559 2684 2612 id
2706 2567 2791 2613 est
2829 2559 3030 2614 saeculo
3057 2573 3110 2614 rx
3143 2558 3416 2630 antiquior
3453 2557 3730 2630 aliquanto
3757 2559 3852 2613 ha-

2250 2653 2459 2708 bendus
2486 2654 2576 2707 sit.
2605 2653 2661 2708 In
2687 2653 2790 2709 hoc
2817 2664 3000 2710 autem
3031 2654 3337 2724 perspicue,
3369 2668 3474 2709 non
3507 2654 3687 2708 minus
3709 2667 3772 2708 ac
3796 2654 3847 2707 in

2249 2747 2371 2802 aliis
2402 2747 2718 2814 posterioris
2759 2748 2866 2803 aevi
2891 2748 3202 2809 codicibus,
3246 2757 3301 2802 et
3339 2748 3392 2802 lu
3421 2735 3770 2817 inscriptione
3795 2756 3850 2802 et

2250 2837 2304 2893 in
2348 2837 2596 2893 formulis
2628 2841 2788 2909 paulo
2816 2848 2942 2894 ante
2978 2840 3214 2895 laudatis
3237 2838 3292 2895 8'.
3326 2838 3473 2895 Zeno
3521 2847 3848 2896 tractatuum

2248 2940 2438 2988 auctor
2470 2933 2670 3003 pluries
2712 2937 2990 2990 asscritur.
3031 2935 3171 3002 Quid
3209 2934 3350 3004 quod
3384 2933 3471 2990 hic
3507 2933 3647 2990 idem
3677 2933 3850 2990 ebdex

2249 3025 2302 3080 in
2352 3025 2646 3080 Veronensi
2673 3025 2917 3082 Ecclesia
2961 3026 3089 3082 olim
3119 3026 3393 3082 adhibitus
3419 3053 3436 3092 ,-
3464 3025 3708 3097 ejusdem
3746 3025 3851 3081 Ec-

543 3111 683 3167 nalis
730 3114 936 3168 notatio
984 3115 1037 3168 in
1085 3115 1276 3169 eodem
1323 3115 1512 3170 codice
1551 3115 1765 3186 legitur,
1813 3132 1934 3187 qua:
1985 3116 2134 3172 aliud
2164 3110 2210 3174 C
2243 3118 2422 3173 clcsire
2464 3119 2739 3187 antiquam
2786 3118 2855 3174 de
2886 3119 2943 3175 S.
2981 3117 3204 3174 Zenone
3248 3125 3470 3174 auctore
3501 3117 3852 3173 traditionem

541 3205 836 3276 Scriptoris
890 3209 1062 3262 nostri
1115 3209 1480 3264 testimonium
1533 3213 1750 3278 profert.
1803 3209 1916 3266 Hos
1963 3223 2141 3266 orntus

544 3315 702 3372 supra
740 3301 962 3372 scriptos
987 3300 1140 3356 libros
1157 3301 1480 3372 ‘(sermones
1511 3305 1568 3359 S.
1597 3289 1831 3361 Zenonis
1861 3322 1890 3359 a
1929 3306 2139 3361 Joanne

539 3392 856 3464 presbytero
884 3393 1195 3463 designatos
1242 3394 1512 3466 intelligit)
1564 3413 1656 3468 ego
1702 3397 2003 3451 Leonardus
2036 3395 2139 3450 Ju-

540 3484 639 3540 dea:
663 3486 727 3540 de
754 3487 942 3554 Quinto
972 3487 1037 3540 de
1075 3486 1272 3542 Verona
1305 3489 1484 3554 habeo,
1517 3490 1606 3561 qui
1653 3501 1770 3544 sunt
1811 3491 2136 3562 elegantissi-

539 3581 798 3650 mostglo.
851 3579 947 3634 llic
995 3591 1177 3636 autem
1226 3580 1536 3636 Leonardus
1580 3581 1756 3649 Judex
1805 3582 1874 3636 de
1919 3581 2133 3647 Quinto,

536 3673 626 3741 qui
656 3672 964 3728 nominatur
991 3674 1041 3726 in
1066 3673 1390 3729 documento
1419 3676 1543 3729 anui
1575 3675 1735 3739 1579,
1767 3675 1907 3745 apud
1937 3674 2137 3744 Ughel—

536 3763 692 3829 lium,
724 3774 852 3818 tom.
887 3781 936 3830 ν,
975 3780 1094 3836 pag.
1127 3766 1254 3831 885,
1305 3763 1532 3821 Veronm
1572 3766 2009 3821 ﬂorentissimam
2055 3766 2136 3821 bi-

537 3857 860 3913 bliothecam
907 3857 1138 3923 habuit,
1188 3874 1346 3930 quam
1393 3860 1494 3914 sub
1553 3875 1640 3914 an.
1695 3859 1833 3914 1388
1877 3858 2134 3915 Venetias

539 3951 880 4005 transtulisse
912 3951 1156 4022 proditur
1181 3967 1208 4005 a
1255 3951 1554 4024 Mazagagia
1604 3953 1655 4007 in
1687 3967 1858 4020 Opere
1885 3967 1986 4007 ms.
2021 3953 2133 4007 Mu-

537 4042 778 4098 Sclliana:
825 4043 1166 4099 bibliothecae
1233 4044 1493 4114 inscripto
1549 4044 1614 4098 de
1665 4043 1930 4098 Madet-nis
1979 4045 2135 4115 gestis

537 4134 630 4191 lib.
662 4151 741 4198 in.
773 4151 892 4207 cap.
926 4135 982 4192 8.
1014 4136 1154 4193 Ante
1186 4141 1351 4192 hocce
1400 4149 1612 4208 tempus
1652 4139 1703 4190 in
1755 4137 1962 4203 antiqui
1996 4137 2134 4191 simo

538 4227 870 4286 Veronensis
896 4229 1118 4300 capituli
1171 4232 1569 4301 manuscripto,
1599 4231 1688 4299 qui
1737 4229 2048 4299 Hieronymi
2079 4237 2136 4284 et

537 4321 801 4377 Getmadii
861 4323 1165 4394 catalognm
1213 4324 1454 4378 continet
1498 4321 1564 4376 de
1613 4321 1752 4376 Viris
1806 4321 2126 4386 Illustribns,

537 4413 768 4470 Zenonis
816 4429 1014 4471 nomen
1078 4415 1365 4485 posteriori
1426 4429 1590 4469 manu
1624 4414 1870 4469 additum
1911 4414 2128 4483 legitur,

2242 3210 2591 3281 suppeditat?
2613 3211 2671 3266 In
2697 3211 2940 3281 pluribus
2963 3214 3216 3267 nimirum
3247 3212 3366 3282 ejus
3397 3211 3604 3269 codicis
3627 3221 3851 3267 annota-

2246 3304 2485 3358 tionibus
2525 3305 2751 3375 antiquo
2782 3303 3096 3360 charactere
3119 3307 3185 3360 ad
3218 3305 3804 3376 margincmappositis
3826 3354 3842 3372 ,

2243 3414 2378 3470 quas
2434 3400 2486 3454 in
2537 3399 2856 3470 praefatione
2909 3398 3297 3470 descripsimus
3356 3399 3539 3469 plures
3587 3405 3850 3454 tractatus

2243 3491 2452 3562 jamdiu
2492 3491 2624 3548 olim
2657 3495 2799 3547 inter
2845 3507 2994 3546 sacra
3029 3491 3393 3548 ecclesiastica
3434 3489 3610 3546 ofﬁcia
3654 3507 3684 3544 a
3722 3505 3850 3544 nos-

2251 3586 2352 3639 tris
2384 3585 2658 3654 episcopis
2707 3585 2791 3640 vel
2827 3585 3143 3640 diacouibus
3180 3597 3246 3639 ex
3290 3582 3482 3638 eodem
3513 3581 3697 3638 codice
3751 3598 3851 3650 pu-

2242 3677 2385 3734 blice
2428 3679 2549 3734 lecti
2582 3679 2888 3733 traduntur.
2920 3679 3051 3747 Quis
3101 3691 3266 3748 porro
3313 3679 3366 3733 in
3411 3687 3517 3734 tam
3547 3679 3768 3749 antiquo
3792 3685 3850 3732 et

2243 3771 2531 3840 explorato
2554 3770 2887 3826 Veronensis
2912 3770 3172 3826 Εεοιεείω
3205 3771 3310 3824 ritu
3336 3781 3441 3826 non
3493 3773 3654 3840 plane
3677 3783 3845 3841 agno-

2241 3871 2393 3927 scat,
2429 3862 2622 3918 horum
2659 3871 3007 3926 tractatuum,
3040 3864 3130 3933 qui
3165 3872 3270 3918 tam
3306 3865 3592 3934 praecipue,
3630 3871 3844 3919 vetusto

2239 3971 2303 4009 ac
2331 3956 2559 4011 solemni
2594 3957 2824 4028 litnrgia:
2847 3956 3180 4012 Veronensis
3210 3971 3310 4011 usu
3335 3957 3574 4026 adOpta‘ti
3604 3959 3842 4025 luerunt,

2240 4057 2518 4103 auctorem
2550 4048 2620 4103 ab
2648 4048 2836 4103 eadem
2868 4047 3108 4104 Ecclesia
3138 4061 3355 4118 semper
3389 4047 3628 4103 habitum
3658 4047 3713 4104 S.
3743 4048 3847 4103 Ze-

2241 4153 2436 4193 nonem
2465 4127 2780 4210 episcopum
2809 4180 2823 4206 ,
2849 4139 3002 4210 cujus
3029 4141 3222 4194 merita
3249 4143 3388 4194 sicut
3413 4155 3536 4196 eum
3569 4141 3694 4194 huic
3722 4142 3845 4195 ωιιί

2239 4230 2505 4285 dederunt
2547 4241 2832 4300 patranum
2857 4273 2870 4298 ,
2921 4231 2995 4287 ita
3026 4241 3079 4287 et
3111 4239 3392 4286 sermones
3436 4231 3845 4286 successoribus

2237 4323 2376 4378 adeo
2423 4325 2909 4386 commendarunt,
2954 4333 3012 4379 ut
3041 4338 3106 4380 ex
3150 4324 3214 4378 iis
3258 4325 3448 4395 plures"
3489 4325 3542 4379 in
3574 4323 3840 4394 quasdam

2239 4431 2520 4474 sacrorum
2563 4423 2950 4493 mysteriorum
2989 4418 3250 4475 formulas
3293 4419 3347 4475 in
3387 4432 3559 4474 annos
3597 4415 3843 4488 singulos

536 4517 818 4578 propterea
851 4507 995 4576 quod
1029 4507 1073 4563 is
1109 4509 1398 4578 scriptores
1431 4507 1571 4561 inter
1613 4506 2013 4562 ecclesiasticos
2047 4507 2128 4561 vel
2163 4491 2214 4551 ἶ)
2242 4514 2396 4568 statis
2421 4491 2950 4570 diebnsrrecitaudas
2982 4514 3332 4570 transierint?
3367 4514 3513 4569 Sane
3539 4514 3583 4568 si
3611 4513 3842 4570 alterius

537 4611 647 4656 tum
680 4601 936 4670 temporis
992 4611 1388 4656 recenseretur.
1417 4598 1633 4655 Saecula
1657 4614 1710 4653 χι
1740 4607 1830 4653 aut
1867 4598 1936 4652 ad
1983 4611 2129 4652 sum-

534 4711 680 4750 mum
728 4710 828 4758 xu,
881 4709 1181 4766 anonymus
1225 4693 1478 4762 quidam,
1515 4688 1842 4748 Verone'nsis
1895 4692 2126 4746 ρωποι)Ῑί

532 4788 850 4845 monachus.
879 4789 937 4845 S.
967 4787 1210 4851 Zenonis,
1223 4786 1387 4842 vitam
1410 4786 1673 4851 scribens,
1698 4787 1816 4856 ejus
1844 4795 2128 4843 sermones

529 4896 590 4938 se
633 4882 827 4953 legisse
868 4893 1055 4952 aperte
1093 4880 1363 4945 ostendit;
1416 4879 1564 4934 illum
1595 4881 1740 4933 enim
1787 4879 1993 4934 inducit
2039 4880 2122 4935 lo-

526 4984 780 5045 quentem
823 4975 1022 5045 duplici
1049 4973 1336 5038 concione,
1364 4986 1589 5042 quarum
1631 4973 1798 5027 altera
1831 4973 2041 5028 initium
2071 4984 2125 5030 et

527 5069 689 5124 linem
717 5077 875 5124 tract.
907 5068 962 5132 6,
991 5067 1057 5122 de
1085 5066 1366 5134 Patientia,
1395 5066 1487 5121 lib.
1518 5082 1557 5131 ι,
1584 5065 1777 5122 iisdem
1824 5067 2003 5123 verbis
2031 5083 2126 5123 ex-

526 5162 728 5232 primit,
759 5160 930 5215 altera
961 5175 1088 5215 vero
1121 5160 1172 5213 in
1203 5159 1446 5215 eamdem
1489 5161 1754 5216 rationem
1793 5170 2009 5230 sumpta
2040 5169 2124 5216 est

524 5269 591 5309 ex
622 5261 779 5308 tract.
811 5250 881 5308 32
932 5262 985 5307 et
1013 5251 1084 5307 42
1113 5251 1209 5306 lib.
1239 5267 1297 5307 ιι.
1328 5250 1462 5307 Vide
1491 5259 1838 5308 monumenta
1872 5251 2123 5307 Historia:

523 5345 884 5416 diplomatica:
911 5344 1150 5416 subjecta
1171 5385 1186 5411 ,
1229 5345 1286 5399 et
1313 5344 1452 5398 edita
1484 5358 1513 5398 a
1562 5346 1874 5400 marcbione
1892 5343 2122 5414 Maﬂ’eio,

523 5449 647 5507 pag.
682 5436 808 5493 526.
850 5438 1064 5493 Saccqu
1090 5437 1304 5492 decimo
1334 5437 1623 5494 Ratherius
1651 5437 1979 5496 Veronensis
2005 5441 2120 5511 epi-

521 5544 748 5599 scopus,
777 5531 1010 5598 plurium
1056 5545 1282 5602 operum
1309 5531 1542 5604 scriptor
1578 5531 1630 5586 id
1672 5531 1934 5602 temporis
1977 5546 2118 5602 pne-

517 5623 922 5687 stantissimus,
987 5625 1046 5681 8".
1113 5622 1386 5680 Zenonem
1441 5623 1898 5697 pradecessorem
1962 5639 2118 5681 suum

511 5727 826 5774 sermonum
852 5727 1134 5776 auctorem
1175 5718 1350 5790 palam
1380 5719 1551 5786 novis,
1581 5716 1782 5789 quippe
1807 5719 1897 5791 qui
1927 5728 2118 5791 quater

2240 4605 2454 4660 externi
2513 4603 2597 4660 vel
2638 4606 2815 4660 minus
2843 4607 2987 4674 digni
3031 4605 3289 4661 antistitis
3320 4606 3548 4661 fuissent
3577 4606 3836 4672 auctoris,

2241 4696 2558 4751 incredibile
2598 4697 2760 4766 plane
2789 4707 2873 4753 est
2898 4698 2998 4753 sub
3029 4699 3086 4754 S.
3117 4695 3351 4753 Zenonis
3380 4701 3598 4754 nomine
3629 4700 3680 4752 in
3712 4713 3840 4768 pro-

2238 4789 2414 4856 priam
2441 4788 2840 4858 quodammodo
2868 4789 3026 4861 hujus
3056 4793 3220 4860 unius
3260 4791 3516 4847 Ecclesia:
3560 4792 3836 4862 liturgiam

2235 4881 2480 4949 potuisse
2516 4883 2875 4953 commigrare
2902 4925 2916 4948 ,
2955 4894 3010 4938 et
3048 4879 3250 4938 diutius
3277 4884 3328 4939 in
3358 4884 3547 4940 eadem
3591 4884 3837 4942 Ecclesia

2231 4974 2446 5042 publice
2496 4973 2625 5045 legi.
2690 4975 2879 5047 Itaque
2923 4979 3044 5048 quis
3087 4977 3340 5034 dubitare
3387 4979 3622 5046 amplius
3668 4986 3836 5049 queat

2232 5073 2489 5120 tractatus
2517 5079 2605 5122 xor
2635 5064 2802 5142 [thvj
2831 5082 2967 5140 quos
3011 5070 3168 5125 unius
3209 5084 3331 5126 esse
3375 5073 3612 5126 auctoris
3657 5072 3836 5142 capite

2233 5159 2406 5228 primo
2424 5164 2781 5228 ostendimus,
2801 5175 2907 5221 non
2940 5165 3102 5220 alium
3127 5165 3330 5222 habere
3351 5172 3625 5223 auctorem
3668 5183 3834 5237 quam

2229 5251 2287 5307 S.
2331 5253 2605 5310 Zenonem
2651 5256 2967 5329 episcopum
2993 5257 3382 5326 Veronensem,
3413 5260 3498 5315 cui
3523 5261 3646 5315 illos
3669 5268 3725 5314 et
3755 5261 3837 5318 tot

2228 5350 2498 5406 variarum
2531 5354 2744 5408 urbium
2794 5369 2858 5410 ac
2906 5355 3304 5425 provinciarum
3345 5355 3602 5423 codices,
3649 5365 3705 5412 et
3750 5364 3834 5413 tot

2227 5443 2563 5514 scriptorum
2585 5447 2914 5516 testimonia,
2941 5456 2995 5504 ct
3025 5448 3356 5505 Veronensis
3377 5449 3544 5504 etiam
3574 5449 3833 5507 Ecclesiae

2227 5537 2449 5594 traditio
2490 5537 2769 5594 vindicat?

2227 5629 2256 5701 ᾗ
2297 5630 2361 5686 ll.
2398 5661 2469 5672 —-
2505 5630 2727 5706 Vulgare
2753 5633 3117 5708 prwjudicium
3151 5638 3216 5691 de
3245 5635 3306 5693 S.
3347 5633 3572 5693 Zenonis
3598 5643 3705 5691 ceto
3733 5635 3830 5690 sub

2301 5723 2558 5795 Gallieno,
2591 5725 2731 5796 quod
2758 5729 2920 5783 unum
2939 5726 3188 5786 hactenus
3210 5731 3504 5804 constitutis
3521 5729 3824 5802 opponitur,
