4242 6168
408 168 486 236 (i9

477 856 627 928 origo
649 868 700 912 et
730 862 1149 928 fundamentum.

475 946 572 1002 llis
622 953 976 1019 argumentis
1022 955 1250 1014 delinito
1295 959 1532 1018 Auctore
1560 965 1718 1020 nihil
1760 965 1826 1019 de
1868 973 2030 1021 a-tate

393 1039 520 1107 ejus
569 1040 782 1097 addere
827 1053 1129 1113 Oporteret.
1189 1049 1246 1104 Si
1279 1052 1422 1106 enim
1469 1066 1658 1111 auctor
1702 1066 2028 1160 tractatuum

393 1141 598 1160 noun-oh.
625 1135 836 1160 ρΜΑ..Ι,.
877 1135 1122 1160 ﬂ__--:-,‘
1169 1140 1332 1160 )_A_-,
1371 1154 1404 1160 ,.
1480 1157 1488 1160 .
1694 1148 1706 1160 ι
1732 1150 1741 1160 .
1868 1158 1874 1160 .

391 1141 598 1199 quarto
623 1135 838 1188 saeculo
875 1135 1127 1194 ﬂoruisse
1156 1140 1585 1200 demonstratum
1619 1148 1776 1202 nobis
1799 1158 1881 1202 est
1913 1147 2028 1203 evi-

391 1221 595 1277 denter
622 1239 751 1293 cap.
783 1226 841 1290 2,
875 1230 1056 1297 palam
1079 1236 1327 1302 sequitur
1348 1235 1642 1304 Zenonem,
1673 1256 1834 1310 quem
1870 1248 1951 1294 tot
1975 1249 2030 1296 et

388 1315 686 1370 codicibus
715 1328 773 1372 et
819 1321 1053 1376 te5tibus
1087 1331 1143 1378 et
1188 1325 1516 1384 Veronensis
1546 1331 1733 1402 'ipsius
1763 1333 2025 1389 Ecclesia:

385 1410 616 1478 antiqua
666 1411 968 1469 traditione
1012 1419 1330 1475 eorumdem
1363 1432 1688 1480 tractatuum
1741 1435 2024 1481 auctorem

385 1513 516 1554 esse
544 1498 822 1556 hactenus
848 1505 1206 1573 ostendimus,
1241 1522 1436 1581 quarto
1458 1530 1678 1585 quoque
1705 1515 1907 1570 seculo
1927 1517 2023 1571 llo—

385 1605 518 1645 rere
550 1592 813 1648 debuisse
832 1635 849 1658 ,
880 1610 946 1650 ac
977 1596 1117 1653 inter
1148 1615 1244 1656 eos
1273 1608 1517 1674 proiecto
1545 1608 1792 1678 ejusdem
1836 1611 2019 1666 saeculi

387 1684 598 1740 limites
628 1729 641 1748 ,
679 1704 822 1757 quos
867 1706 935 1744 ex
978 1697 1298 1754 certissimis
1347 1713 1677 1760 tractatuum
1727 1705 1870 1759 notis
1908 1707 2019 1776 jam

382 1777 804 1846 praestituimus.
831 1781 901 1836 At
935 1783 1058 1840 huic
1086 1803 1410 1858 argumento
1429 1795 1561 1852 licet
1579 1799 2023 1867 exploratissimo

383 1885 555 1923 unum
590 1870 728 1925 illud
772 1873 997 1944 vulgare
1041 1880 1416 1950 pra-judicium
1447 1891 1752 1958 Opponitur
1778 1929 1792 1952 ,
1825 1905 1930 1959 quo
1959 1891 2019 1947 S.

380 1961 560 2029 Zeno,
604 1963 855 2021 Gallieno
887 1969 1184 2038 imperante
1238 1990 1335 2032 seu
1377 1983 1540 2035 tertio
1571 1983 1785 2038 saeculo
1826 1983 2022 2040 vixisse

376 2056 662 2121 creditur;
691 2059 778 2113 cui
807 2061 1100 2131 prmjudico
1129 2068 1438 2126 traditionis
1470 2076 1710 2130 nomine
1747 2073 2022 2131 Vermicu-

383 2152 465 2207 sis
490 2152 755 2209 Ecclesiae
793 2172 826 2210 a
860 2160 1131 2215 nonnullis
1170 2163 1476 2234 divendito,
1513 2185 1583 2225 ne
1610 2187 1688 2226 se
1717 2171 2021 2241 olrjicerent

374 2244 681 2300 cardinalis
723 2247 989 2304 Baronius
1029 2253 1080 2306 in
1111 2255 1284 2323 prima
1306 2258 1545 2314 editi-one
1589 2263 2018 2336 Martyrologii,

377 2348 434 2395 et
460 2339 842 2398 Ferdinandus
872 2343 1154 2414 Ughellius
1182 2359 1306 2404 tom.
1341 2368 1370 2404 v
1400 2353 1562 2409 ltalize
1589 2371 1822 2424 sacrm,
1880 2358 2018 2414 duos

376 2433 635 2490 Zenones
688 2435 1027 2495 Veronenses
1086 2442 1369 2514 episcopos
1415 2447 1804 2508 admittendos
1855 2463 2016 2523 puta-

382 2535 544 2593 runt,
568 2541 793 2597 quorum
818 2530 1064 2586 altersub
1081 2533 1348 2602 Gallieno,
1377 2539 1451 2591 uti
1473 2541 1826 2611 tradebatur,
1857 2544 2012 2599 obie-

377 2622 483 2688 rit,
536 2621 677 2678 alter
733 2638 888 2693 vero,
920 2628 1008 2697 qui
1039 2635 1363 2698 tractatuum
1387 2632 1459 2684 sit
1497 2642 1721 2700 auctor,
1769 2637 2014 2692 ﬂoruerit

374 2717 592 2772 saeculo
617 2729 826 2788 quarto.
859 2722 928 2775 At
967 2722 1014 2776 si
1041 2723 1377 2792 exploratum
1408 2728 1631 2780 omnino
1674 2731 1972 2788 fecerimus
1993 2774 2007 2796 ,

381 2808 602 2864 unicum
655 2809 969 2875 Zenonem.
1023 2815 1108 2868 cui
1158 2829 1436 2871 sermones
1482 2818 1748 2877 vindicari
1801 2827 2012 2894 possint

377 2917 444 2954 ac
476 2900 751 2969 debeant,
779 2903 854 2958 ab
876 2904 1115 2962 Ecclesia
1147 2907 1446 2963 Veronensi
1477 2926 1698 2981 seraper
1739 2919 2008 2988 agnitum,

377 3004 439 3049 et
477 2995 621 3052 hunc
647 2997 867 3064 quidem
914 3016 1019 3055 non
1055 3004 1215 3058 tertio
1239 3044 1254 3068 ,
1298 3004 1394 3060 sed
1421 3017 1614 3075 quarto
1640 3015 1852 3069 saeculo
1898 3015 2011 3072 cla-

379 3086 592 3155 ruisse,
630 3089 764 3144 nihil
792 3089 894 3146 crit
923 3092 1160 3162 amplius
1209 3094 1353 3164 quod
1382 3109 1693 3166 reponatur.

450 3183 597 3238 Ante
641 3183 929 3240 Baroniuru
975 3186 1089 3257 (qui
1141 3188 1346 3256 primus
1373 3189 1508 3244 duos
1552 3191 1816 3252 Zenones
1853 3201 2004 3256 nullo

378 3272 712 3330 documento
739 3277 952 3344 intulit,
983 3294 1050 3333 eo
1077 3279 1198 3334 solo
1228 3290 1550 3350 argumento
1579 3283 1780 3342 ductus
1801 3330 1818 3356 ,
1857 3295 2004 3362 quod

383 3383 548 3422 unum
594 3368 864 3424 Zenonem
915 3373 1091 3442 quarti
1121 3373 1309 3427 saeculi
1352 3383 1628 3429 auctorem
1679 3393 2002 3439 sermonum

381 3463 688 3517 certissime
716 3475 1103 3533 cognosceret,
1140 3466 1310 3518 alium
1341 3475 1520 3521 autem
1553 3467 1654 3522 sub
1685 3469 1936 3530 Gallieno
1969 3492 2002 3532 a

381 3553 687 3609 Veronensi
717 3555 954 3612 Ecclesia
986 3558 1194 3612 cultum
1223 3557 1293 3612 de
1325 3556 1730 3617 Veronensibus
1757 3570 2000 3638 accepis-

383 3647 490 3716 set)
523 3648 590 3701 de
610 3647 816 3704 duobus
845 3649 1156 3706 Zenonibus
1187 3651 1350 3719 hujus
1373 3653 1517 3707 urbis
1544 3656 1813 3727 episcopis
1837 3679 2001 3720 nemo

385 3752 641 3808 umquam
669 3741 928 3797 audierat.
959 3741 1098 3798 Huic
1128 3742 1352 3814 quidem
1403 3746 1641 3813 opinioni
1680 3750 1792 3817 ipsa
1830 3752 2001 3812 Vero-

384 3831 574 3886 nensis
604 3830 855 3888 Ecclesiae
878 3835 1103 3889 traditio
1149 3832 1454 3904 refragatur
1483 3847 1670 3906 aperte
1692 3879 1706 3904 ,
1736 3858 1856 3910 qua:
1888 3862 1998 3902 non

384 3923 494 3979 nisi
532 3941 692 3980 unum
725 3927 998 3984 Zenonem
1041 3944 1260 3999 semper
1288 3931 1551 3999 agnovit,
1586 3943 1640 3987 et
1669 3934 1739 3988 ita
1770 3939 1995 4006 quidem

384 4028 443 4072 ut
467 4060 482 4084 ,
531 4035 689 4090 quem
729 4032 972 4078 sanctum
1015 4032 1071 4079 et
1100 4038 1362 4094 magnum
1407 4025 1554 4081 urbL~
1587 4037 1879 4097 patronum
1903 4051 1996 4091 co-

382 4111 508 4176 luit,
546 4115 792 4169 enmdem
842 4132 1059 4186 quoque
1101 4129 1416 4172 sermonum
1447 4119 1767 4187 scriptorem
1801 4140 1995 4196 perpe-

385 4212 482 4257 tuo
524 4202 788 4259 habuerit.
821 4207 876 4261 ld
905 4207 1075 4278 liquet
1104 4223 1170 4263 ex
1217 4208 1479 4263 universis
1517 4210 1788 4267 variorum
1819 4231 1993 4273 sa-cu—

383 4295 564 4350 lorum
597 4298 938 4364 auctoribus,
967 4315 1104 4369 quos
1155 4300 1315 4369 paulo
1345 4310 1470 4355 ante
1513 4303 1862 4373 allegavimus
1887 4351 1901 4371 ,
1937 4321 1994 4364 et

382 4402 452 4442 ex
490 4391 870 4460 rnanuscriptis
900 4393 1026 4446 item
1057 4391 1331 4456 erunibus,
1359 4409 1588 4462 quorum
1633 4395 1742 4451 tres
1769 4399 1990 4456 decimo

385 4483 550 4538 tortio
570 4485 770 4539 Steculo
791 4488 976 4555 scripti
1002 4486 1243 4551 luerunt,
1273 4501 1410 4541 unus
1433 4500 1610 4543 autem
1638 4501 1764 4546 ante
1787 4509 1986 4550 nonuru
2015 4477 2072 4543 D

383 4586 643 4631 exaratos
665 4576 800 4645 fuit,
821 4591 891 4649 iut
929 4578 1188 4634 Ecclesia:
1224 4581 1323 4650 ipsi
1354 4580 1646 4637 Veronensi
1676 4585 1725 4638 in
1761 4588 1989 4654 publicis

383 4667 582 4723 ciliciis
627 4670 743 4724 usui
795 4680 960 4725 esset.
1005 4670 1149 4726 Inter
1193 4670 1332 4727 base
1361 4672 1686 4730 Veronensis
1733 4678 1986 4736 Ecclesiae

342 4749 352 4754 ’
387 4762 698 4817 testimonia
739 4763 1214 4820 animadvertenda
1261 4769 1530 4839 prrecipue
1573 4783 1695 4826 sunt
1741 4773 1832 4828 illa
1874 4775 1984 4829 Ra-

390 4856 554 4910 Iberii
603 4867 655 4911 et
689 4872 791 4911 ms.
825 4845 1130 4919 Remensﬁ.
1165 4875 1286 4929 qnze
1315 4863 1574 4929 majorem
1607 4868 1984 4936 antiquitatem

385 4956 443 5002 et
472 4948 848 5003 auctoritatem
894 4949 1207 5019 praeferunt.
1240 4951 1528 5009 Ratherius
1568 4964 1648 5010 ter
1673 4999 1687 5023 ,
1721 4967 1778 5012 ut
1817 4976 1983 5030 supra

385 5039 698 5107 innuimus,
757 5041 1032 5097 Zenonem
1080 5044 1321 5113 ejusdem
1387 5056 1647 5102 tractatus
1703 5061 1981 5107 auctorem

385 5130 606 5200 allegat,
633 5144 687 5187 et
714 5133 911 5204 ubique
947 5151 1069 5190 eum
1097 5147 1187 5190 aut
1212 5135 1422 5191 Beatum
1443 5180 1456 5203 ,
1486 5149 1579 5194 aut
1609 5140 1860 5197 Sanctum
1884 5161 1982 5214 ap-

388 5224 586 5294 pellat,
615 5228 753 5296 quod
779 5229 824 5283 is
852 5239 963 5284 tum
994 5229 1283 5287 haberetur
1312 5249 1620 5289 sermonum
1649 5245 1859 5303 auctor,
1887 5238 1979 5308 qui

385 5321 457 5374 ab
491 5317 595 5373 hac
627 5321 860 5378 Ecclesia
888 5325 1031 5379 inter
1056 5323 1282 5381 Sanctus
1311 5328 1604 5384 colebatur.
1636 5331 1984 5388 Adverteuda

384 5419 570 5466 autem
604 5415 938 5482 potissimum
968 5416 1058 5471 illa
1091 5416 1375 5488 Synodicae
1401 5437 1413 5474 :
1443 5417 1572 5474 Cum
1610 5423 1850 5490 specialis
1873 5440 1984 5482 nos-

384 5521 462 5562 ter
492 5509 674 5562 doctor
700 5521 852 5582 atque
883 5512 1136 5582 proci-sor,
1161 5512 1336 5569 beatus
1363 5517 1536 5586 utique
1575 5515 1740 5586 Zeno,
1768 5518 1910 5575 dicat
1928 5522 1982 5575 in

385 5617 621 5672 sermone
662 5603 836 5670 utique
855 5645 870 5670 ,
913 5618 1063 5675 quem
1088 5606 1152 5660 de
1177 5605 1320 5661 Iuda
1347 5607 1457 5676 ﬁlio
1487 5609 1650 5665 Iacob
1679 5620 1729 5666 et
1751 5611 1982 5672 Thamar

387 5710 522 5748 nuru
764 5669 1135 5768 elegantissime
1161 5669 1461 5771 composuit.
1495 5701 1594 5760 Hic
1617 5714 1798 5762 autem
1831 5706 1980 5769 Zeno

1156 172 1603 250 DISSERTATIO
1646 195 1686 263 l,
1729 197 1820 254 DE
1860 197 1924 257 S.
1968 196 2269 263 ZENONIS
2309 207 2560 273 TRAC'I‘.
2607 219 2696 277 ET
2733 223 3019 286 ETATE.

485 295 558 348 ad
583 310 804 352 etamen
825 307 1115 357 revocatur.
1141 302 1353 361 Βατανήὶ
1381 306 1681 380 Uglielliqne
1705 316 1958 368 sententia
1979 313 2045 367 rte
2071 315 2121 376 Α
2151 325 2404 390 specialis
2432 331 2608 390 doctor
2637 347 2684 391 ει

483 388 692 458 duplici
711 389 958 459 Zenone,
991 411 1212 464 quorum
1242 399 1372 453 alter
1396 403 1486 455 sub
1515 400 1752 457 Gallieno
1774 406 2038 475 ﬂoruerit,

479 481 617 534 alter
656 492 848 550 quarto
881 487 1074 541 swcnlo
1123 497 1431 546 tractatuum
1463 503 1644 549 auctor
1685 498 1782 565 sit,
1822 502 2040 552 omnino

481 590 637 630 nova.
672 574 826 633 Unus
871 589 1072 635 tantum
1101 581 1244 638 Zeno
1279 587 1544 658 episcopus
1605 589 1886 648 Veronensi
1930 591 2039 647 Ec—

480 669 654 725 clesia:
679 688 744 725 ea:
778 675 1024 729 omnibus
1065 677 1386 736 documentis
1420 685 1651 753 agnitus,
1687 687 1823 740 unde
1864 685 2036 741 Baro-

479 765 598 818 nius
651 769 966 822 sententiam
1023 775 1346 829 retractavit.
1411 774 1710 849 Prwjudicii
1765 782 2036 835 memorati

2705 344 2942 410 provisor
2963 361 3065 401 seu
3099 357 3359 419 patronus
3390 368 3567 414 noster
3605 377 3660 422 et
3697 372 3792 426 fuit

2149 428 2395 488 semper,
2428 437 2477 479 et
2513 429 2689 486 adhuc
2735 447 2818 490 est
2872 438 2934 493 S.
2991 440 3160 506 Zeno,
3193 461 3352 516 quem
3387 453 3438 507 id
3488 455 3785 522 Ratlrerins

2147 508 2314 566 simili
2349 513 2580 573 formula
2613 523 2664 576 in
2694 526 3056 600 Apologetico
3087 550 3136 604 p.
3335 550 3374 596 ι.
3419 560 3436 600 t
3505 508 3783 626 Spicilegii

2154 599 2445 626 ΛΑΜ-ιη,
2549 612 2596 626 ..
2646 615 2656 626 .
2984 625 2990 626 ,

2884 599 2896 600 ί
3087 599 3098 604 _
3421 599 3424 600 ν
3513 599 3778 626 ,τημνοη

2143 599 2478 673 Acheriani,
2512 612 2598 665 ubi
2639 615 2912 674 basilicam
2944 625 3066 693 ejus
3117 643 3420 704 memorat,
3463 646 3778 711 peculiarem

2142 703 2384 749 nostrum
2431 710 2708 768 patronum
2749 715 3020 782 appellat.
3075 720 3149 776 Ex
3197 735 3567 804 manuscripto
3613 754 3774 809 porro

2142 782 2403 809 ηψηῄ
2521 795 2531 806 .
2582 797 2614 809 ..

3310 782 3315 783 ,
3366 782 3563 804 ---τη
3613 782 3774 809 rw...

2141 782 2532 863 Remensi,qui
2549 797 2752 869 aliquot
2786 812 3057 865 tractatus
3086 812 3227 870 inter
3256 834 3408 876 sacra
3445 825 3774 892 Veronensis

2142 875 2405 936 Ecclesiae
2433 883 2581 960 [ων]
2613 898 2875 963 mysteria
2912 902 2982 957 ab
3019 906 3306 980 episcopis,
3339 915 3423 970 vel
3457 918 3775 980 diaconide

2139 967 2311 1026 lectos
2358 987 2627 1034 meruerat
2649 1025 2662 1048 ,
2692 1002 2882 1044 nonne
2911 1003 2966 1047 et
3004 994 3371 1060 Veronerrsem
3418 1011 3731 1085 episcOpum
3755 1063 3770 1088 ,

2139 1071 2189 1088 ,ιι
2220 1063 2479 1088 Ωρ--.ηκμ
2597 1087 2604 1088 ,
2643 1077 2676 1088 η
2700 1078 2710 1088 .
2737 1080 2748 1088 .
2899 1087 2906 1088 ,

3430 1063 3731 1085 ,r_--_,.....
3755 1063 3770 1088 ,

2136 1071 2191 1117 et
2218 1063 2520 1138 Sanctum,
2554 1087 2610 1128 ut
2642 1077 2848 1135 ibidem
2895 1087 3247 1165 inscribitur,
3280 1113 3556 1162 auctorem
3584 1113 3652 1166 ab
3681 1127 3774 1168 ea-

2133 1153 2261 1211 dem
2302 1158 2552 1218 Ecclesia
2601 1167 2850 1228 habitum
2895 1181 3075 1248 palam
3123 1198 3547 1260 cognoscimus?
3582 1201 3770 1277 Neque

2133 1261 2259 1277 lin-:-
2293 1253 2490 1277 ...μ-11η--
2517 1257 2596 1277 1η-
2641 1260 2679 1277 l'_l
2766 1265 2800 1277 ι.
2951 1273 2961 1277 -

2131 1261 2261 1303 vero
2290 1253 2600 1312 audiendus
2639 1260 3031 1330 Ferdinandns
3063 1253 3340 1350 Ughellius
3367 1331 3380 1353 ,
3421 1253 3766 1363 quivit-trhis;

2133 1335 2265 1363 μ-.-
2607 1362 2615 1363 ,
2896 1362 2902 1363 ,

3111 1335 3138 1350 υ
3367 1335 3380 1353 ,
3423 1335 3511 1363 Ἰ...
3553 1335 3609 1352 υ.
3647 1335 3766 1356 ..ι-τυ

2132 1335 2267 1394 forte
2298 1345 2653 1411 conciliaret.
2688 1362 3002 1420 secundum
3035 1385 3248 1444 quoque
3285 1377 3592 1455 Zenonem,
3637 1405 3768 1447 aoc-

2133 1440 2327 1500 torem,
2366 1439 2444 1491 uti
2485 1455 2735 1514 putatur,
2775 1461 3110 1517 tractatuum
3142 1507 3155 1530 ,
3192 1472 3393 1527 sanctis
3427 1477 3763 1552 adscripsit,

2132 1537 2254 1578 cum
2285 1544 2456 1583 unum
2489 1541 2698 1592 tantum
2729 1541 3018 1605 Zenonem
3054 1555 3198 1614 inter

2133 1615 2468 1678 Veronensis
2503 1625 2749 1689 Ecclesia
2796 1652 3140 1704 recensuerit
3163 1665 3220 1707 sc

2048 1707 2100 1770 Β
2129 1725 2368 1769 censeat.
2397 1717 2540 1785 Quin
2571 1724 2888 1789 mirandum
2927 1744 3160 1798 maxime

2127 1806 2356 1864 alterum
2386 1813 2531 1867 hunc
2564 1815 2850 1880 Zenonem
2883 1829 3182 1894 Veronensi

3226 1575 3442 1623 sanctos
3473 1572 3764 1646 episcopos

3226 1671 3380 1726 nrper
3412 1702 3425 1726 ,
3468 1675 3630 1734 atque
3670 1684 3758 1724 rc-

3191 1757 3276 1804 est
3295 1793 3310 1817 ,
3339 1756 3482 1823 quod
3514 1773 3636 1814 cum
3668 1762 3759 1819 ille

3214 1839 3474 1903 Ecdesite
3500 1849 3695 1923 incogn
3707 1857 3750 1908 ε.

3501 1903 3514 1904 ,
3566 1903 3582 1907 -
3625 1903 3716 1923 ο---

2130 1907 2261 1969 tum,
2298 1903 2356 1960 in
2393 1908 2782 1979 episcoporum
2815 1920 3209 1986 Veronensium
3244 1929 3440 1995 seriem
3473 1943 3757 2004 intruserit

2127 1990 2362 2051 Baronio
2391 2000 2532 2055 duce
2558 2043 2571 2067 ,
2624 2004 2716 2074 qui
2748 2017 2966 2078 primus
3000 2033 3050 2074 et
3078 2039 3212 2081 unus
3246 2031 3382 2086 hanc
3421 2040 3748 2096 sententiam

2127 2085 2180 2139 in
2213 2088 2384 2156 prima
2410 2092 2781 2169 Martyrolr-gii
2814 2107 3056 2167 editione
3080 2115 3434 2190 indicaverat,
3461 2131 3748 2185 eumdem-

2125 2278 2338 2330 ronium
2371 2280 2546 2342 potius
2570 2284 2766 2343 ducem
2797 2305 3019 2354 secutus
3059 2317 3166 2357 non
3196 2307 3264 2361 sit
3283 2336 3302 2373 ,-
3334 2314 3422 2381 qui
3459 2314 3742 2375 Veronen-

2124 2364 2198 2416 sis
2228 2367 2534 2426 traditionis
2555 2374 2868 2440 admonitus
2900 2389 2969 2444 ab
3001 2391 3087 2458 iis,
3113 2398 3208 2465 qui
3235 2398 3605 2462 Veronensem
3634 2407 3739 2466 Ze-

2125 2457 2285 2511 nonis
2329 2459 2622 2519 editionem
2669 2485 2930 2534 curarunt
2959 2523 2974 2548 ,
3020 2485 3255 2552 priorem
3287 2491 3357 2547 de
3402 2496 3604 2567 duplici
3636 2499 3740 2558 Ze-

2123 2563 2269 2602 none
2316 2557 2636 2612 senteutiam
2685 2562 2900 2631 jamdiu
2944 2573 3256 2646 abjecerat,
3303 2593 3358 2638 et
3378 2557 3638 2648 secundis
3672 2597 3725 2649 in

2118 2639 2562 2717 Martyrologium
2608 2657 2758 2710 curis
2803 2669 3189 2724 retractarerat
3230 2673 3312 2728 his
3359 2681 3535 2735 verbis
3588 2701 3602 2736 :
3644 2683 3728 2741 Ea:

2116 2749 2220 2802 quo
2251 2748 2440 2805 autem,
2471 2750 2525 2794 ut
2554 2749 2876 2820 accepimus,
2917 2772 3021 2812 non
3060 2764 3240 2832 recipit
3283 2766 3592 2830 Veronensis
3627 2776 3732 2834 an

2116 2826 2274 2882 etesia
2303 2830 2437 2887 duos
2465 2831 2718 2910 Zenones,
2753 2861 2784 2898 a
2804 2849 2967 2917 priori
2993 2865 3172 2910 nostra
3197 2864 3448 2918 sententia
3476 2865 3618 2922 haud
3642 2872 3726 2926 ins

2117 2922 2210 2976 siti
2237 2926 2542 2985 recedimus.

2187 3017 2348 3089 Atqui
2404 3023 2530 3081 huic
2559 3027 2861 3091 Veronensi
2904 3040 3214 3108 traditio-ni.
3262 3065 3422 3118 quam
3465 3053 3728 3118 hactenus

3028 3095 3038 3096 ,
3265 3095 3422 3118 ηπ...
3465 3095 3728 3118 "summa

2033 3095 2081 3161 C
2115 3114 2488 3184 ostendimus,
2534 3121 2640 3177 alia
2682 3132 2880 3198 opponi
2931 3135 3140 3192 videtur
3186 3141 3430 3211 ejusdem
3467 3146 3728 3212 Ecclesia:

2111 3205 2354 3277 traditio,
2389 3225 2491 3282 qua
2521 3213 2666 3273 idem
2698 3221 2845 3281 Zeno
2887 3229 2986 3284 sub
3025 3205 3272 3292 Gallieno
3301 3205 3724 3316 martyrprodi-

2112 3306 2232 3364 lur,
2266 3303 2407 3369 quod
2447 3321 2572 3360 cum
2615 3324 2777 3370 aetate
2805 3323 3050 3377 Auctoris
3091 3342 3403 3388 sermonum
3446 3342 3722 3398 conciliari

2110 3404 2216 3443 non
2251 3406 2442 3460 porest.
2467 3397 2704 3459 Zenonis
2738 3414 3050 3483 martyrium
3079 3417 3164 3474 hic
3206 3438 3515 3496 expungere
3541 3436 3720 3492 cousi-

2110 3480 2244 3538 lium
2286 3500 2529 3546 nostrurn
2578 3512 2686 3553 non
2735 3515 2859 3569 est,
2904 3508 2972 3563 de
3017 3527 3123 3580 quo
3173 3517 3327 3584 plura
3377 3523 3591 3581 dissert.

3643 3531 3714 3597 δ,

2107 3590 2230 3645 cap.
2261 3581 2323 3643 2,
2359 3587 2450 3640 sed
2474 3605 2592 3646 eam
2623 3607 2835 3653 tetatem
2861 3644 2873 3663 .
2910 3614 3028 3671 qua:
3059 3607 3124 3660 ad
3157 3609 3386 3671 Gallieni
3429 3620 3714 3690 imperium

2105 3673 2372 3730 evehitur.
2406 3678 2501 3735 Cui
2543 3687 2858 3757 traditioni,
2891 3707 2990 3750 seu
3028 3703 3203 3767 potius
3235 3707 3547 3778 prmjudicio
3580 3733 3716 3776 unus

2107 3759 2406 3823 Coronatus
2427 3770 2698 3846 Notarius,
2719 3785 2929 3854 septimi
2954 3791 3040 3843 vel
3056 3795 3230 3848 octavi
3252 3803 3442 3857 smculi
3460 3809 3712 3878 scriptor,

2107 3851 2234 3878 δ’..-]
2255 3875 2262 3878 .
2279 3873 2319 3878 μ
2338 3875 2353 3878 μ
2401 3868 2421 3878 ι
2687 3873 2698 3878 ⁸

2783 3851 2794 3854 7
3307 3851 3436 3857 η---
3460 3851 3563 3862 η..
3591 3851 3678 3865 ...η
3697 3854 3711 3878 ,

2105 3851 2510 3918 fundamentum:
2545 3873 2754 3941 posuit,
2784 3891 2849 3931 ex
2890 3895 2997 3949 quo
3038 3883 3126 3938 alii
3167 3889 3396 3949 subinde
3424 3851 3711 3971 antiqirita-

2106 3953 2212 3998 tem
2232 3988 2246 4006 ,
2280 3965 2386 4005 non
2418 3953 2621 4014 Zenoni
2648 3965 2852 4032 solum,
2877 3971 2971 4024 sed
3004 3971 3302 4035 Veronensi
3333 3987 3494 4042 etiam
3524 3985 3712 4050 Eccle-

2102 4036 2199 4091 siae
2233 4039 2583 4104 honoriﬁcam
2615 4057 2996 4123 praedicarunt.
3025 4065 3138 4122 Hoc
3161 4087 3288 4127 vero
3311 4077 3565 4137 Coronati
3591 4087 3709 4142 l'uri-

2101 4128 2413 4191 damentum
2444 4151 2500 4194 ut
2521 4150 2906 4208 exscindamus
2931 4199 2944 4221 ,
2971 4157 3078 4214 duo
3103 4165 3319 4236 antiqua
3351 4185 3700 4235 monumenta

2101 4226 2248 4278 omni
2276 4232 2594 4301 exceptione
2644 4242 2845 4311 majora
2881 4251 3111 4317 primum
3153 4259 3542 4320 consideranda
3576 4285 3704 4336 pro-

2100 4330 2392 4389 ponemus,
2421 4327 2614 4396 qoibus
2653 4334 2800 4391 Zeno
2822 4380 2837 4404 ,
2884 4355 3043 4412 quem
3091 4361 3196 4402 non
3229 4352 3328 4408 nisi
3359 4361 3572 4416 unicum
3613 4380 3704 4420 ec-

2098 4411 2261 4468 clesia
2291 4415 2621 4480 Veronensis
2650 4434 2897 4500 agnovit,
2931 4439 3128 4497 vixisse
3158 4449 3460 4508 osmnditur
3502 4462 3703 4517 smculo

2097 4520 2325 4575 quarto:
2362 4521 2472 4568 tum
2504 4533 2634 4573 vero
2662 4523 2828 4592 ipsius
2858 4527 3111 4588 Coronati
3141 4544 3402 4609 opuswlo
3432 4548 3498 4604 ad
3522 4554 3701 4610 calcuo

2096 4598 2206 4654 lum
2240 4616 2520 4674 revocato,
2553 4627 2618 4667 ex
2651 4615 2892 4683 pluribus
2921 4623 3042 4692 ejus
3065 4626 3165 4684 hac
3195 4631 3245 4685 in
3279 4633 3503 4696 bisroria
3538 4643 3701 4714 lapsi-

2096 4689 2196 4714 1.-.-
2249 4709 2344 4714 -μη
2368 4712 2381 4714 ς
2465 4701 2513 4714 η·-
2855 4710 2869 4714 ‘

2094 4689 2198 4746 bus
2249 4701 2529 4764 praesentis
2576 4719 2792 4778 quoque
2846 4689 3058 4773 fabellae
3108 4689 3656 4792 elevabimusml‘rderru
3685 4781 3700 4806 ,

3425 4784 3433 4786 ~
3498 4784 3696 4806 -v—----.

2093 4784 2318 4856 ejusque
2363 4795 2831 4858 occasionem...ch
2869 4809 3128 4880 Originern
3153 4857 3167 4882 ,
3217 4819 3262 4873 si
3300 4821 3414 4878 ﬁeri
3461 4830 3696 4904 poterit,

2094 4880 2360 4946 expiscari
2390 4892 2445 4938 et
2475 4885 2717 4946 indicare
2747 4899 3085 4959 conabimur.

2094 5006 2122 5080 §
2155 5009 2240 5065 lll.
2269 5043 2340 5054 ——-
2365 5015 2620 5076 Zenonem
2651 5027 2837 5084 vixisse
2862 5047 3044 5101 quarto
3074 5045 3264 5099 sarculo
3294 5053 3612 5114 convincitur
3635 5079 3700 5119 ex

2163 5104 2225 5159 S.
2257 5108 2511 5184 Ambrosii
2541 5117 2753 5187 epistola
2781 5125 2850 5177 ad
2879 5127 3178 5200 Syagrium.
3211 5138 3284 5193 Id
3311 5104 3478 5204 ipsum

2161 5202 2400 5272 antiquus
2445 5209 2573 5263 ordo
2618 5215 2971 5288 episc0porum
3010 5223 3372 5292 Veronensium

2170 5293 2426 5365 diptycltis
2454 5316 2689 5359 manasse
2714 5310 2885 5377 palam
2913 5325 3005 5372 est.

3515 5157 3695 5211 statuit
3719 5219 3724 5223 η

3391 5282 3407 5309 ,
3439 5259 3586 5314 quem
3633 5265 3697 5306 ea:

2166 5429 2410 5488 Primum
2456 5437 2836 5501 documentum
2879 5450 2951 5506 sit
2993 5455 3220 5524 epistola
3263 5464 3297 5520 5
3333 5465 3391 5522 S.
3420 5471 3694 5533 Ambrosii

2093 5525 2167 5580 ad
2212 5527 2495 5598 Syagrium
2522 5573 2538 5601 ,
2588 5550 2748 5606 quem
2800 5540 3164 5607 Veronensum
3212 5525 3692 5632 eplswpt—rm‘t‘tun

2093 5617 2258 5676 fuisse
2295 5622 2462 5688 ipsius
2492 5626 2747 5697 epistolas
2779 5643 3072 5699 contextus
3101 5617 3262 5715 plane
3309 5617 3596 5714 corivincit.
3636 5653 3698 5717 in

2092 5712 2192 5768 hac
2222 5723 2402 5774 autem
2433 5717 2664 5790 epistola
2691 5739 2841 5784 num.
2877 5728 2904 5784 l—
2936 5712 3253 5799 Ambrosius
3291 5712 3716 5827 lndiciaevv‘irgi:
