4242 6168
527 261 592 318 71
1913 262 2140 321 PROLE

2249 264 2462 322 MENA.
3778 271 3849 328 7‘2

530 375 614 430 nis
658 375 984 432 mentionem
1017 375 1144 432 facit
1169 418 1184 438 ,
1215 391 1374 446 quam
1418 379 1644 446 puellam
1685 377 1912 434 Zenonis
1934 380 2144 435 'sanctw
2168 385 2219 444 Α
2247 398 2378 437 rona
2409 384 2560 440 exsul
2592 385 2645 440 in
2670 384 2801 442 illud
2827 385 3212 442 monasterium
3233 427 3248 452 ,
3291 386 3433 443 unde
3477 388 3699 457 exierat,
3726 405 3850 448 sese

532 469 793 524 memoria:
822 470 1026 542 judicio
1067 470 1366 540 probatam,
1400 472 1615 543 ejusque
1658 472 2028 542 sancti/iratam
2057 473 2114 526 be

529 560 820 614 nedictione
857 569 1105 617 testatur.
1139 560 1266 615 Haec
1311 568 1492 617 autem
1533 562 1722 634 virgo,
1759 577 1880 630 qua:
1929 563 2139 635 Syagrii

527 649 895 718 jurisdictioni
947 651 1190 721 subjecta
1233 661 1343 706 tota
1384 653 1611 722 epistola
1663 652 1940 723 proditur,
1971 652 2142 708 Vero-

530 745 716 799 nensis
759 744 943 815 utique
983 745 1133 817 virgo
1173 745 1306 813 fuit;
1346 756 1402 802 et
1448 745 1590 802 Zeno
1619 761 1810 802 sancite
1839 749 2139 814 memoriae,

531 836 622 905 qui
667 851 786 890 eam
831 836 1075 905 probavit
1101 847 1156 892 et
1183 837 1493 902 benedixit,
1539 847 1624 893 est
1669 838 1857 907 procul
1887 839 2050 892 dubio
2079 838 2137 894 S.

534 926 682 982 Zeno
745 929 1033 1000 episcopus
1084 928 1452 995 Veronensis,
1503 945 1624 986 cum
1689 932 2024 1000 exploratum
2071 931 2143 985 sit

533 1038 641 1079 non
674 1023 839 1079 alium
873 1024 924 1079 id
954 1029 1217 1096 temporis
1244 1025 1585 1081 benedixisse
1612 1040 1676 1080 ac
1705 1013 1952 1080 sacrasse
1981 1024 2142 1095 virgi-

536 1131 670 1180 nes,
704 1117 807 1172 nisi
848 1118 940 1186 qui
971 1133 1187 1172 summo
1231 1117 1538 1172 sacerdotio
1580 1116 1914 1188 fungeretur.
1959 1116 2143 1187 Neque

540 1216 782 1278 opponat
809 1209 1074 1279 quispiam
1105 1223 1226 1263 cum
1259 1207 1556 1264 editoribus
1589 1207 1992 1264 Veronensibus
2013 1248 2028 1272 ,
2059 1206 2144 1261 ln-

537 1299 732 1357 diciam
757 1302 898 1356 alius
925 1302 1074 1356 urbis
1099 1302 1270 1357 civem
1304 1301 1373 1356 ab
1397 1301 1504 1356 alio
1525 1300 1749 1358 Zenone
1780 1301 1984 1366 velari,
2016 1300 2142 1356 sub-

538 1395 805 1466 indeque~
824 1395 1092 1450 Veronam
1143 1393 1402 1450 accedere
1447 1396 1683 1464 p0tuissc
1713 1435 1726 1458 ,
1772 1403 1830 1449 ut
1873 1408 1976 1448 una
2022 1408 2144 1448 cum

534 1500 758 1554 sorore,
782 1502 902 1558 quae
932 1487 1164 1542 Maximo
1197 1486 1497 1544 Veronensi
1527 1497 1815 1557 nupserat,
1849 1487 2010 1542 vitam
2041 1486 2148 1541 exi-

533 1589 706 1650 geret.
740 1579 866 1636 llaec
910 1579 1055 1634 enim
1086 1578 1264 1636 dicere
1314 1579 1469 1634 facile
1513 1588 1636 1647 est,
1686 1579 1916 1648 probare
1965 1589 2143 1632 autem

537 1687 646 1727 non
675 1675 824 1727 item.
857 1671 915 1727 Si
949 1687 1077 1727 vero
1105 1687 1226 1727 cum
1259 1671 1518 1727 adversus
1556 1671 1866 1742 pracjudicia
1897 1669 2143 1741 quaedam

2243 477 2479 550 recepit)
2509 480 2715 548 primus
2743 481 2796 534 in
2837 481 3028 535 solutae
3056 480 3316 536 orationis
3345 482 3606 537 rationem
3649 484 3848 553 publici

2242 568 2376 638 juris
2407 567 2536 624 fecit
2565 570 2901 626 Maltillonius
2932 574 2986 628 in
3017 572 3313 639 Analectis,
3340 583 3452 629 tutn
3495 589 3626 629 vero
3666 585 3851 631 noster

2245 661 2487 718 marchio
2517 663 2760 720 Maifeius
2789 665 2842 720 in
2886 664 3126 737 rhythmi
3176 665 3407 722 formam
3463 667 3664 724 recusit
3711 670 3851 724 inter

2219 763 2621 835 monumenta,
2663 771 2782 826 qua:
2824 756 2890 812 ad
2936 757 3138 812 calcem
3185 757 3550 828 diplomatica:
3597 759 3852 816 Historia:

2244 844 2432 900 edidit.
2466 846 2562 903 Hic
2606 847 2893 920 rhythmos
2933 850 3142 920 integer
3170 859 3285 905 erat
3314 852 3478 906 etiam
3510 852 3565 907 in
3604 867 3711 909 ms.
3739 868 3854 909 ca:-

2243 937 2389 993 nobii
2421 939 2778 996 Ariminensis
2807 941 3220 999 Ctelestinorum
3245 985 3260 1010 ,
3309 945 3536 1018 ejusque
3577 946 3846 1019 fragmen-

2246 1041 2356 1087 tum
2397 1032 2495 1104 (ad
2526 1033 2800 1090 Zenonem
2831 1037 3184 1108 ordinetnque
3211 1038 3352 1107 quod
3387 1039 3652 1112 pertinet)
3701 1051 3853 1097 trau-

2245 1127 2502 1195 scriptum
2541 1129 2782 1184 cernitur
2824 1132 2876 1184 in
2925 1130 3032 1186 line
3073 1130 3278 1186 codicis
3319 1134 3634 1188 monasterii
3679 1133 3856 1190 Zeno-

2247 1219 2390 1274 niani
2421 1224 2592 1275 sancti
2623 1221 2854 1277 Zenonis
2884 1230 3143 1278 tractatus
3174 1223 3501 1280 continentis
3520 1265 3534 1290 ,
3563 1235 3617 1280 et
3644 1226 3856 1296 integer

2247 1312 2374 1368 item
2403 1311 2632 1370 Verona:
2673 1315 2971 1372 habebatur
2997 1317 3050 1372 in
3077 1317 3184 1373 alio
3208 1318 3394 1374 codice
3435 1320 3578 1388 apud
3603 1319 3854 1378 Jesuatos

2248 1408 2634 1463 monasterium
2664 1409 2722 1464 S.
2754 1409 3133 1466 Bartholomaai
3165 1414 3216 1465 in
3247 1420 3429 1467 monte
3451 1411 3579 1468 olim
3609 1415 3855 1472 incolen-

2250 1507 2361 1565 tes,
2405 1500 2639 1569 scriptus
2669 1500 2720 1554 in
2768 1499 2875 1556 line
2921 1501 3312 1568 Peutateuclti,
3359 1520 3520 1574 quem
3568 1507 3619 1560 in
3667 1507 3854 1565 codice

2249 1592 2666 1648 membranaeeo
2704 1594 2898 1649 litteris
2925 1595 3315 1665 antiquissimis
3340 1607 3625 1652 exaratum
3657 1598 3852 1670 Bagala

2253 1696 2307 1741 et
2354 1686 2600 1741 Perettus
2642 1695 2912 1743 testantur
2952 1689 3005 1743 in
3051 1689 3190 1744 libro
3221 1689 3512 1760 inscripto:
3542 1690 3854 1748 Sanctorum

537 1777 785 1835 apertum
829 1765 1046 1835 aliquod
1087 1765 1473 1821 duculncnlllm
1521 1765 1854 1836 ρΐοΐθΐδιιιτν
1901 1765 2144 1835 eiu-“idem
2175 1777 2608 1854 B.episc0porum
2655 1775 3023 1833 Veronensium
3063 1781 3272 1849 antiqua
3315 1792 3680 1848 monumenta,
3730 1800 3852 1854 pag.

537 1870 846 1916 Commenta
901 1861 952 1919 in
1006 1859 1304 1930 praeiudicii
1333 1860 1560 1933 gratiam
1615 1861 1802 1916 liceret
1852 1860 2140 1930 ingerere,

539 1954 666 2024 quid
693 1941 831 2010 adeo
860 1953 1076 2008 ﬁrmum
1106 1963 1161 2010 et
1185 1968 1392 2010 certum
1417 1969 1672 2024 umquam
1696 1962 1874 2020 esset,
1905 1965 1959 2008 ut
1985 1951 2143 2007 evelli

541 2057 597 2102 et
623 2045 770 2102 eludi
799 2048 899 2102 hac
929 2049 1138 2102 ratione
1168 2062 1278 2102 non
1303 2047 1524 2117 posset?
1554 2046 1686 2102 lure
1716 2047 1896 2115 itaque
1924 2045 2026 2100 hoc
2055 2060 2146 2098 ar-

539 2149 856 2209 gumentum
879 2181 894 2205 ,
925 2138 1070 2210 quod
1101 2155 1165 2195 ex
1195 2140 1467 2194 Ambrosii
1495 2138 1722 2210 cpistola
1753 2138 1996 2202 ducitur,
2023 2145 2144 2207 post

543 2231 606 2286 P.
638 2230 913 2289 Labbeum
951 2234 1175 2289 omnino
1213 2233 1547 2289 convincens
1605 2242 1660 2288 et
1703 2231 1925 2288 evidens
1967 2229 2145 2284 omni-

541 2323 642 2380 bus
672 2326 842 2380 visum
870 2334 985 2394 est,
1018 2336 1078 2382 ιιι
1103 2327 1252 2382 nihili
1284 2325 1582 2382 faciendam
1606 2326 1847 2397 putarint
1875 2324 2142 2380 editorum

552 2416 720 2490 [vat]
755 2418 1145 2475 Veronensium
1168 2420 1578 2490 responsionem
1605 2459 1622 2486 ,
1647 2433 1874 2488 eantque
1897 2434 1963 2471 ne
1987 2432 2145 2471 men-

544 2510 688 2565 tione
709 2511 924 2582 quidem
939 2511 1156 2582 dignam
1185 2512 1378 2567 eruditi
1402 2510 1720 2582 judicarint.
1747 2509 1885 2578 Quid
1913 2509 1957 2564 si
1989 2524 2055 2563 ex
2079 2508 2144 2563 iis

541 2602 695 2674 ipsis.
744 2620 865 2674 qua:
894 2604 947 2658 in
969 2605 1243 2660 Ambrosii
1267 2603 1492 2676 epistola
1519 2613 1838 2667 narrantur,
1885 2601 2143 2656 lndiciam

537 2696 800 2766 virginem
845 2695 1215 2752 Veronensem
1265 2697 1432 2752 fuisse
1481 2695 1805 2751 luculentius
1852 2693 2145 2750 conﬁrme-

541 2791 706 2845 mus?
753 2789 970 2844 Etenim
1022 2790 1287 2845 Maximus
1333 2789 1540 2844 sororis
1570 2789 1692 2854 vir,
1729 2795 2007 2857 postquam
2050 2785 2144 2839 lite

537 2881 796 2937 adversus
832 2881 1086 2937 lndiciam
1114 2893 1288 2949 mota,
1321 2883 1389 2936 de
1415 2880 1736 2952 quibusdam
1765 2879 1920 2934 bonis
1941 2879 2146 2949 judicia

537 2984 869 3040 attentasset;
908 2989 1029 3029 cum
1052 2972 1398 3030 vehementer
1433 2971 1897 3043 angeretur,quod
1920 2972 2061 3043 virgo
2089 2971 2144 3025 in

537 3085 664 3142 agro
693 3069 965 3140 afﬁnitatis
993 3083 1100 3123 sum
1127 3067 1400 3139 refugisset
1434 3066 1784 3132 consortium,
1813 3080 1958 3118 muro
1984 3065 2130 3118 inter-

2253 1871 2319 1924 14
2339 1910 2352 1933 ,
2397 1879 2450 1924 et
2495 1886 2556 1925 cx
2587 1871 2777 1926 eodem
2807 1870 2996 1927 codice
3024 1873 3261 1942 priorem
3291 1872 3527 1945 rhythmi
3569 1874 3689 1945 ejus
3729 1891 3849 1945 par-

2245 1968 2354 2016 tem
2399 1960 2761 2034 Hieronymus
2789 1978 2818 2016 a
2861 1961 3028 2019 Curte
3056 1966 3106 2017 in
3137 1963 3388 2020 Historia:
3423 1965 3750 2022 Veronensis
3790 1967 3855 2022 li-

2245 2052 2399 2107 brtun
2447 2057 2786 2109 ttranstulit.
2828 2055 2884 2109 In
2930 2072 3034 2111 ms.
3081 2056 3390 2112 Zenoniano
3426 2057 3516 2114 hic
3565 2058 3852 2131 rltythmus

2245 2161 2308 2201 ea:
2338 2145 2533 2202 Isidori
2557 2149 2711 2202 dictis
2763 2158 3008 2220 smnptus
3041 2151 3267 2206 traditur
3289 2193 3304 2216 ,
3329 2152 3487 2223 idque
3514 2169 3574 2209 se
3626 2155 3852 2212 credere

2248 2240 2613 2313 Hieronymus
2641 2258 2671 2296 a
2715 2243 2904 2311 Curte,
2955 2259 3056 2300 nec
3105 2261 3211 2300 non
3261 2245 3457 2318 Bagata
3499 2258 3555 2303 et
3595 2247 3847 2304 Perottus

2245 2337 2529 2390 memorati
2551 2336 2682 2391 satis
2709 2339 3012 2405 insinuant;
3042 2341 3126 2394 cui
3151 2341 3326 2397 errori
3355 2341 3486 2397 illud
3512 2344 3852 2400 occasiOnem

2245 2426 2462 2484 dedisse
2492 2429 2734 2494 videtur,
2759 2430 2901 2500 quod
2932 2431 2988 2486 in
3014 2432 3255 2488 secundo
3283 2432 3522 2505 rhythmi
3551 2451 3710 2491 versu
3743 2435 3850 2492 lsi-

2245 2521 2402 2574 dorus
2450 2522 2774 2578 nominetur.
2809 2523 3188 2594 Atrhythmus
3228 2527 3394 2580 multo
3420 2537 3539 2596 post
3581 2527 3851 2585 lsidorum

2245 2613 2477 2682 scriptus
2507 2613 2680 2684 palam
2725 2618 2967 2685 proditur
3009 2631 3075 2671 ex
3119 2628 3374 2674 contextu
3401 2660 3416 2685 ,
3463 2618 3590 2674 dum
3635 2621 3847 2677 scilicet

2249 2706 2480 2762 Verona:
2508 2707 2732 2776 Pipinus
2761 2709 3016 2780 degeret,
3049 2709 3100 2764 id
3144 2720 3456 2784 estpoctavo
3497 2714 3696 2768 sacculo
3745 2732 3850 2770 ex.

2246 2808 2426 2862 eunte,
2462 2800 2543 2854 vel
2571 2801 2760 2854 saltem
2819 2802 3040 2856 ineunte
3085 2802 3283 2858 sacculo
3322 2820 3375 2860 ix
3405 2804 3660 2876 (Pipinus
3705 2808 3850 2862 enim

2246 2889 2409 2946 Italia:
2437 2907 2530 2946 rex
2563 2890 2739 2948 dictus
2767 2891 2868 2948 fuit
2911 2909 3000 2948 an.
3034 2894 3133 2951 78l
3159 2937 3172 2960 ,
3200 2903 3255 2950 et
3303 2897 3445 2950 diem
3479 2898 3614 2952 obiit
3653 2914 3850 2969 supre-

2247 2999 2392 3038 mum
2421 2999 2514 3041 an.
2542 2985 2706 3056 810),
2737 2985 2876 3041 unde
2921 2987 3262 3057 Auouymum
3311 2987 3647 3059 Pipinianum
3693 2990 3854 3061 hujus

2248 3077 2485 3150 rhythmi
2531 3089 2808 3136 auctorem
2842 3081 3170 3137 nominaturi
3210 3082 3466 3151 deinceps
3507 3099 3716 3140 sumus.
3747 3085 3852 3140 Ita-

528 3163 671 3232 jecto
714 3161 800 3234 (in
841 3160 1029 3216 eadem
1062 3160 1246 3231 utique
1291 3159 1477 3229 domo)
1524 3159 1770 3212 discretas
1807 3157 1941 3211 aedes
1967 3155 2140 3210 uxoris

2249 3186 2353 3242 que
2379 3171 2465 3227 hic
2501 3175 2816 3244 Anonymus
2845 3173 2931 3228 his
2973 3173 3223 3230 versibus
3253 3186 3376 3231 octo
3409 3175 3649 3247 priorum
3681 3176 3852 3233 Vero-

535 3270 643 3311 sua:
669 3271 729 3309 ac
757 3255 1002 3324 virginis,
1055 3253 1366 3323 divisamque
1409 3250 1760 3322 germanitatis
1791 3251 1922 3303 inter
1945 3263 2146 3303 sorores

531 3348 822 3403 societatem
848 3361 968 3402 esse
984 3344 1242 3415 jusserat,
1269 3344 1342 3398 uti
1373 3343 1600 3398 traditur
1633 3358 1782 3396 num.
1804 3342 1870 3396 17
1891 3382 1904 3406 ,
1935 3357 1987 3411 p.
2012 3339 2140 3408 769,

534 3438 678 3509 quod
710 3450 1084 3508 argumentum
1107 3446 1190 3493 est
1213 3436 1441 3492 evidens
1463 3478 1478 3502 ,
1509 3436 1701 3492 mediae
1719 3434 1915 3489 domus
1938 3441 2142 3503 partem

533 3529 602 3584 ad
629 3528 886 3584 ludiciam
914 3537 1218 3600 spectasse;
1248 3529 1290 3582 si
1319 3529 1462 3583 enim
1490 3543 1553 3582 ex
1583 3527 1685 3580 alia
1714 3526 1847 3580 urbe
1870 3524 2142 3580 Veronam

535 3621 880 3687 advenisset,
931 3619 1194 3674 Maximus
1238 3635 1336 3688 pro
1365 3617 1547 3674 hostili
1576 3627 1632 3672 et
1668 3631 1859 3671 averso
1903 3617 1953 3669 in
1995 3617 2141 3670 illam

533 3715 716 3770 animo
740 3729 859 3770 eam
881 3714 1044 3769 domo
1067 3722 1122 3768 et
1148 3712 1280 3768 urbe
1304 3712 1506 3782 pellere
1527 3752 1542 3777 ,
1567 3727 1629 3766 ac
1657 3713 1712 3766 in
1739 3725 1886 3764 suam
1912 3711 2140 3780 patriam

536 3807 817 3864 remittere
847 3806 1130 3878 pctuisset.
1162 3804 1268 3862 Sed
1303 3816 1640 3860 transeamus
1669 3805 1733 3857 ad
1763 3803 1890 3858 alia.

605 3899 914 3955 Secundum
944 3899 1329 3953 documentum
1357 3897 1626 3968 colligitur
1654 3911 1722 3951 ex
1763 3896 1984 3966 antiqua
2013 3907 2140 3952 octo

535 3995 778 4066 priorum
808 3994 1202 4051 Veronensium
1235 3993 1538 4048 antistitum
1569 3992 1744 4058 serie,
1777 4005 1935 4060 quam
1971 3989 2139 4060 pluri-

532 4086 634 4144 bus
678 4089 1048 4144 monumentis
1089 4086 1415 4143 custoditam
1465 4085 1753 4155 diligenter
1796 4084 2136 4154 accepimus,

531 4179 709 4250 quoad
752 4194 817 4235 ex
859 4178 1204 4250 praeiudicata
1237 4177 1473 4234 Zenonis
1504 4193 1618 4232 aevo
1666 4177 1934 4232 sententia
1977 4176 2138 4232 aliam

531 4274 727 4327 seriem
780 4269 1112 4328 recentiores
1157 4271 1375 4340 proprio
1419 4277 1589 4324 marte
1636 4268 1986 4338 compingere
2033 4282 2138 4322 non

530 4363 862 4420 dubitarunt.
899 4363 976 4418 Ea
1023 4362 1194 4419 series
1234 4361 1492 4418 Panvinio
1533 4369 1669 4417 teste
1709 4360 1970 4431 Antiquit.
2004 4358 2133 4414 Ver.

531 4456 628 4511 lib.
661 4473 741 4522 tv,
775 4471 894 4527 cap.
921 4457 990 4522 ὅ,
1023 4456 1301 4526 legebatur
1329 4458 1380 4510 in
1416 4454 1646 4511 Historia
1679 4454 1943 4525 imperiali
1973 4452 2139 4509 Joan-

2247 3264 2494 3318 ucnsium
2526 3265 2905 3335 episcoporum
2935 3266 3179 3322 ordinem
3211 3267 3386 3337 prodit
3421 3284 3434 3320 :

2341 3377 2560 3445 Primum
2585 3377 2798 3445 Veronae
2824 3379 3099 3445 j_ir;edicavit
3118 3379 3376 3443 Euprepus
3399 3383 3678 3445 episcopus,

2403 3439 3036 3507 SecundusDimidrianus,
3065 3439 3247 3494 tertius
3269 3439 3571 3507 Simplicius,

2409 3503 2885 3572 Quartus_Pr_oculus_
2905 3506 3158 3555 confessor
3181 3513 3346 3572 pastor
3373 3503 3627 3572 egregius,

2340 3565 2551 3628 Quintus
2577 3564 2668 3615 fuit
2691 3567 3001 3628 Saturninus,
3029 3575 3080 3617 et
3104 3564 3276 3618 sextus
3302 3564 3535 3627 Lucilius,

2400 3627 2653 3694 Septimus
2674 3628 2766 3679 fuit
2789 3627 3016 3694 Griciuus
3036 3629 3206 3694 docto_r
3231 3637 3283 3679 et
3307 3635 3583 3694 episcolius,

2399 3688 2614 3740 Octavus
2637 3700 2800 3753 pastor
2825 3700 2878 3742 et
2899 3691 3148 3742 confessor
3167 3691 3301 3742 Zeno
3327 3688 3506 3757 martyr
3529 3688 3753 3760 inclytus.

2245 3798 2442 3872 [van]
2481 3801 2603 3856 lltec
2629 3803 3006 3872 episcoporum
3034 3804 3204 3859 series
3227 3805 3442 3875 plurimi
3468 3806 3710 3863 facienda
3733 3816 3815 3862 cst
3833 3849 3847 3875 ,

2241 3893 2442 3964 quippe
2496 3909 2616 3948 cum
2643 3894 2916 3950 custodire
2963 3895 3250 3967 diligenter
3299 3898 3557 3954 Ecclesiis
3600 3903 3849 3956 maxima:

2245 3984 2367 4053 fuit,
2392 4000 2536 4040 cura:
2554 4001 2676 4042 cum
2709 3987 2831 4041 illos
2851 3987 2904 4041 in
2933 3986 3206 4058 diptycliis
3224 4005 3287 4044 ex
3304 3990 3494 4044 ordine
3515 3991 3774 4058 scribere,
3795 4001 3852 4048 et

2243 4079 2384 4136 inter
2399 4079 2684 4136 missarum
2697 4081 2956 4136 solemnia
2971 4081 3037 4137 ad
3055 4083 3347 4139 secundum
3368 4083 3620 4140 Memento
3636 4103 3846 4154 utunes,

2243 4175 2406 4229 ctiam
2458 4183 2710 4240 sanctos,
2754 4177 2986 4232 recitare
3027 4191 3095 4232 ex
3139 4178 3359 4248 antiqua
3404 4178 3688 4248 disciplina
3731 4196 3851 4237 mos

2243 4264 2408 4320 fuerit
2435 4274 2545 4321 tum
2578 4268 2630 4321 in
2661 4265 2880 4324 Oriente
2900 4308 2914 4332 ,
2947 4277 3060 4323 tum
3090 4270 3142 4324 in
3173 4269 3468 4327 Occidente
3495 4271 3547 4326 in
3584 4287 3704 4327 eam
3735 4272 3851 4330 fere

2242 4360 2546 4426 rationem,
2576 4377 2737 4432 quam
2778 4362 3036 4419 discimus
3077 4379 3144 4419 ex
3189 4363 3329 4419 libro
3373 4363 3847 4422 Sacramentorum

2242 4453 2300 4509 S.
2335 4453 2576 4526 Gregorii
2601 4455 2747 4512 edito
2786 4471 2816 4510 a
2865 4455 3125 4512 Menardo
3170 4473 3201 4511 e
3248 4473 3353 4512 ms.
3383 4457 3720 4526 Corbeiensi,
3757 4461 3850 4516 ubi

532 4549 648 4614 nis,
676 4550 828 4621 cujus
867 4549 894 4622 ς
924 4551 950 4604 1
993 4552 1321 4608 mentionem
1384 4550 1638 4618 fecimus;
1669 4561 1720 4605 et
1765 4567 1891 4622 pars
1921 4549 2137 4620 quidem
2169 4550 2218 4610 ι)
2246 4547 2358 4600 haec
2416 4547 2683 4603 habentur
2714 4548 2765 4601 in
2797 4545 2962 4600 Missa
3001 4564 3094 4618 pro
3125 4547 3366 4619 defuncto
3393 4550 3631 4622 episcopo
3653 4592 3667 4615 ,
3699 4552 3844 4622 infra

532 4643 652 4714 ejus
696 4645 749 4700 in
799 4659 915 4700 rem
961 4653 1198 4700 nostram
1245 4646 1514 4716 praecipua
1543 4686 1557 4708 ,
1609 4660 1731 4714 qua:
1780 4643 2138 4714 posteriorum

531 4736 767 4808 quinque
795 4739 1171 4808 episcoporum
1205 4738 1448 4794 ordinem
1491 4737 1706 4808 prodit,
1738 4738 2048 4792 continetur
2089 4739 2140 4792 in

532 4847 600 4888 eo
627 4831 957 4902 fragmento,
985 4833 1128 4904 quod
1157 4849 1226 4888 ex
1253 4832 1344 4887 illa
1376 4829 1639 4900 imperiali
1693 4830 1924 4886 Historia
1953 4845 2144 4885 manu—

531 4925 731 4995 scripta
779 4925 934 4980 nobis
977 4923 1248 4993 excerpsit
1298 4922 1664 4992 Hieronymus
1707 4920 2044 4976 Tartarotius
2090 4922 2141 4977 in

531 5014 649 5072 haec
676 5017 838 5073 verba
865 5034 879 5070 :
905 5014 1095 5071 Beatus
1117 5014 1256 5069 Zeno
1287 5014 1558 5085 episcopus
1591 5012 1896 5069 Veronensis
1916 5054 1930 5078 ,
1963 5014 2143 5068 doctor

528 5110 800 5181 egregius,
851 5119 1058 5163 octavus
1101 5107 1333 5180 ejusdem
1380 5108 1600 5161 ciuitatis
1651 5107 1943 5176 episcOpus.
1998 5105 2141 5160 Nam

531 5212 644 5269 post
685 5200 746 5256 S.
779 5199 1096 5266 Proculum,
1127 5200 1216 5270 qui
1255 5208 1467 5269 quartus
1510 5199 1608 5267 {uit
1639 5199 1936 5267 episcopus,
1970 5200 2141 5268 ponti-

528 5294 741 5363 ﬁcatum
767 5295 986 5364 suscepit
1015 5293 1078 5350 S.
1108 5293 1424 5348 Saturninus
1441 5335 1456 5359 ,
1483 5293 1566 5346 cui
1595 5291 1828 5347 Lucilius
1854 5294 2132 5358 successit,

528 5399 641 5458 post
663 5402 812 5456 quem
842 5386 903 5443 8.
936 5386 1180 5442 Gricinus
1222 5385 1433 5451 doctor,
1473 5386 1555 5439 cui
1593 5383 1657 5438 Β.
1690 5383 1831 5439 Zeno
1871 5386 2129 5440 successit.

529 5476 682 5533 Hunc
705 5479 956 5536 eumdem
984 5478 1228 5533 ordinem
1254 5477 1307 5532 in
1336 5477 1614 5532 vetustiuri
1639 5484 1858 5531 auctore
1881 5475 2130 5545 legimus,

527 5571 617 5642 qui
643 5570 959 5642 rhythmum
988 5570 1056 5627 de
1083 5571 1317 5628 Veronae
1347 5570 1596 5626 laudibus
1638 5571 1874 5640 scripsit.
1908 5568 1966 5624 ιιι
1993 5585 2130 5640 opu-

523 5666 734 5723 sculum
765 5665 820 5723 in
865 5681 967 5724 ms.
1000 5664 1283 5723 Lobiensis
1327 5663 1641 5722 monasterii
1688 5663 1965 5720 inventum
1996 5665 2135 5733 (quo

519 5760 743 5823 allatum
773 5762 921 5820 credi
953 5769 1130 5833 potest
1158 5778 1188 5818 ιι
1221 5759 1480 5819 Ratlterio
1505 5759 1762 5832 episcopo
1782 5799 1797 5828 ,
1824 5771 1946 5816 cum
1975 5770 2007 5812 a
2036 5754 2137 5814 Vc-

2245 4638 2494 4693 actionem
2521 4646 2652 4694 tom.
2712 4655 2770 4694 ιιι
2804 4640 3037 4710 Operum
3064 4640 3120 4696 S.
3146 4641 3389 4713 Gregorii
3418 4659 3538 4714 pag.
3561 4643 3668 4699 215
3694 4663 3707 4700 :
3740 4645 3849 4701 Su-

2249 4749 2339 4800 per
2364 4734 2628 4804 diptycha.
2655 4732 2914 4789 Memento
2936 4737 3110 4802 etiam,
3130 4736 3368 4802 Domine,
3394 4739 3703 4809 fantulorum
3730 4751 3848 4794 luo-

2247 4842 2365 4879 rum
2396 4825 2491 4880 Ill.
2515 4869 2530 4892 ,
2559 4827 2646 4896 qui
2671 4844 2763 4882 nos
2794 4839 3161 4898 prwcesserunt
3204 4839 3252 4884 et
3303 4831 3566 4886 dormiunt
3594 4833 3647 4885 in
3668 4849 3849 4888 somno

2249 4920 2410 4989 pacis.
2442 4919 2573 4974 Post
2607 4937 2726 4990 qua:
2769 4921 2985 4976 nomina
3026 4917 3227 4994 sctﬁta
3260 4923 3315 4978 in
3343 4923 3610 4996 uiptychis
3651 4927 3846 4981 recita-

2249 5013 2477 5078 bantur;
2503 5014 2644 5070 uude
2671 5016 2948 5086 sequitur:
2983 5015 3114 5070 Item
3138 5027 3248 5086 post
3270 5018 3536 5073 lectionem
3553 5061 3568 5084 ,
3593 5021 3846 5075 nimirum

2246 5107 2650 5179 diptycltorum:
2673 5107 2817 5176 Istis,
2843 5108 3082 5175 Domine,
3106 5122 3153 5163 et
3165 5111 3396 5165 omnibus
3414 5111 3467 5165 in
3483 5109 3686 5166 Christo
3704 5113 3851 5182 quie-

2243 5202 2519 5268 scentibus,
2548 5217 2654 5260 etc.
2685 5203 2780 5260 Hic
2807 5215 2986 5260 autem
3020 5206 3156 5261 ritus
3187 5214 3307 5276 post
3335 5205 3604 5278 Anonymi
3635 5223 3851 5278 quoque

2243 5292 2511 5364 Pipiniani
2553 5305 2768 5352 tetatcm
2798 5298 2997 5369 viguit,
3031 5306 3092 5353 ut
3127 5313 3194 5353 ex
3224 5299 3549 5355 testimoniis
3579 5299 3745 5370 liquet
3772 5300 3852 5354 al-

2244 5386 2366 5440 latis
2392 5403 2423 5442 a
2453 5386 2513 5440 P.
2543 5388 2783 5444 Martenc
2802 5429 2815 5454 ,
2847 5399 2976 5443 tom.
3005 5405 3042 5454 t,
3073 5389 3141 5444 de
3171 5391 3405 5460 antiquis
3428 5390 3684 5446 Ecclesia:
3716 5390 3850 5445 ltiti-

2243 5477 2343 5534 bus
2369 5477 2462 5532 lib.
2495 5496 2540 5546 t,
2587 5495 2707 5551 cap.
2738 5481 2802 5546 4,
2833 5487 2938 5535 art.
2978 5483 3040 5548 7,
3083 5498 3233 5536 num.
3260 5482 3365 5547 24,
3394 5498 3514 5555 pag.
3541 5481 3667 5538 408.
3704 5481 3850 5537 Inter

2245 5568 2361 5626 haec
2391 5571 2626 5625 maxime
2657 5572 3064 5628 memorandum
3097 5573 3311 5629 videtur
3339 5574 3467 5630 illud
3494 5591 3561 5631 ex
3602 5575 3848 5630 Romano

2243 5663 2438 5719 ordine
2483 5662 2742 5720 Ecclesia:
2778 5664 3161 5722 Ambianensis
3209 5683 3352 5724 anno
3382 5668 3554 5736 “20,
3587 5669 3676 5724 ubi
3706 5669 3847 5724 scri-

2245 5768 2394 5828 ptum
2422 5757 2660 5829 legitur:
2713 5757 2999 5830 Memento,
3048 5759 3290 5832 Domine,
3320 5772 3366 5820 et
3409 5779 3619 5834 eorum,
3668 5778 3851 5837 nempe
