4242 6168
495 214 567 275 75
1853 204 2100 265 PROLEt

2203 204 2394 264 tlENA.
3581 258 3585 263 .
3732 224 3802 279 το

494 328 758 399 facileque
811 324 1104 391 confundi;
1147 323 1320 390 potior
1370 323 1481 379 imo
1510 329 1565 378 et
1608 322 1841 393 genuina
1871 322 2289 398 apparetAqui
2318 344 2350 385 a
2392 327 2452 386 s.
2497 328 2785 387 Ambrosio
2831 342 3183 400 memoratur,
3232 342 3286 390 et
3336 349 3458 390 cum
3502 350 3587 403 ea,
3636 352 3796 408 quam

497 419 722 477 aliorum
775 416 1022 474 codicum
1068 414 1447 470 Maximianum
1494 413 1843 469 scribentium
1891 412 2090 478 lectio,

497 528 616 585 qua:
644 510 861 584 quidem
899 510 952 566 in
983 509 1219 580 antiquis
1259 522 1390 565 mss.
1435 522 1570 579 quos
1599 506 1858 564 viderunt
1882 514 1938 563 et
1965 504 2096 560 alle-

494 614 688 679 garttnt
734 602 981 661 Bollandi
1015 602 1146 659 socii
1177 602 1244 658 ad
1287 601 1431 658 diem
1461 600 1532 656 24
1560 601 1736 657 martii
1777 600 1830 659 iu
1871 600 1931 656 S.
1964 597 2094 654 Pro-

498 698 627 765 culi,
650 697 866 755 iuventa
888 704 999 763 est;
1024 694 1403 752 Maximianum
1430 692 1575 750 enim
1593 692 1881 749 Mediolani
1902 690 2090 756 fuisse,

498 788 1040 862 persecutionemque
1099 787 1397 844 intendisse
1450 786 1710 842 adversus
1761 784 2091 840 christianos

499 880 837 937 notissimum
866 890 977 945 est;
1028 894 1091 935 ac
1131 879 1253 949 jure
1298 886 1579 949 propterea
1625 877 1683 933 S.
1735 877 1994 933 Proculus
2039 881 2093 931 et

500 974 596 1033 SS.
657 974 869 1032 Firmus
913 989 977 1029 ac
1024 974 1276 1029 Rusticus
1325 973 1379 1027 in
1416 972 1653 1043 antiquis
1702 970 2143 1043 Martyrologiis'

498 1068 767 1134 omnibus,
802 1081 1010 1123 necnon
1054 1067 1108 1122 in
1150 1065 1417 1133 Romano,
1451 1066 1760 1121 referuntur
1788 1065 1855 1120 ad
1887 1064 2095 1123 Diocle-

499 1163 627 1219 tiaui
678 1162 1093 1232 Maximianique
1147 1160 1575 1231 persecutionem
1600 1190 1626 1226 ,-
1661 1175 1782 1231 qua:
1835 1158 2096 1215 desaevire

499 1255 662 1326 C(Bpit
689 1271 777 1311 an.
810 1258 932 1314 505.
965 1258 1201 1325 Quartus
1227 1252 1406 1322 itaque
1453 1252 1783 1310 Veronensis
1811 1252 2096 1325 episcopus

497 1356 690 1427 quarto
719 1350 939 1407 ineunte
964 1352 1163 1408 sarculo
1191 1352 1392 1408 ﬂoruit.

571 1443 905 1510 Accedamus
931 1444 1000 1501 ad
1027 1454 1259 1514 sextum,
1290 1447 1372 1502 cui
1404 1459 1598 1499 nomen
1630 1442 1887 1506 Lucillus,
1914 1454 2008 1496 seu
2040 1447 2099 1495 ut

499 1535 553 1595 in
584 1537 739 1593 metri
795 1537 1103 1610 Rhythmici
1133 1554 1350 1595 causam
1392 1535 1973 1608 scripsit‘Anonymus
2002 1532 2095 1588 Pi-

503 1627 751 1695 pinianus
773 1626 1051 1697 Lucillius,
1077 1629 1213 1685 sicut
1240 1628 1497 1685 Isidorius
1525 1643 1622 1698 pro
1646 1626 1881 1681 Isidorus
1905 1624 2095 1681 eadem

2200 426 2523 475 tractatuum
2550 422 2756 476 auctori
2788 423 3054 492 superiori
3084 424 3262 495 capite
3289 425 3640 483 asserendam
3685 429 3796 484 evi-

2198 510 2516 568 dentissime
2542 512 3061 584 demonstravimus;
3095 530 3159 572 ac
3189 525 3478 587 propterea
3502 532 3659 574 error
3686 535 3801 575 ma-

2198 600 2427 658 nifestus
2456 617 2577 658 esse
2603 606 2946 676 cognoscitur
2971 606 3091 675 ille,
3134 623 3241 678 quo
3278 607 3511 664 Zenonis
3552 608 3797 681 ejusdem

2197 706 2331 755 mtas
2353 694 2422 751 ad
2450 695 2680 753 Gallieni
2712 698 2998 770 imperium
3025 701 3293 757 evehitur.
3319 702 3492 768 Quem
3513 718 3758 761 errorem
3781 746 3795 771 ,

2196 800 2319 843 cum
2364 784 2666 844 Coronatus
2695 788 2969 858 Notarius,
2999 807 3064 847 ex
3090 806 3198 863 quo
3227 792 3412 849 cmteri
3442 806 3796 867 acceperunt,

2197 880 2404 949 primus
2449 882 2741 949 sparserit,
2774 890 2833 937 ut
2870 885 3122 954 superius
3150 885 3490 955 monuimus;
3540 903 3608 945 ne
3634 904 3797 959 quem

2198 970 2488 1027 auctoritas
2521 971 2678 1041 hujus
2708 972 2793 1029 vel
2836 972 3030 1031 leviter
3058 984 3300 1045 moveat,
3333 978 3434 1050 etsi
3490 980 3623 1036 satis
3674 996 3799 1038 esse

2198 1064 2481 1133 deberent,
2509 1081 2632 1138 qua:
2658 1066 3001 1125 documentis
3028 1071 3294 1126 hactenus
3342 1073 3638 1144 propositis
3663 1088 3799 1130 con-

2197 1160 2503 1228 SIituimus,
2531 1161 2756 1234 majoris
2782 1171 2959 1220 tamen
2988 1163 3204 1221 roboris
3231 1166 3400 1236 gratia
3429 1165 3598 1237 ipsius
3626 1165 3800 1223 histo-

2199 1253 2333 1309 riam
2358 1254 2462 1311 huc
2484 1257 2838 1326 pertinentem
2866 1256 2934 1313 ad
2961 1272 3188 1314 examen
3220 1273 3418 1316 vocare
3439 1259 3571 1316 libet
3594 1278 3610 1316 :
3633 1275 3795 1331 quam

2199 1345 2245 1400 si
2275 1346 2396 1401 aliis
2442 1348 2711 1419 capitibus
2753 1347 3051 1405 fabulosam
3083 1359 3139 1404 et
3181 1350 3368 1405 falsam
3396 1350 3673 1408 evidenter
3702 1367 3797 1407 os-

2201 1437 2503 1505 tendemus,
2538 1439 2711 1510 palam
2746 1440 2989 1511 profecto
3027 1441 3119 1498 ﬁet
3158 1442 3395 1499 ebibisse
3432 1458 3555 1500 eum
3582 1460 3649 1500 ex
3680 1452 3798 1499 tur-

2201 1529 2326 1586 bido
2352 1530 2532 1602 aliquo
2557 1530 2727 1600 fonte,
2756 1542 2816 1588 ut
2843 1533 2974 1588 nihil
2997 1534 3049 1590 ei
3078 1549 3338 1607 cogamur
3363 1535 3530 1593 ﬁdere
3554 1537 3607 1593 in
3637 1538 3802 1594 chro-

2202 1624 2318 1678 nica
2343 1625 2600 1695 temporis
2627 1626 2926 1694 notatione,
2948 1643 3070 1684 cum
3100 1630 3400 1698 praesertim
3431 1629 3533 1687 hac
3562 1631 3616 1687 in
3646 1640 3800 1702 parte

501 1718 571 1775 de
615 1734 775 1776 causa
831 1722 1174 1779 scribendum
1227 1737 1384 1779 versu
1425 1724 1585 1778 tertio
1629 1718 1870 1776 Maﬁeius
1917 1728 2101 1775 noster
2130 1716 2178 1778 B
2207 1723 2284 1772 tot
2325 1716 2543 1788 antiqua
2585 1719 2909 1776 documenta
2954 1722 3065 1793 jam
3111 1723 3448 1780 considerata
3499 1725 3673 1796 palam
3714 1742 3803 1783 re-

500 1811 757 1869 ostendit.
798 1812 955 1889 Apud
1003 1814 1061 1869 ὃ.
1112 1815 1373 1871 Hilarium
1406 1814 1458 1870 in
1500 1813 1826 1883 Fragmeuto
1868 1811 1922 1877 2,
1971 1824 2093 1881 pag.

499 1906 624 1971 652,
662 1918 784 1977 post
813 1909 1126 1980 synodicam
1162 1907 1539 1965 Sardicensem
1572 1908 1638 1963 ad
1667 1906 1866 1963 iulium
1895 1905 2096 1976 Papam

496 2000 749 2071 leguntur
792 2002 1214 2071 subscriptiones
1262 2003 1638 2071 episcoporum
1678 2015 1789 2066 ιιι,
1815 1999 1869 2054 ἰη
1897 1997 2098 2069 quibus

498 2093 762 2164 vigesimo
791 2094 931 2161 loco,
966 2093 1153 2149 Lucius
1176 2093 1239 2149 ab
1267 2092 1425 2149 Italia
1452 2093 1514 2148 de
1560 2092 1784 2147 Verona.
1827 2090 1973 2147 Idem
2003 2090 2096 2146 lla-

499 2186 657 2242 betur
697 2188 840 2244 inter
877 2188 1302 2258 subscriptiones
1348 2189 1417 2243 ab
1448 2188 1639 2244 iisdem
1681 2187 2094 2244 Sardicensibus

499 2282 771 2352 cpisc0pis
814 2282 1083 2354 subjectas
1130 2283 1186 2340 S.
1216 2282 1498 2338 Athanasii
1547 2282 1739 2337 litteris
1782 2281 1849 2336 ad
1893 2281 2096 2337 elerum

500 2372 836 2443 Mareotidis,
868 2389 1003 2444 quas
1031 2390 1097 2430 ex
1137 2374 1512 2445 antiquissimo
1554 2387 1656 2428 ms.
1686 2371 1906 2443 capituli
1935 2371 2098 2428 Vero-

503 2466 687 2531 nensis
729 2466 1065 2525 clarissimus
1108 2466 1564 2537 doctissimusque
1606 2474 1789 2520 noster
1817 2464 1957 2521 civis
2000 2465 2121 2519 itu--

500 2562 736 2632 perrime
760 2562 1005 2633 produxit
1029 2565 1079 2617 in
1102 2562 1296 2629 lucem,
1334 2572 1463 2616 tom.
1486 2577 1543 2617 nr
1568 2560 1852 2625 Observat.
1879 2560 2095 2625 Litter.,

499 2670 620 2726 pag.
670 2656 762 2712 58.
814 2655 966 2711 Lucii
1018 2670 1115 2725 pro
1156 2654 1344 2712 Lucilli
1392 2669 1588 2710 nomen
1640 2668 1708 2709 ne
1752 2664 1987 2720 moveat,
2037 2651 2095 2708 S.

500 2751 827 2808 Athanasius
875 2750 1123 2807 eumdem
1176 2750 1266 2819 qui
1314 2749 1369 2805 in
1421 2748 1693 2820 synodicis
1738 2747 2098 2804 subscribitur

500 2844 719 2911 Lucius,
750 2844 961 2899 duobus
981 2844 1032 2897 in
1062 2842 1196 2898 locis
1225 2842 1485 2896 Lucillum
1506 2840 1833 2910 appellavit:
1866 2841 1919 2895 in
1951 2838 2100 2908 Apo-

504 2938 642 3009 logia
671 2937 737 2995 ad
763 2937 1156 3003 Constantium,
1191 2950 1416 2991 numero
1446 2935 1501 3001 '5,
1534 2932 1799 3005 pag.297.
1822 2934 2101 2995 Λούκιλλος

501 3031 529 3088 ὁ
568 3034 615 3087 ἐν
642 3034 846 3109 Βερωνὶ,
885 3029 1118 3085 Lucillus
1161 3029 1392 3094 Veronae,
1425 3041 1586 3098 quam
1612 3027 1802 3082 urbem
1834 3025 2098 3094 licetxuou

2202 1821 2460 1882 pugnent.

2204 1941 2351 2020 §‘lV.
2391 1980 2461 1990 ——
2492 1947 2733 2006 Coronati
2768 1950 2976 2007 Notarii
3005 1954 3235 2009 narratio
3261 1970 3361 2026 qua
3386 1953 3615 2013 Gallieni
3636 1955 3804 2026 impe-

2272 2042 2457 2095 ratoris
2507 2051 2633 2096 artas
2686 2041 2884 2099 Zenoni
2937 2044 3253 2115 attribuitur,
3296 2062 3552 2119 expensa,
3606 2047 3805 2121 fabulis

2272 2143 2467 2189 scatere
2495 2137 2797 2193 ostenditur.

2271 2267 2601 2329 Coronatum
2640 2273 2919 2332 Notarium
2975 2274 3150 2332 Vitam
3200 2274 3257 2333 S.
3304 2276 3540 2334 Zenonis
3569 2278 3803 2346 septimo

2201 2362 2286 2418 vel
2316 2375 2507 2420 octavo
2537 2367 2740 2423 saeculo
2770 2369 3056 2440 scripsisse
3084 2371 3138 2426 in
3164 2369 3537 2427 admonitione
3573 2370 3639 2427 ad
3674 2371 3803 2427 Ho-

2204 2469 2446 2515 numenta
2485 2457 2811 2517 videbimus.
2857 2461 2956 2517 Hic
2998 2471 3182 2518 autem
3228 2462 3296 2519 de
3327 2464 3387 2519 Β.
3432 2462 3668 2519 Zenonis
3698 2465 3805 2519 vita

2203 2554 2424 2625 praprie
2452 2567 2665 2626 sumpta
2696 2556 2831 2612 nihil
2864 2557 2974 2613 fere
3002 2559 3210 2629 prodit,
3244 2558 3382 2614 adeo
3438 2565 3497 2612 ut
3533 2556 3601 2613 de
3628 2557 3807 2614 Zeno-

2204 2648 2289 2703 nis
2313 2648 2483 2719 ipsius
2510 2651 2677 2720 gestis
2708 2650 2843 2706 nihil
2876 2651 3070 2708 litteris
3113 2653 3369 2708 traditnm
3409 2652 3689 2721 accepisse
3728 2653 3810 2708 vi-

2203 2740 2415 2797 deatur.
2433 2742 2538 2799 Sed
2566 2744 3026 2813 quemadmodum
3056 2744 3369 2810 Ratherius,
3394 2744 3592 2801 decimi
3618 2745 3807 2801 saeculi

2205 2834 2493 2904 episcopus
2512 2835 2860 2901 Veronensis,
2877 2836 2945 2892 de
2967 2838 3022 2894 S.
3042 2836 3283 2895 Metrone
3307 2836 3511 2906 aliquid
3531 2836 3806 2902 dicturus,

2206 2925 2274 2980 de
2314 2942 2421 2997 quo
2447 2927 2579 2983 nihil
2611 2928 2872 2998 scriptum
2911 2927 3084 2985 fuisse
3113 2929 3487 3000 conqueritur,
3530 2928 3582 2983 id
3621 2928 3810 2987 dicere

2205 3029 2423 3074 coactus
2451 3018 2552 3075 fuit
2571 3061 2587 3087 ,
2618 3019 2757 3090 quod
2786 3021 2927 3091 plebs
2953 3022 3162 3076 indocta
3190 3020 3426 3087 canebat,
3457 3029 3516 3075 ut
3544 3021 3711 3092 liquet
3737 3035 3807 3076 ex

499 3101 745 3198 designet
771 3127 826 3181 in
856 3126 1025 3181 altera
1057 3125 1341 3196 Apologia,
1374 3138 1522 3178 num.
1554 3122 1643 3189 50,
1676 3139 1726 3193 p.
1759 3122 1894 3190 168,
1923 3132 2100 3179 tamen
2128 3101 2176 3169 C
2208 3115 2470 3183 opusculo
2501 3114 2742 3183 ejusdem
2778 3114 3021 3171 llatherii
3059 3115 3352 3172 novissime
3382 3113 3531 3170 edito
3575 3114 3628 3169 itt
3656 3114 3810 3168 calce

499 3219 734 3275 Lucillus
759 3219 960 3275 ibidem
993 3217 1164 3292 [uix]
1187 3232 1330 3273 nono
1372 3217 1490 3273 loco
1517 3217 1818 3287 appellatus
1844 3218 1986 3272 inter
2006 3231 2104 3273 eos

501 3314 787 3382 episcopos
837 3312 926 3381 qui
977 3310 1283 3366 Sardicensi
1313 3310 1397 3365 vel
1425 3309 1809 3376 interfuerunt,
1861 3310 1945 3365 vel
1973 3325 2104 3366 con-

501 3412 807 3469 senserunt,
832 3401 1161 3458 Veronensis
1186 3417 1307 3457 esse
1352 3402 1716 3472 cognoscitur,
1756 3400 2045 3457 distinctus
2071 3416 2101 3456 a

501 3496 687 3564 Lucio,
718 3497 809 3568 qui
839 3496 1176 3567 sexagesimo
1205 3496 1323 3550 loco
1361 3495 1665 3565 descriptus
1710 3506 1826 3565 est,
1878 3496 2102 3551 alterius

503 3590 971 3660 urbisepiscopus.
989 3587 1120 3643 utin
1144 3588 1255 3658 ipsa
1279 3588 1494 3658 quidem
1520 3588 1773 3660 synodica
1790 3588 2100 3645 Sardicensi

501 3684 641 3738 alter
665 3697 694 3736 a
729 3681 1026 3737 Veronensi
1056 3680 1247 3737 eodem
1283 3681 1501 3735 nomine
1529 3682 1904 3736 subscribitur.
1936 3681 2104 3753 Igitur

502 3774 698 3830 Lucius
729 3776 815 3830 hic
840 3774 1100 3847 (Lucilius
1132 3774 1269 3830 forte
1292 3775 1363 3829 ob
1392 3790 1608 3844 parvam
1648 3783 1909 3831 staturam
1938 3758 2117 3831 dimi?

504 3868 688 3923 nutive
717 3867 875 3937 vulgo
900 3865 1101 3939 dictus)
1126 3867 1266 3922 inter
1294 3866 1643 3923 Sardicenses
1670 3867 1856 3922 Patres
1883 3867 1985 3923 fuit
2005 3883 2095 3922 an.

503 3960 628 4026 547,
673 3957 781 4013 imo
824 3974 888 4013 ex
933 3958 1306 4013 Athanasianae
1330 3958 1608 4029 Apologia:
1626 3959 1805 4014 verbis
1847 3961 1913 4012 ad
1957 3958 2100 4013 Con-

506 4054 758 4109 stantium
790 4052 931 4108 inter
961 4053 1112 4107 vivos
1138 4052 1313 4108 adhuc
1340 4053 1502 4108 luisse
1528 4052 1901 4119 videtur,cum
1931 4051 2100 4109 Atha-

432 4130 439 4141 ’
502 4147 822 4202 nasiusenm
840 4145 1033 4201 librum
1051 4146 1288 4217 scripsit,
1314 4145 1459 4201 idest
1483 4161 1625 4201 anno
1647 4145 1774 4212 556‘,
1801 4145 1883 4201 vel
1907 4146 2099 4201 saltem

501 4240 554 4295 id
587 4240 842 4311 temporis
891 4256 1014 4295 eum
1063 4240 1388 4295 Athanasius
1441 4240 1627 4294 vivum
1678 4239 1978 4309 appellans,
2028 4239 2097 4294 de

498 4331 617 4400 ejus
646 4341 819 4388 morte
846 4332 976 4388 nihil
993 4332 1253 4389 audierat.
1276 4330 1506 4405 Hujusce
1524 4332 1598 4385 rei
1617 4332 1754 4386 testis
1771 4341 1864 4398 est,
1893 4330 2087 4400 inquit,

502 4420 911 4480 Fortunatianus
960 4426 1205 4495 Aquileia
1247 4425 1534 4496 episcopus.
1573 4423 1683 4478 Hoc
1713 4424 1883 4493 ipsum
1930 4432 2094 4494 potest

502 4517 664 4586 patris
707 4516 856 4570 llosii
886 4518 1171 4573 testimonio
1210 4518 1528 4587 conﬁrmari.
1558 4515 1721 4571 Testis
1752 4518 1871 4570 item
1900 4515 2099 4585 Crispi-
2123 4486 2176 4547 Β

500 4623 597 4661 nus
652 4604 873 4671 Patavii,
929 4606 1159 4663 Lucillus
1196 4607 1425 4672 Veronae,
1470 4606 1751 4678 Dionysius
1804 4606 1999 4672 Leidis,
2050 4616 2096 4660 et

514 4696 811 4753 Vincentius
845 4699 901 4753 in
944 4698 1227 4770 Campania
1268 4698 1557 4769 episcOpus.
1607 4697 1672 4750 Et
1709 4698 1830 4767 quia
1869 4697 2097 4767 defuncti

503 4798 620 4845 sunt
653 4787 988 4856 Maximinus,
1020 4801 1153 4856 etc.,
1181 4789 1375 4859 quibus
1400 4788 1727 4842 Athanasius
1767 4787 2032 4841 Lucillum
2062 4801 2094 4842 a

504 4879 771 4937 defunctis
791 4881 1147 4951 distinguens,
1179 4882 1357 4935 vivum
1379 4890 1565 4948 aperte
1595 4878 1843 4935 credidit.
1876 4878 2029 4935 Nunc
2052 4880 2098 4936 si

503 4983 726 5043 quartus
744 4973 1065 5029 Veronensis
1090 4974 1376 5044 episcopus
1395 4973 1653 5028 Proculus
1672 4973 1890 5029 ineunte
1905 4981 2098 5042 quarto

503 5067 701 5123 saeculo
726 5066 927 5134 ﬂoruit,
960 5078 1143 5123 sextus
1170 5072 1347 5119 autem
1390 5065 1628 5122 Lucillus
1669 5068 1886 5122 vivebat
1923 5063 2100 5122 adhuc

506 5169 625 5231 post
652 5160 889 5221 medium
921 5159 1374 5225 idemszeculnm,
1392 5174 1533 5215 anno
1553 5158 1680 5225 556,
1700 5161 1820 5230 quis
1853 5176 1956 5215 non
1982 5171 2097 5216 sta-

504 5258 600 5310 tim
632 5254 891 5324 intelligat
937 5255 1078 5324 (cutn
1122 5253 1189 5309 de
1216 5254 1446 5324 catalogi
1488 5252 1680 5308 ordine
1715 5254 2097 5323 ambigendum

505 5362 570 5401 ex
600 5347 758 5403 dictis
789 5361 896 5402 non
928 5345 1018 5419 sit)
1058 5346 1351 5411 Zenonem,
1389 5347 1480 5417 qui
1509 5355 1730 5401 octavus
1760 5358 2097 5415 recensetur,

505 5443 780 5511 aliquanto
816 5449 941 5511 post
967 5441 1111 5495 hunc
1141 5455 1372 5503 annum,
1412 5448 1466 5494 ut
1506 5439 1830 5496 iutermedio
1869 5442 2099 5510 septimo

508 5533 742 5589 Antistiti
769 5531 989 5589 Gricino
1008 5532 1207 5602 aliquid
1236 5532 1495 5603 temporis
1524 5530 1649 5587 licet
1675 5532 1976 5588 brevissimi
2008 5533 2103 5589 tri-

508 5630 717 5691 buatur,
758 5627 809 5682 in
835 5625 1201 5680 Veronensum
1249 5624 1558 5681 cathedram
1588 5624 1925 5693 ascendisse;
1956 5627 2099 5697 quod

506 5736 637 5781 SJHC
663 5727 876 5793 tempus
891 5719 1095 5789 optime
1117 5719 1364 5790 congruit
1384 5734 1506 5776 cum
1526 5725 1684 5774 letale
1698 5718 1819 5791 ejus
1847 5718 2100 5789 Zenonis,

2206 3203 2349 3259 Libri
2373 3204 2408 3259 Ι
2414 3207 2522 3262 uris
2547 3207 2712 3262 civilis
2733 3208 2875 3262 urbis
2894 3207 3115 3262 Verona:
3139 3224 3158 3261 :
3186 3205 3257 3261 ita
3282 3205 3611 3271 Coronatus,
3637 3206 3810 3276 scrip-

2208 3306 2358 3353 turus
2385 3299 2563 3370 aliqua
2594 3299 2662 3355 de
2707 3299 2765 3356 S.
2813 3300 3054 3368 Zenone,
3087 3299 3157 3355 de
3201 3315 3310 3370 quo
3346 3298 3481 3355 nihil
3523 3308 3807 3355 exaratum

2204 3393 2415 3449 calamo
2446 3402 2754 3464 repererat,
2809 3408 2873 3449 ea
2905 3392 3081 3449 solum
3112 3392 3344 3462 prodere
3372 3391 3560 3448 debuit
3588 3407 3708 3463 qua:
3735 3391 3807 3448 ob

2204 3485 2572 3541 celebritatem
2590 3496 2645 3541 et
2665 3484 3080 3541 admirationem
3098 3484 3282 3555 populi
3302 3484 3499 3539 animis
3516 3483 3804 3554 impressa,

2204 3580 2453 3650 populari
2480 3580 2712 3651 quadam
2746 3578 3035 3635 traditione
3064 3577 3379 3633 ferebantur
3414 3577 3663 3649 quaedam
3718 3578 3807 3631 ni-

2205 3672 2403 3726 mirum
2432 3671 2662 3742 insignia
2682 3672 2967 3735 miracula,
2992 3671 3060 3726 de
3080 3670 3278 3741 quibus
3295 3669 3605 3725 diuturnior
3625 3669 3808 3738 vigere

2205 3766 2345 3822 solet
2396 3767 2678 3833 memoria,
2735 3782 2855 3837 qua:
2898 3774 3080 3822 tamen
3132 3765 3250 3835 ipsa
3277 3781 3345 3822 ex
3375 3766 3557 3837 populi
3588 3765 3809 3837 ingenio

2206 3861 2389 3915 multis
2438 3860 2655 3927 additis,
2701 3862 2825 3915 aliis
2870 3860 3122 3929 demptis,
3179 3858 3265 3915 vel
3294 3859 3518 3913 mutatis
3562 3874 3592 3913 a
3623 3857 3810 3914 nativo

2204 3961 2350 4008 statu
2406 3953 2635 4008 multum
2681 3953 2937 4019 deﬁcere,
2976 3961 3033 4007 et
3078 3951 3229 4006 falsis
3267 3950 3544 4007 nonnullis
3591 3951 3810 4006 addita-

2205 4044 2402 4098 mentis
2430 4044 2500 4097 ita
2532 4043 2887 4098 contaminari
2919 4054 3342 4109 consueverunt,
3372 4044 3584 4116 utquid
3615 4060 3807 4101 verum

2204 4133 2470 4189 falsumve
2491 4135 2580 4202 sit,
2612 4136 2909 4190 internosci
2937 4145 2992 4192 et
3021 4137 3187 4192 statui
3217 4138 3521 4206 smpissime
3545 4144 3802 4208 nequeat.

2205 4226 2355 4283 Hanc
2385 4227 2643 4283 Coronati
2684 4229 3076 4296 narrationem,
3104 4244 3224 4300 quas
3253 4229 3557 4285 Gallienum
3596 4228 3807 4300 tangit,

2204 4318 2384 4391 legere
2412 4320 2613 4389 poteris
2638 4336 2789 4376 num.
2816 4320 2850 4375 4
2871 4330 2927 4377 et
2947 4336 3063 4392 seq.
3084 4321 3134 4375 in
3163 4321 3276 4391 ipsa
3301 4320 3443 4388 Vita,
3468 4337 3630 4393 quam
3661 4322 3810 4377 inter

2207 4411 2552 4468 Monumenta
2598 4415 2860 4484 integram
2907 4414 3085 4484 primo
3131 4414 3253 4469 loco
3282 4413 3556 4471 dabimus.
3589 4413 3646 4469 In
3680 4429 3809 4470 eam

2205 4519 2355 4571 vero,
2389 4515 2445 4559 ut
2466 4504 2626 4578 [cxx]
2676 4520 2837 4576 quam
2871 4504 3251 4574 improbabilia
3281 4505 3449 4561 multa
3496 4506 3804 4572 contineat,

2204 4598 2432 4671 quisque
2459 4599 2771 4669 perSpiciat,
2797 4598 2913 4654 haec
2940 4614 3082 4655 nunc
3102 4598 3369 4655 adnotare
3399 4600 3595 4671 placet.
3614 4599 3808 4655 Primo

2203 4694 2397 4749 mirum
2427 4692 2558 4747 illud
2590 4693 2786 4748 factum
2833 4708 2943 4762 quo
2966 4693 3123 4748 unica
3152 4692 3386 4749 Gallieni
3420 4693 3549 4760 tilia,
3578 4692 3806 4749 Zenone

2203 4786 2267 4843 ad
2295 4776 2678 4857 imperatorem
2707 4801 2806 4857 per
2842 4786 3060 4842 nuntios
3097 4788 3294 4854 accito,
3328 4802 3357 4841 a
3389 4787 3636 4843 daemone
3666 4788 3810 4845 libe-

2202 4889 2316 4934 rata
2346 4878 2573 4933 mirifice
2612 4878 2863 4943 traditur,
2890 4877 3028 4933 adeo
3059 4879 3270 4949 insigne
3310 4890 3363 4935 et
3402 4879 3646 4934 solemne
3675 4894 3802 4937 esse

2203 4970 2409 5037 debuit,
2466 4982 2524 5023 ut
2555 4970 2869 5026 incredibile
2913 4969 3074 5041 plane
3118 4970 3188 5024 sit
3224 4970 3370 5040 quod
3421 4986 3518 5041 per
3560 4975 3807 5042 quinque

2204 5064 2421 5118 circiter
2462 5063 2654 5116 sarcula
2689 5061 2821 5116 nihil
2848 5061 2916 5116 de
2949 5060 3042 5116 illo
3074 5062 3273 5118 litteris
3303 5063 3571 5133 quispiam
3618 5064 3805 5134 prodi-

2203 5156 2366 5223 derit,
2398 5157 2712 5226 primusque
2737 5154 2827 5224 qui
2850 5153 2967 5224 ejus
2987 5151 3174 5209 fecerit
3194 5154 3547 5221 mentionem,
3565 5154 3804 5225 septimo

2205 5250 2290 5304 vel
2334 5260 2525 5305 octavo
2565 5248 2764 5304 smculo
2794 5248 3097 5305 Coronatus
3139 5248 3393 5304 Notarius
3441 5248 3621 5305 fuerit.
3664 5249 3801 5305 Dein

2211 5360 2356 5399 num.
2390 5342 2444 5410 5,
2478 5344 2865 5399 monasterium
2907 5343 2959 5397 in
2993 5357 3101 5412 quo
3129 5342 3187 5399 S.
3215 5342 3361 5399 Zeno
3388 5358 3513 5399 cum
3554 5343 3805 5414 pluribus

2206 5436 2324 5491 aliis
2369 5448 2420 5490 et
2451 5436 2641 5491 eodem
2690 5435 2909 5514 quidem
2962 5433 3194 5491 Zenonis
3249 5436 3469 5492 nomine
3516 5435 3804 5508 appellatis

2204 5527 2443 5600 degeret,
2490 5530 2716 5585 Veron-.0
2741 5528 3012 5598 publicum
3046 5527 3214 5584 fuisse
3245 5528 3534 5597 indicatur,
3560 5528 3703 5598 quod
3731 5527 3805 5585 de

2208 5624 2380 5678 tribus
2402 5623 2586 5692 primis
2613 5621 2846 5687 smculis,
2876 5635 2997 5674 cum
3028 5620 3324 5677 Christiani
3360 5622 3801 5691 persecutionum

2211 5734 2372 5775 causa
2401 5717 2694 5784 latitantes,
2744 5713 2878 5769 nihil
2908 5712 3139 5784 publicat
3194 5712 3574 5773 mditicatiouis
3611 5714 3805 5785 praste-
