4242 6168
360 287 414 343 Π
1163 270 1639 331 DISSERTATIO
1675 271 1718 340 ι,
1760 264 1854 326 ne
1885 260 1946 322 s.
1983 258 2154 317 seu.
2182 260 2447 322 'rnAC'r.
2485 262 2577 321 ET
2608 263 2902 325 mare.
3522 264 3525 267 '
3706 279 3780 340 τε

359 396 528 461 rebant,
551 391 881 451 incredibile
901 381 1135 445 omnino
1163 394 1283 443 est.
1313 387 1595 444 Praeterea
1620 377 1974 455 imperatoris
2004 377 2052 437 Α
2086 385 2279 447 patum
2314 377 2652 436 certioribus
2684 396 2965 441 annorum
2992 385 3268 444 limitibus
3300 384 3778 457 circumscribere

361 487 533 545 nomine
556 485 708 543 Zeno
758 491 985 558 rogatus
1018 484 1076 531 ut
1104 475 1221 531 lilia
1234 494 1291 531 ιιι
1328 479 1455 548 ejus
1477 493 1507 533 a
1531 480 1783 534 dmtnone
1808 484 1985 527 vexa-

365 592 447 636 lam
466 587 685 645 sanaret,
717 594 843 634 cum
884 589 951 633 eo
985 567 1288 641 profectus
1320 571 1589 640 ejecisset
1613 564 1984 625 dirmonium,

364 687 563 729 coronam
614 671 873 740 regalem,
916 677 1078 739 quam
1129 663 1273 731 ipse
1330 661 1992 729 Gailienusimperator

365 764 492 833 capite
535 776 625 815 suo
665 760 919 830 gestabat,
975 751 1045 809 ab
1085 751 1314 808 eodem
1371 752 1666 820 accepisse
1723 746 1991 808 traditur,

366 870 488 928 quam
514 869 628 913 mox
658 854 990 923 pauperibus
1017 843 1323 901 distribuit
1358 862 1371 899 :
1404 860 1528 899 cum
1562 850 1709 896 ante
1742 836 1999 894 Aurelia-

368 944 471 1004 nnnt
491 945 534 1001 id
558 945 777 1014 generis
803 946 1180 999 ornamentum
1221 936 1505 993 Romanis
1538 929 2002 1001 imperatoribus

366 1056 450 1103 non
478 1036 614 1092 fuerit
649 1034 706 1091 in
743 1050 883 1090 usu.
917 1030 1044 1102 Quis
1071 1029 1197 1084 dein
1238 1028 1393 1083 tueri
1420 1021 1819 1097 probabiliter
1849 1030 2002 1091 pote-

362 1135 420 1191 rit
451 1131 700 1191 ethnicunt
775 1127 1172 1196 imperatorem
1233 1120 1460 1178 Zenoni
1499 1114 1886 1175 concessisse
1942 1118 2002 1167 ut

361 1228 479 1284 idola
501 1224 654 1283 omnia
679 1222 1022 1286 destrueret,
1066 1224 1112 1270 et
1146 1217 1201 1270 in
1230 1214 1437 1271 Christi
1470 1209 1698 1267 nomine
1754 1207 1997 1263 ecclesias

358 1321 624 1393 fabricaret;
670 1313 880 1384 idque,
923 1325 1045 1367 cum
1078 1310 1123 1364 is
1148 1307 1437 1364 Veronam
1482 1297 1837 1393 repeliisset,
1878 1299 1992 1393 iac-

360 1390 456 1473 tum
494 1412 638 1468 fuisse
659 1406 682 1461 ‘l
706 1406 783 1463 ita
816 1414 893 1462 ut
932 1418 1055 1460 cum
1085 1416 1153 1457 ne
1181 1415 1295 1455 una
1335 1397 1555 1470 quidem
1590 1390 1822 1465 publica
1850 1390 1981 1446 alibi

358 1502 628 1567 christianis
678 1497 948 1557 ecclesia
1006 1493 1198 1559 fuerit,
1250 1492 1486 1547 Veroncc
1537 1503 1636 1557 per
1693 1484 1980 1541 Zenonem

356 1594 658 1669 imperatoris
696 1591 818 1662 ejus
858 1587 1138 1645 mandato
1164 1585 1352 1656 plures
1377 1582 1581 1638 iuerint
1610 1572 1983 1669 constructae,

356 1667 438 1749 uti
462 1686 682 1760 proditur
716 1699 772 1737 n.
808 1682 878 1739 7.
923 1678 1042 1737 Sed
1092 1679 1247 1749 plura
1273 1676 1407 1743 alia,
1452 1690 1574 1745 qua:
1623 1667 1986 1760 considerari

2092 470 2249 526 licet.
2309 473 2545 529 Sextum
2628 474 3023 538 Veronensem
3103 483 3431 554 episcopum
3495 484 3772 550 Lucillum

2094 560 2435 657 vixisse—an.
2482 563 2622 631 556,
2647 580 2746 623 aut
2796 574 2995 629 saltem
3031 573 3323 649 (siquidem
3371 576 3581 638 obierit
3611 589 3769 657 paulo

2098 655 2252 724 ante)
2282 655 2479 710 vivum
2516 670 2587 710 eo
2628 674 2780 717 anno
2820 666 2891 721 ab
2921 666 3221 722 Athanasio
3246 665 3550 737 judicatum
3602 655 3768 734 luisse

2101 743 2433 802 luculenter
2466 748 2837 816 probavimus
2866 758 2894 830 §
2927 761 2984 816 '5.
3009 759 3221 815 Lucilio
3260 772 3439 819 autem
3472 766 3723 827 Gricinus
3745 810 3760 834 ,

2104 852 2203 894 seu
2234 840 2567 930 Gricbinus
2596 859 2663 901 ex
2706 852 3083 923 catalogorum
3123 853 3313 910 ordine
3339 862 3602 930 septimus
3632 877 3757 918 suc-

2106 932 2273 1023 cessit
2307 947 2323 985 :
2380 928 2540 1023 hunc
2571 944 2750 994 autem
2786 952 3015 998 octavus
3063 947 3277 1015 excepit
3305 947 3359 1003 S.
3390 928 3555 1020 Zeno,
3589 964 3753 1023 quem

2106 1022 2328 1116 quidem
2408 1021 2675 1116 Bricitini,
2735 1036 2811 1088 uti
2866 1034 3144 1104 appellat,
3203 1052 3572 1101 successorem
3607 1021 3770 1116 ipse.

2105 1114 2266 1171 etiam
2284 1113 2560 1174 Andreas
2577 1122 2859 1181 Dantlulns
2892 1128 2943 1180 in
2971 1116 3239 1186 Chronico
3269 1136 3521 1203 prodidit,
3542 1138 3642 1192 lib.
3661 1113 3765 1207 iv,

2102 1218 2221 1278 cap.
2253 1209 2307 1275 5,
2348 1216 2490 1265 tom.
2527 1228 2607 1269 xu
2645 1214 2851 1272 Rerum
2906 1214 3100 1286 ltalic.,
3132 1236 3253 1294 pag.
3304 1227 3392 1281 '55.
3422 1226 3597 1283 Porro
3643 1228 3771 1284 Ze-

2096 1312 2295 1355 nonem
2331 1299 2453 1357 vita
2474 1302 2586 1375 jam
2612 1306 2898 1373 functum,
2939 1321 3061 1365 cum
3100 1313 3157 1370 S.
3192 1317 3511 1376 Ambrosius
3538 1320 3608 1376 ad
3650 1319 3776 1395 Sy-

2093 1398 2301 1468 agrium
2362 1400 2618 1470 scripsit,
2650 1402 2858 1458 eadem
2917 1406 3072 1460 tertio
3111 1415 3451 1485 paragrapho
3497 1417 3768 1476 ostendi.

2091 1507 2234 1547 mus.
2268 1491 2429 1548 Hanc
2450 1506 2629 1551 autem
2659 1496 2967 1552 Ambrosii
2994 1503 3273 1571 epistolam
3302 1509 3540 1568 editores
3566 1513 3761 1575 Bene.

2092 1582 2279 1638 dictini
2328 1584 2562 1658 alligant
2613 1602 2757 1643 anno
2790 1587 3042 1651 circiter
3069 1598 3196 1669 380,
3248 1602 3318 1657 ita
3362 1615 3541 1663 tamen
3580 1620 3644 1665 ut
3697 1613 3750 1670 in

2093 1676 2285 1733 ordine
2310 1677 2699 1753 ehronoiogico
2740 1677 3130 1747 epistolarum
3169 1696 3453 1755 advertant
3503 1718 3598 1759 eos
3652 1710 3748 1776 qui

355 1759 575 1854 posse“,
603 1776 937 1837 omittamus
973 1788 988 1826 :
1025 1771 1141 1827 lucc
1169 1770 1316 1826 enim
1346 1766 1414 1823 ad
1446 1762 1779 1821 narrationis
1808 1759 1987 1829 hujus
2016 1765 2064 1826 B
2092 1766 2234 1823 bunc
2263 1784 2468 1827 annum
2511 1773 2769 1844 ingerunt
2803 1784 2876 1828 et
2914 1779 3211 1854 inculcant,
3256 1792 3455 1846 nullam
3485 1759 3746 1867 epimenia

350 1878 640 1949 figmentum
664 1866 1176 1927 demonstrandum
1190 1864 1333 1936 apud
1361 1864 1588 1919 idoneos
1600 1858 1816 1949 judices
1838 1856 1995 1949 satis

347 1947 601 2040 superque
624 1973 761 2021 sunt.
788 1962 854 2017 Si
882 1975 1028 2016 vero
1048 1958 1254 2029 aliquid
1277 1959 1391 2014 veri
1419 1956 1563 2011 inter
1584 1947 1991 2022 improbabilia

347 2065 485 2126 latet,
515 2058 641 2116 illud
670 2072 830 2117 unum
867 2053 1160 2124 conjicere
1208 2065 1524 2123 possumus,
1561 2051 1681 2102 nam
1724 2042 1994 2099 Corona-

347 2164 449 2211 tum
490 2169 554 2209 ex
598 2150 732 2220 vulgi
783 2145 1093 2203 traditione
1140 2143 1259 2201 sine
1304 2143 1418 2199 ullo
1462 2138 1725 2197 examine
1775 2134 1993 2189 litteris

340 2244 651 2320 prodidisse.
686 2238 978 2295 Traditum
1012 2236 1259 2293 fortassis
1291 2236 1472 2291 fuerat
1529 2227 1836 2302 antiquitus
1871 2226 1993 2283 Ze-

339 2354 526 2401 nonem
561 2333 839 2405 cujusdam
867 2330 1105 2397 Gallieni
1134 2329 1297 2389 liliam
1317 2344 1347 2384 a
1375 2330 1637 2383 (immane
1664 2321 1951 2379 liberasse
1971 2363 1986 2388 ,

339 2446 533 2493 etcum
568 2429 724 2498 vulso
752 2434 912 2485 notus
938 2432 1090 2480 esset
1132 2421 1415 2479 Gallienus
1450 2421 1800 2490 imperator.
1841 2411 1987 2468 Gal-

337 2529 461 2584 lieni
516 2520 853 2594 imperatoris
906 2519 1074 2573 tiliam
1127 2529 1158 2572 a
1206 2515 1424 2573 Zenone
1466 2514 1784 2569 liberatam
1837 2506 1984 2562 tradi

334 2622 519 2693 cmpit.
547 2618 605 2675 in
624 2612 978 2687 scriptoribus
996 2611 1098 2669 εενί
1122 2609 1440 2681 posterioris
1460 2601 1770 2687 ejusmodi
1795 2600 1985 2671 lapsus

332 2718 643 2785 frequentes
677 2713 986 2773 occurrunt,
1019 2714 1080 2761 ut
1105 2718 1225 2761 cum
1266 2701 1514 2773 quandam
1551 2718 1665 2755 ex.
1705 2711 1798 2766 gr.
1841 2710 1981 2763 μειω-

333 2810 509 2871 sidunt
535 2802 749 2865 nomine
778 2800 1170 2872 imperatorum
1213 2795 1526 2851 nominibus
1553 2790 1793 2848 similia
1820 2802 1984 2858 repe-

334 2906 532 2968 rerint,
583 2899 945 2970 imperatores
990 2908 1059 2949 ex
1110 2889 1426 2962 praesidibus
1472 2886 1761 2943 fecerint.
1816 2882 1983 2939 Forte

334 2994 610 3053 Gallienus
640 2988 754 3057 ille,
786 2985 945 3057 cujus
985 2983 1194 3043 unicum
1220 2980 1387 3035 tiliam
1429 2977 1487 3034 ὃ.
1523 2977 1695 3033 Zeno
1741 2976 1977 3038 curavit.

337 3089 532 3148 Palati:
559 3087 733 3155 (locus
773 3091 859 3137 est
911 3080 1055 3136 “tritor
1102 3076 1420 3132 Tridentum
1468 3082 1522 3127 et
1573 3073 1874 3127 Veronam
1922 3069 1979 3124 in

2096 1876 2202 1957 sua:
2248 1863 2500 1918 rationem
2555 1866 2795 1920 reddere.
2863 1866 2979 1927 Nos
3006 1876 3224 1944 quidem
3273 1863 3557 1953 aliquanto
3614 1902 3740 1957 post

2100 1954 2241 2009 hunc
2267 1969 2471 2012 annum
2495 2002 2510 2027 ,
2542 1975 2649 2016 non
2680 1967 2881 2015 autem
2911 1966 3095 2032 citius,
3142 1984 3237 2025 eas
3264 1971 3477 2029 litteras
3504 1954 3735 2033 abiim-

2100 2046 2281 2102 brosio
2325 2049 2481 2105 datas
2528 2053 2654 2109 inde
2711 2052 3047 2123 conjicimns
3099 2062 3246 2131 quod
3289 2063 3527 2123 Zenonis
3578 2086 3727 2125 mors

2099 2154 2204 2195 non
2254 2140 2437 2209 citius,
2472 2145 2566 2201 sed
2612 2144 2790 2201 serius
2834 2149 3155 2205 collocanda
3188 2153 3412 2210 aliunde
3449 2159 3719 2215 videatur.

2097 2230 2214 2287 Non
2237 2233 2415 2298 citius,
2442 2245 2503 2291 ut
2530 2237 2783 2294 idoneum
2816 2247 3087 2296 statuatur
3111 2251 3346 2315 tempus,
3372 2263 3480 2317 qtto
3514 2250 3572 2306 S.
3612 2254 3723 2322 epi-

2098 2338 2295 2394 scopus
2349 2325 2745 2386 Veronensium
2817 2331 3205 2390 liberalitatem
3266 2338 3318 2390 in
3371 2340 3710 2409 captivorum

2096 2416 2474 2489 redemptione
2517 2424 2784 2495 insignem
2830 2424 3219 2482 commendare
3267 2430 3507 2497 patuerit
3550 2441 3707 2487 tract.

2098 2509 2167 2563 12
2218 2511 2312 2566 lib.
2343 2529 2382 2581 ι,
2433 2530 2555 2586 qua:
2581 2516 2796 2585 quidem
2830 2518 3138 2587 redemptio
3162 2527 3268 2572 tam
3297 2520 3535 2575 celebris
3578 2538 3712 2577 exe-

2096 2603 2297 2657 cutioni
2347 2607 2591 2662 mandari
2648 2624 2754 2662 non
2804 2607 3013 2681 potuit,
3069 2609 3174 2662 nisi
3215 2609 3531 2681 aliquandiu
3580 2624 3704 2682 post

2097 2694 2671 2769 lladrianopoiitanam
2697 2716 2951 2771 pugnam,
2973 2702 3026 2756 in
3057 2717 3158 2769 qua
3178 2702 3381 2758 Valens
3404 2704 3546 2760 diem
3571 2706 3707 2761 obiit

2099 2802 2286 2843 mense
2308 2789 2553 2862 Augusto
2580 2792 2706 2847 anni
2759 2792 2887 2860 5'78,
2932 2801 2990 2847 ut
3029 2807 3093 2848 ex
3126 2792 3437 2864 disputatis,
3481 2812 3600 2868 cap.
3634 2797 3701 2864 2,

2097 2880 2123 2952 §
2151 2880 2203 2945 7,
2229 2882 2494 2955 colligere
2520 2885 2749 2955 quisque
2781 2892 2978 2956 potest.
3000 2884 3183 2941 Serius
3203 2901 3332 2941 vero
3360 2903 3426 2943 eo
3449 2903 3537 2943 an.
3572 2890 3698 2954 380,

2097 2978 2178 3033 vel
2224 2993 2370 3034 anno
2420 2981 2691 3052 sequenti,
2738 2980 2971 3037 Zenonis
3003 2991 3231 3036 mortem
3264 2982 3527 3039 accidisse
3569 2985 3700 3040 illud

2099 3087 2205 3126 nan
2262 3073 2695 3143 improbabiliter
2723 3075 2938 3142 suadet,
2969 3078 3109 3145 quod
3159 3076 3210 3129 in
3259 3074 3699 3146 frequentissimo

338 3178 598 3241 Antonini
628 3172 922 3237 ltinerario
948 3165 1306 3236 memoratus)
1336 3163 1587 3235 degebat,
1623 3173 1695 3217 ιιι
1731 3161 1983 3217 marcltiu
2010 3161 2057 3223 C
2096 3164 2406 3221 Occidentis
2456 3166 2688 3223 concilio
2730 3167 2992 3235 Aquilcim
3038 3167 3223 3223 habito
3277 3184 3365 3223 an.
3422 3170 3548 3236 58l,
3603 3172 3693 3227 ubi

333 3277 521 3346 Scipio
547 3269 789 3329 Halleius
820 3268 876 3323 in
903 3262 1139 3335 cpistola
1170 3260 1236 3315 ad
1257 3258 1503 3314 Coietum
1532 3258 1766 3312 inserta
1793 3266 1924 3310 tum.
1953 3273 1985 3311 ν

336 3370 511 3426 Italia:
539 3380 708 3422 sacra:
727 3405 744 3430 ,
768 3377 896 3433 pag.
922 3357 1057 3422 675,
1083 3353 1393 3411 observavit
1421 3368 1437 3403 :
1468 3360 1523 3405 et
1547 3365 1678 3405 eum
1711 3352 1859 3406 idem
1894 3351 1987 3406 ille

338 3466 414 3520 ob
450 3459 688 3518 nominis
716 3453 1138 3515 similitudinem
1175 3464 1242 3504 ex
1271 3445 1549 3500 auditione
1587 3445 1743 3516 vulgi
1787 3445 1841 3499 in
1886 3445 1987 3499 im-

342 3562 662 3627 peratorem
702 3547 1023 3619 migrasset,
1073 3540 1181 3601 alia
1230 3536 1611 3607 improbabilia
1657 3538 1707 3590 ei
1738 3536 1986 3593 historiae

346 3645 599 3707 subinde
629 3644 850 3701 luerunt
878 3636 1087 3702 addita,
1118 3648 1236 3702 quat
1270 3648 1299 3683 a
1346 3628 1621 3684 Coronato
1652 3639 1905 3701 suscepta
1934 3642 1989 3686 ct

348 3737 569 3807 sui,“
592 3733 969 3797 inveniuntur.
995 3726 1105 3787 sed
1137 3725 1289 3795 plura
1312 3721 1368 3776 itt
1391 3720 1476 3781 bis
1497 3720 1985 3790 conjectationibus

348 3830 667 3889 insumere,
692 3838 889 3887 vanum
932 3819 1097 3892 plane
1122 3828 1176 3877 et
1198 3815 1475 3885 indignum
1504 3813 1796 3869 credimus.
1820 3815 1987 3884 Quid-

349 3919 496 3992 quid
529 3920 693 3988 igitur
724 3913 901 3972 estde
926 3911 1142 3981 origine
1170 3906 1332 3977 hujus
1358 3904 1579 3971 fabulae,
1617 3921 1737 3974 quae
1786 3904 1987 3962 Gallic-

348 4029 496 4077 num
518 4013 909 4082 imperatorem
932 4006 1207 4067 inculcat;
1231 4000 1414 4057 cmteri
1443 4013 1631 4054 omnes
1660 3998 1786 4053 licet
1806 4014 1987 4069 quam-

350 4109 583 4178 plures,
616 4112 671 4158 at
694 4117 811 4165 atro
840 4099 1060 4172 quidem
1092 4092 1443 4165 posteriores,
1476 4092 1564 4161 qui
1594 4091 1735 4147 illam
1764 4109 1793 4146 e
1816 4091 1984 4149 Coro-

346 4211 501 4261 nato
548 4197 837 4266 excepisse
876 4199 1181 4251 noscuntur
1209 4188 1303 4260 (ita
1340 4197 1397 4241 ut
1425 4200 1497 4241 car
1527 4183 1716 4239 eodem
1759 4186 1981 4241 totidem

345 4309 519 4365 saepe
538 4291 720 4355 verbis
736 4297 1033 4360 repetatur,
1062 4299 1126 4340 ac
1149 4283 1202 4338 in
1226 4283 1371 4355 ipsas
1388 4276 1733 4347 antipbonas,
1757 4293 1984 4348 respon-

344 4389 521 4447 soria
555 4394 614 4441 et
666 4383 898 4454 hymnos
941 4377 1069 4434 inde
1097 4371 1520 4444 immigraverit)
1571 4385 1674 4424 non
1721 4371 1982 4437 majorem

347 4483 545 4547 ﬁdem
579 4487 898 4541 merentur:
929 4485 984 4530 et
1025 4473 1129 4528 bac
1153 4470 1365 4526 ratione
1398 4466 1641 4522 evulsum
1688 4464 1901 4520 tandem
1928 4475 1982 4521 et

2094 3257 2275 3328 plures
2301 3258 2647 3314 linitimarum
2681 3261 3223 3329 prmscrtimttt'bium
3255 3263 3494 3333 episc0pi
3525 3263 3694 3318 inter-

2092 3350 2313 3407 fuerunt
2337 3394 2352 3421 ,
2388 3352 2720 3408 Veronensis
2762 3369 2866 3409 non
2920 3365 3178 3424 appareat
3213 3355 3399 3425 :quod
3440 3357 3540 3412 etsi
3573 3356 3694 3411 aliis

2091 3446 2158 3501 de
2212 3450 2394 3501 causis
2440 3448 2660 3503 evenire
2693 3449 2861 3517 potuit
2912 3450 3040 3519 quin
3083 3448 3147 3501 ad
3196 3456 3423 3503 mortem
3492 3451 3696 3505 relera—

2091 3549 2211 3595 mus
2265 3538 2381 3611 (alii
2428 3543 2572 3597 enim
2622 3541 2828 3609 aliquot
2872 3542 3120 3597 similiter
3150 3540 3395 3613 abfuere)
3428 3549 3605 3597 tamen
3639 3542 3692 3597 id

2091 3647 2209 3686 eam
2243 3632 2380 3687 forte
2420 3632 2606 3687 habuit
2644 3647 2894 3697 cattsam,
2930 3632 3072 3700 quod
3104 3632 3323 3688 Zenone
3353 3643 3590 3703 mortuo,
3635 3633 3689 3688 id

2092 3725 2351 3788 temporis
2380 3722 2497 3778 hmo
2525 3723 2686 3779 sedes
2709 3734 2946 3779 vacaret.
2974 3725 3061 3778 Sic
3083 3726 3226 3780 enim
3257 3741 3469 3797 aequum
3496 3741 3695 3781 memo-

2091 3825 2225 3869 ratae
2302 3814 2658 3886 redetnptioni
2733 3826 2944 3884 tempus
3010 3816 3350 3886 relinquitur.
3423 3816 3691 3887 Quidquid

2089 3917 2268 3963 autem
2314 3907 2364 3962 id
2392 3915 2496 3971 est,
2551 3909 2737 3978 procul
2766 3907 2931 3964 dubio
2975 3909 3114 3963 inter
3139 3925 3339 3963 annum
3370 3907 3475 3965 556
3501 3918 3553 3965 et
3583 3908 3689 3965 580

2088 3999 2307 4055 circiter
2336 3999 2570 4054 Zenonis
2593 3999 2834 4071 episcopi
2857 4010 2988 4055 aetas
3020 4000 3297 4055 statuenda
3330 4009 3432 4056 est.

2161 4091 2296 4147 lluic
2342 4092 2488 4147 rotati
2519 4108 2679 4162 quam
2711 4093 2851 4148 belle
2882 4103 3181 4165 Congruant
3202 4095 3380 4147 omnia
3404 4110 3523 4165 quae
3553 4108 3689 4164 prte-

2087 4186 2275 4240 scrtim
2323 4201 2388 4241 cx
2431 4185 2748 4240 tractatibus
2788 4187 2969 4257 aliqua
3016 4186 3275 4255 temporis
3305 4196 3430 4241 nota
3460 4186 3685 4257 signatis

2085 4278 2570 4333 animadvertimus
2600 4278 2778 4347 capite
2809 4276 3080 4340 secundo,
3115 4285 3402 4345 antequam
3434 4276 3687 4331 declara-

2084 4387 2227 4437 mus,
2262 4373 2441 4436 liccat,
2472 4385 2678 4441 qurcso,
2718 4370 2836 4425 sine
2881 4371 2985 4424 ulla
3016 4369 3255 4424 audacia:
3294 4383 3522 4423 censura
3569 4370 3683 4440 epi-

2085 4479 2337 4542 scopatus
2374 4472 2492 4539 ejus
2540 4470 2748 4523 initium
2793 4468 2886 4539 (de
2932 4468 3037 4524 line
3080 4467 3223 4523 enim
3253 4468 3483 4522 certiora
3518 4467 3686 4523 docu-

344 4586 636 4635 evenunt
684 4566 899 4638 penitus
936 4562 1084 4619 vides
1113 4558 1550 4624 fundamentum,
1600 4554 1686 4609 ctti
1728 4552 1975 4610 inclitum

2093 4574 2265 4618 menta
2324 4560 2738 4634 suggessimus)
2777 4559 3174 4629 conjectatione
3222 4558 3454 4623 quadam
3484 4600 3500 4626 ,
3559 4575 3681 4629 qua:

342 4669 429 4727 de
492 4662 734 4721 Zenonis
758 4669 916 4717 nitate
939 4656 1166 4715 Gallieni
1199 4654 1483 4723 imperium
1511 4647 1807 4726 attingente
1837 4663 1972 4718 prte-

338 4759 643 4832 iudicium
665 4751 925 4811 innititur.
950 4749 1067 4807 Hoc
1086 4756 1265 4803 autem
1293 4745 1490 4816 posito,
1519 4741 1641 4812 quis
1663 4738 1768 4832 hac
1788 4753 1976 4793 narra-

345 4830 534 4909 tione
562 4857 727 4919 atque
765 4841 1076 4914 praeiudicio
1115 4836 1397 4911 neglectis,
1447 4849 1553 4888 non
1584 4830 1756 4902 magis
1784 4845 1974 4885 assen-

338 4941 627 5003 tiendum
658 4946 806 5006 putet
852 4936 914 4993 iis
938 4932 1275 4991 documentis
1295 4928 1490 5000 quibus
1511 4925 1569 4982 S.
1599 4924 1749 4978 Zeno
1774 4923 1975 4977 sacculo

335 5047 585 5112 quarto
633 5032 836 5095 vixisse
882 5024 1260 5087 convincitur?
1308 5033 1365 5077 ut
1410 5020 1489 5076 sic
1538 5018 1714 5073 altero
1759 5015 1977 5071 Zenone

334 5132 642 5197 excluso,
671 5140 832 5196 quem
863 5119 1188 5181 Veronensis
1216 5114 1454 5174 Ecclesia
1498 5126 1771 5183 nunquam
1807 5124 1977 5180 agno-

328 5230 496 5295 vit,
558 5224 653 5285 ille
697 5235 886 5281 eorum
929 5223 1244 5275 tractatuum
1290 5218 1475 5268 auctor
1538 5207 1821 5271 habeatur,
1891 5203 1978 5258 cui

326 5322 457 5383 isti
497 5327 566 5381 at
611 5317 667 5372 in
707 5330 865 5380 mss.,
894 5321 947 5371 et
974 5328 1003 5366 a
1047 5307 1284 5381 pluribus
1311 5301 1685 5375 scriptoribus,
1725 5309 1779 5355 et
1807 5298 1975 5368 ipsius

324 5408 643 5475 ecclesiae
691 5404 1006 5467 Veronensis
1055 5398 1340 5459 traditione
1376 5391 1811 5451 constantissime
1849 5389 1968 5444 vin-

320 5512 661 5569 dicantur.

322 5598 604 5677 [Lxxﬂﬁ
623 5593 843 5655 ηιμ-ε.
872 5590 1089 5649 Zenonis
1114 5597 1237 5643 alas
1261 5586 1408 5641 certis
1442 5581 1628 5653 ﬁnibus
1661 5581 1856 5647 clausa,
1873 5595 1976 5650 qua

671 5704 794 5755 cunt
821 5684 991 5742 omnia
1027 5680 1291 5737 certamin
1320 5683 1685 5734 inomtrantur.

418 5793 536 5850 Ex
581 5788 851 5847 hactenus
893 5775 1199 5837 constitutis
1224 5771 1513 5842 Scriptoris
1555 5768 1723 5826 nostri
1765 5769 1974 5839 episco-

2086 4654 2254 4708 menti
2300 4653 2556 4719 occurrit,
2587 4652 2847 4716 indicare,
2877 4650 2949 4707 ita
2976 4658 3158 4706 "tamen
3184 4659 3243 4704 ut
3271 4664 3380 4704 non
3407 4648 3681 4704 affirmare

2089 4747 2379 4818 quidquam
2421 4746 2654 4803 velimus
2683 4788 2697 4812 ,
2749 4745 2844 4801 sed
2898 4744 2948 4799 id
2997 4745 3154 4799 unice
3202 4759 3504 4815 proponere
3532 4741 3675 4811 quod

2082 4839 2174 4893 alii
2201 4840 2499 4896 consultius
2552 4838 2902 4903 exatniuent,
2933 4836 3372 4906 melioribusque,
3400 4838 3443 4891 si
3468 4852 3683 4907 repere-

2082 4931 2210 4997 rint,
2241 4931 2417 4987 edocti
2458 4920 2988 4999 monumentis,'sive
3017 4939 3293 5000 respuant,
3328 4930 3442 4986 sive
3483 4930 3680 4985 conlir-

2082 5032 2251 5077 ment.
2300 5025 2374 5078 Ex
2415 5033 2711 5079 memerata
2742 5022 3014 5078 Ambrosii
3054 5022 3275 5093 epistola
3306 5037 3453 5076 num.
3485 5022 3547 5076 2|
3586 5037 3679 5093 pa-

2083 5123 2203 5181 tet,
2252 5114 2506 5171 indiciam
2563 5117 2823 5186 virginem
2867 5116 2976 5185 jam
3009 5114 3347 5170 benedictum
3389 5130 3416 5167 a
3461 5112 3677 5169 Zenone

2082 5207 2360 5277 episcopo,
2396 5207 2653 5263 habitasse
2677 5224 2783 5263 una
2831 5224 2951 5261 cum
2984 5208 3315 5273 Marcellino,
3344 5207 3510 5277 ipsius
3542 5205 3674 5261 Ant-

2082 5299 2251 5356 brosii
2277 5315 2485 5368 sorore,
2529 5301 2709 5356 Romae
2747 5302 2803 5356 in
2825 5300 2976 5355 domo
3012 5312 3207 5369 nostra,
3243 5300 3415 5371 inquit
3437 5301 3672 5356 Ambro-

2080 5390 2216 5460 sius,
2248 5392 2393 5447 nobis
2422 5393 2739 5462 absentibus,
2770 5393 2823 5447 id
2847 5402 2929 5449 est
2949 5408 3071 5449 cum
3093 5394 3411 5449 Ambrosius
3433 5391 3669 5448 nondum

2082 5484 2368 5554 episcopus
2397 5484 2671 5540 Romanas
2699 5484 2843 5540 aedes
2873 5485 3094 5540 domum
3124 5500 3276 5541 suam
3312 5494 3670 5556 agnosceret,

2081 5575 2136 5631 in
2159 5577 2351 5646 quibus
2376 5578 2620 5635 habitare
2649 5583 2717 5634 de
2747 5592 2896 5632 more
2926 5578 3125 5633 soleret
3150 5595 3165 5645 ;
3198 5592 3356 5634 secus
3389 5576 3678 5648 praeteriis-

2082 5677 2166 5725 set
2195 5679 2250 5725 et
2273 5670 2537 5728 formulas
2577 5672 2629 5725 in
2658 5671 2809 5725 domo
2834 5681 3035 5737 nostra,
3062 5687 3187 5727 cum
3217 5669 3412 5725 domus
3441 5667 3675 5737 episcopi

2085 5779 2193 5830 non
2242 5764 2346 5820 alia
2394 5768 2467 5822 sit
2504 5765 2603 5821 nisi
2634 5762 2963 5835 episeopalis
2992 5763 3217 5828 domus;
3250 5768 3305 5814 et
3343 5760 3464 5817 illas
3488 5760 3673 5814 absen-
