4242 6168
470 269 540 323 79
1840 252 2372 314 PROLEGOMENA.
3693 259 3763 315 80

469 387 602 441 tibus
643 383 786 439 nobis
811 423 823 447 ,
853 381 1046 453 quibus
1078 378 1319 434 indicare
1359 375 1572 431 videtur
1611 386 1671 426 se
1703 371 1769 426 ab
1799 385 1862 426 ea
1904 370 2066 424 domo
2094 374 2143 433 Α
2171 369 2314 441 quod
2365 371 2415 425 in
2464 372 2628 427 vetcti
2673 371 2809 427 libro
2839 373 3317 429 Sacramentorum
3367 373 3615 430 ecclesiae
3645 377 3772 430 Am-

475 486 587 532 tutn
619 476 780 531 veluti
809 489 935 528 casu
981 471 1239 535 abfuisse,
1271 466 1412 539 quod
1465 483 1570 520 nott
1622 464 1724 518 nisi
1765 464 1815 517 in
1857 473 2070 532 tempus
2177 467 2465 532 brosiante,
2499 483 2659 538 quem
2705 467 2977 523 Pantelius
3021 467 3212 532 edidit,
3259 484 3380 522 cum
3414 483 3466 520 γι
3513 467 3634 522 idus
3674 469 3771 523 de-

474 581 599 625 ante
651 569 1018 639 episcopatum
1065 563 1182 634 ejus
1229 560 1390 616 cadit.
1446 557 1608 628 Atqui
1651 557 1706 611 S.
1754 554 2072 610 Ambrosius
2177 559 2411 613 cetnbris
2465 559 2520 615 S.
2567 559 2798 615 Zenonis
2839 560 3004 615 missa
3055 559 3400 628 describitur,
3435 571 3546 615 tum
3604 562 3656 615 in
3711 577 3774 616 ea

475 667 845 734 episcopatum
895 659 1027 713 adiit
1070 673 1158 712 an.
1193 655 1318 710 57a.
1362 653 1526 724 Igitur
1567 660 1691 705 ante
1719 663 1929 732 annum
1969 647 2074 702 574
2179 651 2350 705 oratio
2378 652 2569 721 legitur
2607 667 2728 722 pag.
2755 651 2884 718 458,
2910 667 3032 720 quae
3063 651 3131 706 de
3163 652 3507 708 ordinatione
3536 652 3778 722 ejusdem

475 760 673 815 Indicia
706 774 733 810 a
763 755 982 810 Zenone
1009 753 1266 822 episcopo
1292 754 1630 811 consecrata,
1665 744 1849 797 Roma:
1881 737 2072 796 fuerat.
2179 745 2236 800 S.
2271 745 2509 815 episcopi
2535 745 2778 802 meminit
2800 746 3139 816 apertissime
3168 746 3253 800 his
3279 747 3457 802 verbis
3483 765 3496 801 :
3532 747 3784 816 Omnipo-

477 851 663 922 Itaque
695 848 929 904 Zenonis
960 843 1200 916 episc0pi
1232 841 1381 898 initia
1425 849 1550 893 ante
1580 837 1721 892 hunc
1742 850 1940 889 annum
1970 832 2076 888 574
2182 848 2291 891 tens
2326 838 2629 905 sempiterne
2664 837 2800 892 Dens
2822 879 2836 904 ,
2877 839 2963 908 qui
2999 838 3198 892 beatum
3226 837 3485 894 Zenonem
3514 842 3783 910 confesso-

478 941 794 1000 collocanda
825 949 980 1003 sunt;
1013 953 1076 992 ac
1103 944 1386 1006 praeterea,
1422 943 1478 986 ιιι
1504 947 1716 1001 mquutn
1747 939 1955 996 tempus
1981 925 2078 980 de-

2246 946 2291 982 m
2317 940 2458 983 luunt
2486 928 2881 998 Ponti/icalibus
2925 930 3106 1000 infulis
3133 931 3408 997 decorasti,
3438 944 3544 987 etc.
3578 931 3784 988 Eodem

481 1049 568 1093 tnr
598 1047 653 1092 et
682 1036 927 1090 Romano
975 1031 1192 1087 indicite
1234 1027 1416 1084 itineri
1444 1041 1506 1080 ac
1534 1040 1700 1080 tuom
1728 1024 1779 1078 in
1809 1019 2081 1076 Ambrosii
2184 1036 2399 1092 quoque
2451 1021 2539 1078 die
2583 1021 2938 1078 ordinationis
2987 1023 3182 1077 festum
3231 1023 3520 1079 notabatur
3577 1026 3628 1079 in
3675 1039 3784 1079 ms.

483 1130 713 1193 sedibus,
738 1136 793 1184 et
824 1127 1047 1196 insuper
1068 1121 1467 1178 consecrationi
1489 1133 1552 1174 ac
1589 1115 1890 1186 probationi
1933 1112 2083 1182 ejtts-
2186 1115 2575 1186 mat-tyrologio
2627 1115 2955 1170 Veronensis
2995 1117 3240 1171 ecclesia:
3293 1131 3382 1171 an.
3433 1116 3593 1183 1274,
3643 1116 3788 1186 quod

483 1221 606 1278 dem
625 1220 853 1276 Verona:
875 1234 969 1289 per
1000 1217 1382 1280 Zenonem,ut
1403 1228 1470 1268 ne
1498 1227 1525 1265 a
1544 1211 1761 1266 Zenone
1787 1210 1872 1262 vix
1900 1216 2085 1263 creato
2189 1207 2388 1279 Bagata
2434 1218 2488 1263 et
2518 1209 2768 1264 Perettus
2795 1209 3031 1280 allegant
3074 1210 3125 1264 itt
3158 1212 3525 1265 monumentis
3554 1211 3791 1280 antiquis

485 1313 727 1370 antistite
751 1310 934 1381 paucis
952 1307 1144 1382 [Lxxn]
1174 1305 1452 1362 mensibus
1481 1303 1726 1373 probata,
1751 1310 1807 1356 et
1837 1297 2088 1370 virginali
2192 1303 2286 1358 SS.
2319 1302 2698 1372 episcoporum
2731 1302 3150 1370 Veronensium,
3183 1319 3301 1375 pag.
3333 1304 3420 1370 16,
3439 1312 3494 1358 et
3525 1312 3792 1374 praeterea

485 1406 607 1462 velo
638 1401 892 1475 imposito
916 1399 1201 1456 benedicta
1232 1397 1411 1465 fuerit,
1447 1395 1588 1465 quod
1618 1391 1892 1449 Ambrosii
1922 1391 2088 1446 verba
2192 1393 2245 1448 in
2292 1395 2423 1464 ipsis
2480 1395 2867 1450 vetustioribus
2913 1395 3072 1467 hujus
3121 1397 3370 1453 ecclesia:
3401 1398 3789 1464 monumentis,

488 1512 790 1567 sensusque
818 1511 922 1549 non
945 1492 1243 1561 recipiunt;
1268 1489 1418 1544 Zeno
1435 1488 1709 1558 aliquanto
1731 1493 1857 1539 ante
1889 1497 2090 1537 annum
2192 1486 2280 1556 qui
2313 1485 2502 1542 eodem
2558 1486 2646 1541 die
2696 1487 2930 1542 basilica:
2971 1487 3366 1543 dedicationem
3417 1498 3626 1554 notant,
3682 1504 3791 1543 nott

488 1609 701 1667 quoque
729 1593 834 1648 575
865 1591 1235 1659 episc0patum
1266 1585 1493 1656 adeptus
1523 1583 1626 1638 dici
1657 1582 1839 1637 debet.
1876 1580 2008 1634 Dein
2038 1579 2090 1633 in
2195 1581 2373 1635 omnia
2401 1580 2452 1633 in
2483 1581 2650 1636 sacris
2678 1579 2871 1636 ofliciis
2898 1581 2966 1637 de
2997 1583 3242 1638 ecclesia:
3270 1581 3615 1637 dedicatione
3644 1591 3791 1648 sunt,

489 1689 740 1743 omnibus
767 1682 1005 1752 antiquis
1033 1679 1366 1736 Veronensis
1397 1675 1645 1731 ecclesia:
1670 1674 1822 1728 libris
1856 1681 1964 1728 tres
1988 1687 2088 1726 no-
2196 1686 2254 1729 ut
2285 1675 2399 1730 fere
2428 1675 2604 1730 solent
2654 1676 2706 1730 in
2738 1677 2950 1731 caeteris
2993 1676 3164 1744 libris,
3222 1691 3345 1731 cum
3399 1675 3792 1732 dedicationem

492 1790 674 1835 tantur
695 1777 834 1839 dies,
859 1777 910 1830 in
935 1773 1130 1844 quibus
1156 1769 1391 1825 Zenonis
1413 1767 1672 1824 memoria
1697 1765 1864 1820 sacris
1893 1762 2088 1817 ofﬁciis
2117 1757 2167 1816 B
2196 1770 2424 1840 alicujus
2443 1769 2686 1825 ecclesia:
2707 1768 3086 1825 celebrandam
3109 1769 3414 1840 designant,
3437 1769 3580 1841 quod
3611 1770 3798 1827 videre

492 1870 869 1928 celebrabatur
899 1885 912 1920 :
946 1865 1126 1921 Pridie
1157 1864 1272 1918 idus
1311 1861 1495 1933 aprilis
1532 1860 1780 1928 depositio
1826 1857 1887 1912 S.
1922 1855 2092 1910 Zeno-
2197 1871 2282 1917 est
2320 1863 2374 1915 in
2407 1861 2769 1916 monumentis
2791 1875 2820 1915 a
2847 1861 3147 1916 venerabili
3189 1862 3482 1918 'l‘homasio
3513 1863 3672 1918 editis
3698 1903 3711 1927 ,
3744 1871 3798 1919 et

494 1967 572 2020 nis
593 2008 607 2032 ,
664 1980 738 2019 χιι
779 1963 885 2016 kal.
929 1959 1070 2033 junii
1100 1956 1374 2011 translatio
1418 1955 1478 2010 S.
1513 1952 1760 2018 Zenonis,
1809 1965 1860 2004 v1
1903 1949 1976 2003 id.
2009 1948 2097 2002 αδ·
2200 1953 2253 2008 in
2283 1953 2718 2008 Sacramentario
2750 1953 2808 2010 S.
2840 1953 3082 2023 Gregorii
3111 1972 3122 2007 :
3150 1953 3244 2010 sed
3269 1955 3540 2025 pleraque,
3568 1969 3633 2009 ac
3662 1970 3799 2024 prae-

493 2060 708 2115 cembris
739 2055 997 2110 dedicatio
1039 2051 1264 2107 ecclesia:
1302 2048 1365 2104 S.
1395 2047 1640 2102 Zenonis.
1668 2046 1727 2100 In
1767 2059 1876 2099 uno
1903 2059 2094 2098 mona-
2201 2047 2388 2102 sertitn
2418 2047 2575 2101 Missa
2598 2061 2664 2101 eo
2695 2047 2812 2115 ipso
2838 2046 2926 2102 die
2970 2048 3178 2118 signata
3205 2063 3268 2102 ac
3311 2047 3530 2103 recitata
3558 2087 3573 2111 ,
3607 2047 3672 2102 ad
3701 2046 3799 2102 Ze-

493 2149 666 2206 sterio
716 2145 953 2202 basilicre
1006 2145 1064 2198 S.
1095 2139 1332 2195 Zenonis
1363 2145 1711 2192 monumenta
1741 2134 1941 2199 omnia,
1977 2147 2098 2202 qua:
2127 2193 2136 2200 ,

2246 2142 2360 2195 onis
2403 2139 2641 2210 episc0pi
2675 2139 2870 2195 festum
2919 2143 3209 2210 pertinent,
3245 2150 3304 2196 ttt
3349 2157 3412 2196 ex
3459 2142 3802 2196 documentis

496 2244 703 2313 reliqua
734 2249 880 2307 sunt,
907 2238 1034 2293 licet
1065 2251 1172 2291 non
1205 2234 1430 2288 multum
1457 2231 1701 2301 antiqua,
1734 2238 1961 2300 quatuor
1981 2228 2100 2282 dies
2204 2243 2327 2304 post
2369 2231 2783 2288 dissertationes
2830 2233 3182 2304 subjiciendis
3230 2235 3451 2305 patebit.
3489 2234 3651 2290 Missa
3679 2235 3800 2305 qui-

502 2338 672 2394 festos
705 2335 1000 2398 adnotant;
1043 2329 1258 2385 additur
1310 2326 1454 2383 enim
1517 2325 1708 2381 festum
1743 2321 2101 2378 ordinationis

2246 2344 2327 2384 em
2358 2329 2419 2384 S.
2445 2329 2666 2385 Zenonis
2685 2329 2768 2400 (S.
2790 2330 3031 2395 Zenonis,
3059 2332 3298 2402 inquam,
3332 2347 3436 2387 non
3468 2332 3804 2387 dedicationis

503 2435 562 2490 S.
620 2428 877 2490 Zenonis,
908 2426 1010 2480 hoc
1055 2438 1161 2477 uno
1207 2421 1518 2477 discrimine
1557 2427 1618 2473 ut
1653 2433 1760 2488 quo
1805 2417 1893 2471 die
1921 2431 1976 2470 γι
2023 2413 2098 2468 id.
2206 2421 3799 2494 basilicw)quadestdemensederembris,memoralttrindua-

501 2525 614 2578 dcc.
645 2521 764 2576 aliis
809 2520 1023 2590 signant
1051 2516 1424 2570 dedicationem
1470 2512 1694 2566 ecclesia:
1744 2511 1806 2565 S.
1853 2509 2101 2571 Zenonis,
2209 2513 2310 2568 bus
2332 2515 2783 2577 cltartisan.92‘2.
2804 2516 3018 2590 [Lxxnt]
3037 2533 3154 2588 pag.
3173 2517 3802 2588 752,apudUghellium,

501 2618 556 2672 hi
591 2614 713 2671 libri
744 2613 834 2683 qui
864 2613 931 2666 ad
972 2611 1217 2666 eamdem
1246 2607 1524 2662 basilicam
1554 2605 1850 2674 pertinent,
1906 2604 2105 2670 majus-

2246 2623 2342 2663 )tn.
2373 2625 2423 2672 v,
2454 2620 2507 2665 et
2533 2626 2620 2666 an.
2657 2611 2817 2676 1058,
2855 2628 2972 2682 pag.
3001 2611 3126 2679 754,
3159 2623 3212 2668 et
3235 2613 3479 2684 festivitas
3503 2613 3565 2668 S.
3586 2613 3808 2668 Zenonis

501 2724 607 2780 que
654 2706 722 2762 de
750 2704 868 2776 ejus
891 2701 1231 2758 dedicatione
1265 2697 1500 2754 ofﬁciunt
1541 2697 1839 2759 celebrare,
1868 2693 2109 2748 cmteris—
2211 2716 2381 2754 mense
2415 2701 2665 2757 decembri
2689 2704 2741 2758 in
2761 2704 2862 2758 alia
2885 2703 3068 2758 charta
3085 2719 3172 2758 an.
3196 2704 3322 2768 865,
3367 2720 3484 2775 pag.
3511 2705 3634 2760 72!.
3661 2704 3810 2760 Tan-

507 2817 612 2874 que
644 2797 898 2870 praeferre
929 2795 1269 2856 debuissent,
1299 2788 1680 2846 celebrandam
1725 2796 1912 2842 notent
1964 2785 2109 2840 ordi-
2212 2791 2510 2862 dcm,quod
2527 2795 2695 2863 pluris
2710 2797 3135 2862 estomnium,in
3160 2796 3807 2862 libroSacramentorum,

508 2894 765 2947 nationem
793 2889 856 2948 S,
884 2886 1128 2949 Zenonis,
1152 2895 1204 2939 et
1227 2881 1435 2936 duobus
1465 2879 1652 2935 diebus
1687 2889 1828 2948 post,
1863 2877 1913 2931 id
1943 2885 2026 2931 est
2055 2893 2106 2930 tv

2253 2901 2371 2938 nem
2401 2887 2500 2940 sub
2529 2887 2726 2942 Ottone
2755 2903 2882 2958 rege
2923 2890 3184 2960 scriptum
3229 2890 3282 2942 in
3341 2889 3704 2944 Admonitione
3742 2891 3812 2944 ad

509 2985 585 3040 id.
617 2981 916 3042 decembris,
945 2976 1181 3033 basilica:
1207 2972 1601 3029 dedicationem
1641 2970 1942 3039 designent.
1972 2966 2109 3022 Vide
2214 2990 2540 3033 monumenta
2561 2980 2882 3048 videbimus,
2905 2997 3005 3038 nec
3026 2999 3133 3038 non
3163 2983 3212 3038 in
3236 2983 3342 3036 alio
3364 2983 3627 3040 Vaticano
3649 2983 3812 3049 5806⁹

511 3074 820 3148 paschalem
847 3069 1067 3142 Cyclum
1088 3066 1319 3122 solarem
1352 3063 1628 3128 mobilem,
1658 3077 1744 3116 an.
1774 3059 1938 3124 1455,
1959 3060 2112 3114 com;
2148 3142 2179 3148 _
2215 3070 2398 3123 εωευιῑ
2432 3069 2646 3126 circite.-
2675 3089 2750 3136 Ιχ.
2779 3072 2849 3129 de
2898 3090 3007 3143 quo
3055 3075 3253 3132 ibidem
3299 3077 3403 3131 erit
3444 3090 3626 3131 sermo
3651 3118 3666 3141 ο
3694 3078 3816 3133 dum

514 3142 770 3242 positum,
799 3166 891 3236 qui
937 3163 990 3216 itt
1031 3161 1342 3217 ambulacro
1390 3158 1507 3229 ejus
1552 3155 1864 3212 monasterii
1892 3153 2104 3218 visitur,
2136 3142 2181 3204 C
2215 3161 2488 3217 orationes
2539 3162 2645 3217 diei
2705 3180 2796 3218 vnt
2846 3142 3150 3222 decembris
3204 3166 3539 3238 adsignata),
3596 3167 3713 3222 initi
3787 3185 3816 3222 ιι

514 3281 614 3320 nec
636 3278 743 3318 non
795 3257 1119 3316 breviarium
1153 3253 1509 3309 monasticum
1536 3265 1637 3304 ms.
1665 3249 1753 3318 qui
1788 3251 1840 3302 in
1869 3245 2111 3316 ejusdem

2246 3255 2435 3310 Zenone
2505 3257 2869 3325 pontiﬁcatus,
2911 3272 3007 3313 seu
3057 3261 3434 3328 ordinationis,
3488 3261 3820 3318 mentionem

514 3353 841 3414 bibliotheca
890 3362 1157 3412 servatur,
1189 3356 1244 3400 el
1291 3345 1456 3400 libros
1501 3342 1966 3406 membmmceos,
2025 3338 2116 3409 (ιυί
2217 3348 2471 3402 similiter
2534 3349 2764 3415 faciunt;
2827 3351 2878 3404 in
2943 3351 3151 3406 Secreta
3209 3354 3352 3408 enim
3400 3353 3478 3408 sic
3530 3353 3760 3408 habetur
3805 3371 3818 3405 ι

518 3450 687 3506 choro
717 3444 1038 3508 inserviunt,
1072 3440 1269 3510 quique
1297 3437 1508 3492 caeteris
1537 3436 1901 3491 monumentis
1930 3433 2116 3488 viden-

521 3551 609 3597 tur
637 3537 990 3609 antiquiores.
1021 3531 1182 3601 Quid,
1213 3530 1427 3594 amabo,
1471 3528 1575 3582 soli
1604 3526 1898 3582 Zenoniani
1932 3539 2122 3580 mona-

522 3632 610 3688 chi
639 3631 707 3686 ad
733 3643 872 3701 quos
911 3641 973 3682 ea
1006 3623 1225 3680 basilica
1278 3619 1600 3690 pertinebat,
1631 3618 1798 3689 ipsius
1825 3613 2122 3672 dedicatio-

525 3731 612 3786 nis
638 3729 853 3794 festum,
882 3720 1026 3795 quod
1045 3717 1266 3775 caeteris
1295 3714 1689 3787 prazferendttm
1727 3723 1864 3778 erat,
1897 3711 2126 3768 transfe-

524 3821 718 3877 rebant
774 3817 827 3870 in
881 3814 1038 3868 aliam
1097 3809 1262 3872 diem,
1313 3816 1372 3861 ttt
1414 3809 1589 3861 locum
1630 3805 1824 3860 darent
1853 3803 2033 3859 ofﬁcio
2060 3803 2129 3858 de

529 3909 867 3968 ordinatione
891 3906 951 3961 S.
985 3901 1244 3966 Zenonis,
1275 3898 1343 3954 de
1370 3913 1473 3968 qua
1517 3897 1606 3953 alii
1638 3896 1770 3951 nihil
1797 3895 2130 3952 celebritatis

532 3998 888 4073 peragerent?
938 3996 997 4051 Si
1040 3992 1093 4048 id
1123 3992 1344 4062 antiquo
1389 3989 1646 4059 peculiari
1696 3987 1878 4058 aliquo
1909 4003 1977 4042 ex
2026 3986 2133 4041 ritu

532 4093 810 4156 manabat,
864 4103 963 4142 nec
1024 4083 1235 4138 noviter
1288 4081 1461 4135 fuerat
1506 4080 1780 4133 inventum
1832 4077 2134 4148 (antiquum

535 4205 666 4246 sane
700 4184 978 4242 insinuant
1018 4193 1139 4249 qua:
1184 4172 1572 4244 subjiciemus),
1609 4170 1857 4242 profecto
1887 4170 1964 4225 ita
1987 4169 2137 4225 dedi-

534 4284 677 4340 catio
711 4278 961 4336 ecclesiae
1009 4272 1069 4329 S.
1121 4269 1356 4326 Zenonis
1407 4282 1459 4321 vt
1512 4266 1583 4322 id.
1627 4263 1930 4320 decembris
1971 4262 2138 4319 collo-

535 4374 708 4432 cauda
736 4379 838 4435 est,
866 4377 923 4422 ιιι
949 4366 1001 4420 itt
1034 4361 1282 4420 eumdem
1319 4373 1533 4428 quoque
1557 4356 1702 4412 diem
1731 4356 1846 4426 ejus
1871 4354 2141 4410 ordinatio

537 4467 809 4528 inciderit,
824 4476 985 4534 quam
1009 4474 1138 4514 sane
1161 4469 1302 4511 nunc
1323 4467 1389 4508 eo
1409 4451 1496 4506 die
1521 4467 1586 4506 ex
1612 4459 1882 4520 postrema
1909 4448 2140 4502 Romani

2223 3440 2384 3508 Deus,
2414 3443 2496 3510 qui
2528 3445 2836 3516 fulgentibus
2881 3448 3174 3517 margaritis
3213 3450 3409 3503 clarum
3459 3449 3631 3503 latnt,»
3663 3447 3824 3519 thers

2226 3541 2439 3603 mundo,
2468 3537 2553 3608 qui
2595 3537 2740 3593 beato
2786 3537 3098 3610 Ponti/icato
3126 3539 3227 3613 (sic
3270 3543 3322 3596 in
3376 3542 3605 3596 laudatis
3634 3557 3822 3596 manu-

2229 3635 2466 3702 scriptis,
2518 3633 2572 3688 in
2627 3634 2864 3691 editione
2915 3644 3094 3690 autem
3126 3635 3365 3690 Romana
3407 3633 3826 3691 Sacramentarii

2229 3723 2545 3796 Gregoriani
2576 3726 2644 3780 ab
2669 3728 2874 3798 Angelo
2919 3727 3095 3782 Rocca
3127 3737 3435 3798 procurata,
3466 3729 3555 3785 ιιιιί
3583 3729 3700 3784 haec
3727 3745 3829 3786 ea-

2231 3817 2354 3874 dem
2387 3819 2547 3874 missa
2575 3822 2903 3888 continetur,
2947 3821 3307 3893 Ponti/itatui)
3337 3821 3559 3878 Zenonis
3586 3833 3832 3877 wlernam

2234 3911 2288 3965 in
2333 3913 2472 3967 caelis
2519 3929 2762 3967 coronam
2807 3914 2989 3985 gloria:
3038 3915 3365 3986 praeparasti,
3404 3924 3535 3981 etc.,
3594 3915 3833 3986 apertius

2236 4013 2412 4061 autem
2458 4005 2512 4059 in
2565 4004 2810 4060 oratione
2835 4005 2904 4058 ad
2933 4004 3355 4060 Communionem
3383 4022 3401 4060 :
3436 4005 3594 4073 Deus,
3624 4006 3713 4075 qni
3742 4005 3837 4059 tali

2237 4096 2462 4150 ecclesia:
2501 4097 2662 4166 fecisti
2687 4097 2999 4168 pontificem,
3027 4097 3278 4152 nimirum
3308 4097 3368 4154 S.
3394 4096 3668 4153 Zenonem
3699 4113 3835 4166 pon-

2241 4188 2436 4244 tiﬁcem
2461 4188 2811 4244 consecrasti.
2839 4187 3081 4260 lntegras
3106 4188 3268 4246 hasce
3281 4189 3556 4246 orationes
3579 4189 3630 4243 in
3659 4188 3839 4245 Missis

2242 4279 2465 4334 inferius
2505 4279 2872 4336 deseribendis
2923 4281 3088 4352 leges.
3142 4282 3219 4336 Ex
3251 4281 3334 4336 his
3374 4292 3556 4337 autem
3587 4283 3692 4337 erit
3731 4297 3839 4337 non

2245 4387 2425 4438 nemo,
2453 4373 2546 4441 cui
2577 4371 2704 4426 illttd
2727 4373 3002 4442 conjiciat,
3032 4374 3174 4445 quod
3197 4374 3324 4428 olim
3357 4374 3518 4440 forte,
3550 4383 3840 4445 antequam

2249 4464 2306 4520 S.
2340 4463 2572 4519 Zenonis
2602 4463 2819 4520 basilica
2847 4464 3191 4521 dedicaretur
3211 4466 3410 4521 saeculo
3442 4483 3606 4533 nono,
3637 4482 3686 4521 vt
3729 4465 3840 4521 kal.

541 4545 1592 4631 MartyrologiirecensioneVeronensis
1616 4543 1856 4598 Ecclesia
1879 4541 2137 4597 celebrat.
2167 4538 2550 4611 Ddecembris
2599 4556 2956 4612 οι-(ιίηειιίοηίε
3000 4559 3262 4613 memoria
3311 4559 3363 4614 in
3428 4559 3598 4615 sacris
3647 4557 3846 4614 ofﬁciis

540 4650 808 4724 Equidem
840 4647 894 4700 in
937 4645 1143 4716 pariete
1179 4640 1330 4696 chori
1361 4651 1502 4692 nunc
1531 4650 1698 4705 nuper
1722 4633 1961 4689 demoliti
2001 4635 2142 4688 auti-

539 4763 661 4820 qna:
684 4741 906 4814 insignis
933 4737 1202 4809 parochia:
1228 4731 1492 4787 Brixiante
1524 4730 1582 4784 S.
1611 4727 1867 4792 Zenonis,
1901 4743 2018 4798 qum
2047 4727 2148 4781 Pa-

545 4819 687 4899 troni
746 4839 940 4894 festum
985 4833 1096 4902 jam
1138 4827 1264 4884 inde
1309 4826 1377 4878 ab
1421 4821 1655 4891 antiquis
1702 4821 2039 4889 temporibus
2080 4819 2147 4874 ad

546 4943 855 4990 nostrorum
890 4923 1206 4980 memoriam
1237 4916 1517 4972 hominum
1542 4912 1851 4968 celebrabat
1875 4928 1923 4966 vr
1950 4912 2021 4967 id.
2056 4913 2151 4968 de-

547 5028 784 5087 cembris
811 5025 918 5079 ritu
955 5017 1292 5077 Conlessoris
1331 5011 1626 5075 Pontiﬁcis,
1659 5011 1860 5080 pictura
1891 5010 2152 5064 cerneba-

551 5135 636 5180 tur
661 5119 847 5177 stncul't
868 5115 1084 5171 circiter
1113 5125 1225 5175 xtv,
1263 5123 1384 5177 qua:
1413 5109 1903 5168 consecrationem,
1935 5118 2030 5159 seu
2062 5118 2152 5157 or-

549 5216 883 5273 dinationem
915 5211 972 5266 S.
1003 5202 1238 5262 Zenonis
1267 5199 1534 5256 referebat
1558 5213 1680 5252 cum
1715 5197 1862 5252 hisce
1890 5197 2150 5268 subjectis

553 5306 837 5368 versiculis
871 5323 884 5359 :

646 5425 875 5474 Sacratur
897 5416 1052 5477 Zeno,
1073 5415 1278 5477 renovat
1300 5407 1536 5477 solemnia
1556 5408 1811 5469 templum.

707 5485 808 5534 Vos
827 5482 943 5531 date
969 5472 1176 5540 tura,pii
1201 5475 1328 5521 :sint
1351 5472 1430 5533 pia
1451 5478 1559 5520 tura
1585 5483 1776 5532 preces.

625 5590 830 5661 Quibus
865 5584 1073 5642 duobus
1123 5580 1347 5650 pictura:
1377 5586 1431 5632 et
1461 5576 1852 5632 versiculorum
1904 5577 2151 5633 testim)-

550 5689 655 5745 niis
681 5698 800 5740 eam
830 5680 974 5736 diem
1009 5675 1065 5728 S.
1086 5671 1322 5728 Zenonis
1345 5668 1671 5725 ordinationi
1703 5684 1911 5725 sacram
1943 5679 2155 5727 vetusta

550 5777 838 5840 traditione
887 5769 1056 5827 fuisse
1109 5767 1346 5824 habitam
1401 5764 1557 5836 plane
1604 5763 1956 5834 signiﬁcatur.
2015 5766 2154 5834 Quid

2250 4650 2423 4703 fieret.
2457 4649 2526 4702 At
2559 4648 2750 4704 eodem
2788 4649 2874 4704 die
2898 4662 3215 4706 consecrata
3243 4651 3473 4707 subinde
3503 4651 3744 4720 basilica,
3776 4652 3848 4709 de

2250 4755 2354 4810 qua
2386 4739 2626 4802 facienda
2669 4750 2814 4795 esset
2849 4742 3138 4810 quotannis
3177 4743 3381 4798 mentio
3403 4785 3416 4809 ,
3448 4743 3518 4797 ita
3570 4744 3849 4813 utriusque

2254 4832 2374 4886 festi
2403 4832 2693 4887 celebritas
2717 4833 2902 4904 juncta
2932 4833 3098 4891 fuisse
3123 4835 3356 4900 videtur,
3391 4846 3449 4891 ut
3491 4836 3690 4907 aliquid
3721 4836 3854 4906 qui-

2254 4923 2376 4979 dem
2421 4923 2489 4978 dc
2537 4923 2878 4982 dedicatione
2919 4926 3157 4983 basilica:
3206 4928 3479 4984 diceretur
3531 4930 3581 4982 in
3631 4928 3849 4994 ofﬁciis,

2258 5016 2517 5085 pleraque
2539 5027 2713 5071 tamen
2741 5017 2918 5073 adhuc
2942 5018 3011 5074 de
3035 5019 3396 5085 ordinatione,
3425 5035 3518 5075 seu
3545 5021 3608 5076 de
3631 5019 3854 5076 Zenone

2260 5111 2333 5162 nti
2377 5111 2631 5180 episcopo
2661 5112 3026 5168 retinerentur
3056 5131 3069 5167 :
3100 5114 3317 5170 interim
3348 5129 3476 5170 vero
3495 5114 3854 5171 dedicationis

2258 5202 2455 5259 festum
2510 5217 2694 5277 utpote
2749 5211 3018 5267 recentius
3061 5211 3115 5267 in
3163 5213 3314 5269 libris
3348 5213 3631 5268 ritualibus
3674 5212 3856 5268 notari

2259 5297 2444 5363 erepit,
2475 5307 2532 5353 ut
2557 5315 2590 5354 a
2619 5301 2786 5357 titulis
2825 5313 2880 5356 et
2907 5303 3232 5359 calendariis
3262 5303 3616 5359 ordinationis
3644 5302 3855 5359 mentio

2258 5394 2458 5448 sensim
2486 5393 2768 5450 deciderit.
2821 5395 2878 5450 In
2913 5397 3024 5466 ipsa
3051 5406 3234 5452 autem
3288 5397 3510 5452 basilica
3540 5397 3852 5452 Zenoniana

2257 5502 2378 5541 cum
2425 5487 2752 5558 praecipuum
2799 5487 3153 5544 dedicationis
3177 5488 3432 5555 ofﬁcium,
3462 5503 3572 5544 non
3611 5504 3856 5544 comme-

2261 5580 2490 5636 moratio
2535 5581 2760 5650 simplex
2808 5581 3013 5650 agenda
3059 5591 3233 5645 esset;
3266 5591 3481 5638 retento
3523 5597 3586 5637 ea
3631 5582 3874 5652 antiqua,

2259 5672 2347 5728 die
2374 5673 2729 5729 ordinationis
2750 5672 2952 5740 ofﬁcio,
2980 5675 3216 5731 ofﬁcium
3248 5673 3603 5730 dedicationis
3630 5673 3681 5728 itt
3711 5672 3856 5728 diem

2261 5766 2422 5822 aliam
2453 5765 2771 5825 translatum
2802 5765 2921 5831 fuit,
2953 5766 3406 5837 quemadmodum
3433 5767 3553 5822 aliis
3596 5765 3862 5835 exemplis
