4242 6168
419 215 483 270 81

1281 260 1286 269 .
1350 225 1804 285 DISSERTATIO
1842 231 1908 296 Il,
1955 223 2040 290 tit:
2081 235 2138 289 s.
2186 236 2492 301 ZENUNIS
2535 247 2945 318 nocrmsa.

421 334 540 388 fieri
590 331 828 388 solitum
883 335 1119 404 probare
1170 353 1465 407 possemus.
1500 341 1630 409 Quae
1656 346 1979 416 conjectatio
2012 347 2055 400 si
2083 355 2136 416 Α
2163 353 2366 414 cadere
2399 363 2584 432 potuit
2647 366 2728 420 ad
2779 385 2984 432 annum
3038 397 3203 432 ηςηηρ
3231 387 3310 432 39.

418 427 511 481 cui
545 425 822 495 probetur
845 469 860 492 ,
888 429 1070 498 posito
1097 430 1207 495 jam
1253 433 1393 500 quod
1431 434 1488 489 S.
1519 434 1749 491 Zenonis
1787 437 2057 493 ordinatio

421 522 478 576 in
511 521 658 577 diem
693 537 749 575 Vt
784 522 863 576 id.
900 522 1533 594 deccmbrisincurrerit,
1560 531 1916 586 eumdeman.
1949 532 2060 587 56:).

422 615 749 669 ordinatum
816 614 1196 669 Veronensem
1249 619 1557 688 episcopum
1606 623 1858 694 colligere
1907 624 2051 679 licet.

425 709 734 764 Enimvero
786 709 1178 763 ordinationes
1219 711 1595 780 episeoporum
1644 717 1915 770 Dominica
1967 716 2058 772 die

423 813 678 874 peractas
721 802 1080 872 exploratum
1139 813 1244 856 est.
1302 803 1471 858 Porro
1523 806 1662 862 inter
1712 824 1800 863 an.
1851 808 1959 864 556
2005 817 2058 863 et

419 914 630 952 annum
663 897 896 952 circiter
941 895 1052 951 580
1076 937 1091 960 ,
1125 911 1235 966 quo
1284 895 1568 954 intervallo
1593 916 1657 955 ex
1689 901 1848 957 dictis
1887 903 2059 957 collo-

417 994 533 1047 εειτὶ
569 991 814 1045 Zenonis
853 990 1209 1061 episcopatus
1243 1000 1451 1059 potest,
1482 993 1532 1048 in
1557 1010 1608 1049 γι
1649 995 1716 1050 id.
1751 996 2056 1052 decembris

419 1084 711 1138 Dominica
745 1083 868 1138 dies
898 1093 985 1138 ter
1016 1083 1227 1150 incidit,
1259 1087 1509 1142 nimirum
1544 1091 1658 1159 ipso
1683 1106 1770 1145 an.
1801 1091 1925 1159 556,
1961 1107 2052 1145 an.

416 1177 554 1239 562,
587 1192 682 1230 an.
722 1178 854 1232 573.
895 1177 1045 1232 Zeno
1092 1185 1274 1232 autem
1325 1179 1564 1235 ordinari
1609 1183 1895 1254 episcopus
1946 1200 2052 1238 non

415 1272 602 1340 potuit
636 1286 727 1325 an.
773 1271 885 1326 356
905 1313 918 1333 .
946 1287 1069 1326 cum
1100 1286 1167 1327 eo
1191 1287 1338 1326 anno
1367 1273 1606 1329 Lucilius
1632 1276 1859 1343 vireret,
1892 1279 1973 1332 vel
2000 1277 2051 1332 ei

414 1373 644 1420 mOt-tuo
696 1365 784 1420 vix
845 1365 1107 1420 Gricinus
1161 1369 1530 1422 successerit:
1571 1385 1677 1422 non
1725 1385 1868 1425 anno
1919 1372 2050 1438 575,

413 1460 626 1530 quippe
681 1473 746 1513 ex
794 1458 1076 1513 Ambrosii
1131 1461 1358 1528 epistola
1408 1463 1688 1532 aliquanto
1728 1472 1854 1518 ante
1905 1464 2050 1519 hunc

412 1556 626 1604 annum
652 1548 918 1603 lndiciam
952 1561 1365 1606 consecraverat
1390 1593 1404 1615 ,
1439 1562 1497 1606 ut
1526 1552 1778 1621 superius
1808 1555 2052 1609 ostendi-

413 1661 562 1700 mus.
588 1644 778 1714 ltaqne
807 1644 933 1698 solo
953 1659 1044 1698 an.
1077 1644 1204 1712 562,
1248 1646 1377 1716 imp.
1410 1647 1613 1703 Juliani
1660 1656 1963 1715 postremo,
1997 1667 2050 1704 vt

411 1739 489 1792 id.
548 1737 863 1793 decembris
905 1738 962 1794 S.
1002 1737 1278 1795 Zenonem
1321 1743 1641 1812 episc0pnm
1675 1753 2054 1797 consecratum
2091 1752 2138 1812 Β
2167 1743 2308 1797 bilis.
2339 1744 2776 1820 [Lutv]Confer
2799 1755 3001 1826 reliqua
3027 1774 3355 1830 qtnenotam

417 1832 592 1886 fuisse
622 1830 756 1884 satis
779 1829 1045 1885 credibile
1075 1841 1178 1886 est.

485 1923 593 1978 Sed
624 1923 763 1987 lucc,
792 1932 850 1976 ut
885 1923 1046 1992 paulo
1073 1934 1198 1979 ante
1227 1925 1490 1993 diximus,
1525 1941 1625 1998 per
1648 1926 2058 1994 conjecturam,

403 2030 569 2085 quam
601 2013 722 2068 aliis
755 2013 1197 2082 examinandam,
1225 2027 1279 2072 et
1302 2019 1700 2089 respnendam,
1731 2017 1816 2071 vel
1849 2017 2060 2072 confir-

400 2107 660 2164 mandam
702 2096 1089 2178 relinquimus.
1128 2110 1258 2165 Dum
1289 2129 1421 2167 vero
1448 2122 1580 2180 stet,
1609 2111 1761 2183 quod
1795 2111 1865 2166 ab
1896 2111 2056 2168 initio

401 2201 727 2274 paragraphi
781 2201 940 2271 hujus
972 2204 1268 2272 posuimus,
1301 2207 1544 2263 Zenonis
1591 2217 1829 2262 tetatem
1875 2206 2050 2277 pluri-

400 2298 504 2352 bus
531 2297 872 2351 documentis
907 2297 1193 2362 firmatam,
1243 2300 1385 2355 inter
1413 2317 1630 2358 annum
1663 2301 1785 2358 556
1830 2310 1889 2356 et
1941 2302 2052 2358 580

396 2391 613 2446 circiter
637 2404 758 2444 esse
789 2390 1252 2457 constituendam;
1282 2397 1484 2461 Optime
1524 2396 1889 2453 conveniunt
1921 2410 2046 2450 om-

398 2487 530 2550 nia,
555 2495 612 2540 ut
650 2484 780 2539 nihil
830 2485 1039 2539 melius.
1073 2484 1264 2540 Juliani
1303 2488 1600 2558 imperium
1670 2489 2046 2559 episeopatus

398 2584 528 2652 cjus
579 2581 720 2634 initia
768 2590 1056 2650 potuerunt
1098 2581 1373 2650 attingere,
1404 2599 1518 2652 quo
1559 2597 1840 2654 tempore
1891 2592 2047 2652 pate-

401 2677 539 2732 bant
572 2674 833 2729 idolorum
877 2673 1097 2744 templa,
1132 2683 1185 2727 et
1211 2673 1275 2729 de
1301 2675 1416 2744 jure
1445 2679 1811 2748 templorum
1842 2674 2044 2730 licebat

401 2766 735 2824 contendere
763 2748 866 2833 ,Vut
908 2765 1137 2820 traditur
1180 2775 1388 2820 tractat.
1423 2766 1491 2821 15
1526 2769 1625 2824 lib.
1692 2785 1739 2831 ι,
1774 2765 1918 2838 quod
1951 2776 2036 2821 ta-

401 2879 531 2920 men
554 2863 729 2934 ipsum
767 2862 821 2916 in
849 2861 1080 2916 aliorum
1125 2873 1335 2930 quoque
1365 2861 1781 2930 imperatorum
1811 2859 2033 2916 aetatem

1305 2996 1356 3009 κ

413 2995 1296 3021 ’.ιι-ι--ιι--ιιιδ

2161 449 2371 553 cultum
2419 455 2827 553 severi§Simis
2875 470 3085 542 legibus
3115 478 3304 550 ubique
3345 483 3500 553 plane
3542 487 3802 540 sublatum

2162 543 2406 647 vidimus
2450 565 2588 647 cap.
2638 548 2703 618 2,
2733 555 2761 628 §
2793 561 2844 615 5.
2877 563 3008 620 Post
3050 543 3245 626 Julian'i
3278 543 3500 631 mortem
3532 579 3632 633 sub
3660 576 3801 632 chri-

2161 640 2362 694 stianis
2395 642 2847 723 imperatoribus
2878 672 3020 712 nova
3049 662 3276 718 ecclesia
3305 668 3558 722 tediﬁcari
3607 678 3661 722 et
3701 679 3797 733 ρη-

2164 738 2282 784 ¹θῖο
2302 734 2480 799 Palam
2504 737 2725 805 Ροιυίι,
2748 742 2798 798 in
2823 747 2982 817 cujus
3007 750 3345 811 dedicatione
3367 759 3446 812 vel
3465 759 3790 815 initiatione.

2159 836 2525 896 quaecumque
2590 827 2777 899 fuerit,
2858 837 2921 892 S.
2989 840 3136 896 Zeno
3194 853 3475 902 tractatum
3534 845 3720 901 “lib.
3779 855 3796 892 l

2163 912 2379 970 habuit.
2413 916 2731 979 Potuerunt
2753 926 2962 984 Zenoni
2993 935 3335 993 concionami
3360 941 3623 994 interesse
3651 934 3803 989 Gen-

2161 1005 2310 1072 tiles,
2345 1019 2404 1063 ut
2449 1011 2591 1066 nihil
2639 1028 2816 1072 metus
2858 1021 2984 1078 inde
3013 1024 3361 1099 injicerctur,
3391 1030 3540 1100 quod
3583 1026 3813 1082 tract.’5

2158 1100 2412 1168 ejusdem
2439 1104 2535 1158 lib.
2574 1123 2590 1161 ι
2624 1111 2883 1167 traditum
2920 1117 3174 1174 vidimus.
3198 1122 3394 1193 Ingens
3428 1123 3520 1176 illa
3547 1121 3828 1184 catechu-

2159 1209 2449 1249 meuorum
2483 1199 2753 1272 cujusque
2781 1209 2982 1270 aetatis,
3008 1224 3195 1279 sexus,
3226 1215 3604 1284 conditionis,
3636 1229 3691 1276 et
3729 1241 3844 1288 na-

2158 1279 2326 1387 tiOIIis
2353 1281 2534 1387 copia,
2570 1303 2734 1354 quam
2767 1294 3061 1358 quotannis
3087 1297 3524 1369 baptimntlibus
3555 1279 3858 1387 undis—HL

2158 1370 2329 1425 lutam
2367 1373 2555 1442 plures
2593 1388 2860 1435 tractatus
2892 1392 3158 1444 testantur
3178 1433 3193 1458 ,
3224 1403 3280 1447 et
3313 1395 3533 1464 ingens
3563 1399 3668 1464 ille
3690 1370 3865 1489 θὶιὲἱῖ

2156 1467 2462 1520 stianorom
2505 1472 2761 1538 quotidie
2804 1485 3238 1540 excrescehtium
3274 1503 3590 1556 numerus

2197 1558 2208 1568 .
2525 1524 2539 1538 .
2811 1524 3238 1540 -—--ww--~-um
3274 1524 3615 1572 nun-crus,
3644 1524 3731 1571 cm
3769 1542 3868 1589 ea_

2157 1557 2365 1627 piendo
2427 1573 2569 1617 nova
2619 1564 2749 1620 licet
2791 1577 2847 1622 et
2876 1573 3060 1643 ampla
3115 1580 3364 1635 ecclesia
3397 1625 3419 1643 .
3486 1610 3641 1643 egent
3695 1615 3788 1643 ηε-
3829 1632 3840 1643 .

2204 1778 2308 1797 ηη,
2340 1778 2776 1858 Ιμλλι11υυιιιεϊ
2799 1778 3001 1826 renqua
3027 1778 3145 1830 quae
3160 1778 3355 1819 notam
3385 1778 3640 1848 aliquam
3659 1797 3838 1858 chro-

2163 1840 2344 1891 nicam
2377 1840 2642 1908 praeferre
2688 1857 2925 1911 queunt.
2960 1861 3014 1905 et
3062 1854 3105 1907 si
3157 1871 3266 1911 non
3299 1840 3498 1924 omnia
3551 1840 3819 1945 cumba:

2162 1937 2328 1981 mtate
2362 1941 2716 1998 concurrant,
2750 1950 2872 1991 cum
2904 1941 3006 1996 alia
3036 1959 3408 2017 concurrant;
3441 1937 3806 2027 nostram

2163 2019 2400 2075 Zenonis
2460 2040 2581 2077 :cvo
2636 2035 2956 2091 sententiam
3016 2040 3569 2121 abjicias,a|iumque
3615 2059 3688 2112 ab
3725 2077 3796 2115 eo

2162 2117 2409 2169 omnium
2453 2124 2782 2179 tractatuum
2835 2141 3110 2189 auctorem
3146 2147 3354 2192 statuas
3376 2117 3604 2210 per—nos
3631 2148 3782 2204 licet.

2161 2205 2217 2260 Si
2252 2222 2386 2261 vero
2417 2209 2546 2262 huic
2582 2216 2725 2269 tetati
2770 2227 3100 2281 conveniant
3142 2231 3346 2297 omnia,
3372 2233 3464 2288 alii
3493 2239 3639 2292 :etati
3669 2255 3779 2294 non

2158 2309 2476 2372 οοηενυτίηι
2503 2345 2515 2366 .
2573 2308 2701 2364 Nihil
2733 2326 3018 2385 superesse
3060 2322 3408 2394 intelligimus
3449 2344 3557 2396 quo
3599 2332 3779 2386 minus

2160 2393 2218 2449 S.
2249 2394 2542 2451 Zenonem
2572 2401 2880 2477 episcopum
2909 2411 3281 2470 Veronensem
3309 2460 3323 2485 ,
3378 2418 3569 2475 eadem
3616 2433 3778 2477 aetate

2155 2486 2478 2553 ﬂorentem,
2513 2507 2697 2551 verum
2745 2511 3090 2575 tractatuum,
3122 2524 3258 2579 quos
3303 2513 3570 2580 genuinos
3615 2516 3778 2569 unius

2155 2582 2302 2636 fetus
2366 2587 2722 2658 secrevimus,
2783 2611 3042 2666 agnoscas
3100 2611 3154 2656 et
3203 2604 3418 2658 fatearis
3467 2616 3772 2672 attetorem,

2147 2671 2403 2742 linisqm:
2433 2679 2651 2737 tandem
2685 2685 2992 2757 imponatur
3021 2693 3086 2747 iis
3112 2696 3520 2762 controversiis,
3550 2714 3668 2767 quae
3701 2701 3772 2755 de

2087 2848 2092 2852 ι
2149 2766 2403 2824 Zenonis
2437 2774 2655 2847 scriptis
2701 2789 2758 2834 et
2787 2792 2945 2839 aetate
2971 2793 3048 2839 tot
3067 2785 3177 2856 jam
3225 2766 3768 2846 annislitteratorum

2141 2862 2372 2918 animos
2401 2865 2789 2930 distinuerunt.

2149 3003 3756 3041 ____________________,

1142 3111 1335 3193 tmvt
1368 3106 2159 3197 DISSERTATIO
2251 3061 2813 3244 SECUNDA
2850 3187 2874 3232 ,

1021 3273 1502 3336 ZENONIANJE
1569 3275 2014 3340 DOCTRlNIE
2075 3281 2498 3376 VINDICIAS
2560 3289 3158 3357 COMPLECTENS.

1744 3419 2457 3453 Ἦ

1021 3507 1448 3566 PROOEMIUM.

425 3648 495 3702 In
527 3664 628 3719 quo
655 3649 717 3702 de
746 3646 1165 3702 Zenonianorum
1195 3654 1505 3699 tractatuum
1552 3647 1853 3714 praestantia
1882 3663 2048 3717 pauca

899 3741 1137 3813 quwdam
1167 3749 1567 3810 prtemonentttr.

508 3880 759 3944 Etiamsi,
800 3895 920 3934 cum
969 3880 1038 3934 de
1077 3878 1299 3933 Patrum
1346 3878 1701 3934 concionibus
1730 3895 1915 3935 sermo
1943 3891 2043 3946 est,

430 3991 575 4045 opus
605 3973 812 4044 concipi
843 3973 1017 4049 soleat
1041 3989 1146 4026 non
1179 3973 1354 4042 magni
1385 3974 1666 4038 momenti,
1698 3989 1796 4029 nec
1813 3975 2049 4045 talequi-

431 4067 564 4121 dem
597 4076 653 4119 ut
705 4072 941 4120 excitare
969 4065 1309 4121 eruditorum
1351 4065 1700 4119 attentionem
1727 4107 1740 4128 ,
1785 4075 1839 4118 et
1875 4068 2048 4120 conti-

435 4175 574 4212 nere
630 4158 870 4226 ipsm-um
925 4158 1136 4210 animos
1193 4156 1393 4210 utiliter
1444 4159 1892 4224 possitztatnen'
1925 4173 2044 4212 cum

434 4266 727 4304 sermones
774 4252 1109 4319 antiquorum
1173 4250 1470 4318 pr:rsertim
1516 4248 1728 4304 Patrum
1754 4252 1798 4332 ji
1828 4252 1935 4305 sint
1993 4252 2045 4305 in

437 4344 641 4414 quibus
670 4354 721 4396 et
765 4342 1038 4411 disciplina
1084 4353 1271 4407 vetus,
1310 4353 1362 4396 et
1408 4359 1617 4397 morum
1657 4345 1886 4415 lideique
1913 4345 2042 4400 doc-

441 4438 586 4489 trina
627 4434 934 4489 christianis
966 4435 1198 4504 antiquis
1240 4433 1432 4488 tradita
1474 4435 1774 4490 custoditur
1813 4437 2048 4507 (quibus

439 4529 614 4584 rebus
661 4527 1014 4595 praestabilius
1062 4528 1191 4581 nihil
1239 4541 1358 4582 esse
1390 4527 1607 4599 potest)
1652 4527 1897 4597 profecto
1934 4545 2046 4584 rem

441 4626 624 4692 ipsam
653 4621 963 4690 diligentius
994 4622 1359 4677 consideranti
1403 4623 1753 4678 concionibus
1781 4624 2046 4694 ejusmodi

447 4715 768 4786 prwclarius
791 4715 922 4768 nihil
956 4731 1076 4770 esse
1103 4715 1447 4784 judicabitur.
1475 4713 1626 4781 Quod
1655 4716 1698 4769 si
1725 4715 1964 4769 onﬂlium
1995 4717 2046 4770 id

446 4828 626 4882 genus
670 4816 990 4863 tractatuum
1040 4811 1154 4863 hmc
1193 4809 1328 4862 ratio
1373 4807 1613 4862 habenda
1656 4817 1759 4870 est,
1813 4811 2043 4864 maxima

2079 3514 2124 3576 C
2158 3528 2268 3569 non
2317 3522 2564 3592 scriptae,
2591 3537 2681 3583 aut
2721 3543 2749 3584 a
2774 3531 2998 3587 notariis
3024 3534 3214 3591 saltem
3238 3548 3482 3610 excepta:
3511 3541 3756 3600 fuerunt:

2153 3607 2238 3662 vel
2271 3611 2318 3664 si
2364 3617 2490 3684 quid
2541 3619 2618 3674 illi
2669 3622 3007 3680 elaboratum
3055 3629 3345 3686 attulerunt
3380 3607 3444 3688 in
3496 3634 3754 3705 medium,

2152 3703 2294 3771 quod
2320 3709 2499 3780 colligi
2524 3725 2728 3782 posset,
2757 3716 2855 3786 ipsi
2874 3735 2937 3773 ex
2971 3720 3210 3789 pluribus
3225 3724 3467 3792 ejusdem
3491 3703 3757 3784 sermoni-

2151 3794 2273 3861 bus,
2299 3803 2390 3868 qui
2431 3805 2649 3874 aliquod
2673 3823 3044 3879 argnmentum
3078 3825 3407 3885 spectarent,
3459 3837 3621 3876 unum
3666 3825 3754 3879 vel

2153 3891 2336 3960 plures
2362 3896 2526 3952 libros
2557 3916 2967 3975 compegerunt,
2998 3919 3053 3962 ut
3093 3910 3370 3966 concionis
3398 3926 3548 3970 vetus
3577 3915 3748 3970 forma

2154 3983 2315 4052 plane
2341 3989 2582 4057 perierit.
2616 3993 2706 4049 Sic.
2735 3995 3028 4054 Clementis
3075 4000 3420 4058 Alexandrini
3467 4020 3632 4076 opera
3686 4025 3751 4063 ex

2154 4076 2337 4132 tnttltis
2386 4085 2736 4140 concionibus
2785 4088 2854 4142 ab
2894 4091 3012 4160 ipso
3055 4105 3276 4149 auctore
3324 4097 3482 4150 simul
3510 4099 3753 4156 .subinde

2153 4165 2423 4218 contextis
2444 4176 2498 4221 et
2520 4170 2678 4223 editis
2700 4183 2986 4239 constant;
3017 4187 3070 4230 et
3089 4179 3340 4234 similiter
3361 4185 3748 4238 commentaria

2153 4255 2211 4311 S.
2248 4255 2437 4313 Hilarii
2467 4260 2516 4313 in
2535 4263 2805 4328 Psalmos,
2833 4269 3088 4338 pleraque
3117 4271 3173 4326 S.
3201 4273 3467 4327 Ambrosii
3495 4291 3660 4344 opera
3683 4278 3750 4332 de

2153 4349 2522 4405 ministrorum
2559 4353 2788 4422 Officiis,
2823 4359 2891 4412 de
2926 4359 3214 4430 Mysteriis,
3254 4372 3359 4418 etc.
3389 4404 3402 4427 ,
3435 4367 3624 4422 eadem
3663 4385 3750 4423 ra-

2154 4441 2299 4496 tione
2331 4458 2395 4495 ex
2431 4446 2592 4498 variis
2624 4450 2939 4504 tractatibus
2967 4451 3169 4521 digesta
3203 4465 3518 4512 noscuntur.
3553 4459 3616 4514 lli
3650 4461 3751 4516 ita-

2151 4547 2256 4602 que
2288 4532 2521 4590 Zenonis
2553 4535 2883 4594 Veronensis
2925 4553 3178 4598 tractatus
3209 4547 3571 4618 antiquissimi
3620 4562 3747 4606 sunt

2150 4625 2390 4679 omnium
2424 4629 2563 4682 inter
2592 4629 2835 4698 Latinos,
2873 4649 3045 4704 eoque
3093 4637 3311 4693 nomine
3354 4640 3469 4695 haec
3497 4643 3746 4697 collectio

2151 4727 2346 4787 prmter
2376 4731 2603 4777 caeteras
2632 4725 2869 4780 l'acientla
2899 4729 3115 4783 maximi
3141 4739 3246 4786 est.

2225 4812 2304 4865 Ad
2333 4827 2422 4867 res
2464 4831 2597 4870 vero
2626 4817 2768 4888 ipsas
2809 4834 2927 4889 quae
2954 4821 3132 4892 aliquo
3173 4824 3227 4879 in
3255 4839 3420 4895 opere
3461 4829 3750 4883 continen-

448 4904 597 4958 haud
645 4903 807 4958 dubie
858 4903 1114 4957 habeatur
1155 4911 1364 4972 Oportet
1413 4915 1598 4955 eorum
1641 4901 1732 4970 qui
1777 4902 1845 4955 ab
1909 4903 2048 4957 anti-
2073 4897 2128 4958 D
2154 4916 2261 4975 tnr,
2304 4911 2350 4965 si
2380 4911 2618 4966 animum
2651 4914 3010 4984 adjiciendum
3046 4928 3222 4989 putes,
3255 4931 3309 4976 ut
3339 4923 3470 4977 nihil
3502 4924 3744 4980 dicamus

447 4997 633 5066 quiori
663 4995 926 5062 scriptore
971 4994 1256 5056 lucubrati,
1289 4994 1511 5061 primam
1544 5003 1597 5047 et
1622 4995 2044 5050 vetustissimam

453 5101 770 5142 sermonum
800 5085 1170 5140 collectionem
1208 5084 1512 5139 exhibeant.
1552 5086 1827 5157 Ejusmodi
1866 5100 2045 5145 autem

454 5194 582 5232 esse
614 5186 872 5231 tractatus
922 5192 1056 5246 quos
1078 5191 1217 5230 nunc
1245 5177 1473 5241 edimus,
1504 5187 1562 5231 ut
1584 5180 1920 5248 exploratum
1954 5182 2049 5236 ha-

455 5272 616 5335 beas,
646 5271 836 5335 lector,
871 5271 996 5323 illnd
1032 5269 1310 5324 considera
1331 5312 1343 5333 ,
1375 5270 1514 5338 quod
1544 5275 1643 5325 etsi
1686 5273 1795 5342 jam
1827 5275 1951 5328 inde
1981 5277 2049 5332 ab

451 5361 724 5432 apostolis
765 5377 953 5415 omnes
997 5361 1233 5429 episcopi
1265 5360 1316 5413 in
1351 5363 1631 5428 pascendis
1668 5363 1850 5419 divino
1879 5367 2048 5422 verbo

450 5454 652 5508 ovibus
677 5451 916 5507 sedulam
947 5467 1164 5521 operam
1204 5461 1497 5520 ponerent,
1533 5453 1672 5507 nulla
1720 5463 1898 5511 tamen
1927 5472 2045 5512 ser-

451 5561 682 5603 monum
713 5545 762 5599 id
788 5545 1000 5614 generis
1027 5545 1273 5599 collectio
1303 5547 1558 5616 suppetit,
1582 5563 1739 5616 quam
1764 5549 1834 5604 ob
1857 5561 2043 5607 aucto-

449 5639 533 5696 ris
567 5649 781 5706 tempus
813 5648 996 5692 nostra
1023 5641 1121 5692 hac
1145 5638 1496 5710 antiquiorem
1529 5641 1814 5697 ostendere
1846 5647 2041 5714 possis.

448 5727 1033 5786 Conciones'nimirnm
1055 5740 1293 5784 veterum
1317 5747 1377 5783 ex
1405 5741 1641 5800 tempore
1660 5738 2040 5806 pronuntiatm,

2153 5002 2220 5056 de
2266 5002 2330 5056 iis
2371 5020 2492 5074 quae
2525 5005 2799 5075 profanam
2843 5010 2908 5063 ad
2958 5013 3315 5069 eruditionem
3368 5018 3661 5086 pertinent,
3715 5035 3745 5074 e

2151 5095 2344 5163 quibus
2389 5097 2554 5150 multa
2588 5099 2637 5151 in
2684 5099 3122 5158 adnotationibus
3159 5105 3386 5162 subinde
3429 5109 3742 5163 considera-

2152 5188 2383 5256 btmtnr;
2416 5192 2731 5260 praeclarum
2771 5197 2969 5251 veteris
3008 5197 3310 5268 disciplinae
3353 5201 3640 5272 imaginem
3681 5219 3745 5259 ac

2159 5282 2386 5353 insignia
2440 5283 2750 5354 dogmatum
2810 5293 3378 5359 praestantissimorum
3439 5297 3746 5352 testimonia

2161 5374 2308 5430 hisce
2337 5377 2394 5430 in
2417 5378 2735 5433 tractatibus
2748 5393 3012 5451 prostant,
3033 5400 3063 5440 e
3079 5385 3274 5455 quibus
3294 5397 3350 5444 et
3365 5391 3749 5446 ecclesiastic'e
3767 5384 3774 5387 ”

2155 5465 2455 5536 disciplina:
2481 5469 2804 5541 scriptores,
2838 5483 2892 5528 et
2920 5475 3042 5531 fidei
3067 5477 3305 5534 vindices
3345 5484 3611 5552 prolicere
3641 5498 3748 5538 non

2156 5557 2426 5613 modicum
2459 5561 2687 5629 possint.
2725 5562 2896 5631 Quam
2943 5568 3136 5624 eximia
3179 5569 3268 5624 illa
3311 5571 3608 5642 disciplinae
3650 5587 3747 5626 ca-

2159 5649 2286 5716 pita,
2317 5651 2513 5714 quibus
2559 5659 2607 5705 et
2661 5666 3006 5720 peccatorum
3055 5660 3488 5727 confessionem,
3536 5676 3747 5720 necnon

2161 5742 2532 5806 ptrnitcntiam
2583 5745 2821 5812 aliquam
2875 5747 3203 5817 baptismatis
3235 5765 3571 5808 sacramento
3615 5752 3748 5809 dlit’n
