4242 6168
471 268 541 322 εδ
1848 254 2385 311 PROLEGOMENA.
3704 257 3771 316 tu

469 379 725 453 praemitti
757 377 971 432 solitam
1002 373 1203 444 prodit,
1236 380 1290 426 et
1334 386 1526 440 aquam
1557 369 1808 437 baptismi
1838 370 2069 424 calefac-
2097 374 2149 433 Α
2176 386 2295 442 qua:
2329 382 2437 424 tum
2467 372 2723 439 temporis
2751 370 2879 425 nihil
2911 369 3274 439 offenderent,
3308 380 3431 443 post
3458 378 3614 430 natas
3643 384 3775 430 vero

473 486 606 540 tam,
635 488 697 526 ac
723 485 817 541 per
842 466 1055 523 canales
1086 464 1342 519 continuo
1363 463 1743 519 decurrentem
1774 463 1825 516 in
1856 477 2071 517 sacrum

473 567 712 628 fontem,
767 567 823 616 et
884 556 1165 611 denarium
1236 553 1493 623 singulari
1550 553 1708 623 plane
1763 552 2071 608 testimonio

478 653 763 726 baptizatis
795 649 1047 705 traditum
1080 645 1301 713 indicat,
1351 652 1548 716 praeter
1592 644 1696 699 alia
1732 645 1898 700 multa
1948 660 2071 716 qua:

474 748 541 805 ad
571 743 1083 802 catechumeuorum
1129 754 1357 795 examen
1402 745 1553 793 certo
1583 736 1791 792 dierum
1844 751 2070 792 numero

474 839 779 903 definitum,
816 835 884 891 ad
912 835 1013 898 sal,
1056 832 1256 898 oleum,
1282 831 1383 899 lac,
1430 839 1636 886 vestem
1674 829 1882 896 albam,
1932 829 2069 885 alia-

474 950 578 1005 que
603 929 743 1001 apud
766 929 902 982 alios
932 926 985 980 in
1010 922 1346 994 baptismatis
1376 923 1479 976 ritu
1506 922 1743 977 celebria
1773 921 2067 993 pertinent.

474 1023 869 1082 Eueharistiam
895 1019 998 1075 sub
1020 1027 1246 1087 utraque
1272 1016 1453 1086 specie
1477 1016 1748 1081 traditam,
1771 1024 1827 1072 et
1847 1017 2070 1071 dommn

472 1117 647 1172 adhuc
667 1130 733 1170 eo
750 1110 949 1169 sacculo
971 1110 1311 1179 deportatam
1341 1108 1440 1161 sub
1467 1108 1645 1178 specie
1672 1109 1843 1179 panis,
1873 1109 2071 1166 solem-

474 1209 657 1266 uitalis
690 1205 959 1279 paschalis
987 1202 1339 1258 cmremonias
1378 1199 1581 1258 affahre
1626 1201 1960 1273 descriptas,
1987 1203 2073 1274 je-

468 1303 743 1373 juniorum
761 1292 1314 1365 Quadragesimalium
1339 1292 1760 1361 observantiam,
1782 1293 2069 1365 conjugum

475 1393 528 1449 id
569 1389 827 1459 temporis
874 1385 1298 1453 continentiam,
1334 1383 1598 1440 cadavera
1648 1384 2070 1441 Christianorum

475 1487 528 1541 in
560 1482 803 1539 ecclesiis
835 1479 1009 1550 palam
1043 1477 1311 1546 exposita,
1344 1475 1472 1532 dum
1519 1490 1670 1532 sacra
1702 1476 1877 1532 officia
1912 1493 2070 1547 pera-

474 1587 749 1651 gerentur,
802 1584 857 1630 et
908 1574 1062 1645 'plura
1115 1572 1166 1627 id
1220 1570 1435 1642 generis
1483 1572 1648 1626 multa
1707 1574 2073 1642 prrtermitti-

476 1689 592 1728 ιιιιις
637 1662 757 1742 quae
810 1684 876 1723 ex
932 1664 1111 1720 Indice
1162 1663 1417 1719 facillime
1454 1663 1700 1734 colliges.
1756 1663 1891 1719 Vide
1933 1680 2073 1736 prae.

472 1766 659 1821 sertim
687 1776 806 1833 qua:
832 1760 900 1815 de
926 1755 1255 1831 [Lxxv1]ritn
1277 1755 1561 1811 ordinandi
1583 1756 1879 1824 ministros,
1899 1774 1961 1813 ac
1987 1774 2073 1815 rc-
2102 1753 2149 1814 B

475 1854 796 1914 conciliandi
863 1852 1189 1925 pteniteutes
1265 1849 1317 1905 iu
1370 1848 1645 1919 paschale,
1694 1850 2073 1921 antiquissimo

478 1951 634 2021 plane
682 1947 921 2003 omnium
979 1945 1323 2007 testimonio,
1366 1940 1474 1995 imo
1522 1953 1576 1997 et
1614 1944 1775 1996 unico
1829 1942 2076 2011 proditur

479 2052 636 2099 tract.
670 2042 740 2097 50
787 2040 879 2094 lib.
912 2054 971 2101 ιι.
1003 2037 1144 2093 unde
1170 2037 1347 2106 ignota
1367 2036 1628 2091 hactenus
1657 2036 1953 2106 disciplima
1985 2052 2074 2093 ec-

476 2137 796 2192 clesiasticzc
821 2132 1007 2188 notitia
1056 2130 1300 2196 elicitur,
1340 2145 1442 2201 qua
1490 2128 1824 2185 eruditorum
1869 2130 2077 2201 aliquot

476 2241 798 2283 communes
846 2223 1137 2293 cmteroqui
1181 2222 1465 2277 sententia:
1495 2232 1833 2290 evertuntur,
1863 2225 1947 2280 vel
1975 2240 2077 2280 ex-

478 2319 729 2390 ceptione
760 2316 939 2386 aliqua
964 2314 1213 2369 notanda:
1244 2323 1388 2368 sunt.

550 2410 658 2467 Sed
683 2424 803 2480 quae
826 2409 894 2462 ad
921 2406 1148 2477 insignia
1180 2405 1433 2477 dogmata
1461 2407 1837 2463 constituenda
1889 2408 2079 2465 confe-

477 2511 624 2570 runt,
660 2500 1021 2572 frequentiora
1048 2507 1195 2554 sunt.
1241 2498 1345 2554 Pro
1387 2510 1610 2568 peccato
1639 2499 1888 2569 originali
1929 2514 2079 2555 asse-

478 2593 650 2651 rendo
678 2594 750 2647 ita
777 2606 1063 2662 expresse,
1096 2590 1223 2645 licet
1266 2605 1361 2659 per
1386 2589 1606 2660 figuras,
1638 2590 1898 2661 loquitur,
1948 2604 2004 2646 ut
2029 2592 2078 2648 si

480 2690 539 2746 S.
571 2689 900 2759 Augustinus
921 2687 1113 2740 borum
1135 2693 1454 2740 tractatuum
1483 2684 1757 2741 habuisset
1778 2689 2075 2758 exemplar,

481 2781 615 2836 nihil
645 2776 994 2835 dubitandum
1041 2778 1111 2831 sit
1156 2777 1282 2846 quin
1337 2786 1525 2832 contra
1574 2777 1778 2848 Pelagii
1826 2778 2080 2834 haeresim

482 2873 626 2928 hunc
656 2872 867 2927 Patrem
910 2870 1286 2939 gravissimum
1310 2868 1649 2924 auctoritatis
1679 2886 1741 2925 ac
1774 2871 2080 2928 traditionis

479 2966 651 3037 gratia
695 2963 1003 3032 objecisset.
1051 2960 1185 3017 Vide
1241 2971 1396 3016 tract.
1458 2962 1525 3017 16
1578 2962 1673 3018 lib.
1722 2980 1763 3030 ι,
1822 2981 1968 3019 ntun.
2021 2966 2076 3033 5,

480 3056 666 3112 adnot.
701 3056 786 3122 16,
820 3055 910 3108 ubi
940 3054 1183 3109 omnium
1220 3067 1502 3123 pmnarum
1547 3054 1923 3123 temporalium
1951 3071 2082 3112 cau-

480 3170 596 3210 sam
620 3156 671 3209 in
707 3152 941 3223 priorum
974 3158 1251 3221 parentum
1277 3151 1491 3221 culpam
1516 3151 1859 3222 apertissime
1887 3152 2077 3222 refert,

480 3264 534 3304 et
576 3255 732 3303 tract.
783 3246 845 3301 15
893 3244 1136 3314 ejusdem
1181 3244 1301 3299 libri
1345 3259 1492 3298 num.
1530 3245 1619 3310 12,
1667 3261 1731 3300 ac
1774 3248 2075 3316 praesertim

485 3348 642 3394 tract.
677 3337 744 3392 '59
774 3346 827 3390 ct
853 3334 925 3389 42.
957 3336 1049 3389 lib.
1101 3346 1158 3398 tt,
1196 3336 1281 3391 ubi
1312 3338 1543 3390 mortuos
1569 3338 1818 3406 primum,
1874 3340 1965 3410 qui
2013 3340 2079 3397 ad

482 3431 746 3500 baptisma
778 3428 1060 3493 accedunt,
1092 3427 1216 3482 dein
1246 3445 1374 3483 vero
1404 3430 1540 3483 vivos
1571 3428 1815 3486 redditos
1860 3432 1911 3486 in
1942 3432 2079 3504 bap-

483 3528 701 3580 tismate
719 3521 1022 3588 afiirmans,
1068 3522 1375 3592 veterisque
1403 3522 1639 3578 hominis
1669 3524 1720 3577 iu
1753 3524 2079 3595 baptismate

481 3619 658 3675 necati
685 3617 1019 3673 mentionem
1046 3616 1270 3682 faciens,
1297 3615 1366 3671 de
1389 3617 1637 3688 originali
1659 3617 1815 3690 culpa
1842 3618 2078 3675 animam

480 3712 765 3770 occidente
794 3719 981 3782 aperte
1011 3718 1259 3765 testatur.
1288 3710 1663 3781 Erploratiora
1694 3723 1841 3779 sunt,
1867 3729 1986 3784 qmc
2010 3715 2079 3770 de

478 3804 818 3875 baptismatis
861 3802 1076 3868 virtute,
1134 3800 1185 3855 in
1235 3816 1344 3871 quo
1388 3803 1571 3856 omnia
1615 3803 1818 3873 qumvis
1860 3815 2078 3873 peccata

476 3898 639 3969 plane
676 3895 948 3961 delentur,
974 3894 1042 3949 de
1066 3890 1381 3949 charactere
1401 3893 1568 3965 quiin
1591 3894 1857 3965 baptismo
1882 3897 2079 3954 anima:

479 3990 829 4060 imprimitur,
874 4002 975 4042 nec
1001 3986 1175 4041 deleri
1202 4002 1435 4057 unquam
1467 3996 1643 4056 potest
1673 3988 1694 4061 (
1723 3988 1864 4044 unde
1894 3990 2078 4046 iterari

479 4084 534 4140 id
588 4089 988 4138 sacramentum
1039 4078 1291 4151 nequit),
1319 4079 1387 4135 de
1429 4082 1633 4149 gratia,
1681 4096 1801 4151 qua:
1847 4082 1900 4137 in
1948 4083 2079 4153 bap-

480 4177 694 4235 tismate
734 4188 841 4230 non
868 4172 1057 4229 eadem
1089 4172 1372 4236 omnibus,
1405 4172 1500 4227 sed
1542 4187 1639 4243 pro
1681 4175 1831 4230 vario
1859 4176 2080 4230 merito-

479 4287 598 4326 rum
629 4267 944 4325 diserimiue
969 4264 1144 4336 major
1164 4274 1218 4321 et
1241 4265 1419 4321 minor
1442 4264 1744 4333 confertur,
1778 4268 1846 4323 de
1877 4283 2077 4339 puero-

479 4379 599 4419 rum
637 4372 691 4418 et
729 4361 1015 4417 infantium
1059 4359 1330 4429 baptismo
1352 4401 1367 4425 ,
1398 4359 1466 4415 de
1503 4362 1887 4443 communione
1922 4378 2079 4419 sanc-

480 4467 681 4523 torum,
703 4455 772 4511 de
795 4456 995 4510 virtute
1017 4453 1249 4510 clavium
1284 4455 1565 4523 Ecclesia),
1594 4457 1663 4514 de
1683 4458 1951 4514 sacrificio
1979 4473 2078 4529 pro

2179 463 2415 518 haereses
2446 462 2687 533 lixasque
2713 462 2972 518 formulas
3001 463 3292 533 displicent
3318 505 3333 529 ,
3364 479 3429 520 ac
3460 464 3774 536 detorqueri

2178 556 2228 610 in
2259 555 2456 609 tnalum
2490 570 2707 610 sensum
2733 564 2976 623 possunt.
3002 554 3138 610 Hinc
3164 555 3216 608 in
3246 555 3586 612 vindicandis
3612 572 3777 627 estpo-

2179 649 2481 717 nendisque
2508 648 2559 704 id
2588 649 2805 719 generis
2836 648 3203 704 locutionibus
3228 664 3352 704 eum
3383 650 3775 707 catholicormn

2181 758 2374 814 magna
2399 756 2614 812 semper
2642 756 2769 796 cura
2799 740 2918 805 fuit,
2961 750 3072 796 tum
3102 741 3371 796 editorum
3411 758 3473 797 ea
3520 756 3777 800 censetur

2176 834 2470 905 praecipua,
2500 832 2637 889 adeo
2669 844 2725 887 ut
2767 833 2811 887 si
2849 832 2992 904 quis,
3027 833 3114 889 ubi
3155 834 3225 889 sit
3252 849 3410 905 opus,
3447 835 3515 892 ab
3544 850 3608 892 ea
3639 836 3777 893 defi-

2174 928 2304 992 ciat,
2334 925 2666 998 imperfecta:
2691 925 2945 983 editionis
2970 926 3094 994 jure
3123 938 3426 983 accusetur.
3459 928 3644 1001 Itaque
3673 932 3775 987 Ze-

2176 1019 2335 1074 nonis
2359 1019 2663 1075 locutioncs
2692 1034 2755 1075 ac
2781 1020 3079 1075 sententias
3109 1019 3317 1090 aliquas
3355 1022 3627 1079 vindicare
3664 1025 3774 1080 dis-

2175 1112 2485 1170 sertationis
2514 1111 2676 1183 hujus
2702 1112 2828 1177 erit,
2853 1127 3013 1183 quam
3045 1126 3146 1183 pro
3186 1113 3629 1172 vindicandarum
3669 1134 3769 1173 nu-

2174 1222 2327 1265 mero
2358 1208 2410 1263 in
2439 1206 2625 1264 decem
2652 1208 2828 1278 capita
2853 1207 3219 1264 distinximus.

2570 1343 2797 1418 [Luvnj
2832 1340 3059 1402 CAPUT
3090 1336 3129 1401 Ι.

2175 1450 2407 1502 ρυεωιιι
2435 1451 2502 1491 nr.
2534 1451 2761 1497 suam
2789 1452 2942 1493 venat
2964 1450 3049 1494 est
3075 1440 3447 1497 csusanidss
3477 1457 3523 1497 s.
3556 1459 3775 1499 zenoms

2250 1543 2514 1584 FORIIULE
2548 1534 2580 1584 Α
2607 1545 2822 1585 ΡετΑνιι
2862 1546 3098 1588 censum
3140 1538 3493 1591 maereamus
3515 1577 3531 1605 ,
3571 1552 3775 1613 spatiu-

2249 1636 2460 1685 ncuous
2487 1610 2791 1677 SENTENTIA.
2808 1638 3130 1680 exsomnes.

2452 1736 2479 1809 §
2506 1736 2549 1793 1.
2579 1768 2647 1778 --
2677 1734 2991 1809 Proponitur
3020 1728 3218 1796 Petavii
3241 1759 3475 1798 censura.

2248 1850 2305 1906 Si
2350 1864 2468 1905 eam
2497 1849 2847 1918 locutionem,
2875 1867 2978 1922 qua
3009 1851 3250 1908 divinum
3278 1854 3507 1911 Verbum
3557 1871 3587 1912 a
3620 1856 3777 1915 Patre

2181 1955 2291 1999 tum
2346 1943 2678 2014 processisse
2736 1944 2992 1999 traditum
3042 1956 3150 2013 est,
3197 1960 3318 2002 cum
3363 1947 3433 2003 de
3497 1951 3776 2006 creatione

2180 2035 2366 2091 mundi
2388 2034 2670 2090 consilium
2702 2046 2916 2104 captum
2961 2034 3079 2103 fuit,
3115 2037 3172 2091 P.
3204 2037 3489 2111 Dionysius
3519 2040 3767 2098 Petavius

2180 2127 2471 2183 Societatis
2499 2126 2628 2182 Jesu
2657 2128 2866 2198 insigne
2896 2136 3275 2185 ornamentum
3316 2131 3456 2201 apud
3497 2148 3660 2188 unum
3693 2134 3777 2190 vel

2181 2221 2411 2277 alterum
2436 2235 2502 2275 ex
2525 2219 2891 2274 Antcnicaenis
2910 2219 3157 2276 Patribus
3174 2229 3364 2276 nactus
3379 2233 3552 2292 esset;
3578 2223 3778 2294 adhuc,

2181 2316 2357 2388 quoad
2388 2314 2505 2369 fieri
2558 2314 2704 2380 licet,
2734 2312 2923 2369 fuisset
2950 2314 3355 2386 interpretanda
3375 2358 3391 2384 ,
3422 2334 3488 2374 ue
3517 2318 3779 2377 Arianum

2182 2423 2401 2466 sensum
2428 2410 2707 2463 continere
2753 2405 3064 2463 videretur:
3093 2409 3178 2465 vel
3223 2415 3267 2465 si
3294 2409 3514 2466 dubium
3538 2427 3659 2468 esse
3688 2429 3783 2483 po-

2184 2502 2395 2567 tuisset,
2429 2514 2499 2555 ne
2544 2499 2761 2554 Ariame
2789 2500 3072 2556 sententia:
3100 2517 3239 2557 unus
3267 2512 3358 2558 aut
3398 2504 3535 2560 affer
3555 2504 3783 2575 quibus-

2182 2595 2306 2649 dam
2338 2593 2701 2649 locutionibus
2745 2594 3150 2664 prascinuisset;
3194 2610 3315 2651 cum
3360 2611 3467 2651 non
3495 2612 3686 2653 omnes
3718 2598 3784 2654 iis

2184 2685 2375 2755 primis
2433 2686 2765 2755 temporibus
2812 2684 3052 2740 definitae
3104 2694 3160 2741 et
3197 2686 3477 2743 enucleate
3519 2691 3784 2759 exposita:

2182 2776 2384 2831 fuerint
2453 2776 2698 2831 formula:
2757 2776 2951 2847 quibus
3008 2764 3259 2833 catholici
3310 2779 3395 2834 de'
3431 2781 3786 2849 generatione

2187 2868 2348 2925 Verbi
2378 2870 2661 2940 loquentes
2706 2879 3005 2937 uterentur,
3048 2871 3372 2941 parcendum
3411 2871 3631 2929 Petavio
3662 2889 3786 2929 cre-

2184 2962 2459 3028 deremus,
2492 2964 2536 3017 si
2573 2977 2814 3018 errorem
2859 2974 2951 3017 aut
2978 2967 3180 3019 erroris
3211 2966 3505 3034 perieulmn
3540 2980 3645 3021 non
3691 2984 3788 3021 ex-

2185 3071 2400 3123 eusaus,
2434 3056 2530 3112 sed
2571 3056 2825 3127 prodens,
2854 3057 3149 3113 cavendum
3184 3058 3504 3116 monuisset.
3547 3058 3619 3115 At
3660 3076 3781 3116 cmn

2106 3136 2153 3199 C
2188 3160 2295 3204 non
2328 3166 2467 3205 unus
2497 3159 2591 3203 aut
2620 3149 2776 3215 alter,
2811 3150 2906 3205 sed
2938 3150 3120 3221 plures
3150 3152 3485 3206 Antenica‘ni
3514 3152 3784 3223 iidemque

2185 3241 2615 3312 pracstautis~imi
2652 3241 2842 3296 Patres
2868 3258 2987 3297 eam
3021 3243 3349 3300 locutionem
3382 3258 3673 3315 usurpasse
3704 3249 3786 3299 in-

2187 3335 2333 3390 venti
2381 3336 2621 3403 fuerint,
2653 3336 3030 3391 abstinendum
3081 3337 3181 3408 ipsi
3209 3340 3433 3394 omnino
3477 3350 3597 3395 erat
3624 3344 3691 3396 ah
3721 3359 3783 3396 ea

2186 3439 2313 3482 nota
2353 3427 2592 3501 qumtsi
2644 3428 2768 3497 quid
2818 3429 3063 3495 valeret,
3117 3431 3421 3485 traditionis
3466 3441 3522 3486 et
3566 3431 3784 3486 Panum

2185 3517 2494 3573 auctoritati
2528 3518 2819 3589 plurimum
2844 3520 3175 3586 detraheret,
3201 3536 3301 3575 nec
3320 3522 3648 3591 aperiendus
3670 3518 3785 3575 l-.e-'

2184 3610 2370 3666 retiris
2412 3610 2589 3665 aditus
2619 3651 2634 3676 ,
2663 3623 2719 3666 ut
2761 3613 2865 3667 hoc
2911 3613 3166 3668 catholici
3196 3614 3602 3685 doctissimique
3630 3616 3787 3669 theo-

2184 3702 2291 3774 logi
2325 3705 2635 3759 testimouio
2677 3704 2936 3760 adversus
2967 3706 3304 3761 traditionem
3352 3718 3404 3763 et
3447 3706 3634 3763 Paires
3677 3722 3782 3767 non

2185 3794 2306 3848 sine
2333 3808 2531 3865 magno
2573 3794 2961 3851 catholicorum
2991 3797 3302 3867 dogmattnn
3340 3796 3653 3869 przejudieio
3700 3800 3785 3853 in-

2184 3896 2488 3957 surgerent.
2516 3886 2648 3942 Cum
2680 3903 2843 3959 porro
2875 3905 2981 3944 non
3015 3889 3350 3945 Auteniczeni
3376 3892 3554 3947 solum
3581 3892 3787 3962 aliquot

2184 3978 2392 4047 Patres,
2421 3978 2518 4034 sed
2549 3980 2789 4034 nonnulli
2819 3980 2983 4036 etiam
3015 3979 3234 4037 Niemua
3273 3982 3482 4055 synodo
3510 3990 3772 4055 posterio-

2182 4086 2272 4127 res
2297 4111 2314 4138 ,
2349 4072 2439 4141 qui
2488 4072 2748 4127 adversus
2772 4073 3006 4129 Arianos
3053 4088 3150 4144 pro
3180 4086 3327 4130 recta
3366 4074 3469 4130 fide
3516 4079 3785 4134 acerrime

2183 4163 2531 4229 dimicarunt,
2579 4163 2769 4219 eadem
2807 4165 3059 4231 loquendi
3091 4165 3321 4221 formula
3366 4168 3449 4222 usi
3479 4167 3785 4239 deprehen-

2183 4258 2411 4326 dantur,
2443 4258 2630 4315 videre
2676 4260 2919 4330 profecto
2953 4260 3151 4318 debeat
3198 4263 3247 4317 ei
3289 4264 3542 4319 locutioni
3580 4277 3785 4322 rectum

2183 4348 2622 4425 catltolicu'mque
2644 4368 2868 4409 sensum
2891 4355 3068 4411 inesse
3089 4366 3365 4426 oportere,
3390 4358 3482 4428 qui
3504 4358 3573 4415 ab
3588 4361 3785 4416 Ariana

2186 4446 2378 4501 haeresi
2411 4445 2702 4515 plurimum
2725 4446 2926 4513 distet;
2951 4456 3007 4501 et
3031 4462 3154 4502 cum
3183 4447 3237 4503 in
3260 4464 3325 4505 eo
3348 4449 3601 4508 laborare
3620 4452 3787 4510 debe-

474 4548 730 4617 morluis,
753 4548 823 4605 de
835 4547 1257 4620 exhomologesi,
1276 4565 1370 4605 seu
1382 4550 1726 4607 confessione
1738 4561 1793 4607 et
1808 4553 2076 4621 pmniten-

2185 4537 2298 4605 bat,
2330 4548 2387 4592 ut
2426 4538 2569 4594 hunc
2609 4552 2852 4603 sensum,
2900 4539 3227 4611 quicumque
3269 4542 3361 4610 sit,
3410 4553 3626 4600 erueret
3671 4556 3783 4603 tum

480 4641 550 4697 tia
583 4650 957 4711 peccatorum,
986 4638 1056 4694 de
1087 4648 1347 4711 perpetua
1383 4639 1444 4694 Β.
1481 4640 1715 4711 Virginis
1754 4642 1935 4697 Maria:
1967 4643 2076 4698 vir-

477 4734 735 4806 ginitate,
767 4732 997 4800 aliisque
1030 4729 1085 4786 id
1124 4732 1343 4803 generis
1372 4731 1619 4802 pluribus
1646 4732 1905 4789 Ecclesia:
1945 4734 2079 4807 dog-

480 4824 713 4880 matibus
735 4822 1036 4894 frequentia
1060 4833 1115 4878 et
1136 4822 1405 4879 luculenta
1426 4832 1718 4894 suppetunt
1741 4826 2073 4895 testimonia,

480 4927 537 4971 ut
563 4929 852 4972 recensere
864 4914 976 4985 jam
1005 4914 1199 4985 pigeat.
1222 4913 1331 4970 Sed
1360 4914 1476 4969 haec
1508 4913 1776 4972 indicasse
1799 4915 2035 4975 sufficiat
2061 4936 2075 4974 :

479 5010 634 5081 plura
667 5008 905 5064 inveniet
930 5008 1021 5079 qui
1049 5007 1260 5079 legerit.

550 5103 695 5159 lnter
722 5109 803 5156 tot
839 5110 1017 5156 autem
1048 5116 1111 5156 ac
1150 5110 1258 5157 tam
1290 5104 1603 5174 prmstantia
1630 5104 1913 5162 catholicae
1954 5106 2079 5165 fidei

482 5194 813 5257 testimonia,
846 5193 1030 5262 negari
1063 5207 1169 5247 non
1201 5204 1380 5264 potest
1423 5196 1551 5266 quin
1580 5196 1759 5268 aliqua
1787 5211 2079 5255 occurrant

479 5285 639 5355 paulo
660 5282 897 5347 duriora,
925 5298 1045 5354 qua:
1074 5283 1350 5341 offendere
1372 5301 1482 5341 non
1514 5287 1693 5341 nullos
1724 5297 1971 5358 potuere.
2002 5288 2074 5345 At

480 5378 583 5430 hoc
608 5389 730 5430 cum
773 5375 1028 5429 omnibus
1053 5376 1292 5447 antiquis
1317 5391 1605 5435 connuuue
1630 5389 1731 5435 est.
1761 5378 1897 5436 Cum
1927 5382 2073 5437 enim

479 5467 582 5521 alia
631 5466 753 5521 aliis
796 5468 1126 5538 temporibus
1161 5479 1215 5525 et
1254 5471 1387 5526 locis
1428 5472 1590 5528 verba
1642 5486 1706 5528 ac
1771 5474 2076 5532 locutiones

478 5557 885 5627 adhiberentur,
915 5571 1254 5617 nec-exortae
1285 5571 1474 5619 essent
1501 5566 1738 5620 bmrcses
1776 5580 1896 5635 quin
1946 5581 2077 5623 cau-

474 5657 643 5709 tiores
662 5652 1020 5710 reddideruut
1040 5656 1249 5725 Patres,
1276 5656 1513 5729 lixasque
1537 5658 1792 5729 loquendi
1815 5658 2077 5718 formulas

472 5749 756 5817 invexere,
795 5750 1025 5808 liberius
1054 5751 1400 5826 loquentibus
1449 5753 1707 5812 nonnulla
1738 5751 2077 5825 exciderunt,

2186 4647 2316 4687 vero
2346 4630 2398 4685 in
2425 4630 2671 4686 eamdem
2716 4633 3043 4686 sententiam
3089 4642 3166 4688 tot
3196 4636 3576 4693 Antenicaenos
3598 4637 3785 4694 Patres

2187 4722 2564 4795 interpctari,
2614 4738 2722 4778 non
2765 4738 2895 4778 vero
2946 4723 3134 4781 Ariani
3184 4726 3351 4785 ferme
3398 4732 3597 4786 erroris
3648 4748 3787 4802 prauo

2185 4824 2432 4870 ccutores
2482 4827 2673 4868 omnes
2723 4815 3024 4870 traducere.
3076 4822 3141 4871 At
3187 4817 3457 4887 Petavius,
3489 4825 3788 4880 Auleuictn-

2184 4908 2268 4963 nis
2318 4907 2526 4977 aliquot
2584 4905 2833 4962 Patribus
2884 4909 3026 4963 male
3089 4909 3385 4981 traductis,
3450 4929 3571 4971 cum
3641 4917 3787 4975 venit

2181 5001 2250 5055 ad
2316 4998 2373 5055 S.
2431 4998 2704 5054 Zenonem
2770 4999 3082 5071 episcopum
3150 5002 3559 5074 Veronensem,
3615 5024 3782 5077 eum,

2181 5108 2341 5164 quem
2410 5102 2531 5164 post
2578 5091 2851 5148 Nicaenam
2896 5094 3160 5165 synodum
3212 5094 3494 5153 florentem
3536 5099 3782 5157 subindi-

2181 5192 2301 5251 cat,
2338 5197 2438 5239 nec
2481 5198 2587 5240 non
2642 5186 2899 5241 adversus
2937 5186 3165 5242 Arianos
3208 5189 3572 5246 testimonium
3599 5192 3786 5249 dicen-

2182 5285 2288 5331 tem
2332 5275 2528 5331 alicubi
2559 5278 2779 5348 allegat,
2818 5293 2925 5332 una
2964 5293 3086 5333 cum
3109 5280 3277 5335 Mario
3307 5280 3603 5353 Victorino,
3637 5285 3783 5356 ejus-

2181 5368 2305 5424 dem
2354 5366 2540 5424 επιξυιί
2585 5373 2871 5441 scriptore,
2904 5368 2974 5425 ob
3017 5371 3225 5441 aliquot
3272 5373 3388 5443 ejus
3433 5377 3648 5445 generis
3703 5379 3783 5434 lo-

2182 5462 2424 5516 cutiones
2471 5462 2522 5516 in
2569 5462 2810 5532 ejusdem
2856 5465 3061 5520 erroris
3107 5464 3472 5535 auspiCionem
3521 5470 3780 5528 inducere

2185 5554 2319 5610 nihil
2345 5555 2576 5611 dubitat.
2605 5556 2916 5613 Recitemus
2945 5566 3113 5614 totam
3143 5560 3262 5633 ejus
3308 5562 3608 5634 longiorem
3651 5564 3782 5619 licet

2183 5664 2490 5716 censuram,
2538 5667 2605 5706 ne
2648 5650 2774 5721 quid
2808 5651 3083 5707 videamur
3129 5654 3456 5728 importare,
3488 5671 3610 5712 cum
3638 5671 3782 5727 pra:-

2185 5747 2373 5804 sertitn
2414 5761 2478 5805 ea
2532 5747 2634 5803 hoc
2680 5748 2858 5822 capite
2900 5748 3195 5811 refellenda
3253 5752 3411 5810 nobis
3456 5752 3547 5809 sit.
3600 5750 3784 5827 Itaque
