4242 6168
378 212 459 271 85
1291 215 1739 279 DISSERTATIO
1776 222 1839 293 li,
1883 221 1968 282 DE
2010 226 2067 283 S.
2110 220 2420 287 ZENONIS
2472 228 2867 295 DOCTRINA.
3715 262 3785 318 86

378 334 753 393 consideratis
779 335 1015 392 Patrum
1041 335 1430 408 antiquiorum,
1458 339 1654 406 quibus
1681 340 2012 413 succensuit,
2044 349 2097 409 Α
2120 354 2245 400 trem
2268 345 2547 402 arbitrati
2571 361 2713 418 sunt,
2738 369 2802 408 ac
2820 357 3029 412 tametsi
3058 360 3123 417 de
3144 361 3318 422 Patrit
3337 382 3444 424 esse
3467 370 3773 443 substantia,-

380 429 722 486 testimoniis
743 469 757 489 .
795 428 1177 499 Athenagora:
1204 470 1218 495 ,
1249 429 1480 499 Tatiani,
1511 430 1796 506 Theophili
1835 437 2023 493 Antio—
2128 439 2230 494 sive
2250 447 2499 504 natura,
2540 440 2733 500 Filium
2762 462 3083 523 assererem,-
3114 473 3210 527 qua
3238 472 3340 515 una
3368 472 3424 516 re
3450 456 3514 517 ab
3542 428 3763 532 caveris,

377 521 568 588 ebeni,
612 519 961 577 Tertulliani
1006 530 1176 592 atque
1229 520 1512 591 Lactantii,
1564 525 1680 583 haec
1713 528 1781 584 de
1807 528 2024 611 Zenone
2128 545 2241 601 qute
2269 539 2564 588 creatum
2589 539 2801 609 proprie
2826 519 3097 613 vocantur,
3124 519 3269 604 illius
3302 552 3641 609 conditionem
3677 519 3760 612 di:

383 616 589 673 similia
645 615 923 687 loquente
984 628 1117 670 mox
1169 614 1390 685 stibjiclt
1441 615 1535 672 lib.
1584 634 1601 674 ι
1642 620 1710 677 de
1740 621 2019 691 Trinitate,
2126 638 2323 679 versam
2352 622 2675 714 faciebant;
2714 642 2826 686 non
2885 636 3051 693 minus
3089 648 3252 696 tamen
3295 652 3449 714 quain
3497 657 3758 705 creaturas

377 726 503 782 cap.
528 709 585 775 5,
609 724 773 765 num.
807 707 841 762 7
870 724 887 763 :
913 708 990 762 Ac
1001 706 1069 761 de
1086 708 1467 779 antiquioribus
1495 712 1699 781 quidem
1719 716 1830 771 istis
1849 718 2020 772 minus
2125 716 2327 771 initium
2359 711 2640 788 habuisse,
2670 723 2769 777 hoc
2801 733 2891 778 est
2919 728 3119 784 minime
3141 748 3206 786 ea:
3243 706 3435 788 teter-no
3458 735 3750 794 distinctam

377 814 453 860 est
499 803 827 870 mirandum,
878 802 959 857 sic
1011 817 1102 857 eos
1148 803 1214 856 de
1263 802 1424 858 divini
1478 802 1633 861 Verbi
1677 811 2019 882 productione
2125 805 2467 880 [typostasim
2525 814 2681 883 fuisse
2724 822 3027 883 putarunt:
3050 836 3113 875 ex
3156 823 3352 891 quibus
3399 825 3605 895 antiqui
3657 829 3736 884 illi

373 896 619 951 sensisse.
672 894 944 950 Zenonem
983 893 1337 950 Veronensem
1386 897 1678 973 episcopum
1745 906 1873 959 satis
1923 905 2019 959 ad.
2123 899 2334 967 Patres,
2370 909 2433 955 et
2457 902 2603 959 Zeno
2618 920 2741 959 cum
2773 903 2917 974 ipsis
2942 912 3301 978 consentiens,
3335 912 3429 968 Dei
3456 893 3649 971 Filium
3674 919 3727 972 in

372 989 563 1044 mirari
618 1004 857 1057 nequeo,
913 988 1007 1058 qui
1053 1003 1293 1043 sermone
1341 991 1486 1046 tertio
1542 992 1606 1049 de
1649 1006 1840 1051 (eterna
1885 996 2015 1052 Filii
2122 1001 2372 1062 tempore
2401 996 2666 1064 genitura,
2700 995 2926 1052 Petavio
2955 1000 3282 1070 interprete,
3302 1004 3677 1072 prodiderunt.

377 1082 473 1136 Dei
500 1081 889 1153 generatione(
931 1095 1076 1136 nunc
1107 1090 1268 1136 tract.
1317 1082 1352 1136 5
1399 1083 1492 1139 lib.
1540 1101 1575 1140 ιι
1603 1086 1622 1158 )
1674 1091 1850 1145 eadem
1894 1107 2013 1146 cum
2188 1088 2259 1141 At
2281 1087 2428 1157 quod
2453 1089 2498 1143 is
2519 1087 2708 1144 mirari
2728 1105 2787 1142 se
2809 1089 3047 1146 affirmat
3070 1091 3139 1148 de
3158 1092 3398 1159 Zenone,
3425 1098 3514 1169 qui
3539 1098 3717 1154 eadem

370 1176 571 1247 priscis
612 1175 722 1229 illis
761 1174 1094 1230 existimasse
1135 1174 1359 1233 videtur.
1390 1176 1741 1250 Principium,
1786 1183 2006 1254 fratres,

367 1268 561 1339 inquit,
623 1266 889 1323 Dominus
932 1274 1119 1324 noster
1167 1266 1520 1325 incontanter
1572 1280 1657 1327 est
1715 1272 2004 1333 Christus:

367 1375 538 1431 quem
561 1369 696 1415 ante
734 1360 918 1414 omnia
969 1359 1170 1416 saecula
1197 1358 1363 1416 Pater
1399 1361 1580 1420 adhuc
1620 1373 1914 1438 utcumque
1953 1371 2006 1425 in

368 1466 560 1515 semet
591 1457 717 1525 ipso
749 1457 916 1523 Deus,
941 1455 1115 1511 beatae
1143 1457 1521 1527 perpetuitatis
1550 1459 1859 1527 indiscreta
1892 1465 2005 1535 Spi-

367 1555 520 1607 ritus
553 1549 900 1620 plenitudine
922 1549 1107 1605 nescio
1128 1564 1234 1620 qua
1259 1565 1353 1604 sua
1382 1552 1717 1608 conscientia
1736 1557 2001 1627 velatum,

370 1642 501 1698 Filii
532 1655 647 1697 non
679 1641 805 1696 sine
831 1639 1053 1705 aﬂectu,
1087 1639 1184 1696 sed
1217 1641 1332 1697 sine
1361 1642 1676 1700 discrimine
1701 1647 2008 1717 amplecte-

2115 1195 2234 1233 cum
2260 1180 2448 1251 priscis
2475 1183 2794 1237 existimasse
2821 1182 3043 1250 videtur,
3078 1199 3176 1240 seu
3208 1196 3266 1240 ut
3298 1185 3563 1244 Victorini
3595 1190 3714 1245 ioca

2114 1271 2559 1328 consideraturos
2587 1274 2663 1327 ait
2695 1290 2844 1329 num.
2872 1275 2928 1342 8,
2957 1291 3067 1331 esse
3089 1277 3244 1332 etiam
3271 1278 3407 1333 inter
3437 1279 3717 1337 catholicos

2114 1368 2519 1439 posterioresque
2567 1368 2783 1423 Nictena
2838 1369 3036 1441 synodo
3069 1370 3364 1444 Scriptores
3386 1374 3588 1445 aliquos
3628 1376 3719 1446 qui

2111 1458 2167 1512 in
2196 1460 2374 1514 eadem
2400 1475 2508 1515 esse
2555 1476 2713 1515 causa
2741 1462 3015 1531 videntur;
3044 1463 3098 1519 id
3137 1465 3325 1520 mirari
3367 1482 3471 1523 nos
3510 1469 3719 1538 aequius

2114 1548 2418 1606 dixerimus
2461 1550 2528 1605 de
2575 1550 2817 1623 Petavio,
2863 1554 2955 1625 qui
2999 1554 3191 1612 Patres
3240 1556 3502 1614 Arianam
3550 1559 3716 1631 etiam

2117 1637 2371 1697 hieresim
2414 1642 2813 1715 impugnantes,
2846 1646 3090 1717 ejusdem
3134 1649 3361 1719 erroris,
3415 1666 3579 1722 quem
3612 1654 3718 1709 int-

368 1736 554 1791 batur.
592 1733 712 1791 Sed
766 1734 1196 1804 excogitatarum
1225 1742 1282 1790 ut
1303 1736 1551 1793 ordinem
1583 1737 1884 1798 instrueret
1921 1759 1990 1800 rei

2119 1742 2383 1800 pugnant,
2413 1747 2537 1787 reos
2567 1735 2879 1793 traduxerit.
2908 1737 3093 1811 Neque
3119 1740 3186 1796 ad
3205 1740 3352 1797 hunc
3386 1752 3467 1798 tot
3492 1744 3717 1801 Patrum

368 1843 521 1893 rum,
553 1825 852 1883 ineli‘abilis
880 1825 971 1881 illa
996 1826 1170 1881 virtus
1195 1827 1875 1903 incomprehensibilismie
1911 1852 2008 1893 sa-

370 1918 587 1990 pientia
617 1932 651 1974 e
682 1917 909 1988 regione
928 1917 1111 1973 cordis
1133 1925 1343 1975 eructat
1368 1922 1618 1990 verbum,
1651 1925 2011 1996 omnipoten-

374 2015 452 2069 tia
483 2027 548 2069 se
576 2019 861 2083 propagat.
898 2011 975 2066 De
1002 2011 1115 2067 Deo
1147 2014 1386 2069 nascitur
1418 2015 1579 2083 Deus,
1616 2026 1783 2074 totum
1816 2020 2011 2081 Patris

370 2107 620 2170 habens,
653 2104 792 2159 nihil
819 2103 1093 2175 derogans
1122 2104 1303 2171 Patri,
1349 2116 1456 2163 etc.
1496 2110 1782 2177 Quomodo
1811 2125 2007 2173 autem

364 2212 671 2271 generatus
718 2197 786 2252 sit
838 2198 927 2268 qui
970 2198 1253 2268 processit,
1302 2199 1574 2259 dementis
1619 2214 1703 2260 est
1753 2207 2003 2277 opinari.

364 2292 623 2363 Namque
650 2299 918 2360 temperat
948 2303 1009 2345 se
1042 2299 1269 2360 propter
1300 2306 1481 2348 rerum
1503 2304 1754 2351 naturam
1785 2296 1966 2356 Filius
1985 2343 2001 2370 ,

371 2401 445 2441 ne
477 2393 700 2441 aeterna:
733 2383 1037 2453 majestatis
1070 2383 1360 2440 Dominum
1394 2387 1567 2456 possit
1611 2388 1799 2445 mundi
1838 2390 2003 2451 istius

365 2476 726 2533 mediocritas
743 2474 1034 2530 sustinere.
1054 2472 1191 2529 Cum
1211 2476 1437 2546 imperat
1456 2476 1705 2553 [Lxxvtu]
1723 2480 1887 2537 Pater
1901 2499 1997 2539 or-

366 2570 505 2625 bem
532 2566 672 2634 ﬁeri,
699 2580 834 2637 opus
845 2580 967 2621 cum
988 2565 1139 2621 dicto
1153 2568 1461 2638 completur
1486 2585 1517 2624 a
1535 2570 1697 2626 Filio.
1724 2569 1827 2628 Hic
1846 2572 1996 2632 Zeno

378 2662 612 2718 Verbum
640 2659 737 2716 Dei
758 2677 823 2717 ea:
846 2663 990 2717 omni
1014 2664 1302 2718 teternitate
1321 2665 1373 2719 in
1392 2663 1569 2720 Patris
1598 2666 1717 2721 sinu
1742 2677 1789 2721 et
1811 2683 1992 2725 essen-

367 2757 466 2823 tiu,
502 2755 641 2811 velut
674 2755 1011 2810 indiscretum
1047 2765 1098 2810 et
1128 2757 1345 2827 afﬁxam
1387 2757 1616 2827 hwsisse,
1674 2759 1990 2833 latuisseque

364 2852 685 2905 demonstrat
715 2866 735 2904 :
766 2858 944 2921 postea
985 2862 1106 2905 vero
1152 2866 1268 2903 cum
1303 2851 1619 2924 designatum
1648 2868 1681 2906 a
1723 2868 1777 2907 se
1809 2869 1989 2909 rerum

363 2943 750 2998 urnsersilatem
773 2943 946 2997 moliri
972 2941 1146 3010 vellet,
1175 2959 1288 2998 eum
1339 2944 1508 3013 ipsum
1548 2960 1614 2999 ea:
1644 2960 1756 3000 sese
1783 2962 1987 3019 prepa-

362 3053 523 3108 gasse
554 3053 614 3091 ac
632 3037 878 3108 genuisse
920 3036 1083 3102 dicit;
1130 3046 1283 3107 atque
1309 3036 1441 3091 hanc
1474 3038 1696 3108 primam
1725 3055 1751 3093 e
1779 3039 1990 3098 duabus

2125 1835 2410 1878 censorem
2463 1824 2621 1893 plane
2667 1831 2997 1901 purgandum
3042 1848 3107 1889 ea
3152 1834 3448 1893 declaratio
3494 1838 3716 1906 suflicit,

2125 1931 2286 1986 quam
2304 1917 2613 1975 Praalationi
2642 1922 2867 1980 inseruit
2884 1940 3004 1997 cap.
3027 1927 3080 1994 l,
3099 1943 3246 1983 num.
3277 1929 3367 1997 12,
3393 1931 3481 1986 ubi
3503 1931 3717 1999 Patres,

2122 2025 2262 2081 quos
2312 2011 2385 2065 ita
2432 2017 2761 2088 perstringit,
2818 2035 2924 2077 non
2981 2037 3082 2089 re,
3134 2022 3231 2079 sed
3284 2024 3527 2096 loquendi
3579 2027 3716 2082 dun-

2119 2114 2268 2159 taarat
2300 2105 2453 2159 modo
2474 2108 2723 2167 dissidere
2741 2115 2804 2168 ab
2825 2117 3010 2172 usitata
3028 2119 3409 2190 prtescriptione
3428 2123 3721 2188 contendit;

2114 2197 2265 2268 quod
2294 2196 2435 2253 idem
2489 2201 2656 2260 fusius
2698 2209 2979 2278 profitetur
3022 2210 3116 2268 lib.
3165 2226 3204 2280 ι,
3234 2226 3353 2284 cap.
3386 2216 3440 2281 6,
3472 2230 3620 2271 num.
3653 2216 3713 2271 i.

2113 2290 2261 2355 Quid
2290 2290 2435 2345 enim
2463 2296 2665 2364 profuit
2709 2299 2760 2355 id
2805 2304 2974 2359 semel
3021 2313 3077 2361 et
3124 2305 3319 2362 iterum
3372 2322 3620 2376 monere,
3667 2308 3712 2363 si

2110 2381 2235 2451 ipsa
2270 2380 2480 2440 illorum
2513 2391 2821 2450 testimonia
2852 2397 3091 2468 allegans
3114 2440 3127 2463 ,
3159 2412 3347 2455 earum
3379 2399 3713 2457 locutionum

2106 2473 2644 2543 interpretandarum
2676 2488 2941 2544 rationem
2985 2505 3093 2546 non
3138 2492 3388 2563 subjicit,
3417 2494 3513 2549 sed
3543 2495 3616 2550 ita
3646 2513 3709 2552 ea

2102 2566 2306 2621 recitat
2327 2578 2486 2642 atque
2513 2576 2726 2646 ingerit,
2761 2595 2823 2636 ac
2844 2583 2889 2637 si
2912 2598 2994 2651 re,
3024 2596 3134 2639 non
3158 2585 3416 2656 loquendi
3442 2587 3709 2645 duntaxat

2097 2662 2298 2734 modo,
2334 2667 2412 2722 illi
2434 2669 2723 2730 dissentire
2743 2676 2917 2733 videri
2945 2679 3178 2749 possint?
3209 2681 3462 2738 Haeretici
3484 2684 3703 2754 quidem

2096 2757 2445 2817 recentiores
2473 2764 2563 2834 qui
2595 2768 2854 2825 extremis
2885 2770 3037 2827 hisce
3081 2773 3422 2845 temporibus
3450 2778 3707 2833 Arianam

2095 2844 2360 2907 haeresim
2406 2855 2612 2924 jamdiu
2665 2861 2932 2931 sepultam
2979 2844 3410 2938 exsuscitat-unt,
3457 2885 3567 2927 non
3616 2884 3706 2940 ea,-

2095 2954 2267 3009 quam
2322 2944 2457 3001 locis
2506 2948 2739 3008 laudatis
2788 2953 3042 3011 Petavius
3089 2957 3304 3025 indidit,
3338 2959 3707 3019 declarationc

2096 3041 2350 3104 utuntur,
2384 3055 2494 3109 quo
2544 3043 2769 3100 eosdem
2811 3045 3001 3103 Patres
3047 3062 3106 3105 re
3168 3050 3274 3106 sibi
3322 3055 3626 3111 contrarios
3654 3048 3708 3112 et

364 3146 483 3186 esse
548 3131 904 3186 naliailalibus
951 3144 1107 3200 quant
1185 3129 1239 3183 in
1288 3132 1612 3200 sequentibus
1656 3133 2060 3206 sermonibusc
2095 3126 2220 3181 solo
2270 3129 2524 3201 loquendi
2571 3137 2734 3192 modo
2783 3137 3023 3196 faventes
3066 3143 3391 3214 praeferant,
3424 3146 3519 3202 sed
3559 3148 3723 3219 ipsas.

368 3225 546 3297 (naue
579 3232 733 3280 tract.
776 3225 809 3279 ⁵1
839 3235 896 3280 et
922 3224 957 3280 8
992 3223 1091 3279 lib.
1120 3224 1429 3292 tt)ea:poult.
1459 3223 1529 3277 1d
1554 3224 1727 3295 ipsum
1752 3235 1799 3279 el
1827 3239 1987 3284 ante-

368 3317 669 3372 cedentibus
692 3317 891 3371 duobus
915 3315 1239 3371 sermonibus
1269 3316 1395 3388 (qui
1427 3331 1569 3371 nunc
1607 3328 1735 3372 sunt
1765 3327 1928 3374 tract.
1955 3323 1991 3378 5

368 3420 428 3465 et
450 3412 487 3467 Δ
516 3409 763 3480 ejusdem
793 3410 915 3466 libri
947 3425 987 3465 tt
1011 3408 1031 3480 )
1059 3410 1248 3480 aperit,
1278 3411 1366 3480 qui
1402 3409 1467 3466 de
1494 3421 1688 3466 (eterna
1727 3412 1857 3468 Filii
1884 3414 1991 3473 Dei

368 3504 705 3576 generatione
718 3504 955 3575 inscripti
970 3511 1113 3558 sunt.
1135 3501 1273 3557 Nam
1296 3504 1348 3557 in
1366 3506 1532 3574 primo
1552 3507 1721 3580 (nunc
1746 3516 1901 3564 tract.
1929 3511 1987 3585 5)

371 3598 652 3667 paululum
701 3598 983 3653 immutatis
1053 3596 1220 3652 verbis
1248 3639 1264 3665 ,
1323 3609 1594 3669 postquam
1671 3603 1988 3671 principium

372 3690 510 3744 dixit
542 3706 648 3745 esse
676 3689 936 3746 Christum
957 3734 972 3758 ,
1000 3692 1077 3746 ita
1122 3690 1394 3761 loquitur:
1422 3692 1593 3762 Quem
1626 3703 1753 3752 ante
1802 3701 1987 3757 omnia

372 3783 581 3840 secula
609 3776 768 3839 Pater
805 3786 856 3839 in
888 3783 1160 3856 profundo
1186 3798 1298 3857 sua:
1338 3800 1509 3842 sacrae
1543 3788 1742 3843 mentis
1781 3804 1987 3850 arcano

372 3874 774 3945 insuspicabili,
802 3891 864 3932 ac
892 3876 994 3932 soli
1028 3874 1136 3931 sibi
1166 3882 1294 3931 nota
1335 3878 1678 3934 conscientia
1720 3878 1842 3935 Filii
1875 3897 1984 3940 non

370 3971 501 4023 sine
556 3966 773 4035 aﬂ‘ectu,
823 3971 917 4025 sed
963 3970 1085 4025 sine
1140 3970 1478 4027 revelamine
1528 3973 1979 4044 amplectebatur.

374 4061 550 4133 Igitur
572 4060 861 4116 ineli'abilis
893 4062 981 4117 illa
1011 4062 1689 4137 incomprehensibilisque
1719 4068 1982 4138 sapientia

373 4152 708 4225 sapientiam
730 4193 745 4221 ,
778 4155 1169 4226 oumipotentia
1208 4155 1654 4228 omnipotentiam
1694 4173 1977 4235 prepagat.

377 4251 461 4305 De
492 4251 607 4305 Deo
643 4248 881 4305 nascitur
926 4251 1086 4315 Deus,
1137 4251 1206 4306 de
1241 4250 1481 4323 ingenito
1521 4254 1825 4326 unigenitus
1856 4298 1870 4324 ,
1914 4258 1983 4315 de

374 4344 503 4401 solo
531 4344 707 4409 solus,
763 4344 829 4400 de
860 4354 973 4401 toto
1018 4353 1183 4413 totus,
1241 4345 1309 4402 de
1352 4362 1480 4403 vero
1513 4362 1693 4415 verus,
1754 4350 1822 4407 de
1861 4368 1985 4423 per-

375 4439 530 4495 lecto
561 4436 856 4509 perfectus;
899 4447 1067 4495 totum
1099 4440 1275 4495 Patris
1300 4440 1528 4508 habens,
1559 4441 1690 4497 nihil
1716 4444 1980 4516 derogans

2096 3233 2291 3276 eorum
2323 3224 2647 3295 locutiones,
2684 3245 2819 3301 quas
2848 3231 3099 3289 Petavius
3134 3243 3247 3292 toto
3283 3237 3336 3292 in
3364 3237 3570 3295 lumine
3601 3248 3691 3296 ex-

2095 3312 2303 3383 posuit,
2337 3330 2471 3374 unas
2503 3322 2805 3392 arripiunt,
2841 3332 2900 3380 ut
2938 3340 3056 3394 eos,
3104 3327 3224 3399 ipso
3272 3329 3494 3388 Petavio
3525 3342 3698 3403 teste,

2094 3419 2281 3463 secum
2314 3413 2554 3469 sensisse
2585 3416 2870 3473 suadeant.
2890 3419 3205 3476 Nostrarum
3222 3425 3438 3495 quidem
3467 3430 3697 3499 partium

2095 3498 2148 3553 id
2203 3508 2578 3563 tantummodo
2624 3522 2791 3578 esset,
2849 3529 3014 3569 unum
3062 3513 3334 3575 Zenonem
3385 3498 3695 3578 abihonitn

2093 3595 2345 3650 manibus
2363 3598 2844 3675 eripere,ejusque
2867 3607 3168 3663 locutiones
3199 3608 3505 3678 vindicare;
3538 3613 3700 3684 idque

2093 3686 2270 3758 ipsum
2300 3694 2486 3761 paucis
2532 3710 2840 3766 proponere
2885 3701 3020 3756 satis
3050 3710 3216 3769 esset,
3263 3704 3528 3774 siquidem
3576 3714 3697 3777 qua:

2091 3780 2158 3836 ali
2187 3782 2310 3837 aliis
2339 3785 2393 3838 in
2424 3785 2544 3856 ejus
2575 3789 2839 3848 vindicias
2869 3795 3070 3865 scripta
3101 3806 3261 3864 sunt,
3299 3811 3422 3852 cum
3460 3798 3693 3855 Nicaeum

2090 3875 2220 3931 lidci
2272 3879 2617 3937 traditionem
2669 3885 3064 3954 defenderunt,
3110 3904 3179 3945 ex
3223 3888 3458 3946 Zenonis
3510 3902 3694 3949 mente

2088 3969 2295 4040 scripta
2322 3970 2568 4028 fuissent.
2604 3979 2674 4031 At
2698 3991 2821 4033 cum
2848 3992 2912 4035 ea
2942 3996 3054 4037 non
3084 3980 3415 4043 adamussim
3455 3987 3693 4048 referant

2088 4062 2347 4119 Auctoris
2371 4070 2721 4137 sententiam,
2746 4086 2847 4128 nec
2863 4072 3023 4143 plane
3050 4072 3324 4133 vindicent
3351 4090 3543 4136 omnes
3572 4082 3690 4151 ejus

2089 4151 2412 4222 locutiones,
2455 4157 2685 4229 longiori
2703 4161 3071 4233 disputatione
3090 4168 3244 4223 nobis
3269 4170 3375 4225 erit
3404 4170 3684 4227 utendum.

2086 4245 2222 4300 Cum
2251 4260 2414 4317 porro
2443 4250 2649 4306 eaedem
2695 4253 2808 4309 fere
2851 4256 3157 4315 locutiones
3210 4260 3319 4315 siut
3362 4272 3689 4320 caeterorum'

2086 4336 2305 4395 Patrum
2341 4355 2475 4412 quos
2521 4343 2774 4403 Petavius
2820 4351 3043 4419 pungit,
3096 4355 3209 4421 jam
3255 4368 3322 4409 ex
3363 4356 3689 4428 interpreta-

2090 4432 2236 4489 tione
2279 4448 2441 4504 quam
2503 4435 2755 4494 dabimus
2785 4483 2801 4508 ,
2861 4440 3081 4501 Zenone
3132 4446 3405 4506 vindicato
3458 4456 3687 4509 caeteros

377 4532 557 4588 pem,
610 4529 864 4586 procedi;
914 4530 966 4585 in
1015 4532 1373 4597 nativitatem,
1407 4531 1499 4603 qui
1530 4543 1644 4587 erat
1693 4546 1983 4606 antequam
2010 4538 2303 4599 unoque
2351 4522 2455 4583 una
2498 4532 2797 4591 vindicatos
2852 4536 3110 4606 habebis;
3162 4541 3318 4612 idque
3378 4552 3440 4600 ut
3487 4539 3732 4606 claritts'

378 4632 707 4681 nasceretur
734 4623 786 4677 in
819 4623 996 4679 Patre.
1030 4622 1171 4694 Ergo
1212 4620 1430 4692 Filium,
1463 4636 1734 4697 antequam
1764 4644 1795 4681 a
1824 4620 1985 4684 Patre

378 4721 702 4792 gigneretur,
734 4717 787 4772 in
813 4715 971 4772 Patre
990 4717 1244 4771 exstitisse
1266 4717 1556 4788 significat,
1582 4720 1842 4790 generatio
1868 4736 1982 4776 vero

378 4823 432 4868 et
464 4811 709 4866 nativitas
737 4825 844 4865 tum
870 4812 984 4880 fuit,
1025 4825 1138 4864 cum
1163 4826 1244 4864 res
1285 4827 1456 4865 omnes
1497 4828 1769 4881 procreare
1796 4811 1980 4879 voluit,

378 4906 525 4976 quod
551 4907 609 4958 in
650 4904 872 4959 secundo
918 4914 1149 4960 sermone
1177 4902 1352 4976 (nunc
1393 4913 1550 4960 tract.
1588 4905 1661 4976 4)
1703 4905 1982 4961 declarat:

378 4997 557 5068 Cujus
580 5012 650 5052 ex
679 5010 796 5065 ore,
820 5006 1067 5053 utrerum
1091 5002 1300 5063 natura,
1326 5010 1444 5066 qua:
1466 5010 1571 5050 non
1586 5006 1726 5086 erat,
1745 4996 1977 5069 lingere-

384 5098 501 5156 tur,
533 5089 773 5161 prodivit
812 5090 1118 5161 unigenitus
1162 5087 1331 5143 Filius
1380 5087 1558 5143 cordis
1609 5088 1729 5158 ejus
1783 5089 1980 5145 nobilis

383 5182 709 5251 inquilinus,
735 5180 929 5236 exinde
968 5178 1197 5234 visibilis
1222 5178 1473 5244 eli‘ectus,
1517 5180 1639 5250 quia
1688 5179 1978 5236 humanum

381 5288 567 5349 genus
621 5274 926 5328 visitaturus
953 5278 1094 5338 erat,
1140 5276 1247 5327 etc.
1297 5270 1606 5341 Cujusinodi
1650 5275 1980 5344 antiquorum

381 5370 494 5440 fuit
521 5382 556 5420 α
577 5367 721 5421 nobis
761 5366 1018 5435 explicata
1047 5365 1142 5420 illa
1168 5367 1434 5421 sententia.
1477 5365 1745 5422 Hactenus
1772 5368 1978 5425 Petavii

377 5470 643 5526 Censura,
675 5458 765 5528 qui
795 5472 915 5514 cum
957 5459 1243 5529 postremis
1292 5458 1470 5514 verbis
1516 5459 1848 5531 antiquorum
1878 5477 1976 5533 ap-

379 5553 556 5626 pellat
586 5551 931 5615 senteutiam,
964 5554 1152 5605 eorum
1182 5556 1350 5619 ntiper
1395 5558 1812 5607 memoratarum
1850 5564 1978 5609 sen-

386 5646 615 5702 tentiain
645 5641 902 5711 appellat,
930 5654 1031 5711 qua
1064 5640 1124 5706 ii,
1164 5648 1222 5695 ut
1259 5641 1448 5697 eodem
1490 5656 1635 5696 num.
1673 5644 1703 5697 7
1731 5643 1973 5714 dixerat,

398 5756 531 5807 me,
564 5734 816 5812 dignitate
840 5747 903 5789 ac
949 5734 1173 5809 potentia
1200 5734 1510 5807 superiorem
1539 5750 1645 5793 esse
1679 5735 1843 5795 Verbo
1870 5738 1973 5799 Pa-

2088 4622 2465 4692 perSpiciatur,
2488 4625 2555 4682 de
2581 4626 2805 4699 singulis
2827 4631 2930 4687 sub
2958 4632 3117 4689 tinem
3139 4634 3365 4692 dicenda
3388 4650 3547 4694 erant
3575 4648 3684 4697 non

2087 4715 2257 4783 nulla,
2306 4726 2362 4772 ut
2407 4719 2697 4776 collatione
2744 4725 3180 4783 testimoniorum
3205 4726 3361 4786 alteri
3403 4746 3471 4788 ex
3499 4732 3684 4792 alteris

2086 4806 2423 4865 illustrentur
2451 4820 2505 4866 et
2531 4815 2938 4872 confirmentur.

2087 4951 2337 5026 [Lutx]§
2368 4952 2508 5008 ll.-—
2538 4954 2599 5009 S.
2623 4953 2846 5010 Zenonis
2866 4956 3175 5025 testimonia,
3203 4960 3385 5030 quibus
3408 4961 3684 5021 Nicamum

2156 5045 2344 5117 dogma
2372 5046 2617 5101 adversus
2647 5048 2895 5102 Arianam
2925 5049 3159 5105 Itwresim
3188 5052 3377 5109 diserte
3403 5060 3685 5128 asseritur,

2154 5138 2467 5192 indicantur.

2154 5272 2237 5330 Ad
2282 5272 2554 5329 Zenonem
2613 5274 2772 5345 igitur
2819 5277 2963 5348 quod
2992 5281 3208 5347 attinet,
3240 5280 3372 5338 illud
3414 5285 3679 5357 principio

2081 5367 2357 5423 Pelavium
2412 5376 2659 5439 rogatum
2708 5371 2987 5440 volumus,
3024 5375 3213 5444 quidni
3268 5378 3549 5448 explorata
3588 5381 3678 5436 illa

2080 5460 2195 5529 ejus
2226 5459 2527 5516 testimonia
2560 5463 2918 5531 praemiserit,
2951 5467 3146 5534 quibus
3184 5482 3309 5524 eum
3348 5472 3671 5528 catholicam

2080 5552 2378 5607 doctrinam
2414 5554 2651 5608 tenuisse
2680 5554 2859 5622 palam
2889 5563 2994 5624 cst,
3028 5558 3122 5613 illa
3144 5569 3321 5615 autem
3348 5564 3446 5616 tria
3472 5572 3676 5618 tantum

2080 5645 2318 5701 attulerit
2341 5647 2392 5700 in
2421 5646 2680 5712 medium,
2705 5662 2836 5715 qua:
2879 5648 3245 5707 difﬁcultatem
3278 5651 3586 5712 facessunt?
3620 5653 3680 5708 Si

2086 5738 2207 5811 quis
2250 5739 2531 5807 nimirum,
2565 5748 2863 5811 postquam
2910 5743 3070 5796 multa
3128 5743 3251 5813 legit
3297 5747 3541 5815 collecta,
3564 5759 3684 5818 quis
