4242 6168
479 231 547 287 87
1880 223 2411 282 PROLEGOMENA.
3713 228 3782 285 83

480 353 822 410 manifestam
873 352 992 423 ejus
1047 350 1366 406 catholicam
1415 358 1653 405 mentem
1705 346 1976 417 produnt,
2022 344 2073 397 in
2104 345 2158 404 Α
2184 352 2268 397 ιιιι·
2294 384 2307 408 ,
2340 357 2560 398 sensum
2604 344 2850 411 subesse,
2890 360 3051 416 quem
3076 359 3219 401 nunc
3252 343 3472 417 quidem
3496 344 3783 414 expiscau-

479 463 646 503 unum
686 446 769 502 vel
811 445 1037 501 alterum
1073 442 1442 497 testimonium
1488 440 1646 512 paqu
1692 438 1967 495 difficilius
1998 439 2079 491 iu-

483 548 687 605 currat,
721 537 854 591 nihil
885 535 1211 601 movebitur,
1253 548 1374 589 cum
1418 534 1519 588 hoc
1549 548 1616 589 ex
1666 530 1771 587 illis
1798 530 2078 601 explican-

484 635 611 691 dum
649 632 934 703 intelligat.
966 629 1036 685 At
1064 630 1110 684 si
1136 629 1253 685 lucc
1296 630 1397 685 tria
1427 638 1631 683 tantum
1676 627 1944 697 legantur,
1978 638 2081 679 nec

482 726 587 780 alia
615 725 847 780 clariora
876 731 1162 793 suppetere
1196 737 1262 778 ex
1307 722 1601 777 emissione
1632 720 1899 797 quispiam
1931 717 2083 772 colli-

486 829 614 891 gat,
640 818 801 874 dubia
832 817 987 872 valde
1018 817 1268 872 Aucmris
1296 816 1561 871 sententia
1594 813 1776 870 statim
1807 810 2078 878 redditur,

493 910 814 977 Arianisque
845 924 967 964 eum
1018 908 1221 963 favisse
1259 906 1500 977 suspicio
1536 904 1864 961 obtrttditur.
1899 902 2084 973 Itaque

486 1005 834 1061 obscuriores
878 1001 1114 1058 Zenonis
1156 993 1454 1056 sententias
1500 1009 1791 1070 antequam
1840 996 2084 1052 vindice—

489 1116 631 1166 mus,
675 1111 855 1170 aperta
888 1098 1006 1168 ejus
1049 1095 1377 1157 testimonia,
1422 1093 1616 1163 quibus
1671 1108 1792 1149 cum
1852 1089 2085 1146 Nicmnis

488 1191 739 1247 Patribus
776 1191 978 1261 pariter
1002 1188 1204 1253 sensit,
1237 1185 1392 1240 nobis
1429 1184 1517 1239 hic
1564 1182 1836 1239 recitanda
1883 1180 2083 1237 intelli-

487 1284 683 1353 gimus.
713 1281 785 1336 At
808 1290 1020 1335 aetatem
1051 1278 1301 1334 Auctoris
1315 1278 1618 1348 probaturi,
1645 1276 1900 1345 pleraque
1927 1282 1981 1328 et
2004 1272 2087 1327 in—

487 1376 724 1447 signiora
740 1370 1447 1441 collegimusdissertatione
1464 1368 1653 1437 prima,
1670 1383 1787 1435 cap.
1812 1367 1868 1433 2,
1892 1365 1920 1437 §
1942 1364 1999 1428 2.
2030 1373 2088 1419 ιιι

490 1471 781 1522 Auctorem
809 1466 1073 1521 adversus
1096 1463 1326 1517 Arianos
1354 1461 1697 1531 apertissime
1714 1457 2084 1521 dimicantem,

488 1572 684 1631 quarto
710 1560 909 1614 saeculo
935 1559 1187 1613 floruisse
1213 1564 1598 1611 statueremus.
1628 1554 1794 1625 Igitur
1821 1569 1888 1607 ne
1908 1561 2086 1606 actum

488 1667 728 1723 agamus,
760 1666 823 1706 ea
847 1658 906 1706 ut
923 1650 1024 1705 hoc
1052 1650 1171 1704 loco
1197 1659 1412 1718 repetas
1432 1662 1494 1702 ac
1520 1647 1749 1718 relegas,
1776 1644 1965 1712 lector,
1991 1643 2089 1699 abs

2182 437 2308 493 dum
2332 448 2388 494 et
2413 438 2794 510 exponendum
2824 426 3189 511 aggredimur.

2186 617 2420 692 [Lxxx]§
2461 618 2548 676 lli.
2581 650 2652 660 —
2684 619 2883 692 Objecti
2908 637 2941 674 a
2974 619 3184 675 Petavio
3210 630 3377 677 textus
3405 622 3782 693 expenduntur.

2393 711 2761 782 Interpretatio
2791 711 2932 768 Balli
2954 713 3218 785 proposita
3248 723 3295 767 et
3320 730 3566 786 expensa.

2257 892 2462 948 Petavii
2486 892 2796 948 criminatio
2827 891 2926 947 fuit
2958 908 3079 948 eam
3111 893 3347 950 Zenonis
3374 895 3541 950 fuisse
3566 904 3788 951 senten-

2189 985 2314 1039 tiam
2346 1001 2359 1036 :
2404 982 2623 1038 Verbum
2657 983 2751 1038 Dei
2775 1001 2839 1039 ex
2866 986 3005 1039 omni
3026 987 3307 1040 wternitate
3353 988 3409 1040 in
3454 984 3632 1041 Patris
3667 988 3789 1041 sinu

2188 1085 2233 1131 et
2263 1076 2481 1130 essentia
2506 1075 2642 1130 velut
2670 1077 3003 1132 indiscretum
3049 1088 3094 1132 et
3125 1077 3345 1148 afﬁxam
3371 1076 3584 1133 haesisse
3608 1080 3789 1135 latuis-
3876 1102 3879 1111 ι

2187 1185 2338 1239 seque
2360 1185 2379 1222 :
2405 1176 2579 1239 postea
2600 1185 2718 1223 vero
2743 1185 2859 1223 cum
2893 1167 3098 1241 (Pater)
3128 1171 3445 1243 designatum
3467 1188 3500 1225 a
3536 1187 3591 1226 se
3616 1189 3790 1227 rerum

2188 1260 2569 1315 universitatem
2596 1259 2789 1314 molliri
2817 1261 2982 1326 vellet,
3014 1277 3129 1315 eum
3154 1262 3320 1332 ipsum
3350 1278 3415 1318 ea:
3438 1279 3547 1317 sese
3592 1280 3788 1336 propa-

2189 1369 2337 1425 gasse
2385 1362 2431 1406 et
2487 1355 2737 1425 genuisse,
2769 1364 2922 1424 atque
2966 1356 3100 1409 hanc
3141 1356 3363 1424 primaut
3402 1373 3430 1410 e
3458 1356 3657 1412 duabus
3681 1374 3791 1414 esse

2189 1446 2528 1510 nativitatem,
2559 1462 2712 1515 quam
2742 1445 2804 1501 S.
2852 1445 2993 1500 Zeno
3042 1448 3093 1500 in
3121 1449 3444 1518 sequentibus
3470 1451 3790 1506 sermonibus

2190 1539 2416 1608 exponit.
2465 1538 2591 1593 [iam
2628 1538 2752 1605 ille;
2793 1555 2913 1610 quae
2954 1555 3184 1595 censura
3226 1540 3334 1596 duo
3369 1541 3785 1611 complectitur:

2193 1632 2426 1702 primum
2456 1631 2662 1688 Zenoni
2708 1633 2848 1689 haud
2876 1635 3115 1704 agnitam
3148 1635 3311 1691 fuisse
3339 1644 3598 1692 :eternam
3621 1638 3788 1693 divini

494 1754 545 1801 te
576 1745 737 1800 etiam
762 1750 923 1812 atque
950 1742 1111 1796 etiam
1142 1732 1404 1811 petimus;
1446 1754 1552 1795 non
1585 1741 1759 1794 solum
1790 1738 1933 1793 enim
1972 1730 2087 1807 ejus
2120 1727 2166 1787 B
2195 1724 2356 1780 Verbi
2394 1726 2802 1796 generationem
2839 1767 2855 1793 ,
2888 1727 3088 1798 quippe
3130 1728 3217 1797 qui
3250 1727 3435 1784 docuit
3481 1728 3622 1785 idem
3651 1728 3791 1786 Ver-

492 1844 732 1901 :etatem,
761 1836 857 1891 sed
888 1834 1210 1888 catholicam
1239 1834 1427 1897 etiam,
1449 1846 1610 1902 quam
1644 1830 1732 1885 hic
1785 1828 2083 1884 defenden-

493 1931 616 1985 dam
650 1930 1019 2004 suscepimus,
1035 1927 1280 1997 ejusdem
1309 1927 1631 1982 sententiam
1655 1924 1814 1995 plane
1835 1924 2091 1978 demons-

495 2031 658 2076 trant.
696 2020 916 2075 Videbis
947 2020 1091 2074 enim
1116 2033 1245 2074 eum
1272 2018 1558 2089 prmcipuis
1604 2018 1928 2071 Arianorum
1954 2014 2087 2070 elia-

495 2114 638 2168 tibus
659 2111 933 2167 contraria
964 2121 1331 2182 opponentem
1353 2152 1366 2175 ,
1405 2109 1548 2165 inter
1572 2124 1693 2179 qua:
1737 2107 1827 2162 illa
1860 2121 2092 2176 prteser-

493 2206 589 2261 tim
620 2205 864 2262 invenies
893 2204 1253 2261 disertissime
1283 2204 1581 2274 preposita,
1604 2215 1724 2273 quae
1746 2201 1970 2271 objecta:
1998 2215 2091 2270 per

490 2299 772 2354 Petavium
805 2299 1008 2354 erroris
1035 2296 1330 2369 suspicioni
1351 2312 1382 2353 e
1409 2295 1679 2352 diametro
1709 2294 2089 2358 adversantur,

494 2393 798 2463 eujusmodi
828 2394 1073 2464 profecto
1090 2401 1221 2447 sunt
1251 2406 1316 2447 ea
1348 2390 1545 2461 quibus
1570 2388 1766 2445 Filium
1794 2389 1864 2443 ab
1885 2396 2091 2443 teterno

494 2500 525 2539 a
549 2486 710 2541 Patre
725 2486 966 2556 genitum
998 2483 1318 2548 defendens,
1340 2496 1446 2537 non
1464 2488 1672 2536 tantum
1687 2489 2018 2536 coaeternum
2038 2488 2093 2533 et

492 2578 825 2648 coaequalem
857 2575 1003 2631 Patri
1036 2574 1326 2631 confitetur
1350 2616 1365 2640 ,
1395 2573 1491 2629 sed
1524 2582 1578 2627 et
1598 2573 1759 2627 unius
1788 2588 1910 2628 cum
1932 2572 2093 2627 Patre

491 2672 841 2737 subSIantiae;
874 2668 1192 2740 bmcqueita
1218 2680 1476 2738 expresse
1504 2680 1567 2721 ac
1594 2681 1660 2720 ex
1692 2666 1970 2735 proposito
1992 2676 2097 2719 sta-

496 2766 630 2831 tuit,
668 2772 725 2819 ut
753 2762 967 2834 objecta
995 2763 1156 2816 etiam
1205 2760 1275 2815 ab
1307 2759 1522 2814 Arianis
1571 2760 1747 2826 palam
1790 2758 2003 2813 refellat
2030 2772 2095 2813 ac

496 2859 687 2914 diluat.
731 2857 911 2912 Unum
948 2855 1054 2910 hoc
1089 2854 1210 2909 loco
1239 2853 1439 2908 ibidem
1471 2852 1899 2922 praetermissum
1928 2865 2097 2921 appo-

496 2965 689 3008 nemus
722 2949 1111 3013 testimonium,
1158 2960 1263 3018 quo
1310 2945 1444 3000 nihil
1487 2942 1747 2998 illustrius
1773 2943 2006 3007 exsistit,
2038 2951 2099 2997 ut

498 3045 772 3102 Zenonem
839 3042 910 3097 ab
958 3044 1191 3113 impacta
1246 3040 1433 3098 Ariani
1472 3038 1742 3111 dogmatis
1786 3037 2097 3109 suSpicione

2196 1816 2321 1871 bum
2353 1817 2422 1872 ab
2450 1830 2655 1874 :etcrno
2684 1820 2735 1873 in
2766 1818 2925 1891 Patre
2951 1820 3170 1890 quidem
3193 1820 3379 1886 fuisse,
3401 1821 3495 1877 sed
3529 1824 3598 1877 ita
3630 1823 3795 1878 indis-

2193 1918 2426 1979 cretum,
2462 1920 2517 1964 ut
2547 1925 2650 1965 una
2677 1925 2799 1966 cum
2827 1912 2984 1967 Patre
3007 1928 3113 1967 non
3142 1913 3315 1968 solum
3344 1914 3669 1983 substantia,
3695 1915 3790 1972 sed

2194 2003 2357 2056 etiam
2412 2017 2645 2072 persona
2702 2002 2863 2059 fuerit
2914 2020 3079 2060 unum
3107 2014 3162 2059 et
3191 2006 3332 2060 idem
3359 2023 3372 2060 ;
3400 2008 3631 2062 alterum
3664 2023 3792 2064 vero

2194 2095 2448 2152 eumdem
2517 2096 2812 2152 Auctorem
2871 2098 3238 2161 existimasse,
3269 2097 3506 2154 Verbum
3541 2099 3791 2156 divinum

2198 2196 2311 2243 tum
2365 2188 2543 2255 solum
2590 2189 2925 2258 processisse
2973 2204 3039 2243 ex
3073 2189 3255 2256 Patre,
3305 2204 3426 2245 cum
3456 2190 3502 2244 is
3529 2191 3790 2246 mundum

2196 2300 2386 2340 creare
2416 2283 2668 2352 instituit,
2711 2294 2769 2341 ut
2800 2285 2893 2341 illo
2920 2294 3174 2357 tanquam
3217 2287 3510 2342 creationis
3545 2288 3795 2343 ministro

2196 2386 2474 2446 uteretur,
2523 2394 2645 2450 qua:
2674 2380 2786 2434 Arii
2826 2389 2881 2436 et
2924 2379 3247 2436 Arianorqu
3277 2382 3541 2437 sententia
3574 2381 3709 2437 fuit:
3739 2393 3789 2438 et

2200 2473 2338 2526 hanc
2368 2471 2718 2541 temporalem
2742 2471 2863 2527 Filii
2888 2472 3290 2542 proccssioncm
3313 2488 3343 2527 a
3366 2473 3541 2541 Patre,
3566 2489 3685 2544 qua!
3705 2490 3796 2533 res

2198 2574 2411 2620 creatas
2449 2550 2655 2631 tantum
2701 2573 2931 2633 spectat,
2964 2579 3085 2620 eam
3132 2563 3253 2619 Filii
3293 2565 3631 2622 nativitatem
3673 2581 3794 2621 esse

2198 2655 2450 2712 Petavius
2491 2658 2763 2713 exiStimat
2792 2699 2807 2722 ,
2855 2673 3014 2728 quam
3058 2658 3205 2713 Zeno
3234 2666 3460 2713 tractatu
3493 2660 3793 2729 prmsertim

2200 2756 2391 2804 octavo
2422 2751 2645 2820 primani
2686 2759 2880 2819 vocat,
2933 2750 3021 2805 ubi
3070 2749 3337 2805 distinctis
3359 2749 3570 2806 duabus
3593 2752 3796 2807 Christi

2201 2844 2574 2901 nativitatibus
2600 2846 2675 2900 ait
2700 2863 2713 2897 :
2746 2844 2939 2901 Primae
2962 2846 3133 2913 itaque
3154 2844 3429 2899 nativitatis
3444 2843 3652 2899 Domini
3675 2862 3798 2900 nos-

2202 2941 2269 2993 tri
2313 2941 2367 2994 in
2402 2938 2580 2994 Patris
2609 2948 2653 2993 et
2701 2937 2826 2993 Filii
2872 2948 3069 2993 tantum
3115 2938 3424 2993 conscientia
3463 2946 3635 2992 manet
3660 2954 3676 2992 :
3706 2955 3799 2993 nec

2201 3031 2478 3103 quidquam
2507 3032 2651 3088 habet
2692 3033 3036 3106 interjectum,
3084 3048 3247 3101 neque
3268 3032 3551 3100 conscium,
3577 3037 3714 3105 quod
3738 3049 3802 3088 ea:

494 3136 886 3193 alienissimum
926 3147 1245 3205 cognoscas.
1302 3130 1549 3187 Inuuisse
1593 3128 1843 3184 nimirum
1893 3132 2097 3183 Auctor
2122 3113 2168 3176 C
2204 3127 2400 3195 paterni
2426 3126 2532 3179 oris
2559 3124 2751 3192 affectu
2779 3124 3024 3195 processit
3048 3140 3149 3178 uno
3174 3140 3443 3179 consensu.
3473 3126 3541 3178 At
3562 3123 3677 3179 haec
3692 3124 3800 3179 duo

498 3227 719 3284 Petavio
748 3225 986 3291 videtur,
1021 3225 1114 3279 Dei
1148 3223 1342 3278 Filium
1374 3238 1480 3277 non
1505 3221 1574 3276 ab
1595 3232 1800 3277 aeterno
1828 3222 2093 3289 gettitum,

497 3319 595 3375 sed
622 3318 975 3387 intempore,
1023 3324 1311 3384 antequam
1333 3314 1541 3370 scilicet
1571 3313 1730 3367 aliam
1764 3313 1925 3367 ullam
1946 3327 2097 3367 crea—

501 3420 676 3466 turam
698 3408 980 3464 conderet.
1005 3406 1075 3460 At
1097 3420 1276 3460 nonne
1300 3416 1459 3460 tract.
1488 3404 1520 3458 7
1551 3404 1645 3459 lib.
1673 3421 1733 3471 n,
1777 3419 1873 3460 eos
1898 3402 2095 3460 confu-

499 3512 733 3566 taturus,
764 3499 856 3571 qui
888 3498 992 3553 hoc
1024 3498 1200 3567 ipsum
1230 3497 1591 3562 tradiderunt,
1614 3496 1704 3565 qui
1727 3496 2011 3561 nimirum,
2039 3506 2094 3552 ut

499 3595 617 3665 ipse
642 3596 875 3659 aituum.
897 3593 949 3659 1,
999 3591 1183 3648 Dicunt
1210 3590 1414 3657 quidem
1443 3588 1539 3643 Dei
1572 3588 1769 3643 Filium
1795 3587 1984 3654 Deum,
2009 3590 2099 3644 sed

499 3700 604 3740 non
629 3702 693 3740 ea:
720 3682 879 3739 Patre
908 3684 1190 3739 nobilitatis
1216 3682 1552 3753 perpetuitate
1572 3682 1915 3753 progenitum,
1940 3683 2101 3754 fuisse

498 3784 717 3846 tempus,
745 3775 950 3845 quando
993 3791 1097 3829 non
1143 3776 1260 3843 fuit,
1290 3789 1452 3844 quam
1490 3775 1812 3830 sententiam
1852 3775 2100 3829 Itwreseos

498 3878 685 3940 aperte
713 3878 865 3924 notat
894 3886 907 3923 :
943 3883 1145 3932 nonne,
1178 3868 1423 3938 inquam,
1470 3866 1640 3924 hocce
1687 3877 1909 3937 tempus,
1955 3868 2099 3939 quod

501 3962 768 4017 nativitati
794 3960 917 4016 Filii
959 3960 1247 4026 tribuitur,
1290 3960 1466 4030 palam
1516 3960 1696 4030 rejieit
1745 3976 1892 4015 num.
1928 3961 1983 4023 5,
2017 3960 2102 4015 his

502 4053 726 4110 verbis:
780 4052 1060 4107 Videamus
1097 4069 1233 4107 nunc
1260 4094 1274 4118 ,
1320 4054 1509 4120 optime
1553 4051 1831 4106 christiano
1860 4052 1979 4122 (sic
2007 4068 2103 4122 per

499 4146 728 4201 ironiam
772 4144 1031 4201 Arianum
1062 4143 1335 4215 appellat)
1362 4143 1793 4215 quemadmodum
1833 4146 1965 4198 inter
1997 4142 2103 4200 Pa-

502 4250 628 4296 trem
658 4250 705 4296 et
740 4239 937 4295 Filium
975 4249 1174 4311 tempus
1211 4238 1492 4310 infulcias?
1520 4237 1861 4293 Credibilene
1885 4246 1971 4293 est
2015 4252 2105 4293 as-

499 4345 706 4391 sertum
728 4336 934 4405 uSpiam
959 4333 1085 4390 alibi
1108 4349 1136 4388 a
1164 4332 1386 4389 Zenone
1405 4330 1507 4387 hoc
1523 4332 1664 4387 idem
1697 4342 1939 4400 tempus,
1958 4332 2103 4402 quod

502 4436 612 4483 tam
642 4443 903 4499 expresse
934 4428 1210 4483 haereseos
1255 4423 1643 4496 reprehendit?
1690 4424 1846 4492 Quod
1891 4424 1937 4478 si
1980 4422 2103 4478 huic

2200 3233 2449 3275 censura:
2466 3217 2664 3289 capita,
2687 3219 2787 3274 etsi
2810 3218 3061 3273 videntur
3081 3217 3319 3283 diversa,
3349 3231 3409 3273 re
3438 3226 3619 3273 tamen
3640 3218 3797 3273 colli-

2200 3321 2321 3382 gata
2349 3321 2497 3377 sunt,
2528 3311 2869 3382 alterumque
2918 3311 2987 3366 ab
3014 3310 3190 3368 altero
3233 3311 3304 3366 ita
3356 3311 3593 3382 pendet,
3628 3322 3684 3368 ut
3711 3315 3798 3385 qui

2201 3403 2437 3474 primum
2490 3418 2556 3459 ex
2590 3403 2705 3473 ipso
2731 3402 2956 3458 Zenone
2999 3400 3279 3469 refellerit,
3316 3403 3446 3457 satis
3468 3404 3804 3460 reielleritet

2202 3498 2476 3560 alterum,
2533 3497 2969 3567 catholicamquc
3021 3496 3195 3552 sancti
3250 3496 3522 3552 Antistitis
3563 3506 3801 3553 mentem

2203 3587 2617 3660 doctrinamque
2644 3588 2712 3643 ab
2744 3588 2945 3643 Ariano
2972 3586 3223 3658 dogmate
3245 3586 3569 3643 vindicatam
3594 3589 3804 3657 praesti-

2205 3683 2348 3737 terit.
2398 3682 2454 3738 Si
2482 3682 2626 3736 enim
2659 3682 2889 3751 primum
2934 3689 3157 3746 statuas,
3192 3680 3496 3751 probesque
3537 3687 3801 3736 aeternam

2203 3790 2267 3830 ac
2313 3775 2585 3846 propriam
2639 3774 2810 3829 divini
2858 3774 3023 3830 Verbi
3064 3773 3468 3845 generationem
3499 3787 3530 3827 a
3581 3772 3803 3828 Zenone

2206 3868 2340 3925 satis
2368 3868 2725 3935 deciaratam,
2757 3867 2884 3922 dum
2920 3867 3062 3923 idem
3106 3867 3338 3923 Verbum
3380 3867 3557 3924 adhuc
3588 3869 3641 3924 in
3666 3883 3802 3923 con-

2204 3962 2428 4018 scientia
2454 3962 2629 4017 Patris
2648 3962 2882 4018 velatum
2924 3970 2978 4017 et
2998 3960 3238 4017 abditum
3272 3962 3589 4028 aﬂirmavit,
3618 3964 3800 4018 statim

2205 4064 2482 4129 sequetur,
2512 4056 2735 4110 alteram
2765 4056 3190 4125 generationem,
3218 4070 3338 4125 quae
3365 4053 3542 4111 eidem
3573 4054 3751 4111 Verbo
3773 4071 3801 4110 a

2205 4145 2423 4200 Zenone
2446 4145 2719 4211 tribuitur,
2749 4146 2976 4217 primam
3007 4162 3115 4201 non
3147 4160 3289 4209 esse.
3322 4160 3550 4217 eamque
3580 4146 3804 4217 perinde

2206 4236 2605 4307 explicandam,
2638 4248 2699 4292 ut
2720 4239 2909 4308 prima:
2952 4248 3169 4293 aeternae
3193 4238 3528 4308 generationi
3558 4237 3689 4294 nihil
3719 4253 3802 4293 re-

2209 4340 2430 4402 pugnet,
2456 4339 2509 4386 et
2548 4331 2767 4388 Arianis
2792 4331 2926 4387 nihil
2954 4331 3190 4403 sull‘ragii
3214 4333 3370 4387 ferat.

2280 4423 2465 4496 itaque
2492 4424 2560 4480 ad
2611 4425 2841 4495 primum
2871 4425 3013 4496 quod
3070 4428 3323 4496 pertinet,
3371 4424 3501 4481 illud
3535 4426 3711 4496 ipsum
3749 4425 3802 4480 in

504 4494 818 4577 testimonio
846 4526 1045 4573 caetera
1082 4518 1250 4572 addas
1291 4494 1344 4571 in
1375 4516 1670 4587 superioris
1699 4514 2101 4571 dissertationis
2127 4494 2181 4556 Ῐ)
2210 4494 2397 4588 primis
2429 4494 2798 4575 testimonium
2826 4494 2901 4574 ex.
2924 4494 3154 4575 tractatu
3176 4528 3393 4585 octavo,
3422 4494 3571 4589 quod
3588 4520 3806 4589 primam

503 4619 667 4682 caput
702 4610 759 4678 2,
783 4609 812 4681 §
840 4608 895 4673 Ξ,
927 4609 1197 4679 conjecta,
1228 4608 1430 4679 quibus
1478 4618 1532 4662 et
1572 4607 1713 4661 hunc
1763 4620 2007 4660 errorem
2048 4614 2109 4660 et

505 4704 638 4759 alias
662 4701 985 4758 Arianorum
1010 4700 1314 4755 locutiones
1330 4699 1534 4753 Auctor
1556 4713 1622 4753 ex
1653 4697 1921 4752 catholico
1942 4712 2104 4752 sensu

503 4797 680 4867 rcjicit
700 4839 715 4863 ,
751 4807 862 4850 tum
894 4810 958 4849 ex
982 4794 1235 4849 omnibus
1263 4793 1438 4863 palam
1464 4791 1579 4857 fiet,
1602 4806 1724 4846 eum
1748 4790 2104 4845 disertissime

502 4888 824 4945 catholicam
844 4886 1107 4941 adversus
1122 4885 1352 4940 Arianos
1375 4884 1627 4939 docuisse
1647 4900 1709 4938 ac
1736 4900 2102 4955 prepugnasse

502 4982 838 5036 doctrinam;
870 4977 981 5049 jam
1016 4979 1079 5032 iis
1109 4978 1160 5031 in
1198 4966 1688 5047 testimoniis,qu.e
1714 4978 1966 5031 Petavius
1997 4994 2099 5033 una

502 5074 811 5138 recensuit,
848 5070 1080 5125 alienam
1110 5077 1164 5125 et
1202 5069 1268 5124 ad
1297 5071 1523 5125 Arianos
1550 5071 1896 5127 accedentem
1925 5072 2099 5127 conti-

501 5166 620 5223 neri
650 5164 976 5222 sententiam
998 5179 1159 5219 nemo
1182 5164 1584 5234 suspicarijure
1608 5168 1796 5233 possit,
1827 5166 1930 5220 nisi
1952 5182 2103 5222 eum-

502 5257 627 5313 dem
662 5267 940 5315 auctorem
965 5257 1065 5311 sibi
1105 5255 1207 5326 ipsi
1240 5256 1525 5310 adversum
1550 5265 1603 5310 et
1632 5258 2095 5315 contradicentem

502 5353 782 5408 existimet
807 5369 820 5404 :
849 5349 943 5406 sed
976 5351 1153 5420 potius
1178 5366 1299 5404 cum
1330 5351 1622 5405 universim
1655 5365 1819 5420 pauca
1847 5352 2096 5421 quasdam

500 5444 731 5498 obscura
785 5444 898 5496 loca
948 5456 1013 5495 ex
1065 5441 1309 5512 pluribus
1357 5456 1420 5494 ac
1448 5439 1748 5496 manifestis
1778 5440 2093 5512 explicanda

502 5534 631 5599 sint,
687 5548 793 5588 non
840 5542 1019 5587 autem
1067 5548 1098 5586 e
1142 5543 1359 5598 contra;
1417 5547 1484 5587 ex
1538 5539 1617 5586 tot
1645 5546 1709 5587 ac
1758 5542 1863 5586 tam
1896 5535 2099 5602 apertis

501 5624 561 5681 S.
596 5625 830 5680 Zenonis
862 5624 1192 5679 testimoniis
1244 5624 1472 5694 evidens
1525 5638 1648 5679 esse
1698 5623 1879 5690 debet,
1931 5624 2095 5680 alium

498 5734 742 5789 prorsus,
775 5732 935 5786 quam
961 5719 1049 5785 qui
1075 5732 1103 5772 a
1131 5717 1353 5774 Petavio
1384 5713 1685 5774 tribusillis
1713 5715 1847 5774 locis
1871 5716 2094 5787 subjici-

2205 4607 2405 4664 Cbristi
2426 4610 2762 4665 nativitatem
2788 4610 3061 4681 ingerens,
3115 4609 3368 4679 Petavius
3395 4624 3492 4681 pro
3521 4609 3804 4680 temporali

2204 4702 2481 4774 allegavit,
2530 4703 2597 4757 ad
2638 4711 2899 4758 {sternam
2950 4702 3293 4758 statuendam
3348 4703 3649 4759 luculenter
3673 4717 3807 4758 con-

2204 4794 2375 4849 ducit.
2408 4797 2540 4849 Cutn
2590 4795 2732 4849 cnim
2766 4795 2967 4851 ibidem
3016 4798 3182 4866 prima
3208 4796 3406 4852 Christi
3436 4798 3688 4853 nativitas
3717 4797 3804 4851 illa

2208 4903 2331 4944 esse
2360 4888 2591 4952 dicatur,
2622 4904 2739 4958 quae
2760 4890 2814 4943 in
2841 4887 3016 4942 Patris
3047 4900 3091 4943 et
3116 4888 3242 4944 Filii
3266 4899 3466 4944 tantum
3494 4889 3805 4944 conscientia

2205 4990 2397 5047 manet,
2428 4995 2520 5034 nec
2539 4981 2816 5051 quidquam
2866 4980 3013 5035 habet
3055 4981 3379 5055 interfectum
3417 4991 3468 5035 et
3513 4981 3804 5040 conscium:

2206 5073 2463 5129 nativitas
2521 5073 2761 5141 profecto
2824 5072 3090 5128 indicatur
3146 5074 3313 5128 divini
3377 5073 3540 5128 Verbi
3591 5088 3689 5143 pro
3735 5088 3804 5128 eo

2204 5174 2409 5221 aeterno
2456 5174 2622 5231 statu,
2654 5179 2776 5221 cum
2806 5165 2955 5220 illum
2978 5175 3096 5220 ante
3119 5168 3290 5221 omnia
3309 5166 3501 5221 saecula
3535 5164 3693 5220 Pater
3708 5166 3804 5221 ud—

2206 5256 2306 5311 huc
2348 5257 2587 5329 utrinque
2631 5258 2683 5310 in
2730 5256 2998 5327 semetipso
3024 5253 3197 5323 Deus,
3246 5258 3405 5311 beata:
3450 5257 3804 5327 perpetuitatis

2203 5350 2481 5404 indiscreta
2509 5351 2724 5414 spiritus
2754 5350 3090 5421 plenitudine,
3115 5354 3284 5405 nescio
3299 5368 3398 5421 qua
3424 5368 3523 5404 sua
3542 5352 3804 5406 conscien-

2205 5442 2277 5497 tia
2302 5442 2546 5508 velatum,
2578 5438 2706 5496 Filii
2734 5458 2835 5496 non
2866 5442 2977 5496 sine
3007 5441 3218 5509 affectu,
3252 5442 3340 5497 sed
3367 5443 3478 5497 sine
3507 5443 3804 5496 discrimine

2203 5534 2623 5603 amplectebatur,
2673 5544 2731 5587 ut
2758 5532 3007 5609 Zenonait
3033 5536 3082 5587 in
3118 5535 3283 5604 priori
3308 5544 3487 5602 textu,
3517 5550 3678 5605 quem
3705 5534 3803 5589 Pe-

2203 5626 2379 5679 tavius
2401 5624 2601 5695 objccit
2630 5640 2696 5679 cx
2725 5633 2954 5678 tractatu
2986 5625 3044 5689 5,
3065 5640 3181 5693 seu,
3206 5641 3264 5681 ut
3296 5626 3534 5697 loquitur
3557 5626 3802 5682 secundo

2206 5724 2379 5783 textu,
2399 5731 2463 5771 ex
2496 5725 2654 5772 tract.
2684 5717 2738 5785 4,
2768 5731 2890 5772 cum
2915 5729 3021 5774 erat
3045 5730 3164 5773 ante
3201 5720 3375 5775 omnia
3402 5734 3616 5773 manens
3642 5735 3795 5785 unus,
