4242 6168
370 252 445 309 ες)
1285 231 1753 295 DlSSEBTA'l‘lt)
1786 231 1851 293 ιι,
1898 227 1993 284 ne
2033 226 2092 281 s.
2133 226 2436 287 ZENONIS
2476 230 2848 293 mamma.
3246 202 3251 209 “
3734 252 3807 308 ῃο

373 382 422 425 et
450 370 587 425 idem
614 364 750 419 alter
779 377 843 415 ex.
874 354 1156 427 semetipso
1190 351 1250 405 in
1278 346 1615 418 semetipsum
1656 345 1824 410 Dens,
1866 344 2058 442 secreti
2086 344 2144 403 Λ
2169 345 2266 401 sed
2308 348 2442 403 illud
2479 360 2689 410 tantum
2722 356 2982 421 iunuttnt,
3008 355 3081 413 ita
3114 360 3284 418 fuisse
3316 363 3457 423 lianc
3484 366 3608 425 Filii
3646 385 3813 442 gene-

370 463 457 519 sui
486 459 628 515 solus
662 453 951 510 conscius:
983 446 1191 520 quibus
1227 439 1490 507 utrisque
1532 437 1588 494 in
1623 437 1759 492 locis
1786 433 2053 531 eamdem
2167 442 2440 496 rationem
2492 445 2741 505 abditam
2787 458 2843 504 ct
2897 450 3188 522 velatam,
3219 468 3284 515 ut
3329 475 3431 531 pro
3476 478 3539 519 ca
3584 465 3818 521 rationis

370 553 610 611 occultae
657 544 1038 620 generationis
1064 531 1408 595 sententiam
1472 529 1807 584 inculcatam
1852 526 2053 620 vides,
2163 533 2492 602 prioritate,
2533 551 2837 612 antequam
2872 542 2942 598 de
2978 546 3114 605 orbe
3145 526 3442 612 condendo
3477 555 3821 617 deliberare-

376 661 506 720 quze
545 646 598 698 in
627 619 864 697 tractatu
899 639 956 704 8,
984 634 1076 690 ubi
1109 624 1342 703 proinde
1378 621 1811 692 Italic-Priorem
1848 619 2053 723 f'aiiVi‘
2166 627 2495 725 lum-Filius
2537 634 2695 689 nullo
2719 634 3027 693 discrimine
3067 646 3417 705 extrinsecus
3460 654 3688 722 prodire
3733 668 3836 725 p0-

378 711 549 796 tatem
582 736 673 791 tibi
705 750 810 787 non
840 732 956 785 licet
998 736 1252 798 quterere,
1286 712 1514 785 inquit;
1549 714 1698 785 (μιοά
1740 711 1957 768 scilicet
1988 727 2054 811 ea
2164 718 2370 781 mel-il;
2401 732 2468 772 ac
2495 735 2804 795 propterea
2840 728 3111 804 quidem,
3161 739 3312 811 quod
3360 711 3522 800 "ac-L
3549 746 3584 803 5
3605 711 3840 804 cﬁer.tm

381 832 523 888 Filio
548 830 726 884 Patris
751 822 1066 881 conscientia
1098 819 1266 874 velato
1291 826 1355 867 ex
1389 818 1469 863 tr.
1507 808 1573 872 5,
1605 810 1829 911 Deique
1864 807 2055 860 secreti
2164 824 2266 880 per
2315 811 2489 911 verba
2539 819 2659 873 sine
2717 817 3051 895 discrimine,
3079 831 3135 887 id
3178 833 3361 905 ipsum
3394 840 3558 911 plane
3612 854 3787 903 tract.
3812 844 3852 902 5

379 927 465 983 sui
488 925 604 981 solo
628 921 860 985 conscio,
889 932 958 973 ex
1004 920 1160 970 tract.
1188 907 1247 973 4,
1277 905 1330 958 in
1366 900 1574 957 Patris
1607 911 1656 955 et
1689 898 1821 953 Filii
1846 906 2032 1011 tantun

2161 902 2466 1011 exponitur
2494 922 2599 976 per
2621 911 2775 978 tunc,
2800 914 2913 972 sine
2940 926 3291 1001 recelamine;
3320 937 3464 1007 quod
3483 937 3666 1011 ipsum
3691 942 3860 1003 luctt-

381 1018 708 1077 conscientia
735 1012 1003 1076 manserit,
1030 1026 1095 1066 es
1129 1021 1194 1062 tr.
1257 999 1311 1056 8.
1362 998 1588 1069 Itaque
1641 997 1715 1107 δὲ
1757 994 2052 1098 Zenoboc
2163 996 2405 1107 lentius‘
2433 1003 2825 1083 ουηίὶηηωιηι
2862 1026 2931 1069 ex
2986 1026 3230 1081 "actam
3255 1028 3314 1097 ι’
3341 994 3454 1089 ‘um
3504 994 3613 1092 ac“
3644 1039 3764 1100 ma
3797 1043 3874 1107 de

383 1123 459 1171 tr.
492 1113 529 1168 8
551 1109 839 1181 explicans
865 1104 1032 1161 verba
1060 1105 1387 1157 tractatuum
1414 1090 1452 1145 4
1476 1100 1554 1147 et
1591 1090 1649 1153 5,
1674 1089 1903 1193 Patavio
1932 1089 2053 1157 ipso
2162 1104 2343 1193 causa
2390 1089 2730 1193 late-pitemi

388 1208 579 1264 locum
596 1202 898 1264 indicante,
924 1197 988 1252 iis
1015 1187 1498 1259 iuverbisprimam
1532 1183 1677 1239 Filii
1708 1183 2053 1237 nativitatem

384 1298 666 1372 agnoscit,
699 1309 863 1367 quam
906 1290 1156 1347 Petavius
1178 1299 1255 1343 ex
1296 1281 1536 1337 Zenone
1583 1293 1708 1382 non
1739 1276 1928 1382 novit}
1956 1289 2057 1382 nec

386 1395 545 1449 illam
573 1392 797 1464 primum
821 1386 1017 1451 innuit,
1038 1400 1189 1456 quam
1202 1376 1460 1436 Petavius
1480 1375 1743 1441 primam
1760 1372 2050 1433 intellexit,

389 1502 523 1542 cum
581 1485 798 1541 scilicet
845 1481 1252 1552 excogitatarum
1281 1480 1337 1524 ut
1363 1468 1628 1523 ordinem
1656 1471 1934 1524 instrueret
1971 1483 2051 1521 re-

391 1601 537 1647 rum,
554 1578 841 1648 ineﬂ'abilis
865 1576 958 1629 illa
982 1575 1142 1629 uirtus
1163 1561 1826 1667 incontpreltensibilisqtte
1851 1562 2027 1636 sapien

2157 1572 2315 1667 qutt-
2330 1657 2344 1667 .
2374 1581 2475 1621 non
2534 1577 2700 1667 erat,
2744 1580 3051 1659 ﬁngeretur,
3076 1561 3282 1667 prodivi

396 1678 473 1731 tia
524 1691 554 1729 e
580 1675 798 1745 regione
826 1669 1004 1725 cordis
1031 1675 1295 1722 eructasse
1344 1654 1585 1711 Verbum
1637 1658 1911 1728 proditur,
1956 1654 2049 1710 scd
2158 1656 2368 1755 cordis
2397 1665 2517 1736 ejus
2544 1660 2769 1735 nobili,
2789 1654 3093 1755 imum-mm;

397 1772 582 1832 mam.
612 1742 721 1839 qua
746 1765 920 1821 Filius
948 1764 1006 1816 in
1052 1759 1229 1814 Patris
1257 1755 1382 1810 licet
1404 1752 1736 1806 conscientia
1761 1753 1988 1818 uelatus,
2019 1766 2046 1803 a
2084 1750 2129 1810 B
2160 1742 2425 1821 effectus,
2459 1756 2597 1826 quia
2645 1763 2830 1820 orbem
2871 1780 3026 1828 terra'
3044 1742 3164 1833 erat
3200 1787 3223 1839 ί

397 1864 569 1920 Patre
597 1870 783 1915 tamen
816 1857 949 1911 Filii
982 1872 1087 1909 non
1118 1853 1230 1907 sine
1267 1845 1451 1915 απεσιιι
1507 1846 1802 1916 amplexus
1843 1849 2046 1903 diserte

399 1954 673 2010 traditur.
730 1951 828 2006 liis
877 1962 1054 2019 porro
1103 1961 1173 2000 ex
1220 1937 1401 1995 verbis
1429 1948 1822 2006 argumentum
1856 1953 2041 1996 contra

397 2046 697 2103 Petavium
744 2040 1075 2096 invincibile
1116 2034 1356 2091 elicitur.
1415 2028 1553 2086 Cum
1603 2031 1748 2085 enim
1800 2034 2043 2090 divinum

405 2137 655 2193 Verbum
689 2147 790 2205 pro
841 2147 911 2187 eo
940 2139 1141 2186 esterno
1170 2134 1316 2181 statu
1348 2124 1491 2185 (ante
1520 2125 1691 2177 omnia
1713 2128 1929 2201 stecttla,
1964 2128 2045 2182 iu-

402 2229 549 2301 quit)
578 2229 768 2297 utique
795 2234 1100 2295 antequam
1125 2220 1535 2288 excogitatarum
1558 2220 2046 2277 ortlo'instrueretur

2148 2226 2386 2295 amplior
2411 2238 2582 2297 patet.
2620 2227 2761 2283 Cum
2793 2233 2939 2288 cnim
2966 2236 3123 2293 biscc
3161 2242 3215 2297 in
3246 2251 3433 2307 verbis
3455 2226 3798 2328 nativae—tein

402 2341 607 2388 rerum,
623 2322 676 2377 id
696 2332 778 2377 est
802 2329 1103 2387 antequam
1134 2315 1478 2386 (prior-itatem
1503 2314 1740 2382 rationis,
1761 2325 1821 2370 nt
1846 2318 2045 2372 sellula)

406 2426 638 2480 vocant,
670 2413 918 2483 intellige
942 2409 966 2483 )
1021 2408 1092 2463 de
1124 2406 1363 2462 creando
1383 2407 1513 2460 urbe
1538 2405 1822 2462 decretum
1848 2408 2041 2475 fieret;

403 2523 568 2573 cum,
598 2508 838 2575 inquam,
866 2519 968 2573 pro
992 2502 1098 2556 hoc
1119 2509 1325 2556 aeterno
1347 2506 1487 2554 statu
1515 2497 1758 2555 divinum
1778 2502 2039 2570 Verbum,

411 2600 640 2656 tametsi
668 2597 839 2652 Patris
870 2595 1215 2651 conscientia
1234 2592 1495 2658 velatum,
1515 2591 1825 2651 allirmetur
1849 2596 1896 2649 F
1896 2596 2044 2663 ilius;

412 2712 557 2754 vere
583 2696 815 2768 genitus,
849 2708 1095 2763 veraque
1116 2691 1400 2762 generatio
1427 2690 1609 2759 procul
1637 2691 1811 2748 dubio
1841 2696 2044 2750 asseri-

411 2805 537 2856 tur;
573 2808 730 2857 nam,
758 2799 817 2845 nt
847 2789 994 2844 idem
1022 2786 1223 2842 fatetur
1249 2784 1502 2840 Petavius
1525 2784 1736 2861 [LXXXI]
1771 2788 1866 2845 lib.
1903 2806 1934 2842 v
1973 2789 2041 2846 de

406 2888 703 2951 'l'rinitatc,
734 2899 859 2954 cap.
905 2883 963 2949 9,
999 2896 1150 2935 num.
1196 2879 1297 2944 Η,
1342 2877 1514 2931 Filius
1557 2879 1667 2933 sine
1709 2883 2043 2951 generatione

406 2980 594 3035 nullus
622 2986 731 3041 est;
755 2992 876 3038 seu,
894 2983 957 3029 ut
985 2971 1224 3042 loquitur
1237 2970 1565 3041 Augustinus
1588 2969 1687 3025 lib.
1710 2987 1745 3024 ν
1765 2973 1834 3029 de
1857 2973 2035 3042 'l'rin.,

408 3088 570 3128 num.
588 3073 643 3136 7,
680 3068 808 3124 Ideo
828 3068 1024 3137 quippe
1044 3056 1233 3130 Filius,
1248 3063 1370 3131 quia
1385 3063 1617 3134 genitus;
1636 3077 1681 3116 et
1700 3068 1823 3134 quia
1842 3065 2033 3133 Filius,

2148 2319 2439 2387 quamdam
2469 2319 2662 2374 divino
2696 2321 2876 2377 Verbo
2911 2328 3114 2384 tribuat
3153 2335 3206 2388 in
3230 2345 3457 2399 creandi
3479 2319 3792 2415 orbiscdn:

2149 2408 2333 2464 silium
2362 2451 2378 2476 ,
2440 2411 2696 2481 inquiens
2737 2432 2750 2467 :
2784 2414 3026 2474 Prodivit
3077 2425 3376 2494 unigenitus
3409 2408 3777 2516 Filirts,etc.-,

2146 2501 2347 2569 quibus
2392 2500 2685 2556 conrinnnt
2713 2505 2816 2559 alia
2841 2524 2906 2562 ex
2943 2521 3012 2563 tr.
3044 2513 3078 2566 5
3105 2530 3117 2564 :
3148 2500 3667 2590 Excogitatamm’ul

2147 2592 2321 2645 dinem
2370 2593 2644 2649 instrueret
2692 2613 2887 2663 rerum,
2922 2601 3207 2669 ine/rabilis
3248 2610 3346 2664 illa
3370 2618 3536 2674 virtus
3566 2625 3768 2682 incom-

2147 2683 2610 2755 preltensibilisque
2650 2690 2902 2761 sapientia
2933 2711 2961 2748 e
2985 2696 3195 2764 regione
3219 2706 3393 2758 cordis
3420 2726 3617 2769 eructat
3647 2735 3761 2773 vero

2146 2777 2286 2841 bum,
2314 2778 2684 2847 omnipotentia
2712 2800 2767 2838 se
2802 2798 3094 2858 propagat;
3126 2806 3249 2847 cum
3269 2836 3283 2860 ,
3320 2798 3538 2871 inquam
3559 2847 3574 2872 ,
3608 2809 3759 2868 hisce

2146 2870 2199 2925 in
2234 2869 2415 2925 verbis
2442 2885 2582 2927 nova
2612 2875 2858 2945 qua'dam
2893 2881 3148 2934 nativitas
3196 2869 3406 2944 divino‘
3432 2869 3613 2952 Verbo
3656 2904 3753 2956 tri.

2144 2961 2343 3017 buatur
2384 2962 2437 3017 in
2482 2965 2703 3019 creandi
2732 2968 2879 3024 orbis
2923 2972 3212 3028 euttsiliUm
3240 3018 3254 3043 ,
3309 2993 3511 3047 praeter
3557 2987 3705 3042 illam
3732 3032 3748 3055 ,

2141 3072 2309 3127 quam
2342 3057 2394 3111 in
2425 3058 2544 3113 sinu
2577 3058 2755 3115 Patris
2794 3062 3052 3119 latentem
3084 3065 3207 3122 aliis
3244 3075 3543 3135 praemissis
3567 3081 3748 3135 verbis

408 3168 591 3235 utique
609 3164 812 3235 genitus
854 3160 915 3216 Si
938 3173 1071 3230 ergo
1101 3156 1269 3213 Filius
1298 3157 1367 3211 ab
1394 3164 1620 3219 (eterna,
1646 3168 1700 3211 et
1722 3159 1889 3215 Filius
1911 3162 2032 3232 qui-
2060 3145 2105 3209 C
2136 3148 2432 3206 Confessus
2459 3160 2563 3219 est,
2614 3152 2751 3209 duas
2776 3155 3010 3226 quodam
3049 3160 3213 3215 modo
3244 3165 3554 3222 nativitates
3582 3169 3745 3226 Verbi

406 3261 537 3316 dem
585 3259 797 3329 genitus
835 3272 903 3311 ex
948 3252 1185 3310 Zenonis
1230 3251 1501 3307 sententia
1549 3252 1758 3306 exstitit
1786 3253 2028 3309 divinum

410 3353 691 3416 Verbum;
723 3352 912 3420 utique
963 3363 993 3401 a
1044 3345 1202 3402 Patre
1244 3344 1341 3399 fuit
1388 3342 1551 3398 etiam
1583 3341 1903 3401 distinctum
1933 3363 1945 3399 :
1976 3355 2034 3401 et

406 3447 545 3502 hinc
568 3444 678 3514 jam
710 3434 821 3497 tum
852 3456 1015 3495 unum
1044 3449 1090 3493 et
1115 3439 1356 3504 alterum,
1387 3436 1438 3490 id
1462 3442 1547 3490 est
1577 3450 1838 3505 personas
1869 3438 2027 3507 duas,

410 3538 622 3596 Filium
652 3536 976 3605 Patremque
1002 3532 1280 3589 exstitisse
1326 3529 1467 3586 idem
1502 3527 1651 3583 Zeno
1680 3531 1857 3601 palam
1892 3531 2030 3587 l‘ate-

413 3642 508 3687 tur
552 3638 789 3685 tractatu
819 3629 878 3693 4,
932 3628 987 3680 in
1020 3640 1141 3696 qua:
1198 3622 1361 3678 verba
1397 3619 1643 3692 pluribus
1684 3622 1895 3694 egimus
1935 3622 2033 3679 ad-

409 3731 535 3780 n'nt.
565 3722 621 3777 Ξ.
653 3722 778 3777 Haec
806 3735 876 3774 ex
906 3718 1041 3790 ipsis
1083 3717 1239 3782 locis,
1272 3730 1393 3785 qua:
1432 3729 1462 3769 a
1493 3713 1716 3770 Petavio
1767 3715 2033 3785 objiciun-

413 3828 511 3871 tur
532 3857 547 3881 ,
596 3815 725 3869 satis
753 3820 960 3883 aperta.
998 3810 1094 3865 llis
1137 3819 1315 3863 autem
1349 3807 1395 3862 si
1416 3805 1604 3861 .addas
1634 3808 1838 3879 reliqua
1874 3808 2029 3863 testi-

410 3907 604 3965 monia
641 3904 905 3974 superiori
937 3901 1275 3973 paragrapho
1303 3901 1537 3955 indicata
1559 3942 1571 3960 ,
1598 3900 1793 3969 quibus
1824 3904 2030 3958 Auctor

410 4001 661 4059 divinum
718 3997 912 4053 Filium
955 3995 1100 4049 Patri
1131 4001 1486 4058 eoa-ternum,
1535 3994 1796 4062 mqualem
1822 4037 1838 4060 ,
1884 3995 2031 4065 ejus-

410 4094 658 4162 demque
723 4088 1038 4145 substantiae
1103 4086 1410 4141 luculenter
1467 4083 1745 4152 del‘endit,
1788 4086 1901 4156 jam
1958 4088 2025 4143 ad

410 4171 870 4248 conﬁrmandam,
889 4198 985 4237 seu
1006 4183 1188 4253 potius
1218 4177 1715 4247 demonstrandam,
1747 4182 1878 4235 satis
1903 4181 2027 4237 licet

409 4282 661 4343 obviam,
711 4276 1124 4347 explicationem
1155 4274 1345 4328 bormn
1395 4281 1635 4326 tcxtuum
1666 4312 1682 4339 ,
1730 4289 1796 4327 ex
1828 4275 2025 4343 quibus

411 4374 564 4433 idem
590 4371 761 4425 Filius
781 4384 810 4423 a
828 4368 985 4425 Patre
1006 4367 1072 4422 ab
1092 4376 1299 4421 interno
1320 4363 1535 4434 genitus
1550 4363 1829 4434 Sttlttmquc
1849 4364 2024 4421 latens

409 4469 473 4525 in
517 4465 699 4521 Patris
733 4461 1058 4518 conscientia
1092 4458 1352 4530 probatus
1384 4456 1540 4512 nobis
1572 4467 1685 4525 est,
1715 4457 1846 4512 nihil
1882 4475 2022 4530 prac-

411 4570 570 4615 terea
598 4554 950 4612 desiderabis.

494 4651 564 4703 At
594 4646 739 4702 enim
768 4644 1137 4701 difﬁcultatem
1162 4642 1384 4698 Petavio
1415 4640 1657 4695 fecerunt
1690 4640 1799 4710 illa,
1827 4643 2020 4712 quibus

394 4745 589 4799 'Pater
638 4740 835 4796 Filium
888 4738 1165 4793 indiscreta
1218 4735 1429 4806 spiritus
1477 4733 1793 4803 plenitudine
1838 4746 1883 4789 et
1912 4736 2021 4792 sine

415 4834 727 4891 discrimine
746 4831 1012 4902 amplexus
1033 4828 1225 4884 eodem
1259 4836 1414 4882 tract.
1442 4827 1475 4881 5
1497 4827 1743 4883 traditur.
1772 4826 1881 4882 Sed
1907 4828 2021 4885 lucc

416 4943 531 4985 non
567 4926 829 4980 unitatem
874 4936 1115 4992 persona:
1138 4934 1237 4991 pro
1262 4933 1328 4974 eo
1353 4926 1560 4973 aeterno
1584 4927 1747 4985 Statu,
1778 4935 1871 4974 seu
1918 4936 2015 4990 po-

418 5022 531 5075 tius
560 5017 839 5088 prioritate
870 5014 957 5069 illa
986 5012 1209 5067 rationis
1231 5008 1524 5073 insinuant,
1551 5021 1602 5064 ut
1638 5010 1837 5072 Petavii
1860 5027 2014 5082 argu-

423 5122 670 5168 mentum
700 5107 995 5179 postula'ret
1037 5105 1247 5174 (secus,
1271 5101 1481 5156 Patrem
1510 5111 1559 5156 et
1603 5100 1798 5157 Filium
1821 5118 2016 5161 vocare

424 5219 541 5261 non
565 5205 851 5273 potuisset,
879 5199 979 5254 nisi
1011 5196 1150 5252 forte
1193 5194 1246 5249 in
1280 5193 1718 5250 Sabellianorum
1755 5203 1804 5251 et
1841 5196 2016 5252 Patri-

422 5294 807 5367 passianorum
836 5289 1177 5353 sententiam,
1209 5286 1298 5357 qni
1322 5285 1533 5341 Patrem
1557 5297 1611 5341 ct
1629 5286 1824 5342 Filium
1860 5291 2011 5344 voci-

422 5391 555 5449 bus,
610 5401 714 5439 non
754 5400 812 5439 re
850 5383 1130 5437 distinctos
1157 5376 1463 5434 tradidere:
1496 5393 1603 5447 quo
1633 5393 1760 5435 casu
1782 5378 2008 5435 duarum

421 5483 578 5537 inter
619 5492 740 5531 sese
768 5472 1117 5546 pugnantium
1160 5470 1436 5524 haereseon
1488 5469 1736 5525 adsertor
1764 5485 1872 5526 uno
1916 5486 2011 5526 eo-

418 5574 659 5641 demque
691 5576 919 5623 tractatu
963 5565 1021 5621 S.
1052 5563 1200 5619 Zeno
1227 5570 1542 5631 argueretur
1580 5577 1607 5614 a
1640 5562 1880 5628 Petavio,
1917 5564 2011 5621 Sa-

418 5663 681 5723 belliana:
705 5669 761 5715 et
786 5659 1019 5719 Arianzc,
1044 5652 1183 5725 quod
1212 5667 1314 5707 nec
1355 5650 1608 5720 possibile
1643 5651 1875 5716 videtur.
1910 5671 2009 5712 nec

420 5755 584 5812 alteri
616 5749 905 5820 contigisse
934 5760 1169 5817 unquam
1201 5743 1314 5799 ullo
1341 5741 1591 5813 exemplo
1632 5742 2002 5818 probabitur),

2133 3242 2428 3312 agnovisse
2458 3242 2687 3299 videtur.

2210 3334 2402 3406 Itaque
2450 3334 2714 3408 Georgius
2766 3338 2949 3396 Bulltts
2998 3342 3050 3396 in
3104 3344 3424 3404 defensione
3462 3349 3612 3407 Fidei
3653 3352 3745 3407 Ni-

2133 3441 2330 3498 caznac,
2362 3442 2497 3488 sect.
2558 3433 2612 3501 5,
2651 3449 2770 3505 cap.
2800 3435 2854 3500 9,
2881 3437 2909 3509 §
2940 3441 2995 3505 6,
3028 3454 3151 3494 cum
3184 3451 3444 3499 aeternam
3489 3446 3580 3501 Dei
3625 3446 3742 3501 Filii

2132 3526 2551 3592 generationem
2604 3529 2880 3599 prioribus
2923 3533 3108 3588 verbis
3158 3549 3188 3588 a
3223 3536 3443 3594 Zenone
3470 3539 3739 3595 adsertam

2132 3618 2449 3684 Contendit,
2475 3631 2586 3676 tum
2617 3638 2750 3679 vero
2785 3627 3178 3690 posterioribus
3206 3628 3537 3703 descriptam
3588 3643 3741 3703 putat

2133 3711 2454 3767 nativitatem
2500 3714 2645 3768 illaut
2693 3716 2747 3771 in
2800 3726 3063 3788 tempore,
3114 3734 3218 3790 qua
3253 3721 3423 3776 Filius
3467 3740 3535 3778 ex
3582 3725 3738 3780 Patre

2134 3804 2399 3872 processit
2432 3805 2500 3861 ad
2549 3807 2888 3864 condendum
2934 3811 3183 3865 universa
3211 3831 3223 3867 :
3260 3813 3325 3867 Et
3355 3816 3464 3869 hac
3488 3857 3503 3884 ,
3535 3816 3736 3888 inquit,

2131 3895 2265 3951 nihil
2290 3898 2439 3953 aliud
2460 3910 2554 3966 est,
2587 3918 2739 3973 quant
2771 3901 2915 3963 Filii.
2952 3920 3098 3973 quem
3134 3903 3289 3960 Pater
3314 3909 3458 3977 apud
3487 3926 3543 3964 se
3565 3921 3611 3964 et
3640 3912 3735 3964 sibi

2131 3988 2252 4055 soli,
2286 4002 2338 4045 ut
2359 3994 2433 4046 ita
2464 3994 2653 4063 dicam,
2688 4012 2753 4050 ea:
2776 4008 2967 4051 (eterna
2998 3998 3399 4070 amplectebatur
3449 4003 3690 4057 revelatio
3714 4045 3731 4070 ,

2131 4083 2238 4137 sire
2259 4088 2373 4156 ejus
2403 4103 2466 4140 ea:
2494 4086 2655 4143 Patre
2696 4092 2920 4160 egressio
2948 4102 2995 4145 et
3016 4093 3371 4165 processio....
3402 4097 3471 4148 ad
3499 4112 3579 4149 res
3618 4112 3733 4166 qua!

2130 4192 2231 4230 non
2259 4190 2404 4233 erant
2428 4221 2442 4243 ,
2493 4186 2902 4252 procreandum,
2935 4204 3088 4254 seque
3117 4189 3264 4241 rebus
3296 4192 3505 4255 creatis,
3536 4191 3732 4259 angelis

2130 4286 2310 4340 nempe
2353 4282 2397 4326 et
2436 4274 2751 4343 hominibus,
2805 4282 3260 4350 manifestandum.
3324 4283 3470 4336 llanc
3512 4282 3728 4351 quidem

2131 4364 2488 4432 temporalem
2535 4367 2703 4422 divini
2764 4368 2929 4426 Vcrbi
2987 4371 3481 4428 manilestationcm
3532 4374 3654 4429 aliis
3699 4390 3727 4428 a

2127 4454 2377 4511 Patribus
2405 4461 2568 4514 etiam
2603 4470 2727 4531 post
2758 4462 3037 4519 Nicacnum
3060 4465 3350 4521 concilium
3395 4467 3726 4523 nativitatem

2048 4533 2102 4592 D
2126 4562 2190 4602 ac
2226 4552 2629 4618 proccssionem
2661 4556 2953 4625 quamdam
2990 4556 3154 4612 fuisse
3187 4570 3430 4615 vocatam
3453 4603 3469 4628 ,
3502 4560 3725 4627 inliciat-,i

2125 4657 2230 4695 non
2266 4658 2585 4712 possumus;
2641 4648 2782 4702 inter
2834 4665 2972 4716 quos
3019 4650 3452 4729 exploratissime
3483 4655 3722 4709 omnium

2122 4743 2311 4789 auctor
2353 4744 2613 4793 tractatus
2650 4740 2718 4795 de
2758 4739 2894 4795 Fide
2933 4742 3232 4797 orthodoxa
3275 4754 3461 4801 contra
3494 4748 3725 4802 Arianns

2124 4824 2176 4879 in
2192 4826 2503 4895 Appendice
2522 4828 2794 4887 Ambrosii
2817 4831 3055 4902 Operum
3080 4834 3291 4904 inserti,
3316 4837 3403 4906 qui
3426 4837 3722 4907 Gregorius

2124 4916 2356 4972 Baeticus
2403 4920 2758 4989 probabiliter
2787 4925 3031 4981 crcditur
3054 4969 3069 4993 ,
3101 4928 3378 4998 explicans
3408 4929 3535 4984 illud
3558 4930 3717 4986 Prov.

2127 5024 2214 5063 vnt
2245 5027 2256 5062 :
2287 5009 2542 5067 Dominus
2567 5015 2781 5081 creavit,
2805 5017 2884 5071 uel
2904 5020 3133 5072 condidit
3161 5036 3241 5073 me
3272 5020 3324 5073 in
3350 5020 3497 5073 initio
3523 5022 3720 5077 viarum

2124 5116 2372 5167 suarum,
2406 5103 2522 5159 Ita'c
2561 5104 2750 5160 scribit
2788 5123 2907 5178 t-ap.
2934 5108 2987 5174 Ξ,
3021 5126 3140 5181 pag.
3166 5112 3274 5170 549
3295 5112 3460 5183 App.,
3493 5125 3624 5168 tum.
3659 5131 3717 5180 η,

2122 5195 2435 5251 Ambrosii:
2469 5196 2592 5253 Non
2635 5200 2707 5254 ita
2735 5199 2874 5257 Deus
2913 5205 3216 5277 sapientiam
3264 5225 3406 5263 suam
3452 5210 3716 5277 condidit,

2119 5289 2267 5358 quasi
2295 5290 2576 5360 aliquando
2620 5295 2736 5347 sine
2759 5296 3012 5369 sapientia
3036 5302 3222 5371 fuerit;
3250 5306 3341 5357 sed
3367 5322 3480 5359 cum
3511 5308 3715 5363 initium

2118 5382 2318 5437 viarum
2367 5402 2576 5439 suarum
2632 5387 2792 5455 dicat,
2824 5390 3027 5444 initium
3080 5405 3245 5448 motus
3298 5399 3465 5469 aperis
3493 5400 3719 5471 alicujus

2120 5476 2364 5541 ostendit,
2393 5487 2448 5530 ut
2493 5478 2589 5530 hoc
2626 5478 2827 5533 initium
2853 5482 3033 5536 habeat
3063 5488 3315 5555 sapientia
3346 5487 3461 5553 Dei,
3489 5493 3626 5558 quod
3651 5492 3718 5544 de

2120 5565 2231 5622 Deo
2249 5571 2491 5638 processit
2507 5570 2577 5625 ad
2592 5573 2814 5626 creando
2827 5578 3015 5630 omnia.
3029 5617 3041 5631 .
3054 5616 3066 5629 .
3093 5578 3317 5651 [Lxxxn]
3336 5581 3514 5635 Creata
3535 5594 3606 5637 est
3628 5599 3708 5633 er-

2117 5674 2183 5730 go
2203 5660 2471 5732 sapientia,
2496 5663 2599 5718 imo
2618 5662 2813 5734 genita,
2830 5679 2932 5717 non
2957 5666 3072 5732 sibi,
3098 5685 3210 5739 qua:
3238 5686 3442 5743 semper
3461 5683 3594 5741 erat,
3623 5672 3714 5726 sed

2118 5749 2218 5817 his,
2242 5769 2357 5822 qua:
2376 5753 2438 5809 ab
2462 5769 2521 5809 ea
2552 5753 2664 5821 ﬁeri
2696 5753 2982 5822 oportebat.
3019 5754 3083 5810 Et
3111 5757 3363 5816 similiter
3391 5764 3551 5819 etiam
3582 5765 3719 5821 Pru--
