4242 6168
461 257 523 313 91
1859 255 2376 317 PROLEGOMENA
2390 298 2405 316 .
3702 268 3773 321 99.

460 373 675 428 «lentius
726 369 927 444 hymno
962 371 1021 426 ll
1054 370 1122 425 de
1152 372 1267 442 ipsa
1310 371 1590 429 creatione
1639 370 1822 427 mundi
1876 381 2065 443 aperte
2092 374 2139 434 Α
2170 375 2263 430 sed
2295 377 2581 434 consilium
2609 378 2998 451 decretumque
3037 380 3108 437 de
3152 379 3394 437 creando
3423 382 3581 451 orbe,
3623 386 3768 455 quod

460 467 737 524 disserens
760 506 776 534 ,

647 558 854 622 Ex_ore,
879 557 1048 620 uiguit,
1077 556 1355 622 quamlibet
1378 554 1543 610 Patris

713 620 796 670 Sis
822 631 960 672 ortus
984 628 1036 671 et
1055 620 1209 671 verbo
1235 621 1435 684 editus;

649 682 835 746 Tamen
867 688 1070 746 paterno
1096 684 1145 731 in
1172 689 1398 746 pectore,

712 744 896 807 Sophia
918 744 1115 797 calebat
1136 744 1287 808 prius.

464 834 671 901 Quibus
717 847 839 887 cum
881 832 1127 888 divinum
1172 833 1403 888 Verbum
1434 835 1631 906 sophia:
1667 834 1887 889 nomine
1915 832 2064 887 desi-

463 934 708 996 gnatum,
740 924 793 979 in
832 924 1009 980 Patris
1034 934 1275 994 pectore,
1299 936 1586 996 antequam
1641 942 1705 980 ex
1751 941 1840 979 ore
1893 924 2068 979 Putris

465 1020 729 1085 oriretur,
778 1026 825 1072 et
877 1018 1112 1073 ederetur
1158 1018 1210 1072 in
1261 1018 1539 1074 creatione
1589 1017 1810 1084 mundi,
1841 1017 1953 1088 jam
2000 1018 2069 1073 ab

465 1127 674 1175 interno
706 1116 875 1173 fuisse
904 1118 1179 1183 insinuet,
1206 1117 1357 1185 juxta
1398 1118 1531 1172 Bulli
1562 1118 2066 1189 interpretationem

466 1226 590 1268 cum
610 1211 835 1269 Zenone
862 1209 1077 1265 videtur
1101 1212 1257 1280 plane
1280 1210 1589 1265 concinere.

541 1303 650 1359 Sed
696 1303 837 1359 hanc
870 1303 1278 1374 generationem
1318 1317 1415 1358 seu
1457 1300 1949 1358 manifestationem
1974 1319 2069 1358 ex-

469 1406 677 1451 ternam
707 1412 736 1451 a
760 1396 978 1450 Zenone
1006 1394 1235 1452 laudatis
1273 1410 1302 1449 a
1335 1394 1558 1450 Pctavio
1584 1394 1717 1450 locis
1741 1409 1807 1450 ex
1854 1402 2009 1450 tract.
2033 1393 2070 1449 4

469 1487 772 1544 et‘o’fuisse
792 1488 1141 1558 appellatam,
1186 1496 1244 1541 ιιι
1298 1488 1501 1556 putavit
1555 1486 1760 1553 Bullus,
1810 1486 2068 1542 adsentiri

477 1598 581 1637 non
612 1596 923 1652 possumus.
984 1581 1039 1637 Si
1082 1582 1205 1652 quis
1246 1582 1390 1635 enim
1424 1590 1568 1636 tutos
1619 1590 1799 1635 textus
1835 1596 1975 1650 quos
2002 1596 2066 1635 ex

473 1690 605 1730 mss.
653 1676 954 1746 praesertim
984 1675 1223 1745 integros
1250 1673 1539 1738 edidimus,
1572 1674 1795 1744 legerit;
1830 1673 2069 1744 profecto

2171 469 2240 524 ab
2292 481 2499 527 :etcrno
2548 473 2736 544 utique
2766 485 2981 543 captum
3036 475 3136 530 fuit
3161 514 3174 539 ,
3206 475 3338 530 satis
3367 474 3643 545 innuitur;
3676 481 3771 535 sed

2170 563 2410 631 apertius
2439 565 2769 619 convincunt
2796 566 2885 621 illa
2900 574 3162 622 tractatus
3182 569 3238 634 4,
3267 568 3356 624 ubi
3380 580 3664 640 postquam
3685 571 3779 627 dis

2170 654 2327 710 vinus
2378 654 2548 711 Filius
2576 655 2675 711 hac
2702 658 3053 728 generatione
3083 657 3348 730 prodiisse
3378 659 3607 717 traditus
3639 672 3723 719 est
3755 681 3769 718 :

2177 743 2244 801 Ut
2275 762 2447 801 rerum
2472 759 2661 803 natura
2710 764 2825 819 qua:
2863 765 2965 804 non
3018 763 3147 818 nat,
3204 750 3497 822 ﬁngeretur,
3552 755 3775 825 prodicit

2170 838 2462 909 unigenitus
2500 838 2549 892 F
2551 840 2670 894 ilius
2690 880 2704 905 ,
2736 841 2906 896 cordis
2936 845 3047 915 ejus
3088 843 3273 897 nobilis
3302 843 3619 914 inquilinus;
3664 863 3775 903 non

2171 932 2351 987 atatim
2389 932 2528 988 idem
2562 933 2731 988 Filius
2763 934 3137 991 manifestatus
3182 935 3385 992 idcirco
3428 936 3771 1006 afﬁrmatur,

2175 1027 2250 1081 uti
2279 1025 2415 1081 Bulli
2444 1025 2760 1099 hypothesis
2792 1030 3087 1098 postularet
3110 1031 3178 1104 (si
3208 1031 3422 1101 quidem
3452 1047 3514 1088 ea
3544 1049 3772 1104 generaa

2175 1117 2247 1172 tio
2275 1116 2415 1172 idem
2464 1133 2529 1172 ac
2556 1118 2919 1175 manifestatio
2951 1119 3146 1192 fuerit)
3178 1121 3271 1177 sed
3302 1123 3508 1190 exinde,
3530 1125 3769 1193 additur,

2173 1211 2388 1267 visibilis
2435 1214 2721 1268 necessario
2750 1212 2978 1282 e/feetus,
3012 1216 3131 1284 quia
3160 1214 3332 1270 urbem
3362 1226 3511 1273 teme
3529 1228 3636 1273 erat
3661 1221 3775 1288 ipse

2172 1306 2422 1376 facturus,
2437 1315 2538 1361 etc.
2550 1348 2564 1373 ,
2584 1305 2670 1360 ubi
2686 1321 2846 1363 voces
2860 1307 3042 1361 exinde
3054 1306 3269 1361 visibilis
3280 1307 3773 1366 manifestationcm

2173 1397 2370 1453 exinde
2397 1408 2841 1469 consequentem,
2872 1414 3032 1455 voces
3059 1410 3238 1455 autem
3269 1411 3376 1455 erat
3399 1405 3633 1473 facturas
3655 1410 3772 1458 ma—

2172 1488 2568 1544 nilestationem
2602 1491 2653 1544 in
2693 1490 2928 1544 creando
2964 1491 3306 1561 postmodum
3331 1492 3485 1557 orbe,
3509 1508 3607 1550 seu
3629 1502 3774 1550 state

2174 1587 2418 1650 tempore
2442 1580 2673 1635 futuram
2710 1581 2842 1636 satis
2871 1581 3168 1637 declarant.
3200 1582 3491 1639 Enimvero
3518 1585 3561 1639 si
3599 1600 3768 1656 gene-

2173 1673 2310 1727 ratio
2366 1671 2453 1739 bic
2493 1672 2790 1737 asseritur.
2835 1688 2901 1728 ex
2940 1688 3043 1744 qua
3095 1674 3190 1730 Dei
3242 1674 3409 1729 Filius
3437 1676 3491 1730 in
3531 1676 3770 1733 creando

473 1767 749 1823 Zenonem
781 1767 847 1822 de
872 1775 1075 1822 aeterna
1102 1765 1335 1837 quadam
1364 1765 1607 1837 ejusdem
1636 1765 1797 1821 Verbi
1838 1780 2068 1836 genera-
2099 1770 2148 1830 B
2176 1766 2403 1822 subinde
2433 1766 2634 1822 mundo
2660 1768 2877 1822 visibilis
2907 1766 3025 1822 ﬁeri
3050 1767 3259 1833 debuit,
3278 1767 3491 1823 visibilis
3517 1776 3697 1824 autem
3722 1781 3778 1825 et

476 1863 644 1927 tione,
684 1877 803 1931 quae
851 1860 1007 1916 alteri
1059 1861 1245 1916 latenti
1294 1859 1571 1931 prioribus
1611 1860 1792 1916 verbis
1836 1860 2068 1915 adsertae

474 1952 844 2024 hactennsque
874 1954 1031 2008 nobis
1063 1952 1451 2009 demonstrata:
1473 1968 1581 2007 non
1605 1960 1892 2023 repugnet,
1923 1963 2072 2007 utro-

475 2061 581 2116 que
620 2046 670 2098 in
700 2053 929 2099 tractatu
960 2054 1158 2115 quarto
1191 2054 1247 2099 et
1296 2043 1486 2114 quinto
1516 2059 1824 2099 sermonem
1865 2043 2069 2109 facere,

476 2138 912 2208 exploratissime
936 2137 1184 2208 liquebit.
1218 2136 1351 2194 Nam
1377 2136 1610 2208 primum
1643 2146 1875 2192 tractatu
1908 2138 1942 2194 5
1971 2140 2078 2209 agi-

480 2241 565 2285 tur
593 2230 663 2287 de
699 2230 787 2285 illa
822 2230 1102 2286 nativitate
1131 2229 1318 2297 Verbi,
1350 2246 1457 2284 non
1503 2230 1677 2285 Solum
1707 2246 1810 2301 qua
1842 2232 2077 2302 omnipo-

478 2326 638 2382 tentia
665 2323 883 2397 quidem
916 2340 969 2379 se
988 2334 1261 2397 propagat,
1294 2324 1402 2392 vel,
1427 2334 1486 2379 ut
1509 2324 1598 2379 alii
1628 2324 1843 2381 codices
1866 2326 2071 2397 legunt,

478 2428 819 2491 repropagat;
846 2419 941 2474 sed
966 2418 1130 2473 simul
1160 2434 1263 2490 qua
1303 2418 1367 2473 de
1411 2416 1520 2472 Deo
1543 2419 1771 2474 nascitur
1796 2418 1961 2488 Deus,
1993 2432 2075 2474 to-

476 2523 585 2568 tum
611 2511 787 2568 Patris
813 2512 1025 2579 habens,
1050 2513 1180 2566 nihil
1213 2514 1465 2583 derogans
1492 2511 1662 2581 Patri,
1685 2525 1788 2568 etc.
1814 2514 1941 2571 Htec
1983 2532 2078 2571 au-

430 2640 433 2643 -
480 2618 587 2664 tem
619 2607 1039 2664 manifeStationi
1073 2622 1225 2663 mere
1259 2618 1500 2663 externae
1546 2617 1600 2663 et
1640 2611 1922 2681 temporali
1967 2628 2075 2669 non

478 2708 813 2770 Congruunt,
855 2701 1121 2771 planeque
1167 2699 1651 2771 respondentcum
1684 2702 1748 2756 iis
1796 2717 1918 2773 quae
1942 2704 2078 2757 toti—

475 2792 597 2846 dem
630 2789 742 2846 lere
769 2792 951 2847 verbis
972 2792 1041 2847 de
1069 2802 1271 2847 :eterna
1302 2793 1484 2862 procul
1515 2792 1685 2846 dubio
1722 2794 2079 2862 generatione

479 2882 776 2936 recitantur
801 2892 869 2936 tr.
902 2882 937 2937 3
961 2900 974 2936 :
1010 2881 1181 2954 Igitur
1209 2881 1486 2950 ineffabilia
1516 2883 1610 2937 illa
1637 2884 2075 2954 incomprehensi-

478 2974 699 3046 bilisque
724 2975 980 3047 sapientia
1006 2976 1335 3046 sapientiam,
1365 2976 1732 3048 omnipotentia
1759 2977 2078 3049 omnipoten-

476 3066 602 3121 tiam
622 3076 894 3138 propagat.
932 3066 1006 3122 De
1036 3064 1146 3122 Deo
1169 3068 1399 3122 nascitur
1426 3066 1590 3135 Deus,
1619 3067 1682 3123 de
1708 3070 1932 3139 ingenito
1959 3071 2076 3123 uni-

2176 1861 2534 1931 manifestatus
2566 1860 2705 1914 idem
2734 1871 2863 1914 sunt
2900 1878 2912 1913 :
2948 1860 3231 1931 generatio
3261 1861 3401 1917 haud
3428 1861 3595 1918 dubie
3622 1877 3774 1918 asse-

2175 1952 2331 2017 ritur,
2361 1967 2426 2006 ex
2454 1967 2556 2022 qua
2585 1951 2699 2020 ipsa
2723 1961 2942 2006 externa
2989 1951 3356 2008 manifestatio
3384 1943 3616 2009 subinde
3646 1971 3769 2024 pre-

2178 2045 2311 2100 fecta
2343 2055 2442 2109 est,
2469 2054 2522 2099 et
2546 2061 2665 2115 qua:
2686 2043 2890 2101 idcirco
2918 2056 3044 2101 ante
3074 2047 3244 2117 ipsam
3277 2046 3765 2105 nianifestationem

2178 2138 2228 2192 in
2263 2140 2377 2209 ipsa
2409 2139 2685 2193 creatione
2725 2138 2912 2193 mundi
2945 2137 3193 2195 ell‘ectam
3242 2140 3449 2211 (neque
3478 2142 3622 2196 enim
3648 2152 3772 2197 ante

2176 2246 2263 2286 res
2285 2230 2627 2294 creatas,sed
2657 2233 2857 2287 creatis
2874 2230 2984 2301 jam
3019 2232 3179 2287 rebus
3208 2230 3457 2305 [Lxxxm]
3482 2232 3580 2288 Dei
3607 2232 3773 2288 Filius

2179 2323 2518 2380 manifestari
2567 2339 2662 2379 seu
2694 2309 2921 2380 visibilis
2950 2338 3072 2379 esse
3105 2324 3313 2396 potuit)
3369 2325 3572 2380 evenit.
3604 2325 3770 2393 Equi-

2178 2417 2299 2474 dem
2346 2416 2487 2473 hanc
2516 2415 2764 2472 eamdem
2800 2417 3207 2487 generationem
3241 2417 3446 2471 Auctor
3475 2417 3771 2487 rcSpiciens

2180 2519 2338 2565 tract.
2390 2508 2423 2564 6
2470 2509 2562 2563 lib.
2598 2525 2631 2563 ιι
2679 2510 2792 2564 ait:
2827 2507 3137 2581 Unigenilus
3172 2508 3456 2579 prodiendo
3507 2511 3570 2563 de
3622 2509 3781 2565 Patre

2177 2615 2295 2657 ante
2346 2604 2597 2675 originem
2643 2618 2846 2666 rerum,
2894 2610 3000 2657 etc.
3046 2601 3134 2655 ubi
3192 2604 3253 2657 τὸ
3300 2611 3421 2657 ante
3469 2601 3629 2657 Verbi
3683 2617 3776 2673 ge-

2178 2698 2537 2765 nerationem,
2570 2711 2925 2769 quaecumque
2974 2695 3068 2750 illa
3116 2696 3207 2761 sit,
3241 2695 3458 2767 origini,
3486 2710 3581 2751 seu
3617 2711 3775 2750 crea-

2178 2792 2314 2847 tioni
2340 2806 2522 2847 rerum.
2539 2789 2794 2860 pra-viam
2818 2797 3003 2859 aperte
3031 2787 3231 2859 prodit.
3277 2784 3395 2843 Non
3443 2802 3572 2857 ergo
3608 2802 3780 2857 gene-

2179 2886 2402 2940 rationis
2436 2885 2654 2938 nomine
2694 2884 2867 2953 ipsam
2900 2881 3414 2947 manifestationem,
3446 2881 3542 2937 sed
3571 2881 3773 2952 aliquid

2177 2977 2245 3031 ab
2299 2991 2360 3031 ea
2403 2975 2683 3030 diversum
2752 2976 2955 3029 Auctor
2999 2973 3230 3043 accepit.
3266 2972 3394 3027 Haec
3440 2972 3486 3027 si
3536 2974 3657 3043 quis
3705 2988 3772 3028 ex

2177 3069 2391 3124 Arionis
2418 3077 2677 3123 :rternam
2708 3066 2831 3122 Filii
2879 3066 2968 3120 Dei
3008 3065 3414 3136 generationem
3457 3064 3776 3135 negantibus

475 3163 692 3231 genitus,
726 3163 791 3217 de
836 3161 946 3217 solo
974 3162 1137 3228 solus,
1162 3161 1225 3215 de
1251 3172 1357 3217 toto
1388 3172 1541 3228 totus,
1572 3162 1635 3217 de
1666 3179 1780 3218 vero
1810 3180 1976 3230 verus,
2010 3163 2074 3219 de
2099 3148 2143 3211 (Σ
2177 3162 2504 3216 afﬁrmasset
2527 3203 2542 3229 ,
2608 3159 3040 3231 intelligerentur
3072 3156 3326 3213 facillime
3370 3156 3441 3212 dc
3495 3157 3773 3213 creatione

474 3257 701 3325 perfecto
725 3258 1003 3324 perfectus,
1051 3264 1212 3308 totum
1257 3253 1432 3309 Patris
1480 3255 1694 3323 habens,
1744 3255 1878 3309 nihil
1924 3256 2073 3311 dero-

478 3365 607 3419 gans
655 3347 855 3415 Patri;
899 3348 1016 3405 haec
1066 3349 1210 3404 enim
1258 3350 1419 3404 verba
1461 3359 1516 3405 et
1558 3347 1804 3405 l'onnula:
1847 3350 2071 3406 Patrum

478 3442 874 3497 catholicorum
904 3442 1158 3512 proprias,
1196 3442 1639 3513 identitatemque
1665 3441 2073 3497 substantialem

481 3534 658 3589 Patris
704 3545 757 3590 et
804 3534 927 3590 Filii
972 3534 1147 3607 palam
1189 3535 1504 3607 prodentes,
1551 3537 1691 3592 sicut
1734 3535 1933 3592 cadere
1974 3552 2073 3591 ne-

410 3664 417 3671 -
478 3638 684 3698 queunt
716 3629 767 3683 in
799 3640 1129 3692 creaturam,
1157 3644 1279 3700 quae
1304 3629 1471 3699 prima
1496 3629 1733 3683 omnium
1766 3630 1819 3683 in
1842 3630 2076 3683 creatio-

479 3736 604 3776 nem
636 3721 781 3778 orbis
808 3720 1024 3777 condita
1070 3722 1161 3789 sit,
1195 3732 1252 3777 ut
1279 3720 1467 3777 Ariani
1495 3720 1824 3789 sentiebam,
1859 3720 2077 3776 eadem-

481 3830 587 3887 que
649 3815 718 3871 de
782 3830 943 3871 causa
997 3816 1297 3872 convenire
1363 3831 1468 3869 non
1519 3825 1745 3885 possunt
1801 3798 2076 3885 prol'atitio

480 3906 646 3962 verbo
674 3948 688 3972 ,
737 3907 880 3978 quod
911 3907 1013 3963 etsi
1063 3907 1251 3963 luisset
1296 3908 1351 3962 in
1394 3908 1674 3963 creatione
1694 3906 1985 3979 prolatum,
2015 3917 2075 3962 ιιι

482 3996 731 4053 nonnulli
757 3999 1097 4055 existimasse
1127 3999 1379 4055 videntur
1424 4000 1515 4070 (de
1550 4014 1656 4070 quo
1694 3992 1815 4055 vide
1841 4007 1959 4071 quae
1987 3999 2074 4055 di-

480 4105 673 4151 centur
723 4094 825 4151 sub
870 4096 1082 4150 initium
1137 4093 1460 4165 paragrapbi
1502 4094 1806 4165 sequentis)
1832 4101 2074 4148 creatum

481 4197 659 4244 tamen
710 4188 911 4259 aliquid
944 4188 1079 4243 l'uit:
1112 4190 1182 4243 ita
1216 4203 1392 4258 neque
1443 4186 1727 4258 temporali
1757 4193 1812 4241 et
1836 4194 2074 4241 externa:

479 4295 779 4352 congruere
822 4290 1046 4352 possunt
1074 4281 1265 4338 interni
1304 4279 1461 4337 Verbi
1490 4277 1933 4344 manifestationi,
1954 4292 2075 4348 qua:

478 4389 600 4429 cum
629 4382 911 4429 externum
939 4373 1143 4445 aliquid
1173 4372 1463 4444 signiﬁcat,
1510 4380 1621 4428 tum
1653 4386 1784 4427 vero
1815 4380 1873 4426 ut
1899 4385 1994 4443 per
2022 4370 2075 4425 id

478 4475 762 4521 externum
814 4466 982 4522 Filius
1034 4468 1124 4523 Dei
1176 4466 1513 4539 processisse
1565 4465 1669 4520 dici
1729 4464 1965 4536 potuerit
2007 4462 2074 4518 ad

2179 3254 2360 3321 Verbi,
2389 3254 2530 3325 quod
2559 3267 2679 3308 cum
2729 3252 2802 3306 illi
2832 3252 2901 3305 ah
2932 3258 3136 3331 sterno
3161 3250 3428 3321 genitum,
3464 3258 3519 3305 ct
3539 3250 3771 3306 consub-

2174 3348 2422 3403 stmtiale
2477 3346 2618 3400 Patri
2668 3354 2968 3416 negarent,
3034 3354 3335 3399 creaturam
3403 3343 3772 3414 praedicarunt

2173 3440 2520 3511 qniil0|ll,Sed
2550 3440 2618 3494 ita
2643 3445 2701 3493 ιιι
2733 3439 3142 3509 primogenitum
3168 3446 3293 3493 ante
3312 3444 3632 3493 c:rterarum
3656 3452 3776 3490 om-

2175 3536 2323 3591 nium
2356 3550 2535 3590 rerum
2563 3532 2826 3603 originem
2846 3541 3085 3588 creatum
3117 3532 3381 3588 dicerent.
3414 3536 3482 3587 At
3506 3532 3559 3586 in
3589 3533 3777 3588 catho-

2174 3628 2278 3683 lico
2327 3626 2566 3683 antisnte
2598 3669 2614 3695 ,
2669 3627 2760 3697 qui
2816 3633 3072 3681 aeternam
3132 3624 3289 3680 Verbi
3358 3629 3766 3696 generationem

2175 3718 2898 3788 consubstantlalitatemquc
2928 3731 3050 3772 cum
3084 3717 3241 3777 Patre
3281 3717 3499 3773 disertis
3527 3718 3775 3774 testimo-

2177 3816 2281 3869 niis
2307 3814 2602 3880 constituit,
2639 3821 2696 3867 ut
2734 3813 2802 3867 de
2832 3815 3068 3867 Auctore
3099 3820 3287 3866 nostro
3312 3810 3578 3876 vidimus;
3628 3811 3772 3867 nali-

2175 3909 2324 3963 vilati
2360 3908 2407 3963 id
2440 3908 2678 3979 generis,
2715 3922 2812 3962 seu
2861 3907 3046 3961 verius
3073 3906 3334 3961 creationi
3364 3905 3516 3961 locus
3545 3905 3779 3975 amplius

2179 4018 2283 4055 non
2317 4012 2399 4056 est
2427 4019 2439 4056 :
2474 4016 2648 4071 neque
2673 4000 2816 4056 enim
2849 4000 2987 4055 idem
3016 3998 3256 4055 Verbum
3280 4009 3542 4053 aeternum
3572 4005 3627 4053 et
3648 4012 3780 4053 cou-

2177 4094 2528 4150 Substantiale
2550 4095 2691 4149 Patri
2722 4092 2866 4148 nulla
2896 4102 3175 4164 assumpta
3198 4107 3387 4148 natura
3417 4092 3591 4149 creari
3615 4092 3774 4147 initia

2180 4186 2436 4256 temporis
2482 4186 2640 4241 simul
2695 4186 2909 4257 potuit,
2950 4187 3147 4256 quippe
3188 4183 3264 4241 uti
3313 4184 3457 4240 Deus
3514 4199 3672 4239 verus
3723 4194 3782 4240 et

2179 4289 2433 4342 teternus,
2462 4277 2617 4333 sicuti
2649 4277 2904 4333 desinere
2932 4275 3119 4348 nequit
3143 4290 3263 4332 esse
3286 4276 3428 4347 quod
3457 4283 3562 4341 est,
3585 4274 3657 4329 ita
3677 4290 3781 4332 nec

2179 4372 2390 4427 initium
2443 4372 2643 4428 habere
2683 4374 2735 4427 in
2783 4377 3050 4441 tempore,
3081 4384 3257 4440 neque
3292 4370 3346 4424 in
3372 4378 3671 4425 creaturam
3698 4369 3781 4422 in-

2181 4469 2414 4524 trinsece
2435 4469 2629 4524 mutari
2658 4481 2818 4538 atque
2846 4466 3109 4539 progigni.
3140 4466 3325 4537 Itaque
3377 4480 3471 4536 per
3520 4465 3656 4520 hanc
3683 4480 3781 4519 na-

474 4558 767 4616 creandum
802 4559 1072 4624 universa,
1103 4574 1209 4615 non
1244 4568 1422 4614 tamen
1450 4558 1709 4612 allirmari
1735 4557 1959 4627 perinde
1982 4570 2077 4625 po-
2104 4542 2157 4602 D
2183 4560 2442 4615 tivitatem
2472 4560 2615 4615 aliud
2648 4560 2889 4630 proiecto
2917 4562 2985 4616 ab
3006 4559 3329 4615 Arianorum
3358 4571 3518 4613 sensu
3540 4557 3778 4612 alienum

478 4651 573 4707 tuit
605 4650 747 4707 Deus
777 4661 928 4707 natus
967 4652 1032 4707 de
1081 4651 1211 4718 Deo,
1255 4660 1389 4706 totus
1416 4653 1480 4706 de
1508 4660 1615 4705 toto
1639 4688 1653 4715 ,
1694 4659 1857 4705 totum
1898 4649 2076 4705 Patris

477 4743 691 4812 trabeas,
707 4754 972 4816 etc.,qna:
1004 4745 1306 4801 locutiones
1336 4744 1633 4815 iisdemque
1656 4743 1913 4814 subjecta:
1946 4757 2074 4798 sen-

477 4838 667 4892 tentiae
689 4836 756 4892 ad
783 4836 1027 4892 intimam
1056 4837 1688 4906 consubstantialemque
1715 4836 1833 4892 Filii
1855 4836 2075 4907 aequali-

414 4938 425 4943 ‘
481 4937 645 4984 latent
674 4942 797 4985 cum
826 4928 988 4984 Patre
1012 4928 1395 4985 adstruendam
1425 4929 1757 4986 acatholicis
1780 4943 2071 5001 usurpatae,

481 5022 559 5076 nti
604 5020 941 5079 ostendimus
970 5023 1157 5078 adnot.
1196 5023 1230 5079 6
1273 5023 1326 5078 in
1358 5022 1607 5079 eumdem
1639 5033 1801 5079 tract.
1832 5025 1866 5078 5
1888 5024 2075 5094 procul

481 5113 647 5170 dubio
685 5113 752 5170 ad
784 5114 1050 5170 internum
1088 5128 1455 5185 a-ternamque
1505 5131 1569 5171 ac
1614 5117 1831 5187 proprie
1873 5117 2074 5172 dictam

481 5206 649 5262 divini
686 5207 847 5264 Verbi
874 5209 1280 5280 generationem
1317 5211 1608 5281 pertinent.
1638 5209 1776 5266 Vide
1803 5209 1904 5265 hac
1923 5208 1991 5265 de
2016 5225 2079 5266 re

481 5300 623 5372 apud
654 5301 931 5358 Patavium
964 5302 1221 5373 pluralib.
1244 5319 1298 5359 γι
1321 5304 1388 5360 de
1404 5304 1727 5375 'l‘rin.._cap.
1756 5303 1844 5359 lt).
1871 5304 2076 5359 Deinde

482 5391 758 5449 Zenonem
773 5394 920 5465 loqui
941 5395 1009 5451 de
1038 5396 1126 5451 illa
1149 5398 1525 5468 generatione,
1547 5413 1648 5469 qua
1676 5398 1817 5454 idem
1833 5398 2071 5455 Verbum

482 5486 736 5558 prodivit,
772 5491 1172 5561 excogitatarum
1219 5500 1274 5545 ut
1314 5492 1545 5546 ordinem
1573 5492 1849 5546 instrueret
1879 5507 2073 5555 rerum,

482 5581 658 5650 palam
691 5591 776 5638 est
817 5597 887 5639 ex
917 5592 1144 5639 tractatu
1168 5585 1223 5641 5.
1273 5585 1423 5640 Hanc
1461 5593 1641 5640 autem
1671 5583 2076 5655 generationem

490 5681 660 5737 fuisse
680 5687 959 5742 aeternam,
977 5693 1084 5733 non
1100 5679 1273 5735 solum
1306 5678 1504 5736 indicat
1531 5677 1625 5742 illa
1657 5691 1755 5731 vox
1784 5677 2080 5744 instrueret,

486 5792 593 5851 qua
620 5788 727 5831 non
757 5780 879 5851 ipsa
911 5776 1095 5836 mundi
1119 5777 1347 5850 creatio,
1374 5791 1496 5852 qua:
1519 5774 1574 5833 iu
1604 5781 1843 5844 tempore
1861 5769 2083 5845 accidit,

2184 4659 2387 4710 Auctor
2441 4655 2747 4720 intellexit,
2805 4652 2948 4724 quod
3009 4663 3187 4707 tamen
3228 4666 3353 4707 cum
3403 4650 3661 4706 creationi
3711 4666 3777 4705 ac

2183 4748 2407 4819 proinde
2454 4746 2875 4803 ntatiil'estationi
2906 4757 3147 4801 externa:
3176 4746 3536 4814 praecesserit,
3563 4744 3631 4798 ab
3661 4744 3779 4815 ipsa

2179 4844 2341 4899 etiam
2373 4840 2805 4897 manifestatione
2848 4838 3128 4895 diversum
3170 4851 3292 4892 esse
3331 4850 3555 4893 necesse
3583 4847 3687 4892 est.
3720 4836 3779 4893 Si

2182 4950 2345 5003 porro
2403 4948 2471 4988 ex
2520 4931 2604 4985 his
2654 4945 2760 4985 non
2818 4928 2978 4983 modo
3008 4929 3338 4985 creationem
3392 4926 3777 4997 Verbi,quam

2180 5025 2368 5082 Ariani
2397 5023 2703 5091 ﬁnxerunt,
2736 5022 2829 5078 sed
2859 5030 2913 5077 et
2940 5016 3441 5077 'manil‘eslationem
3473 5028 3776 5086 externam,

2179 5136 2340 5190 quam
2405 5119 2589 5175 Bullus
2651 5117 3061 5183 subintellexit,
3122 5114 3425 5180 excludas,
3478 5112 3803 5183 temporale

2178 5212 2451 5283 quidpiam
2481 5211 2617 5267 nihil
2644 5213 2911 5282 suppetit,
2939 5210 3024 5265 cui
3073 5210 3191 5265 haec
3233 5223 3263 5263 a
3305 5207 3528 5263 Zenone
3565 5215 3774 5262 asserta

2177 5307 2478 5374 generatio,
2509 5318 2683 5374 neque
2721 5301 2993 5374 prolatitio
3013 5302 3196 5367 verbo,
3234 5311 3291 5355 ut
3320 5299 3479 5370 paulo
3508 5297 3633 5355 ante
3661 5314 3781 5353 mo-

2183 5400 2400 5454 nuimus
2431 5439 2444 5465 ,
2498 5412 2799 5470 congruens
2833 5438 2847 5462 ,
2878 5396 3163 5451 tribuatur.
3199 5393 3409 5465 Aliquid
3442 5392 3602 5463 igitur
3622 5400 3780 5447 reter-

2186 5506 2337 5556 num,
2362 5500 2416 5545 et
2455 5506 2484 5545 a
2532 5492 2703 5562 prima
2735 5486 2823 5544 illa
2865 5489 3216 5558 generatione
3266 5485 3445 5541 abdita
3473 5493 3530 5540 et
3573 5484 3783 5538 latente

2187 5585 2526 5656 aliquatenus
2578 5583 2851 5639 diversum
2883 5580 3254 5653 accipiendum
3280 5587 3362 5635 est
3382 5621 3398 5647 ,
3432 5588 3485 5634 et
3534 5578 3639 5632 tale
3661 5577 3784 5647 qni-

2191 5677 2337 5743 dem,
2391 5687 2449 5733 ut
2501 5677 2643 5733 idem
2672 5675 2912 5731 divinum
2946 5673 3204 5739 Verbum,
3237 5673 3337 5729 etsi
3364 5688 3492 5730 vere
3514 5671 3782 5743 genitum,

2194 5781 2252 5831 ut
2286 5773 2458 5835 Filius
2494 5772 2687 5841 Patris,
2744 5771 2798 5830 in
2826 5770 3093 5831 condendi
3124 5778 3304 5829 tamen
3332 5767 3476 5827 orbis
3505 5762 3803 5827 consilium
