4242 6168
362 288 436 342 93
672 288 677 291 ’
1339 273 1787 332 DISSERTATIO
1828 275 1891 344 ll,
1934 274 2011 330 Dl‘

2115 317 2122 330 .
2167 262 2468 334 zenoNts
2510 275 2869 334 IlOC'I'RINA.
3689 256 3775 326 at

361 401 596 478 prodire
652 387 945 467 potuerit,-
999 392 1057 441 nt
1089 387 1290 441 exinde
1319 387 1538 442 visibilis
1569 394 1846 447 necessario
1875 388 2011 463 effice

2147 395 2292 463 quod
2323 402 2515 466 aperte
2539 394 2589 449 in
2617 411 2728 450 rem
2762 402 2914 449 snatn
2945 386 3097 445 Zeno
3130 394 3270 449 idem
3299 392 3495 463 alit-gat
3523 392 3678 444 tract.
3704 387 3756 478 7,

357 500 507 553 γεωπ-
531 493 587 548 itt
626 496 925 558 tempore,
959 496 1086 536 eum
1120 479 1335 533 scilicet
1379 478 1550 533 orbem
1598 491 1744 537 terra:
1772 495 1882 538 erat
1930 484 2042 553 ipse

364 597 636 666 facturus.
674 582 904 653 Quibus
937 578 985 632 si
1015 573 1195 666 addas
1222 572 1409 666 “quod
1462 573 1559 628 Dei
1600 573 1765 631 Filius
1814 577 2033 643 exinde,

355 664 504 760 quod
536 678 754 753 prodiit
775 689 809 731 e
837 673 1035 732 Patre.
1068 664 1300 722 visibilis
1325 667 1618 721 necessario
1649 667 1876 723 ell'ectus
1905 667 2038 724 dici-

358 791 470 848 tur,
520 792 631 833 non
665 773 860 828 minus
901 764 1034 838 quia
1080 760 1262 816 orbem
1292 765 1448 812 terra:
1485 770 1595 813 erat
1618 761 1730 831 ipse
1774 764 2030 831 facturus,

362 880 524 945 quam
552 869 684 940 quia
716 866 1019 919 [tentorium
1058 853 1375 909 visitaturus
1404 860 1515 904 erat
1544 862 1735 923 genus,
1769 867 1893 910 cum
1922 854 2032 908 sci-

356 944 484 1025 licet
515 966 823 1020 humanam
852 966 1112 1014 naturam
1139 944 1321 1004 induit
1353 962 1367 998 :
1396 945 1656 1015 profecto
1697 948 1749 1001 in
1787 965 1856 1005 eo
1877 992 1891 1013 ,
1937 964 2033 1019 per

353 1054 502 1132 quod
539 1059 636 1113 Dei
671 1056 848 1111 Filius
879 1045 1124 1121 prodivit
1167 1056 1199 1097 c
1236 1039 1415 1105 l‘atre,
1452 1038 1587 1093 nihil
1642 1038 1699 1093 in
1748 1034 2030 1098 creatione

352 1128 510 1209 orbis
534 1150 810 1222 genitum,
844 1143 929 1199 vel
971 1132 1253 1211 prolatum
1277 1172 1290 1197 ,
1325 1137 1415 1184 aut
1447 1128 1896 1196 manifestatum,
1930 1132 2024 1187 sed

353 1253 632 1301 aeternum
693 1236 901 1307 aliquid
925 1225 1330 1290 adstruendum
1355 1230 1700 1292 cognosces,
1736 1222 1883 1279 unde
1914 1238 2020 1279 non

351 1340 543 1393 minus
572 1333 786 1389 creatio
822 1328 1009 1385 mundi
1035 1338 1193 1396 quam
1252 1315 1554 1385 incarnatio
1587 1312 1768 1370 Verbi
1796 1316 2018 1373 deriva-

351 1430 520 1485 rerit.
556 1426 616 1482 Id
650 1434 835 1480 autem
866 1434 1123 1477 :etcrnam
1154 1412 1492 1470 creationem
1518 1411 1846 1481 praesertim
1870 1411 2018 1467 orbis

350 1534 644 1594 spectans,
675 1517 746 1573 de
775 1531 881 1587 qua
916 1524 971 1569 et
1002 1514 1059 1569 S.
1102 1510 1256 1564 Zeno
1301 1504 1632 1573 exprcsSius
1662 1517 1735 1556 ac
1782 1505 2015 1574 repetite

349 1615 621 1687 loquitur,
644 1619 848 1666 etcum
873 1604 1088 1661 Arianis
1112 1600 1383 1671 prteeipua
1400 1595 2008 1664 versabaturquaestio,

349 1722 411 1766 et
458 1724 489 1763 a
524 1704 758 1763 Petavio
788 1710 982 1757 contra
1031 1697 1311 1752 Zenonem
1366 1690 1654 1762 potissima
1717 1687 2010 1745 difﬁcultas

2144 502 2295 540 num.
2332 486 2386 552 l,
2422 489 2683 559 originem
2709 486 2936 549 ducunt,
2973 483 3145 551 prima
3177 502 3244 543 ex
3274 484 3367 543 illo
3392 474 3756 539 Ecclesiasticl

2143 594 2293 644 xxrv,
2340 592 2486 636 vers.
2522 581 2582 637 5:
2619 578 2749 653 lt‘go.
2783 577 2833 632 id
2877 584 2959 630 est
2984 575 3372 648 Sapientia,ea:
3391 584 3479 632 ore
3500 570 3755 628 Altissint‘i

2140 673 2349 742 prodivi
2375 716 2391 741 ,
2425 674 2592 729 altera
2620 688 2686 729 ex
2719 673 2813 728 illo
2847 669 2980 741 psztl.
3012 687 3164 739 XLIV,
3196 689 3342 728 vers.
3378 672 3437 726 l:
3491 665 3756 723 Erttctatit

2138 780 2226 820 cor
2268 782 2448 819 meum
2490 768 2692 821 verbum
2741 764 2951 819 bonum.
3017 762 3192 831 Quem
3231 772 3522 833 utrumque
3577 759 3753 815 locum

2134 856 2255 912 cum
2286 858 2467 913 sancti
2495 859 2683 915 Patres
2713 857 3067 925 interpretari
3103 856 3217 912 fere
3247 856 3429 911 solent
3451 850 3519 907 de
3545 863 3754 907 mterno

2135 952 2227 1008 Dei
2260 946 2430 1017 Filio,
2481 951 2571 1024 qui
2600 948 2777 1007 Patris
2824 949 3086 1020 sapientia
3118 960 3176 1006 et
3203 949 3428 1005 verbum
3474 955 3591 1013 est;
3642 953 3757 1000 tum

2130 1063 2263 1102 vero
2294 1046 2366 1102 ad
2400 1047 2811 1103 condendarum
2861 1061 3039 1100 rerum
3088 1043 3431 1101 creationem
3461 1082 3476 1107 ,
3540 1039 3611 1099 de
3655 1052 3761 1109 qua

2128 1152 2318 1212 aperte
2355 1136 2722 1197 Ecclesiastiei
2755 1137 3055 1211 prmsertim
3089 1148 3175 1193 est
3205 1150 3388 1192 sermo
3415 1176 3429 1201 ,
3473 1145 3772 1206 utrumque

2126 1237 2455 1308 frequenter
2480 1226 2740 1290 referunt.
2777 1232 2847 1290 Et
2873 1249 3003 1289 sane
3029 1248 3163 1286 cum
3200 1246 3295 1299 per
3317 1227 3555 1286 divinum
3594 1224 3784 1291 Patris

2124 1328 2369 1387 Verbum
2405 1330 2590 1384 omnia
2621 1336 2743 1383 sunt
2775 1326 3029 1391 condita,
3064 1333 3126 1379 ut
3165 1339 3335 1379 sacrze
3362 1327 3569 1399 pagina:
3602 1327 3796 1401 pluti-

2125 1424 2229 1477 bus
2260 1424 2312 1477 in
2348 1420 2493 1477 locis
2528 1430 2826 1485 testantur;
2860 1433 2970 1477 tum
3003 1437 3065 1475 ea:
3109 1436 3223 1474 ore
3253 1419 3505 1480 Altissimi
3527 1426 3823 1499 prodiisse

2126 1514 2235 1569 hoc
2260 1513 2511 1571 Verbum
2542 1517 2665 1584 jure
2698 1515 2914 1581 dicitur,
2949 1529 3055 1584 quo
3078 1510 3271 1569 Pater
3299 1531 3392 1588 per
3420 1519 3599 1592 ipsum
3638 1523 3805 1605 dixit,

2124 1617 2177 1661 et
2197 1612 2330 1680 facta
2359 1615 2509 1673 sunt,
2540 1617 2594 1663 et
2620 1607 2724 1665 hoc
2749 1608 2977 1664 verbum
3010 1608 3123 1677 ﬁat.
3185 1613 3337 1682 quod
3366 1633 3427 1673 ex
3450 1624 3605 1677 corde
3646 1634 3797 1683 eritc-

2129 1703 2279 1768 tavit,
2308 1712 2395 1757 est
2434 1699 2568 1754 illud
2602 1700 2652 1755 in
2681 1717 2788 1774 quo
2817 1696 2872 1757 et
2894 1714 3013 1774 per,
3047 1703 3227 1770 quod
3258 1713 3432 1769 omnia
3464 1714 3605 1774 facta
3640 1731 3790 1781 sunt.

349 1805 572 1873 ingesta
611 1806 701 1855 est
724 1812 740 1862 ;
766 1794 845 1862 id,
874 1794 1116 1863 inquam,
1145 1795 1414 1844 :eternum
1442 1782 1774 1877 cuiusmodi
1805 1783 2007 1851 sit,'ln-
2043 1798 2095 1856 B
2127 1790 2307 1849 Porro
2334 1804 2394 1850 ut
2424 1794 2535 1849 hoc
2561 1795 2782 1849 verbum
2825 1796 2893 1851 sit
2938 1797 3052 1866 ipse
3080 1791 3285 1859 Filius
3318 1805 3408 1863 Dei
3439 1852 3453 1877 ,
3507 1828 3612 1867 non
3655 1808 3789 1874 illud

346 1898 579 1969 quirere
608 1902 664 1948 et
699 1888 1037 1946 constituere
1078 1878 1437 1953 sequentibus
1465 1892 1710 1949 paragra
1722 1872 1846 1946 phis
1869 1880 2006 1933 nite-

352 2005 530 2054 mur,
588 1981 1103 2057 interpretationem
1161 1974 1460 2031 alferentes
1511 1986 1579 2027 ex
1631 1969 2006 2041 antiquorum

350 2080 580 2153 quidem
614 2077 841 2133 Patrum
877 2070 1123 2127 doctrina
1156 2068 1407 2139 petitam,
1448 2064 1543 2121 sed
1571 2072 1707 2135 qua:
1745 2080 1857 2119 non
1879 2071 2011 2123 satis

350 2176 632 2249 explicata
663 2172 733 2227 ab
754 2169 901 2236 aliis,
934 2178 1029 2240 per
1052 2181 1150 2222 nos
1174 2166 1335 2222 latius
1360 2162 1642 2235 aliquanto
1668 2156 2013 2232 exponenda

353 2280 465 2329 est.

438 2360 516 2418 De
545 2361 647 2416 hac
680 2366 809 2414 vero
847 2370 916 2412 ne
945 2354 1068 2426 quid
1101 2350 1457 2425 prtulidcnter
1483 2351 1755 2406 dicamus
1785 2390 1799 2415 ,
1846 2350 2017 2405 subti-

360 2462 562 2517 liorem
590 2448 806 2525 quldem
834 2465 951 2508 eam
984 2442 1251 2507 nonnullis
1292 2438 1476 2501 videri
1504 2454 1674 2517 posse
1711 2446 2013 2511 sentinttn,

362 2567 495 2624 qua:
532 2549 587 2604 in
612 2546 848 2602 Zenonis
877 2550 1114 2598 mentem
1144 2539 1282 2596 haud
1308 2526 1581 2593 c'ccidisse
1601 2579 1616 2603 ,
1657 2550 1803 2589 cum
1836 2538 2014 2607 scrip-

367 2646 477 2710 sit,
513 2642 690 2712 primo
718 2644 931 2708 aspectu
962 2631 1234 2690 credatur.
1282 2629 1338 2687 Si
1363 2642 1502 2686 vero
1547 2644 1665 2685 non
1738 2628 2017 2700 theologi-

370 2754 504 2795 cum
539 2733 825 2806 quamdam
856 2728 1291 2801 exquisitamque
1319 2724 1440 2794 eius
1482 2723 1886 2796 ettplicationis
1913 2725 2012 2779 de-

374 2822 662 2887 claranda:
693 2825 961 2880 rationem
992 2865 1007 2890 ,
1060 2832 1182 2891 qua:
1220 2819 1583 2874 recentiorum
1615 2817 2010 2887 theologorum

380 2920 639 2980 formulis
685 2933 749 2974 ac
780 2915 1040 2972 methodo
1085 2912 1261 2983 magis
1302 2926 1462 2981 quam
1498 2920 1759 2971 ,veterum'
1788 2908 2008 2965 Patrum

380 3012 727 3086 simplicitati
756 3007 1011 3080 congruit
1035 3050 1050 3074 ,
1096 3005 1192 3060 sed
1221 3020 1335 3058 rem
1365 3002 1538 3073 ipsam
1564 3042 1580 3069 ,
1629 3018 1752 3073 qum
1782 3004 1883 3059 sub
1911 3000 2012 3059 hac

381 3109 757 3178 explicatione
784 3099 1180 3173 designabitur,
1213 3111 1488 3169 quamque
1519 3112 1677 3151 unam
1706 3110 1735 3149 a
1766 3088 2002 3162 Zenone,

2131 1886 2479 1952 prolatitit'tm
2518 1886 2740 1943 verbum
2764 1890 2879 1960 fiat,
2908 1889 3047 1961 quod
3077 1891 3319 1957 quidem
3342 1918 3370 1955 ει
3396 1902 3576 1959 Πυθίη
3597 1908 3786 1965 mum“-

2120 1981 2412 2035 creatione
2443 1978 2716 2050 prolatum
2750 1983 2993 2038 nonnulli
3026 1977 3250 2051 opinati
3286 1994 3430 2056 sunt,
3487 2005 3771 2055 externum

2118 2085 2278 2143 sane,
2310 2085 2595 2141 creatum,
2626 2084 2679 2128 et
2713 2086 2957 2148 tempore
2986 2079 3475 2154 circmnscriptum
3508 2092 3765 2160 verbum,

2117 2178 2249 2222 csse
2304 2167 2398 2224 Dei
2451 2165 2650 2221 Filium
2699 2170 2872 2224 sancti
2934 2166 3124 2225 Patres
3170 2177 3453 2243 accepisse
3504 2178 3763 2237 credendi

2118 2266 2292 2325 sunt,
2327 2270 2387 2315 nt
2417 2266 2571 2315 recte
2614 2260 2917 2317 monnitac
2970 2264 3220 2335 probarit
3268 2264 3517 2324 Petavius
3561 2272 3653 2326 lib.
3710 2291 3761 2328 rt

2118 2348 2191 2407 de
2210 2352 2500 2419 Trinitatc,
2527 2350 2648 2424 cap.
2675 2353 2725 2418 l,
2759 2370 2915 2410 num.
2967 2357 3000 2412 7
3028 2352 3204 2429 (Pauli
3243 2361 3387 2414 enim
3415 2359 3757 2419 Satnosateni

2122 2443 2240 2499 haec
2265 2446 2492 2502 hmresis
2512 2440 2632 2513 fuit,
2659 2444 3015 2518 prolatitium,
3035 2467 3134 2505 non
3154 2451 3527 2509 subslmttivttm
3550 2457 3753 2511 verbum

2124 2538 2218 2592 Ι)θὶ
2248 2538 2444 2593 Filium
2478 2539 2669 2595 dicere
2696 2580 2710 2603 ,
2762 2548 2819 2594 tit
2872 2553 3031 2611 patet
3071 2561 3137 2600 ex
3176 2544 3465 2602 Philastrio
3491 2564 3610 2616 cap.
3638 2548 3705 2605 (is
3732 2592 3748 2617 ,

2120 2630 2423 2701 Epiphanio
2455 2635 2654 2688 hmres.
2689 2633 2759 2689 65
2787 2675 2801 2699 ,
2858 2633 3043 2692 Mario
3071 2636 3370 2694 Mercatore
3414 2640 3465 2695 in
3492 2643 3649 2712 epist.
3682 2642 3750 2699 de

2118 2724 2435 2782 discrimine
2464 2727 2616 2782 Pauli
2648 2736 2703 2779 et
2732 2724 3029 2801 Nestorii);
3060 2730 3154 2785 sed
3184 2731 3742 2792 intellexissedicendi

2118 2826 2247 2873 sunt
2271 2818 2415 2874 aliud
2438 2816 2667 2874 verbum
2698 2814 2957 2887 ittlerins,
2978 2830 3034 2877 et
3063 2823 3452 2889 substantivum,
3489 2830 3565 2883 uti
3591 2841 3746 2886 vocat

2116 2908 2447 2967 Pltcebadins
2478 2911 2622 2966 libro
2646 2914 2834 2965 contra
2868 2914 3143 2983 Arianos,
3178 2933 3296 2990 pag.
3347 2919 3451 2975 504
3478 2963 3492 2986 .
3522 2933 3653 2979 tom.
3689 2942 3744 2981 iV

2118 3002 2257 3060 Bibl.
2296 3000 2354 3061 P.
2392 3004 2450 3060 P.
2482 3048 2496 3071 ,
2527 3021 2637 3076 quo
2684 3004 2897 3060 scilicet
2932 3000 3097 3064 Pater
3136 3026 3319 3068 set-nm
3361 3014 3477 3085 ipse
3525 3017 3575 3072 in
3604 3018 3743 3074 Filio

2117 3096 2342 3169 loquens
2366 3141 2381 3166 ,
2432 3101 2501 3155 de
2528 3099 2768 3154 creando
2800 3103 3017 3156 mundo
3041 3107 3108 3157 ab
3139 3117 3347 3163 aeterno
3376 3108 3694 3170 deliberavit
3720 3134 3732 3170 :

384 3203 515 3258 aliis
546 3201 678 3255 licet
712 3196 894 3252 verbis
918 3237 933 3263 ,
976 3196 1417 3266 prmconceptant
1454 3190 1692 3260 satisque
1720 3191 2006 3248 indicatam
2038 3182 2081 3246 C
2116 3193 2180 3244 e'x
2209 3189 2370 3259 hujus
2400 3191 2544 3246 enim
2576 3189 2815 3244 mandati
2840 3194 3040 3249 iDlL‘l‘lll
3080 3196 3350 3256 locutione
3368 3199 3573 3280 [factum
3610 3213 3694 3261 est
3719 3249 3733 3273 ,

385 3292 771 3357 ostendemus,
806 3282 1121 3360 diligentius
1150 3282 1495 3349 consideres,
1530 3283 1738 3348 lector;
1778 3282 1916 3339 idem
1958 3294 2011 3340 et

385 3387 524 3442 illud
576 3395 841 3439 aeternum
893 3378 1174 3435 creatione
1222 3362 1415 3432 mundi
1461 3375 1833 3445 prospiciens,
1864 3376 2007 3448 quod

388 3474 825 3535 ntatiifestationi
865 3471 1083 3544 quidem
1113 3477 1367 3526 externa:
1394 3469 1607 3521 causam
1641 3462 1785 3521 dedit
1812 3510 1824 3531 ,
1859 3478 1913 3522 at
1942 3468 2009 3523 ab

392 3576 516 3644 ipsa
544 3579 769 3625 externa
803 3564 1241 3621 manifeStatione
1270 3559 1590 3617 distinctum
1624 3554 1703 3613 est
1727 3600 1743 3626 ,
1774 3559 2009 3629 antiquis

387 3663 654 3722 Patribns
684 3661 982 3730 cognitum,
1010 3658 1066 3713 et
1096 3662 1195 3728 pro
1225 3655 1349 3726 ipso
1377 3652 1560 3708 divino
1579 3650 1756 3706 Verbo
1782 3694 1796 3720 ,
1825 3667 1887 3706 ac
1912 3667 2007 3721 pro

385 3756 579 3812 divina
606 3756 833 3825 quadam
857 3752 1015 3809 Verbi
1045 3746 1405 3822 generatione
1433 3745 1670 3798 habitum
1692 3744 2004 3815 perspicies,

385 3848 542 3922 quod
575 3851 763 3919 partim
792 3846 839 3920 §.
870 3844 1215 3916 4,sequenti,
1251 3836 1559 3911 praesertim
1590 3853 1653 3893 ex
1681 3836 2002 3910 Augustino,

389 3944 591 4014 partim
627 3939 654 4012 δ
681 3942 713 3995 7
765 3951 820 3996 et
848 3939 903 4006 8,
937 3954 1003 3993 ex
1034 3936 1156 3991 aliis
1188 3929 1450 3989 Patribus
1506 3932 1678 4000 palam
1710 3931 1827 3987 ﬁet:
1872 3931 2005 3988 nihil

386 4032 731 4090 difﬁcultatis
755 4045 876 4087 esse
908 4030 1133 4102 poterit,
1177 4042 1288 4099 quo
1322 4024 1503 4080 minus
1533 4023 1590 4080 S.
1622 4023 1894 4081 Zenonem
1928 4024 2002 4080 si-

390 4130 541 4185 milia
573 4127 810 4183 sensisse
838 4141 902 4181 ac
931 4121 1221 4179 tradidisse
1253 4118 1352 4176 tibi
1386 4117 1728 4189 persuadeas,
1756 4137 1875 4176 cum
1907 4135 2004 4192 po-

389 4223 660 4278 tissimum
690 4222 807 4289 ejus
827 4217 989 4275 verba
1019 4204 1128 4273 alia
1172 4215 1258 4288 (ut
1282 4224 1413 4269 mox
1439 4210 1669 4269 diximus
1692 4256 1706 4281 ,
1761 4220 1817 4269 et
1844 4204 2003 4285 paulo

391 4326 518 4389 p09!
547 4315 750 4387 patebit
780 4314 943 4370 etiam
975 4308 1335 4377 liit-ulcntitts)
1367 4302 1622 4376 explicari
1652 4302 1861 4363 ratione
1893 4324 1998 4363 non

394 4411 629 4481 possint.
677 4407 944 4464 Cietcruin
986 4406 1031 4461 si
1077 4404 1201 4476 quis
1224 4398 1408 4457 adhuc
1447 4392 1580 4453 Bulli
1610 4399 2004 4472 interpretatio-

393 4519 518 4560 nem
543 4502 801 4574 pra-ferre
828 4501 997 4569 malit,
1034 4515 1156 4555 cum
1186 4497 1303 4551 hcce
1326 4493 1465 4549 satis
1496 4494 1547 4549 in
1582 4502 1692 4551 tuto
1727 4507 1887 4566 ponat
1913 4512 2002 4552 ca-

2114 3293 2172 3334 ut
2202 3290 2343 3336 stato
2370 3280 2603 3337 subinde
2634 3292 2878 3350 tempore
2906 3287 3141 3342 tnundns
3170 3302 3467 3362 crearetur,
3501 3311 3563 3350 ac
3595 3296 3734 3352 Dens

2113 3374 2230 3444 ipse
2274 3390 2338 3431 ac
2387 3372 2477 3430 Dei
2529 3374 2766 3432 Verbum
2797 3376 2979 3433 cidem
3026 3383 3229 3439 mundo
3271 3386 3726 3447 manifestarettn'.

2111 3466 2226 3522 Hoc
2255 3480 2383 3522 vero
2414 3467 2617 3524 decreti
2646 3464 3105 3529 interni‘Verlnnn
3133 3492 3197 3531 ea:
3223 3466 3312 3533 ore
3334 3476 3586 3536 Altissimi
3608 3504 3727 3555 pro-

2110 3559 2267 3613 diisse
2300 3576 2395 3630 per
2433 3561 2736 3632 analogiam
2770 3564 3095 3621 caetero'rnm
3155 3574 3444 3631 verborum
3492 3578 3721 3646 dicitur;

2107 3653 2205 3707 sed
2237 3670 2300 3709 ex
2336 3654 2548 3743 interno
2577 3655 2780 3743 mentis
2803 3696 2819 3722 ,
2855 3652 2910 3711 ill
2943 3659 3014 3714 ita
3046 3654 3331 3734 loquantur
3355 3711 3370 3734 ,
3415 3687 3511 3726 ore
3544 3674 3723 3743 prola-

2111 3753 2246 3811 tum,
2281 3740 2415 3802 nihil
2442 3761 2525 3803 est
2551 3740 2944 3818 dubitandum;
2977 3771 3042 3810 ex
3074 3773 3139 3812 eo
3168 3761 3371 3818 scilicet
3400 3780 3495 3821 ore
3523 3740 3719 3822 divina:

2109 3839 2329 3905 mentis,
2354 3840 2420 3896 ad
2441 3858 2601 3912 quam
2632 3842 2910 3913 Sapientia
2941 3849 3195 3920 pertinet,
3227 3871 3347 3911 cum
3380 3861 3585 3916 scilicet
3616 3858 3716 3917 Pa-

2110 3939 2201 3985 ter
2222 3933 2479 4013 mundum
2513 3935 2833 3992 conditurus
2859 3979 2871 4000 ,
2908 3936 3235 4010 Sapientiam
3284 3948 3427 4004 illam
3458 3993 3471 4017 ,
3500 3968 3618 4022 qua:
3660 3956 3711 4010 in

2107 4025 2293 4080 mundi
2311 4027 2588 4085 creatione
2617 4029 2854 4085 maxime
2888 4034 3084 4102 eluxit,
3118 4042 3352 4111 quodam
3387 4048 3546 4103 modo
3576 4052 3710 4104 etni-

2106 4120 2198 4186 sit,
2226 4117 2507 4178 decretum
2532 4124 2663 4179 illud
2690 4166 2707 4192 ,
2741 4123 2784 4178 si
2815 4124 2887 4181 ita
2921 4127 3063 4198 loqui
3092 4131 3171 4189 fas
3200 4147 3303 4203 est,
3334 4144 3708 4210 pronuntians,

2104 4221 2162 4268 ut
2191 4228 2258 4269 ex
2297 4216 2517 4273 :eternis
2549 4216 2659 4273 illis
2707 4218 3006 4277 rationibus
3054 4233 3108 4278 et
3156 4228 3206 4282 in
3258 4245 3378 4285 eunt
3417 4233 3657 4289 ordinent
3690 4278 3705 4302 ,

2104 4320 2263 4389 quem
2293 4305 2473 4362 divina
2514 4306 2777 4376 ‘sapientia
2809 4309 2990 4369 Verbo
3022 4320 3291 4390 praecipue
3336 4325 3532 4380 tributa
3576 4344 3703 4396 pro-

2108 4395 2225 4489 tulit
2257 4395 2344 4467 (de
2367 4398 2471 4468 qua
2499 4400 2694 4470 relege
2723 4398 3011 4471 Origenem
3045 4416 3175 4462 tom.
3203 4427 3261 4476 n,
3288 4413 3337 4465 in
3368 4412 3548 4481 Joan.,
3579 4395 3703 4489 pag.

2109 4487 2234 4560 165)
2266 4491 2499 4547 tndndus
2529 4492 2829 4547 crearetur.
2863 4495 2975 4553 lloc
3005 4515 3168 4569 porro
3195 4498 3479 4575 Sapientia:
3511 4487 3703 4567 divina:

392 4594 649 4654 tholi‘cam
684 4594 931 4649 Auctoris
959 4592 1316 4655 sententiam,
1351 4585 1493 4642 haud
1528 4588 1791 4645 morosius
1822 4590 2001 4647 rctuc-
2027 4574 2078 4634 D
2104 4580 2381 4637 decretum
2412 4599 2475 4639 ex
2499 4584 2654 4639 corde
2681 4595 2966 4642 erttrtatum
2986 4590 3107 4661 jure
3130 4595 3290 4652 etiam
3317 4598 3514 4656 dicitur
3535 4644 3548 4669 ,
3578 4619 3700 4660 cum

395 4684 652 4744 tahimur.
711 4687 1014 4759 Explicatio
1044 4694 1225 4741 tamen
1258 4686 1447 4737 nostra
1480 4676 1620 4737 haud
1658 4683 1860 4738 inutilis
1904 4699 1999 4753 pro

396 4783 509 4838 illis
539 4782 701 4838 fuerit
729 4824 743 4846 ,
775 4781 864 4851 qui
892 4778 1046 4835 Bullo
1076 4792 1144 4833 ex
1178 4772 1469 4846 propositis
1518 4790 1611 4843 per
1642 4790 1738 4831 nos
1765 4774 1997 4831 difﬁcul-

398 4877 598 4932 tatibus
627 4888 960 4946 nequaquam
984 4864 1439 4942 aequiescendum
1473 4867 1802 4924 existiment.

398 5010 647 5086 [cxxxiv]
662 5010 689 5083 §
706 5010 770 5067 IV
782 5040 868 5065 .—
885 5008 1012 5065 Vera
1029 5005 1346 5063 Zenonianaz
1361 5003 1634 5059 locutionis
1651 5004 2000 5077 interpretatio

1039 5098 1339 5168 exponitur.

480 5242 615 5301 Huic
655 5235 1083 5311 interpretationi
1128 5232 1303 5289 lucem
1354 5231 1642 5310 praeferant
1680 5231 1800 5289 duze
1846 5228 1952 5290 illae
1977 5277 1992 5303 ,

398 5336 605 5410 quibus
626 5333 678 5389 S.
704 5332 849 5388 Zeno
872 5316 1065 5393 utitur,
1096 5325 1368 5391 lbrmulm,
1402 5323 1597 5395 quibus
1627 5320 1762 5380 banc
1794 5336 1991 5382 secun-

400 5430 571 5494 dam,
613 5430 667 5482 ut
698 5427 768 5479 ita
800 5423 1084 5485 dicamus,
1133 5414 1464 5472 nativitatem
1514 5415 1776 5487 explicat:
1823 5417 1991 5474 altera

403 5528 579 5576 tractu
609 5519 645 5573 ι
671 5535 686 5571 :
716 5508 888 5569 Patris
913 5526 977 5569 ex
1004 5525 1094 5566 ore
1114 5506 1338 5579 prodidit
1357 5523 1376 5562 :
1402 5508 1569 5564 altera
1602 5512 1759 5566 tract.
1793 5508 1855 5567 5:
1889 5506 1991 5566 Pa-

401 5622 484 5666 ter
506 5627 537 5665 ε
552 5607 759 5680 regione
780 5605 947 5659 cordis
965 5606 1162 5656 eructat
1190 5598 1428 5653 Verbittit.
1466 5599 1554 5654 Hae
1584 5599 1826 5656 lormulm
1847 5596 1988 5671 aplid

401 5704 543 5758 alios
568 5712 787 5771 quoque
813 5695 999 5751 Patres
1027 5735 1041 5760 ,
1091 5700 1213 5750 eum
1254 5692 1323 5750 de
1347 5692 1526 5751 divino
1560 5692 1732 5753 Verbo
1761 5688 1989 5768 qudun-

404 5808 518 5865 tur,
551 5796 781 5861 limata,
811 5800 879 5849 ex
906 5788 1107 5862 duplici
1136 5794 1302 5846 sacra:
1327 5787 1612 5861 Scriptura:
1646 5790 1988 5863 testimonio,

2104 4680 2456 4747 quaecumque
2477 4677 2657 4732 divina
2689 4672 2906 4735 decreta
2937 4699 3022 4739 res
3038 4689 3409 4761 contingentes
3431 4707 3695 4766 Spectant,

2101 4784 2167 4825 ex
2198 4770 2364 4825 libera
2400 4772 2493 4826 Dei
2522 4771 2797 4828 voluntate
2824 4775 3087 4846 prodeant
3117 4824 3131 4847 ,
3180 4798 3243 4840 ac
3265 4788 3509 4857 .proinde
3548 4793 3695 4849 cordi

2102 4858 2426 4917 tribttantur.

2174 4948 2254 5012 Ne‘
2277 4960 2405 5011 Vero
2434 4957 2775 5014 arbitrarium
2804 4952 2906 5037 hoc
2936 4962 3179 5023 nostrum
3212 4970 3485 5031 inventum
3517 4988 3692 5048 putes,

2104 5049 2276 5104 loetor
2309 5092 2323 5115 ,
2372 5062 2494 5104 cum
2536 5046 2776 5107 divinum
2829 5052 2932 5111 hoc
2978 5059 3287 5118 mandatum
3316 5064 3408 5122 Dei
3440 5046 3633 5128 Filium

2052 5195 2059 5202 ,
2102 5132 2320 5196 Zenone
2346 5140 2583 5196 habitum
2610 5144 2943 5216 interpretati
2968 5166 3182 5221 sumus;
3214 5154 3342 5212 illud
3366 5161 3540 5227 primo
3565 5180 3695 5220 con-

2100 5234 2275 5292 sidera
2298 5250 2404 5290 non
2433 5236 2534 5291 alia
2569 5236 2667 5310 (ut
2710 5236 2861 5295 nobis
2885 5242 3098 5312 quidem
3128 5246 3375 5323 videtur)
3404 5270 3562 5321 quam
3597 5258 3694 5314 hac

2101 5326 2356 5397 explicari
2385 5326 2593 5383 ratione
2623 5328 2814 5395 melius
2866 5347 3058 5403 posse,
3118 5339 3260 5409 quod
3318 5344 3368 5396 in
3401 5343 3694 5416 Scripturis

2098 5419 2297 5491 smpids
2338 5418 2623 5491 ingeritur,
2659 5423 2834 5478 omnia
2881 5424 3016 5482 facta
3040 5427 3204 5487 luisse
3232 5432 3285 5487 in
3312 5434 3492 5492 Verbo
3518 5449 3569 5493 et
3597 5455 3716 5510 per.

2100 5510 2334 5595 Verbum
2364 5557 2378 5578 ,
2414 5512 2556 5583 quod
2585 5522 2640 5569 ct
2677 5531 2743 5570 ex
2774 5531 2867 5572 ore
2897 5518 3154 5578 Altissimi
3187 5520 3448 5594 prodiisse
3472 5570 3487 5595 ,
3533 5540 3587 5586 et
3626 5548 3691 5591 cx

2097 5592 2261 5659 corde
2287 5603 2459 5661 Patris
2489 5616 2785 5663 eructatum
2814 5624 2876 5664 ex
2930 5592 3198 5670 indicatis
3226 5616 3355 5675 item
3402 5592 3691 5691 Scriptura)

2099 5697 2429 5755 testimoniis
2459 5700 2799 5773 quamplttres
2832 5696 3023 5762 Patres
3047 5721 3167 5763 cum
3195 5704 3414 5769 Zenone
3458 5711 3686 5775 aﬂitma-

2099 5797 2243 5851 rt‘tnt.
2282 5786 2485 5855 Deinde
2509 5806 2691 5853 notum
2716 5804 2799 5853 est
2827 5798 3117 5873 theologis,
3134 5816 3239 5859 non
3260 5817 3323 5859 ea
3356 5808 3552 5880 solum,
3575 5827 3697 5885 quae
