4242 6168
453 227 524 285 95
1845 224 2375 280 PROLECOHENA.
3688 228 3756 282 Ni

455 343 738 416 sapientiae
783 353 902 399 sunt
925 386 940 408 .
991 343 1257 414 praecipua
1289 345 1498 398 ratione
1543 342 1702 397 trilmi
1744 342 1926 396 divino
1958 340 2051 394 illo
2081 345 2130 401 Λ
2160 341 2363 413 Deique
2391 343 2661 398 consilium
2687 386 2700 409 ,
2758 345 2949 400 Graece
2977 353 3154 400 autem
3188 346 3372 418 ﬁcum»
3396 389 3410 410 ,
3463 344 3762 415 saepissime

458 433 659 504 Verbo,
682 437 824 508 quod
847 437 1021 492 Patris
1038 436 1308 506 Sapientia
1345 437 1396 491 in
1425 437 1594 492 sacris
1618 436 1832 491 Litteris
1860 435 2058 490 dicitur

458 527 626 601 (unde
649 528 776 583 illttd
809 527 999 599 psalmi
1022 543 1147 582 cm:
1177 527 1362 580 Omnia
1381 529 1432 582 in
1453 527 1723 595 Sapientia
1750 527 1915 598 fecisti
1937 525 2058 595 pln-

460 637 548 678 res
577 623 1000 690 interpretantur
1030 622 1081 673 in
1109 619 1271 685 Filio,
1305 635 1463 690 quem
1492 618 1706 690 quidem
1737 618 2061 689 Sapientiam

459 715 686 768 onmium
712 714 979 783 artiﬁcem,
1009 711 1136 782 Sap.
1154 729 1246 780 vn,
1263 713 1354 780 91,
1370 711 1693 783 appellatum
1710 708 2059 782 intelligunt),

459 807 556 862 sed
586 807 675 861 illa
698 821 933 877 qunque,
961 822 1078 877 qua:
1109 806 1174 860 ad
1207 808 1501 875 potentiam
1545 806 1852 874 pertinent,
1887 803 2063 858 eidem

460 899 642 956 Verbo
674 899 950 964 vindicari,
985 899 1284 968 ntproinde
1311 899 1490 953 omnia
1519 914 1625 953 non
1659 898 1819 953 modo
1850 900 1903 951 in
1929 898 2064 968 ipso,

462 995 544 1049 uti
575 993 845 1064 Sapientia
874 992 970 1048 Dei
996 1003 1099 1057 est,
1144 994 1238 1048 sed
1264 1011 1353 1063 per
1376 995 1543 1066 ipsum
1575 993 1735 1047 etiam
1757 1033 1770 1054 ,
1805 993 1880 1046 uti
1908 993 2068 1046 virtus

463 1096 551 1142 est
583 1087 698 1153 Dei,
729 1088 942 1142 condita
966 1087 1016 1141 in
1043 1087 1337 1156 Scriptnris
1358 1069 1626 1151 dicantur,
1648 1087 1884 1157 illudque
1907 1101 2069 1156 prop-

467 1190 614 1236 terea
630 1179 904 1249 apostolus
933 1179 1126 1234 Paulus
1145 1180 1165 1234 l
1187 1180 1310 1235 Cor.
1327 1197 1364 1240 ι.
1388 1179 1480 1242 24,
1505 1177 1603 1234 Dei
1624 1180 1879 1245 virtutem,
1899 1187 1952 1235 et
1974 1177 2071 1232 Dei

466 1276 772 1348 sapientiam
789 1274 1007 1344 speciali
1030 1274 1262 1344 quodam
1287 1273 1767 1344 nomineappellet.
1794 1273 1951 1326 Plura
1972 1272 2072 1326 Pa-

470 1377 611 1424 trum
634 1368 938 1423 testimonia
956 1369 1005 1422 in
1026 1368 1304 1437 utriusque
1320 1367 1695 1436 appellatiOais
1709 1365 2071 1420 conﬁrmatio-

471 1476 613 1528 nem,
644 1454 863 1532 [um]
897 1460 1018 1514 vide
1039 1461 1176 1530 apud
1209 1460 1482 1514 Pctavium
1516 1460 1608 1514 lib.
1639 1475 1670 1512 v
1699 1459 1766 1514 de
1815 1459 1926 1513 Deo
1951 1473 2068 1528 cap.

471 1555 527 1622 8,
552 1571 701 1610 num.
734 1557 787 1620 3,
816 1555 904 1609 ubi
931 1555 996 1610 de
1023 1556 1258 1625 potentia
1278 1554 1518 1619 disserit,
1549 1563 1600 1609 et
1622 1555 1718 1610 lib.
1748 1569 1826 1620 tv,
1861 1567 1981 1622 cap.
2016 1552 2072 1616 2,

472 1663 682 1706 necnon
713 1649 808 1704 lib.
858 1665 906 1703 v1
965 1649 1031 1704 de
1059 1648 1345 1714 Trinitate,
1374 1663 1492 1718 cap.
1522 1647 1575 1714 9,
1611 1647 1700 1702 tibi
1730 1646 1969 1717 disputat
2005 1646 2074 1700 de

2163 446 2389 489 vocant:
2442 435 2586 505 quod
2618 445 2903 506 utrumque
2929 437 3103 492 innuit
3129 437 3407 492 decretum
3449 437 3579 492 illud
3606 446 3764 508 teter-

2165 543 2291 582 num
2319 569 2332 591 ,
2379 529 2678 583 mandatum
2708 527 2776 582 ab
2807 529 2914 584 illis
2945 539 3192 584 vocatum
3225 571 3239 595 ,
3282 545 3388 599 quo
3417 527 3594 584 omnia
3626 538 3766 583 stato

2168 629 2411 691 tempore
2434 621 2484 674 in
2519 621 2656 674 Filio
2682 631 2736 675 et
2766 636 2861 690 per
2893 621 3088 676 Filium
3117 620 3330 675 eondita
3361 631 3521 675 sunt:
3553 631 3608 675 et
3630 623 3770 675 sicut

2168 710 2271 766 hoc
2315 712 2593 767 decretum
2621 755 2634 778 ,
2688 713 2758 766 ita
2788 720 2844 766 ct
2887 714 3058 782 ipsum
3111 713 3341 767 Verbum
3377 723 3487 767 tum
3519 713 3582 766 de
3617 712 3772 767 corde

2170 814 2454 857 erttctatum
2479 848 2492 872 ,
2531 815 2641 858 tum
2670 821 2735 859 ea:
2760 822 2846 860 ore
2869 805 3119 859 Altissimi
3164 805 3414 876 prodiisse
3439 805 3540 859 dici
3575 807 3767 876 potuit.

2173 895 2437 950 Utralihct
2463 906 2642 951 autem
2668 897 2901 952 formula
2930 899 3097 953 utaris
3118 940 3131 961 ,
3165 899 3437 968 processio
3465 907 3519 954 et
3546 915 3773 969 genera-

2175 989 2248 1041 tio
2272 988 2521 1057 qnirdam
2554 988 2716 1044 Verbi
2751 991 3161 1060 signiﬁcabitur,
3194 1001 3474 1062 propterea
3507 991 3646 1063 quod
3677 1008 3775 1064 per

2177 1078 2279 1134 huc
2305 1081 2580 1136 decretum
2615 1081 2780 1136 Filius
2811 1084 2902 1137 Dei
2948 1085 3261 1138 relationem
3307 1084 3494 1138 habuit
3521 1085 3584 1138 ad
3617 1100 3774 1140 crea.

2180 1183 2326 1229 turas
2352 1217 2367 1242 ,
2419 1192 2578 1244 qttam
2615 1177 2689 1230 ιιιί
2722 1192 2906 1231 merus
2931 1178 3095 1232 Filius
3136 1179 3186 1231 itt
3230 1178 3348 1232 sinu
3384 1178 3561 1232 Patris
3605 1179 3778 1233 latens

2179 1283 2284 1322 non
2316 1269 2522 1334 habuit,
2542 1270 2625 1324 vel
2655 1269 2906 1326 habuisse
2938 1287 3041 1324 non
3066 1272 3387 1341 concipitur,
3410 1272 3479 1327 de
3501 1289 3605 1343 quo
3626 1274 3777 1342 plura

2179 1361 2518 1431 paragrapho
2568 1363 2845 1431 sequenti;
2899 1364 3054 1432 cujus
3105 1366 3290 1419 atterni
3345 1365 3550 1421 decreti
3583 1367 3779 1422 virtute

2179 1467 2299 1507 cum
2350 1454 2593 1508 divinum
2651 1455 2882 1509 Verbum
2937 1456 3094 1511 nobis
3125 1458 3526 1512 manifestatum
3573 1459 3644 1513 sit
3681 1475 3780 1514 suo

2181 1555 2464 1617 tempore,
2514 1548 2653 1603 hanc
2701 1562 2980 1604 externam
3027 1566 3240 1621 quoque
3287 1552 3779 1609 manifestationem

2181 1638 2270 1692 alii
2322 1639 2510 1694 Patres
2560 1643 2964 1711 generationem
3018 1643 3456 1712 nativitatemque
3493 1645 3780 1716 quamdam

474 1740 784 1811 Sapientia;
835 1741 979 1797 unde
1037 1743 1198 1796 etiam
1259 1741 1522 1796 rationem
1553 1740 1774 1811 colliges
1825 1756 1922 1794 cur
1961 1738 2076 1793 ltaac
2108 1737 2155 1795 B
2185 1732 2345 1786 Verbi
2421 1734 2799 1804 appellandam
2869 1735 3095 1798 duxere.
3125 1733 3462 1808 Cltrysologo
3511 1738 3781 1792 scribente

476 1833 583 1889 duo
609 1827 803 1888 divinae
833 1844 1038 1888 naturae
1079 1833 1333 1887 attributa
1371 1833 1542 1888 tribus
1567 1832 1811 1903 persmtis
1834 1845 2077 1886 commu-

478 1925 590 1992 nia,
613 1925 796 1980 divino
821 1924 1002 1982 Verbo
1031 1926 1298 1995 prarcipue
1322 1925 1650 1979 tribuantur.
1675 1923 1843 1979 Porro
1861 1923 1903 1977 si
1929 1937 2076 1977 man-

479 2016 661 2071 datum
687 2016 817 2071 illud
848 2028 1106 2072 teternum
1139 2017 1206 2072 de
1245 2017 1481 2072 creando
1504 2015 1704 2072 mundo
1731 2017 1782 2070 in
1808 2015 2080 2086 Sapientia

481 2109 832 2165 constitutum
866 2111 963 2164 lttit
993 2152 1006 2175 ,
1051 2119 1106 2165 et
1144 2113 1384 2165 virtutem
1413 2111 1600 2165 habuit
1631 2152 1644 2176 ,
1674 2126 1777 2180 qua
1819 2111 1997 2165 omnia
2026 2110 2081 2164 in

485 2211 730 2273 tempore
777 2201 992 2256 condita
1044 2212 1207 2269 sunt;
1256 2202 1411 2258 facile
1444 2202 1688 2273 profecto
1725 2203 2038 2273 intelligitur
2065 2245 2079 2269 ,

483 2293 724 2349 divinum
756 2294 1017 2362 Verbum,
1070 2295 1212 2366 quod
1245 2295 1344 2350 Dei
1384 2297 1542 2349 virtus
1584 2294 1779 2368 Deique
1829 2297 2083 2367 sapientia

483 2388 704 2458 speciali
743 2389 950 2444 ratione
995 2389 1194 2445 dicitur
1224 2432 1238 2454 ,
1280 2391 1556 2461 praecipuo
1607 2391 1809 2461 pariter
1866 2390 2084 2445 nomine

484 2481 780 2534 mandatum
815 2479 944 2534 illud
970 2495 1127 2550 posse
1154 2480 1415 2551 appellari
1443 2523 1457 2547 ,
1490 2482 1634 2552 quod
1677 2497 1797 2537 cum
1833 2482 1991 2537 Pater
2017 2483 2086 2536 ab

486 2582 692 2628 aeterno
719 2572 887 2627 edidit
914 2615 928 2639 ,
972 2573 1212 2628 divinum
1244 2573 1478 2630 Verbum
1509 2574 1741 2645 quodam
1773 2575 1934 2629 modo
1974 2577 2084 2629 edi-

487 2665 631 2720 disse
656 2680 717 2719 ac
744 2668 997 2735 genuisse
1023 2667 1130 2722 dici
1160 2677 1342 2737 queat.
1391 2669 1544 2722 Enim
1587 2683 1716 2723 vero
1756 2670 2088 2740 Augustinus

489 2774 632 2814 serm
654 2799 666 2811 .
703 2759 805 2814 1ἓο
830 2801 844 2823 ,
876 2775 1026 2814 ηιιηι.
1056 2761 1089 2814 6
1115 2803 1130 2827 ,
1162 2761 1350 2831 probat
1391 2763 1483 2816 llt-i
1516 2761 1707 2816 Filium
1753 2778 1873 2817 esse
1913 2764 2086 2832 ipsum

491 2854 666 2909 Patris
695 2853 1026 2916 mandatum,
1059 2871 1162 2908 non
1190 2872 1220 2908 α
1249 2865 1474 2924 tempore
1509 2856 1710 2922 datum,
1751 2857 1840 2911 sed
1866 2859 2084 2911 manda-

491 2957 597 3002 tum
629 2957 828 3001 natum.
871 2946 1138 3014 Quomodo
1177 2949 1438 3003 enimnon
1478 2960 1550 3002 est
1581 2951 1878 3003 mandatum
1920 2950 2091 3004 Patris

494 3041 665 3112 inquit
693 3041 876 3112 ,‘quod
904 3052 975 3095 est
1013 3040 1226 3096 Verbum
1267 3042 1479 3098 Patris?
1527 3045 1594 3097 Et
1633 3051 1858 3099 tractatu
1889 3044 1954 3098 21
1987 3087 2000 3108 ,
2033 3046 2086 3099 in

2180 1838 2349 1878 serm.
2382 1824 2473 1892 62,
2507 1825 2574 1879 de
2609 1824 2868 1898 Symbolo
2896 1845 2907 1880 :
2961 1825 3120 1881 Pater
3149 1825 3345 1881 Filium
3370 1841 3576 1900 generat
3601 1829 3742 1884 nobis
3764 1869 3781 1899 ,

2181 1918 2304 1972 dum
2335 1920 2478 1974 nobis
2505 1921 2711 1976 revelat.

2256 2012 2442 2082 Itaque
2474 2023 2533 2067 ut
2583 2013 2649 2067 ad
2679 2014 2970 2069 Auctorem
3014 2025 3382 2083 revertamur,
3411 2006 3493 2071 'S.
3548 2016 3696 2072 Zeno
3724 2032 3782 2072 ea

2188 2104 2462 2161 locutiOne
2493 2148 2506 2171 ,
2537 2121 2640 2177 qua
2670 2107 2843 2163 Patris
2877 2109 3067 2163 Filium
3100 2110 3336 2179 genitum
3371 2110 3491 2165 licet
3523 2127 3551 2164 a
3588 2111 3744 2167 Patre
3771 2155 3784 2175 ,

2187 2199 2239 2252 in
2269 2199 2536 2255 condendi
2585 2211 2762 2255 tamen
2813 2201 2963 2256 orbis
3007 2203 3294 2257 consilium
3328 2203 3592 2273 prodiisse
3628 2207 3788 2260 tradit

2187 2307 2253 2346 ex
2285 2291 2459 2347 Patris
2487 2308 2585 2347 ore
2617 2302 2669 2348 et
2699 2293 2863 2348 corde
2886 2336 2901 2359 ,
2940 2305 2994 2348 ιιι
3022 2295 3210 2349 exinde
3238 2296 3522 2350 necessario
3551 2297 3789 2351 visibiliis

2187 2386 2402 2455 effectus
2428 2389 2493 2441 sit
2519 2430 2533 2453 ,
2561 2389 2684 2457 quia
2711 2389 2880 2442 orbent
2909 2397 3058 2443 terra:
3093 2399 3202 2444 erat
3231 2390 3342 2460 ipse
3374 2392 3602 2460 facturus
3629 2431 3643 2453 ,
3699 2406 3788 2444 re-

2188 2481 2434 2552 spexisse
2481 2481 2692 2537 videtur
2733 2483 2798 2536 ad
2831 2482 2933 2536 hoc.
2960 2483 3226 2538 condendi
3268 2483 3416 2539 orbis
3463 2485 3778 2549 decretum;

2190 2577 2267 2643 (et
2293 2590 2423 2628 sane
2454 2589 2576 2629 cum
2608 2590 2712 2628 non
2749 2553 3212 2644 prolatitiioverhi.
3255 2576 3396 2648 quod
3426 2577 3479 2632 in
3511 2579 3784 2633 creatione

2191 2667 2377 2721 mundi
2411 2666 2614 2721 editum
2651 2667 2984 2735 probabilius
3017 2668 3220 2722 nullum
3251 2667 3352 2722 fttit
3377 2710 3393 2737 ,
3445 2670 3540 2724 sed
3588 2669 3790 2725 decreti

2192 2760 2386 2814 mtcrni
2420 2759 2617 2814 virtute
2647 2760 2878 2814 mundus
2910 2769 3129 2815 creatus
3161 2759 3363 2828 fuerit,
3397 2769 3457 2815 ut
3487 2761 3642 2831 paulo
3671 2770 3796 2816 ante

2194 2854 2502 2908 monuimus
2528 2896 2542 2920 ,
2571 2855 2630 2909 τὸ
2661 2854 2846 2908 exinde
2878 2870 3042 2908 unum
3078 2855 3180 2910 hoc
3217 2855 3499 2911 decretum
3527 2855 3798 2924 respicere

2197 2955 2372 3016 potest
2398 2946 2416 3016 )
2467 2954 2521 3000 et
2570 2947 2670 3000 hoc
2702 2949 2875 3018 ipsum
2905 2947 3184 3002 decretum
3215 2947 3266 3001 in
3294 2948 3518 3002 Patrum
3565 2957 3798 3002 senten-

2201 3039 2349 3104 tiatn,
2386 3054 2546 3109 quam
2582 3040 2842 3095 hactenus
2872 3040 3280 3109 explicavimus,
3313 3040 3382 3094 ab
3409 3041 3595 3096 eodem
3624 3040 3800 3095 Zeno-

493 3135 782 3199 .Ioannem,
811 3150 958 3188 num.
991 3135 1056 3189 ιε
1083 3133 1316 3190 Dicenda
1341 3137 1478 3190 enim
1500 3139 1549 3190 in
1575 3135 1736 3204 Filio,
1766 3137 1905 3208 quod
1926 3142 2093 3209 factu—
2119 3118 2164 3181 Ο
2198 3146 2266 3186 ne
2295 3132 2532 3186 habitum
2564 3132 2658 3186 Dei
2692 3132 2923 3188 Verbum
2954 3142 3199 3202 apparet.
3252 3133 3416 3204 Igitur
3465 3133 3565 3188 hoc
3610 3133 3802 3188 decre-

493 3246 582 3283 rtts
612 3238 720 3282 erat
747 3245 837 3298 per
865 3227 912 3281 F
913 3229 1058 3282 ilium
1085 3270 1098 3293 ,
1123 3230 1293 3301 ipsum
1327 3228 1523 3283 Filium
1549 3233 1758 3301 genuit,
1812 3248 1901 3301 per
1948 3248 2096 3300 quem

497 3322 686 3392 faceret
741 3320 934 3373 omnia.
985 3319 1218 3374 Rursum
1277 3320 1327 3373 in
1386 3320 1520 3375 libro
1561 3329 1748 3375 contra
1785 3336 2090 3376 sermonem

499 3414 822 3469 Arianorum
850 3427 970 3482 cap.
999 3412 1054 3477 5,
1085 3420 1312 3467 testatur
1333 3414 1623 3485 jassionem
1658 3411 1831 3468 Patris
1853 3455 1868 3478 ,
1919 3423 1972 3467 ut
2000 3414 2094 3483 ﬁe-

500 3515 611 3561 rent
641 3505 833 3570 omnia,
865 3521 966 3558 non
993 3521 1102 3559 esse
1127 3505 1225 3559 nisi
1259 3504 1484 3560 Verbum
1511 3521 1600 3576 per
1639 3506 1777 3576 quod
1803 3509 1942 3576 facta
1981 3517 2101 3561 sunt

507 3599 794 3652 omnia:et
827 3597 919 3651 lib.
948 3613 963 3651 ι
1009 3598 1075 3653 de
1104 3597 1386 3665 Trinitate,
1407 3612 1524 3668 cnp.
1557 3598 1644 3662 12,
1676 3614 1826 3654 num.
1848 3599 1947 3654 ‘26:
1980 3599 2101 3653 Non

507 3693 652 3746 aliud
680 3701 754 3746 est
794 3691 1091 3745 ntandatum
1114 3689 1322 3757 Patris,
1363 3692 1508 3745 aliud
1544 3691 1768 3745 Verbum
1809 3691 2023 3756 Patris;
2053 3702 2105 3747 et

508 3785 601 3840 lib.
638 3800 674 3838 ιι
721 3784 774 3838 in
808 3782 1087 3847 Faustum,
1111 3797 1230 3850 cap.
1263 3784 1326 3837 5:
1370 3781 1603 3838 Christus
1629 3782 1854 3837 Verbum
1880 3783 1974 3838 Dei
1995 3793 2068 3838 est
2090 3827 2105 3848 ,

505 3878 561 3931 in
585 3893 706 3947 quo,
738 3886 1010 3946 antequam
1039 3884 1201 3928 essent
1228 3917 1243 3940 ,
1273 3875 1407 3929 dicta
1435 3884 1554 3929 sunt
1583 3875 1791 3941 omnia;
1822 3885 1877 3930 et
1931 3875 2023 3930 lib.
2072 3891 2106 3929 ll

510 3973 563 4024 in
595 3969 940 4024 Maximinum
967 4011 981 4031 ,
1015 3984 1136 4036 cap.
1165 3967 1268 4021 24:
1317 3968 1440 4037 Ipse
1487 3966 1658 4021 Filius
1702 3978 1776 4022 est
1807 3970 2105 4023 mandatum

511 4061 688 4117 Patris
713 4103 729 4128 ,
780 4063 900 4127 quia
943 4062 1055 4132 ipse
1095 4070 1165 4115 est
1196 4059 1418 4114 Verbum
1446 4060 1645 4114 Putris.
1696 4060 1950 4114 Mittimus
1979 4062 2112 4117 alios

510 4154 752 4224 ejusdem
783 4154 999 4224 generis
1029 4162 1206 4207 textus
1235 4194 1252 4220 ,
1304 4154 1354 4206 itt
1401 4153 1596 4223 quibus
1637 4152 1777 4207 idem
1807 4151 1866 4208 S.
1919 4155 2114 4210 Doctor

511 4246 755 4302 divinum
774 4245 1009 4302 Verbum
1040 4255 1092 4300 et
1117 4244 1427 4301 mandatum
1454 4259 1574 4300 esse
1604 4243 1800 4310 Patris,
1822 4259 1875 4302 et
1906 4262 1932 4300 a
1956 4247 2114 4304 Patre

511 4340 752 4410 genitum
783 4339 1112 4411 pronuntiat.
1168 4338 1285 4393 lluc
1328 4337 1624 4409 respiciens
1658 4338 1993 4396 Antiochena
2023 4357 2106 4412 sy-

516 4436 690 4489 nodus
720 4446 907 4490 contra
937 4435 1160 4489 Paulum
1191 4433 1606 4490 Samosatenum
1655 4435 1710 4491 in
1755 4437 1982 4508 epistola
2024 4455 2112 4509 sy-

2205 3233 2316 3279 tum
2346 3227 2397 3280 in
2430 3224 2607 3280 Verbo
2637 3225 2837 3280 dictum
2867 3241 2894 3278 a
2924 3226 3102 3291 Patre,
3133 3235 3189 3281 et
3220 3242 3313 3296 per
3340 3226 3572 3281 Verbum
3603 3241 3804 3281 execu-

2205 3319 2336 3373 tioni
2364 3318 2674 3374 mandatum
2704 3337 2801 3374 suo
2830 3328 3079 3390 tempore
3105 3363 3120 3388 ,
3151 3336 3214 3375 ex
3245 3336 3352 3390 quo
3382 3321 3522 3375 idem
3547 3320 3716 3376 Filius
3748 3322 3801 3376 in

2205 3410 2490 3467 condendo
2520 3412 2720 3466 mundo
2747 3413 2962 3466 visibilis
2984 3415 3268 3469 necessario
3297 3414 3391 3468 fttit
3419 3457 3434 3480 ,
3469 3415 3803 3469 nativitatem

2206 3503 2495 3573 quamdam
2526 3503 2700 3559 eidem
2733 3504 2908 3559 Verbo
2937 3504 3142 3566 tribuit,
3175 3515 3429 3561 mternam
3455 3515 3632 3560 tamen
3656 3505 3803 3561 illam

2208 3603 2261 3650 et
2293 3597 2533 3649 intimam
2569 3596 2717 3664 Deo,
2761 3601 2830 3652 ob
2861 3612 3020 3667 quam
3063 3598 3203 3652 Deus
3230 3598 3293 3653 de
3331 3597 3442 3653 Deo
3486 3583 3752 3668 prodiisse
3775 3617 3804 3653 a

2211 3689 2431 3744 Zenone
2459 3688 2564 3743 dici
2597 3691 2800 3760 potuit,
2831 3705 2954 3745 cum
2983 3690 3084 3745 hoc
3115 3701 3374 3747 mlernum
3403 3679 3642 3746 divinum
3677 3692 3810 3746 Ver-

2213 3781 2336 3834 bum
2368 3797 2492 3835 verc
2517 3781 2581 3835 sit
2617 3782 2778 3835 Dt'US.
2809 3781 2946 3838 llinc
2975 3797 3138 3852 porro
3164 3784 3802 3853 etiamiutclligerelicct,

2213 3889 2370 3944 quam
2427 3875 2810 3943 percommode
2853 3865 2956 3928 huc
2998 3875 3242 3946 profecto
3284 3877 3580 3946 respicio-ns
3621 3887 3811 3931 auctor

2213 3965 2491 4035 scripserit
2521 3977 2674 4022 tract.
2704 3969 2738 4022 4
2767 4009 2780 4031 ,
2836 3968 3084 4023 eumdem
3117 3969 3211 4023 Dei
3240 3968 3432 4025 Filium
3463 3971 3645 4023 exinde
3668 4010 3682 4035 ,
3713 3984 3809 4024 seu

2217 4073 2282 4112 cx
2313 4073 2377 4112 eo
2405 4060 2544 4128 quod
2573 4075 2603 4114 e
2623 4059 2787 4114 Patre
2812 4060 3056 4130 procliuit,
3080 4062 3322 4115 visibilem
3341 4062 3628 4115 necessario
3651 4061 3815 4115 fuisse

2175 4215 2178 4218 ,
2217 4152 2474 4220 eﬂ‘ectum,
2508 4172 2612 4208 non
2643 4155 2814 4208 solum
2828 4157 2948 4224 quia
2964 4157 3136 4211 orbem
3156 4155 3398 4230 [ωικχνι]
3421 4167 3684 4212 terrteerat
3706 4159 3816 4228 ipse

2219 4251 2469 4319 facturus,
2503 4250 2596 4303 sed
2621 4250 2782 4304 etiam
2806 4249 2946 4320 quod
2963 4249 3243 4304 humanum
3270 4251 3569 4304 visitaturus
3594 4261 3699 4304 erat
3721 4267 3815 4322 ge-

2219 4355 2338 4405 nus,
2361 4354 2480 4393 cum
2498 4340 2700 4395 scilicet
2718 4341 2879 4395 homo
2898 4338 3070 4395 factus
3089 4349 3194 4406 est,
3215 4353 3270 4394 ut
3290 4340 3556 4410 superiori
3575 4355 3820 4411 paragra-

2223 4429 2332 4501 pho
2356 4431 2648 4487 innuimus.
2695 4433 2750 4487 In
2780 4433 2879 4486 alia
2914 4433 3273 4502 explicatione
3320 4441 3481 4504 atque
3523 4434 3815 4500 sententia,

515 4525 702 4581 nodica
734 4526 974 4581 divinum
1020 4527 1255 4584 Verbum
1285 4532 1514 4600 genitum
1539 4546 1567 4584 a
1596 4531 1754 4586 Patre
1779 4531 1957 4601 prodit
1983 4540 2104 4586 tan-
2139 4509 2188 4569 Ῑ)
2215 4539 2374 4593 quam
2397 4524 2580 4581 Bulltts
2612 4525 2909 4594 praesertim
2938 4524 3181 4595 ingessit,
3210 4540 3370 4579 nemo
3398 4525 3446 4580 id
3467 4539 3618 4594 aeque
3642 4526 3820 4594 perci-

515 4635 676 4689 qnatn
719 4620 961 4674 viventem
1002 4622 1248 4677 actionem
1282 4634 1329 4677 et
1370 4626 1724 4679 subsistentem
1750 4668 1765 4692 ,
1813 4627 2118 4696 efﬁcientem

517 4714 689 4767 omnia
716 4714 767 4766 itt
802 4714 1074 4770 omnibus:
1104 4716 1249 4786 quod
1279 4732 1408 4770 sane
1437 4717 1504 4770 ad
1535 4717 1846 4772 mandatum
1873 4719 2023 4785 illud,
2053 4719 2121 4774 de

518 4822 627 4873 qtto
656 4805 918 4861 hactenus
959 4806 1224 4873 diximus,
1259 4808 1510 4877 pertinet.
1567 4807 1688 4862 Pari
1714 4809 1926 4863 ratione
1951 4809 2117 4866 $.10.

518 4896 942 4968 Chrysostomns
980 4898 1170 4953 homil.
1221 4899 1256 4953 2
1314 4901 1367 4954 in
1415 4900 1698 4969 epistolam
1747 4901 1812 4956 ad
1865 4904 2123 4960 llebrtcos

519 4987 735 5043 Patrem
768 4993 1001 5059 genuisse
1036 5003 1316 5046 creatorem
1360 4993 1534 5062 ipsam
1562 4993 1798 5050 Verbum
1849 4995 2118 5063 affirmat;

521 5089 577 5135 et
604 5078 662 5136 S.
696 5081 992 5152 Gregorius
1018 5077 1376 5153 Magnus,'lib.
1399 5100 1532 5139 xxm
1551 5085 1854 5152 Moralium,
1873 5102 1994 5157 cap.
2020 5090 2085 5143 19
2107 5107 2120 5143 :

520 5171 686 5244 Loqui
716 5172 833 5240 Dei,
869 5175 1136 5245 inquiens,
1168 5187 1239 5229 est
1279 5175 1495 5230 Verbum
1523 5180 1779 5248 genuisse,
1813 5181 1998 5247 procul
2025 5179 2124 5235 du-

519 5265 610 5322 bio
657 5257 981 5323 locutionem
1026 5269 1173 5323 illam
1218 5271 1638 5340 complectitur,
1689 5287 1792 5342 qua
1844 5272 2001 5328 Pater
2053 5275 2122 5329 de

518 5359 797 5413 creatione
835 5359 1016 5414 mundi
1046 5359 1316 5414 mandavit
1340 5403 1352 5423 .
1400 5361 1773 5432 Verbumque,
1804 5377 1926 5418 cum
1957 5364 2026 5420 de
2058 5381 2121 5420 ea

519 5451 818 5520 mandavit,
848 5439 1054 5523 getiuit.
1087 5453 1290 5510 Eodem
1321 5455 1590 5523 pertinent
1618 5455 1725 5509 illm
1756 5455 1982 5511 aliorttm
2015 5457 2118 5511 Pa-

521 5556 663 5602 trnm
696 5547 981 5601 sententiae
1008 5547 1255 5602 collectae
1285 5547 1573 5617 diligenter
1609 5561 1638 5600 a
1670 5547 1922 5608 Petavio.
1963 5547 2054 5603 lib.
2088 5566 2117 5603 ν

522 5641 592 5697 de
621 5640 731 5694 Deo
751 5681 766 5705 ,
799 5655 919 5708 cap.
953 5640 986 5693 8
1011 5680 1026 5703 ,
1057 5657 1088 5694 a
1117 5657 1172 5694 n.
1198 5639 1232 5695 5
1259 5679 1273 5700 ,
1320 5640 1513 5708 quibus
1542 5639 1642 5709 ipsi
1672 5640 1853 5694 mundi
1887 5641 2116 5696 creatio-

520 5753 642 5792 nem
688 5747 1033 5805 spectantes,
1095 5736 1185 5792 Dei
1222 5734 1417 5804 Filium
1469 5737 1640 5806 ipsam
1691 5735 1785 5790 Dei
1827 5736 2116 5792 volitionem

2223 4615 2352 4685 piet;
2379 4617 2430 4669 in
2448 4627 2630 4672 nostra
2656 4617 2910 4671 facillime
2930 4618 3245 4686 etproprie:
3273 4634 3395 4672 nam
3420 4619 3471 4672 in
3491 4618 3708 4673 decreto
3729 4617 3823 4672 illo

2223 4721 2451 4774 aeterno,
2483 4726 2590 4779 quo
2621 4709 2882 4779 prodiisse
2934 4711 3128 4766 Filium
3157 4711 3393 4767 diximus
3419 4754 3434 4780 ,
3479 4729 3598 4767 cum
3640 4713 3823 4768 omnia

2226 4803 2399 4856 futura
2425 4802 2563 4856 dicta
2596 4803 2827 4868 luerunt,
2859 4817 2964 4858 non
3015 4805 3189 4858 minus
3217 4805 3424 4859 creatio
3446 4805 3626 4859 mundi
3661 4819 3822 4874 quam

2228 4900 2343 4970 ipsa
2374 4899 2537 4955 Verbi
2563 4900 2861 4954 incarnatio
2891 4901 3031 4956 dicta
3063 4901 3198 4968 fuit;
3227 4915 3294 4956 ac
3321 4901 3522 4957 idcirco
3551 4901 3665 4955 lucc
3693 4917 3827 4966 una,

2229 5007 2347 5063 qum
2376 5006 2472 5060 per
2499 4992 2774 5048 decretum
2806 4993 3110 5063 explicetur
3134 5035 3147 5058 ,
3196 4993 3437 5062 ejusdem
3473 4993 3633 5048 Verbi
3664 5003 3827 5049 acter-

2231 5100 2296 5139 na
2334 5084 2723 5156 processioilla
2748 5100 2871 5141 csse
2897 5087 3278 5156 c0gnoscitur,
3332 5101 3396 5139 ex
3445 5101 3548 5155 qua
3601 5095 3831 5154 utraque.

2230 5193 2354 5245 res,
2384 5179 2458 5233 uti
2490 5194 2519 5234 a
2553 5179 2775 5234 Zenone
2807 5178 3058 5243 traditur,
3090 5178 3440 5234 derivaveril.
3490 5178 3666 5234 Unum
3700 5179 3830 5232 illtnl

2232 5272 2358 5327 huic
2409 5272 2837 5343 interpretationi
2889 5287 2954 5325 ex
2984 5271 3199 5326 Zenone
3239 5274 3356 5338 ipso
3399 5270 3560 5339 objici
3611 5280 3831 5342 petest,

2231 5367 2374 5434 quod
2407 5368 2609 5422 Petavii
2655 5365 3180 5420 animadversionem
3228 5364 3506 5442 vindicare
3551 5375 3605 5419 et
3634 5364 3834 5419 conﬁr-

2234 5475 2384 5515 mare
2411 5459 2644 5523 vidctur,
2664 5459 2916 5514 nimirum
2944 5460 3083 5528 quod
3115 5458 3161 5512 si
3189 5456 3485 5512 secundum
3512 5457 3650 5513 hanc
3675 5467 3836 5512 teter-

2235 5567 2358 5607 nam
2388 5551 2552 5606 divini
2590 5550 2746 5605 Verbi
2802 5551 3206 5620 generationem
3246 5563 3308 5604 ea
3341 5548 3611 5603 locutione
3674 5564 3835 5617 quam

2243 5642 2736 5707 consideravimns,
2774 5640 3078 5710 significare
3129 5649 3318 5696 auctor
3362 5641 3658 5706 voluisset,
3729 5652 3838 5692 n0n

2227 5749 2388 5790 uuam
2423 5743 2626 5788 tantum
2656 5731 2775 5787 Filii
2826 5732 3156 5788 nativitatem
3203 5740 3464 5787 attentam
3497 5730 3674 5799 primo
3705 5729 3828 5782 loco
