4242 6168
384 231 461 288 97

1258 221 1712 282 DISSERTATIO
1759 224 1822 295 II,
1874 224 1963 281 DE
1992 225 2051 283 S.
2093 220 2385 281 ZENONIS
2433 219 2810 279 DOCTlilNA.

3660 231 3733 290 98

386 344 762 401 recensuisset
792 350 1029 398 tractatu
1058 342 1283 414 septimo
1311 350 1364 397 et
1389 349 1584 397 octavo
1608 384 1624 410 ,
1673 341 1767 398 sed
1814 340 1946 398 duas
1975 384 1991 411 ,
2023 343 2078 404 Α
2103 348 2439 411 representat
2461 354 2525 394 ac
2554 338 2845 408 exprimit,
2877 313 2965 393 est
2997 336 3195 410 Imago
3221 342 3393 410 genita
3415 339 3596 398 Filius
3628 385 3642 408 ,
3674 354 3737 400 ut

383 440 615 493 alterunt
644 450 750 507 qua
778 436 832 490 in
867 435 1048 491 Patris
1077 432 1397 490 conscientia
1428 433 1641 489 velatus
1668 433 1989 502 latuit,alte-

380 511 635 600 ramijua
669 526 874 598 prodiit
904 527 960 582 in
990 527 1204 583 creandi
1234 526 1378 582 orbis
1407 527 1695 582 consilium
1715 569 1731 594 ,
1782 527 1848 583 de
1888 544 1991 597 qua

384 640 495 680 una
541 622 799 679 Petavius
847 606 1224 679 difficultatem
1272 621 1496 693 ingerit,
1550 639 1649 679 nec
1699 624 1991 680 secundam

386 719 679 787 utrobique
728 716 1014 787 posuisset
1044 717 1206 784 illam,
1236 732 1335 788 qua
1368 716 1421 770 in
1452 724 1701 788 tempore
1726 717 1794 773 de
1820 726 1995 774 matre

384 810 604 882 genitus
648 806 769 863 fuit.
817 808 956 864 Cum
1009 809 1182 880 itaque
1232 818 1456 878 utroque
1484 808 1540 863 in
1574 819 1801 865 tractatu
1832 826 1993 867 unam

387 909 596 958 tantum
621 899 743 955 Filii
776 900 1120 956 nativitatem
1150 916 1214 957 ex
1242 900 1398 956 Patre
1423 942 1439 969 ,
1468 901 1697 958 alteram
1726 920 1789 959 ex
1822 914 1996 960 matre

384 1004 704 1052 constanter
733 992 1065 1059 recenseat;
1110 994 1243 1050 duas
1287 993 1527 1064 ejusdem
1571 1012 1639 1051 ex
1664 996 1826 1054 Patre
1859 999 1999 1055 nuti-

384 1089 586 1143 vitates
636 1087 905 1142 hactenus
948 1086 1246 1157 descriptas
1297 1102 1402 1141 nou
1451 1090 1639 1155 novit,
1697 1084 1790 1146 sed
1850 1092 1997 1149 illam

384 1164 554 1233 unam
579 1186 790 1233 tantum
809 1179 1033 1249 primam
1059 1180 1128 1233 ab
1145 1194 1209 1233 eo
1233 1179 1556 1250 appellatam
1586 1182 1799 1238 videtur
1823 1199 1991 1254 agno-

384 1271 566 1336 visse,
599 1285 704 1340 qua
739 1271 792 1323 in
823 1269 1097 1326 condendi
1118 1271 1258 1326 orbis
1309 1271 1753 1331 deliberationem
1800 1291 1864 1332 ex
1903 1292 2000 1335 ore

384 1361 568 1417 Patris
600 1361 879 1431 prodiisse
913 1403 928 1423 ,
981 1371 1037 1417 et
1060 1377 1092 1418 θ
1118 1362 1331 1433 regione
1359 1365 1538 1420 cordis
1581 1377 1854 1424 eructatus
1886 1378 1998 1424 tra.

385 1456 558 1511 ditur.
592 1455 723 1510 IIaac
739 1455 849 1510 etsi
878 1467 1069 1511 contra
1100 1455 1365 1513 Zenonem
1409 1459 1679 1516 modicum
1709 1463 1790 1518 vel
1824 1464 2002 1534 potius

386 1548 625 1603 nihilum
648 1547 891 1612 valeant,
923 1548 1122 1619 quippe
1148 1565 1266 1621 qua:
1280 1566 1345 1606 ex
1368 1551 1488 1607 aliis
1508 1552 1751 1622 ejusdem
1775 1567 1965 1612 senten
1981 1589 1999 1602 -

390 1641 483 1695 tiis
535 1640 882 1696 nativitatem
929 1640 1131 1696 Christi
1179 1652 1429 1700 aeternam
1482 1660 1545 1701 ac
1592 1646 1646 1701 in
1677 1648 1798 1702 sinu
1826 1647 2004 1706 Patris

2097 432 2157 489 S.
2174 431 2401 487 Basilius
2418 430 2655 501 loquitur
2670 430 2813 485 libro
2826 445 2865 483 tt
2882 438 3082 485 contra
3106 428 3369 506 [Lxxxvn]
3388 435 3731 505 Ennomium,

2096 540 2189 580 seu
2215 522 2397 596 Imago
2415 534 2556 588 nata,
2579 530 2637 576 ut
2653 523 2734 576 ait
2749 521 3099 592 Augustinus
3127 523 3220 580 lib.
3239 539 3317 580 vit
3352 526 3422 581 de
3442 525 3729 595 Trinitatc,

2096 631 2216 687 cap.
2248 616 2300 669 7.
2330 616 2443 670 lloc
2472 616 2693 670 tandem
2721 613 2997 681 Verbum,
3024 628 3143 685 quo
3174 614 3335 672 Pater
3363 617 3501 674 dixit
3526 620 3730 690 omnia,

2098 711 2280 765 omnia
2308 710 2512 781 pariter
2536 707 2788 781 perfecte
2813 718 3189 777 repraesentat
3218 754 3233 778 ,
3280 725 3343 766 ac
3372 713 3598 782 proinde
3629 714 3732 771 hoc

2099 804 2334 861 Verbum
2394 813 2477 861 est
2524 803 2751 873 Imago,
2806 810 2861 856 et
2907 802 3029 856 haec
3082 802 3268 874 Imago
3312 815 3395 862 est
3450 805 3724 877 Verbum,

2102 907 2387 969 utrumque
2412 906 2592 952 autem
2624 895 2802 951 Filius
2829 909 2860 948 a
2891 892 3062 951 Patre
3087 898 3306 966 genitus
3335 907 3436 955 est.
3692 965 3699 971 ἡ

2172 992 2268 1048 IIis
2302 990 2599 1063 prtemissis
2624 987 2761 1044 illud
2789 986 2893 1041 hac
2915 1002 3094 1058 super
3122 994 3371 1063 requaari
3391 993 3501 1063 jam
3530 1005 3733 1067 potest,

2105 1093 2285 1141 utrum
2312 1084 2399 1139 hic
2428 1083 2596 1138 Filius
2625 1082 2698 1136 sit
2718 1078 2969 1136 Verbum
3004 1079 3191 1137 Patris
3213 1124 3229 1151 ,
3259 1094 3525 1156 quatenus
3554 1086 3735 1143 divina

2102 1179 2282 1234 omnia
2314 1179 2449 1233 ineo
2476 1175 2622 1231 dicta
2645 1182 2801 1238 sunt,
2834 1188 2903 1225 an
2925 1173 3103 1228 etiam
3127 1188 3395 1246 quatenus
3424 1179 3478 1235 iu
3506 1197 3572 1238 eo
3592 1183 3737 1239 dicta

2104 1277 2230 1325 sunt
2267 1283 2387 1339 qua:
2415 1266 2647 1322 creanda
2691 1264 2854 1320 fuere
2908 1260 3090 1335 (quod
3130 1266 3304 1338 ipsum
3337 1270 3402 1325 ad
3431 1269 3626 1328 Filium
3660 1274 3736 1329 uti

2104 1362 2396 1435 Imaginem
2441 1361 2621 1418 divina
2666 1370 2724 1416 et
2764 1356 3006 1413 creanda
3044 1373 3532 1429 reprmsentattlem
3558 1376 3739 1424 trans-

2106 1456 2235 1513 ferri
2262 1456 2462 1529 potest)
2488 1456 2577 1512 ubi
2598 1458 2642 1510 si
2673 1449 3025 1524 possibilium
3048 1456 3387 1515 mentionem
3409 1463 3733 1529 omittimus,

2106 1564 2266 1603 nemo
2289 1556 2642 1613 succenseat;
2673 1560 2804 1601 nam
2830 1550 3208 1615 prwterquam
3237 1550 3379 1619 quod
3407 1550 3475 1608 de
3505 1555 3737 1623 possibi-

2114 1639 2257 1697 libus
2283 1640 2382 1697 SS.
2424 1640 2612 1695 Patres
2654 1639 2924 1694 adversus
2954 1636 3198 1695 Arianos
3240 1640 3579 1713 disputantes
3620 1661 3729 1703 non

389 1734 632 1789 abditam
661 1716 875 1789 diserte
918 1735 1276 1792 statuentibus
1311 1738 1442 1794 satis
1480 1754 1751 1813 snperqtte
1790 1741 2002 1798 diluan-
2033 1754 2080 1814 Β
2114 1736 2185 1789 ita
2216 1734 2419 1789 diserte
2448 1749 2509 1787 ac
2536 1732 2795 1787 distincte
2829 1728 2995 1783 locuti
3034 1729 3411 1805 inveniuntur,
3444 1739 3521 1793 uti
3550 1739 3619 1794 de
3647 1738 3730 1795 di-

391 1836 524 1893 tur;
578 1840 766 1883 tamen
802 1842 873 1883 ue
901 1827 953 1882 in
983 1843 1097 1883 rem
1127 1837 1361 1885 nostram
1392 1830 1684 1902 quidquam
1717 1833 1899 1901 desit,
1932 1835 1999 1891 ad

390 1922 556 1977 aliam
588 1921 709 1993 ejus
734 1922 1032 1978 locutionis
1060 1923 1386 1992 explicanda:
1407 1926 1697 1996 rationem,
1719 1945 1839 2000 qua:
1864 1929 2003 1986 hanc

391 2016 627 2085 primam
658 2030 769 2069 non
802 2013 1052 2070 destruet
1078 2016 1293 2086 quidem
1327 2058 1343 2084 ,
1394 2018 1487 2074 sed
1541 2023 1721 2090 potius
1759 2031 2001 2089 statuet,

393 2105 842 2175 luculentiusque
864 2106 1173 2177 explicabit,
1209 2108 1634 2181 progrediamur,
1665 2111 1808 2168 unde
1830 2113 2008 2169 omnis

392 2197 696 2253 difﬁcultas
730 2198 895 2269 plane
924 2197 1244 2272 disjicietur.

397 2336 446 2409 ᾗ.
469 2335 537 2393 V.
560 2366 634 2377 —
662 2335 872 2391 Eadem
896 2319 1210 2394 Zenouiaua:
1237 2341 1506 2398 locutionis
1526 2344 1881 2414 interprelatio
1906 2348 2013 2402 alia

581 2432 790 2486 ratione
814 2431 1105 2502 explicatur
1125 2435 1370 2504 apertius,
1398 2445 1547 2507 atque
1563 2442 1828 2495 statuitur.

476 2570 625 2626 Iuter
649 2570 838 2641 plures
894 2584 1057 2626 voces
1103 2570 1298 2641 quibus
1328 2574 1557 2629 secunda
1586 2575 1864 2632 Trinitatis
1894 2593 2015 2645 per-

401 2677 542 2719 sona
586 2677 653 2717 ex
704 2677 986 2718 sacrarum
1016 2661 1341 2718 Litterarum
1387 2667 1707 2723 auctoritate
1745 2668 2018 2740 prmcipuo

404 2756 635 2811 nomine
662 2756 976 2827 appellatur
998 2770 1028 2810 a
1058 2754 1308 2811 Patribus
1327 2799 1342 2824 ,
1377 2765 1484 2814 tres
1514 2758 1618 2813 illa:
1644 2768 1852 2813 tantum
1890 2770 2019 2817 sunt

405 2850 657 2920 ejusdem
684 2859 940 2921 personae
966 2848 1037 2903 ita
1059 2848 1289 2919 pl'Opl'IJ:
1318 2857 1373 2904 et
1397 2850 1695 2921 singulares
1723 2893 1738 2917 ,
1771 2860 1830 2905 ut
1865 2852 2018 2908 alteri

407 2959 473 2997 ex
508 2941 709 2998 divinis
738 2942 989 3013 personis
1016 2955 1123 2997 non
1154 2942 1507 3009 conveniant,
1541 2944 1793 3000 nimirum
1822 2944 2019 3011 Filius,

417 3033 673 3100 Verbum,
695 3032 905 3106 Imago,
934 3042 993 3088 ut
1015 3032 1218 3089 diserte
1241 3034 1429 3089 statuit
1454 3037 1785 3106 Augustinus
1839 3038 1931 3093 lib.
1990 3055 2024 3093 γ

2110 1825 2252 1879 vinis
2275 1833 2439 1895 atque
2474 1824 2709 1889 creatis;
2741 1835 2870 1877 eum
2911 1820 3197 1886 possibilia
3228 1831 3443 1898 cognita
3471 1830 3725 1903 dictaque

2111 1919 2419 1976 necessario
2451 1917 2650 1974 fuerint
2677 1933 2746 1974 ex
2773 1913 2913 1987 ipsis
2936 1916 3220 1997 attributis
3245 1921 3481 1990 divinis,
3513 1927 3730 1997 cognita

2110 2019 2167 2066 et
2194 2010 2338 2065 dicta
2378 2010 2432 2063 in
2462 2009 2851 2065 attributorum
2882 1996 3199 2065 divinorum
3235 2014 3501 2070 rationem
3528 1996 3735 2089 aliqua-

2114 2114 2270 2161 tenus
2296 2106 2596 2174 computari
2620 2109 2853 2175 queunt.
2877 2098 2958 2154 De
2982 2097 3128 2157 Filio
3148 2104 3351 2176 itaque,
3380 2108 3465 2164 uti
3493 2109 3733 2167 Verbum

2113 2209 2233 2267 est,
2284 2199 2499 2269 reponit
2545 2199 2886 2271 Augustinus
2929 2192 2983 2247 in
3034 2194 3178 2253 libro
3223 2199 3594 2268 Quaestionum
3638 2203 3731 2272 85,

2118 2303 2313 2364 quaest.
2367 2292 2437 2348 65
2461 2332 2477 2358 ,
2507 2293 2688 2349 omnia
2720 2294 2773 2348 in
2804 2272 3011 2344 :Verbo
3039 2290 3145 2346 diei
3172 2293 3429 2352 debuisse
3455 2312 3485 2352 a
3530 2297 3691 2353 Patre
3713 2337 3730 2364 ,

2117 2402 2223 2442 non
2260 2396 2371 2442 tam
2401 2402 2521 2458 qua:
2560 2387 2736 2442 Patris
2777 2392 2908 2441 sunt
2956 2398 3120 2450 quam
3157 2403 3279 2458 rpite
3302 2390 3369 2444 ad
3397 2405 3485 2446 res
3519 2402 3733 2448 creatas

2120 2480 2423 2550 pertinent;
2449 2487 2504 2535 et
2526 2478 2728 2534 ideirco
2750 2476 2969 2550 quidem
3000 2474 3230 2532 Verbum
3250 2481 3512 2550 appellari
3537 2482 3733 2555 Filium

2122 2572 2217 2627 Dei
2256 2571 2481 2637 melius,
2518 2587 2683 2640 quam
2724 2570 2979 2626 rationem
3011 2577 3275 2637 testatur,
3305 2580 3360 2625 ut
3388 2573 3732 2643 signiﬁcetur,

2120 2664 2332 2735 inquit,
2380 2678 2484 2717 non
2529 2662 2697 2717 solum
2739 2660 2808 2716 ad
2850 2659 3068 2715 Patrem
3110 2671 3391 2731 respectus,
3419 2663 3510 2717 sed
3545 2663 3614 2718 ad
3638 2664 3735 2719 illa

2123 2758 2277 2813 etiam
2306 2771 2421 2826 qua:
2454 2771 2544 2826 per
2581 2755 2804 2810 Verbum
2838 2757 2978 2826 facta
3003 2762 3146 2820 sunt,
3177 2755 3437 2825 operatiua
3464 2757 3689 2826 potentia
3710 2772 3731 2810 :

2123 2852 2257 2906 ratio
2287 2859 2461 2906 autem
2480 2891 2496 2916 ,
2531 2850 2626 2904 etsi
2652 2849 2783 2904 nihil
2826 2864 2916 2921 per
2942 2845 3091 2901 illum
3114 2849 3262 2918 facit,
3293 2857 3430 2903 recte
3449 2848 3584 2903 ratio
3606 2848 3737 2903 dici-

2127 2954 2231 2998 tur.
2260 2942 2401 2997 Nihil
2428 2940 2594 3013 igitur
2623 2951 2709 2998 est
2729 2982 2743 3007 ,
2775 2939 2916 3012 quod
2946 2938 3108 2994 Pater
3131 2940 3184 2993 in
3214 2938 3353 2994 Filio
3380 2956 3486 2995 non
3510 2940 3730 3007 dixerit,

2129 3040 2244 3092 sive
2273 3037 2341 3092 ad
2379 3037 2673 3091 essentiam
2704 3051 2769 3092 ac
2794 3034 3051 3092 attributa
3096 3034 3455 3105 nationesque
3482 3035 3618 3089 alias
3655 3033 3738 3090 di-

409 3130 483 3185 de
513 3128 804 3193 Trinitate,
862 3142 1017 3183 num.
1052 3126 1156 3193 14,
1191 3138 1245 3183 et
1275 3128 1370 3183 lib.
1404 3144 1498 3195 vn,
1530 3145 1680 3184 num.
1717 3132 1743 3184 1
1790 3139 1842 3186 et
1869 3145 2021 3204 seqq.
2055 3148 2101 3212 ρ
2131 3133 2287 3187 vinas
2313 3171 2328 3197 ,
2359 3129 2473 3185 sive
2501 3128 2568 3184 ad
2606 3144 2696 3184 res
2739 3126 3001 3185 creandas
3037 3134 3245 3197 spectet
3292 3142 3304 3178 :
3345 3140 3504 3181 secus
3530 3122 3576 3181 si
3606 3125 3736 3196 quid

416 3225 497 3278 De
525 3221 654 3277 Filii
682 3221 907 3277 nomine
932 3230 1117 3292 aperta
1152 3236 1241 3276 res
1265 3231 1346 3275 est
1373 3264 1387 3287 ,
1418 3221 1618 3293 quippe
1645 3222 1815 3278 Filius
1843 3224 2028 3281 relati-

417 3332 523 3371 vus
547 3323 635 3371 est
674 3315 945 3371 terminus
971 3312 1225 3379 secundae
1253 3328 1501 3384 personae
1532 3315 1602 3368 ita
1635 3314 1881 3385 proprius
1904 3358 1919 3383 ,
1973 3320 2038 3373 ut'

417 3411 654 3465 aliarum
684 3407 889 3464 nemini
914 3414 1199 3478 congruat.
1249 3406 1305 3462 Id
1341 3407 1517 3477 ipsum
1569 3418 1746 3482 autem
1777 3408 1845 3464 de
1877 3409 2032 3465 Verbi

420 3514 477 3561 et
506 3501 763 3575 lmaginis
791 3500 1158 3573 appellatione
1185 3500 1523 3556 sentiendum
1558 3501 1732 3570 palam
1760 3517 1828 3557 ex
1857 3518 1924 3559 eo
1950 3503 2029 3572 lit,

422 3597 573 3667 quod
630 3612 737 3653 n0n
771 3596 950 3652 minus
986 3593 1157 3649 Filius
1179 3596 1439 3651 terminus
1464 3596 1534 3650 sit
1567 3596 1821 3652 relativus
1870 3615 2031 3669 quam

428 3689 650 3762 Imago,
684 3705 844 3761 quam
885 3686 1128 3742 Verbum.
1172 3685 1302 3742 Nam
1346 3685 1563 3742 Verbum
1591 3703 1692 3742 non
1717 3688 1785 3742 ad
1814 3706 1868 3744 se
1908 3691 2036 3745 dici-

431 3795 544 3847 tur,
571 3784 645 3839 ait
671 3783 1004 3854 Augustinus
1034 3780 1129 3835 lib.
1160 3795 1234 3834 vn
1270 3780 1336 3836 de
1358 3779 1645 3847 Triuitate,
1677 3796 1826 3836 num.
1860 3781 1915 3847 5,
1947 3782 2037 3838 sed

431 3886 634 3931 tantum
668 3875 878 3931 relative
908 3872 979 3927 ad
1001 3888 1117 3928 eum
1142 3913 1156 3934 ,
1189 3873 1339 3945 cujus
1374 3871 1598 3926 Verbum
1623 3882 1735 3939 est;
1764 3880 1821 3928 et
1848 3871 2039 3929 simili-

432 3981 520 4028 ter
536 3961 616 4027 'de
644 3969 878 4042 [magiae
910 3968 1143 4039 loquens
1175 3965 1405 4022 Hilarius
1452 3966 1504 4020 in
1554 3965 1648 4021 lib.
1675 3966 1743 4021 de
1781 3966 2037 4038 Synodis,

436 4082 589 4121 nunt.
621 4065 725 4120 I3:
776 4062 961 4135 Neque
987 4061 1125 4118 enim
1163 4061 1271 4132 ipse
1290 4059 1388 4116 sibi
1424 4061 1696 4131 quisquam
1723 4062 1892 4134 imago
1925 4073 1999 4115 est
2025 4103 2038 4127 ,

436 4158 532 4212 sed
552 4173 689 4223 eum,
713 4161 862 4231 cujus
882 4157 1068 4228 imago
1084 4164 1158 4210 est
1178 4194 1193 4219 ,
1239 4170 1440 4210 necesse
1465 4162 1538 4208 est
1562 4161 1616 4207 ut
1637 4154 1807 4225 imago
1834 4154 2044 4209 demon-

439 4259 586 4304 stret.
634 4249 762 4305 Tria
790 4250 905 4305 haec
931 4258 1116 4317 autem
1146 4247 1361 4303 nomina
1385 4290 1401 4316 ,
1431 4245 1627 4318 quibus
1651 4247 1887 4302 secunda
1918 4247 2047 4303 Per-

440 4358 580 4398 sona
604 4342 956 4412 signiﬁcatur,
985 4358 1043 4397 re
1072 4357 1238 4397 unum
1270 4340 1523 4414 idemque
1552 4349 1698 4408 sunt,
1734 4356 1839 4398 non
1869 4342 2043 4398 solum

442 4435 590 4506 quod
618 4452 755 4491 unus
785 4435 1036 4506 idemque
1056 4444 1141 4491 est
1168 4435 1278 4502 ille,
1310 4436 1403 4507 qui
1431 4433 1605 4490 tribus
1634 4433 1781 4491 hisce
1819 4436 2048 4491 nomini-

2133 3241 2240 3281 non
2275 3220 2504 3278 dixisset
2533 3222 2589 3277 in
2617 3221 2756 3278 Filio
2779 3266 2794 3290 ,
2826 3220 2971 3277 aliud
3005 3219 3243 3276 Verbum
3270 3234 3300 3275 a
3340 3218 3480 3275 Filio
3506 3219 3736 3276 distinc-

2132 3326 2243 3373 tum
2277 3316 2556 3388 genuisset
2599 3316 2789 3382 Pater,
2831 3320 2882 3371 iu
2915 3333 3023 3387 quo
3053 3331 3116 3372 ea
3140 3357 3155 3382 ,
3205 3331 3326 3388 qua:
3355 3316 3407 3371 in
3451 3316 3588 3372 Filio
3629 3331 3739 3372 non

2133 3413 2288 3477 dixit,
2316 3414 2664 3481 dicerentur;
2697 3424 2753 3470 et
2782 3416 2853 3469 ita
2880 3414 3041 3469 alium
3077 3412 3270 3467 Filium
3298 3411 3599 3481 habuisset,
3630 3428 3737 3467 non

2135 3508 2350 3563 unicum
2369 3524 2383 3571 ;
2401 3507 2524 3575 quia
2541 3509 2587 3562 si
2604 3510 2765 3564 multa
2784 3507 2955 3571 verba,
2991 3506 3136 3560 multi
3165 3515 3209 3560 el
3239 3503 3389 3568 Filii,
3415 3506 3588 3577 inquit
3608 3506 3740 3560 Am-

2134 3599 2350 3656 brosius
2370 3597 2439 3654 de
2462 3599 2841 3656 Incarnatioue
2866 3600 3096 3663 Domini,
3125 3614 3245 3670 cap.
3278 3597 3334 3653 2.
3361 3598 3533 3654 Porro
3553 3599 3654 3656 etsi
3686 3600 3739 3655 in

2137 3692 2440 3749 mternitate
2472 3693 2605 3749 nihil
2635 3695 2702 3749 sit
2748 3695 2898 3765 prius
2920 3708 2982 3749 ae
3015 3692 3313 3763 posterius,
3348 3707 3512 3763 porro
3540 3701 3741 3749 nostra:

2141 3796 2320 3842 tamen
2371 3787 2573 3841 mentis
2614 3787 2970 3858 intelligentia
3005 3787 3153 3859 prius
3183 3784 3436 3857 quiddam
3469 3797 3524 3843 et
3560 3798 3741 3858 poste-

2141 3882 2253 3938 rius
2309 3882 2727 3953 coucipiendum
2785 3893 2888 3940 est.
2948 3884 3106 3939 Prius
3168 3882 3314 3939 enim
3368 3898 3532 3954 quam
3583 3884 3745 3939 Pater

2141 3976 2405 4033 creandas
2436 3992 2526 4033 res
2569 3979 2622 4034 iu
2655 3977 2794 4033 Filio
2837 3977 3077 4045 diceret,
3108 3992 3226 4047 qna:
3266 3992 3294 4028 ει
3340 3986 3449 4031 tnta
3478 3975 3746 4037 Trittilale

2144 4067 2315 4123 libero
2357 4068 2580 4125 decreto
2614 4071 2923 4125 constitutae
2964 4067 3219 4132 fuerunt,
3249 4067 3638 4136 concipiendus
3663 4074 3749 4122 est

2146 4159 2304 4216 Pater
2328 4160 2583 4231 genuisse
2602 4161 2865 4229 Verbum,
2894 4160 3037 4228 quod
3063 4175 3186 4216 cum
3219 4160 3439 4230 genuit,
3475 4160 3609 4215 dixit
3631 4175 3750 4215 etn-

2148 4253 2238 4307 nia
2263 4251 2449 4308 divina
2471 4297 2486 4321 ,
2532 4269 2598 4311 ac
2633 4254 2814 4309 divina
2849 4254 3028 4309 omnia
3069 4254 3481 4324 repraesentavit
3513 4269 3526 4305 :
3558 4260 3616 4309 et
3645 4251 3749 4307 hoc

2150 4345 2315 4417 priori
2339 4345 2563 4400 rationis
2590 4345 2745 4416 signo
2770 4346 2937 4400 Filius
2957 4388 2970 4412 ,
2996 4345 3197 4413 Imago,
3222 4351 3277 4398 et
3304 4342 3540 4398 Verbum
3572 4342 3748 4398 Patris

2152 4449 2310 4494 natus
2332 4453 2462 4493 vere
2498 4436 2620 4505 fuit,
2651 4446 2705 4493 at
2730 4437 2783 4492 in
2816 4453 2916 4491 una
2946 4436 3119 4493 Patris
3148 4434 3480 4490 conscientia
3508 4435 3738 4501 latebat,

445 4530 551 4585 bus
580 4530 918 4599 appellatur,
969 4528 1064 4585 sed
1110 4529 1271 4584 etiam
1316 4527 1460 4600 quod
1501 4527 1738 4584 secunda
1769 4527 2044 4584 Trinitatis
2070 4535 2126 4596 D
2150 4532 2292 4603 quod
2331 4530 2466 4585 nihil
2493 4529 2628 4586 foris
2654 4529 2950 4587 creandum
2980 4537 3430 4600 repraesentant,
3468 4547 3568 4591 nec
3603 4531 3749 4587 dice-

449 4624 688 4679 Persona
716 4623 912 4681 idcirco
941 4632 1027 4680 est
1055 4622 1233 4678 Patris
1262 4622 1452 4690 Filius,
1482 4622 1606 4694 quia
1639 4622 1818 4694 Imago
1841 4634 1894 4678 et
1912 4623 2048 4679 Ver-

450 4715 583 4769 bum
611 4724 693 4769 est
724 4714 931 4782 Patris;
958 4714 1083 4771 ideo
1109 4714 1309 4787 Imago,
1339 4716 1462 4786 quia
1488 4713 1723 4772 Verbum
1759 4725 1814 4772 et
1841 4714 2048 4782 Filius;

454 4807 583 4864 ideo
630 4807 845 4865 tandem
878 4808 1114 4865 Verbum
1137 4850 1153 4873 ,
1200 4811 1323 4880 quia
1372 4810 1540 4866 Filius
1586 4818 1640 4866 et
1670 4809 1850 4883 Imago
1878 4811 2055 4867 Patris

458 4908 580 4955 est:
613 4914 785 4971 neque
813 4902 957 4957 enim
999 4902 1145 4957 aliud
1173 4902 1333 4958 Pater
1356 4902 1541 4974 genuit
1562 4944 1577 4969 ,
1605 4917 1725 4958 cum
1755 4904 1941 4975 genuit
1967 4903 2054 4958 Fi-

466 4992 624 5056 lium,
656 5009 813 5065 quam
844 4995 946 5051 hoc
974 4994 1236 5062 Verbum,
1264 4995 1404 5051 hanc
1434 4994 1724 5066 Imaginem
1755 4997 1959 5068 genuit,
2003 5006 2060 5051 ut

469 5088 701 5163 proinde
737 5106 844 5145 non
890 5090 1068 5145 minus
1109 5089 1248 5146 Filio
1310 5105 1468 5161 quam
1514 5088 1694 5145 Verbo
1747 5099 1804 5146 et
1841 5091 2062 5161 Imagiui

468 5182 722 5238 nativitas
756 5183 1042 5239 tribuatur.
1103 5183 1270 5238 Porro
1318 5181 1553 5239 Verbum
1605 5181 1803 5237 dicitur
1846 5182 2016 5238 Filius
2042 5225 2056 5250 ,

467 5282 737 5344 quatenus
762 5274 920 5329 Pater
948 5275 999 5328 in
1028 5290 1093 5330 eo
1116 5274 1385 5346 gignendo
1409 5274 1547 5330 dixit
1573 5273 1755 5329 omnia
1789 5291 1804 5328 :
1854 5285 1909 5331 et
1958 5273 2060 5331 hoc

468 5364 733 5431 Verbum,
755 5364 897 5436 quod
926 5361 1081 5431 dixit,
1112 5379 1231 5420 cum
1262 5365 1398 5421 dixit
1416 5365 1617 5428 omnia,
1647 5374 1731 5420 est
1761 5365 1855 5421 ille
1875 5363 2063 5434 Filius,

465 5474 633 5531 quem
678 5460 879 5530 genuit.
922 5458 1104 5531 Imago
1149 5468 1327 5515 autem
1354 5458 1529 5514 Patris
1570 5457 1710 5513 idem
1743 5457 1914 5514 Filius
1940 5466 2022 5513 est
2051 5500 2065 5523 ,

467 5560 739 5625 quatenus
769 5552 1003 5622 perfecta
1032 5568 1154 5608 cum
1183 5550 1553 5618 similitudine,
1582 5566 1702 5621 qua:
1733 5550 1786 5605 in
1811 5564 1897 5606 res
1917 5565 2070 5607 crea-

473 5657 559 5701 tas
592 5662 700 5701 non
730 5639 917 5712 cadit,
948 5647 1129 5703 omnia
1156 5646 1334 5703 Patris
1372 5645 1626 5716 exprimit
1669 5659 1733 5701 ac
1768 5658 2083 5717 reprmsen-‘

474 5748 557 5798 tat
583 5754 596 5794 :
633 5747 691 5795 et
718 5738 834 5795 hare
866 5738 1046 5811 Imago
1070 5782 1083 5808 ,
1116 5754 1236 5811 quae
1261 5738 1397 5796 adeo
1424 5735 1659 5807 perfecte
1687 5736 1867 5793 omnia
1898 5736 2077 5794 Patris

2155 4634 2257 4679 ret.
2291 4623 2482 4678 Postea
2509 4636 2639 4679 vero
2666 4628 2727 4676 ut
2751 4621 2969 4676 creandi
2998 4621 3145 4676 orbis
3177 4620 3456 4678 decretum
3492 4622 3747 4689 ferretur,

2155 4718 2290 4773 dixit
2327 4716 2490 4773 Pater
2514 4731 2634 4787 qua:
2656 4714 2829 4771 creari
2858 4714 3107 4781 volebat,
3141 4723 3194 4769 et
3221 4725 3332 4770 tum
3359 4730 3391 4769 e
3422 4725 3667 4785 paterno,
3700 4716 3753 4771 in

2158 4828 2265 4883 quo
2295 4810 2645 4868 delitescebat
2674 4810 2816 4874 sinu,
2860 4807 3102 4879 prodivit
3133 4806 3365 4863 Verbum
3393 4808 3629 4864 creanda
3674 4808 3758 4864 di-

2161 4919 2292 4961 cens
2318 4914 2480 4974 atque
2510 4902 2839 4973 respiciens,
2875 4901 2928 4956 in
2954 4917 3063 4973 quo
3090 4901 3268 4956 omnia
3294 4902 3526 4958 creanda
3553 4918 3753 4974 reprae-

2168 4996 2537 5052 sentabantur.
2584 4992 2719 5049 Illud
2749 4993 2900 5065 prius
2942 4993 3043 5049 fuit
3081 4992 3315 5050 Verbum
3358 4994 3532 5052 Patris
3575 5007 3755 5055 natum

2130 5122 2139 5127 -
2167 5087 2269 5143 soli
2311 5087 2422 5143 Deo
2446 5127 2462 5153 ,
2496 5085 2638 5141 istud
2689 5085 2958 5156 posterius
2984 5086 3082 5141 fuit
3123 5085 3250 5142 item
3282 5087 3458 5144 Patris
3482 5088 3757 5157 Verbum,

2167 5179 2265 5237 sed
2298 5181 2538 5252 genitum
2557 5220 2571 5241 ,
2596 5178 2829 5250 quodam
2858 5178 3019 5236 modo
3056 5179 3212 5235 nobis
3238 5222 3253 5246 ,
3288 5189 3346 5237 ut
3370 5181 3617 5253 Gregorii
3644 5183 3764 5238 Ba:-

2168 5274 2261 5331 tici
2289 5274 2518 5331 formula
2547 5274 2575 5346 §
2601 5275 2637 5331 5
2665 5273 2886 5330 recitata
2913 5283 3146 5329 utamur.
3174 5275 3304 5330 Cum
3332 5290 3462 5331 vero
3490 5275 3592 5332 hoc
3619 5277 3767 5347 prius

2172 5383 2237 5424 ac
2267 5366 2564 5439 posterius,
2596 5366 2742 5438 quod
2774 5382 2871 5438 pro
2896 5377 3058 5439 captu
3091 5375 3281 5423 nostro
3307 5368 3504 5438 duplex
3536 5368 3769 5426 diximus

2177 5460 2447 5529 Verbum,
2477 5461 2704 5517 alterum
2744 5461 2926 5517 divina
2946 5498 2964 5527 ,
2986 5460 3219 5518 alterum
3256 5473 3438 5518 creata
3469 5461 3771 5533 reSpiciens

2180 5552 2363 5629 (quam
2391 5553 2662 5624 duplicem
2694 5564 2971 5626 respectus
2996 5553 3400 5613 distinctionem
3440 5552 3776 5626 Augustinus

2183 5664 2325 5705 nunc
2352 5661 2523 5717 nuper
2553 5646 2807 5703 laudatus
2842 5645 3135 5728 suggessit)
3166 5647 3219 5702 in
3250 5649 3435 5704 divino
3465 5647 3604 5704 Filio
3626 5684 3642 5710 ,
3685 5648 3784 5718 qui

2182 5740 2616 5815 simplicissimus
2669 5748 2794 5807 est,
2847 5754 2952 5796 nou
3003 5739 3075 5793 sit
3113 5737 3313 5808 duplex
3362 5739 3632 5804 Verbum,
3685 5738 3796 5798 sed
