4242 6168
494 198 561 289 ob
1900 214 2437 303 PROLEGOMENA.

3698 232 3801 291 1οἢ

496 357 658 396 ιιιιιιιιι
693 342 838 415 (quia
872 342 1046 410 Verbi,
1078 360 1177 415 quo
1206 360 1259 400 se
1296 345 1457 412 dicit,
1483 354 1529 402 et
1556 344 1730 417 Verbi,
1762 362 1861 418 quo
1888 358 2085 405 creatu-
2120 350 2167 417 Α
2197 363 2412 419 rumque
2439 344 2642 418 fecisse,
2674 359 2796 417 qua:
2830 343 3020 405 eadem
3046 351 3436 407 commemorat
3466 344 3800 402 Athanasius

492 450 605 486 rum
647 435 774 493 dicit
802 476 817 502 ,
856 454 964 495 una
1002 436 1287 497 substantia
1326 447 1442 507 est,
1483 438 1658 509 inquit
1702 438 1994 497 Anselmus
2038 441 2090 496 in

501 525 703 583 Monol.
746 543 866 599 cap.
898 530 959 585 5i
985 571 1001 597 ,
1038 544 1178 589 nunc
1208 530 1302 600 3'5)
1332 530 1457 589 ltinc
1487 547 1624 589 unus
1656 531 1860 603 Filius,
1894 532 2091 589 nativi-

493 625 573 672 tas
600 629 800 677 aeterna
829 622 982 679 unica
1010 663 1024 687 ,
1071 638 1177 678 non
1210 622 1409 697 duplex
1437 625 1565 695 jure
1590 635 1640 683 el
1689 626 1883 683 stricte
1915 640 1946 689 a
1992 624 2093 683 Zo-

491 724 633 764 none
662 723 993 790 tnctnoratur
1024 723 1180 771 tract.
1217 716 1246 769 7
1274 725 1329 775 et
1358 717 1425 784 8,
1461 718 1605 785 licet,
1626 733 1723 791 pro
1758 718 1991 781 humana
2022 719 2096 775 fa-

491 803 695 860 cultate
733 804 960 874 loquens
1007 817 1163 869 tract.
1211 810 1245 864 4
1293 821 1347 865 et
1387 810 1420 869 5
1447 852 1461 877 ,
1492 810 1838 871 distinetione
1862 810 2093 884 quadam

492 909 622 949 usus
649 896 820 953 videri
859 901 1049 970 possit.
1082 900 1236 965 Nunc
1282 919 1401 972 qua:
1431 904 1498 963 de
1536 904 1723 963 divino
1752 904 1975 963 creandi
2003 919 2095 962 or-

491 987 574 1043 bis
613 980 835 1047 decreto
865 1008 930 1049 ex
965 996 1262 1065 Augustino
1288 997 1514 1069 aliisque
1550 997 1798 1059 Patribus
1824 999 2094 1079 superiori

492 1084 832 1159 paragrapho
863 1086 1184 1157 collegimus
1207 1131 1221 1159 ,
1266 1088 1369 1149 huc
1414 1092 1676 1159 transfer,
1708 1092 1753 1149 si
1793 1095 2002 1165 placet;
2040 1101 2095 1147 et

491 1176 829 1239 iuveniesea
863 1180 931 1245 de
970 1195 1128 1237 causa
1177 1181 1456 1253 decretum
1483 1183 1611 1239 illud
1643 1184 1749 1243 dici
1805 1183 1998 1247 Filium
2039 1192 2095 1247 et

492 1258 726 1327 Verbum
763 1271 855 1329 Dei
881 1313 896 1341 ,
928 1283 1195 1346 quatenus
1238 1275 1291 1329 in
1328 1274 1505 1333 Verbo
1544 1285 1600 1332 et
1642 1276 1778 1339 Filio
1819 1278 1908 1341 Dei
1949 1277 2092 1337 dicta

491 1376 616 1418 sunt
642 1366 821 1429 omnia
843 1409 858 1432 ,
890 1383 1009 1446 quae
1038 1368 1273 1424 creanda
1322 1368 1475 1424 fuere
1499 1412 1514 1439 ,
1550 1378 1608 1425 ut
1630 1368 1742 1443 jam
1785 1369 1900 1425 lucc
1936 1384 2095 1442 para-

492 1458 729 1533 graphus
804 1476 909 1515 non
951 1460 1107 1516 alteri
1171 1461 1247 1517 illi
1303 1462 1637 1521 contradicat
1689 1461 1874 1534 (quod
1912 1462 2094 1533 primo

493 1566 570 1621 as;
595 1562 715 1607 cctn
747 1551 983 1624 videtur)
1008 1597 1023 1622 ,
1053 1553 1151 1611 sed
1179 1555 1470 1626 explicatio
1497 1558 1566 1610 sit
1588 1556 1705 1627 ejus
1735 1555 1946 1617 melior,
1975 1571 2094 1626 quae

496 1655 673 1701 tamen
705 1662 774 1703 ex
801 1647 997 1704 ibidem
1038 1648 1199 1709 dictis
1236 1650 1490 1709 illustrari
1534 1659 1723 1709 mutuo
1762 1650 1970 1707 lumine
2000 1665 2096 1720 po-

2192 448 2331 496 orat.
2358 443 2388 492 ‘2
2416 448 2605 496 contra
2620 438 2875 505 Arianos,
2897 455 3047 499 num.
3078 440 3148 497 24
3170 448 3229 496 et
3252 440 3346 496 25.
3375 439 3562 510 Itaque
3589 454 3711 496 cum
3743 440 3796 498 in

2194 530 2511 588 inculcanda
2544 532 2844 589 instituendi
2873 531 3009 587 orbis
3048 544 3207 589 causa
3241 531 3428 589 Ariani
3463 520 3794 599 laborat'cnt,

2191 639 2300 695 quo
2337 622 2531 681 Filium
2564 623 2660 679 Dei
2692 634 2952 685 aeternum
2985 624 3361 694 mqualemque
3400 622 3546 681 Patri
3586 623 3799 683 inlicia-

2195 726 2411 781 rentur;
2439 716 2586 773 Zeno
2612 725 2667 773 ut
2702 716 2810 777 illis
2829 732 2953 777 sese
2990 732 3021 773 e
3048 718 3313 777 diametro
3339 717 3623 789 obiiceret,
3651 718 3705 774 in
3736 732 3798 775 ea

2193 808 2564 865 instituendum
2593 811 2764 867 orbem
2791 821 3071 881 spectante
3099 810 3270 867 divini
3295 810 3417 869 Filii
3444 812 3802 884 generatione

2194 901 2516 972 explicanda
2558 903 2661 960 sibi
2701 905 3043 975 potissimum
3087 904 3447 963 insistendum
3490 914 3640 963 ratus
3676 899 3798 971 ﬁt,

2196 1007 2377 1053 certus
2403 996 2546 1068 quod
2578 996 2623 1057 si
2653 995 2754 1052 hac
2783 997 2837 1053 in
2870 1007 3019 1066 parte
3048 996 3282 1059 Arianos
3315 998 3583 1064 vinceret,
3615 1015 3682 1055 ex
3715 999 3799 1057 al—

2199 1096 2309 1147 tera
2353 1099 2503 1160 parte
2525 1130 2541 1151 .
2568 1103 2689 1160 quae
2736 1090 3145 1159 generationem
3177 1089 3338 1147 Verbi
3379 1088 3432 1145 in
3473 1090 3593 1146 sinu
3623 1089 3802 1149 Patris

2196 1183 2454 1243 liuentem
2482 1192 2711 1255 spectat,
2736 1184 2870 1245 nihil
2891 1193 3037 1243 esset
3057 1184 3204 1255 quod
3254 1194 3520 1241 metueret
3541 1184 3797 1254 amplius.

2197 1274 2256 1333 In
2290 1276 2524 1347 priorem
2566 1284 2746 1333 autem
2781 1286 2986 1346 partem
3024 1276 3500 1335 animadvertenda
3548 1276 3655 1332 hoc
3701 1290 3801 1344 po-

2198 1378 2401 1427 stremo
2430 1369 2549 1427 loco
2592 1369 2827 1426 maxime
2878 1382 3004 1427 sunt
3034 1411 3049 1437 ,
3097 1386 3219 1441 qua:
3268 1379 3386 1440 post
3434 1379 3701 1426 assertsnn
3747 1370 3799 1423 in

2198 1461 2416 1517 creandi
2459 1462 2608 1517 orbis
2647 1462 2933 1518 consilium
2979 1461 3148 1521 divini
3194 1461 3355 1519 Verbi
3393 1460 3798 1533 generationem

2199 1556 2439 1626 utrisque
2489 1557 2540 1609 iu
2584 1556 2903 1612 tractatibus
2952 1555 3333 1628 subjiciuntur.
3363 1555 3439 1612 Ea
3487 1555 3633 1611 enim
3675 1564 3804 1610 sunt

2198 1646 2505 1715 ejusmodi,
2561 1657 2618 1707 ut
2663 1648 3028 1719 aequalitatem
3074 1647 3802 1717 eonsubstantialitatemque

496 1748 619 1795 test.
645 1739 831 1812 Neque
862 1759 991 1799 vero
1039 1742 1170 1801 illud
1202 1744 1289 1803 hic
1334 1759 1606 1815 Opporias,
1637 1744 1916 1803 decretum
1953 1744 2093 1803 istud
2124 1737 2174 1799 B
2207 1739 2327 1793 Filii
2350 1756 2470 1794 cum
2501 1740 2683 1810 Patre,
2712 1757 2846 1811 quas
2875 1741 3177 1813 praesertim
3204 1740 3586 1824 exindelzesas
3615 1738 3802 1795 Ariani

492 1831 732 1891 divinum
768 1835 819 1897 in
870 1851 976 1907 quo
1008 1836 1172 1893 divini
1209 1837 1368 1897 Verbi
1405 1839 1620 1907 proprie
1647 1824 1846 1895 dictam
1868 1853 2095 1907 genera.

494 1926 694 1982 tionem
724 1928 1043 1998 agnovimus
1065 1969 1081 1995 ,
1110 1929 1379 1989 initiatum
1419 1929 1640 2002 quidem
1672 1931 1723 1984 in
1758 1931 2092 2000 coquitione,

491 2026 548 2073 at
576 2020 625 2074 in
654 2035 840 2083 amore
869 2020 1035 2077 fuisse
1071 2024 1401 2094 completum
1427 2064 1443 2088 ,
1477 2021 1615 2081 adeo
1644 2031 1702 2081 ιιι
1744 2038 1850 2085 non
1886 2033 1992 2081 tam
2039 2022 2093 2081 in

488 2116 975 2184 repraesentatione
1004 2116 1168 2175 Verbi
1211 2118 1502 2183 elncescat,
1533 2131 1695 2188 qttam
1730 2118 1783 2171 in
1832 2116 2011 2175 Verbo
2041 2126 2098 2170 et

489 2203 652 2260 Patre
697 2219 940 2265 amorem
974 2207 1327 2274 notionalem,
1382 2217 1441 2262 ut
1495 2208 1673 2273 aiunt,
1728 2207 2093 2278 spirantibus,

488 2310 554 2350 ac
588 2298 641 2352 in
675 2298 791 2379 ipso
824 2299 1027 2370 Spiritu
1067 2308 1258 2357 sancto
1282 2338 1298 2371 ,
1339 2286 1433 2370 qui
1473 2315 1628 2357 amor
1665 2308 1749 2357 est
1786 2300 2094 2356 notionalis.

488 2389 622 2446 Nam
658 2404 1017 2471 praeterquam
1048 2393 1192 2463 quod
1242 2393 1430 2449 Patres
1452 2434 1467 2458 ,
1500 2408 1623 2450 cum
1650 2392 1908 2451 adversus
1937 2393 2095 2451 Aria.

490 2501 591 2541 nos
622 2486 716 2543 Dei
765 2486 962 2543 Filium
1009 2488 1391 2559 impugnautes
1436 2496 1694 2559 agerent,
1742 2487 1807 2543 ad
1852 2487 2096 2558 ejusdem

490 2576 609 2634 Filii
654 2579 1426 2649 aequalitatemadstruendant
1494 2580 1751 2643 nonnulla
1798 2580 1898 2649 ipsi
1944 2580 2099 2637 attri-

488 2670 692 2747 hucre,
730 2687 849 2743 qua:
874 2674 1088 2731 caeteris
1115 2672 1364 2745 personis
1406 2670 1717 2731 conantunia
1763 2678 1892 2729 sunt
1916 2712 1930 2735 ,
1961 2685 2026 2729 ac
2050 2671 2095 2725 si

489 2762 608 2831 ejus
636 2772 820 2821 essent
850 2764 1102 2843 propria,
1147 2772 1208 2820 ut
1249 2779 1315 2821 ex
1348 2764 1479 2834 ipsis
1510 2763 1806 2835 Scriptnris
1837 2760 2099 2838 peculiari

489 2854 651 2910 uredo
678 2854 864 2927 ntuudi
888 2856 1089 2915 creatio
1106 2870 1198 2927 per
1222 2854 1456 2913 Verbum
1482 2864 1690 2927 patrata
1714 2854 1909 2911 dicitur
1949 2872 1962 2909 :
1995 2854 2099 2913 etsi

488 2944 765 3006 decretum
790 2945 918 3005 illud
952 2955 1061 3002 tres
1108 2945 1318 3001 divinas
1341 2960 1600 3017 personas
1630 2960 1754 3005 vere
1778 2947 2049 3018 pertingat
2074 2986 2090 3013 ,

487 3037 630 3093 idem
670 3047 846 3099 tamen
877 3049 1144 3110 quatenus
1184 3038 1460 3120 decretum
1492 3035 1782 3111 [Lxxxvm]
1821 3038 2085 3108 genitum,

2199 1831 2620 1903 contendebant,
2679 1837 2883 1891 Auctor
2908 1832 3112 1895 diserte
3153 1841 3365 1891 asserat
3407 1842 3571 1903 atque
3617 1831 3807 1889 delen-

2200 1926 2322 1989 dat;
2348 1941 2517 1999 eaque
2549 1941 2702 1985 mens
2728 1927 2847 1998 ejus
2873 1926 2927 1982 in
2955 1924 3055 1987 hac
3080 1925 3433 1997 generatione
3465 1923 3802 1995 potissimum

2203 2019 2440 2089 urgenda
2472 2000 2638 2075 fuisse
2667 2019 2953 2095 proditur,
3003 2028 3060 2081 ut
3105 2019 3429 2079 Arianorum
3475 2018 3805 2088 praecipuum

2201 2122 2457 2168 conatum
2489 2111 2739 2175 elideret.
2770 2111 2914 2183 Lege
2940 2112 3050 2182 ipsa
3077 2110 3329 2173 Auctoris
3356 2111 3543 2175 verba.
3574 2120 3631 2167 et
3657 2107 3805 2180 quod

2201 2203 2430 2259 dicimus
2483 2206 2659 2274 palam
2714 2204 2851 2271 ﬁet,
2898 2204 3168 2276 simulque
3236 2202 3579 2275 exploratius
3636 2202 3809 2258 multa

2201 2302 2359 2364 erit,-
2387 2298 2637 2353 eumdem
2680 2299 2976 2354 Auctorem
2998 2339 3013 2363 ,
3041 2298 3133 2369 qui
3175 2298 3228 2352 in
3276 2312 3337 2359 ea
3371 2297 3653 2352 nativitate
3683 2294 3808 2357 Filii

2200 2390 2490 2446 asserenda
2533 2401 2638 2445 tam
2671 2407 2735 2447 ex
2770 2391 3046 2462 proposito
3076 2391 3244 2461 ipsius
3269 2406 3392 2447 cum
3439 2389 3599 2445 Patre
3629 2403 3810 2459 aequa-

2199 2484 2407 2541 litatem
2454 2486 3181 2556 consubstantialitatemque
3221 2494 3562 2555 propugnat,
3605 2482 3805 2554 longis-

2204 2579 2342 2634 sime
2370 2577 2564 2635 abesse
2593 2578 2662 2634 ab
2703 2594 2768 2639 ea
2810 2577 3089 2637 nativitnte
3125 2577 3325 2634 ibidem
3367 2575 3696 2633 adstruenda
3726 2572 3808 2646 (ut

2200 2669 2453 2729 Petavius
2473 2668 2722 2743 credidit)
2748 2685 2854 2742 qua
2877 2685 2976 2727 nec
2996 2670 3217 2739 {aqualis
3236 2669 3380 2727 Patri
3403 2667 3575 2726 Filius
3592 2667 3802 2735 fuisset,

2202 2778 2302 2818 nec
2328 2763 2571 2834 ejusdem
2616 2763 2936 2821 substantia:
2966 2778 2982 2827 ;
3023 2761 3119 2819 sed
3150 2777 3267 2821 eam
3308 2761 3484 2830 potius
3510 2760 3579 2819 ab
3608 2774 3675 2815 eo
3712 2774 3807 2813 as-

2200 2864 2399 2910 sertum
2434 2856 2636 2927 liquet,
2667 2871 2771 2925 qua
2817 2854 2959 2910 idem
2998 2853 3170 2915 Filius
3199 2854 3270 2915 ita
3304 2854 3356 2914 in
3385 2851 3603 2911 creandi
3656 2850 3808 2909 orbis

2200 2950 2487 3007 Consilium
2503 2950 2737 3022 genitus,
2765 2949 3114 3021 ejusdemque
3127 2948 3339 3009 consilii
3364 2956 3652 3005 exsecutor
3673 2962 3806 3018 pro-

2201 3039 2365 3110 dlllll‘,
2400 3051 2459 3096 ut
2481 3042 2614 3099 nihil
2641 3043 2764 3099 inde
2792 3041 3097 3112 prmjudicii
3119 3041 3175 3101 in
3201 3041 3562 3112 aequalitatem
3588 3048 3645 3096 et
3668 3054 3804 3095 conv

485 3145 579 3187 seu
598 3131 924 3194 notionalem
944 3132 1349 3204 generationem
1374 3117 1526 3197 dicit,
1545 3132 1635 3187 nni
1653 3130 1744 3187 Dei
1763 3129 1897 3187 Filio
1919 3139 2094 3201 potest
2122 3117 2167 3181 (ἶ
2202 3133 2709 3191 substantialitatem
2735 3133 2941 3190 redeat.
2974 3134 3108 3195 lliuc
3128 3133 3346 3205 quidem
3369 3143 3526 3190 tract.
3553 3148 3593 3199 ι,
3617 3131 3711 3188 lib.
3741 3132 3798 3197 2,

426 3232 431 3235 '
483 3239 783 3299 congruere
807 3267 822 3292 ,
852 3225 944 3297 qui
974 3226 1123 3280 Solus
1166 3227 1384 3296 genitus
1416 3224 1549 3289 fuit;
1583 3234 1640 3281 ut
1674 3233 1957 3299 propterea
1990 3222 2092 3281 Pa-

487 3328 594 3373 tres
621 3320 711 3377 uni
744 3318 884 3379 Filio
903 3319 1027 3389 jure
1051 3318 1362 3385 tribuerint,
1392 3333 1513 3389 qtttﬁ
1535 3317 1589 3372 in
1615 3316 1835 3373 decreto
1869 3315 2087 3383 Filium,

483 3411 598 3464 sive
641 3409 802 3478 Filii,
831 3425 927 3466 seu
970 3409 1133 3466 Verbi
1178 3411 1397 3482 prOprie
1444 3410 1644 3466 dictam
1685 3409 2088 3480 generationem

481 3502 806 3579 signiﬁcant.
833 3502 940 3559 Sed
977 3503 1060 3557 his
1087 3504 1303 3558 omissis
1329 3545 1344 3570 ,
1378 3518 1501 3558 cum
1537 3503 1638 3557 hoc
1684 3501 1950 3568 Verbum,
1980 3516 2088 3573 quo

482 3594 734 3650 creanda:
766 3610 853 3650 res
884 3610 916 3649 a
943 3595 1104 3650 Patre
1130 3596 1290 3651 dictae
1316 3596 1489 3662 luere,
1518 3593 1656 3650 idem
1686 3594 1755 3649 sit
1791 3594 1920 3651 illud
1955 3593 2087 3648 Vet-

480 3685 608 3741 bum
631 3730 647 3757 ι
680 3703 787 3759 quo
819 3688 975 3744 Pater
1004 3689 1182 3744 omnia
1219 3687 1401 3743 divina
1441 3687 1609 3753 dixit;
1662 3687 1963 3756 eademque
2014 3684 2086 3742 sit

480 3782 761 3857 utriusque
800 3781 963 3838 Verbi
1008 3782 1293 3847 nativitas,
1330 3781 1455 3836 licet
1489 3782 1699 3837 ratione
1724 3780 1953 3851 quadam
1984 3778 2082 3839 hu-

479 3887 636 3927 mana
660 3870 861 3943 duplex
887 3872 1143 3940 Verbum,
1175 3872 1373 3942 duplex
1402 3871 1654 3927 nativitas
1680 3871 2036 3942 distinguatur
2064 3889 2076 3924 :

472 3968 585 4035 jam
635 3963 879 4036 profecto
910 3966 1180 4036 intelliges
1211 3982 1319 4038 quo
1343 3966 1465 4037 jure
1510 3965 1567 4022 S.
1621 3963 1771 4019 Zeno
1797 3964 1959 4021 Verbi
1990 3979 2078 4020 res

476 4045 777 4114 creandas'
801 4062 1097 4130 spectantis
1168 4060 1577 4132 generationem
1641 4074 2079 4115 commemorans

476 4149 674 4206 dixerit
705 4159 857 4207 tract.
886 4153 917 4208 5
943 4169 955 4205 :
985 4151 1233 4223 Nascitur
1263 4150 1401 4206 Deus
1452 4152 1515 4206 de
1544 4148 1678 4218 Deo,
1710 4161 1868 4213 totum
1905 4151 2079 4207 Putris

476 4242 668 4298 habens
694 4286 708 4312 ,
739 4246 869 4300 nihil
904 4245 1159 4319 derogans
1191 4245 1339 4301 Patri
1366 4288 1378 4303 .
1414 4255 1544 4311 etc.,
1592 4260 1713 4319 qua:
1743 4245 2077 4316 generatioui

476 4336 636 4393 Verbi
666 4339 878 4393 divinas
910 4354 999 4395 res
1033 4338 1263 4394 dicentis
1296 4353 1549 4409 perwque
1581 4337 1930 4393 conveniunt.

548 4431 683 4495 illud
729 4432 943 4488 tandem
998 4431 1272 4504 inquirere
1311 4431 1468 4486 nobis
1501 4432 1658 4487 liceat
1695 4430 1837 4505 quod
1866 4430 1931 4487 ad
1958 4429 2072 4501 ple-

2198 3238 2346 3279 num.
2378 3223 2435 3290 2,
2465 3225 2654 3281 eadem
2681 3226 2989 3295 objectione
3012 3226 3340 3285 Arianorum
3371 3226 3664 3296 proposita,
3693 3240 3800 3296 qua

2195 3332 2261 3372 ex
2289 3327 2471 3379 creato
2504 3334 2599 3388 per
2626 3318 2823 3375 Filium
2855 3318 3059 3377 munde
3082 3360 3098 3388 ,
3140 3334 3264 3377 eum
3295 3318 3454 3375 Patre
3483 3317 3796 3374 interiorem

2195 3411 2562 3480 praedicabant
2601 3430 2614 3466 :
2647 3413 2713 3467 At
2741 3414 2847 3479 ille,
2878 3415 2963 3475 cui
2994 3413 3232 3487 jubetur,
3278 3422 3385 3481 est,
3428 3412 3598 3472 inquis
3621 3452 3637 3479 ,
3665 3412 3800 3482 infe-

2194 3506 2332 3571 rior;
2364 3517 2713 3567 executorem
2742 3508 2959 3578 quidem
2990 3507 3184 3563 Filium
3219 3507 3416 3563 [aletur
3440 3547 3454 3571 ,
3507 3505 3656 3563 Unde
3678 3522 3799 3577 pro-

2192 3597 2358 3665 cessit,
2400 3599 2602 3668 paterni
2629 3600 2800 3657 cordis
2829 3610 2903 3655 est
2928 3612 3193 3656 exsecutor
3234 3615 3253 3657 :
3284 3609 3340 3655 at
3367 3600 3626 3671 aequalem
3663 3590 3798 3655 nihil

2188 3691 2404 3751 ominus
2470 3690 2808 3751 defendens.
2868 3693 3005 3753 hanc
3058 3691 3323 3753 rationem
3385 3690 3625 3747 subdit:
3672 3689 3793 3747 Non

2186 3781 2321 3836 enim
2359 3783 2528 3838 minus
2554 3793 2628 3838 est
2652 3784 2826 3855 facere
2877 3802 3062 3857 magna
3096 3803 3251 3857 quam
3276 3787 3445 3843 dicere
3472 3828 3487 3855 ,
3514 3795 3570 3842 et
3601 3795 3796 3855 praue-

2184 3890 2275 3931 rea
2317 3875 2468 3937 addit
2500 3895 2512 3930 :
2545 3876 2791 3944 Quatnvis
2831 3890 2878 3935 et
2902 3880 3041 3948 quod
3079 3880 3274 3937 dictum
3302 3890 3377 3936 est
3420 3896 3452 3934 α
3484 3878 3640 3934 Patre
3664 3918 3682 3945 ,
3715 3880 3795 3933 uel

2181 3966 2285 4023 dici
2319 3977 2518 4039 potest,
2550 3970 2674 4040 quia
2726 3969 2946 4025 Verbum
2982 3980 3057 4027 est
3086 3970 3262 4027 Filius
3291 4013 3307 4038 ,
3355 3972 3466 4027 sine
3511 3970 3650 4028 Filio
3686 3986 3791 4025 non

2179 4071 2274 4124 est,
2305 4071 2410 4117 etc.
2441 4062 2499 4117 ln
2522 4063 2795 4133 prioribus
2825 4063 2932 4119 illis
2962 4064 3144 4121 verbis
3164 4105 3177 4127 .
3211 4063 3406 4135 quibus
3428 4062 3635 4123 Auctor
3660 4077 3792 4119 con—

2180 4153 2325 4210 cedit
2373 4155 2566 4211 Filium
2612 4165 2968 4213 exsecutorem
3013 4175 3119 4215 esse
3150 4157 3350 4226 paterni
3392 4157 3561 4215 cordis
3588 4197 3604 4223 ,
3651 4157 3794 4212 unde

2181 4249 2449 4317 processit,
2481 4250 2540 4306 τό
2568 4249 2706 4305 unde
2734 4251 3141 4322 processionem
3163 4291 3178 4318 ,
3209 4267 3306 4309 seu
3334 4252 3669 4308 nativitatem
3708 4252 3792 4303 in-

2180 4339 2324 4394 dicat
2355 4339 2480 4401 Filii
2505 4340 2708 4398 ecorde
2737 4341 2937 4409 Patris,
2976 4358 3099 4413 quae
3138 4358 3247 4403 non
3294 4343 3396 4405 alia
3424 4356 3545 4399 esse
3590 4356 3790 4411 cogno-

2181 4432 2371 4500 scitur,
2404 4448 2566 4506 quam
2595 4432 2648 4490 in
2677 4450 2743 4493 eo
2770 4445 2975 4497 artemo
3001 4436 3244 4501 decreto,
3273 4435 3539 4510 quoDens
3568 4434 3701 4490 dixit
3733 4435 3786 4489 in

476 4526 687 4586 niorem
717 4531 791 4586 rei
834 4502 1115 4599 praesentis
1144 4529 1613 4591 conﬁrmationem
1640 4502 1725 4591 vei
1750 4528 2075 4591 declaratio-
2098 4502 2153 4563 Ῑ)
2178 4522 2315 4578 Filio
2341 4502 2437 4582 seu
2466 4524 2519 4579 in
2553 4525 2730 4587 Verbo
2755 4540 3113 4598 quascumque
3138 4502 3375 4587 creando
3405 4504 3643 4592 fuerunt,
3671 4525 3781 4583 sie-

471 4640 599 4679 nem
647 4622 858 4681 con'l‘ert
884 4664 901 4691 ,
930 4639 1026 4680 cur
1066 4624 1125 4681 S.
1159 4624 1306 4680 Zeno
1342 4635 1625 4707 utramque
1658 4621 1817 4683 Verbi
1856 4620 2073 4676 relatio-

469 4732 593 4772 nem
647 4723 757 4772 tum
785 4716 851 4771 ad
891 4715 1112 4783 divina,
1160 4725 1271 4773 tum
1306 4714 1372 4775 ad
1429 4723 1608 4773 creata
1661 4721 1816 4773 tract.
1866 4710 1901 4771 li
1938 4720 1992 4765 et
2038 4709 2073 4764 5

471 4816 695 4878 tangens
732 4848 748 4873 ,
808 4807 1055 4863 institerit
1113 4805 1463 4860 nihilominus
1516 4803 1685 4872 magis
1737 4813 1791 4859 et
1849 4816 2071 4872 expres—

468 4901 582 4953 sius
627 4900 678 4954 in
724 4900 1008 4954 statuenda
1054 4899 1402 4971 generatione
1438 4895 1593 4953 Verbi
1623 4935 1636 4960 ,
1670 4908 1934 4966 quatenus
1986 4909 2073 4949 res

468 5003 676 5047 creatas
724 4994 1000 5063 respexit,
1050 5002 1107 5048 ut
1160 4992 1229 5049 de
1279 4990 1382 5049 hac
1427 4990 1542 5053 sola
1579 4990 1792 5047 locutus
1840 4989 2073 5049 nonnul-

468 5083 538 5137 lis
567 5082 732 5139 videri
760 5084 1018 5156 potuerit.
1056 5082 1167 5138 lloc
1206 5095 1385 5143 autem
1432 5099 1500 5139 ex
1528 5082 1853 5145 Arianorum
1882 5122 1899 5149 ,
1935 5096 2071 5153 quos

468 5178 740 5248 prsecipue
782 5178 885 5233 sibi
914 5178 1304 5250 impugnandos
1339 5184 1676 5249 sumpserat,
1714 5177 2067 5249 impetitioni-
2106 5184 2116 5188 ’

465 5267 568 5325 bus
614 5270 812 5326 factum
857 5272 1148 5327 credimus.
1203 5271 1284 5331 Illi
1326 5272 1509 5338 enim,
1559 5278 1620 5329 ιιι
1667 5272 2065 5345 mternitatem,

464 5363 821 5434 earodemque
854 5363 994 5420 Filio
1020 5364 1375 5421 substantiam
1412 5364 1747 5435 adimerent,
1780 5364 1896 5425 haec
1926 5378 2062 5441 prte-

464 5457 649 5517 dicare
696 5459 1007 5531 irequenter
1044 5460 1333 5526 solebant,
1377 5460 1581 5525 llilario
1633 5469 1768 5521 teste
1805 5461 1860 5519 in
1896 5459 2063 5539 Frag-

452 5556 646 5611 ‘mento
684 5552 741 5620 Ξ,
788 5570 935 5613 num.
965 5552 1078 5609 26:
1113 5553 1325 5611 Patrem
1369 5550 1535 5616 Deum
1576 5553 1879 5615 instituendi
1925 5553 2077 5621 orbis,

461 5663 621 5701 causa
649 5650 883 5718 genuisse
914 5645 963 5700 F
968 5648 1145 5717 ilium,
1187 5656 1233 5703 et
1259 5661 1353 5719 pro
1386 5652 1637 5723 potestate
1674 5647 1755 5703 sui
1810 5662 1872 5701 ea:
1902 5645 2064 5703 nihilo

459 5740 513 5794 in
546 5742 883 5798 substantiam
927 5757 1111 5807 norant
1161 5750 1209 5798 et
1249 5741 1467 5796 alteram
1515 5736 1677 5795 Deum
1722 5754 1907 5799 novum
1936 5738 2064 5795 alte-

2176 4631 2281 4686 que
2312 4616 2487 4686 ipsum
2530 4617 2808 4679 decretum
2851 4633 2947 4675 seu
2976 4619 3182 4677 dictum
3224 4628 3487 4677 aeternum
3525 4631 3555 4670 a
3586 4624 3778 4672 nostro

2176 4721 2390 4778 quoque
2433 4707 2701 4781 scriptore
2747 4709 3052 4773 insinuatur
3096 4711 3215 4781 ipse
3259 4722 3384 4771 esse
3432 4707 3527 4763 Dei
3570 4705 3779 4772 Filius;

2174 4803 2266 4871 qui
2293 4799 2521 4861 subinde
2546 4800 2824 4865 decretum
2858 4802 3010 4868 illud,
3035 4804 3085 4859 vi
3112 4803 3268 4874 cujus
3296 4819 3328 4860 e
3358 4811 3585 4873 paterno
3615 4801 3783 4858 corde

2181 4894 2463 4961 processit,
2492 4903 2783 4957 exsecutus
2808 4903 2892 4950 est
2924 4903 3064 4955 stato
3094 4902 3362 4966 tempore,
3393 4908 3517 4956 cum
3546 4908 3669 4963 qua:
3696 4892 3781 4947 [ιι-

2177 4984 2366 5040 cienda
2409 4986 2462 5040 in
2492 4984 2631 5045 Filio
2656 5000 2755 5049 seu
2786 4985 2965 5045 Verbo
3000 4987 3159 5043 Pater
3187 4987 3428 5052 dixerat,
3464 4986 3583 5055 ipse
3610 4983 3782 5043 Filius

2176 5086 2441 5135 exsecretur
2491 5075 2657 5145 fecit.
2709 5094 2833 5149 nam
2882 5079 3057 5139 omnia
3104 5097 3196 5151 per
3241 5082 3411 5151 ipsum
3459 5081 3598 5151 facta
3632 5088 3774 5136 sunt.

2179 5168 2386 5225 Deinde
2441 5169 2850 5247 responsionem
2877 5170 3121 5240 adverte,
3154 5187 3259 5244 qua
3289 5181 3349 5235 ut
3390 5169 3536 5231 hunc
3578 5169 3778 5227 Filium

2172 5274 2549 5325 exsecutorem
2576 5265 2705 5323 licet
2731 5266 2946 5339 operis,
2979 5265 3127 5325 Patri
3158 5273 3339 5323 tamen
3376 5264 3518 5327 haud
3553 5263 3776 5325 interio-

2162 5374 2289 5416 rem
2314 5360 2516 5417 Auctor
2543 5361 2764 5433 probet,
2798 5375 2904 5417 non
2938 5368 3046 5415 tam
3071 5375 3133 5417 ea
3166 5360 3378 5419 ratione
3420 5357 3608 5423 utitur,
3649 5357 3775 5428 quia

2172 5467 2273 5506 non
2286 5453 2454 5509 minus
2467 5462 2536 5506 est
2552 5456 2722 5525 facere
2738 5468 2947 5526 magna,
2962 5468 3115 5525 quam
3141 5452 3335 5521 dicere,
3348 5448 3443 5506 sed
3467 5448 3555 5506 illa
3579 5450 3632 5504 in
3654 5462 3771 5509 rem

2171 5558 2411 5607 nostram
2462 5545 2713 5619 [LXXXIX]
2734 5546 3005 5623 praecipua
3028 5587 3045 5613 ,
3074 5560 3200 5607 nam
3229 5544 3367 5614 quod
3395 5544 3591 5601 dictum
3628 5550 3704 5603 est
3738 5557 3773 5595 a

2174 5640 2442 5707 Pulre,uet
2471 5641 2574 5695 dici
2600 5648 2785 5710 potest,
2801 5640 2926 5710 quia
2948 5637 3168 5697 Verbum
3189 5648 3261 5703 est
3280 5636 3473 5705 Filius,
3496 5637 3608 5701 sine
3625 5633 3770 5690 Filio

2171 5752 2271 5793 non
2295 5744 2368 5797 est
2398 5750 2417 5789 :
2446 5734 2642 5807 quibus
2669 5731 2863 5793 Filium
2890 5729 2967 5789 uti
2997 5729 3204 5789 uerbum
3232 5731 3406 5789 Patris
3438 5730 3613 5800 ipsum
3644 5742 3770 5787 esse
