4242 6168
328 213 422 272 liii

1223 194 1688 261 DISSERTATIO
1727 198 1799 263 ιι.
1850 196 1951 253 DE
2004 197 2066 255 Β.
2117 186 2416 259 ZENONIS
2461 202 2829 265 DOCTRINA.

3615 216 3716 270 “)2

326 326 529 385 dictum
555 336 656 381 seu
680 322 956 380 decretum
989 329 1255 378 aeternum
1288 318 1467 374 Patris
1498 317 1639 373 satis
1665 314 1933 369 innuitnr
1961 356 1976 379 ,
2016 325 2062 383 Α
2094 322 2272 374 omnia
2297 320 2550 386 cre.mda,
2582 332 2664 378 est
2710 342 2876 381 unum
2911 344 2924 381 :
2961 335 3017 383 ut
3050 324 3290 398 pluribus
3329 328 3580 399 superius
3608 345 3704 385 οε..

327 417 617 489 quodcum
659 416 822 472 Patre
866 430 1005 473 unus
1033 412 1286 483 idemque
1332 410 1481 465 Deus
1525 418 1656 473 est;
1695 423 1825 476 enim
1867 422 1995 459 om-

330 526 456 575 nem
489 509 707 569 Arianae
751 506 1112 564 cavillationis
1159 502 1557 575 impetitionem
1613 513 1867 571 prorsus
1899 512 1993 552 res

331 603 566 661 tundunt
608 617 675 657 ac
719 600 1024 667 dirimunt,
1079 596 1688 669 interpretationesqne
1737 606 1768 644 a
1823 589 1991 647 nobis

334 699 597 755 hactenus
621 693 900 764 expositas
926 708 992 747 ex
1018 690 1250 748 Zenonis
1277 698 1458 745 mente
1480 698 1616 741 esse
1644 683 1826 752 plano
1848 696 1989 737 con-

333 792 569 855 firmant.

333 923 364 995 ἐ
396 922 488 979 Vl.
513 950 588 964 -—
622 919 934 987 Explicatur
955 918 1189 991 quaedam
1231 914 1456 989 difﬁcilis
1476 907 1737 967 Zenonis
1766 909 1981 979 locutio,

382 1017 522 1071 unde
549 1014 822 1087 preposita
854 1012 1206 1086 interpretatio
1236 1009 1447 1081 miriﬁce
1481 1000 1921 1074 cottﬁrtttabilur.

398 1172 690 1229 Addamus
716 1171 832 1242 jam
863 1171 1239 1227 duriusculam
1262 1167 1548 1241 quamdam
1580 1162 1832 1221 Zenonis
1863 1163 1975 1221 for-

325 1266 561 1330 mulam,
594 1280 663 1319 cx
696 1272 932 1319 tractatu
961 1264 998 1319 5
1026 1262 1122 1317 lib.
1154 1278 1218 1330 ιι,
1248 1262 1316 1317 de
1345 1273 1546 1316 aeterna
1574 1257 1754 1315 divini
1802 1256 1971 1314 Verbi

321 1357 691 1430 getieratione
717 1357 1057 1426 loquentem,
1087 1368 1209 1424 qua:
1236 1354 1287 1407 in
1307 1352 1482 1408 altero
1530 1368 1600 1408 ex
1645 1351 1877 1422 objectis
1937 1365 1966 1403 a

325 1451 563 1507 Petavio
588 1447 924 1504 testimoniis
947 1447 1278 1503 continetur.
1306 1447 1435 1503 Haec
1464 1458 1644 1501 autem
1697 1447 1839 1502 sicut
1859 1445 1966 1501 alia

328 1543 384 1598 in
415 1540 697 1598 sententia
728 1539 1002 1611 explicata
1029 1538 1269 1597 difﬁcilis
1296 1538 1788 1595 contradictionem
1815 1539 1965 1593 vide-

324 1648 416 1691 tur
455 1635 768 1697 involvere.
802 1633 874 1688 ita
904 1633 956 1687 in
984 1644 1171 1689 nostra
1200 1649 1308 1689 non
1340 1634 1519 1689 solum
1538 1631 1697 1688 Iacili
1736 1633 1962 1705 negotio

2103 412 2393 467 tendimus.

2176 502 2244 559 Ut
2269 514 2472 570 autem,
2504 521 2606 575 qua
2636 506 2695 563 S.
2720 510 2867 566 Zeno
2891 521 3094 578 mente,
3128 527 3233 581 quo
3264 525 3431 568 sensu
3478 512 3580 567 hac
3609 512 3719 570 for-

2096 595 2246 650 mula
2274 611 2401 651 usus
2428 596 2516 662 sit,
2548 602 2720 671 magis
2773 604 3057 674 magisque
3112 602 3472 675 intelligatur,
3523 606 3722 675 eripio-

2093 696 2385 760 ratumque
2406 689 2564 760 plane
2586 691 2701 763 fiat,
2738 696 2843 751 hoc
2872 697 3048 767 ipsum
3083 697 3461 755 testimonium
3506 698 3574 755 ad
3621 701 3722 760 de-

2093 782 2408 839 clarandam
2437 784 2763 844 catholicam
2793 789 3034 846 Zenonis
3078 798 3324 847 mentem
3372 792 3442 845 ab
3489 791 3726 855 Ariano-

2092 891 2210 931 rum
2252 877 2508 947 dogmate
2560 883 2797 938 maxime
2849 882 3085 940 alienam
3141 884 3331 941 valere
3383 884 3733 965 plurimum;

2086 970 2367 1040 simulque
2390 973 2721 1043 praecidatur
2742 978 2945 1044 omnis,
2972 995 3093 1049 quae
3124 978 3381 1047 cuipiam
3403 980 3608 1047 oboriri
3632 991 3749 1053 lor-

2086 1069 2235 1116 tasse
2264 1069 2739 1139 possetsuspit-io,
2768 1068 2979 1127 idcirco
3010 1073 3078 1130 ab
3112 1074 3376 1133 Auctore
3398 1077 3601 1144 dictum
3623 1104 3758 1167 erat,

2081 1163 2379 1258 antequam
2402 1172 2721 1258 nasceretur,
2749 1163 2819 1258 in,
2838 1162 3024 1258 Patre,
3051 1169 3215 1240 quod
3233 1172 3551 1243 crediderit
3566 1162 3769 1255 Filium

2081 1248 2139 1351 in
2165 1248 2291 1301 sinu
2324 1248 2513 1308 Patris
2539 1256 2779 1325 primum
2799 1255 2968 1314 fuisse
3001 1260 3077 1316 ita
3105 1262 3532 1351 indiscretum,
3558 1294 3619 1346 ut

2076 1339 2217 1447 dum
2237 1350 2414 1395 natus
2435 1358 2531 1401 seu
2550 1347 2842 1405 distinctus
2865 1349 3051 1423 fuerit,
3069 1355 3217 1413 dein
3240 1327 3784 1451 vero—fuisse.

2074 1435 2142 1489 in
2177 1443 2473 1506 tempore,
2506 1453 2564 1496 ut
2592 1442 2754 1497 Pater
2783 1444 2835 1498 in
2863 1450 3121 1507 creandis
3145 1451 3346 1515 rebus
3380 1465 3393 1522 ι

2074 1540 2211 1598 qua:
2242 1524 2364 1581 fuit.
2395 1530 2603 1589 Petavii
2634 1548 2860 1591 censura
2897 1559 2909 1593 :
2949 1551 3008 1597 ut
3055 1545 3211 1611 haec,
3269 1524 3783 1641 illqua'tnjwoiiiiiia

2084 1625 2477 1734 mustei-stur,
2510 1627 3055 1734 altllluadwncudunt
3089 1650 3211 1734 est.
3273 1658 3589 1724 solemnem
3614 1674 3784 1734 fuisse

3401 1469 3475 1531 "0
3520 1491 3785 1561 uteretur,

321 1730 649 1801 exponitur,
683 1726 781 1782 sed
807 1726 983 1797 ipsam
1009 1728 1521 1797 interpretationem
1566 1726 1788 1781 allatam
1833 1730 1966 1781 bac-
1998 1728 1999 1785 ζ

2092 1712 2221 1785 ipud
2246 1713 2507 1773 Arianos
2532 1718 2822 1777 formulam
2842 1724 2912 1779 de
2935 1728 3130 1785 Divino
3151 1730 3278 1809 [xc]

321 1833 509 1889 tenus,
534 1835 773 1893 quacum
818 1836 920 1875 una
957 1830 1143 1890 aperte
1166 1822 1442 1891 congruit,
1498 1822 1731 1875 miritice
1773 1820 1975 1874 statuit

319 1927 500 1988 atque
519 1913 829 1969 conﬁrmat.
861 1912 1034 1968 Verba
1065 1923 1247 1968 autem
1279 1912 1339 1969 S.
1366 1913 1612 1968 Zenonis
1667 1912 1737 1967 de
1776 1912 1977 1966 divino

313 2010 463 2068 Filio
496 2011 617 2065 haec
643 2016 811 2063 sunt:
840 2005 1085 2062 Procedit
1111 2007 1164 2061 in
1190 2009 1537 2074 nativitatem,
1571 2008 1661 2079 qui
1692 2016 1804 2060 erat
1824 2050 1844 2074 ,
1882 2024 1982 2061 an-

318 2114 534 2173 tequam
563 2109 881 2166 nasceretur,
911 2100 965 2153 in
986 2097 1149 2153 Patre
1169 2102 1384 2171 aqualis
1412 2101 1465 2154 in
1501 2098 1767 2155 omnibus.
1828 2099 1980 2155 Ser-

320 2212 547 2254 monem
592 2195 697 2251 hoc
734 2193 855 2250 loco
881 2206 1003 2248 esse
1045 2191 1113 2247 de
1160 2207 1221 2247 ea
1270 2191 1472 2248 Christi
1497 2193 1817 2259 nativitate,
1864 2208 1982 2265 qua

324 2300 492 2346 natus
514 2288 587 2344 de
613 2284 834 2356 Virgine
860 2291 962 2347 est,
988 2281 1153 2353 aliqui
1179 2285 1585 2347 existimarunt,
1630 2292 1688 2337 ut
1735 2283 1825 2338 sic
1897 2285 1980 2337 in-

328 2385 674 2455 telligeretur
694 2394 815 2435 cum
839 2378 909 2433 ab
931 2386 1135 2432 :eterno
1160 2378 1341 2448 fuisse,
1385 2386 1665 2447 antequam
1710 2375 1781 2431 de
1832 2375 1975 2432 Vir-

328 2479 460 2551 gine
480 2475 693 2532 scilicet
712 2479 1021 2537 nasceretur,
1051 2471 1105 2525 in
1124 2468 1297 2524 Patre.
1325 2473 1393 2525 At
1419 2486 1540 2526 cum
1573 2479 1689 2525 toto
1710 2486 1780 2525 eo
1812 2482 1973 2527 trac-

330 2580 474 2639 tatu,
501 2578 562 2627 et
578 2578 705 2624 ante
731 2577 785 2624 et
808 2575 928 2639 post
951 2566 1173 2622 recitata
1198 2566 1383 2633 verba,
1412 2565 1479 2621 de
1509 2582 1611 2620 una
1659 2566 1969 2622 nativitate

325 2665 535 2724 Christi
561 2678 745 2720 sermo
766 2663 858 2729 sit,
889 2676 992 2732 qua
1019 2660 1084 2714 de
1103 2658 1217 2715 Deo
1239 2658 1397 2714 Patro
1419 2659 1706 2728 processit,
1750 2661 1963 2728 procul

328 2761 506 2819 dubio
534 2758 623 2814 illa
667 2757 895 2829 procedit
924 2756 975 2809 in
1002 2754 1320 2810 nativitatem
1364 2753 1431 2808 ad
1476 2752 1724 2809 eamdem
1781 2753 1961 2811 Verbi

331 2857 751 2930 generationem
783 2868 814 2908 e
833 2852 993 2906 Patre
1020 2851 1317 2920 pertinent,
1341 2858 1399 2901 ut
1421 2863 1489 2902 ne
1516 2842 1863 2918 generationi
1898 2850 1969 2927 de

333 2950 564 3021 Virgine
585 2948 655 3002 sit
686 2948 860 3001 locus.
882 2940 992 2999 Sed
1022 2943 1123 2998 hoc
1143 2956 1308 3012 opus,
1334 2939 1424 2995 hic
1449 2939 1624 2994 labor.
1649 2937 1789 3005 Quid
1810 2941 1969 2994 enim

334 3043 528 3098 isthuc
556 3040 632 3095 rei
661 3047 744 3094 est
772 3050 789 3091 :
841 3044 949 3089 erat
974 3045 1248 3106 antequam
1274 3040 1572 3086 nasceretur
1590 3032 1614 3085 ?
1635 3030 1691 3084 Si
1727 3030 1821 3085 Dei
1874 3033 1969 3088 Fi-

2077 1816 2764 1907 f‘f'e‘luammasccretur,
2819 1828 2878 1872 ut
2922 1821 3122 1891 legitur
3182 1823 3241 1879 in
3289 1816 3761 1907 mmmam“,st

2080 1902 2330 2000 lVicatno.
2372 1903 2548 1973 Cujus
2576 1901 2832 1962 formulae
2863 1914 3045 1969 verbis
3076 1914 3496 2000 intelligebant,
3533 1901 3754 1996 Dei};

2084 1997 2214 2053 lium
2245 2012 2361 2053 non
2396 1999 2571 2054 fuisse
2595 2000 2662 2054 ab
2693 2011 2922 2073 aeterno,
2950 2010 3046 2065 sed
3077 2020 3195 2065 tum
3246 2019 3451 2090 solum,
3481 1997 3629 2085 Icum
3683 2035 3741 2089 in

2085 2091 2270 2147 mundi
2303 2093 2594 2148 creatione
2623 2108 2653 2148 a
2683 2095 2846 2154 Patre
2876 2102 3134 2160 Conditus
3178 2119 3279 2163 seu
3333 2118 3555 2183 genitus
3587 2122 3730 2177 τηίιε

2088 2185 2138 2240 id
2162 2184 2309 2255 quod
2333 2184 2691 2254 explicabunt
2744 2190 2850 2246 alia
2902 2193 3137 2249 formula
3188 2199 3393 2257 celebri
3445 2210 3639 2265 eodem
3670 2214 3724 2266 iu

2085 2277 2548 2334 anathematismo
2618 2283 2825 2350 pariter
2886 2290 3168 2343 recitata:
3227 2291 3359 2349 Fuit
3408 2300 3719 2368 aliquando,

2084 2385 2328 2424 rumnou
2342 2372 2641 2429 esset.Hinc
2669 2377 2835 2433 Arius
2867 2368 3008 2449 apud
3034 2379 3393 2441 Auatbasium
3427 2389 3480 2443 in
3513 2390 3709 2446 Orat.l

2082 2473 2288 2519 contra
2338 2462 2587 2534 Arianos,
2636 2484 2789 2525 num.
2820 2471 2875 2539 5,
2910 2486 2966 2542 ι).
2997 2474 3126 2529 409.
3185 2474 3304 2530 Nec
3348 2488 3480 2545 erat,
3518 2483 3711 2553 inquit,

2077 2563 2367 2621 antequam
2395 2557 2555 2624 ﬁeret,
2607 2560 2696 2612 sed
2728 2560 2901 2616 habuit
2941 2580 3146 2634 quoque
3175 2568 3452 2622 creationis
3479 2573 3704 2627 initium.

2075 2647 2225 2701 Erat
2258 2652 2389 2705 enim
2441 2653 2580 2708 solus
2629 2653 2795 2720 Deus,
2850 2657 3181 2728 nondumque
3220 2673 3330 2715 erat
3394 2663 3614 2721 Verbum
3663 2679 3711 2722 et

2071 2742 2388 2810 Sapientia.
2423 2744 2551 2801 Cum
2573 2757 2744 2803 autem
2785 2766 2876 2804 nos
2906 2759 3081 2821 postea
3119 2751 3281 2806 voluit
3330 2769 3526 2820 creare,
3587 2768 3709 2811 tunc

2073 2837 2324 2908 profecto
2355 2859 2517 2896 unum
2540 2845 2809 2911 quemdam
2837 2846 2980 2917 fecit,
3005 2862 3155 2917 quem
3186 2858 3233 2904 et
3270 2848 3495 2905 Verbum
3516 2864 3565 2907 et
3592 2854 3702 2909 Sa-

2076 2929 2319 2996 penliam
2348 2944 2397 2988 et
2417 2931 2467 2986 F
2470 2933 2617 2989 ilium
2646 2934 2947 3002 nominavit,
2976 2948 3027 2989 nt
3047 2953 3140 2990 nos
3162 2955 3252 3009 per
3271 2939 3443 3011 ipsum
3465 2954 3657 2998 crearet
3686 2959 3707 2997 .°

2079 3021 2288 3090 Quibus
2310 3031 2605 3085 concinens
2638 3029 2934 3086 Eunomius
2952 3031 3001 3085 in
3024 3031 3148 3087 iidei
3177 3031 3533 3090 Confessione
3559 3039 3704 3092 edita

336 3136 450 3190 lius
474 3142 611 3194 erat,
643 3146 774 3200 ergo
806 3136 962 3182 nutus
992 3136 1129 3194 erat,
1181 3140 1248 3180 ac
1275 3124 1472 3179 falsum
1501 3134 1586 3177 est
1614 3122 1758 3193 quod
1794 3121 1971 3181 fuerit
1994 3112 2046 3174 C
2081 3123 2469 3196 t0m.1Antiq.
2505 3126 2655 3182 Lect.
2710 3125 2910 3182 Canisii
2938 3128 3248 3181 novissima:
3279 3127 3532 3183 editionis
3579 3145 3699 3200 pag.

340 3238 623 3299 antequam
672 3221 1012 3279 nasceretur?
1058 3222 1113 3275 Si
1158 3232 1292 3275 vero
1348 3215 1587 3272 nondum
1631 3224 1747 3271 erat
1797 3229 1972 3274 natus

342 3332 624 3395 antequam
646 3326 947 3374 nasceretur
967 3357 980 3380 ,
1008 3315 1117 3385 jam
1148 3313 1300 3368 nullo
1349 3310 1511 3366 modo
1560 3320 1667 3364 erat
1692 3310 1747 3363 in
1781 3308 1977 3369 Patre.

342 3414 457 3471 Sed
482 3412 601 3467 haec
626 3411 678 3466 in
703 3418 935 3466 tractatu
961 3406 994 3461 4
1022 3418 1074 3462 et
1094 3408 1129 3463 5
1155 3406 1210 3460 in
1235 3420 1356 3460 eam
1407 3417 1565 3473 quam
1616 3401 1979 3471 exposuimus

346 3504 679 3562 sententiam
694 3501 852 3557 facile
869 3500 1248 3557 conciliantur.
1268 3496 1594 3551 Processisse
1607 3495 1753 3550 enim
1768 3494 1980 3556 dicitur

347 3602 412 3654 in
441 3598 777 3662 nativitatem,
804 3610 907 3666 qua
939 3609 1002 3648 ex
1047 3609 1133 3648 ore
1182 3588 1358 3647 Patris
1419 3588 1642 3661 prodicit
1673 3589 1981 3661 unigenitus

360 3695 557 3755 Filius,
576 3701 632 3747 at
651 3706 822 3746 rerum
848 3698 1053 3754 natura,
1078 3702 1193 3757 qua:
1220 3701 1327 3740 non
1358 3694 1496 3750 erat,
1530 3683 1833 3755 ﬁngeretur,
1853 3699 1980 3741 cum

356 3788 577 3843 scilicet
602 3786 757 3841 Pater
786 3783 1192 3853 excogitatarum
1230 3786 1286 3832 ut
1320 3776 1552 3831 ordinem
1593 3777 1868 3831 instrueret
1895 3796 1980 3832 re-

361 3895 507 3945 rum,
535 3893 563 3933 e
584 3878 789 3948 regione
815 3873 987 3930 cordis
1009 3869 1253 3928 eructavit
1288 3867 1519 3924 Verbunt
1544 3911 1559 3936 ,
1600 3879 1660 3924 ut
1711 3872 1984 3938 superiori

364 3966 708 4042 paragrapho
748 3965 1174 4037 explicavimus:
1227 3971 1337 4016 erat
1386 3971 1565 4015 autem
1632 3961 1987 4018 nihilominus

364 4051 517 4121 idem
546 4062 1017 4130 Filius,antequam
1041 4059 1119 4114 sic
1147 4065 1468 4122 nasceretur,
1496 4054 1553 4108 in
1581 4053 1762 4123 Patre,
1796 4064 1986 4127 quate-

368 4155 671 4217 nusillum,
701 4154 778 4209 uti
808 4152 959 4209 Zeno
992 4151 1095 4206 hoc
1142 4150 1261 4220 ipso
1291 4158 1360 4203 tr.
1413 4148 1448 4204 5
1504 4148 1597 4212 ait,
1648 4158 1767 4203 ante
1815 4150 1992 4203 omnia

369 4250 575 4305 cacata
598 4244 755 4300 Pater
781 4246 836 4300 in
884 4244 1143 4317 profundo
1171 4256 1283 4296 sua!
1311 4254 1475 4294 sacra:
1522 4241 1732 4308 utentis,
1797 4256 1992 4294 arcana

372 4337 759 4408 insupicabili,
788 4352 848 4391 ac
874 4336 972 4390 sibi
1010 4336 1107 4390 soli
1137 4343 1260 4388 nota
1307 4331 1643 4397 conscientia,
1701 4329 1829 4385 Filii
1884 4334 1990 4385 non

374 4434 496 4488 sine
521 4429 732 4497 affectu,
758 4428 848 4484 sed
869 4428 980 4482 sine
1008 4426 1315 4481 revelamine
1342 4423 1763 4495 antplectebatur,
1796 4423 1992 4493 quibus

2087 3210 2215 3268 178.
2246 3214 2387 3282 Non,
2424 3229 2697 3290 antequam
2716 3231 2871 3287 esset,
2903 3219 3093 3289 inquit,
3119 3220 3227 3274 sine
3253 3222 3578 3292 generatione
3607 3220 3704 3276 Fi-

2087 3305 2217 3359 tium
2248 3312 2545 3367 nominavit.
2577 3313 2763 3384 Neque
2786 3329 2916 3369 vero
2943 3312 3267 3367 dubitabant
3305 3313 3601 3378 aiiirmare,
3640 3317 3704 3369 il-

2089 3397 2204 3452 lum
2251 3413 2372 3457 ante
2414 3407 2588 3461 omnia
2638 3409 2832 3463 swcuta
2891 3411 3167 3478 genitum;
3216 3408 3312 3462 sed
3363 3407 3417 3463 id
3474 3426 3579 3462 non
3633 3410 3704 3462 ita

2089 3493 2450 3564 accipiebant,
2485 3516 2547 3555 ac
2576 3500 2622 3556 si
2662 3502 2732 3557 ab
2772 3511 2974 3558 aeterno
2995 3502 3209 3573 genitus
3238 3502 3423 3569 fuerit,
3456 3502 3626 3558 scdita
3652 3514 3708 3558 ut

2091 3585 2261 3653 fartus
2288 3589 2453 3646 fuerit
2481 3603 2602 3648 ante
2627 3597 3068 3651 constitutionem
3104 3596 3318 3662 mundi,
3364 3597 3417 3651 in
3440 3597 3709 3667 principio

2092 3678 2309 3734 scilicet
2360 3685 2659 3753 temporis:
2718 3704 2799 3742 res
2848 3696 3027 3742 autem
3077 3695 3217 3759 facta
3265 3704 3365 3742 non
3411 3699 3521 3742 erat
3566 3699 3709 3743 antc-

2093 3785 2247 3839 quam
2306 3772 2489 3841 ﬁeret,
2544 3770 2874 3848 objiciebant
2924 3795 2989 3836 ex
3040 3781 3278 3853 Dionysii
3348 3781 3704 3838 Alexandrini

2094 3863 2350 3932 cpistola,
2403 3867 2558 3938 cujus
2606 3869 2966 3942 fragmentum
2991 3870 3320 3928 Athanasius
3342 3881 3394 3929 in
3419 3875 3557 3929 hanc
3590 3890 3703 3929 rem

2095 3959 2406 4015 considerat
2437 3962 2490 4017 in
2519 3964 2679 4034 epist.
2706 3966 2774 4021 de
2797 3968 3072 4023 Sententia
3104 3968 3365 4040 Dionysii,
3392 3986 3538 4024 num.
3565 3968 3621 4033 4,
3652 3987 3704 4038 p.

2098 4049 2227 4106 946.
2256 4053 2390 4108 liuic
2415 4070 2546 4125 ergo
2598 4057 2867 4126 formulzc,
2896 4060 2980 4115 cui
3009 4059 3298 4115 anathema
3352 4062 3563 4115 ιΙίΧιἿὶιι
3617 4044 3706 4115 Ni-

2098 4159 2251 4200 carna
2278 4146 2542 4217 synodus,
2572 4154 2864 4207 anathema
2912 4152 3127 4222 quidem
3154 4153 3334 4208 dicere
3360 4171 3466 4210 non
3491 4153 3708 4209 dubita-

2099 4234 2177 4289 vit
2225 4235 2491 4293 Eusebius
2546 4238 2927 4308 Cmsariensis,
2972 4245 3024 4298 in
3072 4245 3301 4314 epistola
3369 4247 3590 4300 recitata
3638 4245 3708 4299 ab

2100 4327 2418 4395 Athanasio,
2447 4332 2501 4386 in
2524 4333 2673 4391 calce
2702 4336 2823 4391 libri
2851 4335 2921 4391 de
2954 4337 3194 4391 Decretis
3215 4337 3406 4409 synodi
3452 4338 3706 4402 Nico-nar,

2103 4423 2197 4477 sed
2226 4423 2300 4478 ita
2331 4425 2562 4482 subinde
2584 4444 2646 4485 se
2672 4446 2732 4486 se
2762 4432 3075 4501 explicavit,
3108 4442 3167 4488 ut
3198 4433 3331 4490 nihil
3384 4434 3452 4490 ab
3493 4435 3710 4492 Arianis

379 4522 588 4579 similia
619 4520 773 4575 initio
828 4526 1149 4574 tractatuum
1194 4520 1229 4571 4
1279 4526 1333 4570 et
1375 4513 1409 4569 5
1456 4514 1771 4569 recitantur.
1806 4513 1995 4585 itaque
2020 4513 2077 4574 D
2101 4515 2334 4570 alienum
2368 4518 2615 4575 diceret:
2648 4520 2755 4576 Nec
2778 4523 2921 4590 item,
2950 4524 3124 4597 inquit
3147 4542 3300 4581 num.
3335 4528 3388 4592 9,
3420 4527 3704 4583 absurdum

382 4619 527 4674 duas
557 4616 675 4670 illas
698 4614 860 4671 Verbi
915 4613 1239 4678 nativitates,
1269 4626 1401 4682 quas
1429 4623 1528 4664 nos
1578 4610 1827 4680 superius
1884 4625 1985 4679 pro

384 4706 1039 4775 communiintelligentia
1061 4720 1089 4758 a
1119 4703 1340 4759 Zenone
1392 4700 1674 4762 distinctas
1704 4702 1987 4757 adnotavi—

388 4817 520 4860 mus
548 4810 703 4856 tract.
732 4800 766 4855 4
787 4810 837 4854 et
868 4799 903 4855 5
925 4798 1022 4853 hac
1048 4796 1279 4851 formula
1310 4795 1569 4850 iudicatas
1598 4795 1782 4851 vides:
1813 4794 1989 4863 illam,

392 4910 507 4965 qua
537 4903 655 4949 erat
680 4890 732 4947 iu
756 4890 930 4945 Patris
959 4888 1290 4945 conscientia
1318 4887 1485 4943 Filius
1514 4902 1695 4955 verus,
1724 4887 1820 4943 sed
1872 4886 1989 4942 Deo

392 4985 551 5044 Patri
594 4983 879 5047 revelatus,
912 4996 1018 5037 non
1042 4980 1237 5045 nobis;
1269 4979 1517 5044 alteram,
1566 4994 1667 5046 qua
1702 4981 1755 5034 in
1808 4993 1994 5034 rerum

395 5077 735 5136 creatimiem
765 5075 916 5131 nobis
943 5082 1098 5129 natus
1127 5071 1355 5129 subinde
1377 5071 1703 5142 concipitur,
1750 5086 1872 5127 cum
1923 5070 1998 5126 de

400 5168 645 5229 creando
680 5170 809 5224 orbe
839 5167 1075 5224 Verbum
1098 5166 1257 5222 Pater
1299 5165 1430 5221 dixit
1457 5184 1469 5221 :
1500 5173 1555 5221 et
1583 5176 1690 5221 erat
1730 5168 1787 5221 in
1835 5164 2000 5220 Patre

403 5280 481 5322 ex
533 5267 740 5333 prima,
793 5270 1062 5332 antequam
1113 5270 1403 5316 nasceretur
1450 5274 1547 5315 seu
1589 5268 1747 5315 natus
1776 5278 1803 5315 a
1842 5258 2004 5317 nobis

401 5358 789 5428 conciperetur
815 5373 881 5414 ex
906 5356 1139 5413 secunda
1177 5356 1478 5423 nativitate,
1529 5370 1663 5426 quas
1711 5356 1839 5412 licet
1886 5355 1999 5411 dis-

403 5453 611 5509 tinctas
642 5458 823 5504 nostra
862 5448 1093 5519 quadam
1117 5447 1343 5513 ratione,
1395 5461 1455 5504 re
1503 5454 1680 5501 tamen
1711 5461 1812 5501 una
1868 5454 1995 5501 sunt

407 5544 694 5611 nativitas,
716 5542 928 5596 sieutet
954 5538 1207 5607 Verbum,
1231 5553 1338 5613 quo
1359 5539 1410 5593 in
1448 5538 1635 5609 priori,
1690 5550 1751 5595 ut
1801 5539 1872 5593 ita
1918 5540 2002 5593 lo-

404 5652 669 5711 quamur,
695 5634 966 5690 nativitate
1007 5630 1184 5687 omnia
1215 5629 1391 5685 divina
1416 5640 1473 5687 et
1499 5631 1802 5686 necessaria
1856 5630 1999 5687 dicta

407 5741 564 5800 sunt,
589 5738 645 5786 ct
673 5725 923 5791 Verbum,
955 5740 1061 5795 quo
1080 5721 1133 5777 iu
1160 5721 1436 5778 nativitate
1486 5721 1655 5778 altera
1694 5722 1834 5778 dicta
1879 5733 2005 5782 sunt

2102 4612 2388 4678 putabimus
2417 4609 2499 4666 his
2526 4614 2752 4682 vocibus,
2783 4633 2886 4670 non
2915 4626 3027 4672 erat
3075 4631 3354 4685 antequam
3388 4623 3591 4695 genitus
3610 4631 3707 4685 est,

2100 4703 2373 4756 anathema
2412 4704 2603 4775 dicere,
2664 4724 2781 4761 cum
2826 4725 2998 4764 omnes
3052 4715 3314 4783 fateantur
3362 4710 3559 4769 Filium
3614 4714 3713 4769 Dei

2101 4794 2278 4863 fuisse,
2306 4796 2608 4868 priusquam
2636 4800 2915 4855 secundum
2943 4819 3151 4858 carnem
3192 4818 3486 4861 nasceretur
3509 4821 3528 4860 :
3581 4823 3707 4879 cum

2101 4900 2209 4954 quo
2236 4896 2380 4941 stare
2408 4896 2638 4958 poterat,
2669 4892 2811 4961 qttod
2844 4894 3030 4949 Ariani
3059 4896 3393 4964 sentiebant,
3451 4899 3704 4955 eumdem

2105 4976 2299 5033 Filium
2321 4978 2466 5035 Patri
2482 4993 2810 5040 cozeternum
2825 4999 2934 5041 nou
2957 4987 3144 5053 fuisse,
3161 5005 3284 5044 cum
3308 5007 3428 5046 eum
3451 4994 3551 5063 ipsi
3573 5010 3711 5064 quo-

2106 5082 2211 5140 que
2240 5070 2517 5128 traderent
2549 5081 2785 5147 genitum
2817 5086 2943 5140 ante
2969 5096 3158 5136 omnes
3190 5092 3492 5149 creaturas,
3552 5093 3612 5139 ut
3654 5086 3708 5142 in

2110 5162 2196 5219 his
2236 5165 2485 5222 creandis
2506 5184 2572 5225 eo
2598 5170 2844 5227 ministro
2893 5182 3155 5231 uteretur.
3218 5176 3519 5249 imperator
3563 5179 3710 5235 Coit-

2113 5259 2379 5315 stantinus
2411 5260 2519 5316 alia
2544 5264 2752 5319 ratione
2782 5266 2998 5323 Arianae
3035 5268 3154 5339 ejus
3202 5271 3446 5325 formula:
3475 5274 3711 5340 proscri-

2115 5350 2285 5421 ptioni
2307 5366 2563 5411 assensus
2586 5356 2827 5429 proditur
2842 5359 2911 5415 ab
2926 5359 3118 5416 eodem
3148 5360 3383 5419 Eusebio
3408 5364 3457 5417 in
3478 5363 3710 5432 epistola

2115 5456 2434 5513 memorata,
2469 5458 2527 5504 ut
2547 5451 2831 5508 afﬁrmavit
2870 5468 3018 5508 num.
3072 5455 3139 5510 10
3182 5471 3305 5510 eum
3357 5455 3523 5513 fuisse
3561 5466 3719 5510 ante-

2115 5553 2275 5608 quam
2306 5551 2623 5599 nascerctur
2652 5543 2706 5599 in
2743 5544 2926 5615 Patre,
2978 5548 3394 5618 quandoquidem
3441 5559 3721 5615 antequam

2121 5642 2241 5689 actu
2272 5634 2449 5707 fuisset
2473 5638 2689 5709 genitus,
2715 5639 2826 5710 ipse
2855 5641 3083 5711 potentia
3110 5650 3217 5697 erat
3269 5644 3321 5696 in
3375 5641 3527 5696 Patre
3551 5683 3565 5706 ,
3598 5637 3719 5692 licet

2127 5742 2233 5786 non
2258 5727 2594 5804 gigneretur;
2619 5746 2737 5803 qua:
2769 5733 2975 5791 locutio
2998 5732 3097 5793 Dei
3123 5733 3313 5790 Filium
3352 5748 3455 5788 non
3505 5740 3726 5796 semper
