4242 6168
543 223 649 279 105

1942 229 1983 286 Ρ
1996 229 2499 289 ROLEGOMENA.

3744 235 3847 293 1οι

539 350 657 392 actu
678 337 866 405 fuisse,
894 353 994 395 nec
1023 339 1246 410 proinde
1266 340 1507 413 genitum
1558 343 1627 397 ab
1676 351 1883 398 aeterno
1929 343 2135 413 signiﬁ-
2161 354 2217 416 Α
2239 345 2433 399 scilicet
2457 362 2551 399 sua
2576 343 2670 399 illa
2711 344 3018 412 substantia,
3051 347 3107 400 in
3146 361 3251 410 qua
3296 346 3476 403 beatus
3528 365 3742 406 manens
3791 353 3847 406 in

539 446 688 487 cans.
744 431 957 488 Arianis
1003 434 1142 489 favct
1178 433 1564 503 apertissime:
1618 434 1720 489 nisi
1766 433 1908 490 forte
1937 436 2006 491 de
2047 436 2138 490 illo

539 525 705 595 priori
731 525 953 597 originis
972 525 1269 595 accipiatur
1314 541 1378 581 ca
1406 525 1751 598 ,protiositio,
1804 542 1913 597 quo
1966 526 2139 582 Filius

538 617 591 672 in
625 618 781 674 Patre
810 619 955 689 prius
982 619 1230 688 patentia,
1259 618 1385 675 dein
1411 629 1552 686 actu,
1581 619 1678 675 sed
1729 629 2020 690 utrumque
2066 619 2137 675 ab

538 723 741 769 aeterno
770 713 934 769 fuisse
958 713 1276 784 concipitur.
1309 713 1413 768 Alii
1439 728 1471 769 e
1498 725 1686 770 contra
1708 713 1929 769 Arianis
1967 721 2025 768 ut
2050 727 2138 769 se-

535 821 594 860 se
615 813 970 876 opponerent,
1004 805 1274 870 eamdem,
1323 822 1444 877 quae
1497 805 1585 862 hic
1629 822 1659 860 a
1690 804 1912 862 Zenone
1966 821 2137 860 usur-

536 907 713 968 patur.
747 897 1017 967 protulere
1046 895 1357 962 formulam.
1388 896 1536 965 Erat,
1568 909 1843 971 antequam
1889 914 2132 954 nascere-

535 997 637 1056 tur,
686 989 743 1043 in
788 987 946 1043 Patre
976 1004 997 1043 :
1050 990 1144 1045 sed
1196 1004 1260 1044 ea
1309 990 1758 1060 interpretatione
1814 992 2130 1057 utebantur,

532 1096 639 1152 qua
660 1080 787 1136 dum
809 1098 967 1137 uuam
987 1084 1068 1153 (ut
1093 1082 1303 1138 notavit
1327 1083 1650 1139 Philastrius
1671 1099 1793 1156 cap.
1827 1083 1977 1156 ΝΔ),
2005 1099 2131 1140 eva-

531 1173 663 1228 dere
679 1173 1017 1229 conabantur
1047 1174 1320 1240 haeresim,
1367 1174 1724 1232 aeternitatem
1760 1176 2131 1247 unitatemque

530 1268 845 1324 substantiae
866 1268 1047 1325 divino
1078 1269 1253 1325 Verbo
1281 1269 1681 1340 detrahentem,
1734 1271 2046 1327 incidebant
2074 1272 2126 1327 in

528 1362 713 1429 aliam,
762 1380 864 1434 qua
918 1379 1043 1419 eum
1089 1364 1385 1434 ingenitum
1434 1380 1499 1421 ac
1543 1366 1767 1437 proinde
1808 1366 2007 1423 Filium
2059 1368 2165 1445 ab_

528 1464 733 1543 aeterno
774 1471 883 1511 non
929 1455 1092 1512 fuisse
1135 1457 1496 1523 afﬁrmabant,
1544 1474 1706 1528 quam
1753 1457 2003 1515 haeresim
2048 1462 2129 1515 sic

526 1547 859 1620 Augusﬁnus
900 1564 965 1604 ex
1011 1548 1201 1606 eodem
1259 1549 1550 1607 Philastrio
1597 1552 1816 1608 brevius
1871 1551 2129 1607 describit

524 1639 669 1696 Haer.
703 1641 794 1707 80,
824 1656 942 1713 pag.
974 1640 1081 1709 25,-
1098 1648 1233 1697 tom.
1267 1642 1465 1701 8:Alia
1484 1644 1787 1716 sempiterne
1815 1654 1997 1698 natum
2022 1660 2125 1699 non

2241 440 2633 507 sempiternum,
2667 439 2922 507 omnibus,
2950 456 3066 506 quw
3090 439 3271 508 ltabet,
3330 442 3599 497 habentem
3646 442 3845 500 Filium

2241 531 2394 600 paria
2418 531 2724 603 procreavit.
2768 530 2964 587 Audin‘
3016 531 3293 589 Zenonem
3331 544 3538 610 .aperte
3589 536 3845 595 fatentem

2243 622 2465 689 Filium,
2496 622 2811 678 distinctum
2833 639 2864 678 a
2894 623 3076 693 Patre,
3109 632 3165 680 et
3185 627 3345 682 unius
3371 642 3494 682 cum
3527 627 3686 685 Patre
3714 631 3845 685 sub-

2240 715 2455 771 stantiae
2486 716 2757 781 existere;
2804 716 3002 786 quippe
3024 730 3185 787 quem
3211 716 3371 775 Pater
3392 718 3555 774 alium
3583 737 3638 775 se
3664 722 3843 792 genuit

2238 825 2303 862 ea:
2331 825 2404 872 se,
2438 808 2688 864 videlicet
2720 825 2785 863 ea:
2813 809 3104 863 iunascibili
3155 809 3446 879 substantia
3477 812 3672 879 Patris,
3719 830 3845 885 qua:

2236 903 2284 959 si
2310 902 2634 957 innascibilis
2663 913 2767 968 est,
2807 910 2863 959 et
2888 918 2954 959 ex
2981 903 3172 959 eadem
3227 904 3577 962 nihilominus
3618 922 3649 962 a
3681 907 3843 963 Patre

2234 994 2447 1065 genitus
2467 993 2569 1049 fuit
2603 992 2793 1058 Filius,
2825 994 3015 1050 eadem
3072 996 3257 1065 procul
3315 997 3478 1053 dubio
3529 999 3835 1055 substantia

2235 1088 2623 1144 communicari
2659 1088 2796 1145 Filio
2818 1089 3025 1156 debuit,
3059 1091 3163 1145 alia
3193 1106 3295 1147 nec
3324 1092 3530 1161 debuit,
3581 1110 3682 1150 nec
3741 1111 3841 1165 po-

2236 1182 2337 1236 tuit
2368 1201 2381 1234 :
2412 1181 2556 1238 unde
2583 1183 2746 1237 alium
2768 1200 2822 1238 se
2843 1198 2968 1239 vere
2996 1185 3236 1255 genuisse
3262 1187 3630 1257 cognoscitur,
3678 1188 3839 1242 aliam

2233 1274 2463 1340 scilicet,
2486 1289 2595 1330 non
2621 1275 2787 1342 aliud,
2811 1291 3040 1344 quorttm
3064 1276 3293 1332 alterum
3321 1279 3378 1333 τὸ
3409 1279 3571 1333 alium
3588 1293 3840 1351 personae

2233 1366 2638 1424 distinctionem
2668 1367 2864 1434 innuit,
2888 1368 3119 1423 alterum
3172 1378 3352 1426 autem
3396 1371 3455 1426 τὸ
3504 1388 3560 1425 se
3609 1370 3841 1426 adstruit

2233 1458 2591 1528 identitatem,
2625 1470 2680 1514 ut
2708 1470 2926 1526 vocant,
2957 1461 3154 1516 divinae
3187 1470 3411 1517 naturae.
3459 1461 3595 1519 llinc
3622 1478 3838 1534 quoque

2230 1553 2393 1610 Pater
2423 1570 2746 1625 procreasse
2769 1557 2999 1611 traditur
3026 1556 3222 1612 Filium
3272 1558 3421 1629 paria
3468 1559 3737 1616 habentem
3782 1560 3837 1613 in

2229 1648 2482 1714 omnibus,
2514 1664 2629 1720 qua:
2651 1647 2812 1703 Pater
2834 1649 2982 1703 habet
3016 1691 3030 1715 ,
3065 1650 3153 1705 ubi
3195 1651 3342 1721 paria
3381 1666 3476 1720 pro
3511 1652 3689 1705 eadem
3717 1651 3833 1707 dic-

523 1733 813 1808 intelligens
840 1733 1055 1800 Filium,
1107 1744 1258 1806 putat
1303 1736 1451 1791 illam
1480 1738 1798 1793 nativitatem
1819 1738 2119 1808 sumpsisse,
2155 1747 2204 1808 B
2231 1748 2341 1794 tum
2374 1749 2478 1805 est,
2534 1738 2695 1807 idque
2749 1751 2835 1796 est
2884 1739 3117 1796 eamdem
3161 1741 3322 1812 plane
3378 1741 3502 1797 Filii
3553 1743 3834 1815 Patrisque

521 1836 800 1895 atempore
846 1828 1089 1885 initium:
1120 1840 1165 1884 et
1194 1838 1361 1885 tamen
1408 1831 1581 1887 uolens
1610 1839 1921 1886 cowteruum
1972 1830 2124 1886 Patri

522 1920 722 1976 Filium
754 1923 1011 1994 conﬁteri,
1043 1924 1182 1996 apud
1211 1923 1361 1979 illum
1385 1926 1564 1997 fuisse,
1592 1907 1869 1992 antequam
1921 1924 1985 1978 de
2030 1924 2122 1978 illa

522 2024 814 2070 nasceretur
833 2055 848 2081 ,
876 2015 1172 2082 existimat;
1202 2015 1300 2071 hoc
1328 2026 1403 2071 est
1433 2058 1448 2082 ,
1475 2032 1676 2087 semper
1699 2033 1813 2071 eum
1837 2016 2014 2086 fuisse,
2039 2031 2123 2070 ue-

521 2124 638 2162 rum
669 2117 835 2163 tamen
856 2124 1054 2181 semper
1080 2125 1194 2164 eum
1226 2106 1431 2164 Filium
1451 2125 1554 2164 non
1573 2109 1751 2176 fuisse,
1784 2107 1875 2163 sed
1913 2124 1977 2163 ea:
2022 2090 2121 2172 quo

522 2203 586 2258 de
612 2201 704 2258 illo
731 2214 883 2258 natus
904 2212 996 2271 est,
1027 2202 1226 2257 Filium
1257 2219 1367 2259 esse
1395 2203 1625 2275 coepisse.
1646 2201 1830 2273 Itaque
1855 2200 2121 2257 catholico

521 2294 640 2350 viro
709 2295 1028 2353 catholicam
1095 2297 1357 2354 adversus
1418 2297 1648 2353 Arianos
1721 2295 2119 2367 professionem

521 2387 730 2454 edenti,
757 2389 843 2445 vel
868 2387 1161 2445 omittenda
1179 2404 1400 2458 prorsus
1439 2388 1555 2444 haec
1601 2388 1816 2444 dicendi
1865 2386 2117 2453 formula,

518 2479 649 2537 licet
672 2480 879 2537 eisdem
910 2482 1154 2553 opposita
1185 2480 1355 2538 videri
1386 2483 1577 2551 possit,
1607 2489 1665 2535 ut
1691 2481 1889 2550 placuit
1916 2480 2119 2535 Hilario

521 2572 618 2628 lib.
662 2589 737 2629 xu
770 2573 838 2630 de
865 2573 1149 2642 Trinitate,
1179 2588 1331 2628 num.
1356 2573 1447 2641 5|,
1476 2572 1563 2628 vel
1587 2587 1710 2627 cum
1740 2571 1810 2627 de
1841 2570 2118 2626 nativitate

517 2666 1037 2724 cssetcuinArianis
1058 2667 1317 2738 quaestio,
1366 2666 1437 2722 ita
1473 2665 1543 2722 de
1595 2664 1783 2720 eadem
1835 2663 2117 2735 explorate

516 2769 637 2817 erat
664 2761 1044 2833 proﬁtendum,
1075 2771 1134 2817 ut
1159 2778 1228 2816 ne
1259 2760 1386 2831 quid
1415 2759 1762 2831 suspicionis,
1816 2760 1900 2814 vel
1936 2757 2114 2813 ambi-

515 2852 736 2925 guitatis
785 2852 1093 2909 afferretur.
1126 2853 1182 2907 lu
1214 2852 1318 2907 hoc
1343 2863 1526 2907 autem
1578 2849 1687 2906 duo
1737 2848 2112 2921 prospicienda

515 2945 750 3001 maxime
772 2944 988 3001 fuerunt
1011 2961 1027 3011 ;
1060 2945 1292 3015 primum
1316 2953 1377 2999 ut
1403 2944 1475 2998 ita
1495 2942 1663 2999 Filius
1684 2942 1752 2998 ab
1773 2949 1983 2997 aeterno
2003 2949 2115 2996 tra-

514 3036 734 3093 deretur
754 3036 922 3093 fuisse
951 3037 1005 3093 in
1031 3035 1209 3100 Patre,
1241 3043 1300 3091 ut
1327 3034 1488 3092 simul
1534 3035 1696 3091 fuerit
1743 3034 2033 3090 distinctus
2081 3048 2111 3088 a

2226 1834 2566 1889 substantiam
2590 1834 2860 1901 conﬁteri,
2892 1851 3052 1906 quam
3092 1836 3216 1892 aliis
3269 1836 3598 1894 testimoniis
3645 1850 3832 1910 aperte

2227 1924 2556 1981 declaratum
2583 1943 2614 1982 a
2643 1926 2863 1982 Zenone
2888 1927 3016 1981 alibi
3041 1926 3401 1983 ostendimus.
3762 1930 3773 1937 ”

2297 2016 2435 2072 Dum
2477 2032 2636 2087 porro
2678 2026 2786 2083 tota
2825 2018 2940 2075 haec
2974 2020 3111 2075 ratio
3155 2031 3318 2090 atque
3366 2022 3627 2092 praeclara
3660 2023 3830 2078 Zeno-

2225 2108 2402 2164 nianae
2424 2108 2784 2166 confessionis
2811 2112 3077 2182 professio
3105 2111 3172 2167 ad
3194 2127 3315 2168 eam
3344 2112 3463 2168 Filii
3493 2116 3828 2172 nativitatem

2227 2204 2515 2270 pertineat,
2537 2202 2606 2258 de
2641 2219 2743 2272 qua
2772 2203 2984 2259 dixerat
3006 2202 3203 2270 :‘Erat,
3224 2214 3496 2277 antequam
3512 2218 3825 2274 nasceretur,

2222 2293 2278 2347 in
2300 2291 2460 2348 Patre
2485 2294 2699 2366 aequalis
2720 2296 2774 2350 in
2798 2295 3034 2351 omnibus
3052 2312 3071 2362 ;
3089 2297 3177 2352 hic
3192 2308 3371 2353 autem
3388 2309 3559 2354 status
3578 2299 3668 2355 ille
3686 2299 3828 2357 idem

2222 2388 2292 2443 sit
2335 2403 2399 2445 ac
2442 2389 2531 2460 qui
2574 2406 2601 2442 a
2632 2388 2853 2445 Zenone
2881 2390 3004 2445 aliis
3045 2391 3222 2446 verbis
3262 2391 3549 2461 exponitur
3603 2401 3762 2449 tract.
3793 2394 3829 2449 4

2225 2488 2279 2536 ct
2301 2480 2368 2546 5,
2394 2497 2559 2552 quum
2588 2482 2785 2537 Filium
2825 2483 2877 2536 in
2918 2482 3095 2538 Patris
3120 2482 3452 2539 conscientia
3483 2484 3715 2539 velatum
3744 2494 3827 2540 at-

2221 2588 2324 2643 que
2349 2573 2601 2629 latentem
2625 2573 2893 2644 prodidit:
2915 2573 3029 2644 jam
3055 2576 3229 2644 palam
3250 2574 3464 2631 tandem
3492 2586 3605 2643 est,
3631 2576 3824 2632 Filium

2220 2664 2371 2721 hisce
2412 2681 2627 2736 quoque
2673 2666 2726 2720 iu
2761 2666 3079 2722 tractatibus
3102 2682 3204 2737 pro
3231 2682 3298 2723 eo
3337 2682 3553 2738 quoque
3580 2676 3724 2723 statu
3771 2678 3828 2725 ct

2217 2772 2347 2813 vere
2392 2758 2635 2828 genitum
2690 2767 2853 2829 atque
2898 2757 3209 2813 distinctum
3259 2775 3289 2814 a
3336 2758 3530 2823 Patre,
3578 2767 3634 2814 et
3679 2759 3824 2814 Patri

2219 2850 2479 2919 aequalem
2510 2864 2573 2905 ac
2599 2849 2841 2919 ejusdem
2874 2852 3050 2916 planae
3094 2850 3409 2905 substantiae
3439 2867 3466 2902 τι
3497 2849 3716 2905 Zenone
3739 2867 3826 2906 se-

2216 2956 2278 2997 se
2306 2941 2408 2997 hoc
2456 2941 2579 2997 loco
2623 2941 2754 2996 satis
2795 2955 3067 3011 superque
3111 2942 3415 3012 explicante
3456 2941 3696 2997 habitum
3736 2958 3827 2996 as-

2215 3042 2531 3103 sertumque
2561 3033 2746 3088 fuisse.
2781 3033 2879 3089 Eat
2909 3048 3052 3089 nunc
3081 3032 3364 3101 Petavius,
3398 3042 3453 3089 et
3475 3043 3598 3104 pust
3624 3035 3817 3090 recita-

515 3128 698 3195 I’atre,
738 3139 794 3185 et
824 3129 997 3184 Patris
1052 3128 1220 3185 Filius
1266 3127 1437 3185 fuisse
1483 3125 1815 3183 indicaretur
1873 3134 2059 3196 aperte
2092 3141 2107 3193 ;
2139 3135 2184 3198 ί)
2217 3137 2327 3183 tum
2352 3136 2553 3183 textum
2581 3126 2928 3182 :Proceditin
2946 3128 3381 3195 natiuitatem,qui
3404 3138 3824 3200 erat,antequam

514 3231 773 3292 praeterea
805 3236 931 3278 vero
948 3228 1006 3275 ut
1028 3220 1389 3275 afﬁrmaretur
1404 3218 1627 3289 aequalis
1666 3217 1811 3273 Patri
1839 3216 2114 3288 ejusdem—

512 3330 619 3386 que
642 3328 766 3370 cum
795 3314 954 3370 Patre
974 3313 1309 3378 substantiae,
1340 3320 1398 3368 ut
1420 3329 1490 3369 ne
1509 3316 1632 3383 quis
1663 3309 1976 3366 inferiorem
2005 3309 2109 3363 Pa-

513 3409 580 3464 tri
611 3408 804 3463 Filium
832 3408 1089 3479 colligere
1117 3418 1324 3479 posset.
1359 3406 1659 3478 Utrumque
1698 3415 1877 3461 autem
1922 3414 2112 3460 auctor

511 3500 615 3557 hoc
637 3502 775 3572 ipso,
816 3505 902 3557 cui
939 3500 1055 3556 hanc
1101 3500 1330 3556 lormula
1391 3500 1592 3556 inserta
1650 3507 1769 3565 est,
1802 3498 1855 3552 in
1880 3508 2110 3553 tractatu

510 3597 781 3669 praestitit.
805 3596 1047 3653 Primum
1078 3596 1211 3652 satis
1236 3596 1290 3651 in
1323 3605 1437 3652 tuto
1459 3594 1636 3666 posuit
1658 3592 1828 3664 prima
1864 3592 2106 3663 periodo,

507 3706 631 3748 cum
659 3689 853 3746 Filium
885 3691 937 3746 in
965 3690 1086 3746 sinu
1117 3689 1293 3745 Patris
1325 3689 1503 3744 adhuc
1552 3689 1807 3744 latentem
1837 3728 1851 3753 ,
1908 3684 2109 3741 Filium

508 3800 637 3841 vere
659 3784 827 3843 fuisse
854 3785 1164 3851 afﬁrmavit,
1196 3800 1321 3843 eum
1349 3799 1380 3839 a
1413 3783 1573 3840 Patre
1599 3794 1723 3838 aue
1748 3780 1925 3838 omnia
1956 3779 2104 3848 Filii,

507 3896 611 3936 non
631 3880 741 3936 sine
760 3879 971 3949 a/I'ectu,
995 3868 1092 3935 seti
1119 3880 1230 3935 sine
1271 3879 1576 3935 reuelamine
1621 3878 1919 3949 amplexum
1969 3876 2108 3930 scri-

505 3975 675 4039 bens;
708 3990 811 4041 qua
841 3988 972 4030 sane
992 3972 1225 4030 formula
1252 3971 1445 4027 Filium
1477 3971 1531 4026 in
1554 3970 1713 4026 Patre
1758 3968 1927 4024 fuisse
1977 3981 2106 4023 vere

508 4064 699 4123 Filium
729 4065 930 4131 docuit,
962 4079 1027 4121 ac
1066 4063 1293 4135 proinde
1314 4062 1510 4118 Filium
1531 4072 1670 4130 actu,
1700 4076 1807 4116 non
1852 4059 2103 4131 potentia,

506 4174 716 4216 necnon
744 4157 942 4214 Filium
969 4174 999 4212 a
1034 4157 1191 4212 l'atre
1219 4170 1345 4212 vere
1384 4156 1623 4226 genitum
1665 4161 1825 4224 atque
1875 4151 2103 4207 distinc-

506 4258 647 4319 tum,
702 4265 866 4323 quem
894 4250 970 4304 uti
998 4248 1159 4304 talem
1204 4248 1366 4304 Pater
1406 4246 1679 4317 antplexus
1708 4245 1813 4300 dici
1848 4244 2101 4315 potuerit.

504 4342 590 4399 Ab
615 4343 787 4400 altero
814 4349 994 4398 autem
1025 4341 1159 4396 satis
1186 4354 1457 4411 superque
1480 4338 1733 4409 cavitper
1765 4338 1877 4403 illa,
1909 4334 2106 4406 quibus

505 4436 754 4494 eumdem
789 4435 1010 4492 tradidit
1036 4436 1212 4504 fuisse,
1262 4444 1557 4506 antequam,
1615 4430 1851 4487 secunda
1898 4430 2107 4485 scilicet

2216 3231 2510 3276 nasceretur
2529 3261 2543 3286 ,
2571 3220 2627 3275 in
2655 3219 2816 3276 Patre
2834 3263 2849 3287 ,
2879 3221 3018 3275 hanc
3046 3221 3491 3295 consequentiam
3520 3220 3771 3277 obtrudat
3802 3240 3816 3275 :

2215 3313 2358 3388 Ergo
2400 3313 2598 3369 Filium
2618 3355 2634 3381 ,
2676 3324 2951 3385 antequam
2979 3332 3011 3368 a
3041 3313 3202 3369 Patre
3228 3315 3517 3386 gigneretur
3539 3356 3554 3382 ,
3582 3315 3636 3369 in
3665 3313 3824 3369 Patre

2214 3409 2465 3464 exstitisse
2486 3408 2780 3480 signiﬁcat;
2802 3407 3064 3481 generatio
3085 3423 3202 3462 vero
3223 3418 3268 3461 et
3290 3409 3532 3461 nativitas
3554 3418 3665 3461 tum
3688 3407 3787 3477 fuit
3801 3448 3818 3474 ,

2213 3517 2332 3555 cum
2357 3518 2439 3557 res
2466 3517 2642 3556 omnes
2673 3517 2945 3571 procreare
2982 3502 3140 3556 voluit
3160 3543 3174 3567 ,
3203 3510 3309 3557 etc.
3340 3500 3610 3572 lntegrum
3648 3502 3692 3555 si
3735 3518 3823 3556 re-

2211 3595 2435 3651 citasset
2458 3605 2508 3651 et
2534 3596 2934 3652 considerasset
2964 3606 3167 3652 textum
3186 3638 3201 3660 ,
3234 3611 3334 3651 nec
3354 3596 3628 3651 omisisset
3658 3597 3819 3652 verba

2211 3685 2279 3742 ad
2302 3702 2427 3743 eum
2458 3696 2654 3743 statum
2675 3730 2689 3754 ,
2722 3702 2830 3758 quo
2858 3687 3028 3742 Filius
3059 3687 3113 3741 in
3157 3687 3316 3743 Patre
3353 3687 3602 3755 exstitit,
3648 3689 3817 3758 perti-

2213 3781 2396 3836 neutia
2417 3821 2433 3848 ,
2465 3781 2717 3835 nimirum
2744 3780 2959 3851 aequalis
2997 3780 3050 3834 in
3079 3779 3314 3835 omnibus
3336 3824 3351 3848 ,
3387 3794 3487 3835 nec
3516 3780 3816 3851 subiectam

2212 3887 2339 3928 mox
2384 3873 2735 3943 praeteriisset
2777 3871 2936 3942 hujus
2976 3862 3302 3943 aequalitatis
3343 3874 3649 3931 rationem:
3682 3873 3820 3939 Quia

2215 3965 2372 4022 Pater
2396 3969 2451 4022 in
2479 3968 2649 4038 ipsum
2688 3968 2853 4021 alium
2880 3984 2933 4022 se
2971 3968 3146 4038 genuit
3183 3984 3249 4022 ea:
3276 3983 3362 4031 se;
3392 3967 3501 4038 jant
3534 3982 3718 4023 veram
3750 3983 3817 4024 ac

2211 4060 2428 4131 proprie
2450 4058 2644 4115 dictam
2686 4059 3089 4129 generationem
3123 4074 3220 4129 pro
3256 4059 3344 4114 illo
3387 4075 3602 4129 quoque
3626 4068 3769 4115 statu
3799 4102 3815 4129 ,

2208 4166 2316 4221 quo
2345 4151 2519 4207 Filius
2550 4153 2603 4207 in
2633 4151 2795 4207 Patre
2840 4150 2970 4219 fuit,
3010 4150 3269 4208 facillime
3307 4153 3685 4224 cognovisset;
3716 4169 3820 4209 nec

2211 4260 2308 4315 per
2336 4245 2497 4300 verba
2516 4287 2530 4312 ,
2564 4244 2806 4300 Procedit
2841 4245 2896 4299 in
2925 4245 3277 4313 nativitatem,
3307 4245 3393 4300 vel
3422 4260 3520 4316 per
3561 4246 3647 4300 illa
3667 4287 3684 4312 ,
3715 4263 3812 4301 an-

2207 4346 2406 4408 tequam
2431 4350 2755 4404 nasceretur,
2788 4340 3013 4408 primam
3034 4379 3048 4404 ,
3087 4338 3180 4393 sed
3209 4343 3433 4394 alteram
3465 4340 3752 4410 quamdam
3785 4356 3814 4395 a

2209 4429 2365 4484 nobis
2396 4430 2720 4499 explicatam
2747 4429 2874 4486 Filii
2908 4430 3243 4487 nativitatem
3267 4472 3282 4498 ,
3311 4446 3433 4503 quae
3459 4432 3647 4502 prima:
3680 4433 3814 4488 nihil

505 4528 804 4595 nativitate,
828 4536 1145 4593 nasceretur,
1202 4529 1257 4582 in
1309 4527 1470 4581 Patre
1490 4528 1737 4597 tequalem
1764 4524 1817 4577 in
1840 4521 2095 4576 omnibus.
2125 4528 2181 4591 1)
2207 4531 2501 4594 repugnat,
2530 4523 2885 4595 significatam
2917 4524 3291 4580 intellexisset.
3313 4523 3467 4592 Quod
3512 4527 3555 4580 si
3599 4524 3724 4594 quis
3750 4541 3813 4578 ea

507 4618 639 4693 [xci]
658 4620 751 4676 His
766 4620 908 4676 enim
930 4619 1218 4693 postremis
1239 4618 1422 4676 verbis
1442 4618 1507 4673 ad
1524 4618 1748 4690 primum
1764 4617 2099 4672 nativitatem

504 4712 898 4785 pertinentibus
927 4720 983 4769 et
1012 4727 1043 4768 a
1080 4711 1303 4769 Petavio
1331 4711 1548 4766 omissis
1579 4719 1938 4780 praeterquam
1959 4707 2101 4777 quod

504 4805 785 4862 afﬁrmans
833 4804 1026 4862 Filium
1083 4804 1337 4877 aequalem
1378 4801 1546 4868 Patri,
1601 4802 1853 4857 eumdem
1880 4815 1909 4853 a
1938 4800 2100 4856 Patre

502 4897 815 4957 distinctum
844 4899 1082 4955 afﬁrmat
1106 4900 1292 4969 (nemo
1312 4895 1458 4951 enim
1486 4895 1589 4951 sibi
1614 4895 1714 4966 ipsi
1747 4892 1971 4965 aequalis
1991 4895 2097 4950 dici

501 5004 700 5066 potest,
733 5009 857 5049 cum
883 4992 1161 5063 aequalitas
1190 4990 1419 5045 alterum
1466 4989 1773 5044 necessario
1818 4988 2095 5058 respiciat)

500 5088 707 5144 addens
730 5085 959 5142 subinde
987 5082 1237 5140 eumdem
1268 5081 1412 5135 Patri
1460 5079 1724 5152 aequalem
1754 5080 1810 5134 in
1838 5080 2093 5146 omnibus,

499 5180 747 5253 profecto
790 5178 1036 5235 eamdem
1086 5176 1263 5231 Patris
1315 5175 1672 5231 aeternitatem
1740 5173 2097 5245 eamdemque

406 5294 409 5297 ·
499 5271 855 5333 substantiam
906 5268 1045 5324 Filio
1089 5266 1329 5323 vindicat
1356 5307 1373 5333 ,
1424 5267 1543 5321 sine
1582 5264 1776 5337 quibus
1818 5265 1906 5321 hic
1948 5265 2093 5320 Patri

499 5363 723 5436 aequalis
740 5364 793 5417 iu
822 5359 1056 5416 omnibus
1083 5375 1193 5414 non
1215 5359 1422 5413 fuisset.
1450 5357 1590 5425 Quin
1620 5372 1743 5411 cum
1776 5355 1862 5411 hic
1884 5356 2098 5410 Arianae

498 5455 895 5528 controversiae
920 5468 1117 5525 scapus
1139 5461 1196 5508 et
1218 5460 1380 5524 caput
1404 5458 1570 5514 esset,
1600 5448 1658 5505 S.
1682 5448 1852 5516 Zeno,
1885 5463 1952 5503 ue
1978 5448 2099 5518 quis

498 5564 596 5608 sua
623 5548 693 5606 de
721 5547 991 5606 sententia
1029 5556 1213 5619 posset
1251 5543 1552 5617 ambigere,
1604 5542 1929 5613 locupletem
1960 5539 2101 5597 banc

496 5650 722 5702 asserta;
766 5640 1090 5713 aequalitatis
1130 5638 1397 5695 rationem
1437 5635 1618 5692 statim
1676 5634 1913 5705 adjecit:
1962 5632 2098 5700 Quia

491 5738 656 5797 Pater
680 5738 734 5792 in
763 5739 937 5815 ipsum
964 5738 1127 5792 alium
1156 5751 1211 5793 se
1235 5735 1409 5808 genuit
1455 5748 1518 5788 ea;
1558 5747 1634 5802 se,
1690 5746 1754 5788 ex
1801 5730 2096 5786 innascibili

2212 4617 2375 4672 verba
2401 4633 2413 4669 :
2446 4616 2581 4683 Quia
2610 4615 2767 4671 Pater
2794 4616 2847 4669 in
2884 4616 2998 4685 ipso
3026 4615 3189 4670 alium
3213 4632 3266 4671 se
3304 4617 3478 4688 genuit
3507 4633 3570 4671 ex
3596 4631 3651 4670 se
3687 4631 3813 4671 cum

2212 4708 2450 4780 reliquis,
2473 4724 2581 4763 non
2612 4723 2802 4764 eorum
2831 4709 3094 4765 rationem
3124 4723 3246 4765 esse
3271 4708 3400 4766 velit
3428 4707 3526 4781 (uti
3553 4724 3652 4763 nos
3680 4712 3810 4765 hac-

2210 4809 2369 4857 tenus
2396 4802 2864 4872 praesumpsimus)
2884 4813 3281 4873 postrentorum
3304 4804 3593 4859 verborum
3613 4802 3677 4858 ad
3702 4804 3813 4873 prio

2208 4910 2352 4949 ritum
2396 4894 2770 4966 occultamque
2814 4893 2938 4950 Filii
2992 4896 3326 4952 nativitatem
3375 4896 3758 4967 pertinentium
3795 4915 3807 4948 :

2208 4986 2339 5042 Erat
2359 5029 2376 5055 ,
2407 4997 2682 5059 antequam
2720 4997 3017 5042 nasceretur
3039 4989 3094 5042 in
3121 4987 3279 5043 Patre
3320 4988 3537 5059 aequalis
3566 4989 3618 5041 in
3645 4990 3811 5043 omni-

2208 5084 2298 5137 bus
2321 5098 2341 5148 ;
2371 5082 2467 5138 sed
2497 5082 2710 5138 illorum
2738 5081 2984 5138 Procedit
3009 5083 3063 5136 in
3106 5083 3420 5137 nativitatem
3438 5123 3455 5150 ,
3498 5083 3553 5137 in
3581 5081 3809 5137 alteram

2205 5174 2447 5238 scilicet,
2493 5188 2598 5245 qua
2642 5174 2812 5229 Filius
2856 5175 2910 5231 in
2951 5174 3174 5230 creandi
3218 5174 3366 5229 orbis
3414 5174 3699 5230 consilium
3741 5190 3809 5230 ex

2205 5280 2301 5321 ore
2317 5307 2332 5331 ,
2360 5265 2448 5321 vel
2477 5265 2641 5321 corde
2667 5264 2843 5322 Patris
2870 5268 3201 5336 processisse
3225 5265 3438 5321 duobus
3464 5264 3585 5320 aliis
3610 5273 3810 5321 tracta-

2205 5358 2348 5415 tibus
2375 5360 2410 5414 4
2440 5369 2495 5414 et
2536 5360 2569 5415 5
2598 5358 2827 5415 traditur
2856 5377 2869 5414 :
2900 5373 3023 5414 cum
3063 5360 3232 5430 prima
3262 5359 3351 5415 illa
3394 5360 3645 5415 nativitas
3689 5359 3810 5415 aliis

2204 5465 2270 5505 ex
2298 5450 2479 5506 verbis
2503 5450 2724 5506 defensa
2766 5454 2900 5505 satis
2947 5450 3141 5519 fuerit,
3166 5451 3219 5507 id
3247 5451 3379 5507 nihil
3402 5451 3671 5519 oﬁ'eudet,
3696 5452 3807 5508 into

2207 5556 2339 5599 vero
2362 5541 2562 5599 favebit
2590 5542 2762 5599 multo
2789 5544 2991 5614 magis;
3021 5544 3198 5615 palam
3253 5545 3397 5600 enim
3427 5546 3521 5602 ﬁet
3557 5545 3807 5603 eumdem

2204 5633 2401 5691 Filium
2429 5676 2443 5701 ,
2474 5644 2634 5705 quem
2658 5650 2725 5691 ex
2753 5636 2925 5705 prima
2968 5635 3058 5691 illa
3101 5636 3381 5693 nativitate
3424 5652 3530 5693 non
3558 5638 3737 5692 minus
3776 5654 3806 5692 at

2204 5728 2362 5786 Patre
2391 5728 2735 5799 distinctum,
2781 5744 2941 5799 quam
2991 5731 3239 5802 a'qttalem
3282 5728 3337 5786 in
3378 5731 3611 5786 omnibus
3657 5729 3808 5788 Patri
