4242 6168
416 164 527 220 105

1416 158 1875 221 DlSSER'l‘ATlO
1914 159 1983 227 ll,
2027 158 2120 217 DE
2161 163 2222 218 S.
2268 164 2432 225 ΖΕΝ.
2480 168 2851 229 DOCTBINA.

3753 206 3863 271 i06

413 274 637 331 aliunde
671 272 1174 344 deprehendimus,
1206 291 1271 331 ex
1315 275 1418 332 hac
1447 291 1659 348 quoque
1690 274 1861 330 altera
1904 272 2043 327 nati-
2072 276 2127 336 Α
2153 273 2289 343 fuit,
2316 295 2444 338 cum
2485 285 2645 340 Pater
2672 283 2743 338 ab
2787 292 2998 342 aeterno
3045 287 3262 349 dixerit
3311 293 3371 352 in
3421 295 3664 377 Verbo,
3705 333 3861 393 qum,

414 371 581 393 “2--.-
611 378 883 393 ΜΙΑ--ιιιω
916 377 959 393 ..ι
1011 368 1270 393 ,νυ-..ΔΙΑ-..ι
1308 368 1449 393 n-.._:
1536 369 1880 393 -2-.-..I-m....n
1915 380 2034 393 Λιι-νι
2150 383 2384 393 Α.......---
2431 391 2443 393 -
2608 377 2647 393 n-
2698 374 2818 393 AIA".
2978 382 3011 393 ιΔ
3222 388 3235 393 -

414 371 583 425 vitate
610 378 885 422 internum
912 377 966 422 et
1010 368 1273 439 aequalem
1307 368 1480 434 Patri,
1530 369 1882 440 ejusdemque
1913 380 2035 421 cum

415 461 578 517 Patre
621 457 953 516 substantia:
1000 459 1070 515 ab
1109 459 1346 517 Auctore
1396 462 1597 532 pariter
1644 460 1887 531 agnitum
1915 499 1930 524 ,
1982 467 2041 514 ιιι

420 551 540 625 ejus
584 552 820 608 rationis
851 552 1021 609 verba
1051 568 1116 609 ac
1136 555 1425 623 sententia:
1448 570 1621 626 nuper
1644 552 2041 609 animadversa:

416 647 741 704 declarant:
774 662 886 718 quo
934 646 1004 702 ad
1049 648 1428 705 revincendam
1470 658 1635 705 totam
1678 646 1884 704 Petavii
1915 661 2042 702 cen-

417 756 634 805 suram,
667 750 1033 813 nostramque
1079 743 1577 812 interpretationem
1604 742 2041 800 constituendam

415 833 759 911 luculentius
789 832 978 890 all‘erri
1009 834 1141 890 nihil
1171 844 1364 906 potest.

450 967 611 1042 [seu]
658 967 690 1041 ᾗ
722 966 844 1026 VII.
877 998 951 1009 —
982 970 1427 1026 Antenictenorum
1477 970 1691 1028 Patrum
1729 989 1763 1027 a
1806 970 2009 1026 Petavii

855 1064 1092 1119 censuris
1131 1063 1299 1121 breves
1344 1066 1602 1121 vindiciw.

497 1208 576 1262 De
605 1205 836 1262 Zenone
875 1203 990 1275 jam
1020 1204 1151 1260 satis
1177 1218 1465 1275 superque.
1498 1202 1638 1259 Nihil
1668 1210 1936 1274 praeterea
1982 1201 2049 1258 de

415 1303 546 1358 aliis
597 1301 899 1364 Patrihus,
942 1296 1067 1368 quia
1111 1310 1141 1351 a
1178 1295 1399 1352 Petavio
1440 1294 1605 1352 simili
1649 1308 1886 1350 censura
1928 1310 2051 1362 per—

411 1397 770 1465 stringuntur
793 1435 810 1460 ,
849 1390 1052 1447 addere
1079 1388 1305 1444 instituti
1336 1388 1511 1444 nostri
1550 1388 1691 1443 ratio
1721 1385 2047 1457 postularet.

2147 383 2391 443 cumque
2420 377 2658 432 creanda
2689 374 3053 448 deliberavit,
3085 395 3142 440 et
3188 388 3330 444 sine
3361 407 3493 460 qua
3534 374 3696 465 actus
3720 374 3859 473 illo-

2147 474 2269 514 rum
2312 479 2441 522 esse
2488 484 2597 522 non
2644 476 2895 538 poterat,
2946 488 3071 530 eum
3123 488 3331 536 actum
3379 500 3713 573 consequi,
3758 523 3855 566 seu

2146 556 2326 609 creari
2358 559 2495 614 nihil
2522 560 2776 631 potuerit
2802 563 2925 621 sine
2952 568 3177 638 Verbo,
3209 591 3331 644 per
3357 588 3526 651 quod
3569 556 3854 658 O'lll—lt'iaval;

2147 655 2363 765 aeterno
2389 651 2632 707 dicenda
2654 693 2670 718 ,
2700 662 2759 708 et
2787 656 2844 712 in
2876 669 3130 732 tempore
3173 674 3448 732 creanda
3506 651 3849 765 fuererdnid

2148 749 2218 790 ex
2261 735 2348 793 his
2391 757 2526 796 cum
2572 754 2737 800 antea
2779 748 2949 809 dictis
2990 772 3102 813 non
3149 760 3330 831 plane
3374 735 3688 840 convenis
3711 735 3849 842 Eu;

2149 829 2561 933 Athenagoras
2584 835 2793 898 Filium
2820 845 2973 924 λόγον
3015 852 3071 907 itt
3102 829 3276 914 Patre
3318 862 3388 918 ab
3667 829 3848 933 tua;

2151 923 2378 992 scribit,
2403 937 2478 981 ut
2525 927 2698 987 Pater
2725 950 2885 996 esset
2924 947 3249 1023 rationalis;
3286 955 3498 1022 Filium
3532 973 3721 1045 utique
3750 984 3847 1025 ac-

2151 1020 2422 1125 cipitprp
2459 1032 2766 1125 eis-tatu,
2799 1034 2857 1091 iu
2889 1055 3001 1111 quo
3046 1043 3207 1104 Pater
3236 1066 3299 1107 se
3343 1053 3526 1125 ipsum
3565 1020 3849 1123 ac‘ldivina

2152 1114 2339 1218 omnia
2381 1113 2447 1167 in
2487 1113 2668 1227 ‘Filio
2695 1136 2956 1199 cognovit
2980 1153 2995 1202 ;
3023 1153 3089 1195 ac
3128 1113 3548 1227 proinde-167w
3587 1163 3864 1220 rationem

2156 1206 2631 1323 interptftatur,
2678 1232 2787 1274 non
2827 1222 3101 1299 Verbum,
3136 1248 3427 1308 propterea
3463 1206 3615 1319 quod
3660 1254 3770 1308 hoc
3814 1257 3875 1323 in

2156 1307 2305 1354 statu
2348 1297 2551 1401 Pater
2600 1311 2989 1375 consideretur
3014 1297 3095 1381 uti
3134 1297 3584 1406 rationalis,1seu
3636 1297 3877 1422 cogn;

2156 1405 2320 1447 scens
2363 1404 2631 1503 omJnIa,
2670 1416 3037 1484 quascumque
3084 1419 3253 1480 Deum
3303 1404 3645 1503 respiciunt;

560 1454 591 1465 ν
795 1454 807 1460 ν
1721 1454 1733 1457 -
2615 1454 2630 1464 υ
2677 1454 3037 1484 ηι--η-...Ὶυυ
3084 1454 3253 1480 υσυιιι
3303 1454 3390 1486 res
3414 1454 3444 1488 ll
3486 1454 3498 1489 Ι
3627 1458 3645 1469 ·

412 1494 488 1544 At
536 1487 806 1557 quoniam
859 1498 966 1538 non
1017 1471 1188 1537 solum
1238 1480 1618 1549 interpretatio
1664 1474 1867 1536 nostra
1929 1479 2051 1535 aliis
2157 1500 2250 1541 res
2278 1479 2614 1557 creandas,
2646 1499 2795 1564 quod
2839 1506 3074 1577 attinet,
3128 1515 3265 1572 nihil
3312 1454 3886 1585 δεέιξιῖιξξνρὲξιηξᾱ

412 1592 642 1651 quoque
689 1573 957 1632 Patrihus
997 1572 1328 1643 explicandis
1376 1571 1695 1643 plerumque
1745 1572 2046 1639 inserviet;

415 1670 519 1727 sed
548 1670 717 1726 etiam
750 1683 817 1723 ex
849 1666 1012 1722 simili
1040 1672 1120 1719 tot
1151 1665 1364 1719 Patrum
1393 1664 1666 1721 locutione
1688 1705 1705 1733 ,
1753 1681 1882 1736 quae
1925 1680 2049 1721 eas-
2079 1672 2135 1733 Β
2158 1685 2322 1742 quam
2352 1672 2626 1733 rationem
2659 1681 3143 1756 interpre'andum

419 1763 552 1820 dem
591 1754 787 1817 ferme‘
820 1757 1061 1815 Zenonis
1106 1755 1361 1811 formulas
1399 1758 1688 1823 continet,
1741 1772 1846 1812 nec
1886 1758 2047 1813 aliam

423 1872 593 1929 quam
623 1863 875 1910 nostram
907 1850 1318 1922 esplicationem
1347 1849 1659 1905 idemtidem
1684 1855 1884 1920 patitur
1902 1893 1916 1914 ,
1944 1868 2049 1907 ma-

415 1951 687 2008 nifestum
720 1947 887 2018 plane
909 1943 1146 1999 futurum
1174 1952 1288 2009 est,
1319 1954 1375 1999 et
1399 1958 1510 2013 quo
1537 1958 1606 1997 ex
1634 1942 1779 1998 fonte
1806 1942 2047 2001 Zenonis

415 2045 628 2102 locutio
679 2039 954 2106 manarit,
1001 2047 1056 2092 et
1105 2045 1342 2091 nostram
1387 2035 1892 2103 interpretationem
1939 2054 2045 2092 non

413 2155 485 2196 ex
518 2137 743 2208 ingenio
782 2133 1033 2189 eductam
1053 2171 1070 2199 ,
1098 2130 1195 2186 sed
1238 2145 1296 2186 re
1335 2131 1451 2200 ipsa
1475 2171 1490 2195 ,
1520 2131 1565 2185 si
1611 2145 1718 2184 non
1750 2131 1933 2186 verbis
1966 2144 2048 2188 to-

417 2231 625 2292 tidem,
655 2227 868 2297 aliquot
894 2224 1115 2279 Patrum
1146 2222 1468 2277 testimoniis
1495 2221 1747 2277 traditam
1767 2263 1781 2287 ,
1815 2222 2044 2279 iisdem-

413 2339 533 2396 .que
559 2316 909 2391 exponendis
941 2320 1427 2387 peropportunam,
1476 2330 1546 2369 ne
1575 2313 1819 2369 dicamus
1850 2330 2044 2372 neces-

416 2418 629 2475 sariam
653 2456 669 2482 ,
716 2409 1023 2468 habendam
1054 2424 1216 2465 esse:
1247 2408 1317 2465 de
1345 2408 1575 2479 singulis
1618 2408 1797 2479 aliqua
1830 2412 2047 2481 paucis-

416 2511 621 2575 simis,
668 2521 832 2578 qnam
881 2503 1049 2570 licet,
1100 2501 1279 2557 verbis
1329 2502 1763 2559 animadvertere
1818 2504 2041 2572 placuit.

417 2601 635 2661 Petavii
666 2594 941 2652 accusatio
982 2594 1247 2649 adversus
1280 2594 1487 2660 Patres,
1517 2596 1607 2665 qni
1634 2592 1868 2651 Nicaeum
1899 2596 2044 2668 Syn-

419 2699 539 2758 odo
587 2705 953 2766 praeessem,
1008 2688 1188 2745 eidem
1234 2687 1351 2744 fere
1406 2689 1596 2744 nititur
1647 2686 1933 2757 formulae,
1982 2706 2047 2747 ac

422 2808 550 2867 quae
579 2791 633 2844 in
678 2783 904 2839 Zenone
934 2783 1266 2850 reprehensa
1295 2780 1418 2839 fuit.
1452 2780 1588 2835 Audi
1622 2781 1798 2851 ipsum
1830 2780 1900 2838 de
1926 2798 2046 2838 om-

422 2886 592 2942 nibus
635 2898 741 2938 una
786 2882 1098 2951 loquentem
1141 2876 1235 2931 lib.
1279 2889 1298 2928 1
1347 2872 1416 2928 de
1457 2871 1752 2938 Trinitate,
1797 2887 1920 2944 cap.
1972 2874 2041 2941 5,

421 2993 588 3035 num.
616 2977 683 3043 7,
727 2985 1009 3046 postquam
1052 2985 1244 3028 eorum
1294 2968 1603 3024 testimonia
1631 2967 1997 3024 consideravit
2027 2986 2041 3022 :

2159 1579 2376 1650 piatur;
2419 1593 2550 1683 qua
2614 1589 2731 1645 sola
2786 1594 2861 1651 de
2901 1615 3064 1657 causa
3110 1605 3257 1683 λόγον
3315 1579 3537 1676 Verbum

2161 2137 2358 2195 deinde
2404 2151 2653 2213 tempore
2704 2163 2831 2205 cum
2884 2153 3098 2211 etlectte
3145 2137 3373 2219 fuerint-
3392 2183 3492 2236 per
3524 2137 3795 2245 Verbum:

2153 2232 2277 2303 jure
2302 2250 2488 2291 earum
2512 2239 2854 2308 efﬁcientiam
2884 2246 3065 2316 ipsum
3097 2250 3334 2310 Verbum
3363 2232 3621 2330 appellat.
3656 2232 3787 2324 Haec

2156 2326 2202 2381 si
2235 2337 2417 2384 mente
2459 2339 2679 2400 teneas,
2731 2337 2939 2395 Petavii
2989 2341 3203 2413 objecta
3234 2326 3662 2423 legere'poteris
3683 2402 3698 2427 ,
3728 2371 3787 2417 et

2154 2430 2345 2475 cuncta
2388 2435 2486 2478 sua
2531 2436 2733 2493 sponte
2774 2431 2974 2489 cadere
3001 2438 3185 2493 statim
3238 2439 3522 2515 invenies,
3555 2459 3616 2505 ut
3646 2452 3782 2508 nihil

2153 2518 2415 2582 prmterea
2447 2514 2659 2574 addere
2691 2535 2917 2578 necesse
2943 2525 3033 2578 sit.

2227 2601 2471 2676 [xcnt]ld
2502 2607 2685 2676 ipsum
2704 2612 2866 2681 plane
2891 2630 2957 2670 ex
2975 2616 3071 2671 illo
3087 2618 3299 2677 Tatiani
3331 2627 3648 2687 tesnmonio
3662 2633 3779 2690 col-

2153 2695 2668 2769 ligerelicet,qnem
2688 2704 2948 2764 Petavius
2977 2710 3169 2767 eodem
3191 2716 3371 2785 capite
3402 2718 3567 2777 latine
3597 2725 3781 2781 reddit

2151 2790 2231 2845 sic
2250 2807 2376 2846 num
2395 2791 2429 2847 5
2451 2810 2463 2846 :
2487 2792 2635 2852 Deus
2666 2811 2776 2855 erat
2793 2802 2846 2855 in
2862 2804 3153 2875 principio;
3171 2810 3484 2883 principium
3501 2826 3675 2873 autem
3690 2836 3780 2880 ra-

2151 2882 2306 2936 tionis
2337 2898 2445 2938 esse
2480 2891 2769 2955 potentiam
2795 2896 3108 2964 accepimus.
3139 2882 3347 2955 Etenim?
3372 2903 3633 2963 Dominus
3658 2926 3773 2965 om-

2151 2975 2292 3028 nium
2319 2992 2433 3031 cum
2462 2979 2575 3047 ipse
2603 2984 2761 3038 totius
2784 2997 2913 3041 esset
2938 2990 3162 3045 universi
3185 2994 3471 3051 substantia
3489 3040 3503 3065 ,
3525 3012 3775 3066 quatenus

419 3070 605 3144 19,-“,
630 3085 734 3123 ηοη
753 3067 886 3122 num
915 3074 1206 3121 νειεηιηι...
1234 3072 1408 3160 tum-a
1435 3075 1676 3132 supremo
1698 3058 1813 3160 Deo
1841 3077 1902 3115 ac
1934 3060 2043 3115 Pa—
2068 3057 2117 3123 C
2149 3068 2294 3123 nulla
2327 3069 2499 3124 adhuc
2531 3085 2642 3129 erat
2672 3076 2814 3146 facta
2849 3092 3088 3137 creatura
3109 3124 3123 3150 ,
3154 3086 3295 3141 solus
3322 3057 3575 3146 exstabat.
3622 3094 3769 3160 Qua-

421 3175 502 3219 tre
534 3162 851 3233 productum
876 3174 986 3214 esse
1012 3157 1252 3211 dixerunt
1284 3151 1512 3217 Filium,
1544 3167 1659 3206 cum
1688 3152 1821 3206 hanc
1868 3168 2043 3208 rerum

422 3256 817 3313 universitatem
840 3253 1058 3308 condere
1084 3248 1300 3313 statuit,
1334 3254 1388 3299 ut
1416 3244 1566 3299 illum
1594 3244 1731 3299 velut
1751 3245 2044 3300 ministrum

424 3349 737 3405 adhiberet:
761 3361 913 3416 quam
941 3343 1247 3399 sententiam
1274 3337 1367 3391 alii
1391 3336 1585 3391 clarius
1608 3380 1623 3404 ,
1656 3336 1922 3393 obscurius
1950 3337 2044 3392 alii

425 3441 750 3516 signiﬁcant,
769 3437 856 3493 sed
892 3437 977 3491 isti
1004 3438 1131 3507 fere,
1161 3431 1540 3502 Athenagoras,
1564 3427 1843 3494 Tatianus,
1872 3427 2042 3485 Theo-

425 3535 632 3607 philus.
649 3529 1015 3591 Tertullianus,
1037 3537 1082 3581 et
1094 3519 1536 3579 Lactantius.Pro
1549 3517 1891 3591 Athenagora
1910 3522 2043 3576 satis

433 3626 681 3697 loquitur
697 3622 839 3679 idem
853 3621 944 3677 ille
965 3628 1167 3684 textus,
1188 3629 1357 3687 quem
1376 3613 1885 3684 Petaviusopposuit
1903 3613 1995 3669 lib,
2023 3629 2041 3668 ι

430 3720 508 3776 de
527 3717 724 3774 Trinit.
745 3759 761 3784 ,
789 3731 909 3786 cap.
939 3716 1004 3781 5,
1034 3729 1185 3769 num.
1219 3711 1286 3776 ις
1323 3706 1520 3764 ibidem
1551 3706 1695 3761 enim
1722 3707 1920 3762 diserte
1949 3706 2032 3762 ad-

430 3811 611 3870 seruit
649 3811 813 3867 Deum
842 3808 1041 3863 habere
1082 3804 1284 3861 Filium
1309 3842 1327 3867 ,
1365 3800 1455 3870 qui
1483 3808 1566 3854 est
1601 3797 1823 3853 Verbum
1870 3798 2042 3853 Patris

428 3908 487 3962 in
531 3903 651 3960 idea
693 3913 743 3959 et
785 3902 1095 3974 efficientia,
1132 3897 1225 3954 ubi
1255 3895 1377 3949 idea
1420 3891 1565 3948 dicta
1612 3902 1695 3948 est
1737 3893 1803 3947 de
1825 3890 2038 3957 Verbo,

427 4008 703 4072 quatenus
732 3997 785 4050 in
811 4010 877 4051 eo
900 3994 1083 4051 omnia
1104 3991 1174 4047 ab
1196 3996 1410 4045 aeterno
1433 3984 1574 4041 dicta
1600 3995 1746 4051 sunt,
1763 3984 2042 4057 efﬁcientia

427 4102 620 4149 autem
640 4089 709 4144 de
737 4097 857 4143 actu
876 4096 1132 4151 externo,
1160 4096 1272 4153 quo
1296 4078 1482 4136 omnia
1509 4094 1604 4149 per
1633 4078 1774 4135 idem
1801 4078 2039 4135 Verbum

432 4194 567 4242 sunt
597 4180 832 4237 condita.
865 4178 956 4235 Illa
985 4193 1115 4233 vero
1137 4218 1151 4244 ,
1185 4189 1309 4245 quae
1339 4177 1495 4242 urget
1522 4170 1774 4227 Petavius
1797 4212 1812 4236 ,
1844 4170 2040 4241 quibus

428 4277 812 4345 Athenagoras
846 4271 990 4328 hunc
1028 4269 1228 4326 Filium
1275 4274 1435 4320 vocat
1466 4264 1834 4337 primogeniam
1866 4262 2040 4317 Patris

433 4369 770 4444 progeniem,
816 4382 916 4420 non
960 4363 1108 4435 quasi
1149 4364 1325 4433 [actus
1367 4356 1435 4411 sit
1476 4358 1532 4422 (a
1561 4359 1814 4429 principio
1851 4357 2041 4429 quippe

2149 3170 2294 3215 tenus
2336 3177 2453 3215 vero
2513 3171 2622 3219 tota
2666 3169 2740 3223 vis
2773 3182 2821 3224 et
2866 3173 3126 3242 potentia,
3159 3192 3220 3230 ac
3263 3188 3368 3232 tam
3409 3197 3588 3237 eorum
3611 3225 3627 3251 ,
3656 3200 3770 3255 qua:

2146 3252 2313 3307 videri
2339 3266 2552 3325 possunt
2573 3299 2588 3322 ,
2621 3276 2779 3328 quam
2813 3280 2930 3333 qua:
2967 3268 3132 3322 videri
3160 3284 3448 3341 nequeunt,
3479 3252 3768 3336 substantia

2147 3355 2255 3399 erat
2288 3345 2429 3416 ipse,
2457 3364 2577 3403 cum
2605 3368 2667 3405 eo
2689 3366 2834 3410 erant
2872 3360 3068 3413 omnia.
3102 3359 3244 3416 Nam
3273 3381 3389 3419 cum
3417 3366 3531 3435 ipso
3558 3386 3651 3441 per
3678 3388 3767 3425 ra-

2145 3435 2387 3491 tionalem
2416 3439 2518 3493 vim
2543 3442 2686 3515 λόογος
2713 3445 2849 3515 ipse,
2872 3450 2964 3516 qui
2981 3450 3037 3504 in
3062 3452 3153 3506 illo
3173 3464 3322 3524 erat,
3350 3435 3615 3525 produxit.
3660 3462 3766 3516 Vo-

2146 3527 2344 3582 luntate
2373 3547 2527 3598 porro
2556 3534 2905 3604 simplicitatis
2931 3540 3093 3613 ipsius
3114 3544 3262 3619 λόγος
3287 3549 3495 3616 erupit,
3524 3552 3612 3621 qui
3651 3554 3738 3623 qui

2146 3621 2262 3676 dem
2292 3625 2469 3678 nonin
2494 3642 2713 3682 vacuum
2743 3647 3013 3697 emanans,
3030 3637 3408 3708 primogenium
3427 3658 3558 3710 Opus
3584 3642 3763 3701 Patris

2145 3715 2265 3786 fuit.
2292 3715 2426 3772 Cum
2453 3718 2715 3783 Tatianus
2734 3725 3048 3797 principium
3070 3732 3121 3784 in
3144 3729 3337 3788 Grteco
3360 3745 3508 3789 textu
3540 3737 3763 3793 deﬁniat

2144 3811 2297 3885 λόγου
2321 3809 2538 3888 δυναμὶν
2560 3856 2575 3879 ,
2607 3831 2709 3871 vox
2742 3828 2926 3875 autem
2962 3821 3113 3896 λόγου
3142 3839 3303 3895 quam
3351 3829 3569 3884 rationis
3597 3847 3761 3886 voca-

2145 3902 2272 3959 bulo
2309 3904 2560 3961 Petavius
2592 3910 2791 3967 vertit.
2828 3910 3047 3967 Verbum
3079 3915 3253 3985 ipsum
3293 3918 3562 3990 significet
3586 3923 3758 3992 (unde

2154 3993 2308 4051 Verbi
2338 4000 2618 4069 potentiam
2656 4000 2910 4072 vulgatus
2948 4003 3225 4075 lnterpres
3268 4011 3502 4067 reddidit
3530 4030 3627 4084 pro
3673 4032 3761 4069 ra-

2144 4087 2298 4143 tionis
2319 4093 2616 4161 potentiam.
2637 4102 2693 4149 et
2712 4095 2926 4163 melius,
2950 4099 3214 4167 siquidem
3242 4118 3345 4156 vox
3373 4103 3561 4161 Graeca
3585 4108 3754 4181 λόγος,

2141 4195 2264 4237 cum
2294 4198 2381 4239 res
2408 4191 2624 4241 creatas
2670 4188 2929 4257 respicit,
2975 4189 3193 4247 Verbum
3223 4195 3401 4263 potius
3436 4215 3597 4269 quam
3624 4204 3754 4257 ratio

2143 4275 2419 4332 reddenda
2450 4287 2534 4333 est
2564 4295 2628 4334 ex
2658 4279 2964 4351 Augustino
2986 4284 3161 4352 nuper
3182 4285 3444 4361 laudato),
3471 4292 3747 4361 palamfit,

2143 4368 2385 4440 principii
2435 4371 2693 4437 nomine,
2720 4372 2796 4426 uti
2836 4387 2866 4425 a
2911 4373 3140 4430 Tatiano
3187 4379 3524 4451 explicatur,
3568 4385 3749 4454 ipsum

431 4462 585 4519 Deus
604 4503 620 4528 ,
647 4448 830 4530 quiest
854 4466 1045 4513 wterna
1074 4469 1216 4509 mens
1238 4494 1253 4519 ,
1286 4448 1502 4504 habebat
1532 4451 1585 4503 in
1622 4467 1675 4543 se
1719 4451 1830 4543 ipso
1853 4450 1997 4543 λᾷογον
2019 4490 2034 4517 ,
2062 4449 2116 4510 Ι)
2151 4457 2373 4513 Verbum
2426 4470 2679 4530 oportere
2722 4461 2984 4534 intelligi,
3026 4465 3181 4534 cujus
3221 4469 3439 4538 quidem
3480 4448 3705 4543 potentia
3728 4520 3743 4543 ,

429 4556 491 4609 id
519 4564 598 4609 est
623 4551 877 4605 rationem
898 4590 914 4616 ,
942 4564 1056 4603 cum
1084 4557 1335 4602 veternum
1359 4543 1425 4596 sit
1454 4538 1745 4612 rationalis)
1772 4541 1861 4596 sed
1886 4541 1959 4595 ita
1986 4551 2038 4596 ut

434 4664 560 4705 cum
587 4645 799 4700 materia
823 4652 1058 4699 concreta
1096 4640 1303 4704 omnia,
1350 4637 1680 4707 informisque
1717 4646 1931 4701 natura,
1960 4643 2042 4689 at-

435 4758 539 4815 que
558 4750 695 4796 terra
719 4739 879 4793 instar
900 4736 1115 4792 vehiculi
1133 4733 1477 4808 subjiciuntur
1490 4772 1506 4799 ,
1527 4732 1582 4786 in
1601 4733 1762 4802 iisque
1787 4730 2041 4786 crassiora

436 4832 712 4889 levioribus
740 4829 958 4884 admista
986 4829 1091 4883 sint
1111 4870 1126 4893 ,
1159 4826 1228 4881 ad
1253 4824 1352 4880 hoc
1377 4833 1431 4877 ut
1452 4822 1567 4877 idea
1593 4833 1640 4877 et
1660 4833 1803 4878 actus
1830 4823 2041 4877 illorum

433 4933 605 4987 esset,
634 4922 920 4990 prodierit:
954 4920 1072 4976 hmo
1089 4961 1103 4985 ,
1130 4920 1381 4987 inquam,
1408 4916 1559 4971 nobis
1581 4915 1762 4972 favent
1788 4914 2033 4972 mirifice.

436 5018 499 5073 lu
530 5016 718 5086 primis
742 5015 887 5069 enim
919 5013 1112 5068 Filium
1144 5012 1285 5065 hunc
1316 5009 1458 5081 λόγον
1483 5008 1842 5080 appellatum,
1875 5022 2035 5079 quem

444 5109 700 5164 rationem
725 5107 1138 5177 interpretatur,
1164 5104 1234 5159 ab
1264 5112 1468 5158 aeterno
1496 5101 1549 5157 in
1579 5103 1737 5158 Patre
1767 5102 1932 5159 fuisse
1959 5101 2038 5156 af-

444 5201 664 5268 firmat,
700 5211 756 5254 ut
799 5199 956 5255 Pater
982 5206 1230 5253 veternum
1273 5194 1541 5250 rationalis
1588 5195 1753 5251 fuisse
1793 5195 2034 5251 dicatur:

436 5310 556 5368 quo
600 5292 786 5350 eodem
830 5300 1152 5363 argumento
1190 5297 1246 5346 et
1287 5287 1610 5345 Athanasius
1645 5295 1704 5345 et
1749 5288 2039 5360 Gregorius

435 5388 719 5462 Nyssenus
740 5396 795 5441 et
818 5385 911 5440 alii
931 5383 1228 5440 Patres‘usi
1255 5391 1381 5439 sunt
1400 5425 1415 5450 ,
1448 5392 1505 5438 ut
1531 5383 1769 5472 divinum
1801 5381 2031 5439 Verbum

437 5494 707 5540 internum
752 5480 917 5535 fuisse
945 5477 1160 5534 Ariauis
1188 5476 1618 5534 demonstrarent
1654 5493 1666 5531 :
1710 5477 1804 5532 sed
1849 5492 2036 5533 rursus

437 5575 714 5651 prodiisse
740 5575 904 5642 illud,
952 5575 1156 5641 inquit,
1193 5574 1411 5630 creandi
1456 5573 1604 5631 orbis
1642 5588 1835 5643 causa,
1871 5575 2035 5631 veluti

436 5675 614 5731 idenm
650 5685 834 5729 rerum
871 5667 1255 5733 creandarum,
1284 5683 1405 5739 quin
1438 5667 1510 5727 ab
1546 5678 1750 5728 aeterno
1788 5668 2035 5742 profecto

935 5766 1211 5827 ιἈΤιιοι..
1260 5763 1372 5826 XI.

2144 4566 2239 4608 seu
2266 4552 2450 4606 virtute
2481 4554 2800 4623 (utrumque
2820 4554 2968 4609 enim
3004 4570 3108 4611 vox
3135 4556 3324 4615 Grmca
3348 4561 3556 4639 δύναμις
3584 4566 3751 4636 signi-

2145 4641 2310 4698 ﬁcare
2349 4644 2562 4716 potest)
2593 4644 2771 4700 omnia
2808 4645 3024 4702 condita
3064 4658 3231 4716 sunt,
3263 4662 3321 4707 ut
3366 4655 3419 4710 in
3449 4656 3746 4729 Scripturis

2144 4737 2579 4804 traditur;unde
2615 4749 2668 4795 et
2708 4739 3021 4810 principium
3059 4757 3240 4798 rerum
3285 4749 3524 4806 omnium
3557 4755 3748 4811 rectis-

2146 4833 2283 4889 sime
2318 4832 2514 4888 dicitur
2537 4875 2550 4898 ,
2574 4833 2716 4905 quod
2755 4849 2954 4890 nomen
2994 4834 3060 4907 ad
3082 4851 3253 4891 rerum
3277 4840 3524 4912 originem
3554 4845 3749 4908 referri

2146 4926 2263 4992 ipse
2282 4925 2532 4982 Petavius
2558 4927 2830 4983 observat.
2867 4929 3047 4998 Itaque
3076 4930 3165 4985 ubi
3193 4931 3451 4990 Tatianus
3478 4938 3554 4993 ait
3577 4939 3747 4999 Deum

2145 5018 2312 5074 fuisse
2340 5020 2392 5073 in
2421 5020 2833 5091 principio,cum
2865 5022 3171 5094 principium
3196 5025 3266 5079 sit
3290 5024 3465 5095 ipsum
3497 5031 3740 5103 Verbum,

2145 5108 2247 5165 Dei
2275 5110 2493 5165 nomine
2520 5109 2734 5166 Patrem
2765 5112 3094 5183 intelligens,
3115 5114 3259 5172 hunc
3282 5118 3465 5191 utique
3490 5124 3542 5179 in
3578 5124 3744 5187 Verbo

2144 5202 2313 5258 fuisse
2355 5203 2587 5268 fatetur,
2617 5204 2774 5258 sicuti
2827 5219 2951 5261 mox
2995 5206 3180 5279 λόγον,
3214 5208 3266 5265 id
3304 5221 3388 5267 est
3429 5212 3643 5273 Verbum
3687 5224 3744 5278 in
3800 5238 3803 5241 π

2145 5297 2258 5367 ipso
2288 5296 2400 5352 Deo
2426 5295 2586 5352 Patre
2611 5294 2777 5352 fuisse
2799 5308 2984 5369 aperte
3012 5302 3212 5368 tradit;
3235 5304 3430 5364 quibus
3456 5320 3744 5384 utrumque

2143 5400 2199 5448 et
2224 5407 2469 5463 semper,
2498 5401 2551 5446 et
2575 5389 2819 5461 ejusdem
2852 5394 3168 5451 substantia:
3207 5396 3372 5455 fuisse
3401 5404 3572 5469 palam
3606 5406 3745 5463 insi.

2143 5494 2293 5539 nuat.
2328 5482 2403 5538 ita
2444 5497 2608 5554 porro
2656 5483 2858 5537 dictum
2895 5483 2982 5540 hic
3022 5501 3049 5537 a
3092 5485 3318 5541 Tatiano
3356 5502 3407 5544 et
3436 5492 3647 5549 Patrem
3686 5500 3744 5556 in

2145 5576 2344 5647 Verbo,
2374 5588 2429 5635 et
2454 5575 2691 5633 Verbum
2716 5576 2768 5631 in
2795 5575 2955 5633 Patre
2981 5593 3069 5646 per
3106 5577 3256 5633 Verbi
3277 5582 3505 5641 virtutem
3524 5602 3746 5656 semper-

2140 5670 2310 5733 fuisse
2333 5713 2349 5742 ,
2379 5667 2836 5745 quemadmodum
2864 5669 3117 5745 superius
3147 5670 3518 5747 Athenagoras
3544 5680 3750 5750 proba-

3179 5761 3216 5820 b-
