4242 6168
482 268 591 329 10⁸1

1836 290 1839 291 ν
1859 246 2400 310 PROLEGOMENA.

3688 236 3794 307 tc's

482 385 563 441 vit
583 383 799 438 Patrem
827 391 1042 447 semper
1067 374 1320 431 habuisse
1345 371 1509 446 λόγον,
1524 369 1651 439 quia
1679 379 1893 436 semper
1918 363 2089 420 ratio-
2117 367 2173 426 Α
2195 364 2514 423 divisionem
2544 371 2674 436 puto
2716 361 3021 435 signiﬁcare
3045 403 3060 430 ,
3093 370 3151 417 ιιι
3178 361 3343 419 vertit
3375 363 3649 434 interpres
3671 406 3685 427 ,
3719 366 3796 422 :til

484 480 622 536 nalis
651 477 770 533 fuit.
794 472 920 531 Fuit
941 470 1195 529 nimirum
1217 480 1432 537 semper
1455 464 1619 521 Pater
1639 462 1693 517 iu
1715 460 1894 517 Verbo
1917 498 1932 525 ,
1963 471 2086 513 cum

483 573 605 630 sine
631 562 813 629 Verbo
841 582 949 624 non
985 563 1178 621 fuisset
1205 561 1397 627 Pater;
1423 567 1479 616 et
1504 555 1833 631 principium
1868 553 1985 623 ipse
2003 565 2092 606 re-

484 682 604 724 rum
648 665 749 721 fuit
780 678 870 735 per
891 661 1127 717 uirtutem
1165 655 1315 712 Verbi
1344 654 1524 711 omnia
1554 649 1787 708 creanda
1818 646 2006 704 dicens
2035 643 2089 699 in

484 757 698 823 Verbo,
729 769 836 825 quo
884 753 928 809 si
977 750 1271 815 caruisset,
1311 745 1445 802 nihil
1485 743 1711 801 dixisset
1751 737 2044 797 creandum
2078 776 2093 803 ,

483 868 550 910 ac
578 847 806 924 proinde
844 845 1173 919 principium
1207 856 1389 897 rerum
1424 836 1785 894 creandarum
1815 842 2089 902 nunquam

483 946 693 1003 fuisset.
746 942 915 997 Porro
963 936 1234 1009 loquitur,
1278 933 1359 990 uti
1403 930 1670 996 diximus,
1702 928 1807 982 hoc
1849 925 1903 980 in
1942 928 2092 978 textu

481 1038 745 1095 Tatianus
766 1033 833 1091 de
862 1032 1040 1088 Verbo
1064 1039 1338 1099 tamquam
1358 1038 1542 1080 rerum
1566 1020 1922 1077 creandarum
1946 1015 2096 1087 prin-

482 1132 664 1203 cipio;
718 1143 783 1184 ac
821 1125 1050 1199 proinde
1092 1121 1406 1194 praesumit,
1439 1115 1658 1182 omnia,
1691 1127 1811 1184 quae
1859 1106 2093 1165 creauda

479 1225 737 1289 fuerunt,
762 1222 817 1278 in
858 1221 966 1276 hoc
994 1217 1176 1275 Verbo
1215 1213 1355 1270 dicta
1398 1212 1468 1267 ab
1513 1218 1720 1266 aeterno
1769 1206 1956 1261 fuisse.
2003 1203 2094 1260 Sic

483 1319 704 1392 quidem
731 1310 1073 1385 intelligitur,
1104 1324 1262 1381 quam
1293 1306 1486 1362 idonea
1513 1304 1586 1360 sit
1620 1303 1741 1373 ejus
1780 1298 1911 1355 dicti
1931 1296 2091 1363 ratio,

482 1390 614 1469 Cum
638 1427 695 1466 eo
716 1452 731 1477 ,
758 1408 874 1464 Deo
901 1405 1137 1471 scilicet,
1165 1411 1309 1458 erant
1335 1399 1541 1465 omnia,
1566 1396 1693 1452 dum
1722 1394 1897 1463 inquit
1922 1409 1934 1444 :
1964 1390 2094 1446 Cum

477 1505 592 1577 ipso
636 1502 772 1557 enim
799 1514 891 1573 per
930 1496 1233 1553 rationalem
1256 1494 1498 1548 virtutem
1526 1489 1697 1561 ipsum
1741 1498 1941 1557 quoque
1967 1481 2095 1537 Ver-

484 1574 636 1658 bum,
664 1593 801 1665 quod
830 1593 885 1647 in
934 1592 1047 1661 ipso
1098 1597 1203 1644 erat
1223 1629 1238 1655 ,
1264 1585 1544 1657 produxit;
1576 1577 1830 1652 produxit
1883 1574 2093 1633 scilicet

2190 457 2311 527 ipse
2339 456 2637 526 Petavius),
2670 465 2725 512 ut
2753 472 2815 511 ne
2844 465 3023 511 tamen
3053 454 3263 511 Patrem
3285 455 3398 511 sine
3428 454 3600 511 Verbo
3626 457 3794 514 relin-

2192 559 2405 623 queret;
2436 551 2629 622 quibus
2670 550 2849 605 verbis
2874 548 3133 604 Tatianus
3172 564 3233 604 se
3271 546 3574 606 credidisse
3595 550 3794 606 contir-

2195 652 2346 711 mat,
2373 642 2588 699 Patrem
2613 655 2829 712 semper
2858 640 3025 697 fuisse
3053 654 3176 697 cum
3206 640 3389 697 Verbo
3409 681 3425 707 ,
3455 656 3557 698 nec
3596 643 3664 699 ab
3694 643 3797 700 hoc

2194 749 2255 791 se
2289 750 2349 792 se
2384 734 2817 792 communicante
2855 733 3020 790 rebus
3045 731 3246 789 creatis
3277 742 3384 789 tam
3414 733 3602 790 multis
3629 733 3798 792 fuisse

2190 826 2442 884 relictum
2463 872 2479 897 ,
2522 828 2720 899 quippe
2745 825 2886 898 quod
2915 839 2979 882 ea
3008 824 3427 882 communicatio
3452 825 3661 894 Verbi,
3689 841 3796 899 qua

2195 923 2251 979 in
2276 930 2355 978 tot
2378 936 2468 977 res
2492 928 2702 977 creatas
2729 918 2966 975 manavit
2988 918 3257 984 exterius,
3278 933 3389 974 non
3409 918 3654 975 abscissio
3681 918 3798 975 fue-

2195 1020 2269 1075 rit
2310 1016 2555 1090 ejusdem
2586 1015 2747 1072 Verbi
2774 1031 2805 1070 a
2837 1015 2998 1071 Patre
3019 1054 3036 1083 ,
3069 1029 3166 1072 seu
3204 1014 3406 1073 divisio
3450 1014 3654 1071 intima:
3679 1014 3800 1086 ejus

2195 1109 2510 1166 substantia:
2535 1151 2550 1175 ,
2579 1122 2705 1178 qua,
2733 1104 2965 1163 Verbum
2994 1104 3047 1161 in
3074 1105 3257 1172 Patre,
3279 1111 3336 1161 et
3352 1104 3522 1161 Pater
3543 1104 3597 1161 in
3619 1105 3801 1162 Verbo

2196 1218 2413 1275 semper
2460 1202 2703 1271 exstitit,
2730 1201 2825 1258 sed
2853 1214 3000 1256 mera
3032 1197 3198 1254 fuerit
3233 1197 3479 1269 ejusdem
3508 1198 3800 1270 participa-

2196 1296 2265 1351 tio
2290 1338 2307 1363 ,
2335 1288 2446 1366 qua'
2466 1295 2641 1364 ipsum
2664 1291 2928 1358 Verbum,
2955 1299 3009 1346 et
3038 1306 3134 1362 per
3161 1289 3401 1347 Verbum
3433 1290 3575 1346 Deus
3607 1290 3721 1360 ipse
3744 1290 3799 1346 in

2195 1386 2392 1444 creatis
2432 1387 2597 1443 rebus
2637 1386 2839 1443 elucet.
2890 1383 2997 1442 Sed
3025 1383 3094 1440 de
3122 1383 3350 1440 Tatiano
3378 1382 3542 1440 nimis
3571 1381 3800 1439 fortasse

2196 1481 2386 1537 multa.

2268 1572 2315 1627 A
2336 1569 2642 1643 TheOphilo
2666 1568 3028 1637 Antioclteno,
3054 1581 3215 1637 quem
3239 1567 3490 1625 Petavius
3510 1582 3612 1623 suo
3637 1566 3800 1623 modo

477 1688 660 1744 omnia
676 1653 702 1752 ’,
734 1702 855 1758 qua:
886 1683 1089 1739 idcirco
1113 1695 1236 1736 cum
1268 1680 1381 1735 Deo
1427 1674 1646 1731 fuerunt
1665 1672 1735 1727 ab
1765 1674 2001 1734 interno,
2032 1674 2092 1723 ut
2119 1749 2163 1758 __
2194 1673 2595 1721 commentatur
2625 1653 2817 1720 eodem
2846 1679 2965 1735 cap.
2999 1664 3053 1730 5,
3085 1678 3233 1718 num.
3260 1660 3314 1727 ϐ,
3344 1662 3557 1718 brevius
3588 1676 3687 1718 nos
3708 1676 3801 1717 ex-

479 1749 819 1854 probandum
850 1779 1053 1833 Auctor
1094 1776 1406 1842 sumpserat
1432 1786 1444 1824 :
1469 1774 1652 1832 recte,
1676 1776 1801 1818 nam
1845 1774 1966 1815 cum
2002 1749 2170 1829 per-3
2200 1760 2517 1833 pediemus:
2552 1774 2675 1814 nam
2716 1759 2858 1833 λόγον
2884 1759 3123 1813 intimum
3168 1757 3222 1811 in
3263 1757 3537 1833 visceribus
3560 1758 3669 1813 suis
3696 1756 3799 1813 Pa~

480 1845 789 1934 nationatem
807 1913 822 1939 ,
855 1887 951 1929 seu
981 1868 1254 1926 locutivam
1284 1865 1521 1920 virtutem
1546 1859 1751 1925 omnia,
1778 1870 1899 1927 quae
1940 1860 2089 1925 post-
2191 1863 2331 1910 trem
2376 1853 2630 1909 habuisse
2657 1852 2834 1924 palam
2868 1850 3066 1906 fatetur
3090 1865 3107 1916 ;
3133 1864 3294 1921 quem
3322 1845 3470 1925 λόγον
3495 1847 3543 1905 si
3572 1849 3796 1921 genitum

478 1985 542 2028 ea
592 1969 733 2025 facta
782 1975 942 2029 sunt,
991 1978 1021 2017 a
1060 1962 1175 2017 Deo
1209 1958 1372 2015 Patre
1415 1955 1557 2011 dicta
1602 1960 1656 2009 ct
1702 1951 1775 2005 ita
1822 1945 2086 2019 quodam-

479 2061 643 2119 modo
680 2058 941 2131 producta
975 2054 1176 2110 fuerint
1204 2051 1261 2107 in
1302 2049 1404 2103 hoc
1430 2045 1642 2114 Verbo,
1668 2041 1854 2099 omnia
1890 2040 1944 2094 in
1982 2037 2086 2091 hoc

434 2210 442 2215 _
475 2151 662 2210 Verbo
696 2157 995 2207 erantcum
1029 2144 1152 2201 ‘Deo
1173 2185 1189 2212 ,
1218 2151 1276 2199 et
1322 2140 1485 2197 simul
1525 2151 1647 2193 cum
1690 2136 1803 2190 Deo
1837 2138 1996 2189 erant
2029 2136 2086 2185 et

474 2247 666 2312 Pater,
699 2243 792 2316 qui
823 2240 961 2298 dixit
1001 2238 1181 2294 omnia
1208 2277 1223 2303 ,
1253 2246 1308 2291 et
1333 2232 1570 2290 Verbum
1592 2272 1609 2298 ,
1652 2229 1707 2283 ln
1752 2242 1859 2298 quo
1902 2222 2083 2281 omnia

476 2338 621 2397 dicta
652 2345 799 2395 sunt.
832 2334 986 2404 Quod
1007 2332 1051 2387 si
1083 2331 1201 2386 haec
1219 2327 1577 2385 aeternitatem
1604 2330 1872 2395 spectant,
1895 2326 2082 2374 natum

473 2431 659 2503 itaque
687 2443 718 2485 a
758 2428 924 2484 Patre
947 2425 1206 2481 Tatianus
1244 2418 1592 2493 praesumpsit
1636 2416 1704 2472 ab
1732 2424 1938 2470 aeterno
1980 2413 2084 2466 hoc

474 2501 713 2578 Verbum
736 2561 753 2589 ,
776 2521 897 2577 sine
936 2534 1046 2588 quo
1091 2533 1197 2570 non
1241 2513 1419 2569 solum
1459 2509 1594 2566 nihil
1632 2505 1963 2572 creandum,
1986 2501 2083 2559 sed

474 2631 580 2672 nec
612 2614 846 2671 Verbum
872 2612 1063 2668 fuisset
1082 2652 1097 2678 ,
1130 2624 1230 2664 nec
1261 2606 1441 2662 Pater.
1472 2601 1540 2659 Et
1567 2603 1684 2658 haec
1703 2600 1920 2671 quidem
1951 2612 2078 2668 pro-

469 2708 659 2763 ductio
678 2715 883 2762 aeterna
912 2717 1094 2759 rerum
1121 2701 1174 2756 in
1205 2698 1386 2755 Verbo
1404 2696 1557 2752 illam
1579 2693 1749 2750 Verbi
1768 2689 2081 2764 generatio-

470 2813 597 2857 nem
625 2796 931 2854 subindicat
953 2838 967 2863 ,
1002 2808 1124 2865 quas
1154 2807 1260 2847 non
1290 2803 1471 2845 rerum
1490 2830 1503 2854 ,
1535 2773 1634 2842 sed
1663 2784 1823 2839 Verbi
1863 2780 2081 2853 propria

469 2889 752 2964 generatio
780 2897 895 2954 est,
923 2902 1044 2942 cum
1070 2900 1177 2939 non
1206 2892 1313 2940 tam
1338 2881 1670 2940 divinorum,
1701 2890 1858 2947 quam
1886 2887 2082 2929 crean—

394 3048 407 3053 λ
468 2985 664 3042 dorum
697 2982 933 3038 Verbum
957 2977 1030 3034 sit
1057 2976 1190 3032 illud
1210 3018 1225 3045 ,
1257 2973 1401 3047 quod
1433 2974 1593 3028 Pater
1612 2970 1690 3026 ab
1719 2978 1924 3024 aeterno
1945 2980 2075 3037 pro-

468 3079 588 3151 prie
617 3077 840 3149 genuit,
873 3089 995 3131 cum
1035 3082 1091 3128 et
1131 3071 1307 3127 divina
1345 3076 1401 3125 et
1447 3065 1683 3123 creanda
1725 3064 1898 3119 dixit:
1930 3060 2076 3134 quod

469 3136 765 3243 imumque
790 3136 891 3225 etsi
932 3165 1094 3224 simul
1121 3165 1188 3222 ab
1218 3172 1425 3220 mterno
1448 3160 1650 3217 dictum
1675 3157 1808 3225 fuit,
1836 3156 2077 3211 humano
2103 3136 2151 3205 C

469 3275 652 3323 tamen
680 3263 937 3335 loquendi
968 3273 1121 3317 more
1149 3258 1299 3330 prius
1332 3257 1565 3313 alterum
1590 3296 1606 3322 ,
1636 3254 1862 3309 alterum
1894 3260 2077 3321 poste-

469 3363 584 3419 rius
623 3359 826 3416 dictum
858 3354 1161 3426 concipitur
1183 3393 1198 3419 ,
1230 3362 1289 3423 ut
1325 3352 1378 3406 in
1409 3349 1627 3405 Zenone
1663 3346 2071 3417 explicavimus.

469 3454 602 3511 Cum
631 3464 797 3525 porro
826 3450 941 3505 haec
961 3444 1242 3520 generatio
1271 3458 1380 3499 non
1402 3456 1615 3509 rerum,
1642 3439 1735 3495 sed
1764 3438 1927 3495 Verbi
1947 3451 2073 3509 pro.

468 3550 586 3619 pria
617 3547 726 3612 sit;
757 3546 858 3601 etsi
886 3556 974 3598 res
1006 3554 1103 3612 per
1128 3539 1276 3594 illam
1307 3537 1376 3593 ab
1403 3544 1608 3591 aeterno
1635 3532 1909 3605 productae
1932 3571 1947 3598 ,
1972 3545 2071 3586 seu

468 3642 625 3699 dictae
668 3636 724 3693 in
776 3634 951 3692 Verbo
976 3676 990 3701 ,
1034 3641 1143 3688 tum
1176 3645 1283 3685 non
1331 3636 1449 3682 actu
1475 3668 1490 3695 ,
1521 3625 1619 3681 sed
1670 3623 1852 3679 uirtute
1895 3622 2070 3677 solum

468 3731 812 3798 exstiterint,
838 3736 1103 3800 quatenus
1131 3738 1229 3796 per
1252 3721 1415 3794 hujus
1440 3719 1600 3777 Verbi
1627 3717 1695 3773 ab
1721 3726 1928 3773 aeterno
1947 3724 2073 3770 actu

468 3836 524 3883 et
555 3841 681 3882 vere
710 3822 840 3881 editi
869 3820 1125 3877 virtutem
1155 3814 1407 3873 crcandae
1435 3812 1659 3869 fuerunt
1687 3810 1741 3865 in
1786 3818 2067 3879 tempore;

466 3923 642 3990 ipsmn
672 3925 859 3972 tamen
879 3910 1121 3970 Verbum
1148 3924 1253 3964 non
1286 3918 1537 3979 permqne
1565 3904 1752 3958 virtute
1771 3903 1950 3957 solum
1974 3942 1987 3967 ,
2013 3909 2074 3954 ut

465 4009 689 4068 Petavio
715 4008 888 4064 visum
911 4014 1015 4071 est,
1046 4000 1139 4058 sed
1170 4009 1286 4055 actu
1306 4014 1332 4052 a
1364 3999 1522 4053 Patre
1549 3994 1750 4051 editum
1779 3994 1846 4048 ab
1868 4001 2073 4048 mtcrno

466 4101 725 4158 Tatiauns
753 4098 996 4161 censuit,
1029 4094 1105 4149 uti
1135 4108 1203 4150 ex
1233 4102 1346 4147 tcto
1375 4096 1637 4145 contextu
1679 4086 1941 4141 hactenus
1977 4099 2073 4139 ex-

465 4195 669 4269 plicato
693 4194 881 4264 liquet.
913 4190 969 4244 ld
992 4195 1205 4255 autem,
1232 4184 1378 4257 quod
1406 4184 1527 4239 dein
1559 4180 1709 4236 addit
1740 4198 1754 4235 :
1792 4178 2071 4234 Voluntate

466 4301 621 4359 porro
664 4281 1009 4355 simplicitatis
1040 4278 1204 4349 ipsius
1244 4277 1425 4350 λόγος,
1462 4288 1559 4329 seu
1602 4271 1821 4328 Verbum
1865 4272 2069 4340 erupit,

465 4379 600 4437 nihil
650 4386 905 4434 moveat:
940 4374 1027 4430 hic
1067 4374 1210 4430 enim
1244 4371 1392 4427 illam
1436 4367 1647 4424 externi
1694 4366 1845 4423 verbi
1889 4365 2071 4436 prola-

464 4476 668 4530 tionem
708 4468 1011 4542 prospicit,
1044 4481 1203 4537 quam
1250 4465 1305 4519 in
1344 4461 1548 4517 mundo
1588 4460 1828 4517 creando
1865 4457 2069 4513 editam

2189 1945 2340 2002 addit
2373 1962 2489 2000 cum
2517 1946 2771 2017 sapientia
2807 1960 2903 2000 sua
2946 1952 3257 1999 metantem
3297 1950 3416 1997 ante
3443 1941 3657 2009 omnia;
3688 1952 3793 1996 non

2188 2039 2394 2097 idcirco
2438 2040 2737 2111 ingenitum
2785 2038 2935 2095 illum
2971 2039 3202 2109 primum
3246 2037 3386 2112 λόγον
3422 2036 3669 2108 putavit,
3702 2044 3797 2093 aut

2189 2132 2543 2190 indiscretum
2572 2134 2622 2189 in
2652 2134 2813 2191 Patre
2831 2176 2847 2201 ,
2876 2141 2932 2189 et
2951 2134 3123 2189 solum
3147 2134 3545 2202 genitum,cum
3569 2133 3623 2188 in
3644 2145 3796 2188 crea-

2190 2226 2394 2283 tionem
2431 2225 2616 2282 mundi
2656 2227 2835 2282 omnia
2869 2228 2926 2282 in
2955 2224 3138 2282 Verbo
3167 2224 3311 2281 dicta
3339 2233 3502 2292 sunt,
3533 2232 3596 2280 ut
3622 2224 3794 2279 inter-

2189 2327 2438 2391 pretatur
2477 2318 2771 2386 Petavius;
2814 2317 2908 2375 sed
2938 2317 3086 2395 λόγον
3116 2316 3265 2373 illum
3304 2317 3538 2388 priorem
3584 2314 3796 2385 accepit

2188 2412 2258 2469 de
2288 2412 2492 2477 Verbo,
2525 2411 2667 2483 quod
2696 2420 2813 2468 erat
2836 2410 3087 2466 intimum
3121 2409 3174 2465 in
3221 2409 3382 2466 Patre
3405 2451 3420 2477 ,
3452 2408 3508 2464 in
3538 2420 3646 2480 quo
3674 2423 3795 2462 om-

2188 2507 2277 2562 nia
2320 2505 2502 2563 divina
2546 2505 2709 2563 Pater
2748 2504 2914 2571 dixit,
2966 2503 3128 2560 istum
3170 2513 3349 2559 autem
3388 2501 3456 2560 de
3495 2501 3676 2559 Verbo
3704 2512 3794 2557 res

2187 2601 2449 2656 creandas
2479 2597 2691 2655 dicente
2719 2597 2948 2669 accepit,
2982 2607 3038 2652 ut
3076 2595 3132 2652 in
3172 2596 3389 2652 Zenone
3419 2594 3662 2666 pluribus
3693 2609 3792 2649 ex-

2188 2690 2519 2763 plicavimus
2541 2689 2682 2749 Idem
2704 2704 2865 2761 porro
2877 2689 3036 2745 aliam
3051 2688 3340 2760 quamdam
3364 2686 3616 2760 prolatitii
3638 2684 3790 2758 λόγου

2184 2783 2621 2857 generationem,
2648 2797 2808 2853 quam
2840 2783 2893 2837 in
2923 2780 3152 2837 Tatiano
3176 2779 3670 2842 consideravimus,
3697 2777 3794 2832 ad-

2184 2878 2371 2963 struit,
2397 2893 2514 2948 qua?
2542 2874 2880 2948 generationi
2906 2883 3125 2931 aeternae
3146 2873 3280 2929 nihil
3296 2870 3485 2937 officit,
3504 2882 3563 2927 ut
3589 2870 3791 2926 ibidem

2184 2971 2494 3051 innuimus,
2528 2978 2583 3025 et
2611 2970 2934 3025 confirmant
2960 2969 3125 3025 etiam
3151 3009 3167 3037 ,
3191 2983 3311 3039 qua:
3342 2966 3484 3022 idem
3515 2964 3795 3035 Theophi-

2183 3063 2266 3121 lus
2297 3062 2516 3121 subdit:
2549 3064 2712 3119 Patcr
2753 3064 2888 3119 hunc
2919 3064 3065 3139 λόγον
3100 3062 3276 3136 genuit
3306 3061 3621 3132 prolatitiunt
3642 3076 3660 3126 ί
3680 3060 3793 3128 prio

2182 3158 2473 3231 mogenium
2513 3156 2677 3212 omnis
2711 3166 2988 3224 creature,
3021 3172 3125 3211 non
3155 3165 3211 3210 ut
3236 3154 3403 3211 Verbo
3445 3169 3636 3208 uacuus
3678 3152 3789 3223 ipse

2181 3253 2356 3324 ﬁeret,
2383 3251 2476 3307 sed
2519 3261 2572 3305 ut
2603 3251 2804 3307 verbum
2844 3248 3184 3323 gigneret,‘id
3219 3257 3301 3304 est
3343 3246 3679 3319 prolatitium
3699 3288 3712 3312 ,
3742 3252 3790 3300 et

2180 3362 2298 3401 cum
2329 3345 2499 3401 Verbo
2520 3362 2635 3413 suo,
2668 3344 2718 3400 id
2744 3352 2828 3401 est
2850 3342 3045 3399 intimo
3067 3386 3080 3410 ,
3107 3352 3352 3416 perpetuo
3378 3349 3688 3397 versaretur.

2255 3437 2461 3495 Eodem
2485 3446 2733 3510 spectant
2750 3436 2841 3492 illa
2858 3433 3175 3491 Tertulliani
3197 3435 3290 3491 lib.
3315 3441 3503 3490 contra
3522 3432 3787 3487 Praxeam

2181 3548 2303 3604 cap.
2327 3533 2361 3590 5
2391 3548 2511 3604 qum
2535 3530 2788 3588 Petavius
2809 3528 2999 3586 recitat
3022 3542 3141 3600 cap.
3175 3525 3232 3594 5,
3258 3542 3382 3582 num
3407 3526 3463 3580 ‘2.
3489 3523 3625 3581 Cum
3642 3524 3789 3581 enim

2179 3628 2328 3702 λόγον
2351 3669 2366 3695 ,
2397 3641 2490 3682 seu
2521 3626 2771 3680 rationem
2794 3623 2863 3679 ab
2884 3632 3090 3679 aeterno
3109 3635 3276 3693 penes
3297 3620 3467 3676 Deum
3495 3617 3663 3674 fuisse
3680 3626 3789 3675 tes-

2181 3727 2327 3774 tatur
2346 3761 2361 3787 ,
2385 3718 2622 3775 Verbum
2646 3718 2827 3789 utique
2848 3716 2942 3771 Dei
2964 3715 3211 3769 intimum
3234 3712 3303 3768 ab
3322 3722 3528 3769 aeterno
3546 3710 3786 3781 genitum

2181 3811 2399 3883 prodit,
2427 3812 2481 3866 in
2503 3825 2609 3882 quo
2632 3809 2793 3866 Pater
2818 3808 3004 3877 utique
3023 3805 3294 3860 rationalis
3316 3811 3433 3859 ante
3453 3803 3784 3874 principium,

2180 3903 2234 3961 id
2268 3914 2352 3961 est
2390 3903 2457 3960 ab
2502 3912 2735 3969 a-terno,
2765 3916 2947 3958 secum
2989 3901 3106 3971 ipse
3147 3897 3498 3968 loquebatur,
3524 3893 3653 3967 ‘qute
3688 3895 3785 3949 Dei

2178 4006 2341 4064 sunt;
2378 3999 2513 4052 hanc
2539 3996 2681 4052 enim
2711 4003 2960 4066 putamus
2977 3993 3255 4059 rationem,
3286 4004 3447 4061 quam
3476 4004 3621 4043 suam
3648 3986 3780 4042 Ter-

2180 4088 2442 4145 tullianus
2473 4088 2730 4159 appellat.
2764 4084 2896 4141 Cum
2928 4099 3089 4155 porro
3120 4083 3260 4139 idem
3291 4082 3431 4137 Dens
3458 4080 3525 4137 de
3546 4078 3788 4136 creando

2181 4180 2384 4237 mundo
2425 4180 2732 4236 deliberans
2771 4194 2886 4233 cum
2922 4178 3123 4232 ratione
3166 4175 3364 4241 sua,'id
3393 4180 3478 4230 est
3508 4170 3665 4237 Filio,
3700 4171 3787 4227 vei

2181 4273 2363 4331 Verbo
2381 4318 2393 4339 ,
2427 4275 2680 4347 coqilabat
2705 4282 2867 4344 atque
2896 4269 3196 4343 disponebat
3220 4284 3501 4325 sermonem
3521 4308 3537 4334 ,
3561 4281 3655 4323 seu
3682 4307 3697 4333 ,
3727 4276 3790 4322 ut

2182 4367 2343 4439 paulo
2373 4377 2499 4422 ante
2525 4365 2844 4438 explicatius
2870 4364 3109 4432 dixerat,
3140 4378 3256 4417 cum
3275 4363 3390 4433 ipsa
3410 4371 3455 4416 et
3483 4361 3539 4414 in
3565 4360 3679 4430 ipsa
3697 4374 3789 4413 ra-

2179 4460 2347 4527 tione,
2375 4474 2533 4530 quam
2564 4461 2701 4514 intra
2741 4458 3092 4529 semetipsum
3126 4455 3343 4510 habebat
3363 4497 3378 4521 ,
3410 4455 3563 4509 tacite
3589 4454 3789 4524 cogita—

463 4582 573 4625 non
605 4565 733 4622 nulli
759 4571 1015 4636 putarunt
1048 4577 1143 4632 per
1173 4557 1485 4615 sensibilem
1525 4554 1812 4626 quamdam
1837 4566 2029 4606 vocem
2056 4591 2072 4615 ,
2099 4532 2156 4595 Β
2178 4551 2268 4607 bat
2289 4563 2335 4608 et
2362 4553 2661 4623 disponebat
2691 4566 2891 4615 secum,
2920 4564 3035 4620 quae
3062 4563 3151 4621 per
3179 4563 3462 4603 sermonem
3485 4556 3592 4603 erat
3613 4546 3787 4600 dictu-

464 4675 568 4733 qua
602 4660 716 4731 ipse
753 4659 897 4712 Deus
921 4655 1053 4709 dixit
1077 4695 1091 4719 ,
1122 4663 1168 4708 et
1211 4654 1350 4721 facta
1378 4658 1498 4703 sunt
1523 4666 1535 4702 :
1570 4646 1621 4701 id
1647 4647 1789 4716 quod
1811 4643 1879 4700 ad
1908 4645 2069 4700 aliam

462 4756 817 4828 qumstionem
848 4752 1100 4823 pertinet.
1130 4746 1282 4816 Quod
1311 4743 1355 4798 si
1383 4743 1486 4796 hoc
1510 4739 1745 4795 Verbum
1769 4753 1875 4792 non
1895 4738 1946 4792 in
1980 4754 2072 4793 ra-

462 4868 623 4909 cuunt
653 4860 911 4906 emanans
954 4842 1331 4917 primogenium
1363 4852 1492 4904 opus
1525 4833 1701 4888 Patris
1730 4832 1895 4887 fuisse
1924 4831 2066 4886 idem

463 4944 722 5002 Tatiauns
752 4938 967 4996 subdit:
1001 4935 1054 4989 id
1096 4940 1340 5003 spectat,
1368 4938 1425 4984 ut
1454 4927 1668 4983 videtur
1688 4968 1703 4994 ,
1732 4925 1799 4981 ad
1827 4922 2066 4981 sensibi-

463 5041 568 5096 lem
602 5037 749 5093 illam
782 5031 927 5088 verbi
959 5022 1355 5099 prolationem,
1388 5034 1508 5094 quae
1545 5023 1588 5078 si
1622 5020 1720 5076 fuit
1745 5035 1923 5075 rerum
1950 5034 2069 5073 om-

462 5131 609 5187 niutn
626 5139 811 5190 causa,
828 5123 1061 5194 primum
1081 5119 1172 5174 Dei
1190 5132 1326 5188 Opus
1348 5116 1466 5171 fuit.
1485 5116 1542 5173 Si
1567 5126 1693 5171 vero
1718 5129 1823 5170 non
1840 5112 2067 5185 prolati-

461 5220 633 5285 tium,
664 5216 760 5274 sed
786 5214 1033 5271 intimum
1080 5210 1257 5267 Patris
1308 5208 1545 5266 Verbum
1588 5207 1732 5263 foras
1781 5218 2073 5262 emanasse-

461 5315 641 5387 aliquo
674 5309 837 5369 modo
863 5309 1092 5366 credidit
1117 5323 1131 5375 ;
1160 5317 1444 5361 externam
1465 5303 1647 5378 [χειν]
1674 5303 1849 5359 eidem
1884 5301 2065 5357 Verbo

456 5411 863 5481 gent-rationem
892 5404 1116 5470 tribuit,
1148 5416 1270 5472 quae
1292 5399 1424 5453 nihil
1453 5407 1535 5454 est
1562 5397 1707 5452 aliud
1730 5439 1745 5464 ,
1769 5411 1928 5467 quam
1961 5408 2063 5450 ex-

450 5504 612 5559 terna”
649 5499 894 5572 ejusdem
929 5493 1325 5558 manifestatio,
1357 5506 1462 5572 qua
1513 5488 1690 5547 divina
1737 5490 1908 5545 virtus
1939 5488 2053 5559 jam

456 5597 580 5653 inde
626 5569 697 5650 ab
740 5603 946 5650 :cterno
978 5590 1165 5646 intime
1195 5569 1458 5643 latens'in
1491 5585 1601 5641 Deo
1621 5624 1637 5651 ,
1669 5584 1813 5640 foras
1834 5583 2053 5639 tandem

452 5692 694 5764 prodiit,
725 5686 868 5744 unde
900 5682 1031 5741 illud
1052 5682 1290 5739 Verbum
1335 5678 1727 5750 participatione
1748 5678 1781 5744 ,⁵
1816 5680 1921 5730 ηὀιι
1964 5676 2057 5732 ab-

446 5784 688 5846 scissione
712 5788 892 5841 natum
919 5775 1157 5839 subinde
1168 5773 1457 5835 affirmavit
1480 5769 1922 5852 (prpropiveniot
1941 5787 2053 5829 non

2177 4661 2271 4699 rus
2296 4686 2311 4711 ,
2337 4658 2457 4699 cum
2491 4644 2665 4699 silicet
2702 4641 2964 4697 mundum
2998 4640 3291 4697 creandum
3333 4641 3620 4711 prmcepit;
3655 4654 3785 4695 cum

2182 4737 2299 4793 haec
2319 4777 2335 4805 ,
2369 4738 2585 4806 inquam
2611 4776 2627 4802 ,
2660 4735 2802 4790 Deus
2829 4750 3008 4790 secum
3048 4734 3102 4789 in
3131 4735 3340 4790 ratione
3370 4749 3464 4791 seu
3489 4732 3666 4790 Verbo
3682 4747 3782 4789 co-

2177 4829 2386 4900 gitasse
2416 4836 2473 4884 et
2499 4826 2836 4898 disposuisse
2866 4826 3130 4896 traditur,
3164 4829 3410 4882 innuitur
3438 4826 3678 4896 profecto
3716 4840 3781 4881 ea

2178 4922 2458 4994 generatio
2488 4920 2652 4976 Verbi
2674 4964 2687 4986 ,
2718 4936 2822 4992 qua
2858 4921 3020 4976 Pater
3064 4920 3293 4977 creanda
3327 4919 3379 4975 in
3418 4920 3593 4975 Verbo
3615 4920 3787 4975 tacite

2176 5013 2251 5068 ab
2277 5022 2481 5068 aeterno
2517 5012 2652 5069 dixit
2682 5022 2845 5084 atque
2879 5012 3138 5069 decrevit.
3165 5011 3408 5068 Tandem
3449 5011 3780 5083 prolatitium

2187 5108 2412 5163 verbum
2466 5106 2519 5161 in
2575 5107 2688 5177 ipsa
2721 5107 2997 5163 creatione
3021 5106 3225 5162 editum
3255 5104 3619 5161 Tertullianns
3647 5104 3783 5161 iusi-

2180 5210 2313 5257 nuat
2341 5216 2460 5272 cap.
2490 5200 2524 5256 6
2553 5210 2607 5256 ct
2631 5202 2686 5269 7,
2715 5210 2766 5258 et
2801 5200 2902 5256 hac
2936 5199 3168 5256 formula
3194 5197 3326 5253 nihil
3356 5198 3500 5254 aliud
3539 5197 3641 5253 nisi
3677 5212 3783 5254 et-

2180 5304 2389 5350 ternam
2430 5293 2590 5350 Verbi
2632 5292 3123 5349 manifestationem
3173 5290 3473 5363 significat,
3512 5304 3672 5360 quam
3724 5289 3781 5345 in

2174 5389 2405 5447 Tatiano
2427 5391 2832 5462 esplicavimus.
2864 5388 3013 5445 Hanc
3044 5386 3219 5444 tamen
3252 5396 3579 5457 postremam
3599 5393 3655 5441 et
3681 5400 3779 5442 ex-

2179 5495 2388 5541 ternam
2434 5484 2766 5539 nativitatem
2802 5481 3001 5547 Verbi,
3024 5494 3144 5552 que:
3178 5479 3331 5535 initio
3363 5464 3623 5549 temporis
3647 5492 3778 5534 con-

2172 5579 2324 5648 tigit,
2359 5580 2582 5649 primaut
2606 5586 2661 5633 et
2689 5577 2901 5631 unicam
2924 5589 2954 5628 a
2975 5571 3309 5629 Tertulliano
3364 5571 3633 5627 adsertam
3667 5568 3777 5625 Pc-

2172 5677 2351 5730 tavius
2399 5673 2650 5743 opinatur
2675 5710 2690 5736 ,
2719 5669 2772 5725 id
2824 5667 2965 5738 quod
3014 5666 3162 5723 hisce
3211 5666 3330 5737 ejus
3361 5665 3539 5722 verbis
3578 5663 3781 5721 conﬁci

2172 5771 2450 5829 existimat
2479 5783 2547 5826 ex
2575 5782 2692 5838 cap.
2715 5765 2781 5822 6:
2807 5762 2947 5819 Nam
2976 5774 3029 5820 ut
3052 5762 3284 5835 primum
3314 5758 3455 5818 Deus
3481 5759 3725 5816 votuitea
3753 5798 3770 5829 ,
